  <div class='ocr_page' id='page_1' title='image "/cluster/home/n/w/nwhite01/storage/ocr_20150623/140/hvd.32044073502551/588.png"; bbox 0 0 4084 6212; ppageno 0'>
   <div class='ocr_carea' id='block_1_1' title="bbox 189 279 331 338">
    <p class='ocr_par' dir='ltr' id='par_1_1' title="bbox 189 279 331 338">
     <span class='ocr_line' id='line_1_1' title="bbox 189 279 331 338; baseline 0.014 -2"><span class='ocrx_word' id='word_1_1' title='bbox 189 279 331 338; x_wconf 74' lang='grc'><strong>1109</strong></span> 
     </span>
    </p>
   </div>
   <div class='ocr_carea' id='block_1_2' title="bbox 1763 276 2050 334">
    <p class='ocr_par' dir='ltr' id='par_1_2' title="bbox 1763 276 2050 334">
     <span class='ocr_line' id='line_1_2' title="bbox 1763 276 2050 334; baseline 0 0"><span class='ocrx_word' id='word_1_2' title='bbox 1763 276 2050 334; x_wconf 73' lang='lat' dir='ltr'><strong>ANNALE</strong></span> 
     </span>
    </p>
   </div>
   <div class='ocr_carea' id='block_1_3' title="bbox 3431 283 3567 340">
    <p class='ocr_par' dir='ltr' id='par_1_3' title="bbox 3431 283 3567 340">
     <span class='ocr_line' id='line_1_3' title="bbox 3431 283 3567 340; baseline 0.015 -2"><span class='ocrx_word' id='word_1_3' title='bbox 3431 283 3567 340; x_wconf 84' lang='grc'><strong>1110</strong></span> 
     </span>
    </p>
   </div>
   <div class='ocr_carea' id='block_1_4' title="bbox 181 400 1790 480">
    <p class='ocr_par' dir='ltr' id='par_1_4' title="bbox 181 400 1790 480">
     <span class='ocr_line' id='line_1_4' title="bbox 181 400 1790 480; baseline -0.004 -20"><span class='ocrx_word' id='word_1_4' title='bbox 181 407 378 464; x_wconf 74' lang='grc' dir='ltr'>ἴστησε</span> <span class='ocrx_word' id='word_1_5' title='bbox 431 407 523 457; x_wconf 84' lang='grc' dir='ltr'>καὶ</span> <span class='ocrx_word' id='word_1_6' title='bbox 603 403 789 479; x_wconf 82' lang='grc' dir='ltr'>κριτὰς</span> <span class='ocrx_word' id='word_1_7' title='bbox 841 401 1054 456; x_wconf 76' lang='grc' dir='ltr'>ἐκάθισε</span> <span class='ocrx_word' id='word_1_8' title='bbox 1101 404 1192 454; x_wconf 79' lang='grc' dir='ltr'>καὶ</span> <span class='ocrx_word' id='word_1_9' title='bbox 1243 400 1478 480; x_wconf 83' lang='grc' dir='ltr'>λαμπρὸν</span> <span class='ocrx_word' id='word_1_10' title='bbox 1527 401 1790 475; x_wconf 74' lang='grc' dir='ltr'><strong>κριτήριον</strong></span> 
     </span>
    </p>
   </div>
   <div class='ocr_carea' id='block_1_5' title="bbox 1881 400 3562 480">
    <p class='ocr_par' dir='ltr' id='par_1_5' title="bbox 1899 400 3562 474">
     <span class='ocr_line' id='line_1_5' title="bbox 1899 400 3562 474; baseline 0.002 -15"><span class='ocrx_word' id='word_1_11' title='bbox 1899 402 2012 474; x_wconf 90' lang='lat' dir='ltr'><strong>nit,</strong></span> <span class='ocrx_word' id='word_1_12' title='bbox 2033 405 2090 460; x_wconf 90' lang='lat' dir='ltr'><strong>et</strong></span> <span class='ocrx_word' id='word_1_13' title='bbox 2109 400 2398 460; x_wconf 91' lang='lat' dir='ltr'><strong>indicium</strong></span> <span class='ocrx_word' id='word_1_14' title='bbox 2414 401 2644 461; x_wconf 87' lang='lat' dir='ltr'><strong>celebre</strong></span> <span class='ocrx_word' id='word_1_15' title='bbox 2665 404 2988 463; x_wconf 83' lang='lat' dir='ltr'><strong>constituit.</strong></span> <span class='ocrx_word' id='word_1_16' title='bbox 3008 407 3206 465; x_wconf 80' lang='lat' dir='ltr'><strong>Causa</strong></span> <span class='ocrx_word' id='word_1_17' title='bbox 3243 404 3375 462; x_wconf 61' lang='lat' dir='ltr'><strong>haec</strong></span> <span class='ocrx_word' id='word_1_18' title='bbox 3415 408 3562 462; x_wconf 88' lang='lat' dir='ltr'><strong>erat.</strong></span> 
     </span>
    </p>
   </div>
   <div class='ocr_carea' id='block_1_6' title="bbox 185 488 1794 570">
    <p class='ocr_par' dir='ltr' id='par_1_6' title="bbox 185 488 1794 570">
     <span class='ocr_line' id='line_1_6' title="bbox 185 488 1794 570; baseline -0.005 -19"><span class='ocrx_word' id='word_1_19' title='bbox 185 499 590 570; x_wconf 86' lang='grc' dir='ltr'>συνεκρότησεν.</span> <span class='ocrx_word' id='word_1_20' title='bbox 649 492 709 546; x_wconf 87' lang='grc' dir='ltr'>Ἡ</span> <span class='ocrx_word' id='word_1_21' title='bbox 762 488 814 545; x_wconf 81' lang='grc' dir='ltr'><strong>δ’</strong></span> <span class='ocrx_word' id='word_1_22' title='bbox 861 493 1105 552; x_wconf 82' lang='grc' dir='ltr'>ὑπόθεσις</span> <span class='ocrx_word' id='word_1_23' title='bbox 1188 491 1251 550; x_wconf 76' lang='grc' dir='ltr'>ἦν</span> <span class='ocrx_word' id='word_1_24' title='bbox 1339 492 1582 550; x_wconf 88' lang='grc' dir='ltr'>τοιαύτη.</span> <span class='ocrx_word' id='word_1_25' title='bbox 1651 489 1794 543; x_wconf 81' lang='grc' dir='ltr'>Ἐπεὶ</span> 
     </span>
    </p>
   </div>
   <div class='ocr_carea' id='block_1_7' title="bbox 181 577 1792 656">
    <p class='ocr_par' dir='ltr' id='par_1_7' title="bbox 181 577 1792 656">
     <span class='ocr_line' id='line_1_7' title="bbox 181 577 1792 656; baseline -0.004 -17"><span class='ocrx_word' id='word_1_26' title='bbox 181 585 514 643; x_wconf 80' lang='grc' dir='ltr'>ἕτελεύτησεν</span> <span class='ocrx_word' id='word_1_27' title='bbox 543 583 848 656; x_wconf 85' lang='grc' dir='ltr'>όΤορνίκης</span> <span class='ocrx_word' id='word_1_28' title='bbox 897 585 1212 654; x_wconf 82' lang='grc' dir='ltr'>Δημήτριος,</span> <span class='ocrx_word' id='word_1_29' title='bbox 1263 582 1339 634; x_wconf 74' lang='grc' dir='ltr'>ἔτι</span> <span class='ocrx_word' id='word_1_30' title='bbox 1387 577 1446 633; x_wconf 71' lang='grc' dir='ltr'><strong>δὲ</strong></span> <span class='ocrx_word' id='word_1_31' title='bbox 1500 587 1684 655; x_wconf 85' lang='grc' dir='ltr'>περιῆν</span> <span class='ocrx_word' id='word_1_32' title='bbox 1743 577 1792 632; x_wconf 74' lang='grc' dir='ltr'>ἓν</span> 
     </span>
    </p>
   </div>
   <div class='ocr_carea' id='block_1_8' title="bbox 178 666 1793 746">
    <p class='ocr_par' dir='ltr' id='par_1_8' title="bbox 178 666 1793 746">
     <span class='ocr_line' id='line_1_8' title="bbox 178 666 1793 746; baseline -0.004 -17"><span class='ocrx_word' id='word_1_33' title='bbox 178 673 781 746; x_wconf 85' lang='grc' dir='ltr'>Θεσσαλονίκηόμέγας</span> <span class='ocrx_word' id='word_1_34' title='bbox 849 667 1182 744; x_wconf 84' lang='grc' dir='ltr'>δομέστικος,</span> <span class='ocrx_word' id='word_1_35' title='bbox 1240 671 1266 722; x_wconf 98' lang='lat'><strong>6</strong></span> <span class='ocrx_word' id='word_1_36' title='bbox 1308 666 1367 723; x_wconf 75' lang='grc' dir='ltr'>δε</span> <span class='ocrx_word' id='word_1_37' title='bbox 1420 671 1608 723; x_wconf 84' lang='grc' dir='ltr'>τούτου</span> <span class='ocrx_word' id='word_1_38' title='bbox 1678 672 1793 732; x_wconf 83' lang='grc' dir='ltr'>υἱός</span> 
     </span>
    </p>
   </div>
   <div class='ocr_carea' id='block_1_9' title="bbox 175 759 1789 838">
    <p class='ocr_par' dir='ltr' id='par_1_9' title="bbox 175 759 1789 838">
     <span class='ocr_line' id='line_1_9' title="bbox 175 759 1789 838; baseline -0.004 -19"><span class='ocrx_word' id='word_1_39' title='bbox 175 765 408 838; x_wconf 78' lang='grc' dir='ltr'><strong>Μιχαὴλ</strong></span> <span class='ocrx_word' id='word_1_40' title='bbox 436 762 486 827; x_wconf 79' lang='grc' dir='ltr'><strong>ές</strong></span> <span class='ocrx_word' id='word_1_41' title='bbox 506 762 778 817; x_wconf 81' lang='grc' dir='ltr'>Μελένικον</span> <span class='ocrx_word' id='word_1_42' title='bbox 833 765 925 814; x_wconf 79' lang='grc' dir='ltr'>καὶ</span> <span class='ocrx_word' id='word_1_43' title='bbox 973 759 1176 836; x_wconf 83' lang='grc' dir='ltr'>Σέῤῥας,</span> <span class='ocrx_word' id='word_1_44' title='bbox 1231 760 1284 822; x_wconf 85' lang='grc' dir='ltr'>ὃς</span> <span class='ocrx_word' id='word_1_45' title='bbox 1320 764 1410 813; x_wconf 81' lang='grc' dir='ltr'>καὶ</span> <span class='ocrx_word' id='word_1_46' title='bbox 1467 761 1647 833; x_wconf 85' lang='grc' dir='ltr'>μαθὼν</span> <span class='ocrx_word' id='word_1_47' title='bbox 1701 762 1789 813; x_wconf 88' lang='grc' dir='ltr'>τὸν</span> 
     </span>
    </p>
   </div>
   <div class='ocr_carea' id='block_1_10' title="bbox 178 847 1790 928">
    <p class='ocr_par' dir='ltr' id='par_1_10' title="bbox 178 847 1790 928">
     <span class='ocr_line' id='line_1_10' title="bbox 178 847 1790 928; baseline -0.004 -20"><span class='ocrx_word' id='word_1_48' title='bbox 178 862 278 908; x_wconf 90' lang='grc' dir='ltr'><strong>τοῦ</strong></span> <span class='ocrx_word' id='word_1_49' title='bbox 307 857 528 928; x_wconf 87' lang='grc' dir='ltr'>Τορνίκη</span> <span class='ocrx_word' id='word_1_50' title='bbox 560 853 776 906; x_wconf 86' lang='grc' dir='ltr'>θάνατον</span> <span class='ocrx_word' id='word_1_51' title='bbox 806 847 1138 927; x_wconf 77' lang='grc' dir='ltr'>ἐδυσφόρησε</span> <span class='ocrx_word' id='word_1_52' title='bbox 1175 854 1264 903; x_wconf 81' lang='grc' dir='ltr'>καὶ</span> <span class='ocrx_word' id='word_1_53' title='bbox 1318 851 1625 925; x_wconf 81' lang='grc' dir='ltr'>σκυθρωπὸς</span> <span class='ocrx_word' id='word_1_54' title='bbox 1679 856 1790 910; x_wconf 89' lang='grc' dir='ltr'>τοῖς</span> 
     </span>
    </p>
   </div>
   <div class='ocr_carea' id='block_1_11' title="bbox 175 940 1790 1017">
    <p class='ocr_par' dir='ltr' id='par_1_11' title="bbox 175 940 1790 1017">
     <span class='ocr_line' id='line_1_11' title="bbox 175 940 1790 1017; baseline -0.004 -20"><span class='ocrx_word' id='word_1_55' title='bbox 175 943 594 1017; x_wconf 70' lang='grc' dir='ltr'><strong>ἐντυγχάνουσιν</strong></span> <span class='ocrx_word' id='word_1_56' title='bbox 632 941 944 1015; x_wconf 82' lang='grc' dir='ltr'>έπεφαίνετο·</span> <span class='ocrx_word' id='word_1_57' title='bbox 1009 940 1071 999; x_wconf 76' lang='grc' dir='ltr'>ἦν</span> <span class='ocrx_word' id='word_1_58' title='bbox 1126 942 1226 1015; x_wconf 79' lang='grc' dir='ltr'>γὰρ</span> <span class='ocrx_word' id='word_1_59' title='bbox 1276 940 1302 992; x_wconf 90' lang='grc' dir='ltr'><strong>ό</strong></span> <span class='ocrx_word' id='word_1_60' title='bbox 1357 943 1614 1015; x_wconf 86' lang='grc' dir='ltr'>Τορνίκης</span> <span class='ocrx_word' id='word_1_61' title='bbox 1698 942 1790 992; x_wconf 86' lang='grc' dir='ltr'>σύ-</span> 
     </span>
    </p>
   </div>
   <div class='ocr_carea' id='block_1_12' title="bbox 177 1024 1784 1106">
    <p class='ocr_par' dir='ltr' id='par_1_12' title="bbox 177 1024 1784 1106">
     <span class='ocr_line' id='line_1_12' title="bbox 177 1024 1784 1106; baseline -0.001 -20"><span class='ocrx_word' id='word_1_62' title='bbox 177 1034 345 1106; x_wconf 76' lang='grc' dir='ltr'>ζυγον</span> <span class='ocrx_word' id='word_1_63' title='bbox 377 1035 514 1106; x_wconf 75' lang='grc' dir='ltr'>ἕχων</span> <span class='ocrx_word' id='word_1_64' title='bbox 541 1039 634 1085; x_wconf 91' lang='grc' dir='ltr'><strong>τοῦ</strong></span> <span class='ocrx_word' id='word_1_65' title='bbox 684 1029 912 1105; x_wconf 89' lang='grc' dir='ltr'>μεγάλου</span> <span class='ocrx_word' id='word_1_66' title='bbox 973 1025 1292 1102; x_wconf 84' lang='grc' dir='ltr'>δομεστίκου</span> <span class='ocrx_word' id='word_1_67' title='bbox 1330 1024 1784 1102; x_wconf 82' lang='grc' dir='ltr'>πρωτεξαδέλφην.</span> 
     </span>
    </p>
   </div>
   <div class='ocr_carea' id='block_1_13' title="bbox 173 1119 1786 1196">
    <p class='ocr_par' dir='ltr' id='par_1_13' title="bbox 173 1119 1786 1196">
     <span class='ocr_line' id='line_1_13' title="bbox 173 1119 1786 1196; baseline -0.004 -19"><span class='ocrx_word' id='word_1_68' title='bbox 173 1124 286 1177; x_wconf 84' lang='grc' dir='ltr'><strong>Οἴα</strong></span> <span class='ocrx_word' id='word_1_69' title='bbox 311 1130 437 1196; x_wconf 87' lang='grc' dir='ltr'>γοῦν</span> <span class='ocrx_word' id='word_1_70' title='bbox 467 1121 600 1196; x_wconf 83' lang='grc' dir='ltr'>φιλεῖ</span> <span class='ocrx_word' id='word_1_71' title='bbox 660 1119 740 1175; x_wconf 69' lang='grc' dir='ltr'><strong>ἐπὶ</strong></span> <span class='ocrx_word' id='word_1_72' title='bbox 817 1126 928 1181; x_wconf 90' lang='grc' dir='ltr'>τοῖς</span> <span class='ocrx_word' id='word_1_73' title='bbox 973 1122 1228 1182; x_wconf 78' lang='grc' dir='ltr'>τοιούτοις</span> <span class='ocrx_word' id='word_1_74' title='bbox 1261 1120 1525 1191; x_wconf 82' lang='grc' dir='ltr'>γίνεσθαι,</span> <span class='ocrx_word' id='word_1_75' title='bbox 1572 1119 1786 1193; x_wconf 77' lang='grc' dir='ltr'>ἠρωτη-</span> 
     </span>
    </p>
   </div>
   <div class='ocr_carea' id='block_1_14' title="bbox 175 1209 1788 1283">
    <p class='ocr_par' dir='ltr' id='par_1_14' title="bbox 175 1209 1788 1283">
     <span class='ocr_line' id='line_1_14' title="bbox 175 1209 1788 1283; baseline -0.003 -17"><span class='ocrx_word' id='word_1_76' title='bbox 175 1233 264 1266; x_wconf 88' lang='grc' dir='ltr'><strong>κει</strong></span> <span class='ocrx_word' id='word_1_77' title='bbox 289 1233 370 1276; x_wconf 90' lang='grc' dir='ltr'><strong>τις</strong></span> <span class='ocrx_word' id='word_1_78' title='bbox 407 1221 507 1265; x_wconf 86' lang='grc' dir='ltr'>τῶν</span> <span class='ocrx_word' id='word_1_79' title='bbox 560 1209 617 1264; x_wconf 77' lang='grc' dir='ltr'><strong>έκ</strong></span> <span class='ocrx_word' id='word_1_80' title='bbox 707 1209 982 1265; x_wconf 82' lang='grc' dir='ltr'>Μελενίκου</span> <span class='ocrx_word' id='word_1_81' title='bbox 1039 1212 1335 1282; x_wconf 77' lang='grc' dir='ltr'>τοῦνομα.,.</span> <span class='ocrx_word' id='word_1_82' title='bbox 1400 1210 1608 1283; x_wconf 88' lang='grc' dir='ltr'>θάτερόν</span> <span class='ocrx_word' id='word_1_83' title='bbox 1671 1229 1788 1262; x_wconf 85' lang='grc' dir='ltr'>τινα</span> 
     </span>
    </p>
   </div>
   <div class='ocr_carea' id='block_1_15' title="bbox 175 1297 1787 1374">
    <p class='ocr_par' dir='ltr' id='par_1_15' title="bbox 175 1297 1787 1374">
     <span class='ocr_line' id='line_1_15' title="bbox 175 1297 1787 1374; baseline -0.004 -20"><span class='ocrx_word' id='word_1_84' title='bbox 175 1301 564 1374; x_wconf 86' lang='grc' dir='ltr'>καλούμενον...</span> <span class='ocrx_word' id='word_1_85' title='bbox 622 1300 743 1351; x_wconf 82' lang='grc' dir='ltr'>ὅτου</span> <span class='ocrx_word' id='word_1_86' title='bbox 802 1298 964 1370; x_wconf 80' lang='grc' dir='ltr'>χάριν</span> <span class='ocrx_word' id='word_1_87' title='bbox 1021 1297 1390 1371; x_wconf 81' lang='grc' dir='ltr'>σκυθρωπάζει</span> <span class='ocrx_word' id='word_1_88' title='bbox 1443 1297 1469 1348; x_wconf 91' lang='grc' dir='ltr'><strong>ό</strong></span> <span class='ocrx_word' id='word_1_89' title='bbox 1521 1298 1787 1369; x_wconf 84' lang='grc' dir='ltr'>Κομνηνός</span> 
     </span>
    </p>
   </div>
   <div class='ocr_carea' id='block_1_16' title="bbox 175 1384 1784 1463">
    <p class='ocr_par' dir='ltr' id='par_1_16' title="bbox 175 1384 1784 1463">
     <span class='ocr_line' id='line_1_16' title="bbox 175 1384 1784 1463; baseline -0.007 -18"><span class='ocrx_word' id='word_1_90' title='bbox 175 1389 428 1463; x_wconf 74' lang='grc' dir='ltr'>Μιχαὴλ.</span> <span class='ocrx_word' id='word_1_91' title='bbox 463 1388 522 1442; x_wconf 85' lang='grc' dir='ltr'><strong>Ὀ</strong></span> <span class='ocrx_word' id='word_1_92' title='bbox 553 1385 612 1442; x_wconf 65' lang='grc' dir='ltr'><strong>δὲ</strong></span> <span class='ocrx_word' id='word_1_93' title='bbox 640 1390 755 1460; x_wconf 85' lang='grc' dir='ltr'>(καὶ</span> <span class='ocrx_word' id='word_1_94' title='bbox 781 1389 884 1460; x_wconf 78' lang='grc' dir='ltr'><strong>γὰρ</strong></span> <span class='ocrx_word' id='word_1_95' title='bbox 916 1386 1178 1445; x_wconf 76' lang='grc' dir='ltr'>ἠπίστατο</span> <span class='ocrx_word' id='word_1_96' title='bbox 1208 1389 1302 1445; x_wconf 80' lang='grc' dir='ltr'>τὴν</span> <span class='ocrx_word' id='word_1_97' title='bbox 1369 1384 1585 1458; x_wconf 79' lang='grc' dir='ltr'>αἰτίαν),</span> <span class='ocrx_word' id='word_1_98' title='bbox 1643 1406 1673 1434; x_wconf 90' lang='grc'><strong>‹‹</strong></span> <span class='ocrx_word' id='word_1_99' title='bbox 1726 1384 1784 1438; x_wconf 77' lang='grc' dir='ltr'><strong>Ὀ</strong></span> 
     </span>
    </p>
   </div>
   <div class='ocr_carea' id='block_1_17' title="bbox 175 1470 1786 1556">
    <p class='ocr_par' dir='ltr' id='par_1_17' title="bbox 175 1470 1786 1556">
     <span class='ocr_line' id='line_1_17' title="bbox 175 1470 1786 1556; baseline -0.004 -24"><span class='ocrx_word' id='word_1_100' title='bbox 175 1483 455 1556; x_wconf 81' lang='grc' dir='ltr'>Τορνίκης,</span> <span class='ocrx_word' id='word_1_101' title='bbox 481 1501 509 1528; x_wconf 86' lang='grc'><strong>››</strong></span> <span class='ocrx_word' id='word_1_102' title='bbox 531 1480 648 1551; x_wconf 77' lang='grc' dir='ltr'>ἔφη,</span> <span class='ocrx_word' id='word_1_103' title='bbox 678 1499 707 1528; x_wconf 85' lang='grc' dir='ltr'>ι(</span> <span class='ocrx_word' id='word_1_104' title='bbox 734 1480 1028 1551; x_wconf 78' lang='grc' dir='ltr'>Δημήτριος</span> <span class='ocrx_word' id='word_1_105' title='bbox 1048 1477 1307 1533; x_wconf 84' lang='grc' dir='ltr'>τέθνηκεν.</span> <span class='ocrx_word' id='word_1_106' title='bbox 1356 1473 1454 1527; x_wconf 82' lang='grc' dir='ltr'>Ἤν</span> <span class='ocrx_word' id='word_1_107' title='bbox 1512 1470 1572 1526; x_wconf 71' lang='grc' dir='ltr'>δε</span> <span class='ocrx_word' id='word_1_108' title='bbox 1623 1493 1786 1549; x_wconf 88' lang='grc' dir='ltr'>προσ-</span> 
     </span>
    </p>
   </div>
   <div class='ocr_carea' id='block_1_18' title="bbox 176 1565 1782 1642">
    <p class='ocr_par' dir='ltr' id='par_1_18' title="bbox 176 1565 1782 1642">
     <span class='ocr_line' id='line_1_18' title="bbox 176 1565 1782 1642; baseline -0.004 -20"><span class='ocrx_word' id='word_1_109' title='bbox 176 1574 334 1642; x_wconf 77' lang='grc' dir='ltr'>γενης</span> <span class='ocrx_word' id='word_1_110' title='bbox 359 1568 515 1621; x_wconf 77' lang='grc' dir='ltr'>αὐτοῦ</span> <span class='ocrx_word' id='word_1_111' title='bbox 571 1571 662 1620; x_wconf 85' lang='grc' dir='ltr'>καὶ</span> <span class='ocrx_word' id='word_1_112' title='bbox 711 1565 978 1639; x_wconf 78' lang='grc' dir='ltr'>οἰκονόμος</span> <span class='ocrx_word' id='word_1_113' title='bbox 1018 1573 1118 1618; x_wconf 88' lang='grc' dir='ltr'>τῶν</span> <span class='ocrx_word' id='word_1_114' title='bbox 1181 1571 1383 1619; x_wconf 85' lang='grc' dir='ltr'>κοινῶν.</span> <span class='ocrx_word' id='word_1_115' title='bbox 1446 1568 1547 1617; x_wconf 76' lang='grc' dir='ltr'><strong>Καὶ</strong></span> <span class='ocrx_word' id='word_1_116' title='bbox 1595 1566 1782 1616; x_wconf 89' lang='grc' dir='ltr'>τούτου</span> 
     </span>
    </p>
   </div>
   <div class='ocr_carea' id='block_1_19' title="bbox 174 1649 1783 1733">
    <p class='ocr_par' dir='ltr' id='par_1_19' title="bbox 174 1649 1783 1733">
     <span class='ocr_line' id='line_1_19' title="bbox 174 1649 1783 1733; baseline -0.003 -23"><span class='ocrx_word' id='word_1_117' title='bbox 174 1665 306 1730; x_wconf 84' lang='grc' dir='ltr'>γοῦν</span> <span class='ocrx_word' id='word_1_118' title='bbox 343 1659 506 1733; x_wconf 80' lang='grc' dir='ltr'>χάριν</span> <span class='ocrx_word' id='word_1_119' title='bbox 535 1659 773 1709; x_wconf 87' lang='grc' dir='ltr'>κάκείνου</span> <span class='ocrx_word' id='word_1_120' title='bbox 820 1654 1119 1713; x_wconf 83' lang='grc' dir='ltr'>λελύπηται.</span> <span class='ocrx_word' id='word_1_121' title='bbox 1173 1675 1202 1706; x_wconf 86' lang='grc'><strong>››</strong></span> <span class='ocrx_word' id='word_1_122' title='bbox 1252 1651 1311 1706; x_wconf 80' lang='grc' dir='ltr'>Ὀ</span> <span class='ocrx_word' id='word_1_123' title='bbox 1369 1649 1449 1723; x_wconf 71' lang='grc' dir='ltr'>δε,</span> <span class='ocrx_word' id='word_1_124' title='bbox 1497 1674 1527 1701; x_wconf 69' lang='grc' dir='ltr'>ει</span> <span class='ocrx_word' id='word_1_125' title='bbox 1575 1655 1647 1709; x_wconf 73' lang='grc' dir='ltr'>οὔ</span> <span class='ocrx_word' id='word_1_126' title='bbox 1691 1673 1783 1727; x_wconf 91' lang='grc' dir='ltr'><strong>μοι</strong></span> 
     </span>
    </p>
   </div>
   <div class='ocr_carea' id='block_1_20' title="bbox 1903 492 3562 568">
    <p class='ocr_par' dir='ltr' id='par_1_20' title="bbox 1903 492 3562 568">
     <span class='ocr_line' id='line_1_20' title="bbox 1903 492 3562 568; baseline 0.002 -19"><span class='ocrx_word' id='word_1_127' title='bbox 1903 494 2050 549; x_wconf 90' lang='lat' dir='ltr'><strong>Cum</strong></span> <span class='ocrx_word' id='word_1_128' title='bbox 2081 492 2411 548; x_wconf 90' lang='lat' dir='ltr'><strong>Demetrius</strong></span> <span class='ocrx_word' id='word_1_129' title='bbox 2443 493 2748 551; x_wconf 91' lang='lat' dir='ltr'><strong>Tornicius</strong></span> <span class='ocrx_word' id='word_1_130' title='bbox 2772 495 2958 552; x_wconf 87' lang='lat' dir='ltr'><strong>vitam</strong></span> <span class='ocrx_word' id='word_1_131' title='bbox 2988 494 3238 562; x_wconf 86' lang='lat' dir='ltr'><strong>ﬁnisset,</strong></span> <span class='ocrx_word' id='word_1_132' title='bbox 3282 499 3562 568; x_wconf 85' lang='lat' dir='ltr'><strong>essetque</strong></span> 
     </span>
    </p>
   </div>
   <div class='ocr_carea' id='block_1_21' title="bbox 1899 579 3562 654">
    <p class='ocr_par' dir='ltr' id='par_1_21' title="bbox 1899 579 3562 654">
     <span class='ocr_line' id='line_1_21' title="bbox 1899 579 3562 654; baseline 0.002 -16"><span class='ocrx_word' id='word_1_133' title='bbox 1899 579 2334 638; x_wconf 63' lang='lat' dir='ltr'><strong>Thessalonica</strong></span> <span class='ocrx_word' id='word_1_134' title='bbox 2359 597 2618 654; x_wconf 90' lang='lat' dir='ltr'><strong>magnus</strong></span> <span class='ocrx_word' id='word_1_135' title='bbox 2639 583 3026 652; x_wconf 88' lang='lat' dir='ltr'><strong>domesticus,</strong></span> <span class='ocrx_word' id='word_1_136' title='bbox 3058 583 3219 640; x_wconf 85' lang='lat' dir='ltr'><strong>ﬁlius</strong></span> <span class='ocrx_word' id='word_1_137' title='bbox 3240 600 3384 641; x_wconf 91' lang='lat' dir='ltr'><strong>vero</strong></span> <span class='ocrx_word' id='word_1_138' title='bbox 3404 583 3562 641; x_wconf 90' lang='lat' dir='ltr'><strong>illius</strong></span> 
     </span>
    </p>
   </div>
   <div class='ocr_carea' id='block_1_22' title="bbox 1899 669 3563 747">
    <p class='ocr_par' dir='ltr' id='par_1_22' title="bbox 1899 669 3563 747">
     <span class='ocr_line' id='line_1_22' title="bbox 1899 669 3563 747; baseline 0.002 -21"><span class='ocrx_word' id='word_1_139' title='bbox 1899 670 2144 727; x_wconf 74' lang='lat' dir='ltr'><strong>Michael</strong></span> <span class='ocrx_word' id='word_1_140' title='bbox 2174 669 2434 727; x_wconf 86' lang='lat' dir='ltr'><strong>Melenici</strong></span> <span class='ocrx_word' id='word_1_141' title='bbox 2463 676 2520 728; x_wconf 87' lang='lat' dir='ltr'><strong>et</strong></span> <span class='ocrx_word' id='word_1_142' title='bbox 2548 672 2756 734; x_wconf 91' lang='lat' dir='ltr'><strong>Serris,</strong></span> <span class='ocrx_word' id='word_1_143' title='bbox 2788 673 3031 731; x_wconf 82' lang='lat' dir='ltr'><strong>Michael</strong></span> <span class='ocrx_word' id='word_1_144' title='bbox 3065 678 3375 747; x_wconf 87' lang='lat' dir='ltr'><strong>comperta</strong></span> <span class='ocrx_word' id='word_1_145' title='bbox 3411 676 3563 730; x_wconf 89' lang='lat' dir='ltr'><strong>Tor-</strong></span> 
     </span>
    </p>
   </div>
   <div class='ocr_carea' id='block_1_23' title="bbox 1897 758 3558 836">
    <p class='ocr_par' dir='ltr' id='par_1_23' title="bbox 1897 758 3558 836">
     <span class='ocr_line' id='line_1_23' title="bbox 1897 758 3558 836; baseline 0.002 -20"><span class='ocrx_word' id='word_1_146' title='bbox 1897 758 2036 816; x_wconf 91' lang='lat' dir='ltr'><strong>nicii</strong></span> <span class='ocrx_word' id='word_1_147' title='bbox 2058 763 2267 828; x_wconf 85' lang='lat' dir='ltr'><strong>morte,</strong></span> <span class='ocrx_word' id='word_1_148' title='bbox 2293 775 2451 830; x_wconf 64' lang='lat' dir='ltr'><strong>agre</strong></span> <span class='ocrx_word' id='word_1_149' title='bbox 2479 775 2608 817; x_wconf 90' lang='lat' dir='ltr'><strong>rem</strong></span> <span class='ocrx_word' id='word_1_150' title='bbox 2637 761 2792 833; x_wconf 84' lang='lat' dir='ltr'><strong>tulit,</strong></span> <span class='ocrx_word' id='word_1_151' title='bbox 2813 762 3084 836; x_wconf 80' lang='lat' dir='ltr'><strong>tristique</strong></span> <span class='ocrx_word' id='word_1_152' title='bbox 3112 779 3184 819; x_wconf 91' lang='lat' dir='ltr'><strong>ac</strong></span> <span class='ocrx_word' id='word_1_153' title='bbox 3210 762 3382 819; x_wconf 87' lang='lat' dir='ltr'><strong>vultu</strong></span> <span class='ocrx_word' id='word_1_154' title='bbox 3427 766 3558 819; x_wconf 86' lang='lat' dir='ltr'><strong>tur-</strong></span> 
     </span>
    </p>
   </div>
   <div class='ocr_carea' id='block_1_24' title="bbox 1897 847 3556 925">
    <p class='ocr_par' dir='ltr' id='par_1_24' title="bbox 1897 847 3556 925">
     <span class='ocr_line' id='line_1_24' title="bbox 1897 847 3556 925; baseline 0.002 -21"><span class='ocrx_word' id='word_1_155' title='bbox 1897 847 2205 905; x_wconf 89' lang='lat' dir='ltr'><strong>bationem</strong></span> <span class='ocrx_word' id='word_1_156' title='bbox 2231 864 2355 922; x_wconf 70' lang='lat' dir='ltr'><strong>praa</strong></span> <span class='ocrx_word' id='word_1_157' title='bbox 2383 865 2446 906; x_wconf 90' lang='lat' dir='ltr'><strong>se</strong></span> <span class='ocrx_word' id='word_1_158' title='bbox 2483 849 2678 906; x_wconf 86' lang='lat' dir='ltr'><strong>ferens</strong></span> <span class='ocrx_word' id='word_1_159' title='bbox 2708 851 3156 925; x_wconf 89' lang='lat' dir='ltr'><strong>alloquentibus</strong></span> <span class='ocrx_word' id='word_1_160' title='bbox 3213 851 3556 909; x_wconf 81' lang='lat' dir='ltr'><strong>videbatur.</strong></span> 
     </span>
    </p>
   </div>
   <div class='ocr_carea' id='block_1_25' title="bbox 1895 938 3559 1010">
    <p class='ocr_par' dir='ltr' id='par_1_25' title="bbox 1895 938 3559 1010">
     <span class='ocr_line' id='line_1_25' title="bbox 1895 938 3559 1010; baseline 0.002 -16"><span class='ocrx_word' id='word_1_161' title='bbox 1895 938 2199 995; x_wconf 89' lang='lat' dir='ltr'><strong>Tornicius</strong></span> <span class='ocrx_word' id='word_1_162' title='bbox 2221 939 2382 996; x_wconf 91' lang='lat' dir='ltr'><strong>enim</strong></span> <span class='ocrx_word' id='word_1_163' title='bbox 2402 939 2609 1010; x_wconf 81' lang='lat' dir='ltr'><strong>magni</strong></span> <span class='ocrx_word' id='word_1_164' title='bbox 2638 939 2951 998; x_wconf 84' lang='lat' dir='ltr'><strong>domestici</strong></span> <span class='ocrx_word' id='word_1_165' title='bbox 2972 940 3399 998; x_wconf 87' lang='lat' dir='ltr'><strong>consobrinam</strong></span> <span class='ocrx_word' id='word_1_166' title='bbox 3430 956 3559 998; x_wconf 86' lang='lat' dir='ltr'><strong>ma-</strong></span> 
     </span>
    </p>
   </div>
   <div class='ocr_carea' id='block_1_26' title="bbox 1897 1026 3560 1101">
    <p class='ocr_par' dir='ltr' id='par_1_26' title="bbox 1897 1026 3560 1101">
     <span class='ocr_line' id='line_1_26' title="bbox 1897 1026 3560 1101; baseline 0.002 -18"><span class='ocrx_word' id='word_1_167' title='bbox 1897 1026 2175 1084; x_wconf 90' lang='lat' dir='ltr'><strong>trimonio</strong></span> <span class='ocrx_word' id='word_1_168' title='bbox 2205 1028 2318 1085; x_wconf 85' lang='lat' dir='ltr'><strong>sibi</strong></span> <span class='ocrx_word' id='word_1_169' title='bbox 2343 1029 2646 1101; x_wconf 85' lang='lat' dir='ltr'><strong>junxerat.</strong></span> <span class='ocrx_word' id='word_1_170' title='bbox 2679 1031 2748 1088; x_wconf 90' lang='lat' dir='ltr'><strong>Ut</strong></span> <span class='ocrx_word' id='word_1_171' title='bbox 2771 1030 2832 1087; x_wconf 92' lang='lat' dir='ltr'><strong>in</strong></span> <span class='ocrx_word' id='word_1_172' title='bbox 2860 1030 2954 1087; x_wconf 88' lang='lat' dir='ltr'><strong>his</strong></span> <span class='ocrx_word' id='word_1_173' title='bbox 2978 1030 3106 1087; x_wconf 88' lang='lat' dir='ltr'><strong>ﬁeri</strong></span> <span class='ocrx_word' id='word_1_174' title='bbox 3134 1034 3322 1097; x_wconf 88' lang='lat' dir='ltr'><strong>amat,</strong></span> <span class='ocrx_word' id='word_1_175' title='bbox 3353 1047 3386 1087; x_wconf 90' lang='lat' dir='ltr'><strong>e</strong></span> <span class='ocrx_word' id='word_1_176' title='bbox 3441 1033 3526 1087; x_wconf 82' lang='lat' dir='ltr'><strong>Me</strong></span> <span class='ocrx_word' id='word_1_177' title='bbox 3545 1058 3560 1070; x_wconf 90' lang='lat'><strong>-</strong></span> 
     </span>
    </p>
   </div>
   <div class='ocr_carea' id='block_1_27' title="bbox 1893 1115 3552 1192">
    <p class='ocr_par' dir='ltr' id='par_1_27' title="bbox 1893 1115 3552 1192">
     <span class='ocr_line' id='line_1_27' title="bbox 1893 1115 3552 1192; baseline 0.001 -20"><span class='ocrx_word' id='word_1_178' title='bbox 1893 1115 2087 1174; x_wconf 91' lang='lat' dir='ltr'><strong>lenico</strong></span> <span class='ocrx_word' id='word_1_179' title='bbox 2105 1117 2436 1191; x_wconf 81' lang='lat' dir='ltr'><strong>quispiam,</strong></span> <span class='ocrx_word' id='word_1_180' title='bbox 2461 1118 2646 1176; x_wconf 90' lang='lat' dir='ltr'><strong>alium</strong></span> <span class='ocrx_word' id='word_1_181' title='bbox 2671 1119 2918 1192; x_wconf 88' lang='lat' dir='ltr'><strong>quidem</strong></span> <span class='ocrx_word' id='word_1_182' title='bbox 2938 1120 3184 1176; x_wconf 86' lang='lat' dir='ltr'><strong>nomine</strong></span> <span class='ocrx_word' id='word_1_183' title='bbox 3367 1119 3552 1175; x_wconf 91' lang='lat' dir='ltr'><strong>inter-</strong></span> 
     </span>
    </p>
   </div>
   <div class='ocr_carea' id='block_1_28' title="bbox 1893 1206 3553 1281">
    <p class='ocr_par' dir='ltr' id='par_1_28' title="bbox 1893 1206 3553 1281">
     <span class='ocr_line' id='line_1_28' title="bbox 1893 1206 3553 1281; baseline 0.001 -20"><span class='ocrx_word' id='word_1_184' title='bbox 1893 1206 2124 1276; x_wconf 82' lang='lat' dir='ltr'><strong>rogavit</strong></span> <span class='ocrx_word' id='word_1_185' title='bbox 2138 1230 2164 1260; x_wconf 71' lang='grc' dir='ltr'><strong>ς</strong></span> <span class='ocrx_word' id='word_1_186' title='bbox 2180 1223 2450 1280; x_wconf 90' lang='lat' dir='ltr'><strong>quanam</strong></span> <span class='ocrx_word' id='word_1_187' title='bbox 2462 1207 2536 1264; x_wconf 91' lang='lat' dir='ltr'><strong>de</strong></span> <span class='ocrx_word' id='word_1_188' title='bbox 2549 1223 2729 1265; x_wconf 86' lang='lat' dir='ltr'><strong>causa</strong></span> <span class='ocrx_word' id='word_1_189' title='bbox 2749 1210 2792 1279; x_wconf 85' lang='grc' dir='ltr'><strong>ι</strong></span> <span class='ocrx_word' id='word_1_190' title='bbox 2803 1210 2860 1281; x_wconf 83' lang='grc' dir='ltr'>ο</span> <span class='ocrx_word' id='word_1_191' title='bbox 2872 1211 2915 1280; x_wconf 84' lang='lat'><strong>1</strong></span> <span class='ocrx_word' id='word_1_192' title='bbox 2936 1208 3180 1265; x_wconf 85' lang='lat' dir='ltr'><strong>Michael</strong></span> <span class='ocrx_word' id='word_1_193' title='bbox 3210 1211 3553 1266; x_wconf 90' lang='lat' dir='ltr'><strong>Comnenus</strong></span> 
     </span>
    </p>
   </div>
   <div class='ocr_carea' id='block_1_29' title="bbox 1894 1295 3550 1371">
    <p class='ocr_par' dir='ltr' id='par_1_29' title="bbox 1894 1295 3550 1371">
     <span class='ocr_line' id='line_1_29' title="bbox 1894 1295 3550 1371; baseline 0.002 -21"><span class='ocrx_word' id='word_1_194' title='bbox 1894 1311 2024 1351; x_wconf 88' lang='lat' dir='ltr'><strong>sese</strong></span> <span class='ocrx_word' id='word_1_195' title='bbox 2054 1295 2240 1353; x_wconf 90' lang='lat' dir='ltr'><strong>animi</strong></span> <span class='ocrx_word' id='word_1_196' title='bbox 2280 1297 2463 1353; x_wconf 83' lang='lat' dir='ltr'><strong>tristis</strong></span> <span class='ocrx_word' id='word_1_197' title='bbox 2486 1303 2750 1368; x_wconf 80' lang='lat' dir='ltr'><strong>angeret.</strong></span> <span class='ocrx_word' id='word_1_198' title='bbox 2775 1318 2806 1348; x_wconf 84' lang='lat'><strong>»</strong></span> <span class='ocrx_word' id='word_1_199' title='bbox 2839 1297 2934 1356; x_wconf 90' lang='lat' dir='ltr'><strong>Ille</strong></span> <span class='ocrx_word' id='word_1_200' title='bbox 2966 1299 3250 1371; x_wconf 87' lang='lat' dir='ltr'><strong>(namque</strong></span> <span class='ocrx_word' id='word_1_201' title='bbox 3297 1313 3550 1354; x_wconf 85' lang='lat' dir='ltr'><strong>causam</strong></span> 
     </span>
    </p>
   </div>
   <div class='ocr_carea' id='block_1_30' title="bbox 1893 1384 3550 1458">
    <p class='ocr_par' dir='ltr' id='par_1_30' title="bbox 1893 1384 3550 1458">
     <span class='ocr_line' id='line_1_30' title="bbox 1893 1384 3550 1458; baseline 0.002 -19"><span class='ocrx_word' id='word_1_202' title='bbox 1893 1384 2118 1456; x_wconf 91' lang='lat' dir='ltr'><strong>optime</strong></span> <span class='ocrx_word' id='word_1_203' title='bbox 2136 1384 2432 1456; x_wconf 80' lang='lat' dir='ltr'><strong>callebat),</strong></span> <span class='ocrx_word' id='word_1_204' title='bbox 2455 1387 2821 1458; x_wconf 84' lang='lat' dir='ltr'><strong>«Tornicius,</strong></span> <span class='ocrx_word' id='word_1_205' title='bbox 2847 1407 2876 1437; x_wconf 68' lang='grc' dir='ltr'><strong>η</strong></span> <span class='ocrx_word' id='word_1_206' title='bbox 2899 1386 2999 1458; x_wconf 86' lang='lat' dir='ltr'><strong>ait,</strong></span> <span class='ocrx_word' id='word_1_207' title='bbox 3023 1408 3052 1437; x_wconf 92' lang='grc'><strong>‹‹</strong></span> <span class='ocrx_word' id='word_1_208' title='bbox 3075 1389 3406 1443; x_wconf 88' lang='lat' dir='ltr'><strong>Demetrius</strong></span> <span class='ocrx_word' id='word_1_209' title='bbox 3426 1385 3550 1443; x_wconf 85' lang='lat' dir='ltr'><strong>fato</strong></span> 
     </span>
    </p>
   </div>
   <div class='ocr_carea' id='block_1_31' title="bbox 1892 1471 3546 1548">
    <p class='ocr_par' dir='ltr' id='par_1_31' title="bbox 1892 1471 3546 1548">
     <span class='ocr_line' id='line_1_31' title="bbox 1892 1471 3546 1548; baseline 0.002 -20"><span class='ocrx_word' id='word_1_210' title='bbox 1892 1471 2269 1536; x_wconf 84' lang='lat' dir='ltr'><strong>functus&#39;est.</strong></span> <span class='ocrx_word' id='word_1_211' title='bbox 2308 1475 2414 1548; x_wconf 90' lang='lat' dir='ltr'><strong>qui</strong></span> <span class='ocrx_word' id='word_1_212' title='bbox 2438 1489 2577 1530; x_wconf 91' lang='lat' dir='ltr'><strong>eum</strong></span> <span class='ocrx_word' id='word_1_213' title='bbox 2600 1475 2946 1548; x_wconf 88' lang='lat' dir='ltr'><strong>propinqua</strong></span> <span class='ocrx_word' id='word_1_214' title='bbox 3007 1475 3361 1545; x_wconf 88' lang='lat' dir='ltr'><strong>cognatione</strong></span> <span class='ocrx_word' id='word_1_215' title='bbox 3406 1490 3546 1532; x_wconf 88' lang='lat' dir='ltr'><strong>con-</strong></span> 
     </span>
    </p>
   </div>
   <div class='ocr_carea' id='block_1_32' title="bbox 1891 1563 3548 1638">
    <p class='ocr_par' dir='ltr' id='par_1_32' title="bbox 1891 1563 3548 1638">
     <span class='ocr_line' id='line_1_32' title="bbox 1891 1563 3548 1638; baseline 0.002 -19"><span class='ocrx_word' id='word_1_216' title='bbox 1891 1563 2160 1634; x_wconf 89' lang='lat' dir='ltr'><strong>tingebat</strong></span> <span class='ocrx_word' id='word_1_217' title='bbox 2185 1568 2243 1621; x_wconf 91' lang='lat' dir='ltr'><strong>et</strong></span> <span class='ocrx_word' id='word_1_218' title='bbox 2271 1580 2364 1620; x_wconf 92' lang='lat' dir='ltr'><strong>res</strong></span> <span class='ocrx_word' id='word_1_219' title='bbox 2391 1563 2664 1638; x_wconf 88' lang='lat' dir='ltr'><strong>publicas</strong></span> <span class='ocrx_word' id='word_1_220' title='bbox 2703 1564 3184 1634; x_wconf 86' lang='lat' dir='ltr'><strong>administrabat,</strong></span> <span class='ocrx_word' id='word_1_221' title='bbox 3230 1569 3548 1638; x_wconf 86' lang='lat' dir='ltr'><strong>propterea</strong></span> 
     </span>
    </p>
   </div>
   <div class='ocr_carea' id='block_1_33' title="bbox 1891 1652 3547 1719">
    <p class='ocr_par' dir='ltr' id='par_1_33' title="bbox 1891 1652 3547 1719">
     <span class='ocr_line' id='line_1_33' title="bbox 1891 1652 3547 1719; baseline 0 -8"><span class='ocrx_word' id='word_1_222' title='bbox 1891 1659 2081 1711; x_wconf 90' lang='lat' dir='ltr'><strong>morte</strong></span> <span class='ocrx_word' id='word_1_223' title='bbox 2111 1653 2265 1710; x_wconf 91' lang='lat' dir='ltr'><strong>illius</strong></span> <span class='ocrx_word' id='word_1_224' title='bbox 2295 1652 2475 1710; x_wconf 89' lang='lat' dir='ltr'><strong>tristis</strong></span> <span class='ocrx_word' id='word_1_225' title='bbox 2507 1658 2617 1711; x_wconf 89' lang='lat' dir='ltr'><strong>est.</strong></span> <span class='ocrx_word' id='word_1_226' title='bbox 2647 1675 2677 1704; x_wconf 84' lang='lat'><strong>»</strong></span> <span class='ocrx_word' id='word_1_227' title='bbox 2711 1653 2915 1719; x_wconf 75' lang='lat' dir='ltr'><strong>Allius,</strong></span> <span class='ocrx_word' id='word_1_228' title='bbox 2941 1674 2970 1703; x_wconf 73' lang='grc' dir='ltr'><strong>ιι</strong></span> <span class='ocrx_word' id='word_1_229' title='bbox 2996 1655 3125 1710; x_wconf 86' lang='lat' dir='ltr'><strong>Non</strong></span> <span class='ocrx_word' id='word_1_230' title='bbox 3150 1654 3266 1710; x_wconf 93' lang='lat' dir='ltr'><strong>hoc</strong></span> <span class='ocrx_word' id='word_1_231' title='bbox 3292 1653 3438 1710; x_wconf 92' lang='lat' dir='ltr'><strong>mihi</strong></span> <span class='ocrx_word' id='word_1_232' title='bbox 3463 1655 3547 1712; x_wconf 88' lang='lat' dir='ltr'><strong>ita</strong></span> 
     </span>
    </p>
   </div>
   <div class='ocr_carea' id='block_1_34' title="bbox 177 1739 1790 1819">
    <p class='ocr_par' dir='ltr' id='par_1_34' title="bbox 177 1739 1780 1819">
     <span class='ocr_line' id='line_1_34' title="bbox 177 1739 1780 1819; baseline -0.004 -19"><span class='ocrx_word' id='word_1_233' title='bbox 177 1741 350 1812; x_wconf 82' lang='grc' dir='ltr'>δοκεῖ,</span> <span class='ocrx_word' id='word_1_234' title='bbox 380 1750 606 1819; x_wconf 79' lang='grc' dir='ltr'>»φησίνο</span> <span class='ocrx_word' id='word_1_235' title='bbox 639 1766 669 1794; x_wconf 88' lang='grc'><strong>‹‹</strong></span> <span class='ocrx_word' id='word_1_236' title='bbox 701 1741 825 1798; x_wconf 64' lang='grc' dir='ltr'><strong>οὐδὲ</strong></span> <span class='ocrx_word' id='word_1_237' title='bbox 877 1747 979 1817; x_wconf 76' lang='grc' dir='ltr'><strong>γὰρ</strong></span> <span class='ocrx_word' id='word_1_238' title='bbox 1046 1739 1140 1796; x_wconf 83' lang='grc' dir='ltr'>διά</span> <span class='ocrx_word' id='word_1_239' title='bbox 1193 1746 1447 1816; x_wconf 87' lang='grc' dir='ltr'>Τορνίκην</span> <span class='ocrx_word' id='word_1_240' title='bbox 1494 1741 1660 1804; x_wconf 77' lang='grc' dir='ltr'>οὕτως</span> <span class='ocrx_word' id='word_1_241' title='bbox 1718 1743 1780 1794; x_wconf 80' lang='grc' dir='ltr'>ἄν</span> 
     </span>
    </p>
   </div>
   <div class='ocr_carea' id='block_1_35' title="bbox 1881 1739 3545 1819">
    <p class='ocr_par' dir='ltr' id='par_1_35' title="bbox 1893 1743 3545 1817">
     <span class='ocr_line' id='line_1_35' title="bbox 1893 1743 3545 1817; baseline -0.001 -16"><span class='ocrx_word' id='word_1_242' title='bbox 1893 1761 1956 1802; x_wconf 91' lang='lat' dir='ltr'><strong>se</strong></span> <span class='ocrx_word' id='word_1_243' title='bbox 1978 1743 2198 1801; x_wconf 90' lang='lat' dir='ltr'><strong>habere</strong></span> <span class='ocrx_word' id='word_1_244' title='bbox 2229 1743 2460 1801; x_wconf 90' lang='lat' dir='ltr'><strong>videtur</strong></span> <span class='ocrx_word' id='word_1_245' title='bbox 2493 1761 2506 1800; x_wconf 91' lang='lat'>:</span> <span class='ocrx_word' id='word_1_246' title='bbox 2535 1758 2732 1817; x_wconf 88' lang='lat' dir='ltr'><strong>neque</strong></span> <span class='ocrx_word' id='word_1_247' title='bbox 2747 1743 2905 1799; x_wconf 89' lang='lat' dir='ltr'><strong>enim</strong></span> <span class='ocrx_word' id='word_1_248' title='bbox 2923 1747 3168 1816; x_wconf 90' lang='lat' dir='ltr'><strong>propter</strong></span> <span class='ocrx_word' id='word_1_249' title='bbox 3203 1743 3545 1800; x_wconf 91' lang='lat' dir='ltr'><strong>Tornicium</strong></span> 
     </span>
    </p>
   </div>
   <div class='ocr_carea' id='block_1_36' title="bbox 171 1830 1779 1909">
    <p class='ocr_par' dir='ltr' id='par_1_36' title="bbox 171 1830 1779 1909">
     <span class='ocr_line' id='line_1_36' title="bbox 171 1830 1779 1909; baseline -0.003 -21"><span class='ocrx_word' id='word_1_250' title='bbox 171 1831 439 1909; x_wconf 76' lang='grc' dir='ltr'><strong>ἠδημόνει</strong></span> <span class='ocrx_word' id='word_1_251' title='bbox 480 1839 571 1887; x_wconf 86' lang='grc' dir='ltr'>καὶ</span> <span class='ocrx_word' id='word_1_252' title='bbox 647 1833 933 1907; x_wconf 75' lang='grc' dir='ltr'>ἤσχαλλεν.</span> <span class='ocrx_word' id='word_1_253' title='bbox 1009 1831 1150 1886; x_wconf 84' lang='grc' dir='ltr'>Ἀλλ’</span> <span class='ocrx_word' id='word_1_254' title='bbox 1199 1834 1265 1892; x_wconf 82' lang='grc' dir='ltr'>ὡς</span> <span class='ocrx_word' id='word_1_255' title='bbox 1330 1833 1510 1893; x_wconf 74' lang='grc' dir='ltr'>ἔοικεν,</span> <span class='ocrx_word' id='word_1_256' title='bbox 1559 1830 1644 1884; x_wconf 71' lang='grc' dir='ltr'>ἐπὶ</span> <span class='ocrx_word' id='word_1_257' title='bbox 1707 1839 1779 1903; x_wconf 86' lang='grc' dir='ltr'>τῷ</span> 
     </span>
    </p>
   </div>
   <div class='ocr_carea' id='block_1_37' title="bbox 171 1919 1777 1998">
    <p class='ocr_par' dir='ltr' id='par_1_37' title="bbox 171 1919 1777 1998">
     <span class='ocr_line' id='line_1_37' title="bbox 171 1919 1777 1998; baseline -0.002 -22"><span class='ocrx_word' id='word_1_258' title='bbox 171 1930 431 1998; x_wconf 80' lang='grc' dir='ltr'>κρείττονι</span> <span class='ocrx_word' id='word_1_259' title='bbox 485 1923 676 1976; x_wconf 65' lang='lat' dir='ltr'><strong>inium:</strong></span> <span class='ocrx_word' id='word_1_260' title='bbox 755 1929 905 1975; x_wconf 86' lang='grc' dir='ltr'>τοῦτο</span> <span class='ocrx_word' id='word_1_261' title='bbox 963 1919 1278 1994; x_wconf 81' lang='grc' dir='ltr'>συμϐέϐηκε,</span> <span class='ocrx_word' id='word_1_262' title='bbox 1347 1924 1449 1973; x_wconf 82' lang='grc' dir='ltr'><strong>Καὶ</strong></span> <span class='ocrx_word' id='word_1_263' title='bbox 1501 1919 1546 1973; x_wconf 85' lang='grc' dir='ltr'><strong>εί</strong></span> <span class='ocrx_word' id='word_1_264' title='bbox 1599 1927 1777 1987; x_wconf 91' lang='grc' dir='ltr'>τοῦτο,</span> 
     </span>
    </p>
   </div>
   <div class='ocr_carea' id='block_1_38' title="bbox 172 2005 1778 2087">
    <p class='ocr_par' dir='ltr' id='par_1_38' title="bbox 172 2005 1778 2087">
     <span class='ocr_line' id='line_1_38' title="bbox 172 2005 1778 2087; baseline -0.002 -21"><span class='ocrx_word' id='word_1_265' title='bbox 172 2021 270 2086; x_wconf 88' lang='grc' dir='ltr'><strong>φεῦ</strong></span> <span class='ocrx_word' id='word_1_266' title='bbox 337 2015 481 2087; x_wconf 77' lang='grc' dir='ltr'>ἠμῖνο</span> <span class='ocrx_word' id='word_1_267' title='bbox 534 2011 582 2064; x_wconf 81' lang='grc' dir='ltr'><strong>έν</strong></span> <span class='ocrx_word' id='word_1_268' title='bbox 621 2015 724 2085; x_wconf 84' lang='grc' dir='ltr'>γὰρ</span> <span class='ocrx_word' id='word_1_269' title='bbox 801 2017 1070 2086; x_wconf 80' lang='grc' dir='ltr'>ταραχαῖς</span> <span class='ocrx_word' id='word_1_270' title='bbox 1135 2014 1226 2062; x_wconf 85' lang='grc' dir='ltr'>καὶ</span> <span class='ocrx_word' id='word_1_271' title='bbox 1291 2007 1580 2081; x_wconf 78' lang='grc' dir='ltr'>ὀχλήσεσιν</span> <span class='ocrx_word' id='word_1_272' title='bbox 1629 2005 1778 2070; x_wconf 82' lang='grc' dir='ltr'>αὖθις</span> 
     </span>
    </p>
   </div>
   <div class='ocr_carea' id='block_1_39' title="bbox 167 2098 1778 2175">
    <p class='ocr_par' dir='ltr' id='par_1_39' title="bbox 167 2098 1778 2175">
     <span class='ocr_line' id='line_1_39' title="bbox 167 2098 1778 2175; baseline -0.004 -19"><span class='ocrx_word' id='word_1_273' title='bbox 167 2107 481 2174; x_wconf 78' lang='grc' dir='ltr'>γενήσονται</span> <span class='ocrx_word' id='word_1_274' title='bbox 539 2104 606 2155; x_wconf 75' lang='grc' dir='ltr'>τὰ</span> <span class='ocrx_word' id='word_1_275' title='bbox 644 2103 890 2175; x_wconf 77' lang='grc' dir='ltr'>ἡμέτερα,</span> <span class='ocrx_word' id='word_1_276' title='bbox 988 2101 1430 2173; x_wconf 76' lang='grc' dir='ltr'>κατεστορεσμένα</span> <span class='ocrx_word' id='word_1_277' title='bbox 1479 2105 1566 2150; x_wconf 89' lang='grc' dir='ltr'><strong>νῦν</strong></span> <span class='ocrx_word' id='word_1_278' title='bbox 1612 2098 1778 2160; x_wconf 87' lang='grc' dir='ltr'>καλῶς</span> 
     </span>
    </p>
   </div>
   <div class='ocr_carea' id='block_1_40' title="bbox 168 2183 1773 2264">
    <p class='ocr_par' dir='ltr' id='par_1_40' title="bbox 168 2183 1773 2264">
     <span class='ocr_line' id='line_1_40' title="bbox 168 2183 1773 2264; baseline -0.003 -20"><span class='ocrx_word' id='word_1_279' title='bbox 168 2196 266 2244; x_wconf 86' lang='grc' dir='ltr'><strong>καὶ</strong></span> <span class='ocrx_word' id='word_1_280' title='bbox 294 2189 366 2253; x_wconf 90' lang='grc' dir='ltr'><strong>εἰς</strong></span> <span class='ocrx_word' id='word_1_281' title='bbox 397 2189 680 2264; x_wconf 79' lang='grc' dir='ltr'>ἀταραξίαν</span> <span class='ocrx_word' id='word_1_282' title='bbox 707 2189 1012 2248; x_wconf 78' lang='grc' dir='ltr'>ἐληλυθότα.</span> <span class='ocrx_word' id='word_1_283' title='bbox 1041 2206 1073 2241; x_wconf 77' lang='grc'><strong>&gt;</strong></span> <span class='ocrx_word' id='word_1_284' title='bbox 1095 2188 1164 2242; x_wconf 83' lang='grc' dir='ltr'><strong><em>Ἥ</em></strong></span> <span class='ocrx_word' id='word_1_285' title='bbox 1197 2183 1248 2240; x_wconf 79' lang='grc' dir='ltr'><strong>δ’</strong></span> <span class='ocrx_word' id='word_1_286' title='bbox 1294 2183 1460 2251; x_wconf 80' lang='grc' dir='ltr'>οὗτος,</span> <span class='ocrx_word' id='word_1_287' title='bbox 1517 2208 1547 2237; x_wconf 92' lang='grc'><em>‹‹</em></span> <span class='ocrx_word' id='word_1_288' title='bbox 1613 2186 1773 2256; x_wconf 84' lang='grc' dir='ltr'>Ἀλλ’,</span> 
     </span>
    </p>
   </div>
   <div class='ocr_carea' id='block_1_41' title="bbox 169 2271 1774 2352">
    <p class='ocr_par' dir='ltr' id='par_1_41' title="bbox 169 2271 1774 2352">
     <span class='ocr_line' id='line_1_41' title="bbox 169 2271 1774 2352; baseline -0.001 -20"><span class='ocrx_word' id='word_1_289' title='bbox 169 2279 215 2332; x_wconf 79' lang='grc' dir='ltr'><strong><em>ὧ</em></strong></span> <span class='ocrx_word' id='word_1_290' title='bbox 246 2279 408 2352; x_wconf 79' lang='grc' dir='ltr'>φίλος,</span> <span class='ocrx_word' id='word_1_291' title='bbox 463 2285 554 2332; x_wconf 89' lang='grc' dir='ltr'><strong>καί</strong></span> <span class='ocrx_word' id='word_1_292' title='bbox 595 2278 640 2332; x_wconf 84' lang='grc' dir='ltr'>εἰ</span> <span class='ocrx_word' id='word_1_293' title='bbox 698 2285 927 2331; x_wconf 90' lang='grc' dir='ltr'>τοιοῦτον</span> <span class='ocrx_word' id='word_1_294' title='bbox 985 2275 1188 2344; x_wconf 79' lang='grc' dir='ltr'>ξυνέϐη,</span> <span class='ocrx_word' id='word_1_295' title='bbox 1264 2297 1354 2329; x_wconf 85' lang='grc' dir='ltr'><strong>και</strong></span> <span class='ocrx_word' id='word_1_296' title='bbox 1405 2276 1538 2330; x_wconf 79' lang='grc' dir='ltr'>οὕτω</span> <span class='ocrx_word' id='word_1_297' title='bbox 1586 2271 1654 2336; x_wconf 81' lang='grc' dir='ltr'><strong>δὴ</strong></span> <span class='ocrx_word' id='word_1_298' title='bbox 1715 2276 1774 2330; x_wconf 85' lang='grc' dir='ltr'><strong>ού</strong></span> 
     </span>
    </p>
   </div>
   <div class='ocr_carea' id='block_1_42' title="bbox 167 2361 1772 2441">
    <p class='ocr_par' dir='ltr' id='par_1_42' title="bbox 167 2361 1772 2441">
     <span class='ocr_line' id='line_1_42' title="bbox 167 2361 1772 2441; baseline -0.001 -21"><span class='ocrx_word' id='word_1_299' title='bbox 167 2377 344 2432; x_wconf 84' lang='grc' dir='ltr'>κακῶς</span> <span class='ocrx_word' id='word_1_300' title='bbox 371 2372 440 2422; x_wconf 80' lang='grc' dir='ltr'>τὰ</span> <span class='ocrx_word' id='word_1_301' title='bbox 467 2369 586 2422; x_wconf 85' lang='grc' dir='ltr'>καθ’</span> <span class='ocrx_word' id='word_1_302' title='bbox 615 2369 756 2441; x_wconf 78' lang='grc' dir='ltr'>ἡμᾶς</span> <span class='ocrx_word' id='word_1_303' title='bbox 788 2367 984 2430; x_wconf 78' lang='grc' dir='ltr'>ἕξουσι.</span> <span class='ocrx_word' id='word_1_304' title='bbox 1041 2370 1142 2420; x_wconf 77' lang='grc' dir='ltr'><strong>Καὶ</strong></span> <span class='ocrx_word' id='word_1_305' title='bbox 1197 2367 1298 2439; x_wconf 81' lang='grc' dir='ltr'><strong>γὰρ</strong></span> <span class='ocrx_word' id='word_1_306' title='bbox 1346 2366 1372 2417; x_wconf 92' lang='lat'><strong>6</strong></span> <span class='ocrx_word' id='word_1_307' title='bbox 1418 2369 1578 2438; x_wconf 85' lang='grc' dir='ltr'>μέγας</span> <span class='ocrx_word' id='word_1_308' title='bbox 1617 2361 1772 2439; x_wconf 80' lang='grc' dir='ltr'>δομέ·</span> 
     </span>
    </p>
   </div>
   <div class='ocr_carea' id='block_1_43' title="bbox 171 2451 1771 2528">
    <p class='ocr_par' dir='ltr' id='par_1_43' title="bbox 171 2451 1771 2528">
     <span class='ocr_line' id='line_1_43' title="bbox 171 2451 1771 2528; baseline -0.002 -18"><span class='ocrx_word' id='word_1_309' title='bbox 171 2476 358 2520; x_wconf 86' lang='grc' dir='ltr'>στικος</span> <span class='ocrx_word' id='word_1_310' title='bbox 409 2457 457 2510; x_wconf 78' lang='grc' dir='ltr'><strong>έν</strong></span> <span class='ocrx_word' id='word_1_311' title='bbox 539 2455 900 2514; x_wconf 86' lang='grc' dir='ltr'>Θεσσαλονίκη</span> <span class='ocrx_word' id='word_1_312' title='bbox 976 2451 1152 2528; x_wconf 79' lang='grc' dir='ltr'>διάγει</span> <span class='ocrx_word' id='word_1_313' title='bbox 1224 2457 1543 2528; x_wconf 72' lang='grc' dir='ltr'>ἡγεμονεύων</span> <span class='ocrx_word' id='word_1_314' title='bbox 1586 2455 1771 2525; x_wconf 74' lang='grc' dir='ltr'>αὐτῆς,</span> 
     </span>
    </p>
   </div>
   <div class='ocr_carea' id='block_1_44' title="bbox 169 2543 1773 2620">
    <p class='ocr_par' dir='ltr' id='par_1_44' title="bbox 169 2543 1773 2620">
     <span class='ocr_line' id='line_1_44' title="bbox 169 2543 1773 2620; baseline -0.002 -22"><span class='ocrx_word' id='word_1_315' title='bbox 169 2552 264 2599; x_wconf 78' lang='grc' dir='ltr'>καὶ</span> <span class='ocrx_word' id='word_1_316' title='bbox 295 2549 478 2600; x_wconf 80' lang='grc' dir='ltr'>ούτοσὶ</span> <span class='ocrx_word' id='word_1_317' title='bbox 511 2543 568 2600; x_wconf 69' lang='grc' dir='ltr'>δε</span> <span class='ocrx_word' id='word_1_318' title='bbox 589 2549 614 2599; x_wconf 89' lang='lat'><strong>6</strong></span> <span class='ocrx_word' id='word_1_319' title='bbox 646 2549 912 2620; x_wconf 72' lang='grc' dir='ltr'>Κομνηνός</span> <span class='ocrx_word' id='word_1_320' title='bbox 938 2545 1161 2618; x_wconf 81' lang='grc' dir='ltr'>Μιχαὴλ</span> <span class='ocrx_word' id='word_1_321' title='bbox 1190 2546 1216 2598; x_wconf 91' lang='grc' dir='ltr'><strong>ό</strong></span> <span class='ocrx_word' id='word_1_322' title='bbox 1270 2546 1457 2598; x_wconf 90' lang='grc' dir='ltr'>τούτου</span> <span class='ocrx_word' id='word_1_323' title='bbox 1514 2547 1624 2606; x_wconf 83' lang='grc' dir='ltr'>υἱὸς</span> <span class='ocrx_word' id='word_1_324' title='bbox 1678 2548 1773 2603; x_wconf 74' lang='grc' dir='ltr'>τὴν</span> 
     </span>
    </p>
   </div>
   <div class='ocr_carea' id='block_1_45' title="bbox 171 2630 1773 2711">
    <p class='ocr_par' dir='ltr' id='par_1_45' title="bbox 171 2630 1773 2711">
     <span class='ocr_line' id='line_1_45' title="bbox 171 2630 1773 2711; baseline -0.001 -23"><span class='ocrx_word' id='word_1_325' title='bbox 171 2644 278 2688; x_wconf 84' lang='grc' dir='ltr'>τῶν</span> <span class='ocrx_word' id='word_1_326' title='bbox 330 2637 588 2711; x_wconf 76' lang='grc' dir='ltr'>ἡμετέρων</span> <span class='ocrx_word' id='word_1_327' title='bbox 667 2656 858 2709; x_wconf 85' lang='grc' dir='ltr'>χωρων</span> <span class='ocrx_word' id='word_1_328' title='bbox 945 2632 1175 2708; x_wconf 84' lang='grc' dir='ltr'>διεξάγει</span> <span class='ocrx_word' id='word_1_329' title='bbox 1250 2630 1584 2707; x_wconf 84' lang='grc' dir='ltr'>κηδεμονίαν.</span> <span class='ocrx_word' id='word_1_330' title='bbox 1651 2633 1773 2688; x_wconf 81' lang='grc' dir='ltr'><strong>Ὑπὸ</strong></span> 
     </span>
    </p>
   </div>
   <div class='ocr_carea' id='block_1_46' title="bbox 166 2721 1774 2799">
    <p class='ocr_par' dir='ltr' id='par_1_46' title="bbox 166 2721 1774 2799">
     <span class='ocr_line' id='line_1_46' title="bbox 166 2721 1774 2799; baseline -0.001 -22"><span class='ocrx_word' id='word_1_331' title='bbox 166 2727 422 2778; x_wconf 77' lang='grc' dir='ltr'>τοιούτων</span> <span class='ocrx_word' id='word_1_332' title='bbox 481 2733 603 2797; x_wconf 87' lang='grc' dir='ltr'>γοῦν</span> <span class='ocrx_word' id='word_1_333' title='bbox 659 2730 920 2799; x_wconf 83' lang='grc' dir='ltr'>μεγίστων</span> <span class='ocrx_word' id='word_1_334' title='bbox 1012 2722 1217 2799; x_wconf 80' lang='grc' dir='ltr'>ἀνδρῶν</span> <span class='ocrx_word' id='word_1_335' title='bbox 1307 2721 1774 2798; x_wconf 77' lang='grc' dir='ltr'>διακυϐερνὼμενοι</span> 
     </span>
    </p>
   </div>
   <div class='ocr_carea' id='block_1_47' title="bbox 163 2811 1774 2889">
    <p class='ocr_par' dir='ltr' id='par_1_47' title="bbox 163 2811 1774 2889">
     <span class='ocr_line' id='line_1_47' title="bbox 163 2811 1774 2889; baseline 0.001 -23"><span class='ocrx_word' id='word_1_336' title='bbox 163 2811 497 2867; x_wconf 82' lang='grc' dir='ltr'>ούκᾶνποτε</span> <span class='ocrx_word' id='word_1_337' title='bbox 548 2819 803 2888; x_wconf 77' lang='grc' dir='ltr'>κοσμικόν</span> <span class='ocrx_word' id='word_1_338' title='bbox 865 2811 1150 2868; x_wconf 78' lang='grc' dir='ltr'>κλυδώνιον</span> <span class='ocrx_word' id='word_1_339' title='bbox 1225 2812 1448 2889; x_wconf 77' lang='grc' dir='ltr'>ἴδοιμεν,</span> <span class='ocrx_word' id='word_1_340' title='bbox 1505 2816 1668 2879; x_wconf 83' lang='grc' dir='ltr'>άλλως</span> <span class='ocrx_word' id='word_1_341' title='bbox 1721 2835 1774 2868; x_wconf 92' lang='grc' dir='ltr'><strong>τε</strong></span> 
     </span>
    </p>
   </div>
   <div class='ocr_carea' id='block_1_48' title="bbox 161 2902 1770 2982">
    <p class='ocr_par' dir='ltr' id='par_1_48' title="bbox 161 2902 1770 2982">
     <span class='ocr_line' id='line_1_48' title="bbox 161 2902 1770 2982; baseline 0.002 -27"><span class='ocrx_word' id='word_1_342' title='bbox 161 2908 257 2956; x_wconf 80' lang='grc' dir='ltr'>καὶ</span> <span class='ocrx_word' id='word_1_343' title='bbox 287 2905 316 2962; x_wconf 81' lang='grc' dir='ltr'>ἡ</span> <span class='ocrx_word' id='word_1_344' title='bbox 346 2911 439 2956; x_wconf 90' lang='grc' dir='ltr'><strong>τοῦ</strong></span> <span class='ocrx_word' id='word_1_345' title='bbox 473 2904 768 2980; x_wconf 84' lang='grc' dir='ltr'>Βουλγάρου</span> <span class='ocrx_word' id='word_1_346' title='bbox 809 2903 1133 2977; x_wconf 79' lang='grc' dir='ltr'>Καλλιμάνου</span> <span class='ocrx_word' id='word_1_347' title='bbox 1183 2902 1379 2979; x_wconf 74' lang='grc' dir='ltr'>ἀδελφὴ</span> <span class='ocrx_word' id='word_1_348' title='bbox 1425 2906 1506 2980; x_wconf 69' lang='grc'><strong>(4)</strong></span> <span class='ocrx_word' id='word_1_349' title='bbox 1559 2909 1770 2982; x_wconf 87' lang='grc' dir='ltr'>Θάμαρ,</span> 
     </span>
    </p>
   </div>
   <div class='ocr_carea' id='block_1_49' title="bbox 162 2992 1773 3070">
    <p class='ocr_par' dir='ltr' id='par_1_49' title="bbox 162 2992 1773 3070">
     <span class='ocr_line' id='line_1_49' title="bbox 162 2992 1773 3070; baseline 0.002 -26"><span class='ocrx_word' id='word_1_350' title='bbox 162 2992 304 3055; x_wconf 76' lang='grc' dir='ltr'><strong>ἄζυξ</strong></span> <span class='ocrx_word' id='word_1_351' title='bbox 330 2995 404 3045; x_wconf 71' lang='grc' dir='ltr'>ἔτι</span> <span class='ocrx_word' id='word_1_352' title='bbox 451 2992 693 3063; x_wconf 83' lang='grc' dir='ltr'>τελοῦσα,</span> <span class='ocrx_word' id='word_1_353' title='bbox 749 2995 822 3056; x_wconf 82' lang='grc' dir='ltr'>εἰς</span> <span class='ocrx_word' id='word_1_354' title='bbox 885 2997 1055 3070; x_wconf 87' lang='grc' dir='ltr'>γάμου</span> <span class='ocrx_word' id='word_1_355' title='bbox 1107 3001 1371 3049; x_wconf 88' lang='grc' dir='ltr'>κοινωνίαν</span> <span class='ocrx_word' id='word_1_356' title='bbox 1424 2995 1635 3060; x_wconf 76' lang='grc' dir='ltr'>ξυνέλθη</span> <span class='ocrx_word' id='word_1_357' title='bbox 1701 3003 1773 3067; x_wconf 83' lang='grc' dir='ltr'>τῷ</span> 
     </span>
    </p>
   </div>
   <div class='ocr_carea' id='block_1_50' title="bbox 1888 1829 3545 1905">
    <p class='ocr_par' dir='ltr' id='par_1_50' title="bbox 1888 1829 3545 1905">
     <span class='ocr_line' id='line_1_50' title="bbox 1888 1829 3545 1905; baseline 0.003 -20"><span class='ocrx_word' id='word_1_358' title='bbox 1888 1829 1972 1887; x_wconf 92' lang='lat' dir='ltr'><strong>ita</strong></span> <span class='ocrx_word' id='word_1_359' title='bbox 2004 1830 2231 1888; x_wconf 87' lang='lat' dir='ltr'><strong>doleret</strong></span> <span class='ocrx_word' id='word_1_360' title='bbox 2259 1829 2760 1905; x_wconf 81' lang='lat' dir='ltr'><strong>aﬂligereturque.</strong></span> <span class='ocrx_word' id='word_1_361' title='bbox 2795 1830 2910 1888; x_wconf 91' lang='lat' dir='ltr'><strong>Sed</strong></span> <span class='ocrx_word' id='word_1_362' title='bbox 2941 1835 3006 1887; x_wconf 90' lang='lat' dir='ltr'><strong>ut</strong></span> <span class='ocrx_word' id='word_1_363' title='bbox 3051 1835 3324 1904; x_wconf 87' lang='lat' dir='ltr'><strong>apparet,</strong></span> <span class='ocrx_word' id='word_1_364' title='bbox 3356 1830 3419 1888; x_wconf 93' lang='lat' dir='ltr'><strong>id</strong></span> <span class='ocrx_word' id='word_1_365' title='bbox 3483 1831 3545 1890; x_wconf 90' lang='lat' dir='ltr'><strong>in</strong></span> 
     </span>
    </p>
   </div>
   <div class='ocr_carea' id='block_1_51' title="bbox 1887 1921 3542 1994">
    <p class='ocr_par' dir='ltr' id='par_1_51' title="bbox 1887 1921 3542 1994">
     <span class='ocr_line' id='line_1_51' title="bbox 1887 1921 3542 1994; baseline 0.001 -16"><span class='ocrx_word' id='word_1_366' title='bbox 1887 1921 2102 1978; x_wconf 91' lang='lat' dir='ltr'><strong>melius</strong></span> <span class='ocrx_word' id='word_1_367' title='bbox 2131 1921 2212 1978; x_wconf 89' lang='lat' dir='ltr'><strong>illi</strong></span> <span class='ocrx_word' id='word_1_368' title='bbox 2240 1922 2506 1994; x_wconf 88' lang='lat' dir='ltr'><strong>contigit.</strong></span> <span class='ocrx_word' id='word_1_369' title='bbox 2537 1921 2761 1988; x_wconf 83' lang='lat' dir='ltr'><strong>Quodsi</strong></span> <span class='ocrx_word' id='word_1_370' title='bbox 2789 1921 2905 1979; x_wconf 91' lang='lat' dir='ltr'><strong>hoc</strong></span> <span class='ocrx_word' id='word_1_371' title='bbox 2936 1921 3130 1993; x_wconf 86' lang='lat' dir='ltr'><strong>fuerit,</strong></span> <span class='ocrx_word' id='word_1_372' title='bbox 3169 1939 3261 1979; x_wconf 62' lang='lat' dir='ltr'><strong>va;</strong></span> <span class='ocrx_word' id='word_1_373' title='bbox 3318 1922 3496 1980; x_wconf 91' lang='lat' dir='ltr'><strong>nobis</strong></span> <span class='ocrx_word' id='word_1_374' title='bbox 3527 1939 3542 1981; x_wconf 90' lang='lat'><strong>:</strong></span> 
     </span>
    </p>
   </div>
   <div class='ocr_carea' id='block_1_52' title="bbox 1885 2011 3546 2084">
    <p class='ocr_par' dir='ltr' id='par_1_52' title="bbox 1885 2011 3546 2084">
     <span class='ocr_line' id='line_1_52' title="bbox 1885 2011 3546 2084; baseline 0.001 -17"><span class='ocrx_word' id='word_1_375' title='bbox 1885 2027 2093 2068; x_wconf 91' lang='lat' dir='ltr'><strong>rursus</strong></span> <span class='ocrx_word' id='word_1_376' title='bbox 2105 2011 2265 2068; x_wconf 92' lang='lat' dir='ltr'><strong>enim</strong></span> <span class='ocrx_word' id='word_1_377' title='bbox 2287 2027 2382 2068; x_wconf 89' lang='lat' dir='ltr'><strong>res</strong></span> <span class='ocrx_word' id='word_1_378' title='bbox 2401 2016 2623 2068; x_wconf 63' lang='lat' dir='ltr'><strong>nostra</strong></span> <span class='ocrx_word' id='word_1_379' title='bbox 2639 2011 3001 2084; x_wconf 61' lang='lat' dir='ltr'><strong>perturbatus</strong></span> <span class='ocrx_word' id='word_1_380' title='bbox 3017 2011 3078 2068; x_wconf 93' lang='lat' dir='ltr'><strong>in</strong></span> <span class='ocrx_word' id='word_1_381' title='bbox 3091 2027 3317 2083; x_wconf 91' lang='lat' dir='ltr'><strong>magna</strong></span> <span class='ocrx_word' id='word_1_382' title='bbox 3335 2011 3546 2070; x_wconf 81' lang='lat' dir='ltr'><strong>confu-</strong></span> 
     </span>
    </p>
   </div>
   <div class='ocr_carea' id='block_1_53' title="bbox 1887 2099 3546 2174">
    <p class='ocr_par' dir='ltr' id='par_1_53' title="bbox 1887 2099 3546 2174">
     <span class='ocr_line' id='line_1_53' title="bbox 1887 2099 3546 2174; baseline 0.001 -18"><span class='ocrx_word' id='word_1_383' title='bbox 1887 2100 2053 2157; x_wconf 87' lang='lat' dir='ltr'><strong>sione</strong></span> <span class='ocrx_word' id='word_1_384' title='bbox 2071 2105 2359 2174; x_wconf 91' lang='lat' dir='ltr'><strong>motuque</strong></span> <span class='ocrx_word' id='word_1_385' title='bbox 2381 2106 2574 2168; x_wconf 91' lang='lat' dir='ltr'><strong>erunt,</strong></span> <span class='ocrx_word' id='word_1_386' title='bbox 2606 2117 2743 2174; x_wconf 64' lang='lat' dir='ltr'><strong>quas</strong></span> <span class='ocrx_word' id='word_1_387' title='bbox 2781 2116 2945 2157; x_wconf 91' lang='lat' dir='ltr'><strong>nunc</strong></span> <span class='ocrx_word' id='word_1_388' title='bbox 2977 2099 3197 2159; x_wconf 74' lang='lat' dir='ltr'><strong>sedatae</strong></span> <span class='ocrx_word' id='word_1_389' title='bbox 3221 2117 3292 2157; x_wconf 92' lang='lat' dir='ltr'><strong>ac</strong></span> <span class='ocrx_word' id='word_1_390' title='bbox 3318 2102 3546 2174; x_wconf 90' lang='lat' dir='ltr'><strong>optime</strong></span> 
     </span>
    </p>
   </div>
   <div class='ocr_carea' id='block_1_54' title="bbox 1884 2190 3538 2265">
    <p class='ocr_par' dir='ltr' id='par_1_54' title="bbox 1884 2190 3538 2265">
     <span class='ocr_line' id='line_1_54' title="bbox 1884 2190 3538 2265; baseline -0.001 -17"><span class='ocrx_word' id='word_1_391' title='bbox 1884 2190 2286 2265; x_wconf 72' lang='lat' dir='ltr'><strong>tranquillataa</strong></span> <span class='ocrx_word' id='word_1_392' title='bbox 2313 2195 2663 2249; x_wconf 89' lang='lat' dir='ltr'><strong>cernuntur.</strong></span> <span class='ocrx_word' id='word_1_393' title='bbox 2713 2211 2742 2241; x_wconf 87' lang='lat'><strong>»</strong></span> <span class='ocrx_word' id='word_1_394' title='bbox 2771 2193 2935 2248; x_wconf 87' lang='lat' dir='ltr'><strong>Tunc</strong></span> <span class='ocrx_word' id='word_1_395' title='bbox 2991 2190 3146 2249; x_wconf 88' lang='lat' dir='ltr'><strong>alius</strong></span> <span class='ocrx_word' id='word_1_396' title='bbox 3207 2191 3538 2265; x_wconf 88' lang='lat' dir='ltr'><strong>respondit,</strong></span> 
     </span>
    </p>
   </div>
   <div class='ocr_carea' id='block_1_55' title="bbox 1884 2279 3543 2352">
    <p class='ocr_par' dir='ltr' id='par_1_55' title="bbox 1884 2279 3543 2352">
     <span class='ocr_line' id='line_1_55' title="bbox 1884 2279 3543 2352; baseline 0.001 -15"><span class='ocrx_word' id='word_1_397' title='bbox 1884 2301 1913 2331; x_wconf 76' lang='grc' dir='ltr'>«ι</span> <span class='ocrx_word' id='word_1_398' title='bbox 1940 2280 2075 2348; x_wconf 90' lang='lat' dir='ltr'><strong>Sed,</strong></span> <span class='ocrx_word' id='word_1_399' title='bbox 2097 2296 2134 2337; x_wconf 92' lang='grc' dir='ltr'><strong>ο</strong></span> <span class='ocrx_word' id='word_1_400' title='bbox 2164 2296 2373 2337; x_wconf 89' lang='lat' dir='ltr'><strong>carum</strong></span> <span class='ocrx_word' id='word_1_401' title='bbox 2395 2283 2594 2352; x_wconf 91' lang='lat' dir='ltr'><strong>caput,</strong></span> <span class='ocrx_word' id='word_1_402' title='bbox 2634 2279 2770 2336; x_wconf 90' lang='lat' dir='ltr'><strong>licet</strong></span> <span class='ocrx_word' id='word_1_403' title='bbox 2787 2283 2992 2337; x_wconf 91' lang='lat' dir='ltr'><strong>tamen</strong></span> <span class='ocrx_word' id='word_1_404' title='bbox 3011 2279 3074 2336; x_wconf 95' lang='lat' dir='ltr'><strong>id</strong></span> <span class='ocrx_word' id='word_1_405' title='bbox 3092 2279 3394 2348; x_wconf 91' lang='lat' dir='ltr'><strong>acciderit,</strong></span> <span class='ocrx_word' id='word_1_406' title='bbox 3417 2295 3543 2338; x_wconf 92' lang='lat' dir='ltr'><strong>non</strong></span> 
     </span>
    </p>
   </div>
   <div class='ocr_carea' id='block_1_56' title="bbox 1881 2367 3539 2442">
    <p class='ocr_par' dir='ltr' id='par_1_56' title="bbox 1881 2367 3539 2442">
     <span class='ocr_line' id='line_1_56' title="bbox 1881 2367 3539 2442; baseline 0.003 -19"><span class='ocrx_word' id='word_1_407' title='bbox 1881 2367 2018 2426; x_wconf 89' lang='lat' dir='ltr'><strong>ideo</strong></span> <span class='ocrx_word' id='word_1_408' title='bbox 2039 2385 2135 2426; x_wconf 90' lang='lat' dir='ltr'><strong>res</strong></span> <span class='ocrx_word' id='word_1_409' title='bbox 2165 2373 2388 2426; x_wconf 58' lang='lat' dir='ltr'><strong>nostra;</strong></span> <span class='ocrx_word' id='word_1_410' title='bbox 2417 2368 2574 2425; x_wconf 90' lang='lat' dir='ltr'><strong>male</strong></span> <span class='ocrx_word' id='word_1_411' title='bbox 2605 2384 2670 2425; x_wconf 91' lang='lat' dir='ltr'><strong>se</strong></span> <span class='ocrx_word' id='word_1_412' title='bbox 2697 2368 3030 2425; x_wconf 90' lang='lat' dir='ltr'><strong>habebunt.</strong></span> <span class='ocrx_word' id='word_1_413' title='bbox 3083 2372 3357 2442; x_wconf 85' lang='lat' dir='ltr'><strong>Namque</strong></span> <span class='ocrx_word' id='word_1_414' title='bbox 3411 2385 3539 2428; x_wconf 87' lang='lat' dir='ltr'><strong>ma-</strong></span> 
     </span>
    </p>
   </div>
   <div class='ocr_carea' id='block_1_57' title="bbox 1883 2457 3539 2531">
    <p class='ocr_par' dir='ltr' id='par_1_57' title="bbox 1883 2457 3539 2531">
     <span class='ocr_line' id='line_1_57' title="bbox 1883 2457 3539 2531; baseline 0 -15"><span class='ocrx_word' id='word_1_415' title='bbox 1883 2475 2038 2531; x_wconf 91' lang='lat' dir='ltr'><strong>gnus</strong></span> <span class='ocrx_word' id='word_1_416' title='bbox 2058 2459 2419 2516; x_wconf 87' lang='lat' dir='ltr'><strong>domesticus</strong></span> <span class='ocrx_word' id='word_1_417' title='bbox 2436 2457 2868 2515; x_wconf 64' lang='lat' dir='ltr'><strong>Thessalonicae</strong></span> <span class='ocrx_word' id='word_1_418' title='bbox 2883 2457 3113 2528; x_wconf 89' lang='lat' dir='ltr'><strong>degens</strong></span> <span class='ocrx_word' id='word_1_419' title='bbox 3133 2457 3298 2515; x_wconf 91' lang='lat' dir='ltr'><strong>illam</strong></span> <span class='ocrx_word' id='word_1_420' title='bbox 3324 2458 3539 2516; x_wconf 89' lang='lat' dir='ltr'><strong>mode-</strong></span> 
     </span>
    </p>
   </div>
   <div class='ocr_carea' id='block_1_58' title="bbox 1880 2546 3538 2622">
    <p class='ocr_par' dir='ltr' id='par_1_58' title="bbox 1880 2546 3538 2622">
     <span class='ocr_line' id='line_1_58' title="bbox 1880 2546 3538 2622; baseline -0.001 -16"><span class='ocrx_word' id='word_1_421' title='bbox 1880 2553 2064 2606; x_wconf 89' lang='lat' dir='ltr'><strong>ratur.</strong></span> <span class='ocrx_word' id='word_1_422' title='bbox 2099 2551 2162 2606; x_wconf 86' lang='lat' dir='ltr'><strong>Et</strong></span> <span class='ocrx_word' id='word_1_423' title='bbox 2177 2549 2274 2605; x_wconf 90' lang='lat' dir='ltr'><strong>hic</strong></span> <span class='ocrx_word' id='word_1_424' title='bbox 2303 2548 2432 2622; x_wconf 86' lang='lat' dir='ltr'><strong>ipse</strong></span> <span class='ocrx_word' id='word_1_425' title='bbox 2463 2549 2801 2604; x_wconf 88' lang='lat' dir='ltr'><strong>Comnenus</strong></span> <span class='ocrx_word' id='word_1_426' title='bbox 2832 2547 3099 2616; x_wconf 80' lang='lat' dir='ltr'><strong>Michael,</strong></span> <span class='ocrx_word' id='word_1_427' title='bbox 3143 2546 3300 2604; x_wconf 90' lang='lat' dir='ltr'><strong>illius</strong></span> <span class='ocrx_word' id='word_1_428' title='bbox 3352 2547 3538 2618; x_wconf 87' lang='lat' dir='ltr'><strong>ﬁlius,</strong></span> 
     </span>
    </p>
   </div>
   <div class='ocr_carea' id='block_1_59' title="bbox 1882 2635 3536 2711">
    <p class='ocr_par' dir='ltr' id='par_1_59' title="bbox 1882 2635 3536 2711">
     <span class='ocr_line' id='line_1_59' title="bbox 1882 2635 3536 2711; baseline 0 -17"><span class='ocrx_word' id='word_1_429' title='bbox 1882 2639 2100 2695; x_wconf 79' lang='lat' dir='ltr'><strong>nostris</strong></span> <span class='ocrx_word' id='word_1_430' title='bbox 2111 2637 2358 2694; x_wconf 87' lang='lat' dir='ltr'><strong>urbibus</strong></span> <span class='ocrx_word' id='word_1_431' title='bbox 2377 2653 2623 2711; x_wconf 86' lang='lat' dir='ltr'><strong>operam</strong></span> <span class='ocrx_word' id='word_1_432' title='bbox 2637 2640 2890 2710; x_wconf 70' lang='lat' dir='ltr'><strong>praestat.</strong></span> <span class='ocrx_word' id='word_1_433' title='bbox 2936 2635 3028 2693; x_wconf 87' lang='lat' dir='ltr'><strong>Ab</strong></span> <span class='ocrx_word' id='word_1_434' title='bbox 3048 2637 3140 2694; x_wconf 85' lang='lat' dir='ltr'><strong>his</strong></span> <span class='ocrx_word' id='word_1_435' title='bbox 3160 2637 3363 2710; x_wconf 88' lang='lat' dir='ltr'><strong>itaque</strong></span> <span class='ocrx_word' id='word_1_436' title='bbox 3373 2637 3536 2704; x_wconf 91' lang='lat' dir='ltr'><strong>viris,</strong></span> 
     </span>
    </p>
   </div>
   <div class='ocr_carea' id='block_1_60' title="bbox 1882 2726 3541 2801">
    <p class='ocr_par' dir='ltr' id='par_1_60' title="bbox 1882 2726 3541 2801">
     <span class='ocr_line' id='line_1_60' title="bbox 1882 2726 3541 2801; baseline -0.001 -16"><span class='ocrx_word' id='word_1_437' title='bbox 1882 2728 2078 2801; x_wconf 91' lang='lat' dir='ltr'><strong>iisque</strong></span> <span class='ocrx_word' id='word_1_438' title='bbox 2095 2726 2553 2799; x_wconf 73' lang='lat' dir='ltr'><strong>maximis,!dum</strong></span> <span class='ocrx_word' id='word_1_439' title='bbox 2569 2727 2994 2796; x_wconf 88' lang='lat' dir='ltr'><strong>gubernamur,</strong></span> <span class='ocrx_word' id='word_1_440' title='bbox 3012 2741 3324 2799; x_wconf 87' lang='lat' dir='ltr'><strong>nunquam</strong></span> <span class='ocrx_word' id='word_1_441' title='bbox 3334 2726 3541 2801; x_wconf 88' lang='lat' dir='ltr'><strong>aliqua</strong></span> 
     </span>
    </p>
   </div>
   <div class='ocr_carea' id='block_1_61' title="bbox 1885 2815 3543 2890">
    <p class='ocr_par' dir='ltr' id='par_1_61' title="bbox 1885 2815 3543 2890">
     <span class='ocr_line' id='line_1_61' title="bbox 1885 2815 3543 2890; baseline -0.001 -17"><span class='ocrx_word' id='word_1_442' title='bbox 1885 2821 2234 2890; x_wconf 87' lang='lat' dir='ltr'><strong>tempestate</strong></span> <span class='ocrx_word' id='word_1_443' title='bbox 2253 2815 2470 2888; x_wconf 88' lang='lat' dir='ltr'><strong>jactari</strong></span> <span class='ocrx_word' id='word_1_444' title='bbox 2506 2815 2856 2888; x_wconf 83' lang='lat' dir='ltr'><strong>poterimus.</strong></span> <span class='ocrx_word' id='word_1_445' title='bbox 2889 2817 3180 2872; x_wconf 63' lang='lat' dir='ltr'><strong>Praeterea</strong></span> <span class='ocrx_word' id='word_1_446' title='bbox 3228 2815 3543 2873; x_wconf 87' lang='lat' dir='ltr'><strong>Callimani</strong></span> 
     </span>
    </p>
   </div>
   <div class='ocr_carea' id='block_1_62' title="bbox 1883 2903 3540 2978">
    <p class='ocr_par' dir='ltr' id='par_1_62' title="bbox 1883 2903 3540 2978">
     <span class='ocr_line' id='line_1_62' title="bbox 1883 2903 3540 2978; baseline 0 -18"><span class='ocrx_word' id='word_1_447' title='bbox 1883 2906 2124 2978; x_wconf 89' lang='lat' dir='ltr'><strong>Bulgari</strong></span> <span class='ocrx_word' id='word_1_448' title='bbox 2137 2922 2305 2962; x_wconf 91' lang='lat' dir='ltr'><strong>soror</strong></span> <span class='ocrx_word' id='word_1_449' title='bbox 2329 2906 2608 2975; x_wconf 87' lang='lat' dir='ltr'><strong>Thamar,</strong></span> <span class='ocrx_word' id='word_1_450' title='bbox 2623 2903 2768 2962; x_wconf 89' lang='lat' dir='ltr'><strong>nulli</strong></span> <span class='ocrx_word' id='word_1_451' title='bbox 2800 2907 3010 2976; x_wconf 88' lang='lat' dir='ltr'><strong>nupta,</strong></span> <span class='ocrx_word' id='word_1_452' title='bbox 3026 2904 3414 2960; x_wconf 90' lang='lat' dir='ltr'><strong>matrimonio</strong></span> <span class='ocrx_word' id='word_1_453' title='bbox 3437 2905 3540 2960; x_wconf 87' lang='lat' dir='ltr'><strong>Mi-</strong></span> 
     </span>
    </p>
   </div>
   <div class='ocr_carea' id='block_1_63' title="bbox 1883 2991 3543 3066">
    <p class='ocr_par' dir='ltr' id='par_1_63' title="bbox 1883 2991 3543 3066">
     <span class='ocr_line' id='line_1_63' title="bbox 1883 2991 3543 3066; baseline -0.003 -14"><span class='ocrx_word' id='word_1_454' title='bbox 1883 2996 2074 3054; x_wconf 91' lang='lat' dir='ltr'><strong>chaeli</strong></span> <span class='ocrx_word' id='word_1_455' title='bbox 2105 2998 2410 3053; x_wconf 91' lang='lat' dir='ltr'><strong>Comneno</strong></span> <span class='ocrx_word' id='word_1_456' title='bbox 2434 2995 2738 3066; x_wconf 90' lang='lat' dir='ltr'><strong>jungetur.</strong></span> <span class='ocrx_word' id='word_1_457' title='bbox 2766 2993 2836 3049; x_wconf 89' lang='lat' dir='ltr'><strong>Et</strong></span> <span class='ocrx_word' id='word_1_458' title='bbox 2869 2993 2954 3048; x_wconf 90' lang='lat' dir='ltr'><strong>sic</strong></span> <span class='ocrx_word' id='word_1_459' title='bbox 2981 2992 3134 3049; x_wconf 90' lang='lat' dir='ltr'><strong>inter</strong></span> <span class='ocrx_word' id='word_1_460' title='bbox 3163 3007 3276 3048; x_wconf 92' lang='lat' dir='ltr'><strong>nos</strong></span> <span class='ocrx_word' id='word_1_461' title='bbox 3313 3007 3384 3049; x_wconf 90' lang='lat' dir='ltr'><strong>ac</strong></span> <span class='ocrx_word' id='word_1_462' title='bbox 3416 2991 3543 3048; x_wconf 90' lang='lat' dir='ltr'><strong>Bul-</strong></span> 
     </span>
    </p>
   </div>
   <div class='ocr_carea' id='block_1_64' title="bbox 169 3079 1790 3163">
    <p class='ocr_par' dir='ltr' id='par_1_64' title="bbox 169 3082 1775 3158">
     <span class='ocr_line' id='line_1_64' title="bbox 169 3082 1775 3158; baseline 0.002 -24"><span class='ocrx_word' id='word_1_463' title='bbox 169 3087 423 3154; x_wconf 79' lang='grc' dir='ltr'>Κομνηνῷ</span> <span class='ocrx_word' id='word_1_464' title='bbox 461 3082 706 3155; x_wconf 73' lang='grc' dir='ltr'>Μιχαὴλ,</span> <span class='ocrx_word' id='word_1_465' title='bbox 747 3088 838 3137; x_wconf 85' lang='grc' dir='ltr'>καὶ</span> <span class='ocrx_word' id='word_1_466' title='bbox 889 3089 1200 3156; x_wconf 76' lang='grc' dir='ltr'>γενήσονται</span> <span class='ocrx_word' id='word_1_467' title='bbox 1247 3083 1446 3139; x_wconf 82' lang='grc' dir='ltr'>σποδαὶ</span> <span class='ocrx_word' id='word_1_468' title='bbox 1506 3089 1664 3158; x_wconf 87' lang='grc' dir='ltr'>μέσον</span> <span class='ocrx_word' id='word_1_469' title='bbox 1720 3103 1775 3138; x_wconf 92' lang='grc' dir='ltr'><strong>τε</strong></span> 
     </span>
    </p>
   </div>
   <div class='ocr_carea' id='block_1_65' title="bbox 1881 3079 3542 3163">
    <p class='ocr_par' dir='ltr' id='par_1_65' title="bbox 1883 3079 3542 3159">
     <span class='ocr_line' id='line_1_65' title="bbox 1883 3079 3542 3159; baseline -0.004 -17"><span class='ocrx_word' id='word_1_470' title='bbox 1883 3101 2061 3159; x_wconf 89' lang='lat' dir='ltr'><strong>garos</strong></span> <span class='ocrx_word' id='word_1_471' title='bbox 2080 3100 2199 3159; x_wconf 83' lang='lat' dir='ltr'><strong>pax</strong></span> <span class='ocrx_word' id='word_1_472' title='bbox 2224 3082 2655 3140; x_wconf 89' lang='lat' dir='ltr'><strong>conciliabitur.</strong></span> <span class='ocrx_word' id='word_1_473' title='bbox 2692 3104 2720 3133; x_wconf 73' lang='grc' dir='ltr'><strong>ν</strong></span> <span class='ocrx_word' id='word_1_474' title='bbox 2748 3081 2885 3138; x_wconf 64' lang='lat' dir='ltr'><strong>Haec</strong></span> <span class='ocrx_word' id='word_1_475' title='bbox 2914 3080 2994 3138; x_wconf 92' lang='lat' dir='ltr'><strong>ab</strong></span> <span class='ocrx_word' id='word_1_476' title='bbox 3020 3081 3137 3137; x_wconf 91' lang='lat' dir='ltr'><strong>illis</strong></span> <span class='ocrx_word' id='word_1_477' title='bbox 3185 3080 3379 3136; x_wconf 85' lang='lat' dir='ltr'><strong>inscio</strong></span> <span class='ocrx_word' id='word_1_478' title='bbox 3439 3079 3542 3137; x_wconf 82' lang='lat' dir='ltr'><strong>Mi-</strong></span> 
     </span>
    </p>
   </div>
   <div class='ocr_carea' id='block_1_66' title="bbox 163 3171 1772 3248">
    <p class='ocr_par' dir='ltr' id='par_1_66' title="bbox 163 3171 1772 3248">
     <span class='ocr_line' id='line_1_66' title="bbox 163 3171 1772 3248; baseline 0.003 -25"><span class='ocrx_word' id='word_1_479' title='bbox 163 3173 316 3244; x_wconf 75' lang='grc' dir='ltr'>ἡμῶν</span> <span class='ocrx_word' id='word_1_480' title='bbox 343 3177 433 3225; x_wconf 81' lang='grc' dir='ltr'>καὶ</span> <span class='ocrx_word' id='word_1_481' title='bbox 471 3173 795 3248; x_wconf 84' lang='grc' dir='ltr'>Βουλγάρων.</span> <span class='ocrx_word' id='word_1_482' title='bbox 859 3196 880 3223; x_wconf 76' lang='grc' dir='ltr'><strong><em>ι</em></strong></span> <span class='ocrx_word' id='word_1_483' title='bbox 942 3181 1122 3228; x_wconf 87' lang='grc' dir='ltr'>Ταῦτα</span> <span class='ocrx_word' id='word_1_484' title='bbox 1170 3171 1238 3236; x_wconf 73' lang='grc' dir='ltr'><strong>δὴ</strong></span> <span class='ocrx_word' id='word_1_485' title='bbox 1294 3175 1596 3235; x_wconf 83' lang='grc' dir='ltr'>λελάληνται</span> <span class='ocrx_word' id='word_1_486' title='bbox 1649 3179 1772 3248; x_wconf 87' lang='grc' dir='ltr'>παρ’</span> 
     </span>
    </p>
   </div>
   <div class='ocr_carea' id='block_1_67' title="bbox 162 3259 1773 3342">
    <p class='ocr_par' dir='ltr' id='par_1_67' title="bbox 162 3259 1773 3342">
     <span class='ocr_line' id='line_1_67' title="bbox 162 3259 1773 3342; baseline 0.003 -29"><span class='ocrx_word' id='word_1_487' title='bbox 162 3261 359 3328; x_wconf 69' lang='grc' dir='ltr'>αὐτῶν,</span> <span class='ocrx_word' id='word_1_488' title='bbox 394 3259 562 3334; x_wconf 74' lang='grc' dir='ltr'>μηδεν</span> <span class='ocrx_word' id='word_1_489' title='bbox 588 3259 793 3324; x_wconf 83' lang='grc' dir='ltr'>εἰδότος</span> <span class='ocrx_word' id='word_1_490' title='bbox 820 3272 913 3317; x_wconf 89' lang='grc' dir='ltr'><strong>τοῦ</strong></span> <span class='ocrx_word' id='word_1_491' title='bbox 945 3271 1212 3338; x_wconf 82' lang='grc' dir='ltr'>Κομνηνοῦ</span> <span class='ocrx_word' id='word_1_492' title='bbox 1248 3265 1484 3338; x_wconf 85' lang='grc' dir='ltr'>Μιχαήλ.</span> <span class='ocrx_word' id='word_1_493' title='bbox 1543 3269 1773 3342; x_wconf 88' lang='grc' dir='ltr'>Θάτερος</span> 
     </span>
    </p>
   </div>
   <div class='ocr_carea' id='block_1_68' title="bbox 160 3346 1774 3430">
    <p class='ocr_par' dir='ltr' id='par_1_68' title="bbox 160 3346 1774 3430">
     <span class='ocr_line' id='line_1_68' title="bbox 160 3346 1774 3430; baseline 0.004 -27"><span class='ocrx_word' id='word_1_494' title='bbox 160 3346 255 3403; x_wconf 82' lang='grc' dir='ltr'>οὖν</span> <span class='ocrx_word' id='word_1_495' title='bbox 293 3358 402 3403; x_wconf 86' lang='grc' dir='ltr'>τοῖν</span> <span class='ocrx_word' id='word_1_496' title='bbox 432 3347 580 3404; x_wconf 82' lang='grc' dir='ltr'>δυοῖν</span> <span class='ocrx_word' id='word_1_497' title='bbox 610 3351 830 3406; x_wconf 85' lang='grc' dir='ltr'>έπελθών</span> <span class='ocrx_word' id='word_1_498' title='bbox 888 3358 1020 3429; x_wconf 89' lang='grc' dir='ltr'>πρός</span> <span class='ocrx_word' id='word_1_499' title='bbox 1073 3358 1158 3408; x_wconf 91' lang='grc' dir='ltr'>τόν</span> <span class='ocrx_word' id='word_1_500' title='bbox 1210 3355 1472 3430; x_wconf 75' lang='grc' dir='ltr'>εἰρημένον</span> <span class='ocrx_word' id='word_1_501' title='bbox 1525 3355 1774 3428; x_wconf 82' lang='grc' dir='ltr'>Μαγκλα-</span> 
     </span>
    </p>
   </div>
   <div class='ocr_carea' id='block_1_69' title="bbox 159 3433 1771 3518">
    <p class='ocr_par' dir='ltr' id='par_1_69' title="bbox 159 3433 1771 3518">
     <span class='ocr_line' id='line_1_69' title="bbox 159 3433 1771 3518; baseline 0.004 -26"><span class='ocrx_word' id='word_1_502' title='bbox 159 3438 316 3498; x_wconf 76' lang='grc' dir='ltr'>είτην</span> <span class='ocrx_word' id='word_1_503' title='bbox 349 3439 644 3513; x_wconf 78' lang='grc' dir='ltr'>ἀνήγγειλεν</span> <span class='ocrx_word' id='word_1_504' title='bbox 711 3441 852 3513; x_wconf 82' lang='grc' dir='ltr'>αύτῷ</span> <span class='ocrx_word' id='word_1_505' title='bbox 917 3433 1270 3512; x_wconf 80' lang='grc' dir='ltr'>τὰτοιαῦτα,</span> <span class='ocrx_word' id='word_1_506' title='bbox 1325 3446 1350 3496; x_wconf 88' lang='lat'><strong>6</strong></span> <span class='ocrx_word' id='word_1_507' title='bbox 1413 3441 1472 3498; x_wconf 69' lang='grc' dir='ltr'><strong>δὲ</strong></span> <span class='ocrx_word' id='word_1_508' title='bbox 1528 3433 1771 3518; x_wconf 76' lang='grc' dir='ltr'>ἀνήνεγκε</span> 
     </span>
    </p>
   </div>
   <div class='ocr_carea' id='block_1_70' title="bbox 155 3527 1770 3610">
    <p class='ocr_par' dir='ltr' id='par_1_70' title="bbox 155 3527 1770 3610">
     <span class='ocr_line' id='line_1_70' title="bbox 155 3527 1770 3610; baseline 0.003 -28"><span class='ocrx_word' id='word_1_509' title='bbox 155 3536 235 3600; x_wconf 83' lang='grc' dir='ltr'>τῷ</span> <span class='ocrx_word' id='word_1_510' title='bbox 268 3527 498 3603; x_wconf 76' lang='grc' dir='ltr'>βασιλεῖ.</span> <span class='ocrx_word' id='word_1_511' title='bbox 536 3533 959 3603; x_wconf 80' lang='grc' dir='ltr'>Κατασχεθέντες</span> <span class='ocrx_word' id='word_1_512' title='bbox 1001 3533 1088 3586; x_wconf 80' lang='grc' dir='ltr'>οὖν</span> <span class='ocrx_word' id='word_1_513' title='bbox 1120 3539 1214 3587; x_wconf 86' lang='grc' dir='ltr'>καὶ</span> <span class='ocrx_word' id='word_1_514' title='bbox 1267 3534 1424 3607; x_wconf 78' lang='grc' dir='ltr'>ἄμφω</span> <span class='ocrx_word' id='word_1_515' title='bbox 1472 3535 1770 3610; x_wconf 75' lang='grc' dir='ltr'>ἠρώτηνται</span> 
     </span>
    </p>
   </div>
   <div class='ocr_carea' id='block_1_71' title="bbox 156 3618 1768 3696">
    <p class='ocr_par' dir='ltr' id='par_1_71' title="bbox 156 3618 1768 3696">
     <span class='ocr_line' id='line_1_71' title="bbox 156 3618 1768 3696; baseline 0.003 -25"><span class='ocrx_word' id='word_1_516' title='bbox 156 3623 281 3694; x_wconf 81' lang='grc' dir='ltr'>περὶ</span> <span class='ocrx_word' id='word_1_517' title='bbox 309 3627 408 3671; x_wconf 84' lang='grc' dir='ltr'>τῶν</span> <span class='ocrx_word' id='word_1_518' title='bbox 459 3618 786 3694; x_wconf 85' lang='grc' dir='ltr'>λελεγμένων.</span> <span class='ocrx_word' id='word_1_519' title='bbox 840 3621 899 3674; x_wconf 78' lang='grc' dir='ltr'><strong>Ὀ</strong></span> <span class='ocrx_word' id='word_1_520' title='bbox 951 3627 1041 3695; x_wconf 87' lang='grc' dir='ltr'><strong>μέν</strong></span> <span class='ocrx_word' id='word_1_521' title='bbox 1094 3623 1182 3675; x_wconf 78' lang='grc' dir='ltr'>όῦν</span> <span class='ocrx_word' id='word_1_522' title='bbox 1256 3627 1558 3696; x_wconf 83' lang='grc' dir='ltr'>κατηγόρει,</span> <span class='ocrx_word' id='word_1_523' title='bbox 1615 3625 1768 3677; x_wconf 82' lang='grc' dir='ltr'>θάτε-</span> 
     </span>
    </p>
   </div>
   <div class='ocr_carea' id='block_1_72' title="bbox 150 3703 1768 3785">
    <p class='ocr_par' dir='ltr' id='par_1_72' title="bbox 150 3703 1768 3785">
     <span class='ocr_line' id='line_1_72' title="bbox 150 3703 1768 3785; baseline 0.004 -26"><span class='ocrx_word' id='word_1_524' title='bbox 150 3727 248 3782; x_wconf 84' lang='grc' dir='ltr'><strong>ρος</strong></span> <span class='ocrx_word' id='word_1_525' title='bbox 281 3703 342 3760; x_wconf 72' lang='grc' dir='ltr'>δε</span> <span class='ocrx_word' id='word_1_526' title='bbox 366 3708 812 3782; x_wconf 87' lang='grc' dir='ltr'>ύπεραπελογεῖτο.</span> <span class='ocrx_word' id='word_1_527' title='bbox 840 3709 1065 3784; x_wconf 83' lang='grc' dir='ltr'>’Ἐφησεν</span> <span class='ocrx_word' id='word_1_528' title='bbox 1096 3709 1204 3779; x_wconf 79' lang='grc' dir='ltr'>οὖν,</span> <span class='ocrx_word' id='word_1_529' title='bbox 1257 3715 1322 3774; x_wconf 79' lang='grc' dir='ltr'><strong>ὡς</strong></span> <span class='ocrx_word' id='word_1_530' title='bbox 1385 3711 1620 3775; x_wconf 85' lang='grc' dir='ltr'>Ἀληθῶς</span> <span class='ocrx_word' id='word_1_531' title='bbox 1677 3716 1768 3785; x_wconf 72' lang='grc' dir='ltr'>μὶν</span> 
     </span>
    </p>
   </div>
   <div class='ocr_carea' id='block_1_73' title="bbox 151 3797 1768 3876">
    <p class='ocr_par' dir='ltr' id='par_1_73' title="bbox 151 3797 1768 3876">
     <span class='ocr_line' id='line_1_73' title="bbox 151 3797 1768 3876; baseline 0.003 -27"><span class='ocrx_word' id='word_1_532' title='bbox 151 3798 344 3850; x_wconf 79' lang='grc' dir='ltr'>οὑτοσὶ</span> <span class='ocrx_word' id='word_1_533' title='bbox 386 3797 594 3871; x_wconf 79' lang='grc' dir='ltr'>εἰρήκει,</span> <span class='ocrx_word' id='word_1_534' title='bbox 655 3798 778 3875; x_wconf 89' lang='grc' dir='ltr'>παρ’</span> <span class='ocrx_word' id='word_1_535' title='bbox 861 3799 986 3873; x_wconf 87' lang='grc' dir='ltr'>έμοῦ</span> <span class='ocrx_word' id='word_1_536' title='bbox 1037 3804 1138 3876; x_wconf 82' lang='grc' dir='ltr'>γὰρ</span> <span class='ocrx_word' id='word_1_537' title='bbox 1209 3799 1448 3860; x_wconf 75' lang='grc' dir='ltr'>ἀκήκοεν·</span> <span class='ocrx_word' id='word_1_538' title='bbox 1509 3800 1615 3853; x_wconf 87' lang='grc' dir='ltr'>ἀλλ’</span> <span class='ocrx_word' id='word_1_539' title='bbox 1674 3801 1768 3854; x_wconf 86' lang='grc' dir='ltr'><strong>ούκ</strong></span> 
     </span>
    </p>
   </div>
   <div class='ocr_carea' id='block_1_74' title="bbox 154 3881 1766 3962">
    <p class='ocr_par' dir='ltr' id='par_1_74' title="bbox 154 3881 1766 3962">
     <span class='ocr_line' id='line_1_74' title="bbox 154 3881 1766 3962; baseline 0.003 -24"><span class='ocrx_word' id='word_1_540' title='bbox 154 3881 369 3944; x_wconf 74' lang='grc' dir='ltr'>εἰδόσει</span> <span class='ocrx_word' id='word_1_541' title='bbox 419 3905 510 3960; x_wconf 93' lang='grc' dir='ltr'><strong>μοι</strong></span> <span class='ocrx_word' id='word_1_542' title='bbox 559 3890 760 3960; x_wconf 77' lang='grc' dir='ltr'>εἴρηται</span> <span class='ocrx_word' id='word_1_543' title='bbox 815 3897 907 3942; x_wconf 90' lang='grc' dir='ltr'><strong>τοῦ</strong></span> <span class='ocrx_word' id='word_1_544' title='bbox 967 3897 1261 3962; x_wconf 78' lang='grc' dir='ltr'>Κομνηνοῦ,</span> <span class='ocrx_word' id='word_1_545' title='bbox 1314 3890 1424 3943; x_wconf 84' lang='grc' dir='ltr'>ἀλλ’</span> <span class='ocrx_word' id='word_1_546' title='bbox 1478 3889 1530 3955; x_wconf 73' lang='grc' dir='ltr'><strong>ἐξ</strong></span> <span class='ocrx_word' id='word_1_547' title='bbox 1581 3890 1766 3944; x_wconf 76' lang='grc' dir='ltr'>ἑαυτοῦ</span> 
     </span>
    </p>
   </div>
   <div class='ocr_carea' id='block_1_75' title="bbox 152 3975 1766 4052">
    <p class='ocr_par' dir='ltr' id='par_1_75' title="bbox 152 3975 1766 4052">
     <span class='ocr_line' id='line_1_75' title="bbox 152 3975 1766 4052; baseline 0.002 -24"><span class='ocrx_word' id='word_1_548' title='bbox 152 3978 283 4036; x_wconf 81' lang='grc' dir='ltr'>τοὺς</span> <span class='ocrx_word' id='word_1_549' title='bbox 335 3975 518 4047; x_wconf 87' lang='grc' dir='ltr'>λόγους</span> <span class='ocrx_word' id='word_1_550' title='bbox 567 3979 789 4039; x_wconf 90' lang='grc' dir='ltr'>τούτους</span> <span class='ocrx_word' id='word_1_551' title='bbox 843 3983 1159 4052; x_wconf 83' lang='grc' dir='ltr'>προήνεγκα.</span> <span class='ocrx_word' id='word_1_552' title='bbox 1235 3981 1588 4052; x_wconf 78' lang='grc' dir='ltr'>’Βναγκάζετο</span> <span class='ocrx_word' id='word_1_553' title='bbox 1643 3987 1766 4052; x_wconf 90' lang='grc' dir='ltr'>γοῦν</span> 
     </span>
    </p>
   </div>
   <div class='ocr_carea' id='block_1_76' title="bbox 152 4063 1768 4142">
    <p class='ocr_par' dir='ltr' id='par_1_76' title="bbox 152 4063 1768 4142">
     <span class='ocr_line' id='line_1_76' title="bbox 152 4063 1768 4142; baseline 0.003 -25"><span class='ocrx_word' id='word_1_554' title='bbox 152 4069 282 4138; x_wconf 84' lang='grc' dir='ltr'>περὶ</span> <span class='ocrx_word' id='word_1_555' title='bbox 341 4067 545 4117; x_wconf 87' lang='grc' dir='ltr'>τούτου·</span> <span class='ocrx_word' id='word_1_556' title='bbox 605 4063 718 4120; x_wconf 74' lang='grc' dir='ltr'><strong>ὁδε</strong></span> <span class='ocrx_word' id='word_1_557' title='bbox 773 4068 974 4141; x_wconf 75' lang='grc' dir='ltr'>ἠρνεῖτο</span> <span class='ocrx_word' id='word_1_558' title='bbox 1020 4069 1266 4133; x_wconf 77' lang='grc' dir='ltr'>καθάπαξ</span> <span class='ocrx_word' id='word_1_559' title='bbox 1324 4074 1396 4142; x_wconf 73' lang='grc' dir='ltr'><strong>μη</strong></span> <span class='ocrx_word' id='word_1_560' title='bbox 1457 4066 1649 4123; x_wconf 82' lang='grc' dir='ltr'>εἰδέναι</span> <span class='ocrx_word' id='word_1_561' title='bbox 1716 4089 1768 4122; x_wconf 91' lang='grc' dir='ltr'><strong>τι</strong></span> 
     </span>
    </p>
   </div>
   <div class='ocr_carea' id='block_1_77' title="bbox 153 4155 1769 4232">
    <p class='ocr_par' dir='ltr' id='par_1_77' title="bbox 153 4155 1769 4232">
     <span class='ocr_line' id='line_1_77' title="bbox 153 4155 1769 4232; baseline 0.003 -26"><span class='ocrx_word' id='word_1_562' title='bbox 153 4157 279 4226; x_wconf 61' lang='lat' dir='ltr'><strong>rvpi</strong></span> <span class='ocrx_word' id='word_1_563' title='bbox 305 4156 490 4207; x_wconf 88' lang='grc' dir='ltr'>τούτου</span> <span class='ocrx_word' id='word_1_564' title='bbox 521 4158 580 4207; x_wconf 87' lang='grc' dir='ltr'><strong>τό</strong></span> <span class='ocrx_word' id='word_1_565' title='bbox 634 4155 846 4209; x_wconf 89' lang='grc' dir='ltr'>σύνολον</span> <span class='ocrx_word' id='word_1_566' title='bbox 907 4159 994 4210; x_wconf 87' lang='grc' dir='ltr'>τὸν</span> <span class='ocrx_word' id='word_1_567' title='bbox 1046 4162 1311 4230; x_wconf 80' lang='grc' dir='ltr'>Κομνηνὸν</span> <span class='ocrx_word' id='word_1_568' title='bbox 1367 4158 1609 4232; x_wconf 74' lang='grc' dir='ltr'>Μιχαὴλ.</span> <span class='ocrx_word' id='word_1_569' title='bbox 1661 4159 1769 4214; x_wconf 82' lang='grc' dir='ltr'><strong>Ἐν-</strong></span> 
     </span>
    </p>
   </div>
   <div class='ocr_carea' id='block_1_78' title="bbox 153 4243 1766 4322">
    <p class='ocr_par' dir='ltr' id='par_1_78' title="bbox 153 4243 1766 4322">
     <span class='ocr_line' id='line_1_78' title="bbox 153 4243 1766 4322; baseline 0.004 -26"><span class='ocrx_word' id='word_1_570' title='bbox 153 4243 348 4296; x_wconf 85' lang='grc' dir='ltr'>ταῦθεν</span> <span class='ocrx_word' id='word_1_571' title='bbox 381 4243 696 4319; x_wconf 74' lang='grc' dir='ltr'>ηὐτρέπιστο</span> <span class='ocrx_word' id='word_1_572' title='bbox 733 4249 937 4310; x_wconf 87' lang='grc' dir='ltr'>τούτοις</span> <span class='ocrx_word' id='word_1_573' title='bbox 1007 4254 1353 4322; x_wconf 87' lang='grc' dir='ltr'>στρατιωτική</span> <span class='ocrx_word' id='word_1_574' title='bbox 1417 4268 1497 4310; x_wconf 84' lang='grc' dir='ltr'><strong>τις</strong></span> <span class='ocrx_word' id='word_1_575' title='bbox 1555 4245 1766 4303; x_wconf 85' lang='grc' dir='ltr'>ἀποδει-</span> 
     </span>
    </p>
   </div>
   <div class='ocr_carea' id='block_1_79' title="bbox 153 4329 1767 4411">
    <p class='ocr_par' dir='ltr' id='par_1_79' title="bbox 153 4329 1767 4411">
     <span class='ocr_line' id='line_1_79' title="bbox 153 4329 1767 4411; baseline 0.01 -29"><span class='ocrx_word' id='word_1_576' title='bbox 153 4331 262 4400; x_wconf 79' lang='grc' dir='ltr'>ξις,</span> <span class='ocrx_word' id='word_1_577' title='bbox 295 4329 401 4384; x_wconf 72' lang='grc' dir='ltr'>ἐπεὶ</span> <span class='ocrx_word' id='word_1_578' title='bbox 431 4337 502 4406; x_wconf 78' lang='grc' dir='ltr'>μὴ</span> <span class='ocrx_word' id='word_1_579' title='bbox 533 4335 776 4409; x_wconf 81' lang='grc' dir='ltr'>ὑπῆρχον</span> <span class='ocrx_word' id='word_1_580' title='bbox 821 4338 871 4387; x_wconf 84' lang='grc' dir='ltr'>οἱ</span> <span class='ocrx_word' id='word_1_581' title='bbox 899 4345 1297 4411; x_wconf 85' lang='grc' dir='ltr'>μαρτυροῦντες,</span> <span class='ocrx_word' id='word_1_582' title='bbox 1328 4339 1358 4397; x_wconf 80' lang='grc' dir='ltr'><strong>ἠ</strong></span> <span class='ocrx_word' id='word_1_583' title='bbox 1430 4335 1525 4392; x_wconf 83' lang='grc' dir='ltr'><strong>διὰ</strong></span> <span class='ocrx_word' id='word_1_584' title='bbox 1578 4340 1767 4411; x_wconf 82' lang='grc' dir='ltr'>μάχης</span> 
     </span>
    </p>
   </div>
   <div class='ocr_carea' id='block_1_80' title="bbox 154 4418 1764 4502">
    <p class='ocr_par' dir='ltr' id='par_1_80' title="bbox 154 4418 1764 4502">
     <span class='ocr_line' id='line_1_80' title="bbox 154 4418 1764 4502; baseline 0.002 -27"><span class='ocrx_word' id='word_1_585' title='bbox 154 4418 413 4498; x_wconf 85' lang='grc' dir='ltr'>διάπειρα</span> <span class='ocrx_word' id='word_1_586' title='bbox 594 4423 955 4484; x_wconf 81' lang='grc' dir='ltr'>Ὠπλίσθησσν</span> <span class='ocrx_word' id='word_1_587' title='bbox 995 4423 1054 4479; x_wconf 82' lang='grc' dir='ltr'>οὗ</span> <span class='ocrx_word' id='word_1_588' title='bbox 1144 4433 1232 4480; x_wconf 83' lang='grc' dir='ltr'>καὶ</span> <span class='ocrx_word' id='word_1_589' title='bbox 1290 4430 1464 4502; x_wconf 84' lang='grc' dir='ltr'>άμφω,</span> <span class='ocrx_word' id='word_1_590' title='bbox 1525 4428 1764 4488; x_wconf 79' lang='grc' dir='ltr'>εἰσῆλθον</span> 
     </span>
    </p>
   </div>
   <div class='ocr_carea' id='block_1_81' title="bbox 153 4509 1766 4591">
    <p class='ocr_par' dir='ltr' id='par_1_81' title="bbox 153 4509 1766 4591">
     <span class='ocr_line' id='line_1_81' title="bbox 153 4509 1766 4591; baseline 0.004 -27"><span class='ocrx_word' id='word_1_591' title='bbox 153 4510 231 4573; x_wconf 84' lang='grc' dir='ltr'><strong>εἰς</strong></span> <span class='ocrx_word' id='word_1_592' title='bbox 258 4514 318 4563; x_wconf 84' lang='grc' dir='ltr'>τὸ</span> <span class='ocrx_word' id='word_1_593' title='bbox 346 4509 584 4578; x_wconf 86' lang='grc' dir='ltr'>στάδιον,</span> <span class='ocrx_word' id='word_1_594' title='bbox 627 4513 896 4578; x_wconf 79' lang='grc' dir='ltr'>ξυνέϐαλον</span> <span class='ocrx_word' id='word_1_595' title='bbox 955 4514 1208 4582; x_wconf 79' lang='grc' dir='ltr'>ἀλληλοις,</span> <span class='ocrx_word' id='word_1_596' title='bbox 1258 4517 1347 4590; x_wconf 75' lang='grc' dir='ltr'><strong>[Ρ.</strong></span> <span class='ocrx_word' id='word_1_597' title='bbox 1407 4519 1493 4591; x_wconf 80' lang='lat'><strong>52]</strong></span> <span class='ocrx_word' id='word_1_598' title='bbox 1542 4523 1629 4571; x_wconf 79' lang='grc' dir='ltr'>καὶ</span> <span class='ocrx_word' id='word_1_599' title='bbox 1688 4537 1766 4571; x_wconf 81' lang='grc' dir='ltr'>νε-</span> 
     </span>
    </p>
   </div>
   <div class='ocr_carea' id='block_1_82' title="bbox 149 4602 1762 4681">
    <p class='ocr_par' dir='ltr' id='par_1_82' title="bbox 149 4602 1762 4681">
     <span class='ocr_line' id='line_1_82' title="bbox 149 4602 1762 4681; baseline 0.006 -30"><span class='ocrx_word' id='word_1_600' title='bbox 149 4602 374 4658; x_wconf 87' lang='grc' dir='ltr'>νίκηται</span> <span class='ocrx_word' id='word_1_601' title='bbox 403 4603 430 4654; x_wconf 91' lang='lat'><strong>6</strong></span> <span class='ocrx_word' id='word_1_602' title='bbox 461 4607 989 4678; x_wconf 86' lang='grc' dir='ltr'>κατηγορορούμενος,</span> <span class='ocrx_word' id='word_1_603' title='bbox 1023 4604 1276 4681; x_wconf 74' lang='grc' dir='ltr'>ἀπερρίφη</span> <span class='ocrx_word' id='word_1_604' title='bbox 1346 4626 1399 4659; x_wconf 90' lang='grc' dir='ltr'><strong>τε</strong></span> <span class='ocrx_word' id='word_1_605' title='bbox 1437 4614 1528 4659; x_wconf 86' lang='grc' dir='ltr'><strong>τοῦ</strong></span> <span class='ocrx_word' id='word_1_606' title='bbox 1575 4611 1762 4675; x_wconf 82' lang='grc' dir='ltr'>ἵππου,</span> 
     </span>
    </p>
   </div>
   <div class='ocr_carea' id='block_1_83' title="bbox 149 4694 1765 4769">
    <p class='ocr_par' dir='ltr' id='par_1_83' title="bbox 149 4694 1765 4769">
     <span class='ocr_line' id='line_1_83' title="bbox 149 4694 1765 4769; baseline 0.005 -28"><span class='ocrx_word' id='word_1_607' title='bbox 149 4694 248 4742; x_wconf 84' lang='grc' dir='ltr'>καὶ</span> <span class='ocrx_word' id='word_1_608' title='bbox 301 4694 396 4749; x_wconf 78' lang='grc' dir='ltr'>τὴν</span> <span class='ocrx_word' id='word_1_609' title='bbox 448 4700 676 4744; x_wconf 84' lang='grc' dir='ltr'>νικῶσαν</span> <span class='ocrx_word' id='word_1_610' title='bbox 728 4695 754 4745; x_wconf 93' lang='grc' dir='ltr'><strong>ό</strong></span> <span class='ocrx_word' id='word_1_611' title='bbox 811 4699 1096 4768; x_wconf 78' lang='grc' dir='ltr'>κατήγορος</span> <span class='ocrx_word' id='word_1_612' title='bbox 1153 4697 1397 4768; x_wconf 78' lang='grc' dir='ltr'>ἔσχηκεν.</span> <span class='ocrx_word' id='word_1_613' title='bbox 1455 4695 1765 4769; x_wconf 80' lang='grc' dir='ltr'>Συλληφθεὶς</span> 
     </span>
    </p>
   </div>
   <div class='ocr_carea' id='block_1_84' title="bbox 151 4774 1766 4860">
    <p class='ocr_par' dir='ltr' id='par_1_84' title="bbox 151 4774 1766 4860">
     <span class='ocr_line' id='line_1_84' title="bbox 151 4774 1766 4860; baseline 0.004 -30"><span class='ocrx_word' id='word_1_614' title='bbox 151 4774 247 4831; x_wconf 77' lang='grc' dir='ltr'>οὖν</span> <span class='ocrx_word' id='word_1_615' title='bbox 279 4778 413 4843; x_wconf 78' lang='grc' dir='ltr'>ζωος</span> <span class='ocrx_word' id='word_1_616' title='bbox 443 4776 590 4846; x_wconf 60' lang='grc' dir='ltr'>(οὐδὲ</span> <span class='ocrx_word' id='word_1_617' title='bbox 622 4783 722 4856; x_wconf 79' lang='grc' dir='ltr'>γὰρ</span> <span class='ocrx_word' id='word_1_618' title='bbox 753 4787 964 4857; x_wconf 88' lang='grc' dir='ltr'>καιρίαν</span> <span class='ocrx_word' id='word_1_619' title='bbox 1003 4786 1270 4858; x_wconf 88' lang='grc' dir='ltr'>τέτρωται)</span> <span class='ocrx_word' id='word_1_620' title='bbox 1310 4789 1400 4838; x_wconf 82' lang='grc' dir='ltr'>καὶ</span> <span class='ocrx_word' id='word_1_621' title='bbox 1439 4784 1584 4846; x_wconf 81' lang='grc' dir='ltr'>αὖθις</span> <span class='ocrx_word' id='word_1_622' title='bbox 1621 4785 1766 4860; x_wconf 83' lang='grc' dir='ltr'><strong>ἠρώ-</strong></span> 
     </span>
    </p>
   </div>
   <div class='ocr_carea' id='block_1_85' title="bbox 1591 4870 1764 4927">
    <p class='ocr_par' dir='ltr' id='par_1_85' title="bbox 1591 4870 1764 4927">
     <span class='ocr_line' id='line_1_85' title="bbox 1591 4870 1764 4927; baseline 0 0"><span class='ocrx_word' id='word_1_623' title='bbox 1591 4872 1647 4927; x_wconf 88' lang='grc' dir='ltr'><strong>³Ο</strong></span> <span class='ocrx_word' id='word_1_624' title='bbox 1706 4870 1764 4927; x_wconf 64' lang='grc' dir='ltr'><strong>δὲ</strong></span> 
     </span>
    </p>
   </div>
   <div class='ocr_carea' id='block_1_86' title="bbox 153 4960 1765 5036">
    <p class='ocr_par' dir='ltr' id='par_1_86' title="bbox 153 4960 1765 5036">
     <span class='ocr_line' id='line_1_86' title="bbox 153 4960 1765 5036; baseline 0.002 -24"><span class='ocrx_word' id='word_1_625' title='bbox 153 4968 249 5012; x_wconf 90' lang='grc' dir='ltr'><strong>τοῦ</strong></span> <span class='ocrx_word' id='word_1_626' title='bbox 281 4964 532 5035; x_wconf 80' lang='grc' dir='ltr'>προτέρου</span> <span class='ocrx_word' id='word_1_627' title='bbox 557 4960 712 5033; x_wconf 90' lang='grc' dir='ltr'>λόγου</span> <span class='ocrx_word' id='word_1_628' title='bbox 743 4960 1030 5033; x_wconf 86' lang='grc' dir='ltr'>ἀντείχετο,</span> <span class='ocrx_word' id='word_1_629' title='bbox 1054 4968 1144 5015; x_wconf 84' lang='grc' dir='ltr'>καὶ</span> <span class='ocrx_word' id='word_1_630' title='bbox 1192 4960 1325 5036; x_wconf 84' lang='grc' dir='ltr'>μηδ’</span> <span class='ocrx_word' id='word_1_631' title='bbox 1385 4963 1515 5027; x_wconf 84' lang='grc' dir='ltr'>ὅλως</span> <span class='ocrx_word' id='word_1_632' title='bbox 1571 4961 1765 5017; x_wconf 80' lang='grc' dir='ltr'>εἰδέναι</span> 
     </span>
    </p>
   </div>
   <div class='ocr_carea' id='block_1_87' title="bbox 151 5047 1765 5126">
    <p class='ocr_par' dir='ltr' id='par_1_87' title="bbox 151 5047 1765 5126">
     <span class='ocr_line' id='line_1_87' title="bbox 151 5047 1765 5126; baseline 0.002 -24"><span class='ocrx_word' id='word_1_633' title='bbox 151 5068 207 5102; x_wconf 95' lang='grc' dir='ltr'><strong>τι</strong></span> <span class='ocrx_word' id='word_1_634' title='bbox 238 5051 326 5101; x_wconf 86' lang='grc' dir='ltr'>τὸν</span> <span class='ocrx_word' id='word_1_635' title='bbox 360 5054 620 5123; x_wconf 83' lang='grc' dir='ltr'>Κομνηνόν</span> <span class='ocrx_word' id='word_1_636' title='bbox 649 5047 1024 5126; x_wconf 86' lang='grc' dir='ltr'>διεμαρτύρετο</span> <span class='ocrx_word' id='word_1_637' title='bbox 1073 5052 1316 5124; x_wconf 73' lang='grc' dir='ltr'>Μιχαὴλ.</span> <span class='ocrx_word' id='word_1_638' title='bbox 1373 5052 1518 5107; x_wconf 84' lang='grc' dir='ltr'>Ἐπεὶ</span> <span class='ocrx_word' id='word_1_639' title='bbox 1562 5049 1622 5108; x_wconf 66' lang='grc' dir='ltr'><strong>δὲ</strong></span> <span class='ocrx_word' id='word_1_640' title='bbox 1671 5049 1765 5107; x_wconf 81' lang='grc' dir='ltr'>διὰ</span> 
     </span>
    </p>
   </div>
   <div class='ocr_carea' id='block_1_88' title="bbox 149 4869 1513 4944">
    <p class='ocr_par' dir='ltr' id='par_1_88' title="bbox 149 4869 1513 4944">
     <span class='ocr_line' id='line_1_88' title="bbox 149 4869 1513 4944; baseline 0.004 -22"><span class='ocrx_word' id='word_1_641' title='bbox 149 4888 334 4936; x_wconf 77' lang='grc' dir='ltr'>τηται,</span> <span class='ocrx_word' id='word_1_642' title='bbox 384 4872 452 4931; x_wconf 87' lang='grc' dir='ltr'>ὡς</span> <span class='ocrx_word' id='word_1_643' title='bbox 501 4871 562 4922; x_wconf 85' lang='grc' dir='ltr'>οἶν</span> <span class='ocrx_word' id='word_1_644' title='bbox 592 4869 1002 4944; x_wconf 78' lang='grc' dir='ltr'>καθομολγήσειε</span> <span class='ocrx_word' id='word_1_645' title='bbox 1097 4877 1190 4931; x_wconf 77' lang='grc' dir='ltr'>τὴν</span> <span class='ocrx_word' id='word_1_646' title='bbox 1251 4872 1513 4932; x_wconf 81' lang='grc' dir='ltr'>ἀλήθειαν.</span> 
     </span>
    </p>
   </div>
   <div class='ocr_carea' id='block_1_89' title="bbox 1883 3167 3539 3230">
    <p class='ocr_par' dir='ltr' id='par_1_89' title="bbox 1883 3167 3539 3230">
     <span class='ocr_line' id='line_1_89' title="bbox 1883 3167 3539 3230; baseline -0.004 0"><span class='ocrx_word' id='word_1_647' title='bbox 1883 3172 2087 3230; x_wconf 89' lang='lat' dir='ltr'><strong>chaele</strong></span> <span class='ocrx_word' id='word_1_648' title='bbox 2104 3173 2411 3228; x_wconf 90' lang='lat' dir='ltr'><strong>Comneno</strong></span> <span class='ocrx_word' id='word_1_649' title='bbox 2431 3170 2593 3226; x_wconf 88' lang='lat' dir='ltr'><strong>dicta</strong></span> <span class='ocrx_word' id='word_1_650' title='bbox 2615 3172 2772 3224; x_wconf 87' lang='lat' dir='ltr'><strong>sunt.</strong></span> <span class='ocrx_word' id='word_1_651' title='bbox 2792 3173 2863 3224; x_wconf 80' lang='lat' dir='ltr'><strong>At</strong></span> <span class='ocrx_word' id='word_1_652' title='bbox 2882 3183 3043 3224; x_wconf 91' lang='lat' dir='ltr'><strong>unus</strong></span> <span class='ocrx_word' id='word_1_653' title='bbox 3065 3184 3138 3224; x_wconf 83' lang='lat' dir='ltr'><strong>ex</strong></span> <span class='ocrx_word' id='word_1_654' title='bbox 3160 3167 3256 3224; x_wconf 89' lang='lat' dir='ltr'><strong>his</strong></span> <span class='ocrx_word' id='word_1_655' title='bbox 3285 3167 3539 3225; x_wconf 74' lang='lat' dir='ltr'><strong>Mancla-</strong></span> 
     </span>
    </p>
   </div>
   <div class='ocr_carea' id='block_1_90' title="bbox 1879 3250 3538 3334">
    <p class='ocr_par' dir='ltr' id='par_1_90' title="bbox 1879 3250 3538 3334">
     <span class='ocr_line' id='line_1_90' title="bbox 1879 3250 3538 3334; baseline -0.002 -14"><span class='ocrx_word' id='word_1_656' title='bbox 1879 3266 2012 3321; x_wconf 67' lang='lat' dir='ltr'><strong>vitae</strong></span> <span class='ocrx_word' id='word_1_657' title='bbox 2051 3262 2350 3334; x_wconf 91' lang='lat' dir='ltr'><strong>colloquia</strong></span> <span class='ocrx_word' id='word_1_658' title='bbox 2373 3261 2526 3316; x_wconf 91' lang='lat' dir='ltr'><strong>inter</strong></span> <span class='ocrx_word' id='word_1_659' title='bbox 2550 3275 2612 3315; x_wconf 91' lang='lat' dir='ltr'><strong>se</strong></span> <span class='ocrx_word' id='word_1_660' title='bbox 2641 3258 2786 3316; x_wconf 88' lang='lat' dir='ltr'><strong>inita</strong></span> <span class='ocrx_word' id='word_1_661' title='bbox 2824 3257 3036 3316; x_wconf 84' lang='lat' dir='ltr'><strong>refert:</strong></span> <span class='ocrx_word' id='word_1_662' title='bbox 3069 3257 3164 3315; x_wconf 92' lang='lat' dir='ltr'><strong>ille</strong></span> <span class='ocrx_word' id='word_1_663' title='bbox 3192 3250 3538 3332; x_wconf 86' lang='lat' dir='ltr'><strong>imperatori</strong></span> 
     </span>
    </p>
   </div>
   <div class='ocr_carea' id='block_1_91' title="bbox 1880 3347 3536 3422">
    <p class='ocr_par' dir='ltr' id='par_1_91' title="bbox 1880 3347 3536 3422">
     <span class='ocr_line' id='line_1_91' title="bbox 1880 3347 3536 3422; baseline -0.003 -12"><span class='ocrx_word' id='word_1_664' title='bbox 1880 3353 2214 3410; x_wconf 87' lang='lat' dir='ltr'><strong>denuntiat.</strong></span> <span class='ocrx_word' id='word_1_665' title='bbox 2236 3349 2714 3422; x_wconf 86' lang='lat' dir='ltr'><strong>Comprehensus</strong></span> <span class='ocrx_word' id='word_1_666' title='bbox 2734 3351 2984 3421; x_wconf 88' lang='lat' dir='ltr'><strong>uterque</strong></span> <span class='ocrx_word' id='word_1_667' title='bbox 3013 3347 3089 3404; x_wconf 93' lang='lat' dir='ltr'><strong>de</strong></span> <span class='ocrx_word' id='word_1_668' title='bbox 3115 3347 3186 3404; x_wconf 91' lang='lat' dir='ltr'><strong>iis</strong></span> <span class='ocrx_word' id='word_1_669' title='bbox 3205 3364 3343 3422; x_wconf 78' lang='lat' dir='ltr'><strong>quae</strong></span> <span class='ocrx_word' id='word_1_670' title='bbox 3373 3347 3536 3405; x_wconf 88' lang='lat' dir='ltr'><strong>dixe-</strong></span> 
     </span>
    </p>
   </div>
   <div class='ocr_carea' id='block_1_92' title="bbox 1877 3436 3531 3510">
    <p class='ocr_par' dir='ltr' id='par_1_92' title="bbox 1877 3436 3531 3510">
     <span class='ocr_line' id='line_1_92' title="bbox 1877 3436 3531 3510; baseline -0.003 -12"><span class='ocrx_word' id='word_1_671' title='bbox 1877 3441 2466 3510; x_wconf 88' lang='lat' dir='ltr'><strong>rantinterrogantur</strong></span> <span class='ocrx_word' id='word_1_672' title='bbox 2477 3480 2492 3494; x_wconf 94' lang='lat'><strong>.</strong></span> <span class='ocrx_word' id='word_1_673' title='bbox 2513 3439 2578 3493; x_wconf 89' lang='lat' dir='ltr'><strong>Et</strong></span> <span class='ocrx_word' id='word_1_674' title='bbox 2590 3451 2746 3492; x_wconf 92' lang='lat' dir='ltr'><strong>unus</strong></span> <span class='ocrx_word' id='word_1_675' title='bbox 2757 3437 3003 3510; x_wconf 91' lang='lat' dir='ltr'><strong>quidem</strong></span> <span class='ocrx_word' id='word_1_676' title='bbox 3018 3436 3363 3508; x_wconf 90' lang='lat' dir='ltr'><strong>accusabat,</strong></span> <span class='ocrx_word' id='word_1_677' title='bbox 3378 3436 3531 3494; x_wconf 91' lang='lat' dir='ltr'><strong>alius</strong></span> 
     </span>
    </p>
   </div>
   <div class='ocr_carea' id='block_1_93' title="bbox 1876 3527 3529 3604">
    <p class='ocr_par' dir='ltr' id='par_1_93' title="bbox 1876 3527 3529 3604">
     <span class='ocr_line' id='line_1_93' title="bbox 1876 3527 3529 3604; baseline -0.002 -16"><span class='ocrx_word' id='word_1_678' title='bbox 1876 3529 2283 3604; x_wconf 90' lang='lat' dir='ltr'><strong>respondebat</strong></span> <span class='ocrx_word' id='word_1_679' title='bbox 2316 3551 2337 3579; x_wconf 87' lang='grc' dir='ltr'><strong>ε</strong></span> <span class='ocrx_word' id='word_1_680' title='bbox 2380 3531 2795 3584; x_wconf 90' lang='lat' dir='ltr'><strong>accusatorem</strong></span> <span class='ocrx_word' id='word_1_681' title='bbox 2827 3542 2967 3583; x_wconf 85' lang='lat' dir='ltr'><strong>vera</strong></span> <span class='ocrx_word' id='word_1_682' title='bbox 2991 3527 3300 3584; x_wconf 89' lang='lat' dir='ltr'><strong>enuntiare</strong></span> <span class='ocrx_word' id='word_1_683' title='bbox 3327 3543 3342 3584; x_wconf 91' lang='lat'><strong>:</strong></span> <span class='ocrx_word' id='word_1_684' title='bbox 3375 3543 3529 3585; x_wconf 89' lang='lat' dir='ltr'><strong>ame</strong></span> 
     </span>
    </p>
   </div>
   <div class='ocr_carea' id='block_1_94' title="bbox 1877 3616 3528 3688">
    <p class='ocr_par' dir='ltr' id='par_1_94' title="bbox 1877 3616 3528 3688">
     <span class='ocr_line' id='line_1_94' title="bbox 1877 3616 3528 3688; baseline -0.002 -10"><span class='ocrx_word' id='word_1_685' title='bbox 1877 3622 2040 3678; x_wconf 90' lang='lat' dir='ltr'><strong>enim</strong></span> <span class='ocrx_word' id='word_1_686' title='bbox 2071 3619 2280 3676; x_wconf 88' lang='lat' dir='ltr'><strong>audiit.</strong></span> <span class='ocrx_word' id='word_1_687' title='bbox 2311 3619 2529 3674; x_wconf 80' lang='lat' dir='ltr'><strong>Verum</strong></span> <span class='ocrx_word' id='word_1_688' title='bbox 2554 3632 2625 3673; x_wconf 89' lang='lat' dir='ltr'><strong>ea</strong></span> <span class='ocrx_word' id='word_1_689' title='bbox 2645 3616 2835 3673; x_wconf 89' lang='lat' dir='ltr'><strong>inscio</strong></span> <span class='ocrx_word' id='word_1_690' title='bbox 2862 3618 3033 3688; x_wconf 73' lang='lat'><strong>102</strong></span> <span class='ocrx_word' id='word_1_691' title='bbox 3056 3619 3360 3675; x_wconf 90' lang='lat' dir='ltr'><strong>Comneno</strong></span> <span class='ocrx_word' id='word_1_692' title='bbox 3381 3616 3528 3676; x_wconf 72' lang='lat' dir='ltr'><strong>effa-</strong></span> 
     </span>
    </p>
   </div>
   <div class='ocr_carea' id='block_1_95' title="bbox 1876 3707 3524 3782">
    <p class='ocr_par' dir='ltr' id='par_1_95' title="bbox 1876 3707 3524 3782">
     <span class='ocr_line' id='line_1_95' title="bbox 1876 3707 3524 3782; baseline -0.002 -15"><span class='ocrx_word' id='word_1_693' title='bbox 1876 3718 1972 3769; x_wconf 90' lang='lat' dir='ltr'><strong>tus</strong></span> <span class='ocrx_word' id='word_1_694' title='bbox 2012 3727 2164 3782; x_wconf 88' lang='lat' dir='ltr'><strong>sum,</strong></span> <span class='ocrx_word' id='word_1_695' title='bbox 2195 3725 2334 3766; x_wconf 92' lang='lat' dir='ltr'><strong>cum</strong></span> <span class='ocrx_word' id='word_1_696' title='bbox 2355 3724 2427 3766; x_wconf 86' lang='lat' dir='ltr'><strong>ex</strong></span> <span class='ocrx_word' id='word_1_697' title='bbox 2454 3707 2813 3780; x_wconf 91' lang='lat' dir='ltr'><strong>memetipso</strong></span> <span class='ocrx_word' id='word_1_698' title='bbox 2834 3707 3020 3763; x_wconf 90' lang='lat' dir='ltr'><strong>verba</strong></span> <span class='ocrx_word' id='word_1_699' title='bbox 3039 3707 3141 3765; x_wconf 90' lang='lat' dir='ltr'><strong>illa</strong></span> <span class='ocrx_word' id='word_1_700' title='bbox 3155 3708 3524 3782; x_wconf 90' lang='lat' dir='ltr'><strong>protulerim.</strong></span> 
     </span>
    </p>
   </div>
   <div class='ocr_carea' id='block_1_96' title="bbox 1878 3797 3532 3872">
    <p class='ocr_par' dir='ltr' id='par_1_96' title="bbox 1878 3797 3532 3872">
     <span class='ocr_line' id='line_1_96' title="bbox 1878 3797 3532 3872; baseline -0.001 -15"><span class='ocrx_word' id='word_1_701' title='bbox 1878 3801 2211 3872; x_wconf 90' lang='lat' dir='ltr'><strong>Cogebatur</strong></span> <span class='ocrx_word' id='word_1_702' title='bbox 2230 3799 2324 3855; x_wconf 92' lang='lat' dir='ltr'><strong>ille</strong></span> <span class='ocrx_word' id='word_1_703' title='bbox 2349 3803 2414 3855; x_wconf 92' lang='lat' dir='ltr'><strong>ut</strong></span> <span class='ocrx_word' id='word_1_704' title='bbox 2435 3799 2550 3855; x_wconf 90' lang='lat' dir='ltr'><strong>hoc</strong></span> <span class='ocrx_word' id='word_1_705' title='bbox 2571 3797 2879 3854; x_wconf 89' lang='lat' dir='ltr'><strong>indicaret.</strong></span> <span class='ocrx_word' id='word_1_706' title='bbox 2907 3799 3122 3854; x_wconf 82' lang='lat' dir='ltr'><strong>Verum</strong></span> <span class='ocrx_word' id='word_1_707' title='bbox 3143 3797 3238 3855; x_wconf 88' lang='lat' dir='ltr'><strong>ille</strong></span> <span class='ocrx_word' id='word_1_708' title='bbox 3269 3798 3532 3870; x_wconf 87' lang='lat' dir='ltr'><strong>negabat</strong></span> 
     </span>
    </p>
   </div>
   <div class='ocr_carea' id='block_1_97' title="bbox 1875 3886 3525 3964">
    <p class='ocr_par' dir='ltr' id='par_1_97' title="bbox 1875 3886 3525 3964">
     <span class='ocr_line' id='line_1_97' title="bbox 1875 3886 3525 3964; baseline -0.001 -17"><span class='ocrx_word' id='word_1_709' title='bbox 1875 3890 2102 3964; x_wconf 85' lang='lat' dir='ltr'><strong>aliquid</strong></span> <span class='ocrx_word' id='word_1_710' title='bbox 2121 3889 2369 3946; x_wconf 91' lang='lat' dir='ltr'><strong>omnino</strong></span> <span class='ocrx_word' id='word_1_711' title='bbox 2391 3889 2464 3944; x_wconf 91' lang='lat' dir='ltr'><strong>de</strong></span> <span class='ocrx_word' id='word_1_712' title='bbox 2481 3903 2552 3944; x_wconf 91' lang='lat' dir='ltr'><strong>eo</strong></span> <span class='ocrx_word' id='word_1_713' title='bbox 2574 3886 2917 3946; x_wconf 83' lang='lat' dir='ltr'><strong>Michaelem</strong></span> <span class='ocrx_word' id='word_1_714' title='bbox 2940 3887 3088 3943; x_wconf 90' lang='lat' dir='ltr'><strong>scire</strong></span> <span class='ocrx_word' id='word_1_715' title='bbox 3127 3888 3525 3946; x_wconf 90' lang='lat' dir='ltr'><strong>Comnenum.</strong></span> 
     </span>
    </p>
   </div>
   <div class='ocr_carea' id='block_1_98' title="bbox 1876 3975 3530 4050">
    <p class='ocr_par' dir='ltr' id='par_1_98' title="bbox 1876 3975 3530 4050">
     <span class='ocr_line' id='line_1_98' title="bbox 1876 3975 3530 4050; baseline -0.002 -14"><span class='ocrx_word' id='word_1_716' title='bbox 1876 3981 2020 4037; x_wconf 81' lang='lat' dir='ltr'><strong>Hinc</strong></span> <span class='ocrx_word' id='word_1_717' title='bbox 2041 3978 2312 4035; x_wconf 90' lang='lat' dir='ltr'><strong>militaris</strong></span> <span class='ocrx_word' id='word_1_718' title='bbox 2333 3977 2630 4050; x_wconf 87' lang='lat' dir='ltr'><strong>probatio,</strong></span> <span class='ocrx_word' id='word_1_719' title='bbox 2683 3992 2822 4034; x_wconf 93' lang='lat' dir='ltr'><strong>cum</strong></span> <span class='ocrx_word' id='word_1_720' title='bbox 2879 3975 3223 4032; x_wconf 89' lang='lat' dir='ltr'><strong>testimonia</strong></span> <span class='ocrx_word' id='word_1_721' title='bbox 3273 3975 3530 4032; x_wconf 89' lang='lat' dir='ltr'><strong>aliorum</strong></span> 
     </span>
    </p>
   </div>
   <div class='ocr_carea' id='block_1_99' title="bbox 1875 4064 3532 4140">
    <p class='ocr_par' dir='ltr' id='par_1_99' title="bbox 1875 4064 3532 4140">
     <span class='ocr_line' id='line_1_99' title="bbox 1875 4064 3532 4140; baseline -0.002 -15"><span class='ocrx_word' id='word_1_722' title='bbox 1875 4069 2376 4137; x_wconf 89' lang='lat' dir='ltr'><strong>desiderarentur,</strong></span> <span class='ocrx_word' id='word_1_723' title='bbox 2399 4070 2793 4140; x_wconf 72' lang='lat' dir='ltr'><strong>praeparatur,</strong></span> <span class='ocrx_word' id='word_1_724' title='bbox 2861 4081 2966 4138; x_wconf 91' lang='lat' dir='ltr'><strong>per</strong></span> <span class='ocrx_word' id='word_1_725' title='bbox 3038 4080 3259 4138; x_wconf 69' lang='lat' dir='ltr'><strong>pugnas</strong></span> <span class='ocrx_word' id='word_1_726' title='bbox 3312 4064 3532 4122; x_wconf 83' lang='lat' dir='ltr'><strong>scilicet</strong></span> 
     </span>
    </p>
   </div>
   <div class='ocr_carea' id='block_1_100' title="bbox 1874 4151 3530 4231">
    <p class='ocr_par' dir='ltr' id='par_1_100' title="bbox 1874 4151 3530 4231">
     <span class='ocr_line' id='line_1_100' title="bbox 1874 4151 3530 4231; baseline -0.001 -17"><span class='ocrx_word' id='word_1_727' title='bbox 1874 4159 2372 4231; x_wconf 85' lang='lat' dir='ltr'><strong>experimentum.</strong></span> <span class='ocrx_word' id='word_1_728' title='bbox 2391 4155 2588 4212; x_wconf 79' lang='lat' dir='ltr'><strong>Ambo</strong></span> <span class='ocrx_word' id='word_1_729' title='bbox 2606 4155 2808 4229; x_wconf 88' lang='lat' dir='ltr'><strong>itaque</strong></span> <span class='ocrx_word' id='word_1_730' title='bbox 2830 4157 3160 4226; x_wconf 86' lang='lat' dir='ltr'><strong>armantur,</strong></span> <span class='ocrx_word' id='word_1_731' title='bbox 3182 4152 3244 4210; x_wconf 88' lang='lat' dir='ltr'><strong>in</strong></span> <span class='ocrx_word' id='word_1_732' title='bbox 3265 4151 3530 4212; x_wconf 89' lang='lat' dir='ltr'><strong>stadium</strong></span> 
     </span>
    </p>
   </div>
   <div class='ocr_carea' id='block_1_101' title="bbox 1873 4241 3528 4317">
    <p class='ocr_par' dir='ltr' id='par_1_101' title="bbox 1873 4241 3528 4317">
     <span class='ocr_line' id='line_1_101' title="bbox 1873 4241 3528 4317; baseline -0.002 -15"><span class='ocrx_word' id='word_1_733' title='bbox 1873 4248 2114 4317; x_wconf 90' lang='lat' dir='ltr'><strong>intrant,</strong></span> <span class='ocrx_word' id='word_1_734' title='bbox 2147 4243 2480 4315; x_wconf 87' lang='lat' dir='ltr'><strong>conﬂigunt</strong></span> <span class='ocrx_word' id='word_1_735' title='bbox 2497 4243 2778 4310; x_wconf 89' lang='lat' dir='ltr'><strong>invicem,</strong></span> <span class='ocrx_word' id='word_1_736' title='bbox 2802 4247 2858 4300; x_wconf 92' lang='lat' dir='ltr'><strong>et</strong></span> <span class='ocrx_word' id='word_1_737' title='bbox 2883 4247 3201 4301; x_wconf 89' lang='lat' dir='ltr'><strong>accusatus</strong></span> <span class='ocrx_word' id='word_1_738' title='bbox 3248 4241 3528 4314; x_wconf 82' lang='lat' dir='ltr'><strong>vincitur,</strong></span> 
     </span>
    </p>
   </div>
   <div class='ocr_carea' id='block_1_102' title="bbox 1873 4331 3642 4410">
    <p class='ocr_par' dir='ltr' id='par_1_102' title="bbox 1873 4331 3642 4410">
     <span class='ocr_line' id='line_1_102' title="bbox 1873 4331 3642 4410; baseline -0.001 -18"><span class='ocrx_word' id='word_1_739' title='bbox 1873 4336 1976 4410; x_wconf 90' lang='lat' dir='ltr'><strong>qui</strong></span> <span class='ocrx_word' id='word_1_740' title='bbox 2007 4351 2164 4408; x_wconf 90' lang='lat' dir='ltr'><strong>equo</strong></span> <span class='ocrx_word' id='word_1_741' title='bbox 2194 4334 2462 4406; x_wconf 90' lang='lat' dir='ltr'><strong>dejectus</strong></span> <span class='ocrx_word' id='word_1_742' title='bbox 2486 4332 2801 4390; x_wconf 87' lang='lat' dir='ltr'><strong>victoriam</strong></span> <span class='ocrx_word' id='word_1_743' title='bbox 2828 4331 3160 4389; x_wconf 88' lang='lat' dir='ltr'><strong>accusatori</strong></span> <span class='ocrx_word' id='word_1_744' title='bbox 3208 4331 3525 4390; x_wconf 86' lang='lat' dir='ltr'><strong>concessit.</strong></span> <span class='ocrx_word' id='word_1_745' title='bbox 3630 4387 3642 4398; x_wconf 74' lang='grc'><strong>,</strong></span> 
     </span>
    </p>
   </div>
   <div class='ocr_carea' id='block_1_103' title="bbox 1874 4421 3526 4496">
    <p class='ocr_par' dir='ltr' id='par_1_103' title="bbox 1874 4421 3526 4496">
     <span class='ocr_line' id='line_1_103' title="bbox 1874 4421 3526 4496; baseline -0.001 -16"><span class='ocrx_word' id='word_1_746' title='bbox 1874 4425 2034 4482; x_wconf 91' lang='lat' dir='ltr'><strong>Idem</strong></span> <span class='ocrx_word' id='word_1_747' title='bbox 2061 4425 2235 4481; x_wconf 90' lang='lat' dir='ltr'><strong>vivus</strong></span> <span class='ocrx_word' id='word_1_748' title='bbox 2266 4423 2736 4496; x_wconf 90' lang='lat' dir='ltr'><strong>comprehensus</strong></span> <span class='ocrx_word' id='word_1_749' title='bbox 2760 4423 2976 4494; x_wconf 90' lang='lat' dir='ltr'><strong>(neque</strong></span> <span class='ocrx_word' id='word_1_750' title='bbox 3001 4421 3163 4478; x_wconf 92' lang='lat' dir='ltr'><strong>enim</strong></span> <span class='ocrx_word' id='word_1_751' title='bbox 3188 4421 3348 4480; x_wconf 88' lang='lat' dir='ltr'><strong>letali</strong></span> <span class='ocrx_word' id='word_1_752' title='bbox 3393 4421 3526 4478; x_wconf 85' lang='lat' dir='ltr'><strong>vul-</strong></span> 
     </span>
    </p>
   </div>
   <div class='ocr_carea' id='block_1_104' title="bbox 1872 4513 3528 4586">
    <p class='ocr_par' dir='ltr' id='par_1_104' title="bbox 1872 4513 3528 4586">
     <span class='ocr_line' id='line_1_104' title="bbox 1872 4513 3528 4586; baseline 0 -16"><span class='ocrx_word' id='word_1_753' title='bbox 1872 4531 2012 4570; x_wconf 90' lang='lat' dir='ltr'><strong>nere</strong></span> <span class='ocrx_word' id='word_1_754' title='bbox 2042 4531 2254 4571; x_wconf 89' lang='lat' dir='ltr'><strong>vocem</strong></span> <span class='ocrx_word' id='word_1_755' title='bbox 2284 4515 2589 4582; x_wconf 87' lang='lat' dir='ltr'><strong>amiserat)</strong></span> <span class='ocrx_word' id='word_1_756' title='bbox 2620 4513 2833 4569; x_wconf 89' lang='lat' dir='ltr'><strong>iterum</strong></span> <span class='ocrx_word' id='word_1_757' title='bbox 2856 4513 3272 4586; x_wconf 87' lang='lat' dir='ltr'><strong>interrogatur,</strong></span> <span class='ocrx_word' id='word_1_758' title='bbox 3315 4517 3382 4570; x_wconf 93' lang='lat' dir='ltr'><strong>ut</strong></span> <span class='ocrx_word' id='word_1_759' title='bbox 3403 4529 3528 4570; x_wconf 87' lang='lat' dir='ltr'><strong>rem</strong></span> 
     </span>
    </p>
   </div>
   <div class='ocr_carea' id='block_1_105' title="bbox 1871 4601 3527 4676">
    <p class='ocr_par' dir='ltr' id='par_1_105' title="bbox 1871 4601 3527 4676">
     <span class='ocr_line' id='line_1_105' title="bbox 1871 4601 3527 4676; baseline -0.001 -16"><span class='ocrx_word' id='word_1_760' title='bbox 1871 4603 2172 4660; x_wconf 87' lang='lat' dir='ltr'><strong>fateretur.</strong></span> <span class='ocrx_word' id='word_1_761' title='bbox 2204 4603 2300 4659; x_wconf 91' lang='lat' dir='ltr'><strong>Ille</strong></span> <span class='ocrx_word' id='word_1_762' title='bbox 2320 4603 2584 4676; x_wconf 89' lang='lat' dir='ltr'><strong>primum</strong></span> <span class='ocrx_word' id='word_1_763' title='bbox 2611 4617 2952 4659; x_wconf 90' lang='lat' dir='ltr'><strong>sermonem</strong></span> <span class='ocrx_word' id='word_1_764' title='bbox 2991 4601 3289 4659; x_wconf 87' lang='lat' dir='ltr'><strong>obstinate</strong></span> <span class='ocrx_word' id='word_1_765' title='bbox 3341 4603 3527 4659; x_wconf 90' lang='lat' dir='ltr'><strong>conti-</strong></span> 
     </span>
    </p>
   </div>
   <div class='ocr_carea' id='block_1_106' title="bbox 1870 4690 3527 4764">
    <p class='ocr_par' dir='ltr' id='par_1_106' title="bbox 1870 4690 3527 4764">
     <span class='ocr_line' id='line_1_106' title="bbox 1870 4690 3527 4764; baseline -0.002 -14"><span class='ocrx_word' id='word_1_766' title='bbox 1870 4694 2118 4764; x_wconf 90' lang='lat' dir='ltr'><strong>nuabat,</strong></span> <span class='ocrx_word' id='word_1_767' title='bbox 2151 4699 2208 4749; x_wconf 90' lang='lat' dir='ltr'><strong>et</strong></span> <span class='ocrx_word' id='word_1_768' title='bbox 2236 4692 2382 4748; x_wconf 89' lang='lat' dir='ltr'><strong>nihil</strong></span> <span class='ocrx_word' id='word_1_769' title='bbox 2408 4693 2627 4749; x_wconf 91' lang='lat' dir='ltr'><strong>horum</strong></span> <span class='ocrx_word' id='word_1_770' title='bbox 2651 4690 2993 4749; x_wconf 83' lang='lat' dir='ltr'><strong>Michaelem</strong></span> <span class='ocrx_word' id='word_1_771' title='bbox 3024 4692 3399 4748; x_wconf 91' lang='lat' dir='ltr'><strong>Comnenum</strong></span> <span class='ocrx_word' id='word_1_772' title='bbox 3445 4695 3527 4748; x_wconf 83' lang='lat' dir='ltr'><strong>te-</strong></span> 
     </span>
    </p>
   </div>
   <div class='ocr_carea' id='block_1_107' title="bbox 1870 4779 3524 4840">
    <p class='ocr_par' dir='ltr' id='par_1_107' title="bbox 1870 4779 3524 4840">
     <span class='ocr_line' id='line_1_107' title="bbox 1870 4779 3524 4840; baseline -0.003 0"><span class='ocrx_word' id='word_1_773' title='bbox 1870 4799 2012 4840; x_wconf 89' lang='lat' dir='ltr'><strong>nere</strong></span> <span class='ocrx_word' id='word_1_774' title='bbox 2060 4782 2526 4839; x_wconf 87' lang='lat' dir='ltr'><strong>contestabatur.</strong></span> <span class='ocrx_word' id='word_1_775' title='bbox 2573 4783 2718 4838; x_wconf 89' lang='lat' dir='ltr'><strong>Cum</strong></span> <span class='ocrx_word' id='word_1_776' title='bbox 2761 4796 2902 4837; x_wconf 87' lang='lat' dir='ltr'><strong>vero</strong></span> <span class='ocrx_word' id='word_1_777' title='bbox 2953 4779 3348 4836; x_wconf 78' lang='lat' dir='ltr'><strong>atrocioribus</strong></span> <span class='ocrx_word' id='word_1_778' title='bbox 3398 4783 3524 4836; x_wconf 89' lang='lat' dir='ltr'><strong>tor-</strong></span> 
     </span>
    </p>
   </div>
   <div class='ocr_carea' id='block_1_108' title="bbox 1871 4867 3524 4942">
    <p class='ocr_par' dir='ltr' id='par_1_108' title="bbox 1871 4867 3524 4942">
     <span class='ocr_line' id='line_1_108' title="bbox 1871 4867 3524 4942; baseline -0.002 -13"><span class='ocrx_word' id='word_1_779' title='bbox 1871 4872 2089 4930; x_wconf 88' lang='lat' dir='ltr'><strong>mentis</strong></span> <span class='ocrx_word' id='word_1_780' title='bbox 2143 4872 2454 4927; x_wconf 88' lang='lat' dir='ltr'><strong>veritatem</strong></span> <span class='ocrx_word' id='word_1_781' title='bbox 2497 4869 2976 4942; x_wconf 83' lang='lat' dir='ltr'><strong>extorquendam</strong></span> <span class='ocrx_word' id='word_1_782' title='bbox 3023 4883 3156 4924; x_wconf 90' lang='lat' dir='ltr'><strong>esse</strong></span> <span class='ocrx_word' id='word_1_783' title='bbox 3215 4867 3524 4926; x_wconf 88' lang='lat' dir='ltr'><strong>statuisset</strong></span> 
     </span>
    </p>
   </div>
   <div class='ocr_carea' id='block_1_109' title="bbox 1871 4955 3524 5035">
    <p class='ocr_par' dir='ltr' id='par_1_109' title="bbox 1871 4955 3524 5035">
     <span class='ocr_line' id='line_1_109' title="bbox 1871 4955 3524 5035; baseline -0.003 -17"><span class='ocrx_word' id='word_1_784' title='bbox 1871 4962 2215 5035; x_wconf 89' lang='lat' dir='ltr'><strong>imperator,</strong></span> <span class='ocrx_word' id='word_1_785' title='bbox 2240 4958 2763 5032; x_wconf 83' lang='lat' dir='ltr'><strong>quemadmodum</strong></span> <span class='ocrx_word' id='word_1_786' title='bbox 2807 4957 2903 5013; x_wconf 90' lang='lat' dir='ltr'><strong>ille</strong></span> <span class='ocrx_word' id='word_1_787' title='bbox 2964 4955 3337 5014; x_wconf 90' lang='lat' dir='ltr'><strong>accuratiora</strong></span> <span class='ocrx_word' id='word_1_788' title='bbox 3390 4956 3524 5013; x_wconf 66' lang='lat' dir='ltr'><strong>vitm</strong></span> 
     </span>
    </p>
   </div>
   <div class='ocr_carea' id='block_1_110' title="bbox 1872 5044 3525 5123">
    <p class='ocr_par' dir='ltr' id='par_1_110' title="bbox 1872 5044 3525 5123">
     <span class='ocr_line' id='line_1_110' title="bbox 1872 5044 3525 5123; baseline -0.002 -14"><span class='ocrx_word' id='word_1_789' title='bbox 1872 5050 2154 5109; x_wconf 86' lang='lat' dir='ltr'><strong>examina</strong></span> <span class='ocrx_word' id='word_1_790' title='bbox 2181 5047 2470 5123; x_wconf 89' lang='lat' dir='ltr'><strong>poscebat</strong></span> <span class='ocrx_word' id='word_1_791' title='bbox 2492 5046 2870 5121; x_wconf 89' lang='lat' dir='ltr'><strong>questionem</strong></span> <span class='ocrx_word' id='word_1_792' title='bbox 2923 5044 3166 5114; x_wconf 89' lang='lat' dir='ltr'><strong>homini,</strong></span> <span class='ocrx_word' id='word_1_793' title='bbox 3223 5061 3361 5120; x_wconf 69' lang='lat' dir='ltr'><strong>qum</strong></span> <span class='ocrx_word' id='word_1_794' title='bbox 3416 5061 3525 5122; x_wconf 89' lang='lat' dir='ltr'><strong>per</strong></span> 
     </span>
    </p>
   </div>
   <div class='ocr_carea' id='block_1_111' title="bbox 1053 5175 2640 5265">
    <p class='ocr_par' dir='ltr' id='par_1_111' title="bbox 1053 5175 2640 5265">
     <span class='ocr_line' id='line_1_111' title="bbox 1053 5175 2640 5265; baseline -0.002 -4"><span class='ocrx_word' id='word_1_795' title='bbox 1053 5175 1412 5263; x_wconf 13' lang='lat' dir='ltr'><strong>Theodori.</strong></span> <span class='ocrx_word' id='word_1_796' title='bbox 1444 5196 1696 5265; x_wconf 63' lang='lat' dir='ltr'><strong>Dousa:</strong></span> <span class='ocrx_word' id='word_1_797' title='bbox 1743 5204 1809 5265; x_wconf 91' lang='lat' dir='ltr'><strong>et</strong></span> <span class='ocrx_word' id='word_1_798' title='bbox 1853 5194 2108 5265; x_wconf 79' lang='lat' dir='ltr'><strong>Leonis</strong></span> <span class='ocrx_word' id='word_1_799' title='bbox 2157 5190 2392 5262; x_wconf 85' lang='lat' dir='ltr'><strong>Allatii</strong></span> <span class='ocrx_word' id='word_1_800' title='bbox 2438 5198 2640 5258; x_wconf 72' lang='lat' dir='ltr'><strong>notae.</strong></span> 
     </span>
    </p>
   </div>
   <div class='ocr_carea' id='block_1_112' title="bbox 226 5333 1750 5410">
    <p class='ocr_par' dir='ltr' id='par_1_112' title="bbox 226 5333 1750 5410">
     <span class='ocr_line' id='line_1_112' title="bbox 226 5333 1750 5410; baseline 0.001 -18"><span class='ocrx_word' id='word_1_801' title='bbox 226 5335 310 5410; x_wconf 70' lang='grc'><strong>(4)</strong></span> <span class='ocrx_word' id='word_1_802' title='bbox 339 5335 663 5410; x_wconf 76' lang='grc' dir='ltr'>Καλλιμάνου</span> <span class='ocrx_word' id='word_1_803' title='bbox 686 5333 903 5409; x_wconf 77' lang='grc' dir='ltr'>ἀδελφή.</span> <span class='ocrx_word' id='word_1_804' title='bbox 939 5336 1381 5410; x_wconf 76' lang='lat' dir='ltr'><strong>Pachymerius,</strong></span> <span class='ocrx_word' id='word_1_805' title='bbox 1425 5342 1490 5410; x_wconf 86' lang='lat' dir='ltr'><strong>ut</strong></span> <span class='ocrx_word' id='word_1_806' title='bbox 1545 5353 1750 5410; x_wconf 88' lang='lat' dir='ltr'><strong>supra,</strong></span> 
     </span>
    </p>
   </div>
   <div class='ocr_carea' id='block_1_113' title="bbox 150 5407 1750 5482">
    <p class='ocr_par' dir='ltr' id='par_1_113' title="bbox 150 5407 1750 5482">
     <span class='ocr_line' id='line_1_113' title="bbox 150 5407 1750 5482; baseline 0 -18"><span class='ocrx_word' id='word_1_807' title='bbox 150 5421 282 5482; x_wconf 79' lang='lat' dir='ltr'><strong>non</strong></span> <span class='ocrx_word' id='word_1_808' title='bbox 296 5407 479 5482; x_wconf 77' lang='lat' dir='ltr'><strong>hasce</strong></span> <span class='ocrx_word' id='word_1_809' title='bbox 489 5407 624 5482; x_wconf 80' lang='lat' dir='ltr'><strong>cum</strong></span> <span class='ocrx_word' id='word_1_810' title='bbox 638 5407 1237 5482; x_wconf 76' lang='lat' dir='ltr'><strong>ThamareCallimani</strong></span> <span class='ocrx_word' id='word_1_811' title='bbox 1253 5407 1473 5465; x_wconf 83' lang='lat' dir='ltr'><strong>sorOris</strong></span> <span class='ocrx_word' id='word_1_812' title='bbox 1486 5407 1750 5482; x_wconf 78' lang='lat' dir='ltr'><strong>nuptias,</strong></span> 
     </span>
    </p>
   </div>
   <div class='ocr_carea' id='block_1_114' title="bbox 153 5478 1757 5552">
    <p class='ocr_par' dir='ltr' id='par_1_114' title="bbox 153 5478 1757 5552">
     <span class='ocr_line' id='line_1_114' title="bbox 153 5478 1757 5552; baseline 0.001 -18"><span class='ocrx_word' id='word_1_813' title='bbox 153 5478 264 5534; x_wconf 91' lang='lat' dir='ltr'><strong>sed</strong></span> <span class='ocrx_word' id='word_1_814' title='bbox 287 5493 426 5552; x_wconf 78' lang='lat' dir='ltr'><strong>cum</strong></span> <span class='ocrx_word' id='word_1_815' title='bbox 449 5479 567 5535; x_wconf 76' lang='lat' dir='ltr'><strong>tilia</strong></span> <span class='ocrx_word' id='word_1_816' title='bbox 587 5481 881 5552; x_wconf 81' lang='lat' dir='ltr'><strong>Michaelis</strong></span> <span class='ocrx_word' id='word_1_817' title='bbox 907 5479 1172 5552; x_wconf 67' lang='lat' dir='ltr'><strong>despotze</strong></span> <span class='ocrx_word' id='word_1_818' title='bbox 1194 5485 1417 5552; x_wconf 86' lang='lat' dir='ltr'><strong>secreta</strong></span> <span class='ocrx_word' id='word_1_819' title='bbox 1448 5478 1757 5552; x_wconf 82' lang='lat' dir='ltr'><strong>sponsalia</strong></span> 
     </span>
    </p>
   </div>
   <div class='ocr_carea' id='block_1_115' title="bbox 154 5549 1753 5624">
    <p class='ocr_par' dir='ltr' id='par_1_115' title="bbox 154 5549 1753 5624">
     <span class='ocr_line' id='line_1_115' title="bbox 154 5549 1753 5624; baseline 0.001 -19"><span class='ocrx_word' id='word_1_820' title='bbox 154 5549 560 5624; x_wconf 82' lang='lat' dir='ltr'><strong>suspicionem</strong></span> <span class='ocrx_word' id='word_1_821' title='bbox 578 5551 831 5624; x_wconf 79' lang='lat' dir='ltr'><strong>affectati</strong></span> <span class='ocrx_word' id='word_1_822' title='bbox 858 5549 1090 5624; x_wconf 77' lang='lat' dir='ltr'><strong>imperii</strong></span> <span class='ocrx_word' id='word_1_823' title='bbox 1119 5549 1582 5624; x_wconf 84' lang='lat' dir='ltr'><strong>movissetradit.</strong></span> <span class='ocrx_word' id='word_1_824' title='bbox 1616 5556 1753 5624; x_wconf 28' lang='lat' dir='ltr'><strong>AALL.</strong></span> 
     </span>
    </p>
   </div>
   <div class='ocr_carea' id='block_1_116' title="bbox 231 5620 1760 5697">
    <p class='ocr_par' dir='ltr' id='par_1_116' title="bbox 231 5620 1760 5697">
     <span class='ocr_line' id='line_1_116' title="bbox 231 5620 1760 5697; baseline 0.002 -20"><span class='ocrx_word' id='word_1_825' title='bbox 231 5620 314 5694; x_wconf 83' lang='lat'><strong>(5)</strong></span> <span class='ocrx_word' id='word_1_826' title='bbox 344 5623 423 5678; x_wconf 89' lang='lat' dir='ltr'><strong>De</strong></span> <span class='ocrx_word' id='word_1_827' title='bbox 453 5623 914 5697; x_wconf 88' lang='lat' dir='ltr'><strong>purgationibus</strong></span> <span class='ocrx_word' id='word_1_828' title='bbox 937 5620 1045 5697; x_wconf 79' lang='lat' dir='ltr'><strong>per</strong></span> <span class='ocrx_word' id='word_1_829' title='bbox 1063 5623 1554 5682; x_wconf 86' lang='lat' dir='ltr'><strong>monomachiam</strong></span> <span class='ocrx_word' id='word_1_830' title='bbox 1574 5627 1632 5681; x_wconf 88' lang='lat' dir='ltr'><strong>et</strong></span> <span class='ocrx_word' id='word_1_831' title='bbox 1649 5622 1760 5680; x_wconf 82' lang='lat' dir='ltr'><strong>fer-</strong></span> 
     </span>
    </p>
   </div>
   <div class='ocr_carea' id='block_1_117' title="bbox 1857 5331 3522 5395">
    <p class='ocr_par' dir='ltr' id='par_1_117' title="bbox 1857 5331 3522 5395">
     <span class='ocr_line' id='line_1_117' title="bbox 1857 5331 3522 5395; baseline -0.002 0"><span class='ocrx_word' id='word_1_832' title='bbox 1857 5353 1993 5395; x_wconf 90' lang='lat' dir='ltr'><strong>rum</strong></span> <span class='ocrx_word' id='word_1_833' title='bbox 2047 5336 2314 5394; x_wconf 91' lang='lat' dir='ltr'><strong>candens</strong></span> <span class='ocrx_word' id='word_1_834' title='bbox 2371 5333 2507 5391; x_wconf 92' lang='lat' dir='ltr'><strong>vide</strong></span> <span class='ocrx_word' id='word_1_835' title='bbox 2553 5331 2931 5390; x_wconf 88' lang='lat' dir='ltr'><strong>doctissimas</strong></span> <span class='ocrx_word' id='word_1_836' title='bbox 2996 5335 3054 5392; x_wconf 91' lang='lat' dir='ltr'><strong>et</strong></span> <span class='ocrx_word' id='word_1_837' title='bbox 3089 5332 3522 5393; x_wconf 89' lang='lat' dir='ltr'><strong>eruditissimas</strong></span> 
     </span>
    </p>
   </div>
   <div class='ocr_carea' id='block_1_118' title="bbox 1859 5403 3521 5477">
    <p class='ocr_par' dir='ltr' id='par_1_118' title="bbox 1859 5403 3521 5477">
     <span class='ocr_line' id='line_1_118' title="bbox 1859 5403 3521 5477; baseline -0.002 -11"><span class='ocrx_word' id='word_1_838' title='bbox 1859 5409 2085 5468; x_wconf 76' lang='lat' dir='ltr'><strong>Martini</strong></span> <span class='ocrx_word' id='word_1_839' title='bbox 2119 5407 2288 5465; x_wconf 88' lang='lat' dir='ltr'><strong>Delrii</strong></span> <span class='ocrx_word' id='word_1_840' title='bbox 2319 5407 2787 5471; x_wconf 85' lang='lat' dir='ltr'><strong>dissertationes,</strong></span> <span class='ocrx_word' id='word_1_841' title='bbox 2813 5403 2906 5477; x_wconf 65' lang='lat' dir='ltr'><strong>{et</strong></span> <span class='ocrx_word' id='word_1_842' title='bbox 2935 5405 3162 5463; x_wconf 81' lang='lat' dir='ltr'><strong>Sixtum</strong></span> <span class='ocrx_word' id='word_1_843' title='bbox 3194 5408 3521 5464; x_wconf 89' lang='lat' dir='ltr'><strong>Senensem</strong></span> 
     </span>
    </p>
   </div>
   <div class='ocr_carea' id='block_1_119' title="bbox 1865 5477 3520 5544">
    <p class='ocr_par' dir='ltr' id='par_1_119' title="bbox 1865 5477 3520 5544">
     <span class='ocr_line' id='line_1_119' title="bbox 1865 5477 3520 5544; baseline -0.002 -8"><span class='ocrx_word' id='word_1_844' title='bbox 1865 5481 2151 5539; x_wconf 78' lang='lat' dir='ltr'><strong>Biblioth.</strong></span> <span class='ocrx_word' id='word_1_845' title='bbox 2184 5480 2266 5536; x_wconf 90' lang='lat' dir='ltr'><strong>lib</strong></span> <span class='ocrx_word' id='word_1_846' title='bbox 2291 5496 2350 5544; x_wconf 83' lang='grc' dir='ltr'><strong>ιι,</strong></span> <span class='ocrx_word' id='word_1_847' title='bbox 2380 5479 2440 5534; x_wconf 91' lang='lat' dir='ltr'><strong>in</strong></span> <span class='ocrx_word' id='word_1_848' title='bbox 2463 5478 2603 5534; x_wconf 85' lang='lat' dir='ltr'><strong>ﬁne.</strong></span> <span class='ocrx_word' id='word_1_849' title='bbox 2638 5477 2789 5534; x_wconf 91' lang='lat' dir='ltr'><strong>Sunt</strong></span> <span class='ocrx_word' id='word_1_850' title='bbox 2837 5494 2872 5534; x_wconf 91' lang='lat' dir='ltr'><strong>a</strong></span> <span class='ocrx_word' id='word_1_851' title='bbox 2940 5479 3126 5534; x_wconf 90' lang='lat' dir='ltr'><strong>sacris</strong></span> <span class='ocrx_word' id='word_1_852' title='bbox 3183 5477 3520 5536; x_wconf 90' lang='lat' dir='ltr'><strong>canonibus</strong></span> 
     </span>
    </p>
   </div>
   <div class='ocr_carea' id='block_1_120' title="bbox 1864 5549 3517 5624">
    <p class='ocr_par' dir='ltr' id='par_1_120' title="bbox 1864 5549 3517 5624">
     <span class='ocr_line' id='line_1_120' title="bbox 1864 5549 3517 5624; baseline -0.001 -16"><span class='ocrx_word' id='word_1_853' title='bbox 1864 5551 2166 5610; x_wconf 69' lang='lat' dir='ltr'><strong>damnatae</strong></span> <span class='ocrx_word' id='word_1_854' title='bbox 2181 5551 2573 5609; x_wconf 72' lang='lat' dir='ltr'><strong>etinterdictaa</strong></span> <span class='ocrx_word' id='word_1_855' title='bbox 2591 5549 2704 5608; x_wconf 89' lang='lat' dir='ltr'><strong>sub</strong></span> <span class='ocrx_word' id='word_1_856' title='bbox 2726 5549 2924 5624; x_wconf 68' lang='lat' dir='ltr'><strong>paenis</strong></span> <span class='ocrx_word' id='word_1_857' title='bbox 2945 5549 3341 5622; x_wconf 88' lang='lat' dir='ltr'><strong>gravissimis.</strong></span> <span class='ocrx_word' id='word_1_858' title='bbox 3377 5554 3517 5607; x_wconf 77' lang='lat' dir='ltr'><strong>ALL.</strong></span> 
     </span>
    </p>
   </div>
  </div>
