4084 6212
577 277 709 334 1111

1858 269 2139 328 GEORGII
2170 270 2620 328 ACROPOLITE

3769 281 3870 335 111⁸1

575 402 835 460 mortem
859 396 1124 469 infertur,
1146 395 1417 452 instituit.
1437 398 1641 452 Manus
1661 398 1818 452 retro
1849 399 2234 455 condemnati
2267 437 2278 456 ε

2369 398 2576 461 πλείονος
2607 396 2844 471 βασάνου
2893 393 3067 461 ἔδοξεν
3133 396 3415 470 ἐπιγνῶναι
3471 399 3554 453 τὸν
3608 397 3793 474 βασιλέα
3830 412 3871 458 τό

579 492 836 561 alligata:
865 489 1121 556 fuerunt,
1166 491 1231 542 ut
1255 502 1395 541 ense
1428 486 1663 559 periret,
1721 487 1879 543 oculi
1936 488 2115 545 linteo
2147 489 2236 544 in-

572 582 821 639 volucro
854 577 1229 650 Operiuntur.
1267 578 1358 632 Sic
1397 577 1557 631 enim
1604 578 1990 635 condemnati
2045 579 2238 634 solent

578 670 843 728 construi
876 672 934 723 et
963 668 1147 722 ictum
1178 666 1341 721 necis
1364 666 1660 739 excipere.
1697 668 1799 722 His
1827 668 1911 723 ita
1959 668 2235 741 peractis,

579 764 636 816 et
663 759 920 825 vinctus,
950 760 1015 811 ut
1037 755 1323 810 cervicem
1350 755 1428 810 ad
1460 761 1641 828 caput
1680 758 2123 830 amputandum
2155 772 2243 812 re-

581 848 827 905 clinaret
832 847 1042 918 jussus
1062 845 1261 900 denuo
1285 845 1358 899 de
1380 845 1451 899 iis
1485 861 1621 919 qua:
1652 846 1713 900 in
1740 845 2049 919 questione
2077 848 2243 901 erant

585 937 944 1011 exposcitur.
962 935 1059 990 Ille
1069 934 1464 1006 jurejurando
1483 936 1659 992 etiam
1687 942 2068 993 sacrosancto
2099 952 2243 993 con-

583 1028 848 1086 ﬁrmavit
872 1026 1019 1081 nihil
1047 1025 1343 1080 ullatenus
1375 1026 1592 1080 horum
1632 1027 1942 1082 conscium
1983 1042 2110 1082 csse
2144 1027 2244 1081 Mi-

587 1117 857 1174 chaelem
890 1117 1282 1173 Comnenum.
1310 1114 1419 1181 Qui
1449 1116 1862 1186 postmodum,
1917 1116 2053 1172 licet
2121 1130 2246 1171 non

586 1223 779 1263 caesus
834 1205 961 1275 fuit,
1018 1204 1078 1259 in
1128 1219 1426 1259 carcerem
1477 1203 1773 1259 abductus
1842 1210 1950 1272 est,
2002 1220 2250 1277 compe--

585 1296 765 1353 dibus
803 1311 872 1351 ac
911 1293 1160 1349 vinculis
1197 1293 1570 1349 constrictus.
1619 1295 1787 1366 103
1816 1296 2251 1351 Universatan-

585 1386 726 1442 dem
742 1384 995 1457 quaestio
1008 1384 1064 1438 in
1080 1383 1420 1439 Michaelem
1436 1384 1805 1438 Comnenum
1818 1399 2106 1439 conversa
2136 1400 2198 1438 es
2210 1386 2247 1459 ι,

586 1475 891 1545 etjudices
912 1472 989 1527 ad
1010 1472 1067 1527 id
1084 1471 1361 1527 destinati
1384 1472 1462 1527 illi
1490 1472 1797 1528 dicebant:
1827 1494 1854 1521 ‹‹
1880 1473 2132 1538 Quando
2160 1473 2199 1528 d
2218 1490 2249 1528 e

589 1567 642 1618 te
674 1578 979 1618 sermones
1017 1560 1259 1632 quidem
1291 1560 1455 1615 haud
1487 1561 1860 1633 comprobati
1907 1561 2257 1617 referuntur

589 1668 627 1709 δ.
663 1656 720 1707 te
750 1650 882 1707 illos
915 1648 1191 1705 mirando
1216 1649 1421 1721 aliquo
1444 1649 1708 1706 facinore
1746 1650 2103 1706 refellendos
2125 1666 2256 1706 esse

2348 488 2554 550 ἀληθὲς,
2614 488 2720 548 οἶος
2806 485 2991 547 ἐκεῖνος
3069 489 3159 548 τὰς
3232 487 3492 552 ἐξετάσεις
3581 488 3874 567 ἀκριϐεστέρας

2346 580 2669 650 ποιούμενος,
2702 579 2789 628 τὸν
2826 572 2921 629 διὰ
2966 578 3187 629 θανάτου
3220 582 3454 651 επήγαγε
3500 586 3569 649 τῷ
3612 575 3746 653 ἀνδρὶ

2348 663 2761 741 χον.Ἐδέδεντο
2815 673 2939 738 γοῦν
2987 668 3042 718 αἱ
3091 673 3265 742 χεῖρες
3334 669 3546 720 ὄπισθεν
3594 675 3676 719 τοῦ
3722 668 3879 722 καταδι-

2350 757 2627 816 κασθέντος
2659 755 2837 827 ξίφους
2860 758 3009 828 ἔργον
3040 758 3303 828 γενέσθαι,
3359 759 3410 809 οἱ
3442 753 3491 808 δ’
3531 756 3755 829 ὀφθαλμοὶ
3794 758 3877 831 λινῷ

2350 848 2623 919 ὑφάσματι
2667 844 3053 918 ἐκαλύφθησανο
3088 848 3250 900 ούτων
3281 850 3388 923 γὰρ
3450 849 3590 899 εἴωθε
3635 852 3738 909 τούς
3775 868 3881 901 κατα-

2351 940 2559 1009 κρίτους
2616 931 3061 998 διασκευάζεσθαι
3114 941 3205 989 καὶ
3270 941 3372 995 τὴν
3426 934 3623 1007 πληγὴν
3670 935 3875 1009 λαμϐάνειν

2351 1034 2446 1088 τῆς
2475 1024 2803 1100 ἀναιρέσεως.
2833 1024 2923 1087 Ὠς
2950 1032 3071 1098 γοῦν
3127 1031 3215 1079 καὶ
3262 1026 3440 1079 ταῦτα
3495 1028 3678 1079 ούτωσὶ
3728 1031 3882 1097 γίνοιτο,

2354 1119 2445 1167 καὶ
2470 1116 2495 1166 ὀ
2530 1110 2806 1186 δέσμώτης
2834 1114 2999 1166 κλῖναι
3051 1118 3137 1167 τὸν
3193 1115 3403 1188 αὐχένα
3455 1118 3798 1189 προστέτακται
3833 1116 3884 1167 in

2359 1201 2575 1267 δέξηται
2604 1212 2698 1264 τῆς
2726 1205 2892 1277 κάρας
2920 1207 3015 1262 τὴν
3046 1206 3288 1277 ἐκτομὴν,
3353 1209 3447 1257 καὶ
3493 1203 3642 1257 πάλιν
3686 1208 3783 1277 περὶ
3823 1213 3884 1255 τῶν

2364 1296 2688 1364 ζητουμένων
2719 1293 3006 1365 ἠρώτηται,
3041 1294 3067 1344 ὁ
3098 1289 3158 1346 δὲ
3214 1292 3328 1366 μεθ’
3386 1295 3551 1368 ὅρκων
3603 1301 3792 1366 φρικτῶν
3824 1291 3884 1345 i6:-

2362 1381 2628 1434 ϐαίὼσατο
2664 1378 2831 1455 μηδέν
2860 1402 2909 1434 τι
2952 1382 3081 1444 ὅλως
3130 1380 3430 1436 συνειδέναι
3483 1381 3567 1435 ἐπὶ
3624 1384 3797 1443 τούτοις
3833 1386 3884 1433 τὰ,

2364 1474 2627 1544 Κομνηνόν
2683 1470 2926 1543 Μιχαὴλ,
3012 1471 3200 1535 ἐκεῖνος
3424 1476 3521 1529 τὴν
3581 1475 3703 1545 πρὸς
3740 1472 3886 1523 sem.

2364 1561 2511 1618 εἰάθη
2542 1556 2782 1627 ὁδεῦσαι,
2807 1564 2900 1619 τὴν
2933 1558 2992 1613 δε
3024 1566 3155 1637 πρὸς
3205 1564 3419 1637 εἱρκτὴν
3484 1557 3705 1627 ἐϐάδισε,
3745 1566 3811 1612 καὶ
3849 1556 3888 1612 ti-

2364 1669 2464 1722 χον
2491 1649 2647 1701 αὐτὸν
2685 1649 2850 1702 κλοιοὶ
2871 1655 2960 1702 καὶ
2998 1651 3304 1724 καθείρξεις.
3336 1650 3398 1703 Ἡ
3433 1649 3663 1713 ἐξέτασις
3713 1645 3763 1701 δὲ
3800 1656 3893 1700 πᾶσι

590 1756 908 1798 necessum
931 1744 1039 1805 est,
1066 1739 1125 1793 id
1158 1745 1361 1795 autem
1393 1740 1501 1795 erit
1554 1756 1655 1813 per
1706 1740 1927 1795 ferrum
1985 1741 2257 1797 candens

2369 1742 2491 1814 πρὸς
2518 1742 2603 1790 τὸν
2646 1742 2909 1811 Κομνηνὸν
2947 1744 3235 1798 κατηντηκε
3287 1738 3541 1812 Μιχαὴλ,
3592 1742 3673 1790 καὶ
3732 1734 3785 1795 δὴ
3821 1738 3891 1807 £7:-

591 1830 893 1905 purgatio.
928 1850 957 1878 »
991 1832 1137 1884 Tum
1167 1828 1263 1884 ille
1292 1829 1537 1884 veritate
1561 1830 1696 1901 ipsa
1727 1829 1911 1885 fretus
1950 1847 1962 1885 :
1992 1854 2012 1880 ι
2042 1830 2097 1886 Si
2124 1830 2258 1902 quis

594 1924 769 1988 esset,
808 1942 828 1968 ι
864 1917 1163 1982 dicebat,«
1187 1918 1291 1990 qui
1314 1934 1409 1973 me
1429 1924 1754 1989 accusaret,
1790 1936 1928 1975 cum
1962 1935 2033 1975 eo
2054 1922 2258 1991 utique

596 2007 1042 2073 contenderem,
1067 2007 1565 2080 ostenderemque
1585 2024 1725 2063 eum
1748 2009 2005 2063 mentiri.
2028 2013 2097 2063 At
2113 2024 2258 2064 vero

596 2115 736 2155 cum
767 2101 1083 2153 accusator
1097 2097 1295 2152 nullus
1319 2097 1407 2166 sit,
1432 2097 1506 2152 de
1524 2113 1646 2169 quo
1672 2098 1909 2169 judicor
1957 2098 1984 2151 ‘I
2008 2100 2185 2152 Porro
2212 2102 2259 2157 si

596 2204 694 2244 me
719 2188 872 2242 mira
900 2186 1074 2241 vultis
1100 2186 1412 2255 conﬁcere,
1438 2202 1549 2259 ego
1578 2203 1721 2243 sane
1748 2188 1797 2242 is
1818 2202 1939 2243 non
1983 2203 2120 2242 sum
2154 2203 2255 2259 qui

596 2275 893 2333 miracula
908 2275 1102 2331 facere
1116 2276 1366 2347 possim.
1388 2278 1630 2331 Ferrum
1654 2276 1920 2331 candens
1952 2276 2013 2331 in
2040 2291 2258 2332 manus

595 2365 715 2420 vivi
748 2364 1010 2419 hominis
1039 2364 1262 2419 cadens
1302 2366 1504 2419 nescio
1535 2381 1805 2436 quanam
1846 2364 1993 2419 illud
2027 2365 2258 2421 ratione

595 2468 816 2509 manus
846 2467 969 2506 non
995 2452 1330 2517 comburat,
1358 2452 1471 2507 nisi
1511 2452 1606 2507 ille
1639 2470 1671 2509 a
1702 2454 1909 2510 Phidia
1945 2455 2037 2509 vel
2065 2455 2258 2511 Praxi-

594 2542 708 2598 tele
734 2558 764 2596 e
791 2557 936 2598 saxo
966 2541 1200 2595 excisus
1225 2541 1318 2596 vel
1348 2557 1419 2597 ex
1447 2558 1558 2597 aere
1607 2544 1904 2600 conﬂatus
1947 2547 2019 2602 sit
2049 2570 2076 2596 »
2128 2550 2258 2602 Haec

597 2629 717 2700 ille,
741 2634 798 2686 et
828 2629 1161 2685 admodum
1181 2630 1376 2685 hercle
1389 2631 1547 2701 juste
1560 2632 1818 2689 dicebat.
1834 2637 2049 2691 Verum
2075 2636 2259 2691 enim-

600 2737 742 2777 vero
772 2737 910 2776 cum
940 2724 997 2776 et
1029 2719 1561 2792 Philadelphiensis
1597 2725 1976 2795 metropolita
2034 2727 2259 2781 Phocas

602 2811 785 2868 rebus
810 2810 1137 2880 interesset,
1174 2810 1345 2865 unice
1393 2810 1741 2883 imperatori
1801 2813 2052 2870 dilectus
2104 2814 2259 2870 mul-

607 2900 807 2972 tisque
827 2898 1217 2955 humanitatis
1249 2898 1458 2955 ofﬁciis
1480 2906 1780 2973 acceptus,
1809 2904 1973 2975 quod
1997 2920 2117 2960 non
2140 2904 2260 2960 vir-

608 2994 733 3046 tute
772 3004 843 3045 ac
880 2990 1111 3055 merito,
1146 2989 1250 3044 sed
1277 2988 1681 3061 imprudentia
1710 2998 2021 3049 assecutus
2048 2993 2258 3049 fuerat.

610 3080 881 3151 Namque
913 3094 1051 3134 cum
1091 3078 1419 3151 aliquando
1446 3080 1519 3134 de
1558 3080 1737 3136 rebus
1779 3081 2034 3153 publicis
2061 3083 2262 3139 nescio
2299 3106 2340 3163 ρ

610 3168 757 3241 quid
776 3173 1280 3240 percunctaretur,
1294 3167 1477 3223 libere
1496 3170 1848 3226 sententiam
1865 3188 2038 3227 suam
2070 3178 2264 3227 osten-

616 3258 721 3326 dit,
742 3263 816 3326 et,
839 3280 866 3308 «
890 3258 1291 3331 Oimperator,
1310 3283 1336 3309 »
1355 3259 1566 3331 inquit,
1587 3282 1613 3308 ‹‹
1631 3260 2104 3332 quamobremin
2118 3278 2264 3335 prae-

618 3348 773 3403 senti
798 3363 912 3403 nos
952 3348 1236 3419 consulis,
1269 3365 1406 3405 cum
1437 3350 1562 3422 ipse
1592 3366 1829 3422 semper
1859 3366 1965 3422 per
1993 3356 2070 3417 te,
2103 3352 2266 3424 quod

613 3436 721 3495 tibi
746 3437 943 3492 visum
982 3436 1174 3507 fuerit,
1208 3453 1464 3508 peragas
1486 3439 1514 3494 ?
1544 3460 1571 3488 ››
1598 3439 1832 3495 Dixerat
1870 3440 2020 3506 haec,
2050 3445 2105 3496 et
2144 3457 2268 3496 mo-

610 3524 758 3584 leste
790 3542 935 3582 sane
967 3526 1180 3582 tulerat
1204 3527 1550 3599 imperator,
1611 3529 2107 3601 quandoquidem
2166 3545 2269 3585 eos

613 3614 1298 3687 quiadstabantsiceum
1323 3616 1648 3673 allocutum
1667 3618 1892 3674 ferunt:
1926 3642 1945 3668 α
1965 3625 2053 3675 An
2080 3620 2271 3691 potuit

616 3719 654 3759 a
683 3703 1062 3777 metropolita
1082 3703 1280 3759 afferri
1306 3704 1451 3777 quid
1475 3706 1768 3762 audacius
1798 3708 1825 3762 ?
1852 3713 1909 3764 et
1960 3724 2069 3765 vos
2127 3707 2269 3763 tole-

615 3791 813 3849 rastis.
843 3814 871 3843 »
895 3795 1030 3849 Post
1048 3792 1293 3850 brevem
1341 3795 1554 3852 horam
1604 3796 1665 3851 in
1726 3813 1863 3853 eum
1920 3796 2271 3853 suavissime

619 3880 845 3939 effusus
869 3882 1161 3939 beneﬁcia
1182 3884 1445 3955 contulit,
1478 3890 1532 3941 et
1554 3886 1810 3942 honores
1832 3886 2272 3959 consiliumque

620 3969 696 4027 ab
718 3986 788 4026 eo
806 3970 867 4025 in
892 3971 1145 4041 negotiis
1171 3972 1541 4028 secularibus
1563 3974 1864 4046 capiebat.
1906 3977 2099 4039 Quare
2146 3978 2272 4029 tum

629 4060 803 4135 104
831 4060 1002 4117 etiam
1039 4061 1363 4134 imperator
1392 4067 1679 4135 tanquam
1703 4063 1971 4118 ministro
1992 4079 2136 4118 usus
2165 4067 2273 4129 est,

622 4150 990 4222 quiseorsim
1015 4151 1093 4207 ab
1112 4151 1242 4207 aliis
1266 4151 1640 4208 Comnenum
1663 4152 2024 4219 Michaelem,
2057 4168 2193 4221 cum
2223 4160 2280 4213 et

622 4237 751 4311 ipse
775 4256 1083 4295 sermones
1104 4241 1375 4297 audirem
1397 4245 1408 4276 ¹
1434 4242 1491 4297 in
1510 4243 1671 4297 hunc
1689 4242 1808 4297 fere
1849 4243 2101 4297 modum
2140 4240 2280 4297 allo-

624 4328 863 4402 quitur:
895 4350 921 4377 «
948 4329 1169 4383 Nobilis
1197 4330 1440 4400 quidem
1463 4347 1601 4385 cum
1640 4331 1856 4402 ipseeis
1886 4336 1941 4386 et
1967 4347 2037 4386 ex
2064 4331 2279 4387 nobili-

2371 1846 2493 1879 σκον
2519 1826 2659 1897 αύτῷ
2686 1827 2734 1879 οἱ
2763 1829 2910 1899 τάχα
2929 1832 3117 1901 κρίνειν
3171 1837 3352 1881 τοῦτον
3405 1827 3675 1899 λαχόντες,
3718 1828 3774 1886 ὡς
3804 1826 3891 1877 Ἐπεί

2368 1923 2487 1991 περὶ
2520 1925 2614 1969 σοῦ
2645 1917 2982 1992 ἁπειρημένοι
3012 1921 3145 1980 τινες
3192 1918 3505 1976 λιλάληνται
3563 1915 3715 1987 λόγοι,
3763 1912 3824 1967 δεῖ
3859 1933 3891 1965 σι

2372 2002 2467 2058 διὰ
2521 2026 2661 2069 τινος
2743 2008 3161 2080 θαυματοποιίας
3241 2010 3466 2067 τούτους
3517 2004 3890 2058 ἀποσκευάσασθαι

2366 2098 2435 2147 Τὸ
2468 2091 2526 2147 δὲ
2557 2092 2664 2154 ἧνὴ
2700 2090 2794 2147 διὰ
2818 2092 3024 2169 μύδρον
3064 2092 3338 2159 ἀπόδειξις
3557 2093 3613 2146 Ὀ
3643 2090 3694 2146 δε
3733 2094 3888 2164 (καὶγὰρ

2368 2180 2507 2255 εἶχεν
2537 2183 2842 2257 βοηθοῦσαν
2875 2185 3015 2257 αύτῷ
3054 2190 3147 2244 τὴν
3215 2184 3509 2256 ἀλήθειαν),
3557 2206 3585 2235 (ι
3648 2182 3702 2236 Εἰ
3844 2200 3890 2238 τις

2370 2271 2452 2343 ἧν,
2488 2296 2516 2324 ››
2548 2274 2732 2346 ἔλεγεν,
2770 2294 2800 2328 ‹
2831 2277 2856 2327 ὁ
2887 2278 2999 2328 κατ’
3026 2278 3149 2348 ἐμοῦ
3177 2296 3231 2329 τι
3263 2283 3595 2350 κατηγορῶν,
3651 2274 3759 2347 πρὸς
3806 2269 3886 2321 ἐκεῖ·

2366 2384 2449 2417 νον
2481 2367 2541 2416 οἶν
2578 2364 2925 2437 ἆμαχεσάμην
2982 2370 3073 2417 καὶ
3128 2361 3385 2428 ἀπέδειξα
3436 2360 3732 2436 ψεύδεσθαι·
3780 2378 3886 2413 κατε-

2365 2460 2525 2528 ’γάρου
2576 2451 2634 2507 δέ
2709 2459 2780 2527 μὴ
2835 2459 3085 2527 παρόντος
3155 2456 3283 2529 ὑπὲρ
3324 2460 3463 2515 τίνος
3518 2448 3825 2525 κρίνομαιμὶ
3856 2442 3888 2498 δε

2370 2547 2841 2617 θαυματουργῆσαί
2861 2563 2923 2616 με
2952 2543 3135 2612 θέλετε,
3192 2542 3301 2596 ἀλλ’
3362 2542 3462 2616 ἐγὼ
3519 2541 3629 2603 οῦκ,
3653 2540 3743 2611 εἰμὶ
3776 2540 3885 2588 toto-3-

2367 2654 2452 2695 τος
2480 2637 2613 2685 ὥστε
2679 2639 2768 2685 καὶ
2812 2637 3175 2707 τερατοποιίας
3229 2632 3577 2707 ἐργάζεσθαι.
3646 2624 3825 2698 Simo;
3855 2619 3887 2672 δέ

2369 2726 2854 2795 πεπυρακτωμένος,
2896 2721 2938 2774 εἰ
2992 2720 3039 2772 ἓν
3096 2726 3219 2796 χερὶ
3279 2720 3556 2796 ἀνθρώπου
3632 2720 3747 2780 ζωοῦ
3797 2712 3885 2767 οὗτος

2370 2810 2605 2884 ἐμπέσοι,
2633 2811 2724 2863 οῦκ
2752 2807 2876 2863 οἶδα
2914 2818 3025 2873 πῶς
3052 2811 3114 2862 οἷν
3162 2810 3222 2863 οῦ
3271 2813 3516 2863 καύσειεν
3570 2806 3734 2871 αὐτὴν,
3780 2800 3811 2854 εί
3845 2804 3883 2869 μέ

2368 2904 2468 2953 πού
2508 2920 2587 2961 τις
2618 2899 2825 2962 ἓξεσται
2851 2907 2922 2969 τῷ
2954 2896 3139 2972 Φιιδίᾳ
3177 2898 3232 2951 ἔκ
3267 2898 3422 2952 λίθου
3458 2898 3489 2957 ἦ
3532 2903 3601 2967 τῷ
3654 2888 3882 2965 Πραξιτείεις
3956 2888 3957 2945 ξ

2370 2994 2401 3048 ἤ
2432 2994 2521 3042 καὶ
2546 2987 2646 3041 ἀπὸ
2677 2988 2883 3061 χαλκοῦ
2915 2996 3189 3061 εἴργασται
3215 3030 3228 3043 .
3262 3008 3292 3038 ››
3314 2987 3476 3042 Ταῦτ’
3516 2985 3665 3057 ἔλεγε,
3686 2986 3760 3033 καὶ

2370 3082 2429 3137 νὴ
2457 3083 2547 3137 την
2585 3082 2744 3150 Θέμιν
2778 3075 3017 3140 δικαίως.
3049 3077 3190 3131 Ἐπεὶ
3241 3073 3301 3129 δί
3372 3081 3464 3129 καὶ
3518 3076 3543 3127 ὁ
3598 3080 3679 3131 τῆς
3720 3061 3882 3123 Φίλαδίλ

2374 3172 2501 3241 vim
2533 3169 2610 3237 (7)
2636 3166 3026 3242 μητροπολίτης
3082 3172 3264 3229 Φωκᾶς
3317 3173 3598 3239 συμπαρῆν
3652 3166 3741 3219 τοῖς
3788 3171 3883 3225 γινο-

2373 3261 2561 3331 μένοις,
2595 3255 2894 3329 φιλούμενος
2923 3259 3049 3330 πρὸς
3098 3263 3190 3308 τοῦ
3253 3253 3517 3328 βασιλέως
3568 3254 3650 3303 καὶ
3707 3247 3807 3299 πάνυ
3834 3260 3867 3310 Ῡί

2373 3347 3128 3421 λοφρονούμενος,-πέπονθε
3184 3341 3243 3397 δὲ
3298 3353 3458 3397 τοῦτο
3509 3341 3597 3394 ούκ
3654 3336 3700 3399 ἐξ
3746 3332 3882 3407 ἆρπξςν

2375 3435 2479 3488 ἀλλ’
2516 3435 2569 3499 ἐξ
2596 3432 2878 3496 ἀναιδείας.
2922 3439 3023 3488 Καὶ
3080 3436 3182 3507 γάρ
3234 3453 3363 3487 ποτε
3415 3439 3507 3485 τοῦ
3562 3425 3782 3503 βασιλέως
3821 3437 3883 3511 τίς·

2377 3528 2589 3599 θομένου
2636 3530 2755 3600 περί
2810 3544 2948 3587 τινος
3006 3532 3108 3577 τῶν
3165 3532 3350 3576 κοινῶν
3419 3520 3736 3597 πραγμάτων,
3781 3511 3881 3606 “fi”

2373 3614 2671 3691 ῥησιάσατο
2696 3620 2807 3682 καὶ,
2842 3636 2870 3665 (ι
2902 3614 2972 3665 Ὠ
3001 3612 3243 3686 βασιλεῦ,
3282 3635 3303 3662 ι
3361 3615 3475 3685 ἔφη,
3557 3630 3584 3658 ι(
3621 3609 3882 3691 τέγοςχαρο

2377 3704 2568 3779 ἀρτίως
2606 3705 2740 3776 ἡμᾶς
2770 3702 2982 3777 ἐρωτᾷς,
3011 3703 3168 3763 αὐτὸς
3211 3700 3291 3755 ἀεὶ
3346 3701 3401 3766 ἐξ
3454 3699 3631 3753 ἑαυτοῦ
3674 3693 3726 3743 τὰ
3744 3684 3881 3779 δοκοῇ

2377 3796 2444 3846 τά
2487 3813 2573 3845 σοι
2596 3790 3044 3865 διαπραττόμενος
3072 3810 3088 3859 ;
3115 3814 3142 3843 ‹‹
3200 3790 3360 3844 Ταῦτ’
3422 3785 3547 3853 εἷπε,
3594 3788 3673 3836 καὶ
3715 3780 3884 3869 τότε

2380 3885 2405 3936 ὁ
2439 3882 2686 3956 βασιλεὺς
2748 3880 3108 3954 ἕσχετλίασεν,
3164 3885 3255 3933 καί
3308 3901 3372 3953 γε
3429 3878 3610 3953 εἰρηκει
3662 3870 3769 3943 πρὸς
3808 3875 3881 3913 τους

2383 3974 2931 4045 συμπαρισταμένους,
2965 3993 2993 4021 ‹‹
3025 3976 3088 4022 Τί
3135 3970 3270 4022 οὕτω
3332 3970 3639 4043 θρασύτερον
3681 3960 3702 4009 ὁ
3754 3963 3881 4045 ξητρθξ

2381 4060 2592 4122 πολίτης
2632 4062 2849 4135 εἰρηκεν,
2906 4061 3051 4132 ὑμεῖς
3102 4055 3161 4111 δὲ
3214 4055 3584 4131 ἠνέσχεσθε;⁵
3633 4046 3742 4135 μετά
3761 4038 3880 4129 159w

2386 4147 2445 4203 δε
2490 4134 2797 4222 φιλοφρονως
2871 4156 3050 4200 τοῦτον
3120 4145 3437 4211 ἐδεξιώσατο
3522 4145 3605 4194 καὶ
3677 4134 3881 4227 ἐτίμσξξει

2388 4239 2678 4312 σύμϐουλον
2701 4234 2841 4309 εἶχεν
2866 4236 2913 4289 ἐν
2966 4244 3084 4297 ταῖς
3122 4244 3411 4309 κοσμικαῖς
3463 4233 3751 4285 ὑποθέσεσιν.
3793 4222 3881 4315 ‘1?”

2389 4325 2423 4381 δ
2426 4336 2655 4403 ρηστῆρι
2683 4335 2807 4399 γοῦν
2841 4331 2929 4378 καὶ
2960 4331 3071 4378 τότε
3101 4324 3373 4399 ἐχρησατο
3414 4325 3573 4391 τούτῳ
3622 4317 3645 4367 ὁ
3692 4308 3879 4403 parauit;-

624 4416 741 4474 bus
779 4423 1132 4489 prognatus.
1166 4434 1236 4473 ea
1257 4424 1313 4473 et
1350 4420 1553 4474 animo
1585 4420 1898 4491 concipere
1927 4425 1981 4475 et
2011 4436 2071 4475 re
2099 4437 2278 4493 praes-

2387 4386 2465 4489 [1).
2502 4386 2722 4489 53].Καὶ
2775 4435 2830 4488 γε
2869 4420 3162 4488 καταμόνας
3215 4419 3302 4467 τὸν
3370 4411 3620 4485 Κομνηνόν
3661 4386 3878 4505 ungulatis?

2560 4506 2594 4512 γ’
2727 4509 2734 4512 ⁸
3013 4504 3028 4512 “
3057 4509 3063 4512 ¹
3232 4502 3243 4512 ⁵
3450 4505 3459 4512 -
3639 4494 3736 4512 ,_",-
3779 4492 3865 4512 ’19η

624 4509 769 4565 terte
792 4505 975 4561 debes
997 4522 1132 4574 quae
1155 4522 1264 4561 nec
1282 4524 1317 4562 a
1337 4507 1454 4563 ﬁde
1477 4513 1577 4563 tua
1602 4524 1712 4563 nec
1732 4508 1808 4563 ab
1843 4509 2280 4566 existimatione

624 4611 737 4653 nec
758 4596 1017 4669 denique
1033 4611 1069 4651 a
1086 4596 1439 4665 cognatione
1454 4602 1554 4652 tua
1568 4597 1760 4653 aliena
1768 4598 2130 4669 judicantur.
2168 4600 2279 4655 Sed

626 4686 780 4744 enim
795 4702 927 4742 cum
940 4691 1115 4742 testes
1127 4685 1203 4741 ad
1218 4690 1273 4740 te
1287 4686 1763 4742 convincendum
1776 4703 1898 4743 non
1914 4688 2283 4762 adsint,ope-

625 4792 708 4835 rae
722 4776 971 4850 pretium
988 4776 1095 4832 erit
1106 4781 1160 4831 te
1177 4774 1333 4832 ferro
1346 4775 1625 4831 candenti
1638 4777 1942 4833 veritatem
1965 4778 2279 4849 designare

630 4890 661 4920 ››
687 4867 790 4925 llle
810 4883 1036 4941 magno
1060 4884 1130 4925 ac
1149 4866 1301 4925 virili
1320 4866 1545 4939 animo,
1568 4868 2157 4941 etquemadmodum
2188 4871 2277 4942 pi-

2386 4506 2629 4579 Μιχαήλ,
2669 4509 2838 4577 κάμοῦ
2877 4513 2975 4556 τῶν
3013 4504 3177 4575 λόγων
3222 4502 3566 4577 ἀκροωμένου,
3630 4484 3747 4543 ταῦτ’
3777 4492 3875 4537 tum,

2387 4578 2510 4656 dign
2545 4595 2767 4666 Εὗγενὴς
2795 4598 2883 4667 μὲν
2916 4592 3043 4667 ἀνὴρ
3073 4594 3137 4645 σι)
3183 4597 3272 4644 καὶ
3322 4591 3377 4655 ἒξ
3420 4590 3619 4660 εὐγενῶν
3666 4578 3876 4667 7⁶7Μ⁶²Ϊ

2388 4690 2472 4738 Δεῖ
2495 4684 2582 4737 οὖν
2630 4703 2687 4735 σε
2752 4687 2810 4735 τὸ
2880 4680 2995 4736 δέον
3058 4683 3183 4755 ὑπὲρ
3240 4688 3335 4743 τῆς
3412 4671 3686 4742 ὑπολόψεως
3744 4675 3783 4709 τε
3820 4665 3875 4755 rat

2386 4781 2614 4837 πίστεως
2642 4779 2731 4826 καὶ
2784 4774 2972 4834 πᾶντός
3010 4792 3095 4825 σοι
3132 4779 3225 4824 τοῦ
3279 4774 3460 4843 ’γένους
3505 4767 3587 4817 καὶ
3643 4752 3877 4845 νοῆσαιικιιι

2367 4864 2785 4942 διαπράξασθαι
2821 4865 2959 4918 Ἐπεὶ
3008 4860 3067 4916 δὲ
3117 4863 3210 4915 οὐκ
3250 4861 3463 4934 ἔλεγχος
3507 4851 3635 4928 παρὰ
3685 4843 3874 4915 μαρτύρων

1547 4993 1886 5063 Theodori
1935 4994 2185 5061 Dousae
2236 5003 2302 5061 et
2346 4990 2599 5062 Leonis
2647 4988 2880 5058 Allatii
2931 4996 3131 5055 notae.

700 5118 779 5187 (6)
811 5116 869 5171 Η’
898 5116 993 5171 διὰ
1017 5117 1223 5192 μύδρον
1251 5117 1546 5192 ,ἀπόδειξιςἲ
1601 5119 1822 5192 Mirum
1861 5117 2011 5192 quid
2051 5118 2110 5172 in
2164 5118 2278 5173 hoc

629 5187 763 5260 ipso
795 5187 1383 5254 genere'de'muliere
1410 5190 1681 5246 adultera
1722 5188 1827 5243 sed
1855 5187 2197 5260 pbsnitente,
2225 5195 2281 5245 et

628 5258 913 5331 episcopo
930 5260 1425 5331 Didymotichensi
1438 5276 1820 5316 commemora
1834 5258 2124 5331 {Joannes
2137 5262 2281 5316 Can-

628 5330 971 5395 tacuzenus,
1004 5330 1235 5385 Πέδιον.
1282 5332 1384 5385 lib.
1414 5349 1491 5395 in,
1525 5347 1657 5401 cap.
1704 5336 1791 5386 27.
1854 5330 2085 5385 Addam
2150 5332 2279 5401 ipso

626 5406 896 5473 tempore
910 5401 1247 5473 Lascarium
1262 5400 1416 5455 hanc
1436 5400 1850 5473 purgationem
1863 5401 1998 5455 ferri
2023 5400 2281 5456 canden-

630 5474 704 5530 tis
755 5471 1025 5527 inaxime
1053 5471 1237 5526 fuisse
1266 5472 1325 5526 in
1358 5487 1493 5539 usu,
1526 5477 1589 5526 ut
1620 5471 1892 5526 oculatus
1924 5472 2057 5527 testi
2109 5474 2283 5530 refert

630 5542 1054 5615 Pachymerius
1099 5542 1201 5597 lib.
1278 5559 1315 5607 ι,
1374 5558 1435 5615 p.
1508 5547 1596 5599 33.
1657 5545 1718 5597 Et
1758 5548 1902 5599 nota
1955 5548 2044 5595 καὶ
2078 5540 2211 5597 εἶδεν
2254 5547 2279 5597 ὁ

628 5613 837 5692 γράφὼν
880 5613 1018 5674 ἡϐῶν
1085 5622 1158 5686 τῷ
1229 5619 1343 5668 τότε
1377 5613 1387 5615 ἡ
1431 5615 1747 5677 ύτοστάντας
1829 5635 1970 5681 τινας
2041 5624 2275 5685 τοιαῦτα,

2387 5116 2515 5176 πλήν
2554 5113 2827 5196 nostra;
2861 5112 3264 5196 απαλλάξαντξας
3310 5114 3369 5192 τρ
3393 5181 3403 5191 .
3424 5079 3875 5196 ρᾳυμῗὶἒξῗέΤτῗδζῖἑ

2389 5157 2610 5244 eversas
2639 5157 3057 5260 probationem
3081 5157 3157 5239 ‘in
3189 5157 3529 5238 homicidio.
3549 5161 3686 5281 ξρυά
3708 5157 3861 5247 CW";

2389 5260 2514 5281 ι---
2554 5258 2708 5281 __._,J
2742 5257 3116 5281 rnL-..,J-.......
3154 5253 3530 5281 ιμλιιηι-...υιηη
3598 5255 3623 5281 A

2386 5234 2521 5329 ἴθ’έό
2531 5234 3534 5330 ”εἱῖ)ιῖ‹1”νῑιῖέᾉᾱῖέὶίῲ“ρῖῥςῑῐεᾰὼιξω
3560 5234 3623 5297 de
3665 5234 3761 5288 ano

2389 5324 2616 5414 thes‘eft‘
2631 5327 3207 5414 Do_siclii‘an1‘or’ibus
3387 5324 3703 5414 ιίριῐξὶηης
3761 5349 3867 5414 Phila

2489 5402 2621 5469 7)"0
2667 5409 2758 5462 τῆς
2799 5396 3175 5473 Φιλαδελφέωνο
3237 5396 3337 5451 Ηίο
3386 5399 3466 5449 εει
3517 5386 3847 5473 Ρδίῖἳῗῗηίξῖἒ

2489 5402 2621 5469 7)Ὀ
2667 5409 2758 5462 τῆς
2799 5402 3175 5471 Φιλαδελφέων.
3237 5402 3337 5451 Hic
3386 5402 3466 5449 est
3517 5402 3703 5442 νηοσαυ
3742 5402 3823 5444 ,ιν

2388 5402 2763 5545 deiphiensis
2816 5471 3161 5545 episcopus,
3185 5483 3401 5545 ouem
3444 5473 3573 5545 cuin
3592 5440 3823 5545 Αξξξηίορ

2388 5527 2649 5602 triarcha
2669 5527 2904 5603 videtur
2938 5527 3304 5601 confundere
3336 5538 3598 5594 Phranza.
3625 5527 3727 5574 ALL.
