4084 6212
247 317 384 371 1113

1756 318 2102 379 ΑΝΝΑιΕε.

3475 340 3612 393 1114

243 438 292 492 iv
327 443 433 504 σοὶ,
476 433 561 490 δεῖ
610 455 669 489 σε
698 443 771 507 τῷ
831 433 1018 511 μύδρῳ
1059 443 1156 498 τὴν
1210 439 1455 499 ἀλήθειαν
1501 446 1837 515 παραστήσα-

1958 451 2150 503 ctores
2178 448 2333 505 inter
2370 453 2772 523 pugnandum
2810 454 3275 528 imperterritum
3300 458 3609 517 hominem

244 530 391 584 σθαι.
425 548 455 577 ››
480 531 581 581 Καὶ
611 525 664 589 ὃς
690 525 832 598 μάλα
878 533 1123 598 γενναίως
1178 534 1267 582 καὶ
1328 527 1605 605 ἀνδρικῶς,
1662 537 1751 585 καὶ
1781 534 1850 595 ὡς

242 619 306 671 ἄν
354 637 472 670 τινα
500 618 548 668 οἱ
605 622 823 688 γραφεῖς
874 614 922 667 iv
980 620 1133 691 μάχῃ
1175 620 1423 693 ἄτρεστον
1472 616 1845 693 διαγράψαιεν,

247 731 269 759 ι
302 708 415 761 Οὔκ
440 702 544 760 οἷδ’
584 707 725 767 ὅπως
753 709 811 757 τό
838 714 1071 759 τοιοῦτον
1109 707 1357 766 κέκληται
1385 708 1553 780 ἅγιον,
1587 706 1628 761 ὦ
1660 706 1850 764 δέσπο-

241 817 329 866 τα,
360 819 388 847 »
422 799 536 869 ἔφη.
575 815 597 847 ε
650 793 787 847 Ἀλλ’
830 793 927 867 ἐγὼ
970 798 1060 867 μὲν
1125 796 1429 871 ἁμαρτωλός
1485 798 1592 871 εἰμι
1647 801 1849 874 ἄνθρω-

240 906 359 955 πος,
399 891 489 939 καὶ
516 891 873 959 τερατουργεῖν
902 892 1123 938 τοιαῦτα
1169 886 1226 938 οὐ
1259 883 1510 960 δύναμαι,
1576 889 1636 942 Εἰ
1670 886 1730 942 δέ
1758 910 1849 962 μοι

244 974 597 1051 συμϐουλεύῃ,
650 973 1038 1048 μητροπολίτης
1084 978 1152 1026 ὤν
1222 981 1314 1028 καὶ
1366 984 1500 1030 Θεοῦ
1554 978 1847 1049 ἄνθρωπος,

240 1070 390 1118 τουτὶ
445 1060 861 1137 διαπράξασθαι,
913 1059 1131 1116 ἔνδυσαι
1185 1067 1275 1137 μεν
1359 1065 1515 1128 αὐτὸς
1559 1071 1651 1126 τὴν
1711 1070 1848 1141 ἱεράν

245 1173 341 1207 σου
366 1160 541 1207 πᾶσαν
572 1151 780 1217 στολὴν,
822 1153 992 1213 καθὼς
1048 1155 1228 1213 εῖωθας
1293 1152 1343 1206 iv
1399 1162 1472 1225 τῷ
1519 1156 1639 1227 θείῳ
1686 1156 1849 1231 εἰσερ-

240 1244 442 1317 χεσθαι
481 1240 684 1315 βήματι
719 1245 809 1292 καὶ
852 1239 1185 1313 ἐντυγχάνειν
1245 1250 1379 1313 Θεῷ,
1441 1239 1552 1296 εἶτα
1606 1241 1675 1303 δὴ
1732 1244 1849 1309 ταῖς

246 1341 368 1395 σαῖς
420 1335 607 1407 χερσὶν
655 1329 954 1405 ἕκπύρωσόν
1010 1350 1100 1403 μοι
1151 1334 1239 1384 τόν
1299 1328 1544 1406 σίδηρον,
1601 1333 1685 1396 αἷς
1755 1343 1847 1388 τοῦ

245 1423 384 1475 θείου
442 1419 638 1493 ἐφάπτῃ
700 1421 949 1493 θύματος,
1021 1426 1114 1472 τοῦ
1189 1427 1434 1493 σώματος
1490 1429 1583 1474 τοῦ
1650 1428 1844 1497 Κυρίου

235 1512 384 1584 ἡμῶν
416 1510 596 1568 Ἰησοῦ
647 1515 892 1582 Χριστοῦ
941 1515 1033 1560 τοῦ
1109 1510 1234 1585 ὑπερ
1290 1514 1484 1572 παντὸς
1528 1517 1614 1563 τοῦ
1642 1515 1842 1584 κόσμου

234 1602 512 1672 τεθυμένον
551 1598 643 1650 καὶ
713 1596 793 1651 ἀεὶ
842 1599 1088 1670 θυομένου
1145 1599 1271 1673 παρ’
1320 1602 1462 1672 ὑμῶν
1514 1608 1613 1652 τῶν
1675 1601 1843 1673 ἱερέων

231 1709 289 1743 τε
353 1694 443 1741 καὶ
495 1691 773 1762 ἱεραρχῶν,
832 1692 923 1739 καὶ
971 1690 1190 1745 ταύταις
1234 1685 1302 1747 δὴ
1357 1696 1473 1752 ταῖς
1531 1692 1689 1765 ἱεραῖς
1746 1709 1841 1743 σου

226 1783 419 1853 χερσὶν
446 1776 613 1838 ἕπίθες
634 1785 696 1849 τῇ
754 1781 899 1849 χειρί
928 1795 1028 1845 μου
1070 1780 1157 1828 τόν
1214 1774 1455 1851 σίδηρον,
1508 1784 1599 1831 καὶ
1649 1778 1841 1853 ταθάρο

224 1869 367 1943 ῥηκα
388 1866 457 1929 εὶς
486 1869 573 1919 τὸν
632 1870 897 1924 Δεσπότην
951 1870 1181 1940 Χριστόν
1226 1870 1297 1927 ὡς
1352 1874 1527 1920 πᾶσαν
1570 1870 1660 1940 μεν
1695 1868 1841 1927 οὗτος

230 1956 485 2030 ἁμαρτίαν
515 1975 616 2028 μου
668 1959 1046 2030 παροράσεται,
1158 1976 1231 2028 υμ
1257 1961 1579 2031 ατουργήσει
1631 1953 1691 2009 δε
1745 1960 1839 2015 τὴν

227 2044 322 2103 ἆλή
379 2064 504 2097 ειαν.
569 2065 597 2096 ››
650 2049 751 2097 Καὶ
810 2045 836 2095 6
890 2048 981 2117 μὶν
1038 2048 1304 2119 Κομνηνός
1376 2045 1600 2118 Μιχαὴλ
1680 2046 1839 2105 οὕτως

226 2138 423 2209 εἴρηκεν
444 2155 457 2167 ·
490 2135 516 2186 ό
550 2129 609 2186 δε
639 2132 1045 2206 μητροπολίτης,
1073 2156 1101 2183 ‹‹
1153 2133 1224 2186 Ὢ
1268 2134 1392 2187 καλε
1431 2140 1628 2201 νεανία,
1665 2156 1693 2185 ››
1721 2137 1833 2207 ἔφη,

229 2246 259 2275 ιε
299 2229 452 2277 τοῦτο
482 2223 577 2276 όύκ
621 2225 734 2276 ἔστι
793 2230 889 2285 τῆς
936 2226 1188 2299 ἡμετέρας
1246 2228 1337 2275 καὶ
1392 2222 1696 2296 Ῥωμαῖκῶς
1743 2244 1836 2276 κα-

227 2314 550 2375 ταστάσεως,
605 2310 712 2363 ἀλλ’
762 2314 878 2364 οὔτε
923 2319 1020 2375 τῆς
1093 2311 1533 2373 ἑκκλησιαστικῆς
1602 2310 1835 2387 παραδό-

233 2421 383 2470 σεως,
443 2403 560 2454 οὔτε
586 2406 689 2475 μὴν
743 2419 799 2453 εκ
843 2410 944 2453 τῶν
999 2421 1167 2475 νομων
1214 2405 1330 2454 οὔτε
1379 2398 1447 2460 δὴ
1503 2407 1751 2476 πρότερον
1780 2402 1837 2454 ἐκ

227 2497 327 2542 τῶν
389 2490 533 2561 ἱερῶν
586 2492 676 2540 καὶ
733 2489 878 2541 θείων
930 2492 1154 2541 κανόνων
1212 2488 1583 2562 παρείληπται.
1637 2488 1838 2565 Βαρϐα-

230 2580 373 2651 ρικὸς
405 2572 464 2631 δὲ
507 2578 533 2628 6
576 2580 765 2651 τρόπος
820 2582 909 2630 καὶ
953 2576 1122 2648 ἀγνὼς
1180 2576 1228 2630 iv
1259 2580 1404 2651 ἡμῖν,
1460 2586 1733 2651 προσταγῇ
1778 2575 1837 2631 δε

230 2670 384 2739 μόνον
430 2665 701 2741 ἐνεργεῖται
748 2665 1027 2741 βασιλικῇ.
1064 2690 1093 2717 ››
1134 2672 1235 2720 Καὶ
1300 2667 1375 2734 6;,
1426 2688 1454 2717 ‹‹
1488 2667 1556 2720 Ὦ.
1622 2672 1837 2741 μέγιστε

229 2757 456 2830 ἱεράρχα
508 2762 661 2825 Θεοῦ,
696 2756 739 2808 εἰ
777 2760 867 2829 μέν
907 2761 996 2809 καὶ
1053 2756 1211 2819 αὐτὸς
1258 2755 1313 2808 ἔκ
1368 2754 1647 2831 βαρϐάρων
1694 2761 1839 2829 γεγίο

221 2865 385 2917 νημαι
444 2850 534 2898 καὶ
584 2843 928 2921 βαρϐαρικοῖς
995 2853 1106 2908 τοῖς
1176 2848 1358 2905 ἤθεσιν
1442 2844 1837 2921 ἆνατέθραμμαι

221 2936 251 2994 ἦ
306 2940 395 2987 καὶ
449 2939 623 3007 νόμοις
677 2939 939 2988 τουτοισὶν
997 2932 1428 3008 ἔκπεπαίδεομαι,
1492 2940 1581 2987 καὶ
1638 2934 1838 3011 βαρϐα-

222 3032 381 3098 ρικῶς
410 3023 721 3098 έκτισαίμην
777 3029 872 3083 τὴν
922 3021 1080 3083 δίκην
1128 3045 1251 3098 μου.
1308 3024 1369 3078 Εἰ
1428 3022 1490 3077 δὲ
1549 3029 1834 3097 Ῥωμαίων,

1957 534 2384 608 depinxissent,
2408 540 2618 597 ﬁrmus
2662 559 2732 598 ac
2768 545 3015 613 stabilis,
3051 569 3077 595 «
3116 548 3362 603 Sacrum
3400 549 3536 621 hoc,
3578 571 3607 599 ››

1956 624 2168 697 inquit,
2208 649 2228 676 ι
2274 628 2536 701 domine,
2566 648 2835 703 quonam
2876 640 3119 691 vocetur
3174 637 3441 706 nomine,
3485 654 3608 694 non

1955 715 2116 769 novi.
2152 715 2281 787 Ipse
2304 733 2415 787 ego
2434 726 2714 790 peccator
2733 738 2867 778 sum
2892 739 3001 780 nec
3020 725 3387 796 ejuscemodi
3411 726 3608 783 admi-

1954 803 2148 861 randa
2178 804 2409 861 eﬂicere
2425 824 2697 879 possum.
2726 811 2782 867 Si
2808 828 2948 869 vero
2983 819 3042 869 tu
3063 814 3228 881 mihi,
3260 817 3362 887 qui
3387 821 3608 872 metro-

1956 893 2142 965 polita
2169 910 2233 949 es
2264 900 2319 951 et
2347 897 2531 953 homo
2566 899 2825 969 divinus,
2875 907 2940 958 ut
2964 902 3023 958 id
3072 904 3345 977 expleam
3386 906 3607 962 adhor-

1956 984 2119 1055 taris,
2162 1000 2273 1053 age
2302 991 2365 1041 tu
2394 987 2520 1059 ipse
2558 1005 2866 1046 sacrarum
2908 993 3155 1049 vestium
3201 1000 3495 1066 apparatu
3524 995 3609 1051 in-

1956 1074 2121 1141 tegro
2134 1077 2186 1128 te
2199 1073 3126 1149 circumvesti,quemadmodum
3143 1084 3357 1138 Sancta
3371 1088 3607 1140 sancto-

1932 1176 2089 1216 rum
2116 1161 2348 1232 ingredi
2369 1164 2524 1220 soles
2565 1172 2624 1220 et
2654 1170 2839 1223 Deum
2866 1169 3090 1242 alloqui
3117 1187 3129 1234 ;
3163 1170 3301 1226 dein
3327 1171 3442 1227 tuis
3471 1187 3607 1228 ma-

1952 1250 2154 1317 nibus,
2169 1252 2391 1324 quibus
2404 1256 2597 1324 tangis
2612 1263 3064 1315 sacrosanctum
3079 1259 3460 1331 sacriﬁcium,
3481 1276 3604 1317 cor-

1953 1354 2069 1411 pus
2104 1342 2336 1397 Domini
2364 1344 2553 1399 nostri
2587 1347 2725 1400 Jesu
2757 1347 2991 1417 Christi,
3023 1349 3130 1419 qui
3158 1365 3268 1421 pro
3293 1349 3437 1405 orbe
3468 1351 3604 1405 uni-

1950 1428 2385 1501 versojoblatus
2408 1437 2498 1486 est
2518 1433 2921 1507 continuoque
2945 1452 2981 1491 a
3001 1436 3173 1492 vobis
3192 1438 3605 1494 sacerdotibus

1950 1521 2007 1571 et
2044 1518 2409 1588 praesulibus
2445 1520 2709 1588 offertus,
2744 1522 2965 1578 ferrum
2998 1525 3145 1579 mihi
3193 1526 3516 1596 inﬂamma,
3549 1530 3607 1582 et

1949 1604 2161 1661 iisdem
2187 1608 2500 1663 sacristuis
2514 1610 2797 1665 manibus
2816 1611 3038 1667 ferrum
3058 1620 3371 1685 acceptum
3398 1614 3605 1670 manui

1947 1710 2098 1750 meas
2119 1695 2381 1768 impone.
2407 1698 2498 1753 Sic
2520 1699 2679 1754 enim
2703 1701 2762 1754 in
2788 1702 3040 1756 Domino
3060 1718 3194 1757 meo
3222 1703 3447 1758 Christo
3468 1718 3605 1759 con-

1881 1802 1920 1855 B
1947 1782 2091 1853 ﬁdo,
2111 1786 2315 1840 omnia
2337 1802 2474 1842 eum
2500 1804 2636 1843 mea
2660 1788 2879 1845 delicta
2908 1790 3427 1848 dissimulaturum
3456 1793 3604 1848 veri-

1948 1876 2249 1946 tatemque
2278 1890 2403 1931 non
2439 1876 2566 1932 sine
2598 1878 2892 1934 miraculo
2918 1879 3377 1951 patefacturum.
3407 1903 3427 1930 ι
3471 1884 3602 1936 Haec

1948 1963 2210 2019 Comnen
2220 1981 2287 2020 us
2301 1965 2545 2022 Michael
2560 1967 2815 2023 dixerat.
2850 1972 2915 2025 Et
2932 1970 3327 2042 metropolita,
3344 1990 3373 2023 ‹
3388 1972 3430 2027 Ο
3444 1970 3602 2026 bone

1946 2051 2201 2125 juvenis,
2236 2075 2264 2103 η
2297 2053 2511 2126 inquit,
2527 2078 2552 2105 ‹‹
2569 2056 2684 2112 hoc
2700 2072 2895 2129 neque
2917 2059 3102 2114 nostri
3123 2075 3321 2131 neque
3348 2060 3601 2114 Romani

1945 2140 2195 2197 instituti
2234 2158 2430 2215 neque
2472 2144 2890 2202 ecclesiastica:
2941 2147 3293 2204 traditionis.
3340 2147 3466 2203 Imo
3494 2164 3599 2203 ne-

1944 2246 2063 2302 que
2087 2245 2154 2285 ex
2184 2229 2440 2303 legibus,
2472 2248 2668 2306 neque
2723 2235 2889 2307 prius
2952 2251 2982 2291 e
3037 2236 3220 2291 sacris
3270 2252 3341 2292 ac
3387 2235 3599 2291 divinis

1946 2319 2278 2375 canonibus
2316 2320 2710 2394 desumptum
2756 2326 2862 2378 est.
2901 2325 3072 2397 105
3106 2325 3218 2379 Sed
3248 2324 3601 2380 barbaricus

1945 2412 2034 2463 est
2061 2407 2172 2462 iste
2199 2407 2439 2476 modus,
2468 2411 2763 2482 nobisque
2796 2412 3040 2468 minime
3071 2418 3273 2476 notus,
3306 2413 3410 2485 qui
3427 2413 3601 2484 jussu

1943 2500 2180 2553 tantum
2205 2498 2588 2570 imperatorio
2618 2499 2705 2555 ﬁt.
2738 2518 2767 2552 ›
2796 2503 2864 2555 Et
2891 2500 3006 2567 ille,
3042 2524 3070 2552 «
3116 2504 3159 2557 Ο
3213 2502 3474 2557 maxime
3501 2501 3603 2557 Dei

1946 2586 2213 2653 antistes,
2247 2587 2295 2641 si
2325 2603 2398 2642 ex
2444 2586 2723 2643 barbaris
2779 2588 2910 2661 ipse
2965 2605 3156 2660 genus
3207 2590 3490 2646 ducerem
3547 2593 3604 2646 et

1942 2673 2274 2731 barbaricis
2301 2676 2571 2731 moribus
2593 2676 2884 2733 enutritus
2916 2684 3019 2735 aut
3045 2679 3342 2735 similibus
3368 2679 3602 2750 legibus

1944 2765 2268 2820 instructus
2298 2765 2569 2835 fuissem,
2601 2766 2921 2824 barbarico
2958 2769 3136 2824 etiam
3181 2769 3364 2825 modo
3390 2784 3603 2841 poenas

1942 2854 2189 2910 lucrem.
2220 2854 2333 2910 Sed
2382 2856 2428 2910 si
2462 2858 2767 2911 Romanus
2796 2862 2853 2913 et
2881 2874 2953 2913 ex
2981 2859 3288 2926 Romanis,
3318 2856 3603 2914 Romanis

1943 2942 2176 3013 legibus
2202 2947 2259 2999 et
2298 2944 2529 3015 scriptis
2556 2945 2976 3001 traditionibus
2995 2946 3289 3017 judicium
3330 2946 3601 3000 termine-

1945 3036 2056 3087 tur.
2079 3053 2100 3080 ι
2130 3031 2440 3104 llleitaque
2450 3032 2689 3103 juvenis
2714 3035 3095 3090 sermonibus
3118 3034 3293 3107 quasi
3313 3034 3600 3089 attonitus

222 3118 315 3167 καὶ
378 3112 433 3167 ix
517 3113 798 3187 Ῥωμαίων,
879 3117 1012 3168 κατὰ
1083 3119 1273 3187 νόμους
1343 3113 1665 3186 Ῥωμαῑκούς
1741 3118 1833 3166 καὶ

1947 3120 2210 3192 (Michael
2231 3136 2496 3193 namque
2527 3123 2869 3177 Comnenus
2904 3123 3228 3195 septimum
3258 3127 3400 3177 tunc
3436 3127 3493 3178 et
3518 3123 3601 3177 vi-

222 3199 545 3275 παραδόσεις
599 3202 891 3278 ἐγγράφους
934 3206 965 3263 ἡ
1012 3208 1189 3278 κρίσις
1227 3204 1628 3279 τερματισθήτω
1670 3223 1779 3275 μοι.
1807 3228 1835 3255 ››

229 3292 451 3354 Ἐκεῖνος
493 3296 584 3365 μεν
631 3289 718 3345 οὖν
764 3300 873 3355 τοῖς
913 3293 1089 3366 λόγοις
1135 3294 1240 3345 οἷον
1296 3300 1389 3345 τοῦ
1455 3297 1653 3345 νεανίου
1693 3292 1838 3345 ἐκπεο

222 3380 519 3454 πληγμένος
570 3381 828 3453 (εἰκοστόν
891 3385 992 3457 γὰρ
1039 3386 1131 3434 καὶ
1180 3378 1403 3455 ἕϐδομον
1462 3378 1671 3439 διήνυεν
1728 3384 1838 3443 ἔτος

224 3469 252 3521 6
288 3472 552 3541 Κομνηνός
608 3469 853 3542 Μιχαὴλ)
899 3474 989 3523 καὶ
1028 3478 1099 3543 τῷ
1149 3475 1220 3542 μὴ
1270 3471 1319 3521 iv
1378 3476 1673 3543 συμφοραῖς
1722 3472 1840 3523 τού-

224 3562 322 3610 του
369 3557 513 3618 ὄντος
572 3561 631 3611 τό
686 3558 855 3630 εύγνὲς
919 3566 1009 3611 τοῦ
1087 3563 1421 3633 φρυνὴματος
1496 3563 1838 3611 καταπίπτειν

225 3642 370 3719 μηδὲ
400 3650 459 3699 τὸ
488 3655 589 3699 τῶν
639 3650 911 3721 νοημάτων
985 3647 1159 3719 χαλᾷν
1212 3647 1542 3715 εύεπὴϐολον,
1581 3650 1707 3721 πρὸς
1750 3650 1838 3699 τὸν

226 3733 457 3809 βασιλέα
495 3735 648 3789 item
701 3739 803 3790 ὅσα
843 3741 927 3789 κέν
973 3734 1062 3790 οὖν
1115 3736 1249 3790 εἶπεν
1302 3736 1488 3798 ἐκεῖνος
1551 3737 1705 3797 αὐτὸς
1743 3736 1837 3788 οὐκ

220 3820 374 3895 οἶδα,
414 3827 618 3889 πάντως
682 3822 741 3880 δὲ
791 3827 940 3879 ταῦτ’
992 3825 1163 3900 ἔμελλε
1207 3826 1350 3889 λέξαι
1390 3828 1491 3879 ὅσα
1535 3846 1588 3878 τε
1633 3830 1722 3878 καὶ
1753 3826 1837 3878 οἶα

216 3918 470 3975 ἤκουσεν.
524 3920 577 3969 0
602 3918 692 3989 μὲν
742 3914 830 3970 οὖν
880 3915 1132 3990 βασιλεὺς
1185 3913 1461 3991 διάπειραν
1515 3915 1705 3974 πολλὴν
1749 3934 1837 3969 πε·

214 4010 456 4065 ποιηκώς
502 4005 607 4078 ούχ
661 4005 774 4081 εὗρε
852 4008 986 4059 κατά
1034 4026 1086 4059 τι
1139 4009 1225 4058 τόν
1279 4008 1544 4079 Κομνηνόν
1614 4005 1836 4077 Μιχαὴλ

214 4094 315 4146 ὑπ’
346 4094 517 4146 αἰτίαν
547 4099 689 4162 ὄντα,
722 4099 811 4148 καὶ
868 4103 1036 4148 ταῦτα
1088 4100 1178 4148 καὶ
1234 4099 1323 4148 τὸν
1364 4094 1591 4148 ἀναίτιον
1640 4095 1712 4156 εἰς
1759 4095 1835 4146 αἰ-

215 4186 342 4237 τίαν
401 4184 541 4254 ἇγων
591 4192 654 4257 τῇ
700 4182 796 4257 βίᾳ
853 4185 883 4244 ἣ
944 4192 1045 4237 τῶν
1088 4184 1252 4257 λόγων
1305 4185 1335 4244 ἢ
1398 4192 1499 4236 τῶν
1539 4189 1831 4257 μαστίγων,

219 4274 425 4335 Πάντες
461 4276 564 4348 γὰρ
631 4273 970 4347 ἀπεφαίνοντο
1028 4276 1077 4327 οἰ
1129 4294 1184 4328 τε
1236 4283 1336 4327 τῶν
1388 4279 1620 4328 Λατίνων
1668 4276 1718 4327 οῖ
1781 4294 1834 4327 τε

214 4371 325 4415 τῶν
371 4361 655 4435 Ῥωμαίων,
728 4384 816 4416 και
865 4364 1095 4436 μάλιστα
1156 4373 1254 4417 τῶν
1313 4368 1570 4429 Λατίνων,
1614 4362 1722 4416 ἐπεί
1776 4382 1835 4434 γε

216 4449 378 4504 αὗτοι
435 4451 824 4525 ἐλευθερώτερον
861 4461 1099 4526 χρῶνται
1148 4462 1210 4527 τῇ
1266 4454 1469 4526 γλώττῃ
1522 4456 1649 4525 πρὸς
1714 4456 1832 4513 τοὺς

220 4537 512 4609 δεσπότας,
550 4541 715 4595 ἀθῶον
760 4541 887 4596 εἶναι
935 4542 1020 4595 ἐπὶ
1076 4549 1206 4596 πᾶσι
1266 4561 1354 4595 τον
1414 4545 1676 4615 Κομνηνόν
1733 4549 1831 4595 Μι-

218 4630 398 4704 χαὴλ.
446 4631 690 4686 Ἤκουσα
721 4628 780 4685 δὲ
806 4637 896 4685 καὶ
937 4632 1092 4694 αὐτὸς
1150 4631 1233 4685 ἐπὶ
1290 4640 1352 4705 τῇ
1410 4636 1582 4705 κρίσει
1633 4635 1830 4706 παρὼν,

221 4720 314 4797 [Ρ.
367 4722 457 4793 54]
501 4726 592 4774 καὶ
634 4726 728 4775 σὺν
780 4721 895 4795 ἐμοὶ
957 4723 983 4774 ό
1040 4725 1329 4789 Μακρωτός
1377 4720 1637 4783 Ἰωάννης.
1688 4723 1834 4792 τάχα

216 4815 320 4863 καὶ
371 4812 520 4883 ἡμεῖς
598 4813 1064 4884 συναριθμούμενοι
1110 4818 1221 4872 τοῖς
1266 4815 1505 4884 κρίνουσι
1553 4812 1681 4885 πρὸς
1737 4817 1830 4861 τοῦ

218 4898 489 4974 βασιλέως
545 4902 614 4963 ὡς
690 4899 851 4963 ξύλων
909 4902 970 4952 ἄν
1044 4919 1178 4962 τινες
1267 4897 1432 4972 μηδὲν
1502 4896 1833 4972 διαφέροντες

216 4988 427 5042 ἔνταῦθ¹
473 4992 732 5046 ἵστανται.
801 4990 1070 5045 Ἐϐούλετο
1116 4992 1218 5063 γὰρ
1270 4991 1469 5052 πάντας
1510 4989 1625 5041 κατ’
1670 4988 1831 5041 αὐτοῦ

218 5078 684 5152 συμψηφίζεσθαι.
716 5080 865 5152 Ἡμῖν
916 5076 975 5132 δὲ
1024 5080 1117 5131 οὐκ
1168 5075 1229 5137 ἦν
1294 5078 1464 5150 λόγος,
1516 5080 1635 5130 ἄνευ
1673 5077 1830 5150 λόγου

213 5176 315 5222 τοῦ
367 5168 591 5241 Μιχαὴλ
650 5176 917 5242 Κομνηνού
999 5172 1319 5244 κρινομένου.
1408 5168 1659 5240 Ἐφιλεῖτο
1726 5170 1828 5243 γὰρ

218 5256 365 5330 (φίλη
391 5277 451 5329 γε
494 5260 523 5316 ἡ
567 5257 805 5329 ἀληθεια)
842 5258 899 5311 ού
942 5263 1073 5331 πρός
1135 5259 1279 5330 ἡμῶν
1336 5261 1425 5309 καὶ
1482 5261 1654 5329 μόνον,
1703 5255 1830 5309 ἀλλὰ

216 5350 314 5399 καὶ
345 5350 471 5419 πρὸς
498 5350 692 5409 παντὸς
719 5356 819 5400 τῶν
885 5347 933 5399 iv
976 5346 1105 5400 τέλει
1150 5354 1247 5398 τῶν
1277 5366 1330 5399 τε
1385 5355 1690 5419 στρατηγῶν
1728 5356 1825 5399 τῶν

217 5454 278 5488 τε
311 5445 642 5510 στρατιωτῶν
682 5442 771 5490 καὶ
802 5438 966 5489 αὐτῶν
1007 5444 1107 5489 τῶν
1172 5444 1267 5498 τῆς
1313 5432 1607 5507 ξύγκλυδος
1660 5456 1673 5468 ·
1723 5444 1830 5497 τοῖς

218 5543 277 5577 τε
307 5527 407 5600 γὰρ
458 5528 728 5589 νιάζουσιν
784 5524 914 5587 ἡδύς
969 5522 1031 5584 ἧν
1086 5530 1175 5577 καὶ
1221 5530 1492 5601 προσηνὴς
1524 5524 1713 5596 ὁμιλῶν
1744 5529 1832 5576 καὶ

220 5633 435 5688 χαριεις
491 5613 540 5667 iv
609 5614 782 5689 λόγοις
830 5620 920 5669 καὶ
968 5614 1020 5668 ἐν
1091 5612 1441 5690 ἐπιτηδεύμαι
1496 5602 1829 5683 δεξιώτατος,

1947 3209 2241 3279 gesimum
2285 3225 2514 3264 annum
2556 3209 2823 3279 agebat),
2863 3216 2920 3266 et
2956 3210 3123 3282 quod
3161 3211 3221 3266 in
3265 3210 3603 3265 infortuniis

1946 3297 2091 3353 nihil
2130 3297 2204 3352 de
2250 3297 2555 3366 generosis
2608 3298 3073 3366 cogitationibus
3120 3298 3453 3355 demitteret
3491 3314 3603 3355 nec

1948 3386 2377 3442 sententiarum
2412 3386 2791 3456 ingeniosum
2822 3403 2891 3443 ac
2921 3387 3197 3442 dextrum
3239 3387 3483 3451 laxaret,
3524 3387 3601 3445 ad

1945 3474 2368 3547 imperatorem
2403 3475 2679 3537 accurrit,
2710 3481 2768 3532 et
2795 3492 3074 3549 quaenam
3107 3477 3234 3549 ipse
3260 3476 3473 3534 dixerit
3500 3494 3601 3534 ne-

1947 3561 2092 3632 scio,
2121 3566 2383 3618 attamen
2412 3561 2580 3618 illum
2610 3579 2989 3636 quaecunque
3021 3564 3316 3631 audierat,
3344 3580 3454 3621 nec
3484 3565 3603 3622 alia

1945 3650 2170 3707 dixisse
2189 3650 2416 3721 judico.
2439 3644 2622 3721 Igitur
2651 3652 2974 3724 imperator
3024 3658 3165 3724 post
3187 3656 3354 3710 varia
3384 3654 3599 3711 multa-

1945 3755 2061 3813 que
2091 3741 2500 3812 experimenta
2530 3740 2750 3796 nullius
2782 3742 3049 3797 criminis
3100 3747 3204 3798 aut
3253 3742 3391 3798 facti
3429 3759 3602 3799 reum

1945 3828 2286 3886 Michaelem
2315 3832 2689 3887 Comnenum
2707 3830 3118 3903 deprehendit,
3150 3847 3341 3903 eoque
3370 3832 3603 3903 potissi-

1944 3934 2135 3985 mum,
2152 3918 2316 3991 quod
2330 3919 2709 3975 innocentem
2727 3925 3142 3976 etsermonum
3160 3925 3213 3975 et
3226 3919 3604 3989 ﬂagellorum

1943 4007 2000 4063 vi
2029 4023 2200 4063 reum
2231 4014 2561 4079 perageret.
2612 4010 2832 4065 Omnes
2878 4012 3036 4064 enim
3076 4009 3200 4064 sive
3250 4009 3433 4063 Latini
3478 4010 3603 4064 sive

1942 4097 2216 4167 Romani,
2251 4096 2353 4152 sed
2386 4096 2649 4153 maxime
2687 4097 2892 4161 Latini,
2917 4097 3022 4170 qui
3049 4113 3149 4152 ore
3193 4096 3466 4152 liberiore
3493 4097 3601 4153 ad-

1942 4201 2179 4241 versum
2194 4184 2829 4257 dominosloquuntur,
2854 4185 3191 4242 Michaelem
3217 4188 3600 4269 Comnenurn

1942 4274 2214 4331 omnium
2229 4275 2713 4346 planeinsontem
2733 4276 3111 4347 judicabant.
3141 4279 3263 4345 Ego
3290 4277 3471 4332 etiam
3500 4274 3603 4348 qu1

1937 4365 2168 4436 judicio
2197 4365 2603 4435 interfueram,
2636 4372 2691 4421 et
2724 4382 2844 4422 una
2901 4382 3139 4421 mecum
3198 4369 3459 4423 Joannes
3487 4370 3596 4423 Ma-

1943 4461 2163 4522 crotus,
2192 4461 2439 4527 uterque
2475 4454 2553 4510 ab
2573 4456 2929 4527 imperatore
2961 4456 3364 4528 interjudices
3397 4472 3595 4511 annu-

1943 4542 2170 4613 merati,
2204 4543 2529 4599 nonnullos
2564 4543 2711 4599 nihil
2743 4560 2780 4599 a
2820 4545 2997 4614 lignis
3030 4545 3323 4601 distantes
3377 4545 3603 4601 ibidem

1942 4633 2226 4689 interesse
2255 4633 2474 4688 audivi.
2510 4636 2779 4706 Namque
2808 4634 2903 4689 ille
2929 4634 3168 4690 volebat
3190 4640 3256 4691 ut
3282 4651 3497 4690 omnes
3530 4634 3606 4689 si-

1943 4721 2069 4777 mul
2093 4722 2154 4777 in
2179 4737 2318 4777 eum
2343 4723 2697 4777 sententiam
2720 4722 2959 4777 ferrent.
2991 4723 3105 4778 Sed
3136 4739 3247 4777 nos
3278 4723 3371 4777 his
3403 4738 3601 4794 neque

1942 4810 2404 4866 attendebamus
2425 4826 2621 4883 neque
2644 4811 3106 4866 advertebamus
3133 4810 3425 4875 animum,
3460 4825 3598 4864 cum

1942 4901 2285 4955 Comnenus
2325 4897 2568 4953 Michael
2599 4898 2828 4971 absque
2888 4900 3061 4970 106
3097 4898 3215 4954 ulla
3271 4898 3503 4953 ratione
3531 4898 3595 4954 in

1935 4986 2230 5060 judicium
2285 4991 2617 5044 vocaretur.
2674 4987 3039 5057 Diligebatur
3089 4988 3329 5053 etenim,
3372 4987 3455 5043 ita
3501 5003 3600 5044 me

1940 5081 2100 5133 amet
2122 5075 2491 5144 veritas,non
2514 5090 2551 5129 a
2572 5075 2747 5130 nobis
2771 5075 2974 5144 modo,
3000 5075 3107 5130 sed
3125 5076 3205 5131 ab
3230 5092 3599 5150 unoquoque

1939 5166 2227 5235 dignitate
2258 5164 2664 5237 praefulgente,
2694 5164 3043 5220 ductoribus
3092 5166 3426 5237 copiarum,
3465 5167 3598 5223 'mi-

1938 5255 2157 5327 litibus,
2182 5254 2467 5311 convenis
2503 5272 2516 5321 ;
2545 5254 3034 5324 cumjuuioribus
3067 5255 3281 5324 dulcis,
3314 5272 3422 5311 usu
3460 5254 3601 5312 faci-

1938 5346 2033 5413 lis,
2065 5345 2304 5417 eloquin
2318 5344 2537 5415 suavis,
2565 5344 2637 5399 ad
2653 5343 2891 5413 agenda
2909 5345 3341 5417 tractandaque
3361 5345 3601 5414 negotia

1941 5434 2330 5503 incredibilis,
2356 5434 2600 5488 senibus
2629 5439 2686 5489 et
2704 5449 2979 5489 sermone
2996 5439 3052 5489 et
3073 5434 3390 5506 prudentia
3417 5449 3600 5489 senex

1939 5523 2295 5590 habebatur,
2321 5523 2493 5593 cujus
2518 5522 2828 5595 impendio
2860 5523 3289 5578 consuetudine
3321 5522 3402 5578 illi
3433 5521 3597 5576 oble-

1941 5611 2279 5670 ctabantur.
2299 5614 2430 5668 Haec
2453 5616 2657 5669 tamen
2680 5612 2762 5668 ita
2778 5616 3079 5668 annuente
3102 5610 3351 5666 Numine
3374 5610 3435 5665 in
3458 5624 3597 5665 eum
