4084 6212
568 287 704 340 1115

1852 282 2139 342 GEORGII
2168 283 2638 343 ACROPOLITJE

3740 292 3838 344 lll‘

564 413 803 482 patrata
813 413 969 479 sunt,
983 408 1498 481 quandoquidem,
1514 425 1653 465 cum
1674 424 1744 466 ac
1768 409 2177 482 imperatorium

2249 413 2297 466 Α
2327 416 2431 470 τοῖς
2461 428 2512 463 τε
2538 412 2757 484 γίρουσι
2796 411 3014 483 γηραιὸς
3041 404 3210 462 ἱδόκει
3265 410 3351 460 τὸν
3388 406 3532 479 λόγον
3581 427 3629 461 τι
3668 414 3742 464 καὶ
3777 415 3845 470 τὴν

566 500 803 556 culmen
833 499 1093 556 attollere
1110 499 1469 555 decrevisset
1498 516 1660 564 eum,
1689 505 1745 556 et
1783 506 2218 557 tormentorum

564 591 701 658 igne
749 593 806 644 et
833 589 1378 661 experimentorum
1410 589 1761 645 conﬂatorio
1805 589 2102 662 probavit,
2144 605 2219 645 ne

565 681 623 734 in
647 677 859 733 solium
912 683 1150 733 evectus
1188 676 1506 734 calumniis
1535 683 1591 734 et
1636 677 2125 736 accusationibus
2145 694 2219 733 ex

563 766 719 823 facili
742 765 1026 833 crederet,
1054 782 1250 837 neque
1288 783 1359 823 eo
1390 768 1450 823 in
1494 767 1626 823 loco
1678 768 2064 837 constitutus,
2094 782 2218 840 quo

562 856 857 929 quidquid
887 856 1124 912 libuerit
1143 872 1319 926 agere
1343 864 1565 929 posset,
1619 857 1756 930 plus
1781 857 1945 929 justo
1969 857 2217 913 celerius

562 945 906 1001 decerneret
935 962 1005 1001 ac
1056 946 1502 1005 determinaret.
1543 950 1755 1002 Verum
1812 947 2113 1003 enimvero
2154 946 2217 1002 in

563 1034 693 1091 aliis
724 1034 922 1103 etiam,
946 1039 1010 1091 ut
1037 1036 1413 1108 subsequens
1435 1037 1626 1093 oratio
1647 1036 1953 1103 indicabit,
1978 1036 2218 1092 Numini

562 1124 853 1196 probatus
882 1129 987 1181 est.
1018 1125 1083 1180 In
1112 1130 1377 1182 extremo
1407 1126 1647 1195 negotio
1678 1125 2026 1198 imperator,
2052 1126 2217 1198 quod

562 1213 740 1269 etiam
764 1214 891 1285 ipse
920 1213 1228 1271 auditione
1264 1230 1641 1288 acceperam,
1663 1215 2025 1282 enuntiarat,
2064 1237 2092 1265 ‹‹
2122 1218 2217 1269 Vae

561 1301 784 1357 misero
820 1302 946 1372 tibi,
970 1319 1239 1375 quanam
1275 1303 1465 1373 gloria
1520 1304 1786 1360 cecidisti
1816 1305 1829 1359 !
1864 1325 1892 1355 »
1935 1304 1998 1360 ld
2038 1319 2217 1375 porro

565 1394 707 1453 erat,
742 1391 1167 1464 imperatorem
1208 1392 1386 1448 ﬁxius
1431 1393 1635 1448 animo
1667 1393 1926 1463 agitasse
1953 1397 2215 1464 neptem,

565 1478 822 1549 primam
857 1480 1045 1536 ﬁliam
1100 1482 1204 1536 ﬁlii
1244 1482 1336 1536 sui
1380 1482 1726 1554 imperatori
1768 1481 2079 1548 Theodori,
2108 1484 2215 1535 Ire-

565 1584 857 1641 nen,qute
876 1570 991 1641 ipsi
1010 1570 1301 1627 Michaelis
1333 1571 1582 1626 secundi
1622 1570 1965 1627 consobrini
1983 1571 2071 1626 sui
2092 1569 2216 1625 ﬁlia

566 1663 712 1725 erat,
735 1659 995 1715 Michaeli
1021 1661 1325 1715 Comneno
1348 1660 1407 1715 in
1427 1660 1877 1715 matrimonium
1896 1659 2210 1715 collocare.

2330 501 2556 568 σύνεσιν,
2623 503 2711 550 καὶ
2761 496 3026 559 ἀσπάσιος
3080 498 3257 559 αὐτοῖς
3300 496 3569 570 ἐνομίζετο.
3615 504 3698 551 Καὶ
3737 501 3844 553 ταῦτ’

2327 584 2436 643 οὖν.
2505 593 2575 649 ὡς
2651 585 2820 660 οἶμαι,
2888 592 3094 659 γέγονεν
3166 586 3243 640 ἐπ’
3293 586 3429 657 αύτῷ
3496 582 3750 661 δοκιμασίᾳ
3781 597 3848 643 τοῦ

2324 682 2631 751 κρείττονος.
2673 678 2788 730 Ἐπὶ
2847 679 2950 750 γὰρ
2999 678 3074 739 εἰς
3123 681 3218 736 τὴν
3247 675 3511 749 βασίλειον
3556 676 3704 746 ἔμελλε
3752 682 3848 740 Θεὸς

2327 765 2644 819 ἀναϐιϐάσαι
2699 773 2879 819 τοῦτον
2932 770 3223 839 περιωπήν,
3285 774 3361 836 τῷ
3403 773 3497 818 τῶν
3536 763 3743 837 βασάνων
3760 758 3851 841 πυρί

2324 861 2414 909 καὶ
2456 864 2527 926 τῷ
2577 852 2854 928 διαπείρας
2913 860 3256 928 χωνευτηρίῳ
3313 851 3660 927 δεδοκίμακεν,
3707 856 3772 907 ἵνα
3800 861 3847 926 μὲ

2326 945 2393 1007 εἰς
2421 948 2508 998 τὸν
2550 943 2813 1017 βασίλειον
2846 943 3039 1006 ἀναϐὰς
3087 946 3265 1019 θρόνον
3311 944 3441 1018 ῥᾷον
3495 946 3603 1015 ἔχοι
3650 949 3850 997 πιστεύειν

2326 1032 2593 1095 διαϐολαῖς
2669 1039 2759 1087 καὶ
2827 1039 3361 1107 συκοφαντίαις,μήτε
3416 1036 3591 1086 θᾶττον
3638 1036 3719 1094 τὰς
3764 1036 3852 1086 ἁπο-

2325 1128 2505 1197 φάσεις
2543 1132 2704 1178 ποιεῖν
2743 1123 2819 1177 ἐπ’
2871 1125 3080 1197 ἐξουσίᾳ
3121 1132 3214 1178 τοῦ
3269 1126 3510 1198 πράττειν
3563 1126 3623 1176 τὰ
3660 1122 3854 1196 βουλξτέα

2322 1218 2667 1287 γενενημίνος.
2722 1215 2797 1268 Ού
2848 1220 2953 1287 μὴν
2998 1220 3088 1267 καὶ
3145 1213 3195 1267 ὶν
3237 1214 3413 1275 ἄλλοις
3454 1212 3848 1279 κατεξήτασεν,ὼς

2322 1308 2515 1356 πτοίὼν
2562 1306 2588 1356 ὁ
2643 1303 2792 1376 λόγος
2845 1301 3098 1363 δηλώσει.
3144 1304 3263 1357 Ἐπὶ
3293 1300 3354 1355 δὲ
3414 1302 3540 1354 τέλει
3590 1309 3673 1362 τῆς
3721 1304 3849 1373 ίποχί-

2326 1411 2453 1455 σεως
2505 1398 2731 1451 ταυτησὶ
2787 1390 2847 1451 ἦν
2914 1394 2940 1445 ὁ
3004 1392 3251 1465 βασιλευς
3311 1391 3543 1465 εἰρηκώς,
3599 1389 3744 1463 κάμοῦ
3785 1398 3851 1441 τῶν

2322 1482 2485 1554 λόγων
2514 1482 2863 1555 ἀκροωμένου,
2898 1502 2926 1532 α
2968 1481 3038 1536 Αἱ
3091 1481 3322 1547 ἐλεεινὸν,
3390 1479 3503 1541 aiat;
3545 1476 3690 1542 δόξης
3729 1478 3850 1541 ἐξέπιε

2326 1591 2429 1634 σες,
2457 1593 2486 1621 »
2510 1576 2580 1624 Τὸ
2612 1569 2671 1624 δι
2705 1568 2766 1630 ἦν
2792 1574 2873 1625 ὅτι
2911 1591 3004 1645 περ
3047 1573 3180 1645 πρὸς
3239 1568 3543 1643 βουλήσεως
3585 1564 3640 1627 ἦν
3686 1576 3743 1638 τῷ
3779 1566 3850 1640 βε-

2325 1661 2458 1713 σιλεῖ
2492 1666 2585 1719 τὴν
2638 1659 2855 1732 ἐγγόνην
2898 1660 3079 1725 αὐτοῦ,
3130 1663 3225 1719 τὴν
3279 1664 3491 1733 πρώτην
3552 1658 3775 1730 θηάτέρα
3791 1665 3851 1709 τοῦ

568 1748 741 1812 Quod
767 1753 822 1804 et
853 1748 914 1804 in
960 1750 1318 1821 imperatore
1356 1752 1583 1807 Joanne
1640 1750 1889 1822 aliisque
1940 1749 2181 1822 pluribu

2246 1762 2284 1815 Β
2321 1752 2437 1803 υἱοῦ
2502 1750 2664 1802 αὐτοῦ
2729 1757 2821 1803 τοῦ
2878 1748 3131 1823 βασιλέως
3199 1745 3480 1821 Θεοδώρου
3535 1750 3623 1806 τὴν
3668 1746 3849 1819 Εἰρήνην,

566 1836 790 1892 factum
823 1842 927 1894 est.
958 1841 1020 1893 Et
1045 1839 1137 1894 his
1163 1838 1369 1895 aﬂinia
1399 1855 1521 1895 non
1553 1840 1670 1895 alia
1699 1840 1928 1895 ratione
1973 1839 2211 1895 evenire

565 1940 929 1982 consuevere
962 1946 973 1983 :
1008 1928 1143 1983 licet
1179 1929 1338 1984 enim
1370 1928 1448 1984 ab
1467 1928 1728 1984 Ecclesia
1754 1927 2207 1999 prohibeantur.

562 2018 824 2070 attamen
849 2015 1104 2088 publicae
1132 2017 1580 2086 gubernationis
1609 2032 1795 2074 causa
1839 2022 2018 2089 atque
2048 2033 2211 2073 com-

560 2103 724 2159 modi
754 2104 1217 2177 imperatoribus
1247 2108 1687 2179 permittuntur.

560 2194 694 2246 οὕτω
760 2215 868 2257 πως
927 2194 1228 2268 συμϐαίνειν
1288 2218 1300 2229 ·

558 2286 775 2355 μηθείας
794 2287 955 2357 χάριν
980 2291 1068 2338 καὶ
1098 2294 1189 2339 τοῦ
1232 2291 1601 2360 συμφέροντος.

629 2374 897 2443 51407
932 2375 1111 2443 Igitur
1144 2375 1489 2446 imperator,
1522 2375 1704 2431 modo
1722 2375 1781 2430 in
1804 2390 1927 2447 quo
1943 2374 2210 2430 diximus

557 2460 873 2530 quaestioni
928 2461 1048 2517 ﬁne
1093 2463 1397 2533 imposito,
1456 2464 1751 2519 Orientem
1805 2463 2200 2535 progreditur,

558 2550 617 2601 et
658 2547 998 2604 Michaelem
1052 2551 1426 2607 Comnenum
1507 2557 1853 2624 suspectum
1920 2550 2201 2607 habebat.

558 2636 811 2700 Quando
834 2653 970 2692 vero
1000 2642 1057 2694 et
1081 2639 1313 2707 generis
1334 2640 1625 2695 claritudo
1654 2645 1711 2695 et
1738 2656 1873 2695 cum
1909 2640 2041 2712 ipso
2061 2655 2197 2695 con-

552 2725 575 2798 j
584 2726 805 2791 unctio,
828 2742 1064 2784 necnon
1082 2744 1221 2784 cum
1248 2729 1635 2800 magnatibus
1661 2729 1758 2786 aﬂi
1770 2730 1923 2786 nitas
1944 2746 2062 2786 non
2082 2745 2211 2803 per-

555 2815 869 2872 mittebant
890 2818 1231 2890 imperatori
1290 2824 1355 2875 ut
1393 2836 1486 2875 res
1525 2819 1604 2875 ab
1644 2835 1714 2875 eo
1746 2824 1941 2889 gestas
1966 2820 2212 2875 haberet

556 2906 944 2977 contemptui,
970 2907 1144 2963 mittit
1164 2924 1299 2963 eum
1325 2908 1399 2964 ad
1438 2909 1791 2974 Manuelem,
1821 2910 1924 2981 qui
1955 2924 2027 2964 ea
2066 2914 2211 2964 tem-

552 2998 780 3067 pestate
797 2994 1234 3067 patriarchatus
1249 2996 1669 3067 gubernaculis
1684 2997 2210 3067 assidebat,virum

554 3083 769 3156 pietate
809 3084 1109 3155 insignem
1164 3091 1221 3142 et
1265 3087 1400 3142 vita:
1453 3087 1741 3153 instituto,
1782 3087 1917 3143 licet
1957 3102 2209 3143 uxorem

552 3173 842 3237 duxisset,
862 3175 1297 3244 venerandum,
1314 3176 1515 3232 literas
1537 3183 1737 3232 tamen
1755 3176 1917 3232 haud
1936 3178 2203 3243 doctum,

554 3278 690 3318 cum
722 3280 832 3319 nec
856 3280 1064 3320 eorum
1096 3265 1450 3321 sententiam
1483 3282 1619 3338 quas
1676 3266 1803 3337 ipse
1833 3273 2207 3337 percurrerat

552 3357 791 3423 caperet
842 3371 855 3419 ;
911 3369 1094 3425 quem
1144 3354 1362 3426 scripto
1409 3355 1734 3427 imperator
1768 3355 2092 3427 compellat
2141 3361 2205 3412 ut

551 3440 746 3512 poenis
757 3458 1000 3514 quoque
1017 3444 1238 3499 exactis
1252 3444 1592 3500 Michaelem
1618 3446 1987 3500 Comnenum
2020 3444 2203 3500 incre-

552 3534 740 3601 paret,
758 3530 1011 3603 jureque
1036 3532 1298 3602 jurando
1324 3532 1507 3588 ﬁdem
1530 3533 1684 3588 illius
1714 3532 2203 3603 alligaret,nullas

553 3633 691 3673 eum
730 3619 1127 3690 imposterum
1162 3621 1453 3677 adversus
1487 3622 1911 3694 imperatorem
1953 3622 2203 3678 insidias

553 3706 898 3763 moliturum
908 3709 1041 3778 ,sed
1062 3709 1250 3764 ﬁdum
1273 3726 1341 3765 ac
1367 3710 1780 3783 incorruptum
1802 3712 1861 3766 in
1885 3712 2202 3768 dominum

553 3795 776 3851 amoris
801 3795 1156 3868 obsequium
1170 3798 1593 3863 exhibiturum,
1623 3799 1726 3855 Ubi
1743 3816 1814 3855 ea
1848 3816 1942 3855 res
1958 3800 2042 3855 sic
2066 3816 2203 3855 eve-

552 3884 657 3952 nit,
672 3884 996 3956 imperator
1009 3887 1381 3942 Comnenum
1398 3887 1455 3943 in
1471 3887 1723 3957 gratiam
1736 3887 1965 3960 recipit,
1998 3888 2201 3960 illique

551 3972 746 4030 fratris
784 3974 877 4030 sui
926 3974 1420 4032 sebastocratoris
1479 3977 1689 4032 lsaacii
1741 3980 1913 4033 Ducas
1958 3982 2197 4050 neptem

550 4063 921 4121 Theodoram
935 4070 1191 4137 nuptum
1206 4065 1565 4138 deditquam
1580 4066 1821 4121 unicam
1838 4071 2003 4138 pater
2017 4067 2194 4129 illius,

552 4153 1038 4209 sebastocratoris
1063 4154 1219 4210 ﬁlius
1248 4155 1530 4221 Joannes,
1567 4156 1625 4211 in
1649 4155 2052 4212 adolescentia
2076 4156 2199 4213 fato

551 4239 808 4311 functus,
841 4241 1178 4313 reliquerat.
1204 4244 1652 4316 Obiitequidem
1684 4244 1777 4300 ille
1797 4261 1980 4300 uxore
2004 4244 2198 4300 Eudo-

552 4328 644 4382 cia
673 4329 877 4398 Angeli
909 4331 1158 4386 Joannis
1180 4332 1302 4387 ﬁlia
1350 4334 1559 4401 vidua,
1606 4333 1835 4405 pupilla
1887 4349 2028 4389 vero
2076 4334 2201 4390 ﬁlia

554 4415 896 4483 Theodora,
927 4435 1061 4491 quas
1096 4420 1227 4491 jam
1267 4426 1391 4476 tum
1430 4437 1552 4477 non
1604 4421 1936 4477 infelicibus
1985 4423 2200 4479 avibus

551 4508 858 4563 Comneno
911 4508 1172 4564 Michaeli
1226 4512 1439 4581 juncta
1505 4511 1717 4571 fuerat.
1753 4510 1976 4577 relicta,
2010 4517 2202 4569 mater

2321 1836 2593 1892 ἐπιδοῦναι
2646 1848 2718 1891 τῶ
2771 1846 3018 1911 Κομνηνῷ
3068 1838 3291 1910 Μιχαὴλ
3348 1838 3423 1899 εἰς
3483 1839 3745 1909 ὁμόκοιτιν.
3784 1834 3851 1886 Ἦν

2320 1925 2380 1982 δε
2416 1928 2548 1986 αὕτη
2596 1932 2727 2002 πρὸς
2772 1932 2859 1980 τὸν
2924 1926 3146 1999 Μιχαὴλ
3196 1925 3385 1997 ἀνεψιὰ
3452 1919 3848 1998 δευτερεξαδιλφου

2320 2020 2575 2090 θυγάτηρ.
2625 2016 2781 2071 Ἀλλά
2832 2024 2984 2069 τοῦτο
3039 2021 3128 2069 καὶ
3171 2016 3256 2069 ἐπὶ
3315 2023 3390 2085 τῷ
3436 2013 3640 2087 βασιλεῖ
3683 2012 3837 2081 Ἰωάννῃ

2317 2105 2505 2178 ἕγενετο
2530 2111 2619 2159 καὶ
2649 2106 2698 2159 ἓν
2744 2105 2978 2159 πελίοσιν
3025 2104 3218 2171 ἄλλοις,
3270 2109 3364 2157 καὶ
3408 2103 3550 2156 εἴωθε
3587 2104 3645 2154 τά
3686 2107 3847 2153 τοιαῦτα

1360 2196 1455 2249 κᾶν
1507 2200 1608 2273 γὰρ
1670 2205 1729 2269 τῇ
1781 2195 2070 2269 Ἐκκλησία
2133 2195 2438 2265 κεκώλυται,
2499 2195 2627 2248 ἀλλά
2689 2202 2799 2257 τοῖς
2844 2194 3151 2268 βασιλεῦσιν
3199 2193 3394 2267 ἐφεῖται
3441 2197 3534 2255 τῆς
3570 2200 3726 2253 κοινῆς
3768 2209 3848 2261 xpo-

2391 2393 2484 2429 να.
2543 2381 2602 2426 '0
2648 2376 2738 2446 μὶν
2785 2373 2833 2408 ⁸⁸
2873 2370 2961 2425 οὖν
2993 2370 3238 2445 βασιλεύς
3268 2372 3464 2424 οὑτωσὶ
3520 2373 3584 2423 τὰ
3632 2377 3715 2429 τῆς
3763 2369 3847 2418 ziza-

2323 2464 2509 2525 θέσεως
2571 2459 2828 2525 διαλύσας
2870 2462 2943 2524 εἰς
2992 2466 3084 2521 τὴν
3122 2462 3187 2514 ἔω
3244 2459 3426 2535 ἀπῄει,
3477 2457 3593 2513 ὀδέ
3646 2460 3847 2529 Κομνηνὸς

2319 2552 2560 2624 Μιχαὴλ,
2620 2555 2685 2613 ὡς
2743 2552 2981 2627 εἰρήκειν,
3036 2549 3370 2608 ύπεϐλὲπετο.
3422 2551 3559 2604 Ἐπεὶ
3608 2545 3661 2601 δι
3707 2550 3754 2599 τὸ
3783 2551 3843 2597 τοῦ

2318 2648 2494 2715 γένους
2546 2646 2814 2717 περιφανὴς
2868 2648 2956 2695 καὶ
3026 2647 3152 2717 πρός
3207 2642 3366 2694 αὐτὸν
3436 2643 3678 2713 σύγγενες,
3724 2641 3780 2690 ἔτι
3808 2654 3846 2706 7t

2318 2737 2421 2804 μὴν
2481 2735 2540 2784 τὸ
2596 2735 2727 2802 πρὸς
2773 2735 2891 2792 τούς
2937 2731 3189 2804 μεγάλους
3231 2737 3446 2803 γνήσιον
3486 2731 3661 2782 τούτου
3703 2724 3844 2785 mittis

2318 2824 2404 2873 τὸν
2468 2820 2691 2893 βασιλέα
2727 2820 2776 2873 έν
2841 2826 3208 2896 περιφρονήσει
3264 2825 3436 2894 φέρειν
3462 2821 3527 2872 τὰ
3570 2815 3673 2869 κατ’
3718 2813 3841 2867 «iter.

2317 2914 2368 2962 τί
2405 2916 2545 2962 ποιεῖ
2597 2929 2609 2978 ;
2657 2910 2853 2962 Στέλλει
2908 2917 3090 2962 τουτον
3144 2912 3271 2983 πρὸς
3323 2912 3414 2961 τὸν
3452 2898 3842 2982 «argui/21m.“

2318 2998 2563 3057 Μανουὴλ
2615 2998 2695 3071 (8)
2740 2996 2801 3057 ἦν
2853 3004 2970 3053 τότε
3014 3001 3081 3051 τὰ
3132 3006 3223 3059 τῆς
3274 3001 3633 3073 πατριαρχίας
3661 2990 3841 3045 δηθύνων

2316 3084 2573 3157 πηδὰλια,
2620 3086 2748 3163 ἀνὴρ
2822 3087 3069 3151 εύλαϐοῦς
3139 3093 3229 3141 καὶ
3300 3087 3427 3161 βίου
3505 3091 3588 3139 καὶ
3654 3081 3841 3135 πολιτείας

2318 3185 2523 3250 σεμνῆς,
2573 3178 2618 3229 εί
2663 3183 2752 3230 καὶ
2807 3182 3015 3249 γυναικὶ
3081 3178 3368 3248 συνεζύγη,
3409 3176 3565 3236 ἄλλως
3614 3170 3667 3226 δε
3705 3169 3752 3223 οὗ
3782 3183 3840 3219 πι-

2313 3271 2612 3340 πειραμένος
2660 3269 3006 3341 γραμμάτων,
3073 3263 3195 3319 ούδε
3260 3266 3332 3317 ὧν
3402 3265 3714 3337 ἀνεγίνωσκεν
3765 3256 3839 3308 ἀπ’

2312 3354 2496 3407 λίττων
2528 3360 2622 3414 τὴν
2644 3358 2854 3410 ἔννοιαν.
2901 3360 3002 3408 Καὶ
3028 3358 3213 3429 γράφει
3248 3359 3378 3430 πρὸς
3420 3358 3595 3408 τοῦτον
3652 3354 3673 3404 ό
3722 3347 3832 3421 βασιο

2311 3444 2425 3507 λεὺς
2464 3444 2732 3517 ἐπιτιμίων
2778 3444 3154 3497 καθυποϐαλείν
3213 3448 3300 3498 τὸν
3365 3446 3618 3517 Κομνηνόν
3673 3432 3835 3509 Μιχαὲ)

2311 3538 2401 3585 καὶ
2427 3533 2595 3607 ὁρκοις
2622 3533 2776 3585 αὑτὸν
2803 3530 3126 3606 ἐμπεδῶσαι,
3181 3538 3253 3607 μὴ
3299 3535 3365 3586 ἄν
3419 3552 3540 3587 ποτε
3585 3528 3836 3604 βουληθῆναι

2312 3621 2556 3675 ἀπιστίαν
2616 3626 2751 3674 κατά
2798 3630 2890 3675 τοῦ
2949 3621 3206 3695 βασιλέως
3271 3624 3573 3695 μελετῆσαι,
3633 3617 3836 3690 φυλάττειν

2312 3708 2371 3764 δε
2409 3714 2641 3784 καθαρὰν
2691 3711 2850 3764 αὐτοῦ
2880 3716 2974 3769 τὴν
3010 3716 3139 3784 πρὸς
3184 3715 3270 3763 τὸν
3329 3718 3610 3784 κρατοῦντα
3644 3704 3832 3760 διάθεσιν.

2310 3802 2386 3873 [Ρ.
2414 3802 2501 3872 55]
2534 3806 2709 3872 Γέγονε
2762 3809 2948 3867 ταῦτα,
3004 3806 3093 3853 καὶ
3132 3802 3157 3852 ὁ
3207 3799 3460 3874 βασιλεὺς
3511 3805 3593 3852 τόν
3637 3790 3834 3866 Κομνηνάν

2310 3886 2584 3953 ἀνεδὲξατο
2624 3889 2869 3962 Μιχαὴλ,
2909 3895 2995 3943 καὶ
3046 3891 3325 3961 ζεύγνυσιν
3378 3890 3513 3961 αύτῷ
3571 3887 3631 3947 εἰς
3672 3885 3835 3955 γυναῖκα

2308 3987 2402 4032 τοῦ
2457 3976 2682 4051 ἀδελφοῦ
2730 3979 2892 4031 αὐτοῦ
2940 3986 3033 4031 τοῦ
3096 3978 3595 4053 σεϐεαστοκράτορος
3636 3970 3831 4027 Ἰσααιίου

2307 4076 2398 4120 τοῦ
2430 4072 2599 4121 Δούκα
2640 4068 2856 4140 ἓγγόνην
2903 4073 2997 4127 τὴν
3036 4065 3336 4142 Θεοδὼραν,
3384 4078 3447 4128 ἣν
3505 4071 3652 4139 μόνην
3707 4062 3728 4111 ὁ
3769 4072 3831 4106 πα·

2307 4162 2404 4231 τὴρ
2432 4157 2591 4218 αὐτῆς
2629 4157 3012 4218 καταλελοιπὼς
3065 4159 3090 4209 ὁ
3136 4164 3228 4210 τοῦ
3280 4156 3731 4229 σεϐαστοκράτορος
3756 4142 3829 4199 υἱός

2309 4246 2547 4309 Ἰωάννης
2599 4249 2675 4299 ἔτι
2725 4246 2773 4299 ἐν
2825 4246 3059 4320 μείραξιν
3108 4247 3177 4299 ὢν
3237 4250 3294 4299 τὸ
3358 4252 3526 4321 χρεὼν
3574 4242 3829 4313 ἑξαμέτρων

2307 4343 2484 4412 χήραν
2540 4341 2629 4410 μὲν
2668 4342 2761 4395 τήν
2830 4338 2989 4390 αὐτοῦ
3041 4341 3271 4409 γαμετήν
3322 4334 3574 4390 Εύδοκίαν
3611 4325 3827 4421 amisi.”

2309 4434 2401 4479 τοῦ
2432 4426 2675 4498 ’Δγγελου
2717 4427 2952 4479 Ἰωάννου
2993 4429 3271 4502 θυγατέρα,
3329 4429 3549 4499 ὀρφανὴν
3591 4418 3643 4473 δι
3676 4421 3747 4473 τὴν
3770 4418 3829 4461 II"

2309 4523 2400 4568 τοῦ
2437 4518 2696 4588 θυγατέρα
2726 4512 3024 4588 Θεοδὼραν,
3067 4518 3186 4576 ἣτις
3242 4516 3479 4588 εὐτυχῶς
3531 4519 3597 4581 τῷ
3645 4504 3826 4588 Κομινηῆ

549 4595 847 4669 siquidem
880 4596 1036 4653 illius
1072 4598 1352 4661 Eudocia,
1375 4599 1507 4655 licet
1532 4598 1777 4655 ﬂorente
1800 4600 2051 4671 juventa
2088 4601 2162 4659 fet

2195 4635 2197 4643 π
2235 4587 2276 4640 D
2309 4610 2423 4658 τότε
2472 4585 2779 4665 συνέζευκτο
2834 4585 3071 4676 Μιχαὴλ.
3124 4603 3183 4658 Ἠ
3229 4606 3330 4676 γὰρ
3367 4585 3543 4678 ’μήτηρ
3599 4597 3732 4652 αὐτῆς
3763 4585 3808 4641 Εὖ

546 4687 710 4757 vida,
748 4688 923 4760 108
946 4688 1068 4743 viro
1090 4703 1292 4744 carere
1315 4688 1525 4745 maluit
1554 4706 1623 4745 ac
1655 4691 1930 4745 virtutem
1965 4694 2196 4762 sectari,

546 4778 666 4834 Deo
692 4778 858 4850 freta,
885 4777 980 4835 cui
1011 4792 1074 4833 se
1100 4777 1497 4849 fortunasque
1516 4794 1657 4834 suas
1680 4778 2020 4837 devoverat.
2049 4781 2198 4837 Hinc

547 4870 701 4924 Deus
741 4869 1014 4926 virtutem
1046 4868 1430 4926 matrimonio
1460 4870 1890 4943 compensavit.
1953 4873 2017 4927 Et
2064 4870 2195 4927 haec

547 4958 792 5028 quidem
828 4960 909 5015 ita
932 4975 996 5016 se
1026 4960 1311 5016 habuere.

617 5045 666 5124 2'
701 5048 742 5100 Ι)
767 5064 780 5099 :
808 5053 907 5100 Καὶ
937 5048 1007 5110 εἰς
1037 5051 1100 5101 ἔω
1130 5045 1550 5124 διαπεραιοῦται,
1579 5054 1669 5102 καὶ
1701 5052 2021 5124 συζεύγνυσι
2043 5056 2117 5120 τῷ
2148 5048 2370 5124 Μιχαὴλ
2392 5057 2464 5119 τῷ
2512 5056 2759 5124 Κσμνηνῷ
2801 5050 2870 5111 εἰς
2918 5057 3144 5124 γυναῖκα
3192 5057 3282 5102 τοῦ
3323 5046 3539 5124 ἀδελφοῦ
3585 5040 3717 5124 at???

1069 5117 1318 5194 ῐσαακίου
1350 5121 1562 5192 ἐγγόνην
1585 5127 1676 5181 τὴν
1710 5117 2010 5194 Θεοδώραν,
2034 5117 2095 5179 ἣν
2124 5117 2284 5193 μονὴν
2312 5122 2337 5172 ὁ
2372 5117 2509 5179 πάι-ὴ

1052 5120 1062 5137 ν

549 5113 1026 5191 σεϐαστοκράτορος

2310 4691 2467 4747 δοκία
2507 4698 2680 4746 καίτοι
2731 4713 2791 4765 γε
2837 4698 2925 4747 νέα
2971 4690 3105 4747 οὖσα
3159 4697 3292 4747 πάνυ
3338 4699 3430 4752 τὴν
3476 4692 3675 4764 χηρείαν
3706 4683 3822 4775 φερειν

2308 4784 2609 4850 ἠσπάσατο,
2681 4782 2866 4857 ἀρετὴν
2926 4779 2985 4836 δὲ
3039 4781 3195 4855 ἐφιλει
3250 4788 3339 4836 καὶ
3393 4784 3611 4850 καθαπερ
3637 4781 3823 4857 προςανί·

2307 4890 2424 4943 χειν
2468 4879 2601 4942 Θεῷ.
2661 4876 2755 4925 Διὰ
2791 4879 2959 4924 ταῦτα
3018 4877 3108 4924 καὶ
3153 4871 3486 4944 ἀντιμισθίαν
3528 4855 3817 4933 ἀντιλαμϐάνεε

2306 4963 2436 5034 πρὸς
2468 4968 2581 5031 Θεῷ
2607 4964 2665 5013 τὸ
2686 4957 2870 5023 κῆδος.
2894 4966 2994 5014 Καὶ
3012 4968 3180 5013 ταῦτα
3328 4964 3483 5033 ἔσχεν
3511 4955 3667 5011 οὕτως.
3806 5032 3817 5040 ο

3756 5046 3819 5079 τον

2570 5122 2606 5137 ο.
2679 5123 2689 5136 ι
2952 5122 2979 5137 1‘
3184 5125 3194 5137 ι
3300 5129 3320 5137 .-
3398 5120 3410 5137 9

2590 5097 2811 5184 Ϊωάννης
2838 5097 3104 5175 καέίλλπεν
3139 5125 3232 5175 σὺν
3257 5129 3321 5194 τῇ
3351 5097 3507 5179 αύτῆς
3533 5116 3671 5190 μητρὶ
3704 5097 3802 5159 Εῧδο

547 5189 639 5258 κίᾳ
661 5194 721 5259 τῇ
756 5194 847 5238 τού
888 5189 1128 5261 Ἀγγελου
1154 5189 1390 5245 Ἰωάννου
1415 5189 1704 5261 συνοῦσαν,
1736 5201 1797 5265 τῇ
1847 5189 1956 5263 θεία
1983 5200 2080 5243 τῶν
2109 5189 2631 5268 στρατηγουπούλων.

1430 5369 1771 5438 Theodori
1820 5370 2070 5437 Dousa;
2118 5378 2183 5437 et
2228 5368 2480 5440 Leonis
2529 5370 2763 5438 Allatii
2812 5379 3017 5439 notae.

616 5542 702 5618 (8)
720 5543 779 5598 ’0
809 5545 1094 5618 Μανοτήλλ
1131 5548 1254 5602 Non
1308 5561 1452 5618 ergo
1507 5546 1808 5615 Arsenius,
1860 5552 1925 5604 ut
1966 5547 2196 5605 Phran-

540 5615 637 5677 ΖΘ..-
674 5615 963 5689 Gregoras
1015 5615 1253 5692 ε”Ομως
1299 5615 1472 5685 ἔδοξεν
1528 5619 1701 5692 ὅρκοις
1753 5618 1909 5673 αὐτὸν
1962 5618 2188 5694 βεϐαιώ-

2308 5569 2492 5622 σαντα,
2511 5554 2623 5608 etc.
2641 5549 2829 5608 Verba
2843 5550 3032 5607 habes
3047 5548 3333 5622 superiori
3352 5523 3810 5622 capite._AS_ed‘u1_a8l5

2296 5608 2569 5680 distincte
2601 5627 2658 5680 et
2677 5628 2957 5681 accurate
2982 5608 3507 5695 Pachymerius,'p.
3543 5616 3620 5677 52,
3642 5608 3733 5661 Αιι
