4084 6212
245 307 377 361 1121

1760 306 2108 361 ANNALES.

3482 310 3619 364 H22

242 426 345 492 δας
374 430 621 490 τοιαύτας
651 431 742 480 καὶ
802 425 999 499 χαλινὰ
1051 425 1267 477 ἔπεσθαι
1303 443 1356 477 τε
1411 424 1541 498 αὐτῇ
1585 426 1789 488 πλείους
1820 427 1848 486 ἦ
1882 476 1884 482 λ

1978 443 2229 500 .empore
2248 427 2307 483 in
2320 427 2588 486 hostium
2610 430 2760 487 locis
2782 427 3008 500 degens
3023 433 3078 485 et
3099 432 3301 484 aestate
3314 429 3617 499 trajiciens

239 525 302 591 τῇ
336 523 530 591 κυρίως
561 514 836 589 δεσποίνῃ,
897 514 1027 567 ἄλλα
1058 532 1112 566 τε
1146 512 1310 566 πολλά
1360 512 1519 566 ἐποίει
1569 524 1686 578 ταῖς
1727 516 1855 569 ἐκεί-

242 626 337 669 νης
401 603 658 660 δουλεύων
732 604 953 679 ὀρέξεσι.
1027 604 1345 678 Καρτερικὸς
1386 598 1445 655 δε
1476 599 1537 661 ἦν
1600 604 1749 667 οὗτος
1808 604 1855 656 ἐν

243 704 364 759 ταῖς
403 698 608 769 μάχαις
662 697 689 748 6
757 693 1027 767 βασιλεὺς,
1072 697 1162 744 καὶ
1192 699 1304 753 τοῖς
1330 696 1421 765 μὶν
1463 695 1599 745 κατὰ
1659 697 1857 747 συστά-

247 782 349 844 δην
416 784 660 857 πολέμοις
731 783 822 836 οὐκ
897 785 1102 855 ἔχαιρε,
1184 784 1242 833 τό
1302 779 1715 855 ἀλλοπρόσαλλον
1768 790 1857 836 τοῦ

244 873 443 950 Ἀρεως
474 870 676 927 δειλιῶν
726 875 817 924 καὶ
869 875 928 923 τὸ
982 872 1126 945 παρά
1175 872 1344 923 ταύτὰ
1385 866 1581 929 ἄδηλον
1612 871 1857 944 ὑπολογι-

249 966 463 1036 ζόμενος
496 984 509 995 ο
560 968 622 1034 τῇ
674 964 923 1036 καρτερίᾳ
976 956 1037 1012 δὲ
1091 964 1382 1033 χρώμενος,
1442 964 1532 1012 καὶ
1589 958 1859 1035 ἐνεαρίζων

246 1055 341 1125 μὲν
371 1052 445 1114 εἰς
471 1055 564 1110 τὴν
611 1059 711 1103 τῶν
763 1048 1001 1102 ἐναντίων
1052 1056 1151 1121 γῆν
1199 1052 1289 1100 καὶ
1343 1052 1437 1106 τὴν
1495 1050 1669 1124 θέρους
1724 1051 1859 1125 ὤραν

248 1138 599 1208 διαϐιϐάζων,
668 1142 743 1192 ἔτι
794 1135 855 1191 δὲ
909 1142 997 1191 καὶ
1043 1140 1132 1196 τὴν
1172 1138 1457 1209 φθίνουσαν
1504 1136 1710 1213 ὀπώραν
1742 1135 1859 1191 δια-

246 1231 401 1301 νύων,

1963 533 2073 572 nec
2095 533 2217 572 non
2242 522 2298 573 et
2325 527 2700 576 senescentes
2726 520 2952 575 fructus
2981 524 3321 591 expectans,
3346 519 3618 591 quando-

1962 622 2081 678 que
2098 607 2275 662 etiam
2300 607 2621 664 hibernans
2640 609 2953 665 victoriam
2975 607 3337 679 reportabat,
3363 607 3621 681 impera-

1966 694 2107 750 toris
2137 696 2469 752 constantia
2493 714 2563 753 ac
2593 698 2880 771 patientia
2906 696 3165 767 fatigatis
3192 695 3482 752 hostibus.
3510 700 3623 754 Mo-

1964 782 2112 838 ritur
2131 783 2459 856 imperator
2477 786 2741 842 Joannes
2762 785 3007 858 imperio
3035 784 3157 841 ﬁlio
3175 801 3285 840 suo
3313 785 3621 843 Theodoro

1965 877 2083 928 tres
2114 878 2171 928 et
2192 872 2432 943 triginta
2462 890 2655 931 annos
2687 877 2885 945 agenti
2908 874 3144 931 relicto:
3189 875 3451 931 totenim
3481 881 3622 932 aeta-

1966 960 2037 1016 tis
2069 961 2227 1018 illius
2262 964 2403 1018 anni
2442 968 2591 1037 quot
2614 969 2671 1020 et
2706 964 2939 1038 paterni
2987 964 3220 1036 imperii
3244 970 3411 1021 erant
3440 981 3452 1019 :
3482 980 3622 1021 cum

1965 1056 2283 1123 paternam
2305 1052 2465 1108 enim
2498 1053 2930 1111 acclamatione
2954 1052 3102 1110 forte
3127 1058 3184 1109 et
3209 1053 3440 1109 natales
3465 1053 3622 1109 illius

1968 1147 2414 1198 concurrerant.

484 1228 645 1282 ἒνίοτε
720 1224 781 1280 δε
849 1231 940 1279 καὶ
1014 1226 1435 1300 παραχειμάζων
1511 1231 1606 1285 τήν
1666 1234 1891 1280 νικῶσαν
1981 1226 2283 1301 ἐλάμϐανεν,
2361 1231 2761 1306 ἁποκαμνόντων
2821 1241 2921 1285 τῶν
2978 1231 3214 1284 ἐναντίων
3258 1239 3319 1305 τῇ
3376 1239 3467 1283 τοῦ
3527 1229 3623 1305 βα-

251 1318 439 1381 σιλέως
496 1318 738 1372 ἕνστάσει
789 1337 844 1371 τε
893 1322 985 1371 καὶ
1038 1318 1296 1389 ὑπομονῇ.
1359 1317 1649 1375 Ἐτεθνήκει
1705 1321 1796 1389 μὲν
1837 1320 1863 1369 6
1920 1316 2166 1391 βασιλεὺς
2223 1322 2462 1381 Ἰωάννης
2518 1330 2590 1392 τῷ
2642 1324 2739 1392 υἱῷ
2790 1322 2950 1374 αὐτοῦ
3002 1318 3258 1394 Θεοδώρῳ
3312 1326 3403 1379 τὴν
3462 1319 3626 1394 βασι-

247 1408 389 1461 λείαν
414 1407 812 1475 καταλελοιπὼς,
835 1407 1117 1481 τριάκοντα
1145 1409 1235 1457 καὶ
1255 1408 1536 1478 τριάκοντα
1564 1412 1653 1459 καὶ
1683 1412 1803 1481 τρία
1842 1409 1929 1465 ἔτη
1964 1404 2248 1464 διανύοντι.
2283 1414 2541 1471 Τοσούτὸς
2564 1414 2664 1486 ¹γὰρ
2692 1412 2718 1463 ὁ
2749 1416 2939 1485 χρόνος
2972 1410 3108 1481 αύτῷ
3153 1411 3343 1471 ὁπόσος
3389 1415 3483 1468 τὴν
3529 1430 3626 1462 πα.

250 1506 438 1575 τρικῆς
470 1496 746 1571 βασιλείας
769 1495 1026 1569 ἐτύγχανε
1062 1516 1075 1529 ο
1109 1491 1308 1568 σχεδὸν
1331 1499 1430 1569 γὰρ
1460 1503 1519 1569 τῇ
1554 1503 1779 1571 πατρικῇ
1814 1493 2098 1572 ἀναρρήσει
2123 1503 2213 1551 καὶ
2234 1500 2263 1556 ἡ
2292 1501 2536 1569 γέννησις
2560 1498 2755 1551 ἐκείνου
2788 1495 3126 1572 ξυνέδραμεν.

325 1587 428 1659 η’.
464 1586 599 1639 Ἀλλ’
650 1588 677 1639 ὁ
709 1584 957 1659 βασιλεὺς
1018 1585 1065 1621 ⁸ο
1094 1587 1185 1657 μεν
1225 1580 1499 1658 Θεόδωρος
1550 1592 1650 1637 τῶν
1706 1582 1862 1657 βασι-

253 1674 404 1728 λείων
474 1674 751 1734 ἐπείληπτο
823 1676 1032 1750 θρόνων.
1118 1678 1224 1732 Τὴν
1297 1678 1663 1747 νενομισμένην
1738 1680 1865 1745 γοῦν

252 1766 407 1818 ὁσίαν
438 1760 670 1828 ἀποδούς
700 1762 786 1838 [Ρ.
821 1764 910 1837 57]
939 1771 1012 1836 τῷ
1040 1762 1249 1837 βασιλεὶ
1297 1768 1387 1816 καὶ
1436 1770 1617 1838 πατρὶ,
1655 1768 1744 1816 καὶ
1774 1784 1865 1817 κα-

259 1855 459 1915 θεσθεὶς
498 1852 575 1907 ἐπ’
616 1848 846 1914 ἀσπίδος
892 1855 962 1915 ὡς
1020 1854 1151 1922 ἔθος,
1209 1857 1299 1904 καὶ
1351 1853 1451 1905 ὑπὸ
1507 1854 1710 1905 πάντων
1769 1872 1863 1925 φη-

250 1945 461 2016 μισθεὶς
499 1942 836 2018 αὐτοκράτωρ
877 1941 1018 2015 (18),
1051 1948 1142 1994 τοῦ
1196 1946 1473 2014 Νυμφαίου
1525 1940 1726 2015 ἀπάρας
1780 1940 1863 1995 ἐπὶ

2042 1590 2130 1642 53.
2166 1586 2347 1657 lgitur
2370 1586 2697 1659 imperator
2734 1587 3072 1642 Theodorus
3099 1586 3328 1658 imperii
3376 1586 3627 1643 habenis

1973 1675 2288 1747 susceptis,
2331 1675 2632 1749 Justisque
2682 1675 3028 1747 imperatori
3081 1679 3137 1730 et
3166 1675 3344 1747 patri,
3367 1675 3453 1730 uti
3498 1674 3629 1730 ﬁeri

1970 1768 2156 1828 amat,
2183 1763 2378 1835 factis,
2410 1769 2467 1821 et
2516 1780 2699 1836 super
2738 1768 2971 1821 scutum
3002 1763 3294 1835 assidens,
3326 1763 3409 1819 uti
3440 1762 3626 1819 moris

1971 1858 2076 1917 est,
2104 1852 2181 1909 ab
2208 1853 2493 1909 omnibus
2524 1853 2850 1926 imperator
2879 1852 3267 1921 acclamatus,
3296 1852 3627 1925 Nymphaeo

1971 1939 2287 1998 discedens
2301 1940 2755 2014 Philadephiam
2770 1948 3088 2009 commeat,
3104 1941 3309 1998 urbem
3322 1941 3629 2012 ingentem

249 2037 349 2091 τὴν
386 2029 704 2105 Φιλαδελφου
754 2030 987 2104 ἀφίκετο.
1029 2035 1268 2103 Μεγίστη
1320 2027 1380 2083 δε
1409 2032 1542 2089 αὕτη
1574 2031 1723 2093 πόλις
1774 2035 1864 2084 καὶ

1978 2036 2029 2086 et
2065 2030 2435 2103 frequentem
2465 2030 2707 2103 populis
2750 2031 3191 2104 oppidanisque
3222 2047 3395 2086 arma
3453 2031 3496 2100 1
3516 2030 3625 2100 12

250 2120 666 2193 πολυάνθρωπος
704 2125 793 2173 καὶ
852 2118 1163 2183 ὁπλίζεσθαι
1220 2115 1601 2192 δεδυνημένους
1653 2120 1862 2178 οἰκήτο-

250 2231 351 2287 ρας
380 2213 605 2283 ἔχουσα,
634 2214 724 2263 καὶ
767 2208 1003 2283 μάλιστα
1046 2208 1246 2271 τοξείαν
1301 2206 1591 2271 ἀσκοῦντας
1648 2230 1660 2242 ·
1704 2207 1864 2282 ἀγχι-

252 2307 579 2374 τερμονοῦτα
610 2296 670 2353 δὲ
700 2305 807 2360 τοῖς
837 2304 1113 2374 Περσικοῖς
1149 2298 1311 2371 ὁρίοις
1356 2296 1436 2351 ἀεὶ
1495 2294 1865 2371 διαμάχεσθαι

253 2396 362 2450 τοῖς
402 2390 726 2451 ὑπεναντίοις
771 2389 984 2448 τούτους
1042 2393 1182 2440 ποιεῖ
1232 2391 1322 2439 καί
1392 2382 1582 2448 ἐθάδας
1631 2386 1864 2459 πολέμων

259 2475 558 2551 ἱργάζεται.
628 2477 827 2531 Ἐκεῖσε
910 2472 996 2529 οὖν
1089 2472 1506 2552 διακαρτερήσας
1558 2479 1745 2549 μικρὸν
1775 2481 1865 2530 καὶ

260 2568 386 2620 ὅσον
441 2565 716 2642 πρεσϐείαν
795 2565 994 2619 στεῖλαι
1044 2568 1170 2639 πρὸς
1220 2568 1308 2618 τὸν
1369 2565 1611 2629 σουλτὰν,
1662 2564 1748 2618 ἐπὶ
1802 2568 1866 2619 τὰ

264 2656 489 2708 Βιθυνῶν
539 2661 817 2729 κεχώρηκη
870 2659 1002 2729 μέρη
1043 2658 1133 2707 καὶ
1163 2658 1257 2713 τὴν
1296 2662 1388 2714 τῆς
1439 2660 1620 2727 χώρας
1669 2657 1865 2717 ταύτης

259 2745 658 2818 προκαθημένην
687 2744 834 2797 πόλιν
892 2748 987 2803 τὴν
1039 2745 1285 2800 Νίκαιαν.
1339 2743 1481 2796 Ἐπεὶ
1529 2740 1588 2796 δε
1645 2741 1865 2817 ἐχήρευε

254 2840 351 2886 τοῦ
389 2840 838 2908 πατριαρχοῡντος
892 2832 1005 2904 (19)
1053 2834 1080 2891 ἠ
1136 2831 1420 2890 Ἐκκλησία
1464 2833 1712 2905 (πέφθακε
1762 2834 1864 2905 γὰρ

253 2922 283 2974 6
362 2924 700 2998 πατριάρχης
771 2922 1019 2981 Μανουηλ
1083 2926 1271 2996 μικρὸν
1343 2940 1395 2973 τι
1462 2928 1553 2973 τοῦ
1604 2918 1863 2993 βασιλέως

250 3010 493 3065 Ἰωάννου
549 3011 1001 3087 προτελευτῆσαι),
1062 3007 1170 3064 ἔδει
1248 3006 1307 3063 δε
1353 3017 1556 3085 πρῶτον
1610 3012 1863 3084 πατριάρ-

259 3120 372 3175 χην
417 3100 797 3175 προϐληθῆναι,
855 3100 917 3152 ἶν’
978 3098 1062 3153 ἰπὶ
1108 3107 1181 3170 τῷ
1222 3097 1433 3171 βασιλεῖ
1476 3102 1570 3156 τὴν
1611 3118 1867 3171 στεφηφο-

1971 2136 2207 2177 sumere
2238 2127 2295 2177 et
2318 2120 2580 2177 maxime
2610 2120 2841 2191 sagittis
2870 2120 3281 2178 adversarium
3330 2119 3629 2190 conﬁgere

1970 2208 2276 2281 professis.
2317 2212 2400 2267 Ea
2428 2226 2567 2266 cum
2601 2209 2663 2265 in
2693 2209 3015 2266 ﬁnitimum
3072 2225 3287 2280 agrum
3319 2208 3630 2265 Persicum

1970 2299 2344 2368 extendatur,
2370 2299 2528 2355 bella
2557 2315 2695 2355 cum
2728 2299 3007 2355 hostibus
3031 2300 3317 2356 continuo
3347 2313 3631 2355 exercens

1972 2392 2209 2461 gentem
2238 2387 2377 2445 belli
2426 2387 2641 2444 studiis
2680 2389 3079 2461 asperrimam
3127 2387 3247 2444 alit.
3298 2387 3383 2443 lbi
3420 2387 3631 2459 paucis

1973 2475 2213 2546 diebus,
2243 2467 2468 2549 quibus
2512 2475 2877 2546 legationem
2921 2477 3001 2531 ad
3033 2476 3336 2532 sultanum
3367 2476 3628 2546 miserat,

1972 2571 2385 2621 commoratus
2413 2564 2493 2621 ad
2527 2565 2919 2637 Bithynorum
2941 2580 3081 2620 oras
3103 2569 3161 2621 et
3180 2564 3259 2620 ad
3285 2565 3546 2637 primam
3570 2562 3634 2618 il-

1971 2652 2087 2709 lius
2115 2653 2375 2723 regionis
2400 2652 2611 2709 urbem
2637 2653 2898 2710 Nicaeam
2930 2653 3190 2710 secessit.
3218 2652 3332 2710 Sed
3358 2669 3498 2709 cum
3524 2668 3633 2725 pa-

1973 2743 2245 2800 triarchae
2269 2743 2418 2800 orba
2444 2743 2709 2800 Ecclesia
2730 2743 2882 2800 foret
2910 2745 3078 2817 (nam
3105 2743 3289 2816 paulo
3306 2748 3634 2816 antequam

1971 2835 2232 2889 Joannes
2262 2834 2579 2906 imperator
2609 2838 2965 2903 moreretur,
3019 2832 3361 2905 patriarcha
3402 2830 3629 2889 Manuel

1972 2922 2156 2978 vitam
2187 2922 2465 2991 ﬁnierat),
2486 2937 2597 2978 nec
2619 2922 2849 2994 absque
2881 2921 3226 2993 patriarcha
3255 2919 3632 2993 imperatoris

1974 3010 2279 3067 coronatio
2300 3011 2363 3066 in
2389 3026 2560 3067 sacro
2584 3010 2807 3082 templo
2832 3009 3047 3065 conﬁci
3067 3014 3292 3081 posset,
3320 3007 3539 3077 dignus
3561 3023 3634 3063 ea

1974 3098 2284 3171 provincia
2321 3103 2380 3154 et
2420 3097 2650 3154 honore
2689 3096 3174 3169 conquirebatur.
3232 3095 3632 3152 Plurimorum

258 3188 455 3266 ρίανὶν
486 3198 555 3262 τῷ
605 3192 722 3267 ἱερῷ
748 3190 1158 3265 τελεσιουργὴση
1207 3191 1419 3260 τεμένει,
1485 3185 1718 3248 ἐζητεῖτο
1775 3190 1864 3260 μεν

1978 3182 2258 3254 suffragia
2271 3186 2330 3241 in
2349 3185 2748 3258 Nicephorum
2773 3184 3186 3249 Blemmidam,
3202 3187 3633 3256 praeceptorem

256 3280 286 3330 6
317 3278 462 3342 ἄξιος
484 3286 577 3331 τοῦ
607 3281 846 3331 τοιούτου
900 3280 1102 3353 θρόνου,
1156 3278 1186 3335 ἡ
1223 3272 1354 3339 δόξα
1402 3272 1461 3328 δὲ
1500 3283 1611 3338 τοῖς
1659 3275 1865 3338 πολλοῖς

261 3366 350 3421 ἰπὶ
387 3373 461 3440 τῷ
503 3364 768 3442 Βλεμμίδλρ
827 3369 935 3441 (20)
999 3365 1255 3439 ἐτύγχανε
1306 3370 1610 3439 Νικηφόρῳ,
1638 3373 1711 3438 τῷ
1762 3363 1866 3438 ἐμῷ

257 3452 576 3528 διδασκάλῳ
600 3464 701 3509 τῶν
739 3463 832 3517 τῆς
887 3454 1190 3529 φιλοσοφίας
1236 3453 1399 3527 λόγων
1450 3473 1505 3507 τε
1534 3459 1624 3507 καὶ
1667 3450 1867 3527 δογμά-

254 3564 382 3613 των,
415 3543 570 3620 ἀνδρὶ
601 3543 656 3597 ἐκ
692 3550 927 3607 νεότητος
954 3547 1040 3597 τὸν
1085 3544 1245 3615 ζυγὸν
1286 3540 1521 3617 ἀραμένῳ
1563 3550 1655 3594 τού
1701 3546 1868 3616 μονή-

252 3652 388 3709 ρους
426 3632 549 3708 βίου
578 3638 668 3686 καὶ
691 3633 986 3709 περιϐοήτῳ
1038 3634 1359 3705 τυγχάνοντι
1408 3635 1495 3684 καὶ
1550 3636 1667 3707 περὶ
1717 3630 1867 3705 λόγον

253 3728 352 3776 καὶ
396 3722 604 3797 ἀρετὴν,
665 3722 762 3775 κᾶν
801 3723 946 3776 ἐνίων
1005 3723 1031 3774 6
1088 3724 1287 3795 φθόνος,
1344 3725 1434 3773 καὶ
1481 3719 1717 3794 μάλιστα
1770 3728 1867 3774 τῶν

254 3811 623 3887 προύχόντων,
655 3812 715 3865 ού
746 3816 899 3885 μόνον
926 3811 1021 3865 ούκ
1060 3810 1249 3884 ἐκφανῆ
1282 3812 1450 3881 τούτῳ
1505 3811 1571 3862 τὰ
1626 3818 1718 3870 τῆς
1758 3807 1869 3884 ἀρε-

254 3909 353 3963 τῆς
383 3899 563 3969 ἓποίει,
594 3900 724 3954 ἀλλὰ
750 3906 841 3953 καὶ
888 3905 1077 3961 κακίας
1118 3901 1265 3961 τινὰς
1327 3898 1468 3970 αὐτῷ
1520 3898 1864 3971 προσεκόλλα.

257 3989 427 4051 Οὗτος
453 3986 541 4042 οὖν
571 3993 702 4064 πρὸς
729 3993 818 4043 τὸν
885 3988 1112 4063 βασιλέα
1142 3984 1415 4062 Θεόδωρον
1447 3986 1623 4060 φιλίως
1679 3984 1714 4041 δ
1720 3992 1868 4041 ιέκει-

254 4096 321 4130 το
345 4082 435 4131 καὶ
460 4077 585 4151 παρ’
641 4077 802 4130 αὐτοῦ
842 4077 1061 4151 ἐφιλεῖτο
1090 4098 1104 4110 -
1150 4084 1252 4129 τῶν
1290 4078 1391 4151 γὰρ
1440 4074 1626 4148 λόγων,
1687 4075 1735 4127 ἐν
1790 4077 1868 4137 οἷς

255 4168 330 4219 τὰ
374 4165 540 4219 πολλὰ
569 4166 898 4239 ὶπεγάννυτο,
952 4162 1279 4219 διδάσκαλον
1327 4170 1418 4217 καὶ
1471 4165 1621 4219 αὑτὸν
1652 4165 1868 4239 ἐπεγρά-

256 4274 376 4329 φετο
404 4275 418 4289 ·
454 4258 612 4329 σοφὸς
670 4260 771 4331 γὰρ
824 4252 885 4314 ἦν
953 4255 1023 4319 εἰς
1056 4257 1212 4329 ἄκρον
1260 4261 1374 4315 ταῖς
1422 4253 1683 4316 ἀληθείαις
1713 4256 1738 4307 6
1770 4253 1867 4329 βα-

258 4342 456 4406 σιλεύς.
495 4343 552 4397 Ὀ
595 4341 655 4398 δε
712 4345 1048 4421 ὀκνηρότερος
1096 4348 1215 4417 περὶ
1261 4347 1321 4397 τό
1372 4349 1594 4421 πρᾶγμα
1635 4343 1865 4417 ἐτύγχα-

333 4468 548 4525 ⁴ο[);

632 4468 728 4530 ⁸⁵ος
780 4472 874 4527 τὴν
930 4471 1297 4541 νενομισμένην

257 4543 418 4613 φαίου
466 4538 687 4626 ἀπάρας,
758 4543 895 4626 πρός
927 4573 945 4626 1-
968 4536 1063 4599 τὴν
1124 4536 1344 4626 (ξιλαδέλ

1385 4558 1442 4592 ου
1515 4539 1744 4613 ἀφίκετο.

1977 3288 2180 3328 meum
2193 3278 2250 3329 et
2260 3273 2815 3347 philosophicorum
2832 3290 3179 3329 sermonum
3194 3289 3263 3329 ac
3275 3271 3633 3342 dogmatum

1973 3360 2390 3430 institutorem,
2449 3363 2645 3419 virum
2701 3368 2757 3419 et
2799 3362 3003 3418 litteris
3059 3361 3275 3418 virtute
3332 3375 3632 3434 perquam

1976 3449 2272 3508 celebrem
2298 3457 2355 3509 et
2382 3452 2488 3525 qui
2520 3451 2758 3524 juvenis
2789 3451 2987 3507 adhuc
3026 3455 3205 3523 atque
3227 3448 3440 3507 tenella
3459 3453 3632 3505 aetate

1972 3539 2188 3611 jugum
2216 3540 2563 3597 monasticae
2603 3540 2738 3597 vitae
2769 3540 3007 3607 tulerat,
3057 3539 3474 3612 respiciebant,
3500 3537 3635 3594 licet

1976 3629 2429 3699 nonnullorum,
2451 3634 2508 3686 et
2528 3630 2790 3687 maxime
2807 3630 3154 3704 primatum,
3170 3628 3496 3685 invidentia
3509 3642 3633 3684 non

1976 3718 2161 3775 modo
2193 3723 2372 3775 tanta:
2399 3719 2626 3776 virtutis
2645 3719 2851 3776 lumen
2870 3717 3231 3785 occuluerat,
3261 3716 3368 3773 sed
3393 3722 3451 3773 et
3492 3718 3635 3773 vitia

1976 3806 2259 3881 quaedam
2281 3807 2510 3864 homini
2527 3808 2901 3881 appinxerat.
2928 3807 3097 3864 Hunc
3114 3808 3440 3880 imperator
3452 3807 3633 3862 Theo-

1977 3896 2163 3953 dorus
2178 3896 2486 3967 diligebat,
2501 3898 2597 3953 cui
2604 3898 2625 3969 j
2638 3892 3120 3954 uncundissimus
3134 3902 3277 3965 erat,
3293 3896 3517 3968 quippe
3528 3895 3635 3967 qui

1980 4003 2351 4055 sermonum,
2377 3986 2601 4060 quibus
2631 4002 3016 4059 summopere
3046 3986 3475 4054 delectabatur,
3508 4000 3633 4041 ma-

1978 4076 2226 4148 gistrum
2238 4091 2379 4131 eum
2391 4076 2504 4131 sibi
2518 4075 2877 4132 adsciverat:
2896 4074 3203 4147 sapientiae
3216 4073 3375 4129 enim
3395 4071 3632 4128 culmen

1979 4170 2034 4223 et
2063 4181 2124 4221 re
2143 4181 2288 4221 vera
2329 4165 2605 4235 attigerat
2629 4165 2974 4238 imperator.
3017 4154 3115 4221 Ille
3153 4163 3230 4220 ad
3253 4167 3483 4220 tantam
3503 4177 3634 4217 rem

1979 4255 2217 4327 segnior
2244 4269 2398 4321 esse,
2430 4259 2488 4311 et
2506 4254 2832 4327 imperator
2862 4253 3044 4309 etiam
3062 4253 3189 4326 ipse
3219 4267 3343 4308 non
3364 4252 3634 4324 impense

1978 4344 2158 4401 nimis
2183 4358 2414 4415 urgere,
2438 4344 2535 4400 cui
2550 4343 2791 4414 magnis
2814 4341 3033 4415 volupe
3048 4347 3174 4398 erat
3192 4341 3268 4398 ab
3284 4356 3355 4398 eo
3378 4339 3636 4396 similem

1406 4470 1556 4542 ὁσίαν
1640 4466 1868 4531 ἀποδοὺς
1939 4478 2029 4542 τῷΔ
2091 4473 2263 4542 πατρὶΔ
2330 4473 2421 4521 καὶ
2495 4465 2574 4520 ἐπ’
2648 4463 2878 4542 ἀσπίδος
2965 4466 3260 4538 φημισθεὶς,
3312 4471 3431 4542 τοῦῖ
3484 4470 3636 4542 μυμ-

1844 4526 1945 4595 ίίαὶ
1982 4526 1991 4542 ⁸
2016 4526 2208 4594 ἐκεῖσε¹
2234 4536 2659 4616 διακαρτερήσας
2714 4526 2900 4614 μικρόν
2957 4526 3047 4590 έαὶ
3108 4526 3388 4616 raptimr-
3412 4526 3635 4616 Βιθυνῷν

257 4560 418 4613 φαιου
466 4560 671 4614 απαρας
764 4560 895 4613 προς
940 4560 1063 4599 -την
1124 4560 1442 4663 φιλαοελφου
1515 4560 1744 4613 αφικετο.
1845 4560 1945 4595 non
2016 4560 2180 4594 εκεισε
2234 4560 2659 4616 οιακαρτερησας
2714 4560 2900 4614 μικρόν
2957 4560 3047 4590 και
3108 4560 3227 4611 περι
3274 4560 3309 4587 τ·

255 4618 453 4685 χωρεῖ.
514 4616 615 4687 Καὶ.
668 4610 783 4687 seret
844 4609 1166 4687 ἐχήρευενβή
1218 4611 1343 4687 ςΕκκ
1378 4615 1509 4669 ησία
1559 4614 1896 4687 (προτμέθνηκε
1950 4615 2052 4685 γὰρ
2105 4619 2195 4664 τού
2242 4610 2505 4687 βασιλέωςΔ
2547 4612 2573 4663 6
2624 4628 2963 4687 πατριάρχης
3018 4607 3309 4687 Μανουὴλ),

248 4678 636 4759 τινα-μοναχὸν
659 4682 712 4746 ἐξ
771 4678 1184 4759 Ἀτέολλυνιάδος
1218 4681 1402 4755 λίμνης
1455 4678 1919 4759 μεταπεμψάμενος
1958 4678 2263 4759 ’χειροτονεῖ
2314 4684 2671 4759 πατριάρχην,
2732 4678 2788 4743 ’ὃς
2824 4678 2942 4733 ’καὶ
2988 4678 3290 4754 μονημέρως

254 4702 375 4735 τινα
402 4702 636 4755 μοναχον
659 4702 709 4746 ες
790 4702 1184 4744 ΑποΛΑυνιαοος
1219 4702 1402 4755 Λιμνης
1455 4702 1919 4757 μεταπεμψάμενος
1974 4702 2063 4756 χει

254 4758 352 4808 καὶ
384 4756 541 4830 ἱερεύς
570 4759 661 4808 καὶ
684 4756 1019 4829 πατριάρχης
1039 4755 1262 4808 τέλεστο.
1299 4760 1400 4807 Καὶ
1428 4754 1552 4829 παρ’
1576 4754 1737 4807 αὐτοῦ
1765 4757 2005 4828 στεφθεὶς
2034 4702 2094 4816 ig

3375 4607 3637 4680 ᾊρσένιόν

3378 4672 3629 4739 διάκονος

2092 4772 2241 4808 τισιν.

1154 4859 1498 4928 Theodori
1548 4861 1799 4929 Dousa:
1848 4870 1915 4928 ct
1960 4859 2217 4928 Leonis
2262 4858 2496 4926 Allatii
2545 4868 2748 4927 notae.

334 4989 449 5061 (18)
480 4988 763 5061 Φημισθεὶς
820 4987 1182 5061 αύτοκράτωρ.
1214 4986 1522 5061 Quamvis
1548 4987 1710 5043 enim
1748 4986 1871 5061 im-

254 5057 497 5131 perium
516 5058 648 5131 jure
669 5057 1048 5116 hereditario
1070 5057 1149 5115 ad
1168 5059 1545 5115 Theodorum
1560 5059 1873 5131 Lascarim

254 5128 676 5203 veniren'quia
695 5131 745 5186 is
764 5147 801 5187 a
818 5135 986 5203 patre
1007 5131 1238 5186 vivente
1251 5146 1373 5186 non
1395 5128 1730 5203 appellatus
1747 5130 1872 5203 fue-

255 5205 352 5255 rat
368 5200 718 5272 imperator,
736 5217 807 5258 eo
823 5200 1109 5258 defuncto
1132 5217 1265 5257 com
1275 5200 1449 5257 muni
1459 5200 1638 5257 totius
1656 5200 1875 5257 exercio

259 5276 360 5327 tus
399 5280 703 5328 consensu
736 5289 806 5328 ac
837 5273 1131 5329 nobilium
1152 5289 1427 5328 omnium
1454 5288 1524 5328 ac
1556 5288 1876 5329 procerum

260 5357 564 5416 concursu
605 5344 935 5416 imperator
964 5343 1306 5416 salutatur”:
1353 5343 1670 5399 constabat
1716 5345 1877 5416 enim

259 5414 559 5471 Joannem
572 5414 799 5471 nemini
815 5419 1092 5471 omnium
1105 5415 1219 5470 nisi
1234 5414 1690 5471 ﬁlioimperium
1703 5415 1879 5470 relin-

261 5499 448 5559 quere
471 5487 928 5559 voluisse,quod
948 5493 1005 5544 et
1024 5488 1157 5559 pius
1186 5492 1339 5544 esset
1366 5487 1428 5542 in
1457 5486 1677 5559 liberos
1696 5491 1755 5559 et
1776 5501 1878 5543 ne-

262 5557 415 5612 nimi
430 5557 597 5614 alteri
613 5559 672 5614 id
688 5557 1231 5625 destinaret—Quare
1249 5563 1448 5615 autem
1465 5558 1656 5614 ﬁlium
1675 5558 1880 5614 vivens

263 5627 434 5688 nullo
468 5628 655 5693 modo
692 5630 1016 5703 designare
1064 5630 1333 5702 voluerit,
1363 5628 1642 5704 pluribus
1668 5644 1883 5704 prose-

1980 4984 2183 5110 quitur
2206 4984 2517 5053 Gregoras,
2548 4983 2657 5041 lib.
2714 4999 2794 5049 ιιι,
2822 4979 2928 5067 qui
2978 4978 3249 5064 subdit;
3293 4976 3638 5054 ’Δνηγόρευτο

2023 5057 2035 5073 ’
2062 5056 2275 5110 ὕστερον
2304 5054 2426 5110 παρ’
2449 5053 2675 5110 ἑγόντων
2694 5062 2795 5106 τῶν
2827 5055 3069 5109 υπηκόων
3100 5069 3338 5103 απαντων
3364 5052 3638 5110 καθεσθεὶς

2023 5057 2035 5073 ’
2062 5056 2289 5129 ὕστερονῇ
2304 5052 2426 5128 παρ’
2449 5053 2675 5125 ἑχόντων
2694 5062 2795 5106 τῶν
2827 5052 3069 5109 ύπηκόων
3100 5052 3338 5129 ἀπάντων
3364 5052 3641 5112 καθεσθεὶς

1984 5126 2062 5181 ἐπ’
2122 5121 2352 5188 ἀσπίδος
2379 5121 2531 5178 ’κατά
2586 5128 2643 5177 τὸ
2704 5124 2751 5176 ἐν
2826 5126 3033 5185 τούτοις
3108 5121 3416 5198 ἕπικρατούν
3493 5124 3631 5183 ἔθος.

1984 5206 2121 5257 ALL.

2055 5270 2173 5341 (19)
2253 5269 2507 5344 Ἐχήρευε
2599 5273 2691 5320 τοῦ
2763 5273 3231 5343 πατριαρχοῦντος.

1988 5359 2047 5416 p.
2078 5347 2163 5416 55.
2189 5345 2369 5416 ALL.”
2547 5412 2556 5416 _
2860 5410 2872 5416 _
3010 5406 3062 5416 __
3216 5411 3241 5416 _
3478 5398 3484 5402 .

2063 5413 2173 5483 (20)
2252 5412 2464 5475 Πολλοῖς
2541 5412 2626 5465 ἐπὶ
2670 5419 2754 5484 τῷ
2823 5406 3136 5484 Βλεμμύδη,
3205 5411 3512 5484 Gregoras,
3580 5423 3639 5478 p.

1992 5479 2081 5542 55.
2099 5479 2439 5557 Acropolita
2454 5479 2784 5541 Manuelem
2804 5479 2977 5540 vocat
2990 5479 3393 5557 patriarcham
3409 5479 3643 5557 demur:

1990 5560 2189 5637 tuum,
2223 5546 2513 5637 G‘regoras
2566 5558 2929 5613 Germanum
2952 5572 2967 5613 :
2990 5546 3110 5610 'sed
3129 5552 3316 5611 dehis
3357 5565 3469 5607 nos
3500 5546 3644 5607 alibi

1995 5632 2251 5699 egimus.
2280 5632 2415 5685 ALL.

3324 5265 3638 5336 Gregoras,
