4084 6212
265 295 404 354 1125

1777 298 2117 358 ANNALES.

3493 306 3626 365 H26

259 431 382 484 κῆς.
412 423 491 475 Τὰ
521 420 679 474 πλείω
729 417 788 474 δε
841 429 941 474 τῶν
998 422 1194 476 ἄστεων
1243 427 1331 476 καὶ
1388 421 1738 497 ἆπεριποίητα
1797 421 1858 483 ἦν

1970 427 2252 496 Τιθρωῐιᾶ
2277 428 2333 481 et
2363 426 2632 482 Achridis
2655 432 2867 500 pra-ater
2885 428 3200 496 Mniacum,
3223 430 3390 502 quod
3419 432 3513 488 vel
3536 450 3628 490 so-

258 515 480 563 καὶτῶν
517 506 794 584 χρειωδῶν
824 510 992 564 ὃπλων
1031 510 1246 586 ἄμοιρα·
1281 515 1590 584 Κατεσχέθη
1623 518 1713 586 μεν
1771 511 1858 566 οὖν

259 599 412 652 ἐκτοῦ
439 604 738 675 παραυτίκα
775 605 1112 674 Στενίμαχος,
1173 602 1486 676 Πριστίτζα,
1547 604 1857 677 Κρυτξιμός,

259 692 525 752 Τζέπαινα
583 694 673 742 καὶ
727 692 794 742 τὰ
853 688 902 742 έν
955 698 1017 764 τῇ
1079 687 1320 765 Ἀχριδῶ
1381 691 1654 764 ξύμπαντα
1729 693 1859 752 πλὴν

259 780 523 833 Μνειάκου
556 799 568 812 ·
601 785 754 832 τοῦτο
791 782 893 855 γὰρ
949 785 1039 834 καὶ
1090 784 1242 854 μόνον
1290 782 1390 834 ὑπό
1445 781 1709 855 Ῥωμαίων
1766 803 1862 836 πε-

259 868 540 941 φύλακται.
569 863 787 942 Οὖστρα
821 865 881 922 δε
935 874 1025 922 καὶ
1083 876 1431 946 Περπερακιον
1481 876 1572 924 καὶ
1630 871 1862 946 Κρυϐοῦς

257 961 448 1010 καὶτὸ
503 961 879 1034 παρακείμενον
933 966 996 1032 τῇ
1047 965 1139 1011 τοῦ
1188 955 1475 1032 Ἀδριανοῦ
1526 965 1617 1014 καὶ
1681 961 1862 1020 κεκλη-

257 1050 409 1120 μένον
454 1046 676 1122 Ἐφραὶμ
730 1054 837 1110 τοῖς
890 1047 1208 1121 Βουλγαροις
1263 1054 1575 1122 κεχείρωται
1653 1053 1860 1103 Τούτων

255 1137 396 1190 οὕτω
448 1140 792 1210 γεγενημένων
848 1142 940 1190 καὶ
995 1146 1096 1189 τῶν
1156 1137 1206 1190 ἓν
1275 1135 1504 1212 δυσμαῖς
1561 1139 1859 1213 Ῥωμαϊκῶν

254 1225 604 1299 κλονουμενων
655 1227 998 1300 πραγμάτων,
1053 1233 1150 1289 τῆς
1207 1232 1388 1300 φήμης
1438 1232 1602 1301 μέχρι
1657 1235 1748 1282 καὶ
1809 1229 1860 1293 ές

258 1313 518 1388 βασιλέως
581 1311 978 1390 ἕπεδραμούσης
1054 1321 1143 1369 καὶ
1219 1316 1462 1370 πλειόνων
1531 1315 1860 1392 προσδοκίαν

254 1411 433 1457 κακῶν
489 1411 590 1455 τῶν
645 1409 941 1478 προσόντων
996 1409 1284 1476 φαντασίαν
1345 1411 1730 1480 παρεχομένης,
1811 1411 1859 1461 οἱ

249 1497 380 1568 περὶ
429 1495 494 1544 τὰ
547 1491 797 1566 βασίλεια
844 1493 904 1546 οὐ
957 1501 1158 1569 μικρῶς
1213 1493 1591 1569 ἐταράχθησαν
1643 1517 1657 1529 ·
1728 1497 1859 1555 ἠπί-

253 1600 450 1634 σταντο
477 1584 576 1656 γὰρ
616 1583 683 1643 ὡς
723 1585 790 1634 τὰ
836 1582 994 1635 πλείω
1048 1590 1146 1635 τῶν
1205 1579 1435 1636 δυτικῶν
1489 1592 1654 1656 μερῶν
1707 1586 1862 1638 Βουλ-

248 1673 438 1746 γάροις
479 1672 762 1739 οἰκοῦνται,

838 1676 929 1725 καὶ
1001 1670 1440 1732 ἀποστατήσουσι
1509 1673 1674 1726 πάλαι
1743 1675 1861 1728 Ῥω-

1967 514 2094 571 lum
2123 515 2406 571 Romanis
2428 515 2713 573 devotum
2738 521 3627 589 perseveraverat,omnia.Prae-

1970 607 2129 660 terea
2161 605 2347 674 Ustra,
2373 607 2809 677 Perperacium,
2835 609 3043 664 Cribus
3067 615 3124 664 et
3145 609 3310 681 quod
3339 609 3629 668 Adriano-

1969 691 2092 764 poli
2121 691 2378 763 adjacet,
2408 694 2685 765 Ephrem,
2711 696 2972 766 Bulgaris
2993 714 3243 754 cessere.
3269 702 3402 756 Haec
3428 700 3628 757 ubiita

1969 780 2127 838 facta
2153 787 2318 852 sunt,
2348 787 2404 838 et
2429 783 2489 839 in
2519 785 2787 841 occiduis
2823 787 3094 858 partibus
3134 787 3314 844 rebus
3333 792 3628 846 Romano-

1969 886 2102 926 rum
2131 870 2193 926 in
2220 870 2550 928 discrimen
2571 874 2818 943 adactis,
2839 892 2974 932 cum
3001 875 3166 932 fama
3193 877 3270 933 ad
3292 877 3623 951 imperato-

1967 959 2050 1015 ris
2089 959 2271 1016 etiam
2303 977 2476 1018 aures
2497 963 2885 1036 pervolasset,
2926 967 3098 1040 115
3127 971 3183 1023 et
3221 968 3625 1039 praesentibus

1969 1049 2142 1106 malis
2164 1050 2459 1109 atrociora
2481 1052 2616 1108 inde
2634 1058 2884 1111 ventura
2904 1062 3412 1128 repraesentasset,
3437 1057 3544 1130 qui
3565 1059 3628 1114 in

1969 1137 2108 1195 aula
2145 1144 2333 1206 erant,
2385 1141 2563 1197 nimis
2617 1143 2954 1200 conturbati
3013 1149 3171 1212 sunt,
3230 1145 3454 1218 quippe
3521 1147 3628 1219 qui

1970 1227 2190 1283 scirent
2215 1227 2591 1299 potissimam
2616 1231 2947 1289 Occidentis
2971 1239 3203 1306 partem
3232 1234 3295 1289 in
3339 1234 3628 1305 Bulgaros

1968 1332 2097 1372 esse
2119 1333 2506 1390 propensam,
2531 1325 2826 1394 tanquam
2850 1339 2986 1396 quae
3009 1339 3045 1379 a
3063 1324 3349 1379 Romanis
3367 1324 3626 1397 jampri-

1968 1406 2105 1462 dem
2138 1405 2470 1478 defecisset,
2493 1415 2548 1466 et
2604 1417 2873 1468 recenter
2902 1427 2938 1467 a
2996 1415 3223 1469 Joanne
3266 1414 3626 1484 imperatore

1968 1493 2266 1551 debellata
2292 1497 2565 1554 nondum
2593 1500 2787 1555 solida
2818 1517 2887 1556 ac
2911 1501 3085 1558 ﬁrma
3114 1502 3174 1556 in
3197 1501 3465 1560 dominio
3488 1518 3626 1560 con-

1970 1594 2169 1659 staret,
2203 1590 2309 1647 sed
2340 1590 2624 1647 continua
2647 1589 2709 1645 in
2749 1592 3052 1648 Romanos
3100 1591 3244 1649 odia
3282 1592 3625 1649 clanculum

1971 1685 2292 1739 exerceret.

251 1765 448 1847 μαίων,
502 1763 816 1837 προσφάτως
867 1757 928 1814 δε
983 1763 1290 1847 χειρωθεῖσι
1342 1770 1415 1834 τῷ
1473 1761 1682 1836 βασιλεί
1714 1765 1946 1840 Ἰωάννη,
1997 1775 2088 1823 καὶ
2144 1771 2289 1826 οὓπω
2343 1771 2499 1835 πῆξιν
2556 1777 2649 1833 τῆς
2715 1775 3032 1844 χειρώσεως,
3091 1770 3372 1840 λαϐούσης,
3432 1773 3626 1847 ἔχθραν

254 1846 321 1903 δε
360 1849 439 1904 ἀεὶ
467 1853 598 1925 πρὸς
632 1849 915 1922 Ῥωμαίους
954 1846 1347 1924 ένδομυχοῦσι.

327 1938 410 1995 νε’.
445 1943 540 1993 Διὰ
566 1948 735 1994 ταῦτα
761 1942 808 1976 ⁸⁸
845 1945 936 1993 καὶ
993 1939 1145 2002 αὐτὸς
1201 1941 1228 1993 ό
1289 1941 1542 2014 βασιλεύς
1598 1937 1854 2015 ἠδημόνει
1897 1946 1936 2000 Β

249 2035 369 2092 τοῖς
392 2031 720 2105 πράγμασιν,
772 2029 816 2082 εἰ
861 2031 997 2082 οὕτω
1053 2030 1171 2082 κατ’
1227 2028 1403 2104 ἀρχᾶς
1462 2039 1551 2091 τῆς
1613 2031 1860 2094 ἆξουσίας

250 2118 337 2190 [Ρ.
371 2117 463 2192 59]
513 2119 674 2172 αὐτοῦ
727 2115 1014 2192 δυστυχῶς
1068 2121 1306 2192 πράττει.
1364 2121 1718 2194 Συναθροίσας
1769 2129 1858 2174 οῦν

250 2211 379 2270 τοὺς
406 2209 457 2260 ἓν
492 2207 624 2262 τέλει
663 2213 754 2261 καὶ
807 2213 928 2270 τοὺς
989 2207 1061 2270 εἰς
1117 2212 1438 2282 στρατηγούς
1497 2213 1856 2283 τεταγμένους,

258 2299 357 2349 σὺν
385 2297 463 2358 οἷς
490 2301 580 2349 καὶ
605 2298 656 2349 οἱ
683 2299 809 2370 πρὸς
835 2297 1052 2349 πάππου
1084 2296 1240 2350 αὐτοῦ
1271 2305 1364 2350 τοῦ
1424 2295 1685 2364 βασιλέως
1740 2303 1860 2352 Θεοο

257 2381 436 2462 δώρου
462 2388 705 2460 ὑπῆρχον
730 2387 870 2458 αὐτῷ
903 2388 1048 2458 θεῖοι,
1077 2387 1104 2439 ὅ
1132 2405 1186 2439 τε
1237 2386 1486 2446 Μανουηλ
1534 2393 1624 2441 καὶ
1681 2389 1707 2440 ὁ
1760 2395 1858 2442 Μιο

258 2474 425 2547 χαηλ,
468 2473 804 2528 ἐδουλώσατο
861 2479 912 2527 τί
961 2473 1020 2526 ἃν
1075 2471 1194 2546 ἓχοι
1237 2478 1369 2550 πρὸς
1433 2477 1497 2528 τὰ
1546 2481 1860 2549 γεγενημένα

265 2560 702 2636 διαπράττεσθαι.
738 2567 803 2618 Οἱ
848 2567 938 2638 μεν
999 2561 1086 2617 οὖν
1138 2564 1345 2626 πλείους
1398 2561 1719 2640 διαπερᾶσαι
1770 2570 1857 2619 τόν

267 2649 493 2726 βασιλέα
517 2658 601 2706 τόν
622 2652 989 2714 Ἑλλήσποντον
1021 2649 1137 2707 δέον
1181 2653 1352 2725 ἔλεγον
1401 2655 1530 2707 εἶναι
1575 2659 1666 2707 καὶ
1725 2665 1856 2716 στῆ-

262 2760 358 2794 σαι
387 2747 480 2801 τὴν
502 2750 600 2795 τῶν
626 2741 930 2818 βουλγάρων
957 2745 1136 2817 φοράν.
1167 2749 1332 2796 Τοῦτο
1362 2739 1420 2795 δε
1445 2749 1554 2806 τοῖς
1585 2751 1676 2796 τοῦ
1723 2764 1857 2818 κρα-

254 2839 466 2893 τοῦντος
496 2834 653 2896 θείοις
671 2841 776 2894 τοῖς
799 2837 1188 2908 προειρημένοις
1235 2833 1329 2885 οὐκ
1363 2834 1600 2909 ἣρεσκεν,
1647 2835 1725 2896 οἷς
1767 2839 1856 2886 καὶ

250 2929 512 2996 προσεῖχε
537 2921 726 2996 μᾶλλον
757 2924 782 2974 6
804 2921 1067 2996 βασιλευς,
1099 2921 1302 2974 παλλῶν
1329 2922 1491 2978 ἕνεκα.
1524 2921 1589 2976 Ἦ
1647 2942 1700 2976 τε
1752 2925 1854 2998 γὰρ

250 3017 536 3085 γνησιότης
565 3021 655 3065 τοῦ
701 3017 882 3085 γένους
918 3013 1182 3084 ἠνάγκαζε
1229 3017 1320 3064 καὶ
1373 3016 1433 3066 1'6
1499 3020 1595 3075 τῆς
1651 3013 1856 3076 ἡλικίας

250 3104 479 3178 γηραιόν
519 3100 887 3177 παρτεϐίαζεν,
963 3101 1069 3174 οὐχ
1143 3102 1298 3160 ἧττον
1375 3097 1434 3154 δε
1506 3105 1633 3174 πρὸς
1704 3109 1857 3155 τοῦτο

251 3195 348 3244 καὶ
384 3194 443 3245 τὸ
485 3190 681 3244 πολλῶν
739 3192 1058 3264 πραγμάτων
1137 3186 1281 3263 ἴδρις
1357 3189 1542 3252 αὐτοὺς
1621 3192 1858 3262 γίνεσθαι

2042 1952 2127 2004 55.
2160 1949 2483 2021 Propterea
2508 1949 2834 2022 imperator
2859 1949 3039 2004 etiam
3069 1949 3200 2021 ipse
3227 1950 3409 2006 rebus
3450 1951 3625 2008 anxie

1968 2036 2281 2108 aestuabat,
2356 2037 2404 2092 si
2469 2041 2593 2093 tam
2613 2036 2826 2092 misere
2871 2037 3181 2108 potestatis
3240 2037 3401 2093 illius
3451 2038 3622 2094 initio

1966 2125 2350 2182 haberentur.
2377 2125 2492 2180 Illis
2516 2141 2658 2198 ergo
2684 2125 2789 2198 qui
2841 2125 3127 2196 dignitate
3177 2125 3506 2197 fulgebant,
3568 2132 3625 2184 et

1967 2214 2334 2270 exercituum
2365 2213 2734 2277 ductoribus,
2760 2213 2911 2268 inter
2931 2229 3086 2286 quos
3111 2218 3166 2270 et
3185 2229 3256 2271 ex
3288 2231 3403 2271 avo
3434 2215 3622 2288 impe-

1966 2307 2162 2359 ratore
2189 2302 2494 2360 Theodoro
2516 2302 2712 2375 patrui
2742 2302 2973 2359 Mauuel
2998 2308 3055 2360 et
3083 2303 3329 2360 Michael
3359 2304 3620 2360 advene-

1966 2397 2120 2463 rant,
2148 2392 2514 2458 convocatis,
2549 2390 3013 2456 consiliuminit,
3035 2393 3186 2466 quid
3216 2393 3352 2457 sibi,
3375 2398 3440 2449 ut
3461 2393 3623 2450 malo

1965 2487 2319 2549 occurreret,
2351 2480 2656 2552 agendum
2700 2486 2878 2537 esset.
2914 2481 3109 2538 Potior
3149 2497 3356 2538 eorum
3385 2497 3528 2554 pars
3561 2481 3624 2538 in

1965 2585 2100 2626 eam
2121 2570 2226 2626 ivit
2250 2569 2631 2638 sententiam,
2646 2569 3042 2641 utimperator
3059 2569 3436 2642 Hellesponto
3451 2585 3624 2642 supe-

1965 2663 2094 2714 rato
2118 2659 2411 2731 impetum
2435 2657 2830 2728 Bulgarorum
2871 2659 3313 2730 comprimeret.
3358 2658 3473 2715 Sed
3509 2659 3624 2716 hoc

1964 2745 2250 2819 principis
2277 2745 2525 2819 patruis,
2549 2761 2702 2818 quos
2727 2760 2910 2817 supra
2943 2747 3249 2803 nominavi
3274 2746 3440 2804 haud
3473 2746 3616 2804 arri-

1965 2835 2404 2907 debat,quibus
2419 2835 2693 2892 animum
2719 2836 2914 2908 potius
2939 2836 3275 2893 adverterat
3299 2839 3626 2909 imperator

1968 2923 2169 2980 multis
2189 2924 2263 2980 de
2297 2924 2513 2980 causis.
2539 2923 2812 2980 Atﬂnitas
2842 2925 3067 2997 quippe
3088 2925 3320 2996 generis
3347 2929 3402 2980 et
3453 2940 3625 2980 vene-

1966 3013 2158 3070 randa
2206 3018 2484 3069 senectus
2536 3012 2862 3084 compellat
2896 3028 3136 3086 ;neque
3178 3012 3376 3068 minus
3435 3011 3515 3068 ad
3561 3013 3625 3069 id

1967 3101 2309 3158 conferebat
2321 3117 2525 3158 rerum
2538 3101 2866 3157 multarum
2878 3101 3259 3174 experientia.
3278 3101 3345 3156 Hi
3359 3115 3625 3173 namque

1965 3191 2214 3247 Joannis
2245 3190 2625 3263 imperatoris
2649 3194 2917 3261 tempore
2944 3195 3000 3247 et
3023 3190 3152 3246 solo
3176 3190 3369 3262 patrio
3389 3189 3624 3246 exsules

251 3281 534 3355 παρέπειθε
589 3301 602 3314 ·
647 3276 873 3353 φυγάδες
917 3281 1020 3352 γὰρ
1074 3279 1218 3331 οὗτοι
1271 3282 1538 3351 γεγονότες
1591 3285 1688 3342 τῆς
1767 3285 1858 3331 τοῦ

1970 3279 2286 3336 multorum
2299 3279 2631 3352 principum
2645 3277 3042 3336 familiaritate
3056 3278 3147 3335 usi
3164 3284 3302 3334 sunt
3318 3283 3374 3336 et
3387 3278 3627 3336 diversa

253 3366 518 3443 βασιλέῶς
592 3369 826 3424 Ἰωάννου
895 3365 929 3421 δ
934 3373 1288 3442 ιακρατήσεως
1397 3367 1605 3430 πολλοῖς
1697 3387 1859 3443 προσ·

252 3458 531 3531 ωμίλησαν
605 3454 888 3521 δεσπόταις
978 3462 1068 3510 καὶ
1156 3457 1223 3518 εἰς
1317 3452 1600 3530 διαφόρους
1696 3476 1862 3533 περιε-

253 3545 600 3608 πλανήθησαν
646 3551 858 3612 τόπους,
916 3544 1209 3616 κάντεῦθεν,
1271 3547 1409 3598 κατὰ
1469 3549 1562 3605 τὴν
1613 3550 1852 3615 ποίησιν,

256 3631 402 3689 εἶδον
465 3638 631 3690 ἄστεα
683 3640 774 3690 καὶ
819 3640 932 3689 νόον
975 3638 1228 3707 ἔγνωσαν,
1297 3639 1398 3688 Kal
1449 3629 1583 3692 ἦσαν
1650 3637 1740 3708 μεν
1798 3637 1861 3696 ὡς

259 3725 470 3788 ἀληθῶς
517 3727 662 3780 οὗτοι
708 3731 970 3800 νοήμονες,
1018 3725 1113 3778 οὐκ
1171 3723 1301 3798 ὀρθὰ
1350 3720 1409 3777 δε
1465 3723 1704 3797 έφρόνουν
1757 3731 1861 3786 τοῖς

256 3824 364 3869 τῶν
412 3815 674 3891 Ῥωμαίων
741 3818 1066 3891 πράγμασιν,
1133 3813 1308 3866 αἰτίαν
1352 3815 1556 3884 ἔχοντες
1615 3816 1673 3865 τὸ
1730 3832 1862 3888 παρ-

257 3902 676 3980 ευδοκιμηθῆναι
736 3907 802 3957 τὰ
863 3913 1048 3979 πρῶτα
1107 3905 1252 3976 παρὰ
1309 3909 1401 3954 τοῦ
1471 3898 1696 3973 ἀδελφοῦ
1770 3906 1861 3954 καὶ

257 3994 541 4071 βασιλέως,
569 3992 790 4069 μηδενὸς
829 3995 997 4048 αὐτῶν
1042 3993 1116 4056 εἰς
1163 3991 1312 4056 ἀξίαν
1365 3990 1652 4064 ἀνηγμένου
1703 3986 1861 4063 βασι-

253 4084 380 4145 λέως
440 4081 680 4157 ἀδελφοῖς
739 4079 774 4137 δ
780 4087 1156 4158 ιαπρέπουσαν.
1216 4079 1346 4135 Εἶτα
1404 4085 1494 4133 καὶ
1563 4081 1707 4154 παρὰ
1767 4086 1860 4131 τοῦ

252 4172 497 4248 γαμϐρου
572 4177 661 4226 καὶ
739 4170 996 4245 βασιλέως
1079 4175 1170 4223 καὶ
1239 4165 1496 4242 φυγαδίαι
1579 4176 1670 4229 τῆς
1745 4165 1864 4220 Ῥω-

251 4268 426 4338 μαίων
483 4267 805 4336 γεγενημένοι
870 4265 992 4336 πρός
1052 4260 1238 4322 αὐτοὺς
1311 4255 1701 4332 ἕδυσμέναινον.
1761 4261 1861 4311 Καὶ

253 4361 428 4407 ταῦτα
593 4354 714 4413 ἰσως
752 4350 856 4426 ἐρεῖ
886 4370 963 4412 τις
997 4353 1142 4404 αἴτια
1181 4347 1333 4420 εἶναι,
1370 4352 1428 4402 τὸ
1471 4345 1530 4402 δε
1571 4347 1757 4410 ἄληθες
1795 4349 1863 4400 τὰ

255 4451 361 4496 τῶν
387 4441 667 4518 ἀνθρώπων
697 4442 798 4501 ἤθη
832 4439 1052 4493 ἀϐέϐαια
1111 4442 1236 4491 ὄντα
1283 4442 1373 4491 καὶ
1433 4437 1643 4491 ἆστατα
1689 4439 1862 4490 τοιού-

259 4551 382 4592 τους
427 4533 710 4604 τυγχάνειν
755 4528 979 4584 έποίουν.
1033 4533 1134 4582 Καὶ
1191 4534 1360 4580 ταῦτα
1401 4528 1491 4599 μεν
1539 4526 1598 4579 οὐ
1661 4522 1862 4578 διελάν-

263 4623 410 4675 Θανεν
432 4617 556 4674 οὐδε
584 4623 670 4673 τόν
698 4617 924 4692 βασιλέα
971 4613 1246 4691 Θεόδωρον
1277 4636 1290 4649 ο
1348 4619 1474 4677 τέως
1527 4611 1614 4667 οὖν
1667 4616 1733 4676 ὡς
1787 4613 1863 4666 οἰ-

257 4715 434 4774 κείους
453 4719 546 4764 τοῦ
595 4710 815 4782 αἳματος
861 4712 952 4762 καὶ
993 4711 1050 4761 τὸ
1105 4712 1262 4779 τιμᾲν
1311 4705 1497 4767 αὐτοὺς
1544 4701 1638 4758 διὰ
1675 4707 1863 4765 παντὸς

259 4800 594 4878 προελόμενος
667 4799 864 4874 ἐχρᾶτο
938 4801 1066 4872 πρὸς
1143 4794 1458 4870 συμϐουλὰς.
1537 4793 1862 4848 Ὑπετίθεντο

259 4899 386 4964 γοῦν
417 4890 561 4943 οὗτοι
591 4892 655 4950 ὡς
685 4888 744 4941 οὐ
778 4891 949 4961 χρεὼν
986 4889 1072 4939 τὸν
1112 4883 1338 4958 βασιλέα
1377 4880 1701 4958 διαπερᾶσαι
1733 4885 1864 4958 πρὸς

261 4984 362 5039 κήν
392 4976 624 5052 δυσμὴν,
662 4979 742 5031 ὅτι
764 4995 817 5029 τε
844 4983 1017 5038 κακῶς
1065 4976 1280 5050 πράττει
1338 4976 1402 5026 τὰ
1450 4979 1670 5025 τοιαῦτα
1707 4975 1862 5046 μέρη,

261 5073 356 5122 καὶ
381 5070 452 5131 ὡς
491 5074 631 5120 νοσεῖ
689 5062 888 5138 σχεδὸν
941 5064 1284 5137 ἀθεράπευτα,
1331 5062 1634 5136 στράτευμά
1687 5079 1740 5114 τε
1789 5064 1862 5133 μὴ

264 5160 408 5231 ἔχειν
434 5161 520 5210 τὸν
549 5155 772 5230 βασιλέα
805 5163 1071 5232 προσῆκον
1115 5152 1300 5228 πράξει
1347 5150 1601 5225 βασιλικῇ
1629 5171 1644 5184 ο
1694 5151 1720 5203 ὁ
1765 5152 1864 5224 γὰρ

261 5252 467 5323 χειμὼν
498 5245 683 5300 ἐκώλυε
712 5248 806 5304 την
861 5245 1198 5318 συνάθροισιν
1255 5249 1354 5294 τῶν
1403 5237 1698 5314 δυνάμεων.
1766 5244 1867 5294 Kal

338 5427 560 5482 “D:

1966 3369 2028 3425 in
2046 3369 2181 3426 loca
2201 3368 2575 3440 aberrarunt,
2606 3367 2886 3440 hincque,
2922 3370 2965 3440 1
2985 3369 3095 3441 16
3114 3373 3176 3425 ut
3189 3375 3370 3442 poeta
3389 3369 3623 3436 cecinit,

1968 3459 2246 3515 viderunt
2263 3457 2442 3514 urbes
2464 3463 2522 3514 et
2545 3474 2743 3514 mores
2763 3458 3080 3515 hominum
3106 3463 3532 3529 cognoverunt.
3559 3459 3627 3514 Hi

1967 3549 2120 3621 licet,
2158 3553 2219 3604 ut
2245 3565 2453 3604 verum
2474 3548 2680 3620 fatear,
2710 3548 2890 3620 pleno
2915 3554 3152 3622 pectore
3183 3555 3480 3622 saperent,
3501 3564 3626 3606 non

1967 3644 2124 3694 recte
2153 3641 2356 3694 tamen
2379 3639 2787 3694 Romanorum
2809 3637 2991 3694 rebus
3021 3637 3436 3705 consulebant,
3460 3638 3627 3711 quod

1970 3728 2237 3800 primum
2256 3743 2294 3783 a
2321 3725 2500 3783 fratre
2529 3732 2587 3782 et
2607 3727 2965 3800 imperatore
2986 3727 3238 3799 neglecti
3267 3727 3433 3784 nullo
3460 3727 3628 3798 digni

1967 3813 2155 3871 habiti
2183 3813 2439 3871 fuissent
2486 3830 2752 3876 munere.
2793 3813 2962 3887 quod
3002 3814 3211 3871 fratres
3251 3815 3628 3888 imperatoris

1969 3903 2321 3960 condecoret
2347 3921 2360 3970 ;
2385 3901 2524 3959 dein
2555 3919 2661 3975 per
2676 3919 2965 3974 generum
3004 3908 3061 3959 et
3087 3905 3514 3975 imperatorem
3544 3903 3624 3960 ab

1969 3991 2098 4049 solo
2119 3992 2311 4064 patrio
2335 3996 2618 4059 extorres,
2644 3991 2723 4048 ab
2741 3992 2824 4047 eis
2845 3996 3000 4048 totos
3031 4008 3092 4048 se
3114 3991 3624 4048 aholienaverant.

1970 4079 2037 4136 Et
2055 4080 2165 4136 has
2192 4079 2440 4152 quidem
2467 4096 2683 4137 causas
2704 4080 2990 4136 Romanis
3022 4079 3152 4136 illos
3177 4080 3628 4137 inimicissimos

1969 4167 2300 4224 reddidisse
2320 4167 2538 4240 aliquis
2571 4168 2719 4225 forte
2753 4167 3004 4225 diceret:
3031 4168 3206 4224 nobis
3232 4169 3376 4225 satis
3427 4168 3632 4239 cogni-

1971 4261 2098 4314 tum
2128 4273 2328 4314 mores
2356 4256 2676 4313 hominum
2705 4256 2962 4314 incertos
2994 4261 3174 4329 atque
3209 4256 3516 4314 instabiles
3571 4256 3630 4313 in

1969 4346 2324 4418 hujusmodi
2364 4361 2468 4403 eos
2501 4346 2828 4402 deduxisse
2861 4346 3213 4410 simultates,
3259 4362 3396 4419 quae
3429 4361 3632 4419 neque

1970 4435 2394 4509 imperatorem
2420 4435 3507 4494 Theodorumlatebent.Nihilominus
3531 4451 3633 4492 eos

1971 4529 2263 4598 tanquam
2276 4525 2569 4596 sanguine
2584 4525 2714 4597 conj
2726 4531 2956 4597 unctos,
2975 4525 3207 4598 etquod
3219 4529 3509 4598 perpetuo
3521 4540 3630 4581 eos

1897 4648 1943 4701 ο
1973 4614 2303 4671 honoribus
2316 4614 2717 4672 condecorare
2735 4619 3153 4688 proposuerat,
3175 4614 3440 4671 consiliis
3459 4614 3630 4671 adhi-

1970 4702 2174 4760 bebat.
2207 4704 2628 4776 Proponebant
2649 4703 2850 4774 itaque
2871 4703 2952 4760 illi
2979 4719 3102 4760 non
3121 4719 3254 4760 esse
3277 4719 3476 4775 operae
3503 4717 3637 4775 pre-

1973 4792 2122 4848 tium
2146 4793 2571 4865 imperatorem
2609 4793 2670 4849 in
2696 4809 2981 4850 occasum
3005 4791 3494 4866 progredi,quod
3547 4807 3631 4848 eae

1973 4886 2172 4954 partes
2204 4881 2358 4938 male
2381 4881 2809 4938 aﬂlictarentur
2829 4887 2886 4938 et
2913 4882 3145 4954 absque
3165 4880 3432 4937 remedio
3450 4881 3626 4938 vehe-

1974 4975 2206 5027 menter
2241 4969 2601 5027 laborarent.
2633 4971 2848 5042 Copias
2874 4986 3007 5026 esse
3045 4969 3425 5042 imperatoris
3453 4969 3635 5028 exiles

1975 5075 2045 5116 ac
2062 5064 2271 5116 tenues
2292 5075 2400 5115 nec
2420 5059 2577 5130 regis
2601 5063 2896 5131 apparatu
2918 5073 3374 5131 suppares,cum
3395 5063 3634 5132 tempus

1974 5149 2297 5206 hibernum
2344 5147 2778 5221 impedimento
2829 5151 2984 5204 esset
3032 5163 3107 5203 ne
3151 5154 3508 5218 cogerentur
3572 5149 3635 5205 in

1977 5255 2190 5298 unum.
2213 5239 2956 5311 Praetereaimperatorem,
2965 5237 3013 5294 si
3032 5236 3166 5296 loco
3178 5243 3494 5296 moveatur
3504 5254 3613 5296 nes

619 5423 810 5484 Βουλην
840 5420 929 5478 οὖν
978 5422 1350 5493 ποιησάμενος,
1409 5421 1457 5474 οἱ
1519 5422 1609 5493 μὶν
1695 5418 1902 5482 πλείους
1953 5415 2274 5493 διαπερᾶσαι
2326 5417 2480 5493 αὐτόν
2550 5420 2638 5493 τὸν
2697 5414 3072 5493 Ἑλλήσποντον
3127 5413 3242 5472 δέον
3308 5417 3497 5490 ἓλεγον.
3520 5416 3636 5493 “0i

338 5442 388 5463 "
448 5442 493 5482 υ
546 5442 560 5482 ε
619 5442 810 5484 mum»
840 5443 929 5478 ουν
978 5442 1179 5481 ποιησα
1223 5442 1350 5488 ενος,
1409 5442 1457 5474 οι
1519 5442 1609 5493 μεν
1695 5442 1902 5482 πλειους
1953 5442 2274 5493 οιαπερασαι
2326 5442 2480 5471 αυτον
2550 5442 2638 5471 τον
2715 5442 3072 5478 ιΑΑησποντον
3127 5442 3242 5472 οεον
3309 5442 3497 5490 ελεγον.
3569 5442 3635 5470 υι

267 5495 328 5552 δε
365 5500 498 5574 πρὸς
536 5499 754 5574 πάππου
811 5496 972 5574 αυτοῦ
1014 5502 1106 5574 τοῦ
1160 5442 1420 5574 βασιλέως
1466 5488 1744 5574 θεοδὼρου
1802 5491 2056 5574 Mari)le
2106 5495 2208 5574 καὶ.
2252 5489 2470 5574 Μιχαη).
2521 5492 2572 5543 οἱ
2638 5492 2952 5574 ιξαωιάριες,
3001 5491 3100 5574 pic.
3140 5496 3395 5574 προσεῖχε
3437 5487 3635 5574 μᾶλλον

263 5560 417 5719 ΑΞτί
440 5573 752 5643 γνησιότητι
776 5573 866 5622 καὶ
903 5574 976 5638 τῷ
999 5560 1172 5642 γήρει,
1202 5565 1262 5620 οὐ
1287 5569 1459 5641 χρεὼν
1507 5560 1830 5641 διαπερᾶσαι
1886 5565 1973 5618 τόν
2020 5560 2245 5637 βασιλέα
2293 5560 2623 5618 εϐοῦλευσοω.
2670 5560 2754 5621 Ἠ.
2807 5560 2906 5617 τῶν
2939 5560 3203 5617 πλειόνων
3254 5560 3381 5634 γοῦν
3437 5560 3636 5634 ἴσχυσε

313 5664 374 5700 ου
407 5663 466 5703 η.
2445 5703 2449 5708 .

313 5645 438 5702 ουλὴ
446 5680 466 5703 ο
