4084 6212
84 352 254 406 1129
1639 339 1964 395 ANNALES
3345 348 3483 402 H3O

77 477 162 528 τὰ
192 474 404 538 πάντα,
430 472 521 521 καὶ
551 470 609 520 τὸ
641 466 860 524 πλησίον
919 464 1086 517 αύτῶν
1143 461 1250 522 ἤδη
1306 463 1588 533 τυγχάνειν
1636 466 1724 513 τὸν

1834 477 1994 533 pere,
2019 465 2232 518 etcum
2260 477 2366 534 per
2386 463 2518 519 loca
2558 464 2873 520 arboribus
2902 464 3311 539 frequentibus
3342 485 3483 525 con-

83 561 349 636 βασιλέα
380 556 805 631 διισχυρίζοντο.
838 553 927 613 Ὠς
963 555 1118 624 ἔτυχε
1169 559 1293 622 γοῦν
1347 554 1560 610 ἕκαστος
1625 558 1724 601 τῶν

80 651 425 723 Βουλγάρων
465 650 554 697 καὶ
615 644 767 704 αύτὸς
816 643 841 694 ὁ
901 643 1094 694 τούτων
1149 642 1351 714 οῖρχων,
1409 638 1586 699 ἐπιϐὰς
1634 647 1724 690 τοῦ

83 744 304 806 ἵππου,
363 737 449 790 ἐπὶ
510 736 576 787 τὰ
631 728 876 808 ἐνδότερα
933 738 1032 782 τῶν
1092 729 1455 804 Βουλγαρικῶν
1523 727 1725 801 ἐφέρετο

83 836 332 905 χώρων.
367 820 795 898 Κατεδρύπτοντο
821 816 856 873 δ
859 823 879 873 ξ
908 822 1102 872 τούτων
1157 823 1263 879 τοῖς
1337 826 1437 870 τῶν
1496 814 1724 891 δένδρων

85 914 338 978 κλάδοις
383 917 450 968 τὰ
521 916 797 987 πρόσωπα,
889 911 1198 982 συνηρεφέσι
1275 909 1475 968 τούτοις
1568 906 1725 979 ἐμπί-

89 1026 338 1062 πτονταο
399 1005 426 1056 ὃ
492 999 561 1061 δὴ
619 1005 710 1053 καὶ
758 999 910 1059 αὐτὸς
971 999 997 1049 ὁ
1085 997 1375 1069 Βούλγαρος
1457 998 1722 1054 πέπονθεν,

87 1098 278 1152 Ἔνιοι
330 1092 391 1147 δί
468 1091 633 1144 αὐτῶν
714 1093 804 1142 καὶ
872 1094 1088 1161 γυμνοῖς
1157 1083 1470 1159 ἐφεστρίδων
1513 1086 1584 1148 εἰς
1629 1091 1724 1144 τὴν

1833 551 1946 606 sita
1991 551 2390 620 abigerentur,
2433 555 2716 610 arborum
2756 555 2942 611 ramis
2982 557 3184 619 facies.
3243 559 3408 630 quod
3429 563 3485 616 et

1836 640 2123 710 Bulgarus
2147 658 2368 713 passus
2398 647 2504 711 est,
2532 643 2846 701 dilacerari
2879 646 3185 715 ;nonnulli
3206 649 3389 704 etiam
3411 665 3483 704 ex

1834 730 1980 804 ipsis
2009 731 2172 802 sagis
2205 731 2444 787 omissis
2476 734 2646 805 equis
2677 735 2875 792 calcar
2906 737 3148 808 addere,
3178 739 3282 812 qui
3310 738 3393 794 sic
3419 740 3482 794 in

1835 819 2043 890 fugam
2081 821 2204 877 dati
2243 824 2651 878 Romanorum
2692 825 2842 881 ictus
2881 827 3274 884 declinarunt.
3316 831 3482 884 Mane

1835 910 2172 966 cumlocum
2186 912 2868 984 occupassetimperator
2887 918 2930 986 ι
2949 915 3481 988 19etmilitaribus

1834 1000 2020 1072 copiis
2036 1017 2291 1057 vacuum
2316 1002 2722 1074 comperisset,
2741 1003 2996 1061 indoluit
3013 1022 3178 1066 sane.
3203 1006 3308 1062 sed
3331 1023 3481 1078 prte—

1835 1094 1993 1146 stare
2019 1089 2248 1161 aliquid
2277 1089 2439 1145 haud
2467 1091 2677 1162 potuit.
2700 1095 2922 1149 Tamen
2944 1095 3192 1151 consilio
3211 1096 3355 1151 inito
3383 1098 3483 1152 Be-

94 1189 306 1259 ὀχείαν
335 1189 444 1244 τοῖς
476 1183 648 1241 ἵπποις
678 1178 996 1252 ἐχρήσαντο.
1027 1176 1178 1229 Ούτω
1216 1183 1341 1247 γοῦν
1413 1171 1722 1249 διαδράντες

1834 1196 1988 1238 roem
2003 1177 2501 1252 proﬁciscitur,pri
2512 1195 2723 1252 moque
2737 1199 2765 1237 δ
2776 1182 2999 1254 ppulsu
3012 1185 3293 1256 oppidum
3308 1186 3486 1257 cepit,

93 1281 198 1334 τὴν
225 1273 529 1345 Ῥωμαῖκὴν
569 1268 831 1340 ἀπέφυγον
873 1267 1100 1324 σπάθην.
1154 1263 1343 1318 Ἐωθεν
1395 1261 1453 1317 δε
1494 1267 1580 1316 τὸν
1639 1269 1723 1316 τό-

1834 1273 1979 1326 Nam
2007 1285 2215 1324 murus
2229 1268 2494 1340 undique
2516 1269 2676 1325 lacer
2705 1279 3008 1328 corruerat
3041 1273 3360 1347 multisque
3384 1293 3487 1349 pa-

95 1383 206 1418 πον
262 1364 473 1434 φθάσας
520 1361 546 1411 ὃ
646 1355 892 1430 βασιλεὺς
957 1360 1046 1407 καὶ
1099 1357 1286 1428 ἔρημον
1343 1357 1724 1428 στρατεύματος

1834 1358 1995 1414 tebat
2019 1357 2298 1429 hiatibus,
2325 1373 2462 1412 cum
2493 1359 2608 1414 hoc
2637 1376 2879 1432 quoque
2922 1378 3059 1416 cum
3100 1363 3342 1435 reliquis
3371 1368 3489 1421 Ro-

97 1451 481 1524 Βουλγαρικοῦ
541 1442 771 1499 κατιδὼν
822 1444 1109 1501 λελύπηται
1162 1446 1272 1515 μὲν,
1337 1442 1431 1494 ούκ
1493 1439 1606 1514 εἶχε
1665 1439 1724 1494 δὲ

1834 1462 2156 1502 manorum
2175 1446 2414 1518 oppidis
2434 1462 2469 1501 a
2491 1447 2750 1516 Bulgaro
2773 1449 2900 1505 solo
2919 1455 3226 1522 aequatum
3249 1452 3480 1523 fuisset,

95 1546 214 1594 ὅτε
275 1545 370 1593 καὶ
421 1534 652 1613 δράσειε.
721 1533 914 1593 Βουλὴν
977 1529 1036 1585 δὲ
1087 1533 1434 1604 ποιησάμενος
1503 1530 1582 1583 ἐπὶ
1629 1536 1724 1590 τήν

1835 1535 1967 1591 licet
1992 1535 2228 1607 perticis
2258 1539 2313 1590 et
2337 1535 2512 1604 lignis
2545 1552 2618 1592 ex
2642 1537 2920 1608 plaustris
2945 1539 3163 1595 accolae
3185 1541 3330 1596 illud
3359 1559 3490 1600 mu-

97 1637 314 1705 Βιροην
391 1601 576 1702 χωρεῖ,
654 1623 864 1676 κάκεῖσε
954 1618 1014 1675 δε
1071 1601 1344 1694 ἀφιγμένος
1385 1619 1618 1673 αὐτοϐοεὶ
1666 1623 1723 1672 τὸ

1837 1601 2021 1682 niisse
2061 1601 2421 1680 viderentur.
2463 1624 2622 1681 Cibis
2643 1601 2866 1696 hitaque
2927 1631 2984 1682 et
3009 1627 3148 1699 equi
3179 1633 3235 1684 et
3275 1629 3490 1686 milites

101 1722 369 1795 φρούριον
395 1715 539 1770 εἶλενθ
601 1712 687 1789 [Ρ.
739 1712 828 1784 6t]
881 1711 1018 1764 ἅπαν
1073 1731 1176 1785 γαρ
1232 1714 1291 1763 τὸ
1348 1718 1522 1782 τεῖχος
1568 1711 1724 1764 αὐτοῦ

1838 1712 2136 1771 cumulate
2150 1712 2538 1768 abundarunt
2559 1731 2572 1768 :
2593 1715 2888 1786 oppidum
2902 1717 3117 1772 etenim
3135 1717 3492 1786 pabulorum

101 1811 488 1882 κατηρείπωτο
525 1809 615 1856 καὶ
658 1798 926 1866 διεξέδους
991 1801 1105 1872 εἶχε
1155 1799 1364 1864 πολλὰς,
1415 1798 1724 1859 κοταϐεϐλη-

1835 1801 2107 1860 omnium
2131 1801 2502 1859 abundantia
2518 1803 2992 1861 circumﬂuebat.
3029 1807 3294 1862 Fortasse
3312 1807 3491 1865 etiam

107 1904 274 1973 μένον
304 1902 579 1949 καὶτοῦτο
616 1894 760 1968 παρά
795 1895 896 1944 τών
941 1889 1244 1964 Βουλγάρων
1313 1891 1405 1942 σὺν
1457 1896 1566 1950 τοῖς
1615 1889 1724 1942 λοι-

1835 1893 2162 1964 imperator
2191 1889 2438 1946 ulterius
2469 1895 2882 1964 processisset,
2917 1899 2971 1950 et
3028 1895 3184 1952 circa
3210 1895 3480 1954 Haemum

109 1996 239 2050 ποίς
297 1995 398 2039 τῶν
441 1983 760 2056 Ῥωμαϊκῶν,
847 1981 1064 2050 ἄστεων,
1140 1978 1184 2032 εἰ
1240 1982 1330 2030 καὶ
1385 1978 1582 2051 κάμαξι
1640 1985 1724 2032 καὶ

1837 1986 1893 2037 et
1922 1981 1980 2036 in
2010 1996 2080 2037 eo
2099 1979 2208 2036 sita
2229 1980 2876 2052 oppidaincursionem
2917 1983 3151 2040 fecisset
3189 1985 3489 2054 (timorem

111 2084 231 2137 τοῖς
285 2074 342 2138 ἐξ
387 2071 598 2146 αμαξῶν
653 2068 821 2133 ξύλοις
886 2064 1102 2121 ἐδόκουν
1163 2066 1286 2118 αύτό
1345 2073 1724 2142 κατοχυρώσα-

1837 2070 2020 2138 enim,
2060 2085 2170 2124 nec
2209 2085 2347 2124 eum
2402 2069 2712 2141 pusillum,
2774 2071 3042 2140 Bulgaris
3109 2073 3486 2145 incusserat),

115 2167 256 2219 σθαι
286 2165 337 2216 οἱ
357 2163 643 2236 οἰκήτορες.
685 2165 896 2232 Τροφῶν
924 2163 1050 2228 γοῦν
1107 2155 1401 2229 ηύμοίρησε
1454 2159 1520 2208 τὰ
1571 2175 1724 2230 στρα-

1836 2159 1950 2216 nisi
1971 2163 2298 2230 tempestas
2332 2159 2657 2230 asperrima
2683 2175 2754 2215 ex
2794 2159 3123 2232 improviso
3151 2162 3490 2236 irrumpens

111 2256 384 2326 τεύματα,
415 2250 563 2302 αύτοί
605 2267 660 2302 τε
724 2251 814 2299 καὶ
862 2248 910 2298 οἱ
973 2248 1169 2298 τούτων
1218 2247 1390 2296 ἵπποιο
1440 2243 1724 2302 ἐπέπληστο

1838 2247 2127 2320 impetum
2164 2247 2564 2320 ardoremque
2596 2248 2987 2305 restinxisset.
3030 2253 3246 2321 Ingens
3268 2254 3488 2309 etenim

111 2345 225 2417 γὰρ
265 2340 655 2415 χορτασμάτων
685 2339 744 2388 τὸ
771 2334 926 2388 ἂστυ.
964 2338 1064 2386 Καὶ
1124 2335 1248 2404 τάχ’
1305 2335 1366 2385 οἶν
1426 2337 1516 2386 καὶ
1567 2353 1724 2407 προσ·

1836 2337 1940 2392 nix
1973 2335 2176 2392 infusa
2225 2341 2392 2391 terras
2439 2336 2650 2393 faciem
2701 2337 2948 2405 obtexit,
3010 2344 3067 2395 et
3108 2340 3168 2394 in
3195 2340 3392 2397 aliena
3419 2357 3488 2397 ac

113 2434 302 2506 ωτέρω
342 2430 402 2481 ἄν
429 2427 748 2500 ἐκεχωρήκει
775 2425 803 2476 ὁ
843 2422 1096 2496 βασιλεὺς
1151 2427 1242 2474 καὶ
1301 2421 1385 2474 ἐπὶ
1436 2427 1524 2474 τόν
1567 2421 1724 2494 Αἶμον

1837 2425 2032 2481 hostili
2055 2430 2208 2481 terra
2233 2425 2528 2480 exercitus
2569 2429 2871 2482 Romanos
2919 2427 3142 2483 diutius
3171 2428 3493 2484 immorari

114 2522 285 2575 αὐτὸν
313 2525 397 2572 καὶ
436 2521 501 2571 τά
527 2515 576 2570 ἐν
601 2515 741 2588 αύτῷ
781 2516 1116 2586 τυγχάνοντα
1167 2515 1390 2588 φρούρια
1445 2517 1538 2571 τὴν
1613 2515 1724 2584 ἔφο-

1839 2529 1961 2570 non
1990 2514 2145 2588 aequi
2171 2514 2540 2570 consultores
2569 2513 2923 2571 laudabant.
2961 2519 3073 2573 Sex
3126 2517 3326 2590 itaque
3356 2518 3484 2573 dies

116 2608 220 2664 δον
252 2608 524 2665 ἐπεποίητο
570 2605 779 2673 (πτοίαν
824 2607 926 2677 γὰρ
969 2603 1030 2656 ού
1081 2605 1275 2675 μικρὰν
1332 2608 1442 2663 τοῖς
1499 2600 1724 2672 Βουλγά-

1839 2601 1922 2658 ibi
1948 2603 2275 2675 imperator
2301 2608 2733 2669 commoratus,
2774 2620 2911 2660 cum
2957 2604 3101 2660 nihil
3153 2611 3495 2679 suppeteret

118 2719 243 2775 ροις
274 2695 540 2762 ἐνέϐαλεν),
573 2695 614 2747 εἰ
641 2697 712 2768 μὴ
755 2697 956 2766 χειμὼν
1007 2690 1300 2766 βαρύτατος
1329 2689 1510 2763 αῖφνης
1561 2689 1724 2744 ἐπεισ-

1841 2692 2167 2761 agendum,
2197 2692 2401 2748 omnia
2425 2695 2654 2763 Beroes,
2689 2692 2864 2759 viros,
2891 2695 3190 2762 mulieres,
3211 2695 3490 2768 infantes,

121 2793 301 2844 πεσὼν
331 2784 579 2838 ἐκώλυσεν
617 2783 774 2836 αὐτὸν
802 2791 895 2843 τῆς
918 2782 1051 2854 ὀρμῆ
1064 2801 1103 2843 ς’
1128 2779 1289 2838 πολλὴ
1320 2782 1424 2854 γὰρ
1443 2785 1578 2851 χιὼν
1605 2784 1724 2853 πρό·

1842 2781 2122 2853 pecudes,
2155 2779 2363 2850 boves,
2405 2785 2458 2836 et
2487 2781 2787 2854 quidquid
2813 2783 2946 2838 loco
2977 2785 3202 2840 moveri
3236 2789 3492 2857 poterat,

117 2886 222 2940 τῆς
240 2883 336 2948 γῆς
388 2878 446 2928 τὸ
498 2876 777 2947 πρόσωπον
806 2870 1124 2941 ἐπηλῦγασε,
1159 2874 1249 2922 καὶ
1277 2873 1336 2921 τὸ
1362 2868 1446 2920 ἐπὶ
1469 2869 1614 2932 ξένης
1641 2874 1724 2922 καὶ

1842 2869 2260 2942 depopulatus,
2290 2869 2744 2942 Adrianopolim
2773 2871 3003 2943 repetit,

117 2965 374 3038 πολεμίας
395 2963 744 3035 τὰῬωμαῖκὰ
771 2959 1032 3035 χρονίξειν
1087 2961 1453 3029 στρατεύματα
1482 2957 1540 3010 ού
1570 2958 1725 3020 καλὸς
1751 2954 1922 3010 ἐδόκει
1959 2965 2070 3020 τοῖς
2100 2957 2558 3029 ξυμϐουλεύουσιν.
2600 2958 2824 3031 Ἡμέρας
2857 2956 2944 3011 οὖν
2993 2961 3047 3022 ἐξ
3072 2959 3237 3013 ἐκεῖσε
3267 2958 3302 3012 δ
3307 2980 3490 3033 ιακαρ-

121 3058 354 3127 τερήσας
392 3054 419 3105 ὁ
449 3050 718 3124 βασιλεὺς,
749 3049 859 3102 ἐπεὶ
890 3050 1001 3121 ετχέ
1025 3068 1077 3100 τι
1106 3047 1274 3122 ἕτερον
1301 3043 1502 3122 δρᾶσαι
1532 3090 1544 3114 ,
1572 3046 1710 3100 λείαν
1739 3050 1805 3100 τὰ
1825 3052 2012 3122 Βερόης
2042 3047 2247 3099 ἅπαντα
2288 3049 2661 3119 ποιησάμενος,
2728 3044 2944 3120 ἄνδρας,
2976 3057 3247 3119 γυναῖκας,
3303 3055 3486 3117 νήπια,

123 3142 384 3218 πρόϐατα,
411 3139 544 3214 βόας
571 3145 662 3192 καὶ
694 3141 903 3212 σύμπαν
942 3137 1064 3190 ἄλλο
1088 3138 1346 3190 κινεῖσθαι
1385 3134 1690 3209 δυνάμενον,
1731 3135 1796 3196 εἰς
1812 3141 1904 3195 τὴν
1929 3131 2210 3209 Ἀδριανοῦ
2237 3140 2331 3194 τὴν
2361 3137 2695 3209 ὑποστρογὴν
2725 3135 3027 3195 ἐποιήσατο.

201 3230 300 3294 νζ.
337 3231 559 3285 Ἐκεῖθεν
589 3230 638 3264 ⁸⁸
678 3236 803 3301 γοῦν
855 3226 1212 3299 ἐπιλεξάμενος
1262 3224 1528 3297 ἀξιόλογον
1576 3227 1724 3297 στρά‹

1914 3229 2000 3280 57.
2036 3224 2240 3296 Ibique
2278 3223 2588 3280 recollecto
2617 3240 2739 3280 non
2767 3227 3208 3284 contemnendo
3233 3227 3494 3284 exercitu

123 3341 294 3394 τευμα
339 3325 457 3392 περὶ
513 3321 582 3373 τὰ
631 3317 680 3371 ἐν
731 3313 974 3389 Ἀχριδῷ
1042 3317 1267 3390 φρούρια
1330 3313 1610 3387 ἐπεπόμφει
1669 3316 1724 3366 τὰ

1843 3313 1921 3370 ad
1958 3312 2228 3368 Achridaa
2257 3313 2502 3385 oppida,
2535 3329 2670 3385 quae
2702 3314 2884 3386 paulo
2906 3320 3041 3371 ante
3071 3316 3494 3386 Bulgarisube-

124 3415 234 3484 πρὸ
289 3416 475 3484 μικροῦ
566 3414 676 3470 τοῖς
731 3406 1043 3479 Βουλγάροις
1095 3409 1472 3480 κεχειρωμένα,
1532 3407 1576 3456 εἴ
1625 3423 1724 3465 πως

1842 3406 2074 3474 gerant,
2107 3402 2155 3456 si
2179 3401 2325 3457 forte
2346 3418 2585 3458 rursum
2606 3402 2817 3459 ditioni
2851 3407 3256 3460 Romanorum
3287 3405 3496 3461 redde-

123 3467 221 3554 κάἱ
274 3467 418 3560 ἀῦθίς
471 3507 533 3558 τῆ
613 3505 712 3550 τῶν
766 3495 1028 3568 Ῥωμαίων
1075 3467 1360 3566 ύπαχθεῖεν
1427 3491 1592 3568 ἀρχῆ.
1655 3493 1724 3547 Ἐν

1840 3496 2064 3556 rentur,
2105 3492 2147 3560 1
2162 3492 2278 3562 20
2297 3492 2659 3548 transmittit.
2684 3493 2868 3548 Duces
2882 3494 3135 3549 Romani
3148 3511 3286 3550 cum
3308 3494 3494 3566 copiis

125 3589 310 3652 αὐτοῖς
332 3595 456 3661 γοῦν
485 3585 759 3660 ἀφιγμένοι
793 3589 888 3637 σύν
919 3592 1030 3646 τοῖς
1081 3586 1472 3656 στρατεύμασιν
1527 3584 1576 3634 οἱ
1634 3591 1724 3634 τῶι

1842 3579 2074 3636 advecti
2104 3580 2416 3635 tormentis
2445 3596 2514 3636 ac
2554 3581 2850 3636 machinis
2889 3581 3046 3636 facili
3093 3583 3330 3652 negotio
3360 3583 3496 3638 loca

121 3679 386 3752 Ῥωμαίων
441 3679 698 3749 ἡγήτορες
772 3678 1132 3747 μηχανήμασί
1226 3691 1281 3725 τε
1328 3677 1418 3724 καὶ
1475 3670 1724 3724 ἐλεπόλεσι

1844 3673 2206 3742 expugnant.
2230 3669 2460 3740 Bulgari
2474 3672 2630 3726 enim
2643 3671 2736 3726 vel
2751 3671 2879 3727 solo
2893 3671 3151 3727 hostium
3168 3679 3494 3746 conspectu

125 3772 258 3846 ῥᾷον
281 3777 376 3821 τῶν
439 3771 696 3841 φρουρίων
756 3766 1128 3837 περιεγένοντο·
1179 3764 1227 3814 οἱ
1292 3761 1579 3833 Βούλγαροι
1642 3764 1724 3813 καῖ

1843 3764 1899 3815 et
1933 3758 2285 3815 bellicarum
2341 3775 2538 3814 rerum
2571 3759 2872 3829 conﬂictu,
2936 3760 3165 3816 arcium
3223 3762 3494 3818 custodia

125 3861 236 3933 γὰρ
289 3859 462 3910 θᾶττον
505 3863 606 3908 τῶν
661 3853 708 3906 ἐν
759 3852 946 3905 ἄστεσι
1006 3851 1243 3924 φυλακῶν
1299 3848 1724 3920 ἀπαλλάττονται,

1839 3847 2127 3917 neglecta.
2161 3848 2366 3917 fugam
2407 3848 2718 3921 arripiunt.
2760 3851 2952 3915 Quare
2991 3865 3183 3922 parvo
3222 3855 3490 3922 tempore

132 3951 181 4004 εἰ
245 3947 512 4019 πολεμίους
559 3946 714 4020 ὁρῷεν
788 3947 880 3996 καὶ
939 3943 1334 4014 μαχιμωτέροις
1387 3938 1724 4012 συμπλακεῖεν

1840 3936 2153 4010 potissima
2184 3953 2440 4008 quaeque
2463 3953 2670 3992 eorum
2688 3943 2982 4010 occupata
2995 3943 3150 3994 sunt.
3170 3938 3492 4011 Imperator

135 4045 246 4098 τοῖς
271 4040 590 4108 πράγμασιν.
625 4032 706 4086 Ἐν
738 4031 798 4084 ού
843 4030 1013 4100 πολλῷ
1064 4036 1190 4102 γοῦν
1242 4031 1310 4082 τὰ
1357 4028 1515 4082 πλιίω
1567 4028 1724 4081 αὐτῶν

1840 4027 2016 4082 etiam
2048 4025 2231 4081 milite
2260 4026 2502 4098 proprio
2533 4032 2738 4082 coacto
2791 4027 2868 4082 ad
2920 4027 3226 4099 Rodopeia
3263 4028 3492 4100 oppida

141 4094 504 4200 ἐχειρωσαντο.
548 4121 703 4177 Ἀλλὰ
754 4126 844 4174 καὶ
902 4121 927 4172 ὁ
987 4117 1230 4192 βασιλεὺς
1273 4121 1360 4170 τὸν
1421 4122 1539 4192 περὶ
1579 4118 1724 4170 αὐτὸν

1842 4113 2098 4185 gradum
2136 4094 2291 4183 facit,
2334 4094 2604 4185 cepitque
2647 4113 2944 4170 machinis
2985 4094 3214 4170 adactis
3257 4094 3489 4170 Peristi-

147 4217 484 4290 συναθροίσας
498 4213 618 4266 λαόν
637 4210 720 4264 ἐπὶ
740 4213 806 4263 τὰ
823 4209 869 4262 ἐν
893 4205 1123 4267 Ῥοδόπη
1146 4207 1281 4267 ἆστη
1315 4214 1610 4283 κεχώρησε.
1634 4213 1724 4262 Kal

1843 4208 2016 4270 tzam,
2055 4207 2269 4276 postea
2305 4201 2772 4269 Stenimachum,
2815 4202 3062 4259 tandem
3103 4204 3488 4277 Crytzimum,

147 4306 246 4360 εἷλε
273 4289 355 4377 μὶν
391 4301 737 4376 Περιστίτζαν
772 4307 878 4360 τοῖς
905 4302 1286 4371 μηχανήμασι,
1344 4303 1434 4350 καὶ
1485 4297 1596 4370 μετ’
1644 4297 1724 4349 αύ-

1841 4289 2295 4365 propugnacula
2308 4291 2514 4346 omnia
2530 4291 2590 4346 in
2609 4290 2824 4347 faciem
2839 4291 3112 4364 Rodopes
3126 4294 3346 4349 montis
3360 4295 3490 4359 sita,

143 4396 244 4450 τὴν
269 4391 348 4441 τὸν
370 4391 704 4459 Στενίμαχον,
747 4388 836 4436 καὶ
885 4382 968 4436 ἐπὶ⁵
1015 4384 1220 4444 τούτοις
1274 4385 1360 4434 τὸν
1414 4382 1724 4456 ιζρυτςιμὸν1

1842 4397 1978 4454 quas
2038 4385 2194 4436 retro
2233 4380 2429 4452 posita
2467 4379 2826 4436 custodiunt.
2847 4384 3198 4453 Tzepzenam
3253 4399 3496 4456 quoque

149 4481 461 4554 ὀχυρώματα
523 4483 691 4528 ταῦτα
747 4476 917 4527 πάντα
964 4477 1054 4525 καὶ
1087 4471 1152 4533 εἰς
1205 4475 1480 4546 πρόσωπον
1529 4476 1724 4544 κείμενα

1843 4469 2143 4543 profectus
2165 4473 2250 4524 est
2297 4469 2426 4541 ipso
2475 4469 2675 4539 vigore
2697 4469 2930 4525 hiemis.
2966 4473 3180 4527 Verum
3208 4471 3501 4544 lociaspe-

147 4577 242 4622 τοῦ
287 4575 374 4629 τῆς
439 4562 691 4626 Ῥοδόπης
758 4562 910 4637 ὄρους
957 4566 1045 4614 καὶ
1095 4564 1161 4615 τὰ
1208 4560 1377 4614 ὀπίσω
1432 4563 1603 4612 πάντα
1641 4581 1724 4632 φυ-

1847 4561 1991 4616 ritas
2023 4575 2093 4615 ac
2132 4559 2410 4631 temporis
2443 4559 2604 4630 rigor
2632 4574 2828 4632 neque
2852 4559 3140 4615 minimum
3173 4561 3232 4616 in
3263 4578 3335 4618 ea
3368 4578 3499 4618 mo-

148 4660 405 4714 λάττοντα.
463 4655 702 4727 ’Λφίκετο
752 4649 810 4706 δὲ
864 4657 955 4705 καὶ
1008 4651 1082 4713 εἰς
1131 4652 1420 4712 Τζὲπαιναν
1487 4649 1535 4702 ἐν
1594 4648 1724 4722 atsz

1848 4650 1967 4706 rari
1981 4649 2292 4705 concessit.
2319 4649 2434 4705 Sed
2467 4649 2568 4705 ubi
2599 4666 2702 4704 ver
2727 4650 3068 4722 appetebat,
3097 4650 3174 4705 ad
3205 4654 3498 4722 Stratego-

151 4753 417 4820 χειμῶνος·
449 4747 479 4802 ἡ
506 4740 564 4797 δὲ
605 4750 698 4796 τοῦ
747 4746 909 4794 τόπου
965 4737 1252 4814 δυσχωρία
1297 4743 1384 4792 καὶ
1422 4741 1480 4791 τὸ
1526 4737 1724 4812 ψυχρὸῖ

1849 4739 2058 4813 pulum
2101 4739 2368 4795 Alexium
2411 4746 2466 4796 et
2506 4741 2960 4796 Constantinum
3013 4742 3339 4801 Torniccm,
3403 4742 3500 4796 cui

153 4843 246 4891 τοῦ
273 4842 445 4910 καιροῦ
465 4829 590 4886 ούδε
615 4836 800 4907 μικρόν
838 4849 889 4883 τι
939 4833 1107 4883 εἴασεν
1168 4828 1216 4882 ἐν
1263 4831 1425 4888 ταύτη
1473 4847 1724 4903 προσκαρ-

1850 4827 2053 4897 magni
2083 4827 2404 4900 primicerii
2461 4828 2814 4899 dignitatem
2889 4828 3214 4900 imperator
3237 4829 3498 4885 Joannes

155 4935 380 5001 τερῆσαι.
429 4924 568 4978 Ἐπεὶ
613 4919 674 4977 δε
733 4925 793 4975 τὸ
843 4923 932 4995 ἔαρ
997 4918 1304 4992 ἐπέλαμψεν,
1359 4920 1724 4992 προστάγματι

1851 4915 2203 4978 crediderat,
2233 4916 2399 4988 apud
2428 4918 2628 4974 Serras
2649 4917 2997 4973 exsistentes
3027 4921 3084 4972 et
3113 4920 3370 4973 exercitu
3396 4933 3508 4990 po;

156 5019 282 5093 πρὸς
339 5018 420 5068 τὸν
493 5009 951 5090 Στρατηγόπουλον
1033 5008 1262 5073 Ἀλίξιον
1334 5011 1426 5060 καὶ
1492 5011 1724 5083 Τορνίκηπ

1853 5010 2062 5074 tentes,
2095 5003 2522 5061 mandatorum
2559 5003 2830 5061 libellum
2885 5003 3067 5072 dedit,
3101 5009 3165 5062 ut
3208 5005 3271 5062 in
3311 5005 3509 5066 unum'

231 5212 276 5248 “
305 5209 346 5265 Ι)
374 5228 388 5268 :
419 5208 662 5292 ῐξάκείθεν
696 5205 1050 5292 ἐπιλεξάμενος
1073 5207 1372 5292 στράτευμα
1396 5209 1529 5292 ,περί
1547 5201 1962 5292 τακένξΑχρεδῷ
2012 5207 2234 5290 φρούρια
2268 5201 2634 5292 ,ἐπε-πόμφειτά
2662 5203 2986 5292 κρατηθέντα
3011 5203 3109 5292 ύπὸ
3141 5204 3445 5292 Βουλγάρων
3468 5207 3512 5258 εἴ

163 5305 266 5346 πως
298 5288 378 5336 καὶ
406 5278 549 5342 αὖθις
569 5289 628 5340 τῆ
671 5290 771 5333 τῶν
789 5261 1054 5352 Ῥωμαίων
1071 5261 1354 5352 ύτέαχθεέεν
1386 5261 1554 5351 ἀρχῆ.
1583 5261 1893 5352 ’βκξῖσίῖδῦν
1925 5261 2195 5352 ἀφιγμένοι
2233 5279 2281 5329 οἰ
2309 5286 2408 5352 τῶν
2432 5261 2704 5349 ῬωμαίωνΙ
2725 5279 2975 5350 ἡγήτορες
3017 5277 3162 5352 ῥᾷον-
3190 5261 3297 5352 rei
3343 5261 3510 5352 φρου-

164 5345 281 5432 ρίων
298 5359 630 5428 περιεγένοντο
660 5361 758 5404 τῶν
787 5345 1059 5406 πλείστων.
1085 5345 1229 5402 Ἐπεὶ
1295 5345 1354 5403 δὲ
1383 5345 1463 5432 τό
1481 5345 1569 5423 ἔαρ
1591 5346 1872 5430 ἐπελαμψε,
1901 5345 2288 5432 προστάγματα
2310 5350 2439 5432 ᾖκον
2469 5345 2599 5432 πρός
2637 5353 2738 5432 τόν·
2768 5345 3236 5425 ’Στρατηγόπουλον
3288 5345 3511 5432 Ἀλὲξιον

169 5415 215 5481 ἐν
243 5415 450 5502 Σέρῥαιςξ
481 5427 566 5477 ἶνα
594 5426 730 5476 κατά
756 5421 1048 5484 Τζεπαίνης
1079 5421 1370 5490 ἀφίκοιντο.
1409 5417 1477 5472 Ὀ
1495 5415 1583 5472 καὶ
1605 5415 1869 5478 ἐποίησαν.
1901 5415 2056 5502 Ἀλλὰ
2081 5415 2214 5491 μ’ἧτε
2243 5415 2689 5493 πολεμίοις’ἀξίοις
2719 5415 3084 5495 ἐγκύρσαντες,
3123 5424 3341 5502 κτύποις
3362 5421 3512 5502 ἢχων

169 5491 844 5574 κερατίνωνδιαθροηθέντες
877 5493 1116 5568 ἀκόσμως
1141 5492 1440 5567 ἐχρήσαντο
1466 5501 1527 5551 τῆ
1560 5491 1738 5563 ψυχὴ,
1770 5498 1944 5544 πᾶσαν
1985 5491 2282 5551 ἀποσκευὴν
2313 5491 2402 5545 καὶ
2449 5499 2568 5556 τοὺς
2593 5491 2802 5557 πλείους
2846 5491 2961 5546 ’τῶν
3036 5500 3146 5554 τοῖς
3201 5493 3515 5564 Βουλγάροις

174 5571 510 5631 ἀπολιπόντες.

585 5677 830 5731 Ρλτηοι.
857 5675 957 5729 Gn.
993 5674 1124 5730 CXL
3129 5673 3197 5725 36

3949 0 3983 420 φ

3999 1082 4001 1134 l

3999 1397 4011 1539 ὲ

4037 3453 4053 3550 ἑ

4029 3567 4053 3794 ἕ

4029 4003 4053 4260 1

4031 4269 4053 4320 ἕ

4031 4447 4053 4558 :3

4025 4565 4053 4624 ῖῖ

4031 4635 4053 4672 Ἰ

4029 4695 4053 4750 Ἀ

4035 4773 4053 4856 ἐ
