4084 6212
165 330 310 387 1133
1684 323 1778 380 ΑΝ

1922 327 2035 383 ιΕ8.
3398 337 3535 391 1134

167 453 479 517 λευσάμενος
511 455 605 509 τὴν
633 449 877 524 ἀρίστην,
910 451 979 510 ὡς
1026 445 1138 520 εἶχε
1163 450 1384 520 τάχους,
1448 446 1584 498 ἅπαν
1661 446 1773 510 ξυν-

1917 465 2187 515 mensus,
2223 453 2508 524 tantoque
2547 455 2808 512 exercitu
2833 457 3073 514 stataria
3103 461 3276 514 sueto
3301 472 3530 530 pugna,

170 547 430 616 αγηοχὼς
491 545 549 594 τὸ
606 535 960 614 στρατόπεδον
1024 534 1377 599 δωδεκαταῖος
1435 540 1522 598 τὰς
1587 536 1776 612 Σέῥρας

1924 538 2068 593 rmis
2105 539 2574 614 circumquaque
2595 546 2850 613 munito,
2875 547 3048 620 equis
3077 547 3364 604 onerariis
3395 563 3537 619 pro-

171 634 453 706 πέφθακεν,
494 630 544 685 ἐν
596 629 752 703 ὀλίγῳ
804 632 981 702 χρόνῳ
1024 630 1285 686 τοσαύτην
1334 623 1588 690 διανύσας
1652 625 1775 680 ὁδόν

1924 627 2032 693 iso,
2065 628 2230 684 omni
2248 629 2367 685 alio
2387 637 2684 704 apparatu
2707 639 2888 707 atque
2918 642 3135 693 ornatu
3164 636 3416 692 visendo
3443 635 3537 691 ﬁr-

172 727 267 775 καὶ
313 728 560 774 τοσοῦτον
641 717 948 790 ἐπαγόμενος
1034 719 1351 790 στράτευμα,
1447 724 1562 780 ταῖς
1643 719 1778 770 κατά

1923 722 2048 774 ιδ.ῐο
2108 718 2526 793 obvallatoque
2587 724 2931 796 instructus,
3002 727 3203 783 Serras
3243 726 3536 796 advenit;

177 807 419 869 συτάδην
467 810 757 881 εἰθισμένον
820 809 1044 880 μάχαις,
1155 806 1333 868 ὅπλοις
1414 809 1776 880 κατάφρακτον

1923 811 2061 880 tque
2087 807 2170 864 ibi
2189 825 2330 866 cum
2369 818 2795 883 pernoctasset,
2848 820 3088 887 postero
3143 816 3238 872 die
3296 832 3534 873 summo

173 905 267 954 καὶ
321 901 495 961 ἵπποις
575 901 927 973 φορταγωγοίς
1005 892 1360 968 διοικούμενον
1440 900 1530 948 καὶ
1583 898 1777 958 πάσαις

1924 912 2062 952 iane
2077 900 2386 956 recensitis
2400 901 2588 974 copiis
2608 903 2837 975 pedites
2857 920 2928 960 ac
2945 906 3306 976 sagitttarios
3329 906 3537 977 praeire

174 989 356 1050 ἄλλαις
408 987 726 1048 ἀποσκευαῖς
785 987 1228 1058 συγκροτούμενον
1287 989 1378 1039 καὶ
1435 988 1779 1060 περιφραγνύ-

1922 986 2075 1057 issit,
2111 1004 2247 1044 cum
2268 990 2595 1062 accepisset
2613 990 2922 1050 difﬁcilem
2945 995 3170 1066 Ropelii
3199 995 3535 1064 transitum,

176 1098 350 1152 μενον.
404 1077 546 1132 Ἐπεὶ
598 1072 659 1130 δὲ
723 1079 886 1148 μέχρι
939 1073 1131 1150 Σερῥῶν
1191 1080 1522 1140 κατηντήκει,
1593 1075 1777 1128 αύτόθι

1928 1090 1991 1130 er
2001 1091 2184 1147 quem
2199 1076 2427 1134 ﬂumen
2442 1080 2678 1154 Strymo
2692 1081 2932 1138 duobus
2945 1084 3220 1140 occlusus
3233 1083 3539 1140 montibus

179 1164 643 1242 διανυκτερεύσας,
682 1165 794 1238 ἅμα
851 1167 989 1239 πρωί
1045 1166 1109 1216 τὰ
1163 1167 1529 1238 στρατεύματα
1593 1183 1776 1218 συντα-

1922 1163 2248 1235 raeterﬂuit,
2279 1165 2430 1223 adeo
2453 1172 2517 1224 ut
2546 1168 2642 1225 vix
2665 1185 2772 1242 per
2795 1171 2957 1227 viam
2978 1188 3186 1228 currus
3213 1172 3535 1245 praeterire,

178 1256 394 1330 ξάμενος
440 1259 530 1308 καὶ
605 1258 726 1318 τούς
780 1253 1118 1327 πεξαιτερους
1173 1258 1262 1306 καὶ
1340 1254 1648 1329 τοξοφόρους
1695 1256 1780 1327 έμ-

1922 1254 2132 1310 .umine
2160 1256 2474 1312 transitum
2493 1273 2680 1330 quam
2703 1261 3200 1330 angustissimum
3225 1260 3535 1330 efﬁciente,

177 1348 408 1422 πρόσθεν
467 1343 663 1418 βαίνειν
734 1343 1184 1416 ἐγκελευσάμενος,
1262 1342 1465 1416 ἐπείπερ
1519 1343 1779 1396 ἐπέπυστο

1924 1341 2140 1415 ieoque
2149 1385 2166 1414 ,
2178 1342 2371 1399 locum
2387 1348 2424 1402 C
2435 1345 2649 1402 lisuras
2664 1348 2876 1420 vulgus
2889 1350 3274 1422 appellavit,a
3289 1350 3537 1421 Bulgaro

177 1439 278 1494 τὴν
333 1443 426 1488 τοῦ
472 1432 731 1486 Ῥοπελίου
776 1428 1108 1507 δυσχωρίαν,
1177 1433 1294 1484 καθ’
1351 1435 1414 1490 ἤν
1479 1433 1504 1484 6
1551 1435 1781 1504 ποταμός

1927 1431 2090 1499 milite,
2122 1433 2421 1506 equitibus
2446 1437 2616 1508 123
2636 1439 2882 1510 quidem
2905 1440 3306 1510 haudmultis,
3333 1441 3540 1513 pediti-

179 1529 426 1599 Στρυμὼν
472 1523 552 1599 ῥεῖ
627 1519 757 1576 δυσὶ
842 1521 1232 1594 συγκλειόμενος
1277 1525 1448 1596 ὄρεσιν
1505 1522 1573 1583 ὡς
1625 1525 1780 1594 μόγις

1924 1537 2000 1575 ιυε
2013 1519 2302 1592 plurimis,
2327 1525 2629 1582 custodiri.
2654 1526 2893 1596 Bulgari
2917 1531 3076 1584 enim
3102 1529 3254 1600 palis
3273 1529 3537 1602 lorisque

175 1614 386 1688 ἄμαξαν
409 1610 502 1669 διά
532 1615 728 1674 ταύτης
758 1613 1030 1685 ἔρχεσθαι,
1081 1618 1173 1664 τοῦ
1227 1618 1465 1684 ποταμοῦ
1516 1612 1779 1664 στενωτά-

1931 1610 2277 1666 raemunitas
2302 1611 2458 1668 fores
2489 1614 2545 1670 iu
2569 1614 2684 1670 illis
2704 1622 3084 1688 aperuerant,
3114 1623 3178 1673 ut
3205 1619 3543 1690 expugnari

174 1723 277 1763 την
312 1702 731 1778 ἀπεργαζομένου
751 1705 847 1759 τήν
894 1697 1077 1753 δίοδον
1124 1699 1452 1774 (κλεισούρας
1499 1703 1617 1760 τούς
1670 1718 1779 1752 τοι-

1933 1698 2131 1754 uidem
2157 1705 2213 1756 et
2249 1701 2596 1759 difﬁcultate
2613 1703 2728 1760 loci
2757 1710 2813 1761 et
2843 1722 2950 1777 per
2970 1706 3133 1778 ipsos
3157 1723 3230 1762 ex
3255 1711 3379 1763 arte
3409 1707 3546 1763 reli.

177 1795 370 1854 ούτους
415 1797 605 1852 τόπους
643 1792 672 1844 ό
718 1789 872 1850 πολὺς
919 1789 1260 1862 κατονομάζει
1314 1788 1479 1860 λαός),
1557 1787 1779 1860 Βουλγα-

1935 1804 2011 1844 ua
2037 1789 2368 1845 munitione
2389 1790 2666 1848 absoluta
2689 1793 2937 1850 minime
2976 1801 3195 1868 posset.
3229 1799 3349 1852 Hoc
3371 1797 3453 1852 ita
3483 1811 3546 1853 se

173 1889 304 1957 ρικῆ
335 1879 686 1954 φυλάττεσθαι
721 1884 945 1954 στρατιᾴ
983 1880 1175 1930 ἱππέων
1205 1879 1296 1950 μεν
1338 1876 1521 1949 ὀλίγων
1555 1875 1634 1950 [Ρ.
1667 1876 1778 1948 63].

1936 1876 2111 1934 abere
2133 1877 2235 1934 ubi
2247 1880 2838 1955 rescivitimperator,
2864 1884 2971 1940 iter
2991 1885 3068 1940 ad
3096 1884 3298 1941 locum
3327 1887 3549 1944 accele-

178 1971 352 2032 πεζῶν
392 1967 452 2023 δε
509 1969 706 2022 πολλῶν
755 1969 827 2040 (οἱ
875 1971 974 2042 γὰρ
1033 1967 1318 2039 Βούλγαροι
1368 1971 1458 2020 καὶ
1513 1966 1678 2028 πύλας
1735 1964 1783 2018 ἐν

1931 1967 2058 2035 avit,
2086 1972 2144 2023 et
2167 1984 2292 2024 rem
2314 1985 2516 2026 veram
2545 1987 2674 2028 esse
2694 1988 2883 2044 quam
2903 1974 3213 2030 audiverat
3234 1976 3544 2046 comperit.

179 2059 369 2120 αὐταῖς
414 2060 802 2111 κατεσκεύασαν
855 2055 1080 2129 μοχλοῖς
1133 2060 1223 2108 καὶ
1303 2055 1558 2129 κλείθροις
1613 2057 1784 2128 ἠσφα-
1892 2056 3186 2133 Εχρθᾱὶιθωίῐειᾳυθθχθτοὶιυ,ᾳυωευίᾘοθιιθ
3203 2063 3538 2136 videbatur,

178 2149 453 2222 λισμένας,
497 2150 566 2210 ὡς
623 2145 815 2220 ἄμαχα
874 2149 1075 2208 τούτοις
1149 2145 1202 2210 ἐξ
1243 2143 1542 2219 ἀμφοτέρων
1583 2145 1788 2216 τυγχά-

1938 2146 2196 2202 shortem
2213 2155 2554 2220 separatam
2569 2166 2752 2222 supra
2765 2150 3155 2222 Bulgarorum
3169 2153 3365 2225 capita
3378 2169 3551 2210 mon-

181 2258 308 2305 νειν,
337 2247 432 2300 τῆς
459 2257 513 2290 τε
543 2233 830 2299 δυσκολίας
872 2244 962 2290 τοῦ
1023 2240 1184 2290 τόπου
1239 2240 1329 2288 καὶ
1380 2243 1472 2296 τῆς
1519 2239 1790 2307 γεγενημέ-

1938 2251 2013 2290 ιω
2053 2237 2372 2293 ascendere
2412 2239 2710 2312 praecepit,
2748 2245 2810 2297 ut
2846 2257 2883 2297 a
2907 2241 3316 2313 superioribus
3342 2259 3413 2298 ac
3440 2259 3551 2316 op-

181 2349 278 2392 νης
305 2329 428 2406 παρ’
459 2328 624 2381 αὐτῶν
663 2329 984 2403 προμηθείας
1035 2336 1132 2390 τῆς
1179 2327 1366 2390 λοιπῆς
1423 2325 1783 2402 ὀχυρῶσεως),

1940 2325 2343 2381 ortunioribus
2358 2326 2504 2382 locis
2523 2327 2880 2398 Bulgarosin
2893 2330 3316 2386 humilioribus
3342 2347 3553 2404 repen-

186 2418 301 2472 ἐπεὶ
376 2426 542 2471 ταῦτα
614 2417 777 2480 οὕτως
857 2419 998 2490 εχειν
1069 2416 1382 2490 ἐμεμαθήκει
1431 2418 1458 2469 ό
1515 2414 1786 2490 βασιλεύς,

1936 2429 1983 2468 as
2008 2411 2266 2470 ferirent.
2291 2416 2453 2471 Dicto
2494 2417 2666 2472 citius
2723 2417 3014 2474 audiunt:
3046 2435 3312 2491 namque
3371 2437 3549 2478 mons

192 2503 404 2568 σπουδῆ
438 2506 522 2560 ἐπὶ
542 2510 627 2560 τόν
665 2505 831 2560 ἐκεῖσε
860 2511 1014 2560 τόπον
1047 2505 1252 2580 ἀφῖκτο.
1304 2503 1434 2582 Εὗρε
1487 2502 1547 2558 δὲ
1600 2507 1669 2558 τὰ
1742 2503 1790 2556 ἐν

1937 2500 1991 2557 le
2013 2501 2422 2575 frequentibus
2437 2505 2756 2563 arboribus
2779 2508 3046 2564 consitus
3063 2509 3224 2564 viam
3245 2509 3549 2581 peditibus

192 2597 337 2668 αύτῷ
399 2598 628 2672 καθάπερ
684 2595 964 2651 ἐπέπυστο.
1025 2595 1322 2668 Ἀποκόψας
1372 2593 1460 2648 οὖν
1533 2603 1628 2657 τῆς
1691 2601 1792 2647 τῶν

1941 2591 2220 2648 ternebat.
2241 2591 2548 2666 Equitibus
2559 2595 2881 2652 adversum
2897 2602 3099 2670 portas
3119 2614 3388 2670 pugnam
3413 2614 3554 2654 con-

193 2685 514 2760 πεζαιτέρων
557 2691 804 2758 στρατιᾶς
841 2689 962 2736 ὅσον
1007 2681 1069 2744 ἦν
1135 2685 1272 2748 εἰκὸς
1320 2687 1617 2757 σύνταγμα,
1664 2684 1792 2758 ύπερ

1940 2696 2096 2738 erere
2119 2681 2390 2738 mandat.
2412 2685 2627 2740 Verum
2651 2685 2755 2741 ubi
2778 2685 3012 2757 Bulgari
3033 2703 3106 2744 ex
3137 2686 3376 2744 collium
3405 2687 3553 2744 emi-

192 2773 423 2846 κεφαλῆς
447 2781 545 2826 τῶν
576 2773 878 2848 Βουλγάρων
926 2770 1171 2847 βαδίζειν
1217 2775 1287 2837 εἰς
1338 2777 1398 2827 τό
1464 2778 1583 2849 ὅρος
1629 2789 1795 2846 προσ-

1945 2770 2154 2827 entiori
2174 2771 2324 2829 facie
2347 2771 2578 2846 spicula
2599 2773 2746 2831 mitti
2766 2779 2947 2848 atque
2969 2777 3218 2844 stataria
3247 2793 3454 2848 pugna
3483 2793 3558 2834 ex

189 2866 437 2935 τέταχεν,
470 2863 538 2924 ὡς
568 2864 629 2914 οἶν
681 2863 735 2926 ἐξ
777 2860 1092 2936 ὑπερδεξίων
1140 2867 1256 2924 τοὺς
1288 2863 1613 2937 Βουλγάρους
1670 2858 1797 2934 βάλ-

1946 2860 2151 2916 dverso
2179 2861 2374 2931 urgeri
2409 2879 2540 2920 sese
2565 2863 3044 2936 deprehendunt,
3073 2882 3290 2937 resque
3325 2881 3468 2920 suas
3498 2868 3559 2922 in

190 2953 356 3006 λωσιν
394 2952 446 3015 ἐξ
483 2951 813 3025 ὑψηλοτέρων
859 2961 958 3005 τῶν
1010 2957 1178 3006 τόπων
1235 2953 1283 3006 ἐν
1336 2961 1442 3015 τοῖς
1497 2951 1797 3026 χθαμαλοῖς

1950 2952 2170 3004 είτθωίι
2185 2947 2424 3005 fortuna
2436 2950 2758 3008 collocatas
2773 2953 3170 3025 conspiciunt,
3185 2953 3246 3009 in
3259 2953 3469 3023 fugam
3499 2968 3563 3009 se

195 3041 419 3105 ἐκείνους
439 3043 819 3113 τυγχάνοντας.
842 3044 909 3094 Οἱ
939 3037 998 3095 δὲ
1039 3044 1224 3095 θᾶττον
1249 3041 1452 3096 ἐποίουν
1503 3045 1569 3094 τὰ
1634 3057 1797 3114 προσ-

1950 3037 2156 3094 edunt.
2179 3039 2577 3110 Imperatoriae
2589 3039 3161 3098 cohortesinsecutae
3189 3041 3561 3114 quampluri-

191 3136 503 3204 ταττόμενα·
533 3127 595 3189 ἦν
645 3133 744 3204 γὰρ
786 3133 844 3184 τὸ
887 3133 1001 3205 ὅρος
1053 3127 1291 3205 δένδροις
1346 3135 1436 3204 μεν
1496 3132 1795 3203 συνηρεφὲς,

1952 3142 2040 3182 nos
2070 3125 2575 3184 contrucidarunt.
2596 3128 2823 3202 Reliqui
2845 3145 3026 3184 cursu
3051 3129 3112 3184 in
3141 3129 3401 3185 tentoriis
3432 3128 3565 3184 Bul-

197 3219 434 3296 βάσιμον
489 3217 548 3274 δε
600 3225 728 3274 ποσί
763 3220 1099 3294 πεξαιτέρων.
1173 3219 1409 3275 Ἱππεῦσι
1475 3217 1534 3274 δε
1575 3219 1798 3272 κατευθύ

1950 3215 2122 3270 aricis
2153 3215 2327 3271 saluti
2365 3220 2702 3285 consulere,
2735 3217 3112 3290 imperatoris
3141 3234 3236 3275 res
3262 3222 3459 3288 gestas
3504 3221 3563 3276 et

191 3319 300 3364 τῶν
323 3310 496 3364 πυλῶν
544 3315 640 3370 τήν
692 3312 876 3383 μάχην
935 3317 1099 3363 ποιεῖν
1156 3309 1432 3365 ἐκέλευσεν.
1489 3310 1632 3362 Ἐπεί
1673 3314 1799 3379 γοῦν

1954 3321 2044 3360 uae
2065 3304 2176 3376 ipsi
2205 3304 2368 3376 passi
2397 3305 2645 3361 fuissent
2672 3308 3006 3364 enuntiare.
3061 3308 3173 3374 Qui
3229 3307 3562 3380 improviso

194 3397 442 3454 κατεῖδον
491 3401 540 3454 οἱ
594 3399 882 3475 Βούλγαροι
941 3401 1131 3453 ἄνωθεν
1178 3402 1272 3473 μεν
1315 3398 1372 3453 ἐκ
1442 3407 1543 3451 τῶν
1602 3396 1800 3472 βουνῶν

1955 3391 2118 3447 untio
2130 3397 2186 3447 et
2197 3392 2519 3464 repentinis
2533 3393 2978 3450 calamitatibus
2996 3393 3444 3463 conturbati,uti
3459 3412 3562 3468 po-

195 3491 400 3552 ὁῐστοῖς
448 3489 662 3552 ἐαυτούς
711 3487 1080 3562 βαλλομένους,
1139 3485 1421 3542 σταδιαίαν
1479 3492 1575 3547 τὴν
1618 3489 1802 3560 μάχην

1949 3485 2058 3536 erat
2081 3480 2350 3552 quilibet,
2379 3481 2440 3537 in
2461 3481 2732 3538 oblatum
2755 3483 2867 3539 sibi
2897 3499 3122 3557 equum
3151 3483 3562 3540 conscendens

193 3583 540 3652 κατημένους
591 3583 940 3643 κατεναντίον,
1018 3597 1109 3631 και
1164 3577 1214 3631 έν
1278 3586 1438 3649 στενῷ
1492 3573 1687 3650 κομιδῆ
1737 3578 1806 3630 τὰ

1949 3570 2060 3640 igit
2085 3589 2097 3640 ;
2131 3576 2187 3626 et
2206 3586 2346 3626 cum
2362 3570 2518 3641 fugai
2545 3576 2812 3644 tempore
2840 3573 2987 3629 luna
3014 3572 3231 3635 sileret.
3252 3573 3421 3630 locus
3444 3573 3562 3630 dif-

194 3669 324 3724 καθ’
394 3668 580 3730 αὐτοὺς
636 3669 952 3744 καθορῶντες
1011 3667 1082 3730 είς
1150 3671 1318 3741 φυγήν
1365 3666 1665 3740 ἐτράποντο,
1715 3686 1805 3719 και

1957 3659 2100 3726 cilis,
2114 3675 2224 3715 nec
2237 3659 2345 3714 vim
2357 3661 2622 3716 essentin
2635 3666 2941 3735 promptu,
2973 3664 3016 3733 1
3031 3661 3148 3736 24
3165 3663 3264 3720 alii
3279 3663 3450 3738 equis
3465 3663 3565 3719 de-

194 3762 266 3813 τὸ
322 3757 599 3833 βασιλικὸν
662 3758 836 3819 αὐτοῖς
911 3756 1142 3830 ἐφείπετο
1212 3758 1526 3830 στράτευμα.
1585 3754 1807 3816 Πολλοὺς

1952 3749 2126 3816 idere,
2156 3747 2255 3804 alii
2285 3748 2652 3821 eospedibus
2673 3751 3054 3808 conculcatos
3083 3752 3442 3819 interimere,
3466 3751 3565 3809 alii

193 3844 296 3902 νύν
348 3847 533 3903 ἐκεῖθεν
597 3849 801 3909 σπάθης
857 3849 1008 3921 ἔργον
1064 3850 1392 3905 πεποίηνται.
1446 3848 1512 3898 Oi
1538 3841 1598 3899 δε
1662 3844 1806 3898 ἄλλοι

1959 3837 2118 3907 sagis
2131 3853 2236 3911 per
2248 3837 2574 3910 praecipitia
2589 3838 2894 3911 ejaculari,
2919 3839 3018 3897 alii
3035 3841 3154 3897 alio
3183 3841 3346 3898 malo
3380 3842 3563 3899 vitam

196 3941 376 4014 μέχρι
430 3957 522 3990 και
569 3945 670 3990 τῶν
726 3936 1084 4010 Βουλγαρικῶν
1141 3937 1538 4010 στρατευμάτων
1609 3931 1645 3988 δ
1651 3953 1807 3988 ιασω-

1954 3926 2132 3981 ςιὶεθτθ
2156 3926 2442 3996 amittere,
2486 3926 2638 3983 adeo
2671 3944 2748 3982 ux
2769 3927 2879 3983 illis
2909 3930 3087 4001 pauci
3121 3929 3457 3986 incolumes
3488 3929 3567 3986 ad

203 4029 380 4090 Θέντες
439 4023 765 4100 ἀπέδρασαν,
823 4045 914 4079 και
975 4027 1043 4079 τὰ
1096 4029 1216 4100 περί
1255 4031 1348 4077 τοῦ
1401 4021 1661 4097 βασιλέως
1698 4025 1814 4076 τού-

1966 4017 2204 4086 u'garos
2225 4016 2478 4086 regressi
2505 4014 2737 4072 fuerint.
2758 4018 2862 4073 Per
2886 4017 2948 4072 id
2979 4018 3158 4074 etiam
3175 4023 3412 4092 tempus
3433 4021 3573 4074 Dra-

196 4137 320 4180 τοις
362 4114 703 4188 ἀπήγγειλαν,
735 4119 825 4168 καί
853 4116 957 4169 ὅσα
983 4110 1053 4174 δὴ
1087 4114 1479 4168 ἐπεπόνθεισαν.
1520 4115 1588 4166 Οἳ
1639 4110 1698 4168 δὲ
1741 4121 1809 4184 τῷ

1961 4108 2090 4160 otas
2112 4103 2503 4174 Bulgarorum
2521 4104 2753 4174 ductor,
2769 4105 3117 4162 defectionis
3137 4112 3366 4178 auctor,
3390 4123 3573 4180 equo-

203 4205 386 4281 ἁθρόῳ
444 4201 890 4281 διαταραχθέντες
979 4211 1077 4266 τῆς
1115 4201 1295 4271 ἀκοῆς,
1356 4222 1446 4254 και
1524 4203 1592 4266 ὡς
1639 4205 1816 4275 αῖφνης

1962 4210 2056 4248 um
2084 4193 2337 4266 pedibus
2351 4210 2568 4266 corpus
2582 4198 2773 4251 totum
2791 4195 3152 4253 dilaceratus
3164 4195 3334 4253 tertio
3346 4196 3442 4252 die
3459 4195 3575 4254 leto

203 4295 394 4356 αὐτοῖς
450 4293 830 4348 ἐπεισπέπτωκε
898 4295 966 4346 τὰ
1017 4289 1183 4355 δεινὰ,
1238 4294 1482 4358 ἕκαστος,
1531 4294 1601 4354 ὡς
1654 4290 1816 4364 εἶχεν,

1965 4283 2078 4340 ιειΙο
2091 4285 2718 4357 emoritur.lmperator
2730 4303 2801 4343 ea
2814 4288 3062 4344 noctein
3075 4287 3364 4361 oppidum
3378 4287 3578 4360 appel-

205 4379 378 4429 ἵππου
434 4382 528 4427 τοῦ
599 4373 948 4448 ἐφευρεθέντος
1006 4372 1148 4443 αύτῷ
1203 4368 1403 4444 σχεδὸν
1451 4371 1652 4436 ἐπιϐὰς,
1701 4375 1818 4445 φεύ-

1966 4391 2052 4430 :ns
2073 4375 2350 4430 custodes
2371 4374 2714 4447 alloquitur,
2737 4376 2842 4448 qui
2864 4393 3002 4432 eum
3024 4376 3413 4434 libentissime
3429 4377 3579 4434 exci-

200 4485 322 4540 7uv
364 4467 639 4540 ὥρμησαν,
701 4464 841 4517 Ἐπεί
890 4459 950 4518 δε
1000 4482 1091 4515 και
1136 4462 1230 4525 νύξ
1280 4463 1518 4537 ὑπῆρχεν
1573 4460 1813 4524 ἀσέληνος

1972 4461 2233 4532 ere,dein
2245 4462 2463 4535 plausu
2478 4468 2534 4519 et
2545 4463 3080 4521 acclamationibus
3092 4465 3416 4538 ingenique
3434 4482 3582 4538 pra:-

201 4554 337 4608 καθ’
377 4553 436 4613 ἣν
467 4555 496 4612 ἡ
531 4558 692 4626 φυγὴ,
719 4573 809 4606 και
858 4548 1128 4627 δυσχερὴς
1184 4551 1209 4603 ὀ
1262 4554 1414 4612 τόπος
1461 4571 1552 4603 και
1609 4553 1675 4604 τὰ
1716 4559 1814 4604 τῶν

1966 4551 2104 4607 onio
2143 4551 2520 4608 consalutare
2551 4557 2609 4607 et
2631 4551 2882 4609 celerem
2907 4554 3173 4627 aquilam
3198 4553 3579 4628 compellare.

205 4639 357 4698 ὁδῶν
414 4639 850 4714 δυσδιάγνωστα,
898 4644 1110 4694 ἔπιπτον
1187 4643 1278 4715 μεν
1337 4639 1390 4704 ἐξ
1438 4661 1605 4693 ιππων
1674 4643 1817 4709 ἔνιοι,
1842 4642 2003 4716 ἕτεροι
2035 4636 2094 4692 δέ
2127 4639 2314 4702 αύτούς
2343 4643 2664 4694 κατεπάτουν
2721 4647 2811 4695 καὶ
2863 4645 3119 4716 ἔφθειραν,
3183 4664 3272 4696 και
3321 4643 3462 4694 άλλοι
3492 4646 3582 4714 μεν

204 4741 322 4788 τῶν
347 4728 663 4805 ἐφεστρίδων
685 4727 1156 4805 ἀπεσφενδονούντο
1181 4733 1317 4783 κατά
1352 4737 1595 4803 κρημνῷν
1619 4729 1764 4782 ἄλλοι
1797 4726 1854 4783 δε
1884 4728 2046 4790 ἄλλως
2073 4728 2210 4790 τέλος
2244 4725 2502 4787 δύστηνον
2560 4729 2940 4803 ἀπελάμϐανον,
3007 4735 3072 4792 ὡς
3099 4731 3306 4803 ὀλίγους
3335 4732 3388 4793 ἐξ
3413 4731 3581 4783 αὐτῶν

209 4819 575 4882 διασωθέντας
604 4820 653 4884 ἐς
681 4826 775 4880 τὴν
806 4820 1111 4895 Βουλγάρων
1148 4827 1422 4895 χωρῆσαι.
1453 4824 1580 4872 Τότε
1605 4814 1672 4878 δὴ
1724 4839 1814 4872 και
1870 4818 2249 4892 προϊστάμενος
2305 4817 2472 4870 αὐτῶν
2529 4825 2799 4891 Δραγωτᾶς
2851 4821 2876 4872 ό
2933 4821 3241 4893 πρεξάρχων
3289 4827 3381 4880 τῆς
3428 4817 3584 4870 ἀπισ·

209 4917 340 4974 τίας
370 4911 538 4964 ἶππων
562 4915 718 4964 ποσίν
743 4917 880 4964 ἁπαν
913 4914 972 4964 τό
1004 4918 1156 4984 σῶμα
1195 4908 1591 4978 συντέθλασται,
1623 4928 1712 4960 και
1739 4915 1971 4984 τριταῖος
2000 4911 2094 4965 τὴν
2118 4905 2277 4958 αύτου
2307 4905 2494 4978 ψυχὴν
2521 4907 2854 4979 ἐξεφύσησεν.
2881 4907 2940 4960 ⁸0
2967 4911 3057 4980 μὲν
3091 4908 3178 4959 οὖν
3212 4906 3464 4980 βασιλεὺς
3491 4915 3587 4968 τῆς

210 5004 409 5063 νυκτὸς
437 5001 633 5064 ἐκείνης
661 5003 720 5054 τό
741 5002 878 5054 ἄστυ
905 4998 1207 5053 καταλαϐὼν
1237 5006 1342 5060 τοῖς
1367 4998 1532 5052 ἐκεῖσε
1553 4997 1869 5072 φυλάττουσι
1892 4995 2238 5069 ξυνωμίλησε,
2271 4996 2498 5048 κάκεῖνοι
2529 4995 2806 5058 ἀσπασίως
2835 5015 2888 5049 τε
2917 4999 3002 5048 τὸν
3051 4995 3412 5071 αὐτοκράτορα
3463 4998 3584 5050 ύπε-

217 5087 441 5156 δέξαντο
478 5110 568 5144 και
594 5094 794 5168 κρότοις
821 5089 1038 5150 ἐπηνουν
1067 5109 1158 5143 και
1182 5087 1424 5163 εὐφήμοις
1450 5086 1623 5160 λόγοις
1657 5083 1928 5140 ἐκύδαινω
1954 5106 2043 5140 και
2077 5083 2220 5139 ἀετόν
2251 5089 2420 5158 ταχύν
2449 5084 2832 5159 κατωνόμοζον,

295 5319 393 5380 νϐ’.
415 5324 494 5380 Τὰ
529 5322 761 5395 ἐκεῖσεξδθ
787 5319 896 5394 οὖν,
930 5325 1000 5386 ὡς
1053 5319 1114 5383 ἦν
1166 5321 1324 5391 εἰκός,
1345 5320 1696 5396 οἰκονομήσας
1722 5321 1750 5374 6

1982 5322 2024 5379 ἓ.
2055 5318 2254 5378 Rebus
2282 5318 2508 5394 itaque,
2551 5317 2636 5376 uti
2671 5333 2786 5392 par
2821 5321 2968 5390 erat,
3001 5317 3306 5394 dispositis
3335 5320 3595 5396 impera-

297 5531 353 5568 ⁷⁸
431 5531 532 5587 D:
604 5536 706 5584 Kau
779 5527 984 5604 ἀπάρας
1057 5528 1244 5584 ἐκεῖθεν
1316 5528 1386 5591 εἰς
1480 5523 1873 5604 Θεσσαλονίκην
1953 5523 2184 5599 ἀφίκετο.
2255 5527 2506 5604 Fauste}?
2583 5527 2669 5578 τὸν
2719 5521 3041 5604 ’Βαρδάριον
3118 5522 3454 5604 διαπεράσας
3510 5526 3597 5576 καὶ

217 5603 294 5657 τὰ
347 5597 554 5660 Βοδηνά
589 5621 732 5679 παρα
767 5594 959 5676 μείιράς
987 5607 1204 5660 ἐνόσησε
1240 5619 1448 5673 νόσημα
1487 5594 1719 5679 ἐδριαόν.
1778 5594 2198 5679 Διακαρτερηρσας
2243 5594 2294 5650 δ’
2338 5598 2524 5679 ἐκεῖθεν
2580 5594 3058 5679 μικρὸυ.περί’.τόν
3112 5594 3373 5679 [Latiar-trav
3419 5599 3596 5679 ὧρμη·

224 5694 343 5732 σεν.
413 5665 673 5729 Ἐκεῑθεν’
709 5665 782 5738 εἰς
840 5665 1052 5728 Εελεσόν
1117 5673 1324 5748 ἐχώρει,
1373 5665 1483 5725 ’και
1543 5665 1656 5744 ἅμα
1718 5678 1758 5742 ᾧ
1823 5665 2041 5744 φθὰόαί
2085 5669 2248 5723 ἐκεῖσε
2312 5671 2362 5722 οἱ
2426 5665 2893 5741 φύλακες’τούτου
2946 5671 3128 5745 ὅρκους
3158 5665 3424 5730 ’λαϐόντες
3461 5665 3596 5729 ⁷ἐξήιε
