4084 6212
228 342 370 399 H37

1745 333 2091 395 ANNALES.

3462 338 3598 395 U38

223 486 319 520 νου
342 472 407 529 τῆ
417 486 439 528 ς
469 462 740 543 Ἀχριδοῦ
787 470 878 521 καὶ
905 465 1225 540 καλουμένου
1291 465 1523 537 Ιιὰτμον,
1549 460 1576 515 ὃ
1604 464 1696 515 καὶ
1748 459 1818 514 εύ·

1944 474 2143 517 cursu.
2171 458 2520 533 Imperator,
2551 456 2718 532 quod
2755 473 2879 516 non
2908 454 3149 527 horum,
3172 457 3344 517 sicuti
3359 461 3604 526 caeteros-

224 564 400 630 χερῶς
438 557 574 609 πὰνν
632 557 658 609 6
710 556 1142 633 Φιλανθρωπηνός
1191 553 1415 619 Ἀλέξιος
1469 551 1596 607 εἷλεν
1633 552 1659 603 6
1709 552 1832 605 Δού-

226 665 347 714 κας,
415 644 767 718 καταλειφθεὶς
814 650 944 723 πρὸς
989 654 1080 700 τοῦ
1155 643 1415 719 βασιλέως
1469 642 1541 703 εἰς
1600 639 1833 714 φυλακὴν

225 740 331 788 τῶν
359 733 411 786 έν
466 730 716 809 Δγριδῷ,
765 739 855 788 καὶ
894 736 1099 798 ἄστεως
1154 733 1309 787 ἄλλον
1364 732 1661 795 Τζεπαίνης
1711 730 1835 783 ὠνο-

225 827 522 898 μασμένον,
558 823 673 877 λίαν
739 827 1093 898 τυγχάνοντος
1147 824 1344 900 ἐχυροῦ
1395 826 1484 875 καὶ
1556 824 1677 895 περὶ
1737 823 1832 879 τὴν

225 911 490 986 ξυμϐολὴν
520 912 784 977 τελοῦντος
821 923 922 967 τῶν
972 910 1071 968 δύο
1128 918 1388 988 μεγίστων
1431 910 1582 987 ὀρῶν,
1643 916 1737 962 τοῦ
1777 928 1833 962 τε

226 1005 397 1076 Δίμου
464 1007 556 1057 καὶ
615 1011 712 1066 τῆς
743 1001 1019 1073 Ῥοδόπης,
1074 1003 1191 1057 καθ’
1239 1004 1306 1055 ὧν
1373 1006 1532 1075 μέσον
1579 1002 1605 1052 ὁ
1647 997 1832 1073 Ἕϐρος

220 1092 304 1169 ῥεῖ
370 1096 622 1167 ποταμὸς,
676 1093 727 1147 ἄν
776 1092 929 1167 δεινῷ
978 1097 1069 1168 μὶν
1145 1094 1363 1148 ἐποιεῖτο
1419 1094 1446 1144 ό
1496 1091 1830 1164 αὐτοκράτωρ

223 1183 308 1236 ὅτι
337 1186 411 1255 μὴ
443 1186 535 1235 καὶ
581 1182 751 1236 αὐτῶν
809 1186 879 1246 ὡς
942 1192 1043 1236 τῶν
1094 1183 1277 1257 ἑτέρων
1353 1181 1654 1255 ἐκρὰτησεν,
1723 1175 1830 1231 ἀλλ’

222 1271 301 1325 ἔτι
338 1279 436 1335 τῇς
469 1275 656 1347 χειρὸς
694 1272 857 1327 αύτοῦ
898 1271 986 1349 [Ρ.
1026 1271 1121 1346 65]
1188 1276 1406 1347 κρείττω
1464 1273 1682 1341 φανέντα
1737 1267 1831 1330 ἔξω

220 1363 608 1433 τυγχὰνουσιν,
648 1361 883 1435 μαλιστα
910 1359 971 1416 δὲ
1006 1363 1135 1437 ὑπερ
1191 1369 1289 1422 τῆς
1335 1361 1624 1421 Τζεπαίνης
1676 1354 1829 1412 ἐδυσ-

214 1452 367 1523 ,φόρει
401 1451 471 1502 τὰ
491 1454 741 1522 μέγιστα.
781 1450 1040 1509 Ἕσπευσε
1238 1446 1327 1503 οὖν
1373 1453 1464 1502 καὶ
1511 1450 1646 1500 κατὰ
1709 1447 1829 1499 ταύ-

218 1556 317 1614 της
347 1546 666 1614 στρατεῦσαι
718 1543 809 1592 καὶ
860 1543 931 1602 ὡς
973 1537 1114 1611 εἶχεν
1179 1539 1366 1611 ἰσχύος
1418 1536 1824 1611 ἀποπειρᾶσθαι.

215 1607 289 1680 Ἠ
329 1607 422 1699 μὲν
457 1623 545 1680 οὖν
576 1629 687 1704 ὥρα
722 1636 813 1680 τοῦ
849 1607 1179 1702 θέρουςνῆδη
1227 1607 1437 1702 παρῄει,
1488 1630 1578 1678 καὶ
1608 1607 1683 1677 ⁷τὸ
1710 1642 1825 1697 μετ-

218 1718 424 1789 όπωρον
477 1714 633 1788 ἰγνῦς
687 1713 748 1776 ἦν
818 1722 909 1771 καὶ
950 1725 1103 1770 τοῦτο
1186 1712 1575 1792 παραδραμεῖν.
1660 1713 1718 1768 Ὀ
1766 1709 1826 1767 δε

1942 565 2099 616 rum,
2127 549 2346 622 potitus
2380 547 2613 617 fuisset,
2642 563 2800 622 quas,
2849 547 2932 604 uti
2967 547 3221 622 potiora,
3265 547 3446 606 subdi
3495 562 3600 607 ne-

1941 638 2277 713 quiverant,
2308 652 2466 709 {egre
2513 637 2677 708 angi,
2722 636 2831 694 sed
2873 639 3162 710 Tzepaana
3213 637 3596 710 potissimum

1941 727 2227 798 exagitari
2257 732 2439 801 atque
2462 727 2667 784 animo
2696 726 3062 785 discruciari.
3111 728 3305 794 Quare
3353 727 3414 785 in
3456 742 3594 785 eam

1940 818 2381 893 expeditionem
2434 817 2777 883 maturavit,
2817 818 3094 891 viresque
3121 818 3310 877 voluit
3338 816 3593 894 experiri

1940 925 2104 980 suas,
2171 909 2221 964 si
2277 907 2425 981 quid
2480 906 2856 980 proﬁcerent.
2898 906 3112 980 Elapsa
3155 908 3290 981 jam
3361 914 3588 983 aestate,

1939 1000 2184 1058 extremi
2216 999 2331 1057 sub
2357 1015 2568 1059 casum
2626 998 2921 1063 autumni,
2965 1014 3161 1074 neque
3215 988 3587 1074 tempestatis

1947 1091 1990 1161 ι
2005 1090 2114 1161 27
2147 1104 2345 1163 neque
2355 1086 2589 1146 hiberni
2614 1089 2902 1161 temporis
2924 1088 3242 1162 asperitate
3269 1090 3587 1153 deterritus

1937 1179 2023 1251 (id
2048 1180 2209 1236 enim
2241 1178 2350 1236 sibi
2379 1182 2638 1246 tantum,
2668 1193 2795 1235 rem
2819 1194 2930 1235 suo
2959 1178 3144 1237 modo
3168 1184 3227 1238 et
3272 1195 3441 1239 more
3492 1181 3588 1243 fa-

1937 1285 2092 1340 cere,
2135 1268 2578 1343 proposuerat),
2610 1267 2786 1325 motis
2812 1267 3202 1341 Adrianopoli
3237 1269 3587 1331 cohortibus

1937 1360 2230 1416 universis
2241 1359 2517 1416 vehicula
2528 1357 2813 1431 pleraque
2837 1373 2910 1415 ex
2929 1358 3323 1417 Macedonum
3342 1360 3587 1434 regione

1935 1449 2065 1506 hac
2105 1448 2182 1505 ad
2209 1448 2519 1505 machinas
2548 1451 2606 1504 et
2633 1447 2842 1503 arietes
2864 1448 3489 1520 transportandos,illa
3506 1450 3589 1509 ad

1936 1537 2159 1595 militiae
2214 1536 2432 1593 idonea
2482 1536 2783 1608 victuique
2838 1536 3178 1593 necessaria
3206 1536 3585 1609 devehenda,

1934 1627 2204 1700 undique
2234 1626 2369 1697 cogi
2392 1624 2582 1697 jubet.
2617 1624 2759 1681 Dein
2787 1624 3078 1698 peditum,
3113 1626 3583 1697 sagittariorum.

1933 1716 2364 1788 clavigerorum
2386 1714 2704 1773 innumera
2725 1713 3585 1786 multitudineconducta,cum

219 1801 394 1879 μηδέν
422 1825 475 1858 τι
504 1813 597 1858 τοῦ
620 1814 807 1881 καιροῦ
832 1810 1129 1880 φροντίσας,
1167 1803 1307 1878 μηδέ
1355 1809 1412 1859 τὸ
1468 1812 1560 1858 τοῦ
1609 1812 1815 1877 χειμῶ-

1930 1805 2440 1880 opportunissime
2485 1808 2696 1878 parata
2735 1819 2868 1861 esse
2921 1804 3128 1863 omnia
3204 1805 3580 1880 aestimasset,

217 1913 307 1958 νος
368 1890 695 1956 δυσωπήσας
760 1892 926 1969 δριμὺ
976 1895 1110 1967 (ἰνὸς
1153 1897 1254 1968 γὰρ
1281 1899 1372 1948 καὶ
1415 1899 1573 1968 μόνου
1624 1901 1714 1947 τοῦ
1762 1896 1821 1946 τό

217 1983 408 2037 οἰκεῖον
454 1983 763 2044 ἀποπλῆσαι
812 1983 1059 2059 βούλημα
1107 1984 1471 2057 ἐστοχάζετο),
1522 1989 1616 2043 τὴν
1664 2002 1822 2058 στρα-

215 2076 336 2129 τιὰν
382 2079 559 2127 πᾶσαν
633 2074 690 2128 ἐκ
735 2083 831 2138 τῆς
884 2072 1164 2149 ’Δδριανοῦ
1221 2081 1458 2140 κινήσας,
1517 2073 1721 2147 ἁμάξας
1764 2093 1822 2128 τε

215 2162 525 2237 παμπόλλας
579 2163 893 2236 συλλεγῆναι
961 2164 1256 2238 προσταξας
1328 2162 1431 2217 ἀπὸ
1490 2164 1820 2235 πανταχόθεν

216 2259 320 2314 τῆς
354 2260 455 2304 τῶν
484 2248 801 2307 Μακεδόνων
829 2259 1029 2328 χώρας,
1085 2257 1177 2317 τὰς
1365 2252 1450 2307 ἐπὶ
1494 2260 1568 2323 τῷ
1606 2255 1673 2305 τὰ
1722 2272 1822 2326 μη-

214 2347 509 2415 χανήματα
566 2347 658 2397 καὶ
713 2346 804 2404 τὰς
856 2342 1102 2405 ἑλεπόλεις
1144 2347 1328 2416 φέρειν,
1362 2344 1456 2405 τὰς
1498 2339 1557 2395 δὲ
1604 2341 1691 2394 ἐπὶ
1745 2348 1818 2412 τῷ

216 2426 548 2504 διακομίζειν
586 2434 652 2485 τὰ
681 2431 893 2507 ζωαρκῆ
943 2440 1036 2485 τοῦ
1090 2435 1494 2505 στρατεύματος,
1554 2435 1644 2483 καὶ
1702 2449 1820 2483 συν-

216 2520 567 2594 αθροισθῆναι
608 2520 855 2583 κελεύσας
936 2520 1137 2579 πληθύν
1192 2522 1361 2582 πεζῶν
1415 2516 1621 2595 ἀνδρῶν
1678 2518 1819 2591 τοξο-

217 2614 326 2659 τῶν
385 2612 475 2661 καὶ
525 2613 874 2686 κορυνοφόρων
920 2609 1014 2662 ούκ
1067 2610 1434 2685 εύαρίθμητον,
1490 2608 1599 2662 ἐπεὶ
1650 2611 1820 2661 πάντα

214 2696 387 2758 καλῶς
423 2697 671 2769 αὐτῷκαὶ
718 2701 789 2762 ὡς
836 2695 984 2762 ἔδοξε
1046 2704 1424 2773 κατηρτίσατο,
1458 2706 1553 2759 τῆς
1606 2694 1820 2771 Ἀδρια-

212 2792 310 2838 νοῦ
365 2785 568 2861 ἀπάρας
611 2790 744 2841 κατὰ
802 2797 897 2851 τῆς
940 2792 1233 2852 Τζεπαίνης
1280 2787 1489 2860 ἐχώρει.
1559 2790 1818 2860 Τέτταρας

217 2870 279 2929 δί
357 2877 616 2949 σταθμούς
675 2876 1003 2952 παρήμειψεν
1032 2880 1058 2930 ὁ
1116 2880 1355 2953 στρατὸς,
1407 2881 1498 2929 καὶ
1546 2879 1679 2929 κατὰ
1729 2879 1816 2928 τόν

208 2965 369 3016 τόπον
448 2964 503 3016 ὃν
567 2961 951 3039 Μακρολιϐάδα
1037 2968 1484 3038 κατονομὰζουσιν
1555 2963 1818 3037 ἐτητύμως

207 3055 430 3129 πρὸςτό
477 3061 671 3127 σχῆμα
712 3059 807 3117 τὴν
844 3053 1030 3113 κλῆσιν
1074 3056 1124 3108 οἱ
1165 3060 1385 3129 πρώτως
1433 3050 1625 3115 ἰδόντες
1671 3055 1816 3126 θέμε-

206 3160 315 3209 νοι,
371 3138 537 3204 δεινὸς
603 3149 892 3216 συμπίπτει
978 3149 1130 3217 σφίσι
1194 3150 1417 3217 χειμών.
1462 3143 1550 3206 Ἐξ
1596 3142 1818 3215 ἑσπέρας

206 3224 304 3283 οὖν
347 3228 649 3305 ἀρξάμενος,
679 3229 755 3285 δι’
805 3232 926 3295 ὅλης
980 3242 1072 3294 τῆς
1126 3237 1313 3295 νυκτὸς
1354 3237 1448 3292 τὴν
1480 3229 1817 3308 σφοδρότητα

206 3327 309 3374 τοῦ
344 3320 553 3394 ψύχους
597 3327 687 3375 καὶ
728 3329 820 3375 τοῦ
851 3321 1037 3396 ἀνέμου
1083 3327 1483 3398 προσεπιτείνας
1528 3325 1586 3374 τό
1641 3320 1815 3394 βίαιον

202 3409 373 3470 πολλῆ
406 3431 461 3465 τε
488 3416 635 3485 χιόνι
662 3420 755 3474 τῆς
790 3418 893 3486 γῆς
947 3412 1284 3485 ἔπηλυγάσας
1347 3416 1441 3472 τὴν
1497 3411 1812 3486 ἐπιφάνειαν,

198 3500 363 3555 ἕωθεν
422 3511 495 3572 τῷ
575 3501 787 3576 βασιλεῖ
848 3502 1039 3563 πολλὴν
1102 3502 1419 3576 προύξένησε
1460 3506 1553 3563 την
1611 3499 1805 3575 δυσχέ-

200 3608 375 3665 ρειαν.
426 3588 492 3645 Ὀ
545 3611 598 3645 τε
669 3594 771 3668 γὰρ
829 3596 988 3655 τόπος
1044 3591 1221 3655 ἆοικος
1270 3589 1352 3657 ἦν,
1404 3596 1494 3644 καὶ
1540 3591 1813 3665 ἐγγύτερον

200 3676 500 3751 ἇτύγχανον
528 3682 580 3735 οἱ
602 3680 858 3754 πολέμιοι,
914 3686 1004 3735 καὶ
1066 3683 1097 3739 ἠ
1153 3679 1565 3758 προσδοκωμένη
1627 3682 1814 3743 σπάνις

200 3775 314 3821 τῶν
342 3768 635 3842 ἀναγκαίων
661 3770 766 3843 οὐχ
814 3772 970 3829 ἧττον
1020 3775 1115 3831 τὴν
1169 3770 1357 3843 ψυχὴν
1422 3770 1609 3832 ἐπίεζε·
1659 3778 1813 3823 τοῦτο

195 3859 313 3931 ’γὰρ
342 3862 429 3911 καὶ
484 3858 675 3931 μᾶλλον
728 3856 1014 3934 δεινότερον
1071 3862 1390 3919 καθέστηκεν
1455 3858 1505 3913 ἓν
1568 3862 1811 3934 στρατεύ-

200 3966 397 4022 μασιν.
430 3947 509 4009 Ἐς
532 3952 794 4006 τοσαύτην
854 3958 976 4020 γοῦν
1043 3955 1138 4009 τὴν
1178 3948 1469 4025 δυσφορίαν
1520 3950 1813 4011 συνελᾶθεὶς

201 4040 332 4097 τοὺς
350 4038 608 4110 ἡγεμόνας
661 4040 1096 4111 πνηθροίκειτών
1138 4042 1555 4113 στρατευμάτων,
1604 4039 1663 4091 ού
1714 4047 1812 4091 τῶν

188 4126 505 4199 Ῥωμαϊκῶν
526 4132 698 4200 μόνον,
740 4127 848 4180 ἀλλ’
875 4124 984 4188 ἤδη
1016 4133 1106 4180 καὶ
1131 4138 1231 4181 τῶν
1271 4128 1325 4192 ἐξ
1360 4131 1530 4190 ἔθνους
1582 4133 1812 4184 Λατίνων

201 4236 263 4271 τε
292 4221 383 4269 καὶ
421 4218 649 4281 Σκυθῶν,
679 4222 769 4271 καὶ
824 4220 1040 4280 τούτους
1090 4222 1143 4270 τί
1194 4214 1278 4271 δεῖ
1324 4225 1491 4271 ποιεῖν
1530 4222 1809 4293 ἠρωτὴκει.

200 4306 405 4368 Πάντες
461 4313 586 4376 γοῦν
613 4302 811 4379 σχεδὸν
864 4306 1235 4361 ἐϐουλεύσαντο
1287 4310 1338 4369 ἐς
1386 4312 1481 4368 τὴν
1534 4305 1813 4383 Ἀδριανοῦ

198 4398 305 4452 τὴν
347 4394 678 4468 ὑποστροφήν
724 4397 1072 4454 ποίησασθαι.
1110 4395 1168 4449 Ὀ
1223 4392 1282 4449 δὲ
1311 4401 1405 4456 τὴν
1472 4400 1561 4470 μὲν
1616 4395 1813 4469 βουλὴν

202 4483 382 4536 αὐτῶν
415 4482 509 4536 ούκ
530 4483 845 4557 ἀπέπεμψεν,
901 4483 1030 4537 ἀλλὰ
1083 4487 1212 4560 πρὸς
1271 4486 1455 4546 αύτούς
1502 4486 1698 4561 εἰρήκει
1745 4487 1815 4548 ὡς

203 4572 430 4646 «Ὑμεῖς
471 4576 562 4645 μεν
604 4574 725 4649 ὅπερ
791 4582 1018 4647 κρεῖττον
1061 4578 1153 4627 καὶ
1215 4579 1473 4649 συμφέρον
1531 4571 1681 4635 ἔδοξε
1724 4595 1816 4627 κα-

198 4663 310 4724 λῶς
373 4659 770 4715 ἇϐουλεύσασθε·
834 4663 878 4716 εἰ
934 4658 994 4715 δὲ
1044 4670 1134 4715 καὶ
1191 4663 1344 4724 αὐτὸς
1403 4664 1566 4736 ἕτερὸν
1609 4683 1662 4716 τι
1720 4669 1815 4717 σύν

203 4758 330 4822 Θεῷ
352 4756 619 4823 νοήσαιμι,
652 4751 744 4803 ούκ
777 4753 838 4803 ἄν
871 4748 1092 4815 δέξησθε
1120 4760 1272 4804 τοῦτο
1302 4755 1372 4813 ὡς
1396 4756 1497 4804 ἀπὸ
1553 4748 1812 4806 δεσπότου

199 4848 487 4912 νουνεχοῦς
536 4840 797 4914 εἰρημένον
870 4861 959 4894 και
1003 4843 1145 4914 ὑμῶν
1197 4844 1265 4903 ὡς
1339 4838 1455 4895 δέον
1501 4846 1813 4915 προνοουμέ-

196 4950 295 4984 νου
330 4947 382 4999 ;››
407 4932 704 5002 Ξυνέφησαν
736 4927 1062 4996 ἀπαντες,’ὡς
1089 4953 1116 4980 ‹‹
1141 4930 1303 5006 Ὅπερ
1336 4932 1397 4984 ἄν
1422 4938 1495 5003 τῷ
1520 4939 1595 5001 σῷ
1647 4928 1815 4994 δοξειε

201 5019 411 5094 κράτει,
445 5022 689 5094 περκτόν
720 5023 844 5071 αὐτὸ
899 5039 989 5071 και
1031 5018 1304 5073 ἀσπαστὸν
1352 5018 1716 5093 λογισαίμεθα.
1784 5041 1812 5073 ν

201 5110 437 5167 Τούτους
460 5110 549 5177 μεν
579 5107 667 5160 οὖν
706 5110 902 5169 πάντας
940 5106 1188 5161 ἀπέλυσεν
1232 5111 1258 5161 ό
1303 5108 1549 5182 βασιλεὺς
1608 5112 1677 5173 εἰς
1721 5113 1815 5174 τὰς

202 5199 463 5269 σφετέρας
504 5194 711 5249 ἀπέιναι
755 5195 950 5258 σκηνὰς
1006 5195 1078 5269 ἐφ’
1233 5218 1325 5250 και
1371 5207 1534 5274 τροφῆ
1591 5195 1684 5252 διὰ
1725 5204 1813 5253 τὸν

202 5291 454 5360 χειμῶνα
471 5287 806 5360 χρήσασθαι,
835 5284 992 5348 αὐτὸς
1020 5282 1055 5338 δ
1058 5289 1080 5338 'z
1128 5286 1200 5349 εἰς
1245 5291 1334 5340 τόν
1382 5287 1543 5340 αύτοῦ
1592 5296 1815 5343 κοιτῶνα

204 5374 390 5429 εἰσιὼν
432 5375 562 5445 μετά
602 5381 702 5425 τῶν
767 5379 884 5449 περὶ
968 5374 1124 5428 αύτον
1178 5374 1469 5430 ἐϐουλεύετο
1525 5382 1578 5431 τί
1623 5377 1813 5449 μᾶλλον

207 5467 331 5538 χρὴ
379 5468 562 5517 ποιεῖν.
608 5467 754 5525 Tuis;
790 5466 880 5536 μεν
926 5468 1023 5524 τὴν
1072 5473 1170 5518 τῶν
1228 5466 1409 5529 ἔξωθεν
1461 5464 1812 5542 βουλευσαμέ-

207 5573 314 5607 νων
371 5550 567 5625 βουλὴν
630 5551 704 5615 εἰς
751 5555 899 5629 ἔργον
955 5553 1221 5608 ἐϐούλοντο
1302 5558 1484 5623 θεῖναι,
1540 5558 1702 5629 ἕτεροι
1753 5554 1814 5610 δὲ

210 5642 297 5706 οἷς
334 5660 425 5695 και
458 5644 515 5696 τό
579 5648 810 5719 κρεῖττον
862 5639 1206 5704 διανοηθῆναι
1251 5653 1323 5718 τῷ
1381 5643 1595 5719 βασιλεί
1639 5642 1814 5699 διακέ-

1929 1895 2318 1970 Adrianopoli
2356 1895 2676 1952 discedens
2710 1897 3061 1968 Tzepaenam
3079 1893 3398 1953 ferebatur.
3416 1898 3579 1956 Man-

1929 1986 2129 2043 siones
2159 1989 2421 2059 quatuor
2456 1984 2630 2041 miles
2660 1999 2942 2041 emensus
2990 1985 3054 2041 in
3091 1985 3306 2054 locum,
3369 1986 3468 2043 cui
3504 2001 3579 2046 ex

1926 2073 2122 2131 forma
2147 2073 2226 2131 ab
2262 2071 2632 2142 hominibus,
2664 2072 2764 2145 qui
2792 2072 3057 2146 primum
3116 2077 3571 2150 conspexerant,

1927 2163 2204 2235 apposite
2232 2176 2457 2218 nomen
2493 2160 2894 2218 Macrolibada
2921 2160 3177 2219 inditum
3216 2160 3349 2229 fuit,
3390 2162 3576 2221 adve-

1927 2250 2104 2309 hitur.
2140 2250 2226 2307 lbi
2268 2250 2431 2308 fmda
2486 2253 2809 2323 tempestas
2861 2249 3013 2307 caelo
3060 2249 3315 2323 dejecta,
3372 2268 3510 2327 quae
3538 2269 3580 2313 a

1925 2356 2176 2414 vespere
2206 2345 2411 2397 coorta
2437 2356 2545 2413 per
2562 2344 2752 2397 totam
2778 2342 3020 2397 noctem
3070 2339 3307 2410 frigoris
3352 2341 3470 2401 vim
3520 2346 3580 2403 et

1926 2435 2239 2487 ventorum
2269 2428 2563 2502 procellas
2599 2428 2827 2487 intense
2856 2429 3237 2491 continuans.
3262 2430 3575 2506 multaque

1926 2520 2061 2577 nive
2090 2523 2260 2575 terras
2308 2517 2522 2575 faciem
2587 2517 2960 2591 inasperans.
3009 2534 3190 2577 mane
3227 2518 3580 2593 imperatori

1927 2613 2099 2667 atrox
2127 2607 2435 2679 negotium
2462 2606 2721 2664 facessit.
2749 2609 2937 2664 Locus
2957 2607 3121 2665 enim
3135 2612 3263 2666 erat
3275 2608 3577 2668 habitato-

1923 2713 2061 2756 rum
2085 2712 2315 2755 vacuus
2345 2715 2359 2766 ;
2394 2697 2598 2754 hostes
2616 2696 2930 2755 instabant
2956 2697 3238 2772 proximi,
3264 2703 3323 2757 et
3349 2699 3427 2758 de
3453 2715 3577 2775 qua

1923 2788 2196 2856 timebat,
2235 2787 2715 2845 necessariorum
2744 2787 2969 2861 inopia,
2998 2788 3168 2862 quod
3197 2789 3261 2846 in
3313 2790 3577 2849 exercitu

1924 2879 2195 2936 omnium
2211 2878 2541 2950 pessimum
2566 2877 2800 2944 accidit,
2832 2893 2953 2935 non
2967 2878 3287 2936 minimum
3299 2879 3574 2941 animum

1923 2967 2326 3026 excruciabat.
2358 2966 2557 3024 Tantis
2581 2965 3032 3024 difﬁcultatibus
3061 2967 3433 3026 conﬂictatus
3475 2983 3571 3027 co-

1922 3058 2180 3132 piarum,
2219 3071 2344 3113 non
2377 3058 2787 3112 Romanorum
2814 3055 3020 3127 modo,
3050 3056 3159 3113 sed
3174 3072 3245 3113 ex
3275 3055 3404 3115 aliis
3424 3073 3570 3129 gen-

1924 3147 2082 3204 tibus
2118 3146 2457 3203 Latinorum
2509 3160 2580 3201 ac
2651 3145 3009 3218 Scytharum
3056 3145 3243 3203 duces
3286 3146 3568 3218 advocat,

1922 3237 2119 3310 deque
2147 3234 2396 3307 agendis
2426 3232 2705 3291 consulit.
2734 3234 2954 3290 Omnes
2980 3232 3101 3291 fere
3148 3234 3211 3292 in
3240 3234 3304 3292 id
3349 3251 3570 3294 conve-

1922 3329 2139 3383 nerunt
2193 3327 2259 3381 ut
2305 3321 2755 3395 Adrianopolim
2808 3328 3163 3382 remearent.
3242 3324 3572 3399 Imperator

1922 3415 2088 3473 haud
2124 3419 2545 3488 spretaeorum
2563 3410 2853 3470 sententia
2875 3411 3077 3470 infert:
3115 3434 3145 3466 «
3169 3415 3288 3472 Vos
3318 3415 3570 3489 quidem

1922 3505 2087 3579 quod
2100 3509 2159 3560 et
2170 3503 2380 3561 melius
2395 3503 2721 3577 utiliusque
2734 3501 2860 3559 fore
2866 3501 3203 3575 judicastis,
3215 3508 3372 3561 recte
3394 3507 3438 3577 ι
3450 3504 3570 3579 28
3631 3565 3643 3577 _

1922 3593 2233 3667 probeque
2262 3592 2667 3651 consuluistis.
2694 3595 2909 3649 Verum
2949 3592 3001 3649 si
3031 3593 3348 3669 quippiam
3385 3596 3569 3654 etiam

1920 3683 2073 3757 ipse,
2098 3686 2217 3740 Deo
2251 3682 2930 3754 auspice,excogitarim,
2960 3698 3040 3740 an
3058 3682 3183 3741 non
3202 3684 3371 3757 illud,
3385 3684 3570 3745 veluti

1921 3788 1959 3830 a
1986 3772 2278 3846 prudente
2304 3772 2579 3842 domino,
2605 3787 2798 3845 eoque
2822 3772 2929 3846 qui
2957 3772 3033 3830 de
3065 3773 3258 3841 vobis,
3278 3773 3365 3832 uti
3385 3773 3569 3833 adde-

1920 3866 2033 3930 cet,
2065 3862 2357 3935 providet,
2387 3860 2687 3934 prolatum
2717 3877 2896 3934 aequo
2929 3861 3135 3919 animo
3162 3864 3467 3937 accipietis
3487 3862 3516 3918 ?
3539 3885 3565 3915 ι

1923 3950 2137 4006 Omnes
2150 3950 2573 4007 acclamarant:
2592 3973 2615 4000 ι
2633 3949 2935 4022 Quidquid
2951 3948 3124 4007 fuerit
3143 3951 3436 4023 majestati
3452 3956 3570 4010 tum

1920 4027 2138 4105 visum,
2171 4044 2485 4111 acceptum
2511 4043 2569 4095 et
2596 4038 2891 4095 universis
2918 4037 3345 4112 complacitum
3389 4040 3500 4098 erit
3535 4063 3568 4094 κ

1924 4129 2017 4186 Sic
2046 4144 2151 4185 eos
2190 4128 2264 4185 ad
2289 4127 2531 4201 propria
2577 4127 2850 4196 tentoria,
2907 4132 2973 4184 ut
3012 4142 3231 4201 corpus
3278 4127 3413 4187 cibo
3433 4144 3570 4203 pro-

1921 4223 2052 4293 pter
2078 4217 2342 4274 hiemem
2368 4216 2699 4288 reﬁcerent,
2727 4216 2983 4274 mandat
3009 4233 3023 4272 :
3051 4216 3269 4290 ipsein
3321 4217 3570 4279 cubicu-

1920 4307 2048 4364 lum
2081 4323 2259 4363 suum
2308 4306 2615 4379 introiens,
2646 4323 2784 4365 cum
2838 4307 2911 4365 iis
2934 4307 3039 4382 qui
3066 4306 3225 4366 circa
3260 4323 3403 4367 eum
3431 4309 3572 4369 ade-

1924 4402 2061 4454 rant
2095 4397 2244 4470 quid
2282 4395 2438 4452 facto
2468 4412 2621 4470 opus
2634 4402 2787 4453 esset
2802 4396 3137 4456 consulere.
3162 4397 3574 4465 Quidamcon-

1928 4486 2150 4556 silium,
2183 4486 2348 4560 quod
2379 4485 2522 4543 foris
2575 4485 2883 4555 dederant,
2944 4502 3126 4563 opere
3155 4489 3573 4561 praestandum

1927 4592 2057 4633 esse
2071 4575 2431 4633 contendere
2453 4575 2876 4649 ;alii,quorum
2913 4566 3402 4649 meliorajudicia
3437 4595 3575 4637 cen-

1926 4670 2126 4720 suerat
2154 4665 2842 4737 imperator,adversari:
2869 4668 3021 4723 «Iter
3051 4665 3233 4734 enim,
3250 4688 3279 4717 »
3308 4667 3568 4736 aiebant,

1930 4776 1951 4803 ε
1978 4759 2133 4809 retro
2172 4768 2282 4807 nos
2305 4754 2382 4809 ad
2404 4753 2856 4827 Adrianopolim
2873 4754 3101 4811 ducens
3123 4759 3401 4827 exmquat
3424 4755 3571 4813 illud

1924 4840 2088 4914 quod
2111 4846 2246 4897 ante
2273 4842 2351 4898 ad
2371 4842 2728 4899 Stenimachi
2742 4842 3033 4915 oppidum
3056 4844 3186 4910 fert,
3205 4846 3263 4899 et
3279 4843 3573 4916 quemad-

1924 4929 2168 4986 modum
2183 4930 2263 4986 ibi
2278 4932 2742 4987 necessariorum
2755 4931 3040 5004 copia,sic
3052 4936 3108 4987 et
3119 4930 3474 4989 Stenimachi
3485 4931 3574 4991 af-

1923 5018 2077 5075 ﬂuit.
2101 5019 2207 5075 Ubi
2233 5020 2313 5075 ita
2335 5019 2839 5092 egerimusneque
2851 5019 3270 5092 timore,quem
3305 5019 3575 5080 exhosti-

1924 5110 2040 5165 bus
2055 5110 2528 5183 conceperimus,
2541 5123 2736 5181 neque
2748 5109 3119 5181 tempestatis
3146 5110 3462 5183 asperitate
3476 5126 3576 5169 re-

1924 5207 2014 5257 tro
2029 5200 2161 5271 cogi
2182 5197 2616 5272 judicabimur.
2633 5219 2662 5247 »
2675 5197 2905 5254 Dictum
2921 5199 3370 5273 approbaverat
3383 5200 3576 5276 impe-

1921 5294 2101 5345 rator.
2114 5292 2325 5345 Etcum
2337 5287 2491 5345 acris
2504 5287 2689 5345 hiems
2701 5287 3031 5346 mitesceret
3041 5288 3312 5364 nivisque
3323 5290 3579 5365 impetus

1924 5378 2199 5447 stetisset,
2231 5383 2471 5452 postero
2500 5376 2599 5435 die
2619 5378 2884 5451 receptui
2914 5378 3156 5451 signum
3198 5378 3332 5437 dari
3381 5380 3579 5453 jussit.

1924 5465 2065 5522 Inde
2096 5467 2408 5539 capiarum
2438 5467 2712 5525 cohortes
2741 5466 3066 5526 desumens
3124 5468 3580 5529 Stenimachum

1923 5557 2249 5625 contendit,
2275 5563 2329 5615 et
2370 5574 2508 5615 cum
2541 5557 2766 5616 ibidem
2796 5560 3121 5617 exercitum
3149 5563 3573 5618 exsaturassct:

1921 5650 2085 5702 recta
2122 5647 2475 5720 Tzepaenam
2501 5647 2610 5704 iter
2635 5647 2852 5719 dirigit,
2885 5647 3277 5721 pervenitque
3325 5646 3575 5706 tandem
