4084 6212
610 290 745 345 1143

1906 282 2185 341 GEORGII
2221 284 2674 341 ACROPOLITAE

3752 299 3849 356 1144

608 412 1026 480 censebantur,
1061 410 1165 467 sed
1190 426 1292 467 eos
1315 412 1602 483 praeterea
1630 409 1736 483 qui
1764 424 2076 481 nunquam
2106 408 2257 465 inter

2389 410 2474 482 γὰρ
2525 413 2677 482 μόνον
2753 412 2871 472 τοὺς
2910 415 3244 485 τεταγμένους
3324 408 3526 467 ὀπαδεῖν
3580 422 3854 490 προσέταττεν,

608 502 895 557 militares
919 503 1125 572 copias
1157 501 1394 556 fuerunt
1413 500 1820 572 asserti,sequi
1843 499 2029 555 voluit
2056 517 2068 554 :
2092 514 2262 554 nam-

609 607 727 665 que
744 590 1078 658 confestim,
1102 590 1205 662 qui
1228 590 1285 645 in
1304 588 1726 645 venationibus
1763 592 1805 659 ι
1819 590 1869 660 3
1882 591 1931 659 2
1957 589 2265 661 capiendis

608 678 771 745 feris,
796 678 986 734 cervis
1012 685 1069 733 et
1098 679 1316 751 porcis,
1353 694 1457 733 nec
1486 694 1611 733 non
1636 679 1986 749 accipitrum
2008 677 2267 750 aucupio

608 766 1071 838 imperatoribus
1098 767 1822 833 inserviebant,universis
1858 768 2093 839 penitus
2119 767 2270 821 inter

609 856 829 911 milites
873 857 1224 928 conscriptis
1268 858 1477 926 ingens
1509 855 1763 912 militum
1794 856 1882 911 vis
1912 860 2270 925 exaggerata

613 950 727 1004 est.
788 946 1166 1018 Imperatoris
1205 962 1448 1018 quoque
1502 945 1699 1002 studia
1745 946 2002 1011 animos,
2032 944 2270 1017 utquid

613 1036 790 1092 solito
821 1034 1182 1091 cumulatius
1233 1036 1530 1092 deferrent
1577 1036 1977 1091 concitabant.
2026 1036 2143 1090 Hac
2180 1050 2269 1089 ra-

610 1126 768 1183 tione
804 1125 1116 1180 universas
1142 1125 1345 1197 copias
1368 1124 1663 1180 conflavit.
1694 1127 1760 1180 Et
1788 1140 1925 1179 cum
1952 1126 2266 1180 Persarum

606 1214 940 1287 principem
973 1214 1397 1269 Tachariorum
1440 1212 1718 1270 molestia
1756 1213 2010 1268 liberum
2058 1212 2266 1283 legatis

604 1304 807 1361 missis
830 1306 1237 1374 cognovisset,
1262 1308 1422 1359 recta
1451 1319 1520 1358 ex
1550 1304 1779 1359 Oriente
1799 1304 1859 1357 in
1888 1302 2264 1359 Occidentem

604 1393 897 1464 graditur.
947 1396 1221 1463 Namque
1266 1409 1400 1447 cum
1430 1392 1761 1447 Persarchas
1783 1408 1877 1446 res
1900 1407 2031 1447 esse
2058 1392 2117 1446 in
2141 1396 2265 1446 tuto

606 1482 928 1538 collocatas
964 1485 1019 1535 et
1049 1482 1175 1536 sine
1208 1480 1549 1536 discrimine
1576 1479 2091 1552 apprehendisset,
2123 1468 2266 1535 nihi1

603 1572 678 1626 de
710 1586 819 1625 suo
849 1569 1015 1641 apud
1041 1570 1335 1626 Orientem
1364 1569 1612 1640 imperio
1642 1569 1854 1624 hostile
1882 1569 2264 1639 timebat.|gi-

607 1665 702 1716 tur
723 1659 951 1729 majore
986 1675 1165 1731 quam
1203 1674 1473 1730 unquam
1508 1658 1596 1713 vel
1624 1664 1792 1730 pater
1821 1658 1976 1713 illius
2009 1661 2265 1715 Joannes

606 1749 703 1806 vel
732 1749 857 1821 ipse
890 1752 1065 1803 antea
1088 1754 1519 1820 comparasset,
1554 1749 1815 1804 exercitu
1843 1748 2154 1812 instructo.
2187 1749 2265 1805 ad
2296 1741 2336 1794 Β

609 1836 1011 1895 transfretand
1022 1854 1120 1892 um
1151 1836 1599 1908 Hellespontum
1616 1840 2013 1909 Lampsacum
2032 1838 2265 1910 proﬁci-

610 1926 984 1991 scitur,etiam
1000 1926 1579 1998 quosDidymotoechi
1594 1926 1910 1997 reliquerat
1922 1927 2261 1994 incolumes,

608 2016 694 2071 uti
720 2014 837 2070 illis
869 2016 1280 2081 mandaverat,
1313 2014 1637 2081 offendere,
1669 2015 1901 2087 illisque
1930 2017 2265 2071 maximum

610 2104 926 2161 exercitum
949 2104 1243 2171 majorem
1268 2104 1461 2159 facere
1493 2120 1763 2175 sperans.
1797 2104 2011 2160 Atillos
2041 2106 2266 2161 ducum

609 2209 892 2267 perversa
915 2193 1187 2259 consilia,
1216 2192 1546 2265 prudentiae
1567 2199 1621 2249 et
1642 2192 1941 2249 ﬁdelitatis
1966 2210 2159 2250 vacua
2180 2199 2266 2250 at—

612 2283 916 2349 triverant,
930 2281 1427 2353 quandoquidem
1449 2282 1835 2351 Bulgarorum
1851 2283 2128 2355 princeps
2140 2282 2267 2339 lon-

608 2373 741 2443 gius
764 2374 805 2441 1
820 2372 932 2442 33
952 2372 1162 2427 abesse
1183 2372 1597 2443 imperatorem
1611 2388 2009 2442 cognoscens,
2022 2373 2268 2429 auxilia-

607 2460 761 2518 riam
782 2461 1139 2531 Scytharum
1164 2460 1275 2515 sibi
1293 2477 1541 2516 manum
1564 2461 1851 2517 adscitam
1880 2461 1957 2517 ad
1980 2461 2141 2517 bona
2160 2478 2265 2534 op-

609 2549 943 2623 pugnanda
962 2550 1348 2621 timoremque
1363 2551 1646 2605 Romanis
1660 2549 2058 2605 incutiendum
2073 2551 2130 2606 in
2148 2552 2268 2608 Ma-

619 2638 884 2696 cedonite
910 2636 1045 2693 loca
1068 2639 1374 2694 amandat.
1404 2641 1618 2693 Eorum
1650 2654 1936 2694 numerus
1965 2655 2082 2694 non
2116 2640 2269 2696 ultra

615 2734 879 2800 quatuor
898 2726 1107 2796 millia,
1134 2732 1199 2783 ut
1225 2742 1423 2782 rerum
1452 2728 1621 2796 gnari
1652 2728 1883 2799 Scythae
1914 2728 2266 2795 referebant,

612 2817 720 2873 fuit
754 2837 768 2884 ;
800 2816 1073 2872 nonnulli
1125 2816 1342 2888 plures,
1378 2817 1473 2873 alii
1505 2818 1821 2889 pauciores
1863 2818 2266 2875 afﬁrmabant-

617 2906 851 2977 Scythae
864 2905 1317 2977 Adrianopolim
1334 2912 1873 2978 praetercurrentes,
1889 2924 2024 2979 qua;
2046 2908 2271 2963 circum

616 2994 843 3051 ﬂumen
867 2994 961 3049 cui
985 3010 1207 3050 nomen
1234 2995 1427 3066 Regia:
1449 3001 1557 3063 est,
1582 3000 1639 3051 et
1663 2997 1888 3052 circum
1912 2997 2274 3067 Didymotm-

2378 496 2505 549 ἀλλὰ
2538 503 2767 562 καὶτοὺς
2798 496 2927 572 μηδ’
2969 500 3090 562 ὅλως
3140 501 3187 554 ἐν
3216 502 3359 565 τάξει
3383 507 3498 556 ποτε
3546 505 3758 567 τελοῦντας
3796 520 3857 572 τῆς

2379 594 2645 661 στρατιᾶς.
2722 588 2925 641 Αὐτίκα
3004 594 3101 665 γὰρ
3179 596 3302 652 τοὺς
3362 591 3743 664 ἐξυπηρετούντας
3792 608 3861 660 τοῖς

2378 675 2689 749 βασιλεῦσιν
2756 676 2803 729 ἐν
2845 680 3026 753 θήραις
3090 684 3221 747 [ταῖς
3256 688 3356 733 τῶν
3396 683 3553 755 θηρῶν
3585 685 3757 758 ἄγραις]
3785 686 3863 739 ἑλά-

2379 787 2483 839 φων
2520 786 2574 818 τε
2603 771 2693 819 καὶ
2730 766 2814 838 [Ρ.
2869 767 2960 842 68]
3018 775 3239 842 χοίρων,
3306 774 3392 822 καὶ
3444 774 3552 831 τούς
3614 767 3675 823 δι’
3719 776 3864 848 ἱεράκων

2382 858 2706 930 θηρεύοντας,
2776 860 2970 920 πάντας
3033 858 3349 921 ἁπαξαπλῶς
3404 870 3747 933 στρατιωτικοῖς
3792 884 3869 916 συν.

2378 950 2569 1017 τέταχε
2604 948 2861 1019 τάγμασι.
2905 952 3007 1000 Καὶ
3046 945 3104 1007 ἧν
3141 952 3197 1000 τὸ
3227 952 3537 1021 συνηγμένον
3579 949 3742 1012 πλῆθος
3768 953 3865 1022 πολὺ,

2378 1038 2468 1087 καὶ
2499 1038 2528 1093 ἡ
2565 1042 2656 1087 τοῦ
2691 1044 2997 1110 κρατοῦντος
3029 1034 3087 1090 δε
3124 1036 3268 1111 ἀρχὴ
3303 1038 3560 1109 ἠνάγκαζε
3599 1044 3702 1100 τούς
3729 1041 3868 1101 πλείους

2377 1133 2477 1176 τῶν
2535 1124 2783 1178 εἰωθότων
2846 1130 3009 1200 φέρειν
3082 1147 3135 1179 τι
3190 1132 3567 1202 περιττότερον.
3626 1129 3749 1180 Οὕτω
3788 1138 3868 1199 γοῦν

2376 1218 2549 1265 πᾶσαν
2609 1219 3004 1286 συναγηοχὴκει
3059 1220 3153 1273 τὴν
3197 1217 3470 1288 στρατιάν.
3499 1214 3581 1276 Ὠς
3631 1212 3681 1269 δε
3720 1222 3787 1268 καὶ
3816 1222 3867 1268 τὸν

2378 1304 2697 1377 Περσάρχην
2722 1307 2829 1373 (29)
2868 1308 2940 1375 μὴ
2982 1307 3269 1380 πράγματα
3295 1308 3436 1377 ἔχειν
3465 1324 3599 1376 παρα
3631 1315 3715 1357 τῶν
3742 1313 3869 1376 Ταχο-

2373 1396 2497 1465 ρίων
2590 1389 2866 1463 πρεσϐείαν
2920 1391 3283 1455 ἐξαποστείλας
3359 1391 3673 1465 ἐμεμαθήκει,
3720 1398 3869 1446 xcvi“:

2373 1483 2499 1553 πρὸς
2554 1483 2648 1537 τὴν
2710 1476 2921 1553 δυσμήν
2983 1480 3037 1533 ἐκ
3088 1490 3178 1542 τῆς
3232 1482 3299 1533 ἔω
3352 1480 3537 1554 ἐχώρει

2374 1572 2514 1641 ἔχειν
2567 1571 2654 1620 τὸν
2723 1573 3041 1643 Περσάρχην
3097 1580 3196 1623 τῶν
3251 1569 3444 1623 ἐκείνου
3500 1574 3775 1646 πραγμάτων
3812 1572 3873 1623 οἱο-

3582 1503 3593 1515 ·
3634 1480 3770 1542 καλῶς
3807 1486 3869 1555 γὰρ

2374 1678 2518 1731 μενος
2547 1664 2636 1710 καὶ
2677 1657 2916 1731 ἀσφαλῶς
2945 1664 3130 1731 μένειν,
3191 1658 3308 1712 οὐδ’
3361 1660 3485 1722 ὅλως
3527 1667 3635 1733 περὶ
3678 1669 3728 1732 τῇ
3772 1660 3875 1711 eritsi

2375 1751 2509 1800 κατὰ
2541 1753 2633 1807 τὴν
2673 1749 2736 1800 ἔω
2782 1745 2975 1801 ἐδεδίει
3024 1747 3197 1823 ἀρχῇ.
3258 1754 3367 1808 Τὴν
3411 1756 3578 1803 πᾶσαν
3629 1769 3734 1821 γονν
3770 1768 3876 1805 mr-

2377 1839 2596 1910 θροικὼς
2668 1842 2914 1912 στρατιὰν
2971 1840 3187 1910 μείζονα
3247 1846 3349 1891 τῶν
3403 1857 3527 1892 ποτε
3578 1842 3703 1913 παρὰ
3746 1856 3786 1889 τε
3823 1845 3875 1887 τοῦ

2373 1930 2573 2001 πατρὸς
2625 1926 2784 1979 αὐτοῦ
2862 1926 3123 2000 βασιλέως
3179 1933 3270 1979 καὶ
3326 1931 3513 1980 τούτου
3582 1926 3875 1998 συνειλεγμένων

2376 2015 2447 2077 εἰς
2529 2020 2588 2068 τό
2662 2012 3113 2090 διαπεραιωθῆναι
3187 2020 3275 2069 τὸν
3342 2016 3694 2076 Ἑλλήσποντον
3737 2015 3875 2085 ἀφίκετο

2376 2104 2448 2167 εἰς
2471 2110 2562 2163 τὴν
2602 2104 2915 2177 Λάμψακον,
2953 2104 3164 2166 ἐλπίσας
3212 2110 3304 2158 καὶ
3354 2110 3477 2166 τοὺς
3523 2108 3649 2157 κατὰ
3691 2107 3738 2157 τό
3780 2098 3876 2155 Διδυ-

2376 2198 2628 2267 μότοιχον
2656 2193 3146 2267 καταλελειμμένους
3206 2201 3378 2257 σώους
3422 2215 3476 2248 τε
3524 2197 3671 2267 εύρεῖν
3715 2195 3811 2244 κατὰ
3839 2189 3876 2241 τέ

2374 2288 2800 2358 προστεταγμένα
2870 2286 3067 2345 τούτοις
3147 2288 3237 2336 καὶ
3309 2284 3369 2336 ού
3422 2285 3605 2357 μικρὰν
3660 2283 3875 2356 προσθήκη

2374 2380 2436 2445 τῇ
2477 2372 2601 2446 ἀμφ’
2657 2372 2813 2424 αὐτὸν
2861 2379 3079 2447 στρατιᾲ
3130 2372 3548 2445 ἐμποιήσασθαι.
3596 2376 3712 2432 Τοὺς
3746 2367 3790 2423 δε
3824 2388 3875 2418 u-

2375 2461 2623 2514 κοϐουλία
2669 2466 2758 2513 καὶ
2812 2465 2872 2513 τὸ
2939 2470 3274 2535 παρακοῦσαι
3318 2472 3411 2524 τῆς
3473 2461 3729 2535 βασιλικῆς
3775 2458 3876 2509 κε)εὲ

2380 2571 2507 2613 σεως
2548 2551 2781 2623 ἔσφηλεν.
2840 2551 2978 2604 Ἐπεὶ
3032 2554 3134 2624 γὰρ
3197 2554 3223 2604 ό
3280 2561 3381 2604 τῶν
3446 2552 3720 2627 Βουλγάρων
3759 2551 3873 2621 ἆρχεν

2380 2646 2694 2716 μακρότερον
2745 2637 2945 2711 διάγειν
2995 2644 3081 2693 τόν
3123 2640 3354 2714 βασιλέα
3416 2641 3670 2712 ἐγίνωσκε,
3708 2639 3873 2691 Σκυθικῆ

2384 2733 2683 2804 στράτευμα
2730 2730 2803 2791 εἰς
2856 2749 3101 2804 σφετεραν
3168 2735 3488 2804 συμμαχίαν
3556 2728 3874 2802 προσκαλεσάμε-

2380 2840 2465 2881 νος
2515 2823 2651 2872 κατὰ
2723 2827 2822 2871 τῶν
2875 2827 2968 2878 τῆν

2381 2906 2604 2984 κέρδους
2628 2928 2680 2961 τε
2717 2911 2879 2982 χάριν
2926 2912 3018 2961 καὶ
3062 2917 3155 2970 τῆς
3211 2913 3345 2982 πρὸς
3393 2908 3664 2982 Ῥωμαίους
3704 2908 3805 2963 τινος
3832 2902 3877 2952 ἐκ·

2383 2997 2668 3072 φοϐήσεως.
2737 2998 3054 3071 Ἠρίθμηντο
3108 2994 3166 3050 δε
3218 3003 3340 3073 περί
3417 3018 3515 3051 που
3567 3000 3647 3057 τὰς
3702 3001 3878 3063 τέσσαρας

3048 2816 3383 2883 Μακεδονίας
3446 2825 3627 2895 χώρων
3676 2817 3877 2883 ἑκπέποξιξε

617 3084 801 3140 chum
832 3083 1060 3156 oppida
1090 3084 1296 3140 omnia
1324 3085 1545 3157 praedis
1576 3101 1645 3141 ac
1670 3086 1895 3158 rapinis
1923 3085 2261 3141 vestabant.

2389 3083 2657 3159 χιλιάδας,
2700 3089 2769 3148 ὡς
2816 3089 2864 3138 οἱ
2916 3083 3107 3147 εἰδότες
3151 3089 3380 3159 ἔφασκον
3439 3089 3641 3142 Σκύθαι.
3689 3084 3875 3151 Τινὲς

618 3172 909 3229 Exercitui
932 3173 1096 3244 apud
1129 3174 1651 3245 Didymotmchum
1678 3174 1960 3247 praefecti,
1992 3176 2273 3246 neglectis

617 3262 1018 3334 imperatoriis
1046 3262 1354 3318 mandatis
1396 3280 1565 3320 arma
1597 3269 1899 3319 sumentes
1928 3264 1988 3319 in
2022 3264 2272 3337 Scythas

617 3351 869 3407 irruunt.
892 3352 1143 3409 Romani
1167 3368 1274 3424 pro
1296 3369 1462 3409 more
1488 3369 1597 3408 suo
1619 3353 1787 3422 gravi
1809 3359 2108 3409 armatura
2128 3370 2275 3426 prae-

619 3441 795 3498 cincti
832 3448 1022 3509 erant,
1074 3442 1305 3513 Scythae
1335 3441 1449 3497 levi
1481 3448 1537 3497 et
1589 3443 1892 3512 sagittarii.
1955 3444 2148 3508 Quare
2200 3444 2275 3500 de

619 3529 954 3601 longinquo
999 3529 1092 3585 isti
1142 3529 1355 3600 jaculis
1412 3533 1713 3586 Romanos
1744 3531 2055 3601 incessere,
2088 3549 2276 3605 equos

622 3617 910 3688 sauciare,
946 3622 1003 3672 et
1029 3617 1194 3689 gravi
1226 3634 1371 3673 casu
1394 3634 1464 3673 ex
1487 3620 1785 3691 equitibus
1811 3620 2039 3693 pedites
2060 3621 2276 3692 facere,

621 3705 867 3762 tandem
899 3706 1126 3777 fugare.
1159 3708 1362 3779 Itaque
1385 3708 1616 3764 Manuel
1648 3710 1912 3765 Lascaris
1936 3727 2091 3783 equo
2124 3711 2278 3767 velo-

624 3793 897 3851 cissimo.
955 3811 1128 3867 quem
1175 3796 1622 3868 Chrysopedem
1671 3798 1926 3865 dicebat,
1976 3799 2119 3869 fuga
2150 3816 2278 3856 sese

622 3883 1073 3957 Adrianopolim
1098 3885 1349 3941 intrusit.
1386 3888 1807 3943 Constantinus
1845 3890 2182 3959 Margarites
2226 3894 2279 3945 et

624 3989 761 4030 cum
805 3990 876 4030 eo
916 3976 1122 4047 plures
1158 3975 1259 4030 alii
1288 3975 1621 4031 cohortium
1661 3977 1857 4049 capita
1909 3977 2171 4046 Bulgaris
2210 3994 2279 4034 ac

626 4064 858 4137 Scythis
877 4065 1225 4121 venundata
1249 4066 1425 4136 capta
1447 4072 1602 4120 sunt.
1623 4064 1700 4121 De
1726 4066 1819 4121 his
1853 4067 2062 4123 certior
2092 4068 2281 4123 factus

622 4152 950 4226 imperator
972 4154 1246 4223 indoluit,
1287 4156 1693 4227 maturiusque
1726 4155 1785 4209 in
1841 4155 2283 4229 Bulgarophygi

622 4243 825 4299 locum
860 4243 1176 4314 festinavit,
1212 4249 1267 4298 et
1295 4260 1573 4314 gressum
1607 4243 1925 4299 intendens
1953 4244 2281 4301 festinatio-

623 4347 765 4389 nem
820 4331 1184 4387 acceleravit.
1237 4333 1350 4388 Sed
1397 4332 1871 4405 speculatoribus
1927 4335 2281 4406 Scytharum

2384 3173 2470 3229 οὖν
2509 3180 2597 3228 καὶ
2628 3175 2854 3243 πλείους,
2896 3178 2944 3228 οἱ
2985 3172 3043 3227 δὲ
3090 3195 3181 3227 και
3230 3176 3476 3238 ἐλάττους
3542 3175 3709 3246 ελεγον.
3742 3173 3790 3223 Οἱ
3826 3172 3875 3238 μὲν

2382 3262 2469 3319 οὖν
2536 3268 2726 3318 Σκύθαι
2782 3270 2874 3324 τὴν
2931 3262 3214 3340 Ἀδριανοῦ
3270 3265 3675 3342 παραμείψαντες
3722 3264 3771 3313 τὰ
3809 3275 3875 3329 περ(

2381 3358 2467 3407 τόν
2528 3358 2760 3427 ποταμόν
2816 3355 2876 3407 οὗ
2934 3354 3143 3426 Ῥηγίνα
3210 3358 3445 3428 τοῦνομα
3505 3354 3633 3407 λείαν
3679 3350 3873 3403 imo-3m,

2383 3449 2472 3497 καὶ
2501 3446 2567 3496 τὰ
2596 3443 2746 3517 πέριξ
2782 3452 2873 3496 τοῦ
2928 3440 3321 3516 Διδυμοτοίχου
3369 3449 3547 3519 χωρία
3574 3440 3808 3495 ἐσκύλευον·
3839 3434 3875 3483 Οἱ

2386 3531 2445 3587 δὲ
2472 3533 2860 3606 προλελεγμένοι
2915 3537 3247 3607 στρατάρχαι
3310 3542 3404 3587 τοῦ
3454 3534 3523 3596 εἰς
3561 3536 3615 3584 τὸ
3662 3524 3874 3598 Διδυμὸτοι·

2386 3643 2485 3697 χον
2533 3622 2992 3696 καταλελειμμένου
3054 3626 3464 3696 στρατεύματος,
3535 3630 3623 3674 τῶν
3678 3614 3874 3691 βασιλικέν

2388 3711 2775 3784 ἐπιλελησμένοι
2852 3711 3201 3787 προστὰξεων,
3314 3711 3718 3768 καθοπλισθέντες
3795 3702 3873 3752 κατά

2386 3810 2486 3853 τῶν
2526 3802 2732 3854 Σκυθῶν
2782 3799 3112 3875 ἐφώρμησαν.
3181 3802 3247 3852 Oi
3301 3805 3394 3873 μεν
3442 3797 3527 3854 οὖν
3578 3799 3792 3869 Ῥωμαῖοι,
3828 3788 3875 3838 οἷα

2387 3891 2504 3951 ἔθος
2542 3890 2739 3959 αύτοίς,
2795 3886 3126 3962 δυσαχθέσιν
3175 3889 3355 3953 ὅπλοις
3408 3892 3733 3961 κατὰφρακτοι
3778 3876 3872 3938 ἥσω·

2389 3982 2436 4033 οἱ
2465 3975 2523 4033 δὲ
2550 3981 2743 4032 Σκύθαι
2790 3987 2973 4052 κοῦφοι
3011 3978 3221 4031 ὁπλῖται
3249 3982 3367 4051 (30)
3413 3985 3501 4032 καὶ
3549 3977 3699 4040 τόξοις
3742 3976 3874 4042 χρώμε-

2388 4088 2484 4121 νοι.
2529 4069 2797 4142 Μακρόθεν
2829 4063 2915 4119 οὖν
2980 4068 3124 4119 οὗτοι
3169 4075 3273 4129 τοῖς
3329 4067 3505 4141 βέλεσι
3541 4069 3649 4127 τοὺς
3684 4059 3875 4132 Ῥωμαίθνῖ
3948 4100 3949 4109 ι

2390 4157 2596 4211 ἔϐαλλον
2633 4162 2722 4208 καὶ
2770 4160 2887 4217 τοὺς
2928 4157 3112 4217 ἱππους
3159 4156 3474 4232 ἐτίτρωσκον
3511 4160 3595 4208 καὶ
3638 4145 3875 4233 πεζοὺςτθέί

2395 4249 2615 4307 ἱππότας
2670 4241 2871 4320 ῥᾳδίως
2954 4246 3177 4316 ἐποίουν,
3239 4252 3330 4298 καὶ
3383 4246 3515 4305 τέλος
3580 4246 3813 4316 τρέπουσιν.
3852 4233 3875 4278 Ο

2393 4339 2482 4409 μὲν
2513 4331 2600 4387 οὖν
2640 4334 2886 4391 Μανουὴλ
2928 4336 2953 4386 ὁ
3013 4338 3290 4411 Λὰσκαρις
3356 4338 3640 4406 ταχύτατον
3694 4332 3795 4397 ἔχων
3825 4336 3874 4369 7"

626 4421 952 4477 exercitum
994 4437 1182 4493 prope
1205 4437 1336 4477 esse
1369 4422 1888 4486 denuntiantibus,
1911 4422 2012 4477 ubi
2037 4438 2138 4477 eos
2170 4440 2280 4495 pa-

2397 4426 2568 4493 ῖππον,
2613 4424 2667 4475 ὃν
2718 4429 2807 4476 καὶ
2849 4420 3201 4497 Χρυσοπόδην
3259 4424 3486 4492 ἐκάλεσε,
3542 4421 3683 4494 φυγὰς
3734 4413 3786 4472 εἷς
3822 4424 3873 4457 7"

624 4510 816 4567 lantes
840 4509 1082 4577 audivit,
1116 4526 1185 4566 eo
1221 4511 1563 4566 universum
1611 4510 1935 4566 exercitum
1963 4517 2183 4580 movet,
2226 4520 2283 4569 et

627 4615 751 4657 uno
774 4599 868 4655 die
894 4598 1366 4671 quadringentas
1392 4599 1565 4671 134
1588 4604 1643 4655 et
1663 4599 1921 4671 amplius
1941 4602 2285 4657 mansiones

627 4706 990 4765 permensus
1016 4694 1121 4747 est.
1147 4691 1422 4747 Attamen
1449 4691 1508 4745 in
1534 4706 1636 4745 eos
1665 4705 1786 4744 non
1810 4690 2015 4747 incidit
2043 4710 2055 4760 ;
2098 4692 2284 4748 celere

3012 4515 3037 4565 ὁ
3095 4510 3155 4566 δὲ
3202 4518 3541 4589 Μαργαρίτης
3600 4504 3873 4591 limatur???

2393 4602 2540 4673 ἑάλω,
2589 4608 2679 4655 καὶ
2714 4602 2857 4655 ἄλλοι
2910 4602 3088 4655 πολλοὶ
3134 4603 3245 4675 μετ’
3295 4603 3455 4655 αὑτοῦ
3499 4609 3589 4654 τῶν
3633 4596 3693 4656 εἰς
3734 4597 3873 4658 “7m;

2392 4696 2709 4765 τεταγμένων
2790 4700 2882 4753 τῆς
2975 4698 3245 4765 στρατιᾶς,
3323 4690 3408 4753 ούς
3496 4694 3579 4741 καὶ
3629 4677 3871 4752 ἀπημόλησθ

2395 4511 2679 4588 Ἀδριανοῦ
2715 4519 2885 4584 ᾤχετο
2940 4534 2952 4546 ·

1498 4788 1836 4856 Theodori
1885 4790 2136 4859 Dousaa
2185 4799 2250 4859 et
2297 4789 2549 4859 Leonis
2598 4788 2832 4857 Allatii
2883 4800 3083 4857 notae.

696 4908 811 4984 (29)
830 4911 929 4963 Τόν
949 4909 1289 4984 Περσάρχην.
1310 4907 1704 4984 (ἥψω-δαν.
1731 4910 1816 4973 56,
1839 4906 1920 4962 ait
1947 4906 2139 4984 fcedus
2156 4924 2286 4962 cum

624 4982 849 5068 Turcis,
882 4982 1045 5050 quod
1061 4982 1244 5068 pater
1264 4982 1657 5064 percusserat,
1691 4993 2035 5061 renovasse.
2063 4982 2208 5068 ἔδω..

697 5045 843 5121 (30)’
896 5045 995 5103 Καὶ
1054 5045 1189 5110 ἦσαν
1256 5045 1433 5111 ὅπλοις
1500 5053 1878 5122 κατάφρακτοι,
1920 5052 1996 5122 ὀἱ
2034 5045 2108 5122 ,δὲ
2163 5052 2285 5122 Σκύ-

631 5119 719 5173 θαι
749 5119 931 5192 κοῦφοι
973 5123 1203 5177 ὁπλῖται.
1238 5125 1540 5177 Romanos
1582 5119 1795 5177 milites
1835 5119 2069 5174 induxit
2105 5120 2281 5192 etiam

629 5206 814 5262 supra
840 5191 1006 5260 gravi
1038 5198 1342 5249 armatura
1384 5193 1645 5249 munitos
1686 5197 1742 5247 et
1771 5196 2086 5262 propterea
2113 5191 2281 5247 inha-

626 5261 797 5336 biles,
850 5267 1057 5319 contra
1124 5265 1373 5336 Scythas
1403 5335 1410 5336 ί
1440 5264 1673 5319 levibus
1731 5261 1935 5336 armis
1975 5262 2281 5336 expeditos

630 5332 1108 5406 succinctosque,
1142 5332 1243 5391 ubi
1278 5335 1633 5390 Balduinum
1669 5350 1703 5389 a
1731 5332 2015 5406 Scythico
2046 5334 2279 5406 equita-

629 5408 693 5478 tu
723 5403 1199 5478 circumventum
1231 5413 1595 5478 captumque
1630 5404 1852 5478 scribit.
1890 5403 2275 5478 Herodianus,

627 5475 730 5533 lib.
754 5492 849 5545 vn,
884 5476 945 5531 in
972 5474 1347 5550 expeditione
1368 5476 1637 5548 quadam
1670 5474 1968 5550 Maximini
1991 5475 2280 5533 adversus

631 5544 978 5613 Germanos,
1011 5544 1124 5606 hoc
1155 5544 1562 5618 eodem—pene
1610 5562 1747 5618 cum
1802 5544 2021 5602 militiae
2068 5562 2281 5616 genere

630 5637 807 5678 usum
869 5620 1045 5677 tradit
1104 5640 1115 5675 :
1172 5614 1429 5675 Μαλιστοῖ
1493 5614 1551 5670 δε
1612 5619 1660 5670 οἱ
1709 5616 2010 5672 ἀκοντισταὶ
2074 5614 2167 5672 καὶ
2233 5619 2282 5672 οἰ

2393 4906 2597 4969 τοξόται
2629 4910 2757 4979 πρὸς
2784 4908 2873 4967 τὰς
2894 4912 3160 4994 Γερμανῶν
3191 4907 3367 4978 μάχας
3398 4900 3664 4994 imi-fidat);
3687 4892 3869 4994 δοκονῖιέ

2401 4977 2413 4993 Ὠ
2558 4982 2566 4993 ρ
2712 4982 2721 4993 ο
3042 4986 3061 4994 -
3210 4981 3220 4993 1
3430 4977 3441 4994 9
3577 4993 3584 4994 κ
3606 4991 3627 4994 Δ
3665 4973 3784 4994 -..ι-ι’.

2394 4967 2749 5052 ἐπιτρέχοντές
2798 4997 2853 5029 τε
2908 4967 3082 5052 αύτοῖς
3133 4967 3335 5050 κούφως
3388 4977 3444 5029 οὗ
3499 4967 3872 5052 πρηοσδοκῶῖίμξξί

2394 5030 2787 5123 ἁναέίωῖὸοῡντες
2822 5046 2927 5123 ῥᾳδ
2934 5054 3025 5123 ίως
3050 5030 3081 5103 ξ’
3098 5030 3390 5123 Caeterum
3407 5030 3736 5123 Ῑαεὰίᾳιοςτε

2394 5109 2651 5192 ιαιίίῗᾳὶιθ
2670 5109 2927 5191 θενεᾶιιῖο
2948 5122 3232 5177 adversus
3253 5109 3558 5177 Germ'anos
3573 5113 3700 5192 bell?
3709 5109 3869 5192 7711991”:

2387 5176 2528 5262 pere
2552 5176 2762 5247 ἰ’άοῖιέί
2801 5176 3100 5258 videntur,
3141 5192 3424 5262 siquidem
3465 5180 3693 5261 expediti
3722 5176 3869 5262 Ιξίιείξζξ

2391 5248 2737 5334 opprimunt
2763 5248 3098 5325 incautum,
3126 5248 3422 5334 facileque
3446 5248 3634 5334 rursus
3660 5256 3708 5305 in
3742 5248 3866 5334 m‘ﬁ’f

2389 5312 2791 5407 εἷ’ἶθθσίρίιιηι.
2824 5312 3192 5407 Jaculatores
3223 5312 3341 5407 ho;
3362 5312 3866 5407 ὀρωομευιοξζ
3948 5312 3949 5379 Ἰ

2388 5382 2669 5477 Γὴοθηὸε,
2710 5406 3139 5477 Armeniosque
3170 5403 3514 5477 etiPAarthos
3541 5382 3865 5477 fuissgiiiijff

2391 5483 2599 5534 auctor
2646 5464 2861 5535 innuit.
2892 5464 3110 5533 Eode‘m
3168 5475 3381 5532 militiae
3429 5488 3530 5528 seu
3578 5464 3862 5533 malim?“

2391 5565 2526 5572 _-.--
2603 5549 2923 5572 n-|_i.-:--.--
2976 5549 3299 5572 ε-...,-....ι,...
3346 5563 3371 5572 ..
3427 5541 3641 5572 ρπειαίηη
3683 5524 3862 5572 animam

2387 5530 2557 5605 ὖᾷιῖεῖ
2573 5530 2588 5532 “
2603 5530 2929 5604 summa;
2946 5530 2961 5533 θ
2974 5530 3327 5619 asseras;
3343 5563 3379 5602 a
3417 5541 3641 5619 ,Syihico
3664 5530 3864 5619 39319“

2391 5620 2833 5677 circumventus
2878 5607 3331 5695 oppressusque
3376 5607 3604 5672 videtur.
3660 5607 3813 5661 Ποσει·
