4084 6212
232 289 370 345 1145
1755 227 2103 350 ΑΝᾶΑΙλΕΞ.
3455 287 3589 344 1146

227 421 340 476 τοῖς
369 411 682 486 Βουλγοίροις
717 413 766 464 οἱ
803 413 1015 467 Σκύθαι.
1066 410 1125 466 Ὀ
1182 413 1272 487 μὶν
1303 411 1390 466 οὖν
1447 411 1697 486 βασιλεὺς
1764 417 1830 467 τά

1947 417 2106 473 enim
2157 417 2421 473 adventu
2462 416 2838 491 imperatoris
2893 413 3152 486 cognito,
3186 412 3363 468 citato
3413 425 3593 466 cursu

225 508 348 576 περὶ
379 505 565 555 τούτου
607 502 785 574 μαθὼν
827 501 1036 570 ἠνιάθη,
1098 504 1316 554 ἔσπευσε
1376 498 1435 554 δὲ
1493 498 1588 554 διά
1633 504 1831 574 τάχους

226 592 313 648 ἐπὶ
349 597 438 646 τὸν
476 600 569 645 τοῦ
625 591 1056 664 Βουλγαροφύγου
1104 601 1280 667 χῶρον
1333 591 1512 663 ἐλθεῖν,
1577 597 1667 646 καὶ
1714 591 1830 646 ἐπι-

224 687 397 744 τείνας
451 685 536 734 τὸν
589 677 784 755 δρόμον
881 679 1125 756 ὀξυτέραν
1200 682 1360 735 ἐποίει
1433 685 1524 740 τήν
1600 687 1827 740 κίνησιν·

225 771 368 825 Ἐπεὶ
399 767 458 824 δὲ
488 775 579 822 καὶ
627 771 676 822 οἱ
731 777 1020 843 πενστῆρες
1067 771 1294 842 ἔφασκον
1349 770 1500 842 ἐγγύς
1552 774 1832 844 τυγχάνειν

221 863 282 913 τὸ
352 861 598 914 Σκυθινὸν
677 862 998 932 στράτευμα,
1075 860 1197 911 ἔνθα
1276 858 1470 921 αύτούς
1538 861 1831 935 περιπολεῖν

1944 503 2150 575 fugam
2182 504 2580 578 arripuerunt.
2622 511 2677 561 et
2711 504 2980 578 plerique
3011 518 3218 557 eorum
3249 504 3305 554 et
3333 497 3591 554 nationis

1944 593 2299 650 celebriores
2327 595 2554 650 circum
2580 596 2768 667 Bizyae
2813 599 2948 650 loca
2988 591 3261 649 trucidati
3293 595 3451 644 sunt.
3478 590 3593 659 Spe

1942 683 2259 740 frustratus
2280 685 2606 756 imperator
2621 686 2698 740 ad
2725 684 2976 740 ﬂuvium
2994 682 3088 738 cui
3107 680 3342 749 Reginae
3369 691 3593 732 nomen

1943 778 2139 830 castra
2169 779 2445 840 metatur,
2478 773 2682 846 ibique
2705 773 3054 829 universum
3087 770 3242 844 cogit
3270 766 3593 823 exercitum

1942 861 2300 918 insolentem
2333 878 2478 918 sane
2497 867 2676 934 atque
2702 861 3166 934 amplissimum.

223 948 415 1022 ελεγον,
487 948 652 1002 ἐκεῖσε
699 951 789 1000 καὶ
849 953 1024 1000 πᾶσαν
1087 947 1239 1000 ἐκίνει
1303 952 1396 1006 τήν
1459 951 1730 1022 στρατιάν.
1797 953 1898 1004 Καὶ
1952 952 2145 1025 ἡμέρας
2209 953 2299 1024 μεν
2366 957 2491 1024 μιᾶς
2556 950 2762 1012 πλείους
2825 959 2922 1004 τῶν
2987 952 3333 1024 τετρακοσίων
3399 940 3597 1016 διεξῄει

225 1035 310 1111 [Ρ.
379 1037 470 1113 69]
534 1038 815 1108 σταθμούς,
882 1037 977 1089 ούκ
1029 1037 1266 1112 ἐνέκυρσε
1310 1034 1369 1092 δε
1418 1042 1619 1101 τούτοις
1677 1060 1690 1072 ·
1748 1038 2143 1112 ἐμεμαθήκεσαν
2195 1043 2294 1114 γάρ
2349 1042 2466 1111 (31)
2512 1061 2602 1092 και
2654 1037 2798 1093 οὖτοι
2846 1044 2938 1099 τήν
2996 1046 3215 1110 ταχεῖαν
3272 1041 3364 1088 τοῦ
3439 1031 3594 1106 βασι-

221 1127 348 1192 ξέως
371 1124 577 1200 ἐφοδον,
601 1147 690 1178 και
719 1128 789 1189 ὡς
819 1126 963 1198 εἶχον
1019 1123 1194 1180 ποδῶν
1247 1131 1451 1200 ἔφυγον,
1494 1149 1581 1182 και
1640 1127 1847 1190 πλείους
1904 1125 1964 1182 δε
2007 1128 2060 1192 ἐξ
2110 1129 2278 1181 αὐτῶν
2315 1149 2406 1182 και
2472 1134 2893 1205 περιφανέστεροι
2947 1137 3036 1181 τοῦ
3094 1129 3270 1187 ἐθνους
3326 1127 3441 1196 περί
3489 1141 3592 1174 που

220 1218 292 1269 τά
353 1220 483 1292 μέρη
540 1223 634 1278 τῆς
706 1215 900 1277 Βιζύης
964 1213 1141 1288 ξίφους
1197 1217 1345 1290 ζογον
1407 1220 1654 1289 ἐγένοντο.
1708 1217 2019 1290 Ἀποτυχών
2063 1226 2189 1290 γοῦν
2239 1228 2333 1281 τῆς
2382 1219 2737 1295 ἐγχειρήσεως
2800 1221 2994 1278 ταύτης
3059 1219 3083 1269 6
3145 1213 3394 1288 βασιλεὺς
3468 1214 3590 1285 περί

219 1308 310 1358 τὸν
380 1308 610 1378 ποταμὸν
657 1303 711 1367 ὃς
776 1303 986 1376 Ῥηγίνα
1037 1304 1272 1358 καλεῖκαι
1313 1311 1406 1365 τήν
1461 1312 1656 1367 σκηνὴν
1709 1306 1881 1376 ἔπηξε,
1939 1327 2028 1359 και
2083 1313 2258 1361 πᾶσαν
2307 1309 2470 1362 ἐκεῖσε
2529 1308 2717 1372 συνῆξε
2766 1313 2860 1368 τήν
2931 1308 3178 1382 στρατιάν
3260 1304 3326 1364 εἰς
3391 1301 3586 1361 πλῆθος

222 1392 392 1448 οὖσαν
419 1393 551 1447 πολὺ

300 1482 404 1557 ξβ.
433 1482 490 1536 Ὀ
528 1486 620 1556 μὲν
657 1491 754 1535 τῶν
800 1483 846 1518 ⁸⁸
913 1482 1214 1556 Βουλγάρων
1268 1484 1382 1555 (32)
1434 1480 1824 1558 ἆρχωηέπειδὴ

219 1576 300 1644 μὴ
359 1569 754 1648 διαπράξασθαί
801 1590 853 1624 τι
907 1575 1042 1624 κατά
1097 1571 1360 1645 Ῥωμαίων
1420 1570 1702 1632 ἐδεδύνητο
1736 1579 1828 1625 τοῦ

217 1660 483 1736 βασιλέως
532 1657 988 1733 ἐπιδεδημηκότος
1035 1663 1167 1733 μετά
1251 1664 1514 1715 τοσούτων
1583 1682 1830 1738 στρατευ-

216 1752 400 1824 μάτων
439 1749 486 1803 ἐν
539 1757 598 1822 τῇ
661 1745 842 1822 δυσμῇ
897 1769 988 1801 και
1027 1749 1449 1812 πεπλησιακὸτος
1497 1759 1558 1824 τῇ
1622 1751 1826 1819 ἑαυτοῦ,

216 1842 304 1902 εἰς
338 1836 567 1900 σπονδάς
626 1838 895 1912 ἐτράπετο,
945 1859 1036 1891 και
1093 1843 1179 1891 τὸν
1235 1841 1476 1916 πενθερὸν
1521 1840 1682 1893 αύτοῦ
1743 1845 1830 1894 τὸν

215 1929 413 1983 Ῥῶσον
481 1927 668 2003 Οὖρον,
718 1935 808 1981 τοῦ
859 1928 1021 2003 ῥηγός
1094 1928 1357 2002 Ούγγρίας
1447 1928 1532 1982 ἐπί
1607 1931 1830 2004 θυγατρί

214 2018 467 2072 τελοῦντα
507 2016 764 2092 γαμϐρὸν,
833 2025 1143 2090 μεσιτεύσαι
1196 2020 1262 2070 τά
1319 2018 1394 2080 εἰς
1461 2019 1668 2095 εἰρήνην
1746 2018 1831 2093 βεο

216 2107 516 2162 ϐὁύλευται.
573 2110 672 2160 Καί
719 2115 905 2180 πρῶτα
955 2109 1044 2180 μεν
1099 2107 1292 2160 ἐστειλε
1365 2107 1615 2177 πρέσϐεις
1695 2112 1830 2185 πρὸς

216 2201 315 2250 τὸν
371 2194 597 2269 βασιλέα
646 2200 1186 2268 προοικονομήσοντας
1224 2201 1318 2254 τήν
1368 2197 1440 2258 εἰς
1511 2198 1665 2251 αὐτὸν
1737 2206 1828 2251 τοῦ

221 2284 401 2360 Οὔρου
431 2284 604 2358 ἄφιξιν
628 2283 722 2348 ἔξω
776 2289 961 2346 πτοίας
1011 2304 1066 2338 τε
1118 2281 1249 2337 εἶναι
1307 2305 1394 2338 και
1443 2286 1657 2360 ἐντίμως
1705 2292 1830 2360 πρὸς

219 2381 320 2427 τοῦ
375 2371 635 2446 βασιλεως
679 2369 960 2445 δεχθῆναι.
1023 2376 1124 2426 Καί
1171 2377 1348 2445 γέγονε
1404 2383 1590 2444 ταῦτα,
1647 2397 1737 2428 και
1802 2378 1828 2428 ὁ

225 2458 398 2538 οὖρος
444 2462 516 2524 εἰς
563 2466 650 2515 τὸν
700 2460 924 2536 βασιλέα
981 2460 1208 2535 άφίκετο.
1244 2459 1475 2536 Ἐδέχθη
1509 2473 1635 2536 γοῦν
1686 2469 1830 2539 παρά

227 2557 330 2603 τοῦ
377 2551 755 2626 αὐτοκράτορος
813 2549 1045 2624 ἀσμένως
1091 2571 1145 2604 τε
1201 2572 1291 2605 και
1347 2557 1473 2624 μετά
1526 2562 1621 2616 τῆς
1666 2575 1829 2631 προσ-

231 2643 474 2700 ηκούσης
499 2639 870 2714 φιλοτιμήσεως
899 2661 988 2694 και
1043 2641 1194 2703 οὗτός
1233 2661 1286 2694 τε
1340 2663 1430 2694 και
1482 2645 1531 2695 οἱ
1569 2644 1680 2717 μετ’
1738 2645 1828 2698 αύ-

228 2736 349 2796 τοῦ,
392 2749 479 2782 και
530 2734 623 2788 τήν
672 2730 878 2806 εἰρήνην
916 2735 1194 2788 πεποίηκεν
1293 2731 1680 2806 ἐπομοσάμενος
1737 2731 1828 2786 δι-

224 2823 366 2890 καίῳ
423 2838 477 2872 τε
523 2819 684 2872 αύτοῦ
723 2840 813 2872 και
878 2827 970 2872 τοῦ
1044 2819 1286 2893 γαμϐροῦ
1355 2821 1515 2874 αὐτοῦ
1568 2830 1661 2875 τοῦ
1728 2831 1827 2876 τῶν

226 2906 540 2979 Βουλγάρων
593 2909 867 2981 ἄρχοντος,
919 2906 1242 2969 ἀπολυθῆναι
1303 2913 1394 2982 μὲν
1468 2915 1600 2986 πρὸς
1671 2911 1826 2964 αύτόν

226 2995 459 3070 βασιλέα
482 3000 540 3049 τὸ
567 3006 662 3060 τῆς
701 2998 989 3061 Τζεποίνης
1032 3000 1169 3050 ἄστυ
1209 3001 1385 3064 (τοῦτο
1439 3002 1538 3076 γάρ
1587 3021 1677 3052 και
1733 3005 1828 3074 μό-

2010 1488 2096 1540 62.
2131 1483 2528 1554 Bulgarorum
2551 1485 2788 1542 interim
2816 1485 3118 1558 princeps,
3151 1481 3254 1537 ubi
3276 1481 3595 1536 adversum

1938 1576 2240 1630 Romanos
2273 1573 2650 1648 imperatoris
2681 1591 2818 1630 cum
2852 1579 2973 1630 tam
2991 1572 3094 1629 ubi
3125 1571 3307 1627 ubere
3330 1568 3512 1624 milite
3534 1567 3594 1622 in

1939 1663 2324 1720 Occidentem
2354 1680 2602 1721 accessu
2633 1663 2914 1737 illiusque
2945 1662 3241 1718 vicinitate
3301 1657 3592 1730 proﬁcere

1937 1753 2267 1826 quicquam
2299 1770 2420 1810 non
2463 1757 2686 1827 posset,
2723 1753 3050 1809 amicitiam
3085 1755 3140 1806 et
3160 1748 3356 1805 fcedus
3409 1744 3594 1818 petiit,

1938 1847 1994 1898 et
2025 1845 2248 1898 Rosum
2279 1845 2461 1899 Urum
2494 1845 2746 1908 socium,
2784 1842 3056 1912 Ungarize
3087 1839 3244 1910 regis
3278 1850 3588 1907 generum,

1938 1933 2112 2004 cujus
2132 1932 2417 1989 arbitratu
2435 1932 2852 1989 communibus
2878 1931 3130 2000 negotiis
3162 1927 3590 1994 consuleretur,

1938 2022 2223 2081 destinat.
2265 2023 2522 2078 Primum
2557 2027 2755 2078 tamen
2796 2021 2976 2093 legati
3037 2019 3115 2076 ad
3163 2018 3591 2089 imperatorem

1939 2111 2252 2183 praemissi,
2269 2111 2697 2184 profectionem
2712 2111 2786 2166 ad
2802 2126 2940 2165 eum
2963 2108 3076 2171 Uri.
3092 2113 3156 2162 ut
3172 2106 3402 2178 absque
3425 2102 3596 2159 timo-

1870 2193 1909 2246 Β
1939 2214 2000 2254 re
2031 2203 2204 2264 esset,
2239 2199 2384 2272 quin
2415 2200 2593 2255 etiam
2618 2204 2680 2255 ut
2700 2197 2797 2254 ille
2837 2196 3158 2252 honoriﬁce
3198 2194 3589 2264 exciperetur,

1938 2293 2302 2361 praeparant.
2333 2291 2395 2344 Et
2426 2287 2690 2361 profecto
2712 2288 2793 2343 ita
2821 2303 2882 2342 se
2910 2301 3006 2341 res
3034 2283 3263 2349 habuit,
3327 2286 3384 2336 et
3441 2281 3592 2334 Urus

1939 2377 2016 2434 ad
2042 2378 2463 2449 imperatorem
2495 2392 2560 2432 se
2589 2374 2856 2432 contulit.
2900 2377 3032 2446 Ipse
3058 2377 3116 2429 et
3169 2371 3265 2427 alii
3291 2368 3395 2442 qui
3452 2381 3593 2421 cum

1939 2483 2010 2524 eo
2041 2471 2436 2535 accesserant,
2465 2463 2883 2522 lubentissime
2914 2467 2971 2519 et
2998 2461 3216 2518 debitis
3259 2455 3590 2514 honoribus

1940 2555 2018 2612 ab
2050 2556 2406 2627 imperatore
2433 2555 2770 2610 afﬁciuntur
2796 2571 2808 2618 ;
2829 2566 3019 2624 quare
3038 2566 3147 2605 suo
3165 2553 3222 2604 et
3239 2545 3438 2618 generi
3468 2542 3592 2599 Bul-

1939 2660 2222 2718 garorum
2237 2643 2520 2716 principis
2529 2643 2662 2714 jure
2681 2644 2724 2712 1
2738 2641 2790 2714 3
2803 2642 2853 2714 5
2877 2641 3055 2698 etiam
3073 2637 3471 2710 jurejurando
3491 2647 3593 2705 pa-

1938 2750 2068 2790 cem
2101 2733 2381 2800 ﬁrmavit,
2405 2748 2470 2788 ea
2495 2731 2836 2788 conditione
2873 2735 2938 2786 ut
2961 2733 3261 2800 Tzepaanze
3293 2722 3589 2797 oppidum

1937 2821 2132 2878 solum
2156 2837 2228 2877 ex
2260 2820 2346 2890 iis,
2363 2821 2475 2875 sub
2491 2819 2717 2876 ditione
2737 2817 2983 2874 Joannis
3005 2813 3382 2887 imperatoris
3399 2813 3591 2874 erant,

1938 2909 2252 2980 aBulgaris
2265 2914 2392 2964 tum
2411 2912 2774 2980 occupatum
2791 2903 3134 2978 imperatori
3159 2902 3588 2962 restitueretur,

1937 2999 2257 3074 imperator
2286 2997 2410 3053 vice
2441 3012 2616 3054 versa
2635 2995 2958 3052 amicitiam
2983 2998 3040 3048 et
3057 3006 3264 3064 pacem
3299 3004 3436 3044 cum
3467 2984 3595 3040 Bul-

219 3106 317 3140 νον
339 3089 480 3160 παρά
507 3095 608 3139 τῶν
660 3087 962 3162 Βουλγάρων
1009 3093 1286 3160 κατείχετο
1341 3087 1425 3162 ἀφ’
1476 3090 1543 3141 ὧν
1603 3093 1628 3142 ὁ
1668 3090 1827 3164 βασι-

1945 3091 2101 3162 garis
2134 3087 2524 3155 continuaret,
2558 3091 2614 3142 et
2643 3089 2892 3156 uterque
2943 3079 3209 3153 antiquis
3262 3075 3593 3134 conﬁnium

221 3175 348 3237 ).εύς
372 3177 608 3237 Ἰωάννης
639 3176 884 3250 ἐκράτει),
939 3177 1144 3252 εἰρήνην
1204 3197 1258 3231 τε
1306 3182 1437 3254 πρὸς
1490 3183 1613 3242 τούς
1671 3178 1828 3232 Βουλο

220 3267 428 3338 γὰρους
451 3269 592 3338 ἐχειν
612 3269 700 3319 τὸν
727 3265 970 3340 βασιλέα,
1027 3271 1118 3320 καί
1172 3267 1388 3341 ἐκάτερα
1428 3270 1494 3321 τά
1547 3273 1676 3343 μέρη
1720 3276 1829 3332 τοῖς

223 3353 561 3428 παλαιτεροις
617 3357 779 3430 ὁρίοις
842 3355 1136 3429 ἀρκεῖσθαι.
1217 3357 1357 3410 Ἐπεί
1425 3364 1551 3429 γοῦν
1635 3359 1830 3410 οὑτωσί

223 3449 387 3498 ταυτί
436 3448 572 3498 κατά
613 3451 822 3520 γνώμην
865 3445 1156 3500 τετέλεσται
1202 3454 1274 3518 τῷ
1327 3454 1625 3520 κρατοῦντι,
1671 3449 1696 3500 6
1742 3450 1832 3520 μὶν

227 3531 407 3609 οὖρος
431 3539 551 3598 τούς
609 3544 705 3596 τῆς
753 3533 1141 3609 ἀπεχωρήσεως
1194 3536 1402 3600 ἐξειπὼν
1469 3536 1655 3610 λόγους
1695 3538 1834 3612 ἐξηει

228 3623 527 3699 βασιλικῶν
552 3628 903 3702 χαρισμάτων
923 3630 1101 3697 τυχὼν
1129 3627 1215 3698 (τά
1260 3623 1313 3679 δ’
1371 3622 1506 3685 ἦσαν
1551 3627 1624 3689 εἰς
1666 3630 1833 3680 εἴκοσι

223 3711 491 3785 χιλιάδας
578 3713 1005 3788 άποριθμούμενα
1069 3715 1307 3768 ἁπάντων
1389 3721 1828 3790 συνεισαγομένων

1941 3179 2207 3236 terminis
2233 3177 2652 3233 contineretur.
2688 3173 2794 3230 Ubi
2825 3189 2919 3228 res
2945 3186 3054 3243 pro
3085 3168 3372 3225 arbitratu
3401 3166 3592 3236 impe-

1940 3266 2152 3325 ratoris
2185 3265 2487 3330 successit,
2513 3265 2662 3321 Urus
2687 3263 2762 3317 de
2810 3260 3003 3316 reditu
3049 3272 3326 3314 sermone
3376 3253 3592 3311 collato

1939 3355 2242 3429 egreditur
2254 3352 2653 3427 imperatoriis
2665 3349 3017 3408 muneribus
3031 3353 3264 3404 auctus.
3282 3349 3500 3401 Eorum
3515 3341 3593 3400 ad

1939 3444 2148 3516 viginti
2165 3443 2370 3502 millia,
2390 3442 2438 3497 si
2459 3441 2850 3498 donariorum
2869 3453 3048 3495 omne
3073 3452 3284 3509 genus,
3298 3448 3594 3506 equorum

1941 3536 2082 3592 item
2114 3550 2184 3590 ac
2205 3531 2495 3588 textilium
2522 3534 2579 3587 et
2609 3529 2882 3593 aliorum,
2935 3527 2997 3582 in
3057 3541 3241 3581 unum
3291 3521 3590 3591 conferas,

1943 3639 2186 3680 summa
2199 3620 2489 3678 ascendit.
2508 3623 2831 3692 Imperator
2842 3621 3138 3691 Tzepaenaa
3161 3613 3594 3671 restitutionem

1942 3716 2300 3786 exspectans
2340 3710 2578 3779 Regina:
2609 3709 3025 3765 cunctabatur.

224 3797 408 3870 εἰδῶν,
459 3803 626 3856 ἵππων
682 3823 736 3857 τε
797 3824 885 3857 και
933 3805 1248 3876 ὑφασμάτων
1304 3823 1394 3856 και
1443 3805 1677 3875 ξοιπῶν),
1732 3806 1758 3856 6
1817 3801 1876 3858 δε
1942 3801 2191 3876 βασιλεύς
2239 3796 2558 3875 διεκαρτέρει
2610 3797 2659 3851 ἐν
2715 3806 2786 3868 τῷ
2838 3804 2930 3858 τῆς
2981 3795 3218 3866 Ῥηγίνης
3265 3795 3426 3862 νόπῳ,
3497 3791 3598 3846 τὴν

224 3900 334 3953 τῆς
360 3892 646 3954 Τζεπαίνης
670 3896 951 3968 περιμένων
980 3891 1254 3948 ἀπόλυσιν.

311 3980 402 4053 ξγ’.
436 3981 733 4055 Συμϐἐϐηκε
759 3984 806 4019 ⁵ο
838 3979 897 4035 δε
927 4002 978 4034 τι
1017 3981 1065 4036 ἐν
1091 3985 1292 4044 τούτοις
1338 3990 1411 4054 τῷ
1458 3987 1572 4036 τότε
1615 3987 1836 4055 πρᾶγμα

233 4073 554 4142 θαυμάσιον,
608 4077 814 4145 μνήμης
866 4091 956 4123 και
1015 4074 1247 4147 ἱστορίας
1288 4071 1451 4136 ἄξιον.
1505 4071 1699 4144 Ἡμέρα
1775 4067 1835 4129 ἦν

227 4167 338 4213 τῶν
385 4158 640 4232 ἐπιφανῶν
695 4179 748 4213 τε
795 4179 885 4212 και
933 4159 1250 4234 ἐορτασίμων
1307 4161 1425 4213 καθ’
1485 4161 1545 4220 ἢν
1595 4165 1689 4219 τήν
1744 4166 1836 4211 τοῦ

227 4256 472 4321 Χριστοῦ
529 4254 930 4325 μεταμὸρφωσιν
957 4251 1007 4302 οἱ
1055 4249 1282 4313 εὐσεϐεῖς
1333 4251 1642 4325 ἐορτάζομεν
1677 4271 1689 4283 ·
1747 4268 1837 4300 και

232 4339 352 4392 ἐπεί
380 4335 487 4391 ἔδει
523 4359 614 4391 και
677 4337 809 4412 άμφί
858 4343 952 4398 τήν
1011 4340 1150 4412 ἱεράν
1209 4345 1604 4412 μυσταγωγίαν,
1655 4342 1724 4401 ὡς
1777 4341 1834 4391 τὸ
1871 4380 1914 4434 D

234 4427 436 4495 εἰωθός,
461 4435 700 4503 παρεῖναι
724 4431 812 4480 τὸν
845 4425 1090 4500 βασιλὲα,
1151 4427 1217 4487 εἰς
1263 4427 1450 4502 ἀργίαν
1497 4431 1522 4480 6
1575 4436 1666 4480 τοῦ
1725 4427 1834 4501 ἀρί-

239 4535 374 4570 στου
395 4519 660 4591 παρετάθη
723 4521 924 4591 καιρὸς.
984 4516 1378 4589 Ἠριστήσαμεν
1425 4525 1550 4589 γοῦν
1590 4537 1682 4569 και
1748 4516 1834 4568 αύο

235 4625 349 4676 τοι,
378 4626 468 4659 και
493 4610 680 4680 μικρὸν
710 4627 762 4659 τι
813 4602 1232 4668 καθευδήσαντες
1292 4605 1610 4678 άνηγέθημεν
1663 4627 1676 4639 ·
1728 4601 1835 4664 ἤδη

239 4691 310 4749 δί
355 4697 382 4748 6
444 4696 589 4758 ἣλιος
647 4704 719 4767 τῷ
767 4696 997 4771 ὁρίζοντι
1042 4696 1372 4768 προσήγγιζέ
1446 4704 1538 4757 τῆς
1608 4691 1835 4766 δυσμῆς.

235 4783 399 4846 Ἐθος
442 4782 502 4838 δὲ
556 4786 768 4860 ὑπῆρχε
804 4792 878 4855 τῷ
927 4783 1140 4857 βασιλεῖ
1183 4788 1300 4856 περὶ
1379 4780 1552 4840 δείλην
1619 4781 1838 4857 ἑσπέραν

2018 3984 2106 4036 63.
2135 3981 2240 4034 Per
2268 3976 2327 4032 id
2343 3980 2580 4047 tempus
2601 3990 2695 4029 res
2709 3972 2953 4046 quidem
2967 3971 3128 4026 dictu
3148 3971 3302 4024 mira
3325 3963 3593 4034 contigit,

1945 4069 2132 4140 digna
2160 4082 2294 4139 quae
2325 4064 2640 4120 hominum
2663 4061 2970 4117 memoriae
2993 4057 3357 4115 ethistoricis
3384 4067 3598 4109 monu-

1947 4157 2160 4214 mentis
2191 4152 2665 4211 commendetur.
2713 4151 2845 4205 Dies
2903 4153 3030 4204 erat
3067 4145 3352 4202 solemnis
3410 4147 3466 4198 et
3524 4156 3598 4196 ex

1947 4245 2390 4304 celebrioribus.
2452 4257 2574 4314 quo
2629 4239 2834 4296 Christi
2889 4235 3448 4309 tansﬁgurationem
3513 4230 3600 4303 pii

1948 4353 2060 4392 nos
2089 4334 2462 4390 celebramus
2491 4350 2503 4399 ;
2536 4335 2593 4386 et
2621 4346 2760 4384 cum
2781 4344 2950 4384 sacro
2974 4324 3300 4390 audiendo,
3325 4327 3390 4379 ut
3410 4320 3597 4376 moris

1948 4431 2092 4492 erat,
2124 4427 2450 4497 imperator
2475 4419 2687 4476 adesse
2717 4419 2978 4484 deberet,
3012 4418 3072 4473 in
3117 4415 3232 4471 diei
3287 4426 3599 4484 vesperam

1949 4514 2270 4589 prandium
2292 4511 2541 4568 dilatum
2569 4515 2672 4565 est.
2707 4507 3056 4564 Prandimus
3069 4511 3121 4562 et
3145 4501 3600 4577 ipsi,paulisper

1949 4605 2388 4670 obdormimus,
2419 4601 2558 4656 dein
2599 4614 2814 4654 somno
2845 4595 3168 4669 experrecti
3195 4590 3595 4659 assurgimus,

1949 4709 2088 4748 cum
2124 4691 2212 4746 sol
2247 4707 2308 4746 se
2331 4691 2389 4744 in
2423 4703 2707 4745 occasum
2732 4686 3142 4758 praecipitaret.
3180 4683 3458 4738 Sueverat
3489 4678 3597 4731 im-

1948 4785 2187 4854 perator
2208 4779 2384 4833 nimis
2411 4792 2541 4833 sero
2562 4776 2902 4848 ineq'litans
2924 4774 3261 4828 universum
3285 4765 3597 4854 circumire

317 4876 363 4909 εν
424 4875 466 4929 D
517 4890 530 4928 Ζ
576 4872 635 4926 Ὀ
680 4881 814 4960 γοῦν
864 4881 963 4926 τῶν
1017 4871 1320 4946 Βουλγάρων
1368 4874 1549 4946 ἄρχων
1605 4875 1763 4960 πτοίέ
1816 4870 2022 4942 ληφθείς
2071 4868 2146 4960 εἰς
2200 4863 2754 4960 σπονδάςρέτράπετο,
2822 4883 2911 4914 και
2985 4864 3072 4912 τὸν
3148 4859 3363 4940 πενρθρὸν
3418 4853 3598 4940 ,αύτοῦ

387 4944 471 4960 9..-.
634 4952 666 4960 Α
955 4953 972 4960 ..
1058 4945 1069 4956 ρ
1161 4947 1170 4958 .
1269 4943 1338 4960 ne
1461 4949 1470 4960 ο
1597 4942 1606 4952 ν
1658 4947 1668 4960 ο
1941 4945 1952 4960 ο
2109 4947 2167 4960 ρ-ν
2196 4957 2255 4960 --ι
2328 4958 2338 4960 μ
2368 4957 2427 4960 μ..
2478 4941 2557 4960 ,λη
2665 4941 2963 4960 ---_-_-.-:_....
3036 4934 3123 4960 _.‘..
3229 4948 3277 4960 ρ..
3392 4943 3596 4960 navum“;

234 4949 343 5026 εόν-
387 4927 573 5026 ’ξίῶσον
629 4927 828 5025 Ούρονλ
881 4953 974 5026 τοῦ
1043 4927 1228 5026 ῥηγὸί
1265 4927 1529 5026 Ούγλγρῒοες
1712 4927 1952 5026 ,θυγατρί
2015 4939 2256 5026 τελοῦντα
2324 4927 2592 5020 γαμϐρὸν,
2660 4927 2966 5020 μεσιτεῦσομ
3036 4934 3136 5026 τὰς
3229 4927 3284 4980 ἐν’
3390 4927 3596 5026 εἰρήνην

238 5014 601 5090 βεϐούλευται.
648 5002 756 5090 ’καί
799 5002 832 5068 ’ὁ
891 5002 1054 5089 Οὖρος
1088 5002 1160 5075 εἷς
1190 5002 1298 5090 ίτόν
1352 5002 1582 5088 Heio-Otia:
1628 5002 1862 5090 άφίκετο,
1897 5002 2009 5064 ’και
2056 5007 2254 5082 ἐδέχθη
2304 5002 2693 5090 προσηκόντως,
2747 5023 2836 5090 και
2884 5008 2993 5087 τὴν,
3028 5002 3234 5090 εἰρῂνλην
3295 5002 3593 5090 πεξοίρκεγ,

235 5073 332 5140 και
383 5093 581 5160 ὤμοσεν
637 5073 977 5160 άπολξοθῆναί
1005 5092 1098 5146 τήν
1144 5073 1428 5150 Τξέπαιναν
1479 5105 1568 5160 και
1617 5073 2300 5160 ἐκάτεροίτάῃμέρηιητοξς
2344 5073 2690 5160 ’παλαιτέροις
2743 5077 2907 5160 ὁρίοις
2973 5073 3264 5160 ἀρκεῖσθαι.
3308 5073 3460 5160 *εἰμί
3498 5144 3507 5160 1
3549 5073 3598 5130 ἐς

235 5162 407 5213 εἴκοσι
425 5143 722 5232 ⁸χιλικάὸέας
750 5141 1461 5232 βασιλικῶννχαρισμάτωνὸ
1493 5153 1656 5232 Οὖρος
1707 5141 1882 5232 τυχῶν
1929 5141 2194 5232 figitfigit}
2353 5141 2604 5232 ﬁaO‘QU-‘I';
2657 5141 2977 5219 διεκὲκρτέρει
3005 5141 3112 5203 ’τὴν
3160 5153 3254 5206 τῆς
3308 5141 3600 5206 Τζέπαίνης

235 5179 407 5213 εικοσι
432 5179 722 5231 χιλικαοας
750 5179 1038 5232 βασιλικῶν
1065 5179 1414 5282 ξαρισματων
1436 5179 1461 5208 ο
1493 5179 1567 5210 υυ
1606 5179 1656 5216 ος
1707 5179 1764 5208 τυ
1770 5179 1854 5227 χω

233 5236 520 5304 περιμένων
548 5229 819 5285 ἀπόλυσιν.
898 5231 946 5265 ⁵ο
968 5237 1075 5302 Συμ
1114 5230 1263 5288 ἐϐηκε
1294 5243 1480 5300 usque
1497 5179 1598 5284 af
1604 5235 1802 5280 σκοποῦ

1945 5179 2084 5228 :gyu.
2151 5179 2194 5206 υ
2245 5179 2302 5204 σε
2353 5179 2528 5223 μαυιΛι

1945 5229 1964 5281 κ.
1999 5224 2285 5295 “2504)
2311 5239 2432 5278 om.
2467 5224 2528 5276 Ι).

1125 5385 1467 5455 Theodori
1515 5387 1768 5453 Dousa;
1817 5394 1884 5452 et
1929 5383 2179 5453 Leonis
2227 5380 2462 5456 Allatii
2510 5390 2713 5450 notae.

309 5551 427 5637 έὲἒ)
454 5550 1002 5637 Ῑὲμ⁸ξιαθῨ²⁶Ξανκ7δΡ
1025 5551 1348 5637 δτθὲοῗίὲῗῑ
1362 5563 1428 5637 Pi
1445 5550 1535 5637 ⁵9·
1556 5548 1714 5637 3}”:

311 5620 426 5696 (32)
454 5620 523 5676 ’0'
543 5620 632 5696 μιν
655 5630 752 5674 τῶν
780 5620 1106 5695 Βουλγάρων.
1130 5623 1445 5692 Gregoras,
1474 5622 1644 5691 p.56.
1675 5620 1814 5674 ALL.

4063 2159 4065 2192 |

4063 2223 4065 2254 |

4065 2322 4067 2352 |

4063 2555 4069 2610 l
