4084 6212
418 0 487 13 κα,

306 224 454 283 1149

1875 223 2220 281 ANNALES-

3529 245 3665 301 “50

303 353 400 424 μὲν
456 350 607 413 οὗτος
625 352 684 404 τὸ
720 353 872 406 Θείον
927 351 1045 405 καθ’
1108 350 1290 405 ἑαυτοῦ
1317 348 1578 422 πολέμιον,
1637 343 1788 420 ἡμεῖς
1841 343 1890 400 δε

2018 347 2399 437 habebimus.
2427 354 2604 409 »Haac
2643 353 2971 428 imperator
3000 358 3179 417 effata
3217 362 3589 437 approbavit,
3609 371 3667 424 et

301 443 435 515 ύπέρ
465 444 659 495 εαυτῶν
701 451 798 504 τῆς
835 441 1078 503 άληθεὶας
1112 446 1203 493 καὶ
1264 448 1357 493 τοῦ
1417 436 1630 491 δικαίου
1672 438 1903 512 ὑπερμα-

300 534 551 603 χόμενον.
588 553 617 581 ››
645 532 803 584 Ταῦτ’
839 534 1064 604 εἴπομεν,
1096 535 1185 583 καὶ
1211 531 1237 582 6
1279 527 1530 602 βασιλεὺς
1586 533 1694 589 τοῖς
1742 525 1905 597 λελεγε

300 624 475 693 μένοις
547 628 814 693 πνῇνεσι.
888 625 988 674 Καὶ
1050 618 1387 695 ῡποστρέφειν
1445 620 1577 692 πρὸς
1629 618 1725 678 τὰς
1778 633 1906 672 σκη-

298 711 399 772 νὰς
458 708 851 783 ίφωρμὴκαμεν.
914 709 1008 772 νὺξ
1069 711 1171 782 γὰρ
1237 704 1369 767 ἤδη.
1412 706 1547 760 Ἀλλ’
1613 707 1644 764 ἡ
1717 704 1901 762 σελήνη

298 797 622 859 πανσέληνος
664 798 800 851 οὖσα
855 807 956 871 φῶς
1011 802 1136 870 ἡμῖν
1194 799 1446 872 παρεῖχεν
1511 799 1655 868 ὀρᾷν·
1721 797 1822 848 Καὶ
1876 795 1903 845 6

299 886 555 961 βασιλεύς
582 883 617 940 δ
623 905 937 960 ιερχομενος,
967 907 995 936 ››
1031 890 1095 939 Τί
1131 886 1253 958 ὑμῖν
1291 885 1433 957 ροκεί
1479 888 1596 956 περὶ
1640 886 1739 936 τὼν
1766 882 1902 936 λελε-

293 979 502 1049 γμένων
536 992 549 1043 ;
578 997 608 1026 »
645 976 792 1037 αὖθις
830 980 1027 1051 ἠρώτα.
1063 980 1165 1029 Καὶ
1220 980 1366 1047 ἡμεῖς
1404 995 1433 1022 ››
1488 976 1663 1046 φευρές
1724 980 1899 1042 τοῦτο,

295 1064 344 1139 ᾦ
374 1065 616 1140 βασιλεῦ.
640 1087 669 1116 ››
703 1073 869 1121 Τοῦτο
891 1063 951 1120 δὲ
980 1066 1086 1139 ούχ
1113 1065 1274 1132 ἅπαξ,
1317 1061 1441 1118 ούδὶ
1474 1062 1557 1127 δίς
1586 1064 1616 1123 ἦ
1644 1082 1735 1115 και
1764 1068 1900 1136 τρίς,

295 1154 434 1208 ἀλλά
494 1160 586 1208 καὶ
639 1155 881 1217 πολλάκις
981 1158 1264 1229 πυθόμενος
1333 1151 1414 1214 ἦν.
1486 1159 1587 1208 Καί
1624 1154 1770 1226 ἡμείς
1808 1155 1902 1215 τὰς

294 1243 610 1315 άποκρῖσεις
647 1243 702 1309 ἐξ
774 1251 896 1298 ἶσου
958 1249 1085 1319 πρὸς
1147 1247 1240 1307 τὰς
1295 1247 1506 1305 πεύσεις
1564 1247 1902 1304 πεποιηκότες

293 1334 622 1406 ὶσιωπῶμεν.
664 1333 727 1386 Ὀ
786 1330 846 1387 δε
898 1338 988 1387 καὶ
1035 1333 1189 1386 πάλιν
1246 1338 1447 1408 ἠρώταο
1498 1334 1638 1386 Ἐπεὶ
1688 1328 1747 1385 δε
1784 1336 1901 1392 τοὺς

292 1421 488 1485 ἄλλους
527 1430 780 1493 σιγῶντας
813 1425 964 1496 ἐώρα,
1005 1426 1133 1497 πρὸς
1173 1442 1236 1494 με
1272 1426 1360 1475 τόν
1424 1421 1573 1493 λόγον
1640 1423 1897 1495 άποστρέ-

293 1532 402 1586 φας
425 1516 682 1585 ἠρώτηκε,
725 1533 754 1561 ››
790 1515 857 1563 Σύ
886 1508 946 1565 δὲ
977 1516 1028 1563 τί
1068 1516 1167 1585 φής
1201 1515 1332 1585 πρὸς
1364 1518 1530 1563 ταῦτα
1570 1527 1583 1565 :
1621 1532 1643 1559 ι
1685 1515 1773 1568 τὴν
1803 1518 1897 1562 τοῦ

293 1605 543 1675 οφφικίου
580 1600 770 1660 κλῆσιν
806 1602 1070 1675 προσθείς·
1146 1621 1174 1651 ιο
1235 1602 1297 1654 Ἦ
1361 1602 1580 1658 τοιαύτη
1647 1600 1897 1662 ύπόθεσις

2018 436 2272 510 quisque
2299 445 2569 497 nostrum
2600 443 2678 499 ad
2713 446 2966 502 tentoria
3012 450 3291 519 progredi
3356 460 3616 526 coeperat
3647 476 3660 514 :

2014 539 2279 598 namque
2300 543 2419 583 nox
2441 531 2647 586 omnia
2684 541 3101 606 occupaverat,
3143 537 3276 593 licet
3304 538 3448 596 luna
3487 542 3664 614 plena

2012 612 2237 671 lumine
2262 618 2651 676 collustraret.
2704 623 3031 695 Imperator
3095 626 3231 683 dein
3294 612 3660 703 praeteriens,

2010 720 2252 762 rursum
2283 723 2396 764 nos
2418 709 2789 777 sollicitare,»
2828 715 2971 786 quid
3028 716 3204 772 nobis
3232 719 3307 775 de
3364 723 3663 793 praedictis

2010 794 2331 853 videretur.
2370 819 2391 847 ι
2418 801 2483 853 Et
2507 815 2618 854 nos
2639 816 2695 867 ;»
2728 801 3096 861 Mendacium
3129 806 3243 864 hoc
3274 814 3381 873 est,
3408 810 3662 883 impera-

2010 887 2123 940 tor.
2156 907 2184 935 ››
2215 888 2281 941 Ει
2302 886 2417 944 hoc
2443 903 2567 943 non
2590 888 2686 945 bis
2724 898 2828 946 aut
2856 897 2960 959 ter,
2991 894 3091 950 sed
3135 897 3463 968 saepissime
3489 900 3664 956 inter-

2010 973 2284 1043 rogabat.
2330 979 2391 1033 Et
2426 991 2540 1032 nos
2580 994 2761 1051 porro
2800 983 3291 1054 responsionibus
3330 988 3659 1061 interroga-

2010 1062 2271 1121 tionibus
2325 1082 2397 1122 ex
2444 1083 2619 1141 aequo
2671 1070 3097 1129 satisfacientes
3147 1074 3516 1133 tacebamus.
3560 1079 3659 1136 Ille

2008 1167 2249 1210 rursum
2280 1156 2637 1228 compellare
2702 1159 2876 1230 138
2909 1160 3019 1217 Sed
3085 1167 3332 1219 caeteros
3388 1166 3658 1223 obmute-

2011 1248 2241 1299 scentes
2270 1244 2519 1301 intuitus
2539 1247 2618 1301 ad
2645 1264 2739 1302 me
2767 1254 3115 1306 convertens
3136 1254 3467 1311 orationem
3489 1256 3655 1314 inﬁt:

2009 1353 2037 1381 »
2056 1334 2139 1388 Tu
2157 1348 2336 1404 porro
2361 1334 2507 1406 quid
2542 1337 2619 1392 ad
2642 1336 2773 1393 haec
2792 1337 2983 1394 dicis?
3001 1362 3028 1389 ‹‹
3048 1343 3104 1395 et
3128 1342 3356 1398 nomini
3390 1344 3657 1402 ofﬁcium

2008 1421 2267 1478 addidit.
2303 1445 2330 1472 »
2355 1426 2474 1479 Hoc
2504 1427 2809 1495 negotium
2835 1439 2912 1483 aa
2927 1433 2979 1483 te
3002 1435 3249 1501 spectat,
3283 1437 3451 1489 ettua
3480 1436 3658 1506 potis-

2008 1510 2226 1566 simum
2256 1512 2519 1568 interest.
2538 1536 2564 1563 »
2599 1517 2729 1569 Haec
2741 1522 2941 1571 autem
2967 1517 3264 1575 irascendi
3279 1520 3389 1576 sibi
3410 1538 3657 1579 causam

2007 1614 2339 1671 procurans
2353 1601 2609 1660 dicebat.
2628 1606 2775 1660 Tum
2801 1621 2942 1675 ego:
2963 1627 2991 1656 »
3014 1608 3285 1673 Quanam
3310 1625 3495 1666 causa
3521 1629 3659 1669 mea

296 1694 385 1743 σοὶ
415 1693 677 1764 ἁρμόττει,
717 1694 807 1743 καὶ
845 1692 913 1753 ὡς
944 1694 1010 1749 σὴ
1052 1692 1341 1749 καθεστηκε
1378 1692 1633 1763 μάγιστα.
1671 1710 1699 1741 η
1729 1692 1890 1746 Ταυτὶ

2008 1688 2248 1746 interest
2273 1691 2371 1747 ‘ISi
2397 1690 2645 1749 ﬁdeliter
2662 1694 2985 1767 scripturas
3015 1712 3137 1752 non
3164 1703 3477 1755 exsecutus
3498 1716 3655 1758 sum.

295 1777 365 1833 δε
418 1780 552 1852 ἓλιγε
600 1784 862 1854 πρόφασιν
928 1779 1086 1854 ὀργῆς
1144 1780 1315 1841 ζητῶν
1382 1779 1628 1853 ἐφευρείν.
1704 1778 1803 1831 Ἠν
1842 1775 1893 1831 δ’

293 1869 422 1941 ἑγὼ,
458 1890 487 1919 ν
517 1874 662 1930 Τίνος
681 1871 843 1944 χάριν
880 1872 1021 1922 εστίν
1060 1868 1155 1942 έμῆ
1201 1885 1216 1935 ;
1249 1869 1293 1922 εἰ
1329 1871 1431 1943 γάρ
1489 1872 1561 1941 μὴ
1603 1867 1767 1929 καλῶς
1795 1887 1893 1921 πε·-

292 1964 496 2018 ποίηκα
530 1960 622 2020 τὰς
657 1961 861 2033 γραφὰς
909 1964 997 2012 καὶ
1044 1962 1162 2020 τοὺς
1199 1958 1381 2033 ὅρκους
1442 1958 1699 2024 τετέλεκα,
1756 1953 1895 2030 μηδὲ

290 2053 666 2125 προσηκόντως
704 2048 859 2100 αύτόν
910 2068 965 2102 τε
1002 2054 1093 2102 καὶ
1131 2052 1253 2111 τοὺς
1308 2047 1431 2122 ἀμφ’
1493 2048 1649 2101 αὐτόν
1706 2050 1894 2119 ῳκονὸ-

294 2144 463 2212 μηκᾶ,
508 2137 719 2210 σφάλμα
752 2144 904 2191 τοῦτο
963 2136 1082 2211 ἐμόν
1136 2144 1225 2191 καὶ
1275 2145 1517 2211 πταῖσμα
1580 2141 1799 2211 μακρόν.
1834 2142 1895 2190 Εἰ

295 2224 363 2280 δὲ
420 2231 714 2302 πρεπόντως
779 2235 944 2280 ταῦτα
1003 2232 1279 2300 γεγένηται
1340 2233 1431 2281 καὶ
1484 2231 1553 2290 ὡς
1579 2227 1673 2280 οὐκ
1731 2225 1896 2288 ἄλλως

294 2316 486 2389 ἐχρῆν,
517 2321 570 2370 τί
597 2320 724 2392 πρὸς
753 2316 842 2390 ἔμε
878 2319 944 2370 τὰ
971 2318 1097 2392 παρ’
1161 2317 1351 2371 ἐκείνου
1412 2322 1542 2391 πρὸς
1600 2316 1894 2391 ἀνατροπὴν

294 2412 401 2456 τῶν
437 2408 776 2476 γεγε-δημενων
823 2404 1099 2477 τελούμενα
1138 2424 1151 2473 ;
1188 2426 1217 2456 »
1282 2411 1381 2459 Καὶ
1438 2407 1465 2458 6
1528 2403 1772 2478 βασιλεὺς
1800 2407 1893 2457 οὐκ

297 2489 577 2556 οἶδ’ὃπως
636 2495 743 2565 (τὴν
802 2496 904 2567 γὰρ
984 2494 1154 2547 αἰτίαν
1221 2498 1466 2569 είρήκειν)
1525 2495 1677 2547 πάλιν
1737 2494 1888 2567 λέγει,

299 2605 335 2634 »
365 2588 430 2636 Τί
458 2588 559 2656 φὴς
584 2589 698 2659 περὶ
718 2591 818 2637 τῶν
844 2588 1088 2637 τοιούτων
1118 2601 1131 2652 ;
1179 2608 1201 2636 ε
1238 2590 1340 2639 Καὶ
1387 2586 1541 2648 αὐτὸς
1583 2627 1601 2654 ,
1634 2608 1663 2636 ››
1698 2586 1891 2638 Ηολλά-

291 2692 381 2735 κις
408 2673 647 2747 εἰρήκειν,
678 2672 971 2745 ὧϐασιλεῦ,
1033 2679 1101 2737 ὡς
1122 2674 1206 2727 ἐπὶ
1265 2674 1414 2728 πλέον
1477 2680 1569 2748 μοι
1622 2671 1767 2728 δοκεῖ
1831 2679 1889 2728 τὸ

289 2761 561 2837 εἰρημένον
586 2760 796 2834 ψευδὶς,
846 2762 925 2816 ἐπ’
969 2762 1178 2816 ἔλαττον
1228 2760 1288 2817 δι
1340 2765 1540 2826 α’ληθές.
1585 2768 1655 2818 Τὸ
1705 2762 1764 2818 δὲ
1806 2764 1889 2818 ἐπὶ

286 2857 402 2913 τοῖς
431 2847 646 2913 ἀδήλοις
677 2850 903 2927 ἀκριϐῶς
934 2850 1314 2925 ἀποφαίνεσθαι
1378 2857 1439 2907 οὔ
1476 2873 1565 2924 μοι
1592 2850 1738 2907 δοκεῖ
1764 2857 1889 2930 ροίον

280 2937 445 2999 «ὗλαι.
481 2962 503 2991 ι
537 2945 606 2994 Ἦ
637 2938 693 2994 δ’
732 2938 939 3009 ἱκεῖνος,
975 2965 1003 2992 ››
1042 2943 1124 2996 Ἐν
1163 2942 1271 3002 τοῖς
1311 2939 1531 3004 άδῆλοις
1570 2947 1681 2996 ἐστὶ
1727 2947 1889 3018 χάρις

285 3026 518 3104 βεδαίως
579 3034 671 3083 καὶ
731 3029 934 3093 ἀληθῶς
995 3030 1373 3104 ἀποφαίνεσθαι
1407 3048 1420 3060 ’

288 3115 475 3181 δήλοις
501 3123 590 3172 καὶ
620 3121 671 3172 οἱ
698 3116 934 3192 ἀείδαροι
962 3119 1224 3192 λέγουσιν.
1261 3141 1289 3170 »
1318 3119 1415 3173 Ἦν
1451 3118 1500 3173 δ’
1527 3125 1650 3192 εγὼ,
1688 3143 1715 3172 »
1750 3120 1889 3176 ’ἰδοὺ

288 3212 550 3283 μετὰτῶν
590 3207 847 3283 ἀειδάρων
885 3214 975 3262 καὶ
1034 3212 1186 3284 ἡμεῖς
1251 3213 1658 3284 συντετάγμεθα·
1722 3237 1746 3264 ε
1795 3220 1893 3267 Καὶ

289 3300 321 3351 ὁ
352 3298 588 3361 ϐασιλεὺς
624 3299 789 3372 χόλου
818 3299 1072 3361 πλησθεὶς
1110 3302 1132 3335 ²
1165 3321 1193 3349 ››
1235 3304 1299 3352 Σὺ
1320 3302 1535 3354 πάντονε
1561 3302 1703 3361 ἦσθα
1737 3324 1758 3353 ε
1797 3306 1890 3377 ἔφη

295 3392 522 3463 »μωρὸς
582 3394 672 3442 καὶ
735 3388 925 3464 ἀρτίως
978 3388 1131 3441 πᾶλιν
1198 3393 1390 3463 μωρὸς.
1469 3413 1499 3441 ν)
1566 3391 1685 3445 ’Καὶ
1744 3393 1893 3455 αὐτὸς

292 3474 453 3531 ούδὲν
476 3497 528 3530 τι
564 3476 715 3531 πλέον
753 3480 827 3550 μὰ
863 3482 985 3539 τοὺς
1021 3476 1207 3549 λόγους
1246 3476 1647 3555 ἀνταπεκρίθην,
1688 3481 1795 3533 ἁλλ’
1834 3486 1889 3551 ἦ,

297 3588 323 3617 ι
363 3566 494 3638 Ἐγὼ
522 3569 611 3639 μέν
651 3567 757 3639 εἰμι
794 3568 986 3641 μωρὸς,
1019 3572 1109 3619 καὶ
1148 3568 1230 3620 ἵνα
1270 3577 1470 3639 σιωπῶ,
1539 3574 1590 3622 οἱ
1647 3566 1707 3623 δι
1767 3590 1892 3644 φρο-

287 3659 497 3716 νοηντες
524 3655 860 3711 λαλείτωσαν.
902 3678 931 3707 ›ι
969 3655 1124 3709 Ταῦτ’
1166 3653 1325 3726 εἶπον,
1365 3662 1455 3710 καὶ
1494 3657 1656 3730 ὀργῆς
1685 3660 1710 3711 6
1741 3658 1891 3712 ϐασι-

282 3746 405 3807 λεὺς
473 3744 689 3799 ἀπλέτου
768 3746 1019 3808 πλησθεὶς
1098 3747 1315 3801 ελκῠσαι
1374 3751 1464 3820 μὲν
1538 3751 1752 3824 ὥρμησε
1797 3755 1892 3809 τὴν

283 3837 503 3894 σπάθην
585 3842 675 3888 τοῦ
754 3836 966 3890 κουλεοῦ
988 3878 1004 3904 ,
1098 3846 1195 3899 τῆς
1268 3842 1442 3899 κώπης
1508 3837 1888 3913 έπιλαϐόμενος.

280 3925 451 3982 Ἀλλὰ
486 3924 635 3979 τοῦτο
666 3928 755 3999 μὲν
794 3930 1048 3999 κατέσχε’
1096 3936 1281 4002 μικρόν
1344 3930 1446 4003 γὰρ
1510 3931 1702 3987 ταύτην
1765 3929 1891 3983 ἀπο-

275 4020 565 4087 γυμνώσας
615 4016 770 4068 πάλιν
806 4016 981 4079 εἰσῆξε
1017 4033 1030 4047 ο
1072 4016 1144 4089 τῷ
1208 4016 1415 4090 μεγάλῳ
1465 4014 1524 4071 δὲ
1592 4016 1888 4092 δομεστίκῳ

274 4108 449 4158 αὐτου
478 4113 550 4176 τῷ
571 4104 879 4167 Μουζάλωνι
947 4102 1262 4181 Ἀνδρονίκῳ
1326 4106 1634 4160 καταϐαλεῖν
1695 4129 1757 4181 με
1795 4109 1885 4163 τοῦ

274 4197 451 4247 ἵππου
473 4194 803 4268 προσέταξεν.
851 4200 951 4248 Καὶ
993 4196 1048 4257 ὃς
1080 4195 1247 4270 ἠρέμα
1274 4215 1382 4257 πως
1408 4200 1569 4269 ἤφη,ι
1627 4196 1887 4257 ’Έκστηθι

274 4291 386 4343 τῆς
423 4280 747 4357 ἑφεστρὶδος.
791 4304 821 4334 ››
868 4288 968 4337 Καὶ
1034 4285 1188 4347 αὐτὸς
1249 4284 1446 4344 άπέϐην
1503 4294 1598 4349 τῆς
1644 4289 1881 4360 ἡμιόνου.

2006 1794 2116 1834 nec
2133 1779 2559 1851 jusjurandum
2585 1784 2865 1855 persolvi,
2890 1801 3086 1858 neque
3107 1792 3190 1842 uti
3221 1804 3332 1859 par
3358 1795 3481 1845 erat
3510 1789 3657 1846 illud

2005 1872 2061 1924 et
2098 1885 2233 1941 quae
2285 1871 2444 1927 circa
2498 1871 2645 1927 illud
2707 1876 3052 1945 pertractari
3116 1876 3309 1933 solent
3363 1877 3653 1952 disposui,

2003 1973 2167 2015 error
2191 1959 2287 2015 hic
2316 1960 2562 2032 quidem
2595 1978 2767 2018 meus
2798 1969 2853 2018 et
2890 1964 3241 2036 imprudens
3273 1966 3451 2039 culpa
3480 1968 3657 2025 fuerit

2003 2046 2226 2103 Verum
2254 2048 2303 2104 si
2324 2048 2453 2105 hinc
2495 2050 2576 2105 uti
2622 2052 2836 2123 decuit,
2894 2056 2951 2108 et
3000 2054 3252 2121 ratione,
3319 2071 3441 2128 qua
3506 2055 3655 2112 nihil

2002 2136 2238 2203 melius,
2281 2136 2558 2194 absoluta
2596 2145 2750 2211 sunt,
2821 2142 3153 2213 quomodo,
3222 2159 3357 2215 quas
3416 2143 3515 2200 ille
3573 2144 3653 2200 ad

2002 2226 2393 2282 avertendum
2431 2243 2566 2299 quae
2606 2229 2877 2286 confecta
2915 2236 3053 2286 sunt
3106 2232 3451 2303 meditatur,
3517 2249 3653 2289 mea

2001 2321 2280 2388 poterunt
2307 2317 2591 2373 interesse
2615 2318 2644 2372 ?
2675 2339 2703 2368 ››
2738 2322 2804 2374 Et
2830 2319 3159 2391 imperator
3186 2338 3424 2377 rursum
3451 2323 3651 2379 nescio

2001 2407 2312 2478 quomodo
2325 2410 2613 2480 (namque
2628 2424 2875 2464 causam
2890 2426 2961 2465 ex
2970 2410 3167 2481 posui)
3178 2410 3381 2467 denuo
3395 2411 3648 2484 profert:

2000 2497 2193 2561 xQuid
2223 2497 2348 2569 ipse
2380 2497 2567 2552 dehis
2592 2498 2775 2554 sentis
2801 2500 2830 2555 ?
2862 2501 3051 2555 »'.!‘um
3083 2514 3195 2571 ego
3230 2517 3242 2555 :
3282 2523 3310 2550 «
3342 2506 3411 2557 At
3431 2503 3652 2574 saepius

2002 2584 2213 2641 effatus
2243 2602 2377 2641 sum
2410 2586 2547 2659 plus
2584 2587 2645 2642 in
2687 2603 2748 2643 se
2786 2588 3087 2645 mendacii
3146 2606 3334 2662 quam
3393 2591 3653 2648 veritatis

1998 2675 2162 2748 quod
2194 2676 2625 2743 circumtertur,
2665 2677 2726 2732 in
2768 2693 2830 2733 se
2865 2680 3165 2734 continere
3208 2697 3221 2745 ;
3263 2685 3319 2735 et
3356 2679 3419 2735 in
3453 2679 3652 2737 dubiis

1998 2765 2287 2837 exquisite
2327 2766 2681 2822 sententiam
2720 2766 2890 2836 ferre,
2958 2783 3080 2823 non
3142 2769 3224 2824 ita
3287 2768 3459 2825 facile
3505 2769 3651 2825 mihi

1998 2854 2306 2910 videtur.)
2348 2855 2671 2926 Respondit
2697 2854 2792 2910 ille
2825 2872 2838 2911 :
2884 2856 2998 2912 Sed
3038 2857 3100 2911 in
3140 2856 3337 2912 dubiis
3375 2872 3513 2912 vere
3579 2872 3651 2911 ac

1998 2942 2247 2998 ﬁrmiter
2271 2944 2599 3010 enuntiare,
2630 2943 2692 2998 id
2728 2944 3036 3015 prudentis
3060 2950 3147 3000 est
3178 2946 3287 3000 :de
3318 2944 3649 3000 manifestis

1480 3030 1563 3085 ἐπὶ
1626 3036 1727 3109 γὰρ
1785 3042 1890 3095 τοῖς

2001 3033 2225 3106 quippe
2254 3038 2311 3088 et
2331 3033 2482 3088 asini
2507 3033 3040 3105 pronuntiaverint.
3067 3056 3094 3084 ››
3116 3036 3263 3090 Tum
3282 3048 3393 3103 ego
3420 3050 3433 3088 :
3466 3056 3493 3084 »
3514 3035 3647 3090 Jam

2002 3128 2058 3178 et
2086 3138 2199 3177 nos
2239 3121 2389 3176 inter
2425 3122 2626 3178 asinos
2667 3121 3051 3177 collocamur.
3128 3144 3156 3173 ››
3200 3125 3267 3179 Et
3324 3122 3649 3195 imperator

2000 3212 2088 3267 ira
2108 3209 2540 3277 inﬂammatus,
2569 3232 2598 3261 κ
2619 3213 2702 3265 Tu
2724 3226 2980 3282 semper,
3004 3233 3033 3262 «
3066 3211 3168 3281 ait,
3194 3232 3221 3263 »
3265 3212 3427 3269 haud
3464 3227 3649 3268 sanus

2000 3300 2234 3372 ineptis,
2267 3304 2324 3355 et
2355 3315 2515 3355 nunc
2537 3315 2778 3372 quoque
2807 3300 3042 3373 ineptis.
3083 3321 3113 3350 »
3144 3304 3296 3373 Ipse,
3329 3317 3438 3357 nec
3461 3301 3643 3374 aliud,

2000 3391 2083 3447 ita
2109 3406 2203 3446 me
2233 3405 2538 3445 sermones
2565 3390 3083 3462 ament,respondi
3104 3408 3120 3446 :
3143 3396 3253 3447 »At
3277 3407 3387 3462 ego
3399 3392 3648 3465 quidem

2000 3480 2243 3552 ineptio,
2286 3478 2542 3550 ideoque
2573 3478 2870 3534 silentium
2910 3484 2998 3535 est
3034 3480 3181 3535 mihi
3219 3486 3235 3536 ε
3278 3480 3382 3553 qui
3409 3482 3650 3554 sapiunt

2001 3570 2118 3642 ipsi
2183 3569 2527 3641 loquantur.
2573 3588 2599 3618 »
2620 3568 2911 3624 Dixeram.
2954 3568 3282 3641 Imperator
3317 3570 3649 3628 incredibili

2003 3665 2181 3731 atque
2205 3658 2388 3715 atroci
2412 3658 3015 3731 percitusiracundia,
3043 3660 3200 3715 ensis
3222 3661 3437 3733 capulo
3463 3677 3649 3718 manu

2003 3764 2367 3821 compresso,
2436 3750 2656 3819 vagina
2710 3748 2984 3817 detegere
3022 3754 3224 3808 tentat.
3265 3751 3378 3806 Sed
3419 3758 3648 3808 motum

2000 3842 2544 3910 temperat,etquem
2566 3837 2869 3910 paululum
2887 3844 3173 3895 retexerat
3189 3841 3648 3910 ensem,vaginae

2007 3931 2181 4002 139
2207 3928 2419 3984 reddit.
2452 3930 2589 3984 Dein
2648 3944 2872 3998 magno
2924 3929 3252 3984 domestico
3308 3929 3647 3985 Andronico

2000 4019 2284 4075 Muzaloni
2317 4034 2413 4074 me
2442 4018 2516 4073 de
2556 4033 2712 4089 equo
2750 4018 3002 4088 dejicere
3042 4018 3316 4089 imperat.
3364 4014 3462 4073 Ille
3499 4034 3647 4073 voce

1999 4109 2329 4176 submissa,
2364 4106 2657 4172 «Secede,
2688 4127 2715 4156 »
2741 4106 2839 4175 ait,
2881 4126 2909 4160 ‹
2935 4122 3101 4178 sago.
3136 4129 3155 4155 ‹
3191 4109 3313 4176 Ego
3348 4106 3513 4163 mula
3547 4106 3646 4163 de-

1999 4197 2223 4254 scendi.
2255 4200 2417 4253 Tunc
2445 4196 2707 4269 optimus
2737 4210 2878 4265 erga
2908 4211 3018 4251 nos
3040 4196 3387 4267 imperator,
3420 4212 3530 4252 nos
3544 4196 3649 4269 qui

1997 4288 2189 4344 multa
2227 4303 2263 4343 a
2302 4292 2471 4358 patre
2510 4301 2621 4341 suo
2685 4285 2777 4340 sui
2840 4285 3029 4353 gratia
3102 4300 3317 4359 aspera
3382 4286 3649 4358 perpessi

280 4374 353 4426 ’0
384 4370 443 4426 δε
478 4379 844 4448 χρηστότατος
880 4378 999 4447 περὶ
1036 4376 1176 4447 ἡμᾶς
1237 4373 1477 4436 ϐασιλεὺς
1543 4380 1660 4437 τοὺς
1723 4377 1886 4429 πολλὰ

2000 4394 2238 4434 eramus
2267 4382 2369 4447 ,ut
2400 4376 2599 4447 palam
2658 4390 2937 4447 saepeque
2994 4374 3199 4430 multis
3267 4375 3647 4432 audientibus

275 4465 419 4536 πρὸς
438 4471 529 4515 τοῦ
550 4466 742 4537 πατρὸς
782 4463 941 4516 αὐτοῦ
1004 4459 1073 4515 δι’
1131 4463 1287 4516 αὐτόν
1348 4466 1691 4529 πεπόνθότας,
1746 4470 1809 4527 ὡς
1838 4465 1885 4519 ἐν

276 4550 459 4623 πολλῷ
483 4550 669 4611 πλήθει
698 4557 789 4605 καὶ
816 4551 1059 4614 πολλάκις
1113 4549 1417 4628 διαπρυσὶῳ
1454 4553 1586 4617 ἔλεξε
1614 4562 1677 4627 τῇ
1721 4563 1883 4627 φωνῇ,

280 4642 357 4704 ὧς
390 4664 419 4692 ››
448 4642 649 4695 Πολλῶν
674 4662 764 4716 μοι
803 4650 970 4705 αἴτιος
1028 4644 1233 4715 άγαθῶν
1304 4639 1454 4704 οὗτος
1519 4648 1544 4695 6
1618 4643 1887 4716 ἅνθρωπος

275 4735 674 4806 γέγονε,›νπερὶ
706 4741 800 4795 τῆς
850 4732 1066 4805 λογικῆς
1122 4734 1333 4805 φάσκων
1390 4729 1655 4799 παιδεὶας,
1706 4732 1885 4806 [Ρ.2”Ι]

279 4842 316 4872 ‹‹
358 4824 450 4872 καὶ
499 4820 697 4874 πολλῶν
754 4822 1017 4895 ὀφειλέτης
1082 4825 1248 4895 τούτῳ
1308 4824 1578 4894 τυγχάνω,
1652 4843 1673 4871 ι
1737 4818 1884 4874 δυοῖν

276 4914 653 4985 κορυνοφόροιν
688 4911 1003 4985 προσέταξεν
1032 4914 1243 4965 τύπτειν
1281 4931 1364 4985 με,
1401 4912 1573 4983 χθιζὰ
1629 4915 1719 4964 καὶ
1783 4914 1883 4984 πρὸ

274 5002 464 5074 τρὶτης
502 5001 717 5061 τούτους
781 5001 1180 5073 χειροτονῆσας.
1250 5003 1316 5062 ὡς
1390 5004 1553 5053 εἴκοσι
1620 5003 1885 5075 τέσσαρας

274 5090 480 5150 πάντας
536 5091 623 5141 τὸν
675 5090 915 5163 ἀριθμόν,
959 5089 1053 5142 οὐκ
1092 5085 1180 5142 οἶδ
1218 5091 1262 5142 εἰ
1300 5093 1371 5162 μὴ
1418 5086 1488 5142 δι’
1530 5092 1638 5162 έμὶ,
1699 5091 1761 5143 ἵν’
1802 5095 1878 5152 εἵη

273 5181 371 5231 κᾶὶ
415 5181 579 5238 σκηνή
623 5186 714 5232 τοῦ
754 5176 1023 5254 δράματος
1051 5181 1124 5241 εἰς
1161 5175 1459 5253 τραγῳδίαν
1533 5185 1879 5254 μεμορφωμέ-

273 5288 362 5326 νη.
400 5274 499 5322 Καὶ
540 5271 588 5321 οἱ
627 5272 715 5341 μεν
778 5271 1016 5336 ἔτυπτον,
1084 5267 1183 5341 ἐγὼ
1251 5264 1310 5320 δὲ
1373 5272 1494 5340 σιγὴ
1558 5272 1645 5329 τὰς
1700 5269 1877 5340 τύψεις

273 5356 580 5427 ἐλάμϐανον,
646 5357 712 5412 Ὀ
777 5363 865 5410 καὶ
924 5356 1114 5431 μᾶλλον
1175 5365 1355 5410 τοῦτον
1448 5357 1730 5430 ἐξέμαινεν,
1797 5363 1877 5412 ὅτι

272 5443 409 5521 μηδ’
446 5448 571 5509 ὅλως
618 5451 744 5524 πρὸς
787 5444 995 5511 δεήσεις
1031 5450 1341 5521 κάμπτομαι
1378 5452 1467 5500 καὶ
1504 5447 1871 5520 πληττόμενος,

272 5541 403 5594 Επεὶ
443 5534 502 5593 δὲ
540 5537 726 5603 πολλάς
771 5540 906 5591 κατά
930 5540 1121 5602 παντὸς
1149 5534 1404 5611 ἐδεξάμην
1470 5544 1562 5589 τοῦ
1628 5542 1870 5610 σώματος

1998 4468 2327 4523 clarissima
2344 4483 2489 4522 voce
2509 4470 2756 4522 testatus
2779 4470 2866 4521 est
2890 4466 3083 4520 virum
3104 4465 3283 4537 hunc,
3311 4482 3406 4521 me
3427 4481 3646 4538 nempe

1996 4557 2353 4625 intelligens,
2401 4556 2563 4611 bona
2616 4554 2727 4610 sibi
2784 4554 3043 4627 plurima
3113 4560 3469 4626 opportasse
3535 4570 3645 4626 pro

1995 4645 2311 4717 disciplina
2339 4644 2553 4714 logica,
2587 4660 2709 4716 qua
2739 4660 2876 4699 eum
2900 4643 3292 4709 institueram,
3324 4658 3433 4698 nec
3451 4657 3572 4698 non
3589 4647 3647 4698 et

1995 4733 2111 4788 alia
2168 4747 2290 4788 non
2342 4733 2559 4802 exigua
2613 4748 2677 4787 se
2734 4732 2952 4787 debere
3017 4730 3345 4798 confessus,
3404 4729 3645 4784 duobus

1993 4818 2305 4889 clavigeris
2326 4818 2452 4873 beri
2483 4819 2814 4875 autnudius
2828 4819 3050 4884 tertius,
3065 4816 3269 4873 nescio
3300 4832 3379 4872 an
3401 4820 3645 4889 propter

1992 4924 2111 4978 me,
2144 4912 2208 4964 ut
2235 4906 2523 4963 dramatis
2546 4921 2724 4963 scena
2758 4908 2818 4962 in
2835 4906 3189 4977 tragcediam
3228 4905 3309 4961 ad
3350 4905 3642 4963 amussim

1992 5002 2451 5064 converteretur,
2474 4996 2689 5063 electis,
2724 5000 2780 5052 et
2794 5012 3005 5052 eorum
3034 5011 3287 5053 numero
3327 4995 3405 5052 ad
3432 4995 3645 5068 viginti

1989 5095 2245 5162 quatuor
2287 5087 2666 5155 ascendente,
2715 5085 3066 5143 verberibus
3122 5091 3402 5159 appetere
3435 5084 3640 5158 jussit.

1991 5178 2074 5235 Illi
2099 5178 2301 5250 itaque
2328 5176 2664 5243 verberare,
2693 5190 2805 5246 ego
2827 5175 3059 5232 silentio
3085 5175 3638 5248 verberaexcipere.

1990 5269 2049 5324 Id
2070 5266 2336 5337 magisin
2352 5266 2610 5322 furorem
2640 5265 2857 5335 agebat
2875 5264 3320 5337 imperatorem,
3343 5264 3509 5337 quod
3530 5280 3641 5321 nec

1985 5357 2329 5415 verberibus
2351 5373 2541 5413 caesus
2554 5355 2631 5411 ad
2646 5355 3110 5428 supplicationes
3142 5355 3495 5412 eﬂunderer.
3531 5353 3638 5410 Ubi

1983 5463 2123 5503 vero
2177 5446 2580 5513 frequentium
2641 5444 2956 5501 verberum
3023 5444 3236 5500 ictibus
3294 5442 3635 5499 universum

1981 5552 2200 5611 corpus
2223 5535 2619 5603 faedaverant,
2642 5535 2738 5593 vix
2761 5534 3003 5591 tandem
3035 5548 3148 5604 ego
3178 5548 3325 5591 voce
3354 5530 3537 5590 debili
3563 5544 3634 5587 ac
