4084 6212
86 292 225 343 ///n
311 273 458 330 1149

1880 266 2227 324 ANNALES-

3534 284 3670 340 1150

309 399 405 471 μὲν
461 396 612 459 οὗτος
630 398 689 450 τὸ
725 398 878 451 Θεῖον
932 397 1051 450 καθ’
1114 394 1296 450 ἑαυτοῦ
1324 392 1585 467 πολέμιον,
1643 387 1795 463 ἡμεῖς
1846 386 1901 443 δὲ

2024 390 2407 450 habebimus.
2434 397 2611 452 »Ηειεο
2649 395 2978 470 imperator
3006 398 3185 457 effata
3223 402 3594 477 approbavit,
3615 410 3673 463 et

308 489 440 561 ύπέρ
471 490 664 540 εαυτῶν
707 496 803 549 τῆς
840 486 1084 548 άληθεὶας
1117 490 1209 538 καὶ
1270 492 1363 537 τοῦ
1424 481 1636 535 δικαίου
1678 482 1909 555 ὑπερμα-

307 580 556 649 χόμενον.
594 599 623 627 »
651 578 808 629 Ταῦτ’
844 579 1071 649 εἴπομεν,
1103 580 1191 628 καὶ
1217 575 1244 627 6
1285 571 1537 646 βασιλεὺς
1593 576 1701 632 τοῖς
1748 569 1911 640 λελεγ-

308 670 481 740 μένοις
553 673 820 739 συνῄνεσι.
894 670 995 719 Καὶ
1056 662 1393 739 ῦποστρέφειν
1452 664 1583 736 πρὸς
1636 662 1732 721 τὰς
1784 677 1913 716 σκη-

306 758 405 819 νὰς
464 754 858 829 ὶφωρμήκαμεν.
920 754 1014 817 νὺξ
1075 756 1177 827 γὰρ
1244 749 1375 813 ἤδη.
1419 750 1554 805 Ἀλλ’
1620 751 1651 808 ἠ
1724 747 1908 806 σελήνη

306 843 629 905 πανσέληνος
670 844 806 897 οὖσα
862 853 963 917 φῶς
1018 848 1142 915 ημῖν
1202 844 1453 916 παρεῖχεν
1518 844 1662 912 ὸρᾷν·
1727 840 1830 891 Καὶ
1884 838 1910 889 ό

310 931 561 1007 βασιλεύς
589 929 623 985 δ
630 951 944 1005 ιερχομενος,
973 953 1001 982 ››
1038 936 1101 984 Τί
1138 931 1261 1003 ύμῖν
1298 930 1441 1002 ροκεῖ
1486 932 1602 1000 περὶ
1646 930 1746 980 τῶν
1773 925 1909 979 λελε-

304 1025 509 1095 γμένων
542 1037 556 1089 ;
585 1042 615 1071 )›
652 1021 800 1082 αὖθις
837 1025 1034 1096 ἠρώτα.
1072 1024 1173 1074 Καὶ
1226 1024 1373 1092 ἡμεῖς
1412 1039 1439 1067 ›)
1495 1020 1670 1090 φευρές
1731 1023 1907 1085 τοῦτο,

306 1109 351 1185 ᾧ
382 1111 623 1185 βασιλεῦ.
648 1132 676 1161 n
710 1119 876 1166 Τοῦτο
898 1107 958 1164 δὲ
988 1110 1093 1183 ούχ
1121 1109 1282 1177 ἅπαξ,
1324 1106 1448 1161 ούδὶ
1481 1105 1565 1170 δίς
1593 1109 1623 1166 ἣ
1652 1126 1743 1159 και
1771 1111 1907 1179 τρίς,

305 1200 442 1253 ἀλλὰ
503 1206 593 1253 καὶ
646 1200 889 1262 πολλάκις
988 1202 1272 1273 πυθόμενος
1341 1195 1422 1257 ἧν.
1493 1202 1595 1251 Καὶ
1631 1197 1778 1270 ἡμεῖς
1814 1199 1910 1258 τὰς

304 1288 618 1361 άποκρῖσεις
654 1289 709 1354 ἐξ
782 1297 903 1342 ῖσου
967 1293 1093 1363 πρὸς
1155 1291 1249 1350 τὰς
1304 1290 1513 1348 πεύσεις
1571 1290 1910 1346 πεποιηκότες

303 1380 631 1451 ὶσιωπῶμεν.
672 1378 735 1431 Ὀ
794 1375 853 1431 δί
905 1382 996 1431 καὶ
1043 1377 1198 1430 πάλιν
1254 1382 1455 1452 ἠρώτα·
1507 1376 1645 1430 Ἐπεὶ
1695 1371 1755 1428 δὲ
1791 1378 1909 1435 τούς

303 1466 496 1530 ἄλλους
534 1475 788 1539 σιγῶντας
821 1470 972 1541 ἐώρα.
1013 1470 1142 1541 πρὸς
1182 1486 1245 1539 με
1281 1470 1368 1519 τόν
1432 1465 1581 1537 λόγον
1648 1467 1905 1538 ἀποστρέ-

305 1577 411 1631 φεις
433 1562 689 1631 ἠρώτηκε,
733 1578 762 1606 »
798 1560 865 1608 Σύ
894 1552 953 1610 δε
984 1562 1036 1609 τί
1076 1560 1176 1629 φής
1209 1559 1340 1629 πρὸς
1372 1562 1538 1607 ταῦτα
1578 1571 1591 1609 :
1630 1576 1651 1603 ι
1694 1558 1782 1612 τὴν
1811 1560 1905 1605 τοῦ

303 1650 551 1721 οφφικίου
588 1645 778 1704 κλῆσιν
814 1647 1078 1721 προσθείςο
1154 1666 1182 1695 η
1244 1647 1305 1698 Ἦ
1370 1646 1588 1701 τοιαύτη
1655 1644 1905 1706 ὑπόθεσις

2024 479 2280 553 quisque
2306 488 2576 539 nostrum
2607 485 2684 541 ad
2720 487 2972 543 tentoria
3018 491 3296 560 progredi
3361 500 3622 566 coeperat
3653 515 3665 554 :

2021 583 2286 641 namque
2307 587 2425 626 nox
2449 573 2653 628 omnia
2691 581 3107 646 occupaverat,
3149 577 3281 634 licet
3310 579 3454 636 luna
3492 582 3670 653 plena

1979 655 2245 714 alumine
2270 660 2658 718 collustraret.
2710 664 3038 736 Imperator
3101 666 3238 723 dein
3300 672 3666 742 praeteriens,

2017 763 2259 805 rursum
2290 766 2403 805 nos
2426 751 2796 817 sollicitare,»
2836 755 2978 827 quid
3035 756 3211 812 nobis
3240 759 3315 815 de
3370 762 3669 833 praedictis

2018 837 2338 895 videretur.
2377 861 2398 890 ι
2425 842 2490 895 Et
2514 857 2702 907 nos;»
2734 842 3104 900 Mendacium
3135 846 3250 903 hoc
3281 853 3387 914 est,
3414 850 3668 923 impera-

2018 930 2131 983 tor.
2164 948 2192 978 ››
2221 930 2288 984 Et
2309 928 2424 985 hoc
2452 946 2574 985 non
2598 930 2693 986 bis
2731 938 2835 987 aut
2862 938 2967 1000 ter,
2997 934 3099 990 sed
3142 937 3469 1008 sepissime
3494 939 3672 995 inter-

2019 1016 2292 1085 rogabat.
2336 1021 2399 1075 Et
2434 1033 2547 1074 nos
2588 1036 2768 1092 porro
2807 1024 3299 1094 responsionibus
3338 1027 3665 1099 interroga-

2018 1105 2279 1163 tionibus
2332 1124 2405 1164 ex
2452 1125 2627 1182 aequo
2678 1111 3104 1168 satisfacientes
3154 1115 3523 1173 tacebamus.
3565 1118 3666 1175 Ille

2016 1210 2255 1252 rursum
2288 1198 2645 1270 compellare
2710 1200 2883 1271 138
2916 1200 3026 1258 Sed
3093 1208 3340 1260 emteros
3394 1205 3665 1263 obmute-

2019 1290 2249 1341 scentes
2279 1286 2527 1343 intuitus
2548 1288 2624 1343 ad
2653 1305 2747 1343 me
2774 1296 3123 1347 convertens
3144 1295 3475 1350 orationem
3496 1296 3625 1353 inﬁt
3649 1315 3662 1353 :

2017 1396 2046 1424 »
2065 1377 2147 1430 Tu
2164 1390 2344 1447 porro
2369 1376 2516 1449 quid
2549 1378 2627 1433 ad
2650 1378 2780 1434 haec
2799 1379 2948 1434 dicis
2963 1381 2991 1435 ?
3008 1404 3035 1431 ‹‹
3056 1385 3112 1437 et
3136 1382 3365 1439 nomini
3397 1383 3664 1442 ofﬁcium

2016 1464 2275 1521 addidit.
2311 1487 2339 1515 »
2363 1468 2482 1521 Hoc
2512 1469 2817 1537 negotium
2843 1480 2920 1525 ad
2935 1474 2987 1525 te
3010 1476 3256 1542 spectat,
3290 1478 3458 1529 ettua
3487 1476 3666 1545 potis-

2016 1552 2235 1608 simum
2264 1554 2527 1611 interest.
2546 1578 2573 1605 ››
2606 1559 2737 1612 Haec
2750 1564 2949 1613 autem
2976 1559 3272 1615 irascendi
3287 1561 3396 1616 sibi
3418 1578 3665 1619 causam

2016 1657 2347 1714 procurans
2362 1644 2617 1701 dicebat.
2636 1648 2784 1702 Tum
2810 1663 2950 1716 ego:
2972 1668 2999 1697 »
3023 1649 3294 1715 Quanam
3318 1667 3502 1706 causa
3529 1668 3667 1709 mea

306 1740 395 1789 σοὶ
424 1739 686 1809 ἁρμόττει,
725 1740 815 1788 καὶ
853 1737 921 1798 ὡς
953 1740 1019 1793 σὴ
1060 1737 1349 1793 καθεστηκε
1387 1736 1641 1807 μάγιστα.
1679 1754 1707 1784 ››
1737 1735 1901 1789 Ταυτὶ

2016 1732 2257 1789 interest
2282 1733 2378 1789 ?Si
2406 1732 2654 1791 ﬁdeliter
2670 1736 2994 1809 scripturas
3024 1753 3145 1793 non
3172 1744 3484 1795 exsecutus
3506 1757 3663 1797 sum.

306 1822 374 1878 δί
426 1825 561 1897 ἔλεγε
608 1828 871 1899 πρόφασιν
937 1823 1094 1899 ὀργῆς
1153 1824 1324 1885 ζητῶν
1391 1823 1636 1896 ἕφευρεῖν.
1713 1821 1811 1875 Ἦν
1851 1818 1901 1875 δ’

303 1914 431 1986 ἑγὼ,
467 1934 495 1964 κ
526 1919 671 1975 Τίνος
690 1916 852 1988 χάριν
890 1916 1030 1966 εστίν
1069 1912 1164 1986 ἆμῆ
1210 1930 1224 1980 ;
1258 1913 1302 1966 εἰ
1338 1915 1440 1987 γάρ
1498 1916 1570 1985 μὴ
1611 1910 1775 1972 καλῶς
1805 1930 1901 1964 πε-

304 2009 505 2063 ποίηκα
539 2005 630 2065 τὰς
666 2005 870 2078 γραφὰς
917 2008 1006 2056 καὶ
1053 2006 1171 2064 τοὺς
1209 2002 1390 2077 ὅρκους
1452 2001 1708 2067 τετέλεκα,
1764 1996 1904 2074 μηδέ

303 2098 675 2170 προσηκόντως
713 2093 869 2145 αὐτόν
920 2112 975 2145 τε
1011 2097 1102 2145 καὶ
1141 2096 1263 2155 τοὺς
1317 2091 1441 2165 ἀμφ’
1503 2092 1658 2144 αὐτὸν
1715 2094 1903 2163 ῳκονό-

305 2189 472 2256 μηκᾶ,
517 2182 728 2255 σφάλμα
762 2190 913 2235 τοῦτο
972 2180 1091 2255 ἐμόν
1146 2188 1235 2235 καὶ
1285 2188 1527 2254 πταῖσμα
1590 2184 1808 2254 μακρόν.
1844 2185 1904 2234 Ei.

307 2269 371 2326 δί
428 2277 723 2347 πρεπόντως
788 2280 954 2324 ταῦτα
1012 2276 1288 2344 γεγένηται
1350 2276 1441 2324 καὶ
1494 2274 1564 2333 ὡς
1588 2270 1683 2323 οὐκ
1741 2268 1905 2331 ἄλλως

305 2361 496 2435 ἕχρῆν,
528 2366 580 2415 τί
608 2365 734 2437 πρὸς
762 2361 852 2434 ἐμὲ
888 2364 954 2414 τὰ
981 2362 1107 2437 παρ’
1170 2361 1361 2414 ἐκείνου
1421 2364 1552 2434 πρὸς
1609 2359 1904 2433 ἀνατροπὴν

305 2457 411 2502 τῶν
447 2453 786 2521 γεγενημὶνων
832 2449 1109 2522 τελούμενα
1148 2467 1162 2516 ;
1198 2471 1227 2499 ››
1291 2454 1392 2502 Καὶ
1448 2450 1475 2501 6
1538 2446 1782 2521 βασιλεὺς
1810 2449 1903 2500 ούκ

311 2535 422 2591 οἶδ’
450 2537 587 2600 ὃπως
646 2539 753 2610 (τὴν
811 2540 914 2611 γὰρ
994 2538 1164 2591 αἰτίαν
1231 2541 1477 2613 εἰρηκειν)
1534 2538 1687 2590 πάλιν
1747 2537 1899 2611 λέγει,

312 2651 345 2680 »
376 2633 440 2681 Τί
469 2633 570 2701 φὴς
595 2634 709 2705 περὶ
728 2636 828 2681 τῶν
854 2632 1098 2682 τοιούτων
1129 2645 1142 2696 ;
1190 2651 1211 2679 ε
1249 2633 1351 2682 Καὶ
1398 2629 1553 2692 αὐτὸς
1594 2671 1612 2698 ,
1644 2652 1674 2679 ››
1708 2628 1902 2682 Ηολλά-

305 2737 391 2781 au;
418 2719 657 2793 εἰρήκειν,
688 2717 981 2789 ὧϐασιλεῡ,
1044 2723 1113 2781 ὡς
1132 2718 1217 2771 ἐπὶ
1276 2718 1425 2772 πλέον
1488 2723 1581 2791 μόι
1633 2715 1779 2771 δοκεῖ
1842 2722 1900 2771 τὸ

303 2807 571 2882 εἰρημένον
597 2804 806 2879 ψευδὶς,
856 2806 935 2860 ἄπ’
980 2807 1189 2861 ἔλαττον
1240 2804 1299 2861 δε
1351 2808 1551 2869 ἀληθές.
1597 2812 1666 2861 Τὸ
1716 2805 1775 2861 δε
1818 2806 1900 2861 ἐπὶ

299 2902 412 2958 τοῖς
441 2893 657 2957 ἀδήλοις
687 2895 914 2971 ἀκριϐῶς
945 2895 1325 2970 ἀποφαίνεσθαι
1389 2900 1449 2951 οὔ
1487 2916 1576 2967 μοι
1603 2893 1749 2950 δοκεῖ
1775 2900 1900 2973 ρᾷον

294 2982 454 3044 εὖδαι.
491 3008 513 3036 ι
548 2991 617 3039 Ἦ
647 2983 703 3039 δ’
742 2982 949 3054 εκεῖνος,
985 3009 1014 3036 »
1053 2988 1135 3040 Ἐν
1174 2985 1283 3045 τοῖς
1322 2983 1543 3048 άδῆλοις
1582 2990 1693 3039 ἐστὶ
1738 2991 1901 3061 χάρις

298 3071 529 3149 βεδαίως
591 3079 681 3128 καὶ
742 3074 945 3138 ἀληθῶς
1006 3074 1385 3147 ἀποφαίνεσθαι
1419 3091 1432 3103 ‘

301 3160 485 3226 δήλοις
512 3169 602 3217 καὶ
631 3166 681 3217 οἱ
708 3161 945 3237 ἁείδαροι
973 3163 1236 3236 λέγουσιν.
1273 3184 1301 3214 »
1330 3163 1427 3217 Ἦν
1463 3161 1512 3217 δ’
1539 3168 1661 3236 εγὼ,
1700 3186 1727 3216 n
1762 3163 1901 3219 Ἰδοὺ

302 3257 439 3328 μετὰ
460 3263 561 3307 τῶν
601 3252 858 3327 ἆειδάρων
895 3258 986 3307 καὶ
1045 3256 1198 3328 ἡμεῖς
1264 3257 1669 3328 συντετάγμεθα·
1734 3280 1757 3308 ε
1806 3262 1904 3310 Καὶ

302 3345 333 3396 ὀ
362 3343 600 3406 ϐάσιλεὺς
635 3344 800 3417 χόλου
830 3344 1083 3405 πλησθεὶς
1122 3347 1143 3380 ²
1176 3364 1205 3394 ››
1246 3347 1312 3397 Σύ
1332 3346 1547 3398 πάντονε
1572 3345 1715 3404 ἦσθα
1749 3368 1770 3397 ε
1809 3349 1903 3420 ἔφη

306 3437 534 3508 »μωρὸς
594 3439 683 3487 καὶ
746 3432 936 3509 ἀρτίως
990 3433 1144 3486 πάλιν
1210 3437 1403 3507 μωρὸς.
1482 3457 1511 3485 ››
1578 3435 1697 3488 ’Καὶ
1756 3436 1905 3498 αὐτὸς

304 3519 464 3576 οὐδὲν
488 3542 540 3574 τι
576 3521 728 3575 πλίον
765 3525 839 3595 μὰ
875 3526 997 3583 τοὺς
1032 3521 1219 3594 λόγους
1259 3520 1659 3599 ἆνταπεκρίθην,
1700 3524 1807 3577 ἀλλ’
1846 3529 1901 3593 ἦ,

309 3634 336 3661 ι
375 3611 505 3683 Ἐγώ
534 3614 623 3683 μέν
662 3611 769 3684 εἰμι
805 3613 999 3685 μωρὸς,
1031 3616 1121 3663 καὶ
1160 3612 1243 3663 ἵνα
1282 3621 1483 3683 σιωπῶ,
1551 3617 1602 3665 ei
1660 3610 1719 3666 δε
1780 3632 1905 3687 φρο-

301 3704 509 3762 νοὴντες
536 3700 872 3755 λαλείτωσαν.
914 3722 943 3751 ›ι
981 3699 1137 3754 Ταῦτ’
1178 3697 1338 3770 εἶπον,
1377 3706 1467 3753 καὶ
1507 3701 1668 3774 ὀργῆς
1697 3703 1723 3754 6
1754 3701 1903 3755 ϐασι-

298 3790 417 3852 λεὺς
485 3789 701 3844 ἀπλέτου
781 3791 1031 3852 πλησθεὶς
1110 3791 1327 3844 ἑλκύσαι
1386 3794 1476 3864 μὲν
1552 3793 1765 3867 ὥρμησε
1809 3798 1905 3851 τὴν

299 3882 516 3939 σπάθην
598 3887 688 3933 τοῦ
766 3880 978 3934 κουλεοῦ
1002 3922 1017 3947 ,
1111 3890 1207 3942 τῆς
1281 3886 1455 3942 κώπης
1520 3880 1901 3955 ἐπιλαϐόμενος.

295 3970 464 4027 Ἀλλὰ
499 3970 648 4024 τούτο
679 3973 768 4044 μεν
806 3975 1061 4044 xaris-xv
1108 3976 1295 4046 μικρον
1357 3974 1459 4046 γὰρ
1522 3974 1716 4029 ταύτην
1778 3972 1905 4025 ἁπο-

290 4065 578 4133 γυμνώσας
628 4060 782 4113 πάλιν
819 4060 993 4124 εἰσῆξε
1030 4077 1042 4092 ⁸
1085 4060 1157 4133 τῷ
1221 4060 1428 4133 μεγάλῳ
1479 4057 1537 4114 δὲ
1605 4058 1902 4135 δομεστίκῳ

288 4153 461 4203 αὐτου
491 4158 563 4220 τῷ
585 4149 892 4210 Μουξάλωνι
959 4146 1276 4225 Ἀνδρονίκῳ
1339 4148 1647 4203 καταϐαλεῖν
1708 4170 1771 4223 με
1808 4151 1899 4205 τού

288 4242 464 4293 ἵππου
485 4238 816 4312 προσέταξεν.
864 4244 964 4293 Καὶ
1007 4242 1062 4301 ὃς
1092 4239 1260 4315 ἠρέμα
1288 4259 1395 4301 πως
1421 4244 1582 4313 ἥφη.(
1639 4238 1901 4299 ’Έκστηθε

288 4336 398 4388 τῆς
436 4325 759 4402 ἐφεστρὶδος.
805 4349 833 4378 »
881 4333 981 4381 Καὶ
1048 4329 1202 4391 αὐτὸς
1262 4328 1458 4388 άπὲϐην
1517 4337 1611 4391 τῆς
1658 4331 1894 4403 ἡμιόνου.

2015 1837 2126 1877 nec
2143 1822 2568 1893 jusjurandum
2594 1825 2874 1896 persolvi,
2899 1842 3094 1899 neque
3116 1832 3199 1883 uti
3229 1844 3341 1900 par
3366 1834 3490 1885 erat
3518 1829 3665 1886 illud

2014 1915 2070 1967 et
2107 1927 2243 1984 quae
2294 1913 2454 1969 circa
2507 1913 2654 1969 illud
2715 1918 3061 1986 pertractari
3124 1916 3317 1973 solent
3371 1917 3662 1991 disposui,

2013 2016 2177 2057 error
2201 2001 2296 2057 hic
2326 2002 2571 2074 quidem
2604 2020 2776 2059 meus
2807 2009 2862 2059 et
2900 2005 3250 2077 imprudens
3282 2006 3459 2079 culpa
3488 2007 3665 2064 fuerit

2012 2089 2236 2145 Verum
2263 2091 2312 2146 si
2334 2090 2462 2147 haac
2505 2091 2586 2147 uti
2631 2093 2845 2164 decuit,
2903 2097 2960 2148 et
3010 2095 3261 2161 ratione,
3328 2111 3450 2168 qua
3515 2095 3664 2152 nihil

2012 2178 2247 2246 melius,
2290 2178 2568 2236 absoluta
2605 2186 2759 2251 sunt,
2830 2183 3163 2254 quomodo,
3231 2199 3366 2256 qua:
3424 2183 3524 2239 ille
3582 2183 3662 2239 ad

2011 2269 2403 2324 evertendum
2440 2285 2577 2340 qua:
2616 2270 2886 2327 confecta
2924 2276 3063 2327 sunt
3116 2272 3460 2343 meditatur,
3526 2288 3663 2329 mea

2010 2362 2289 2431 poterunt
2317 2359 2601 2414 interesse
2624 2359 2654 2414 ?
2685 2380 2712 2409 η
2747 2363 2813 2415 Et
2840 2360 3168 2432 imperator
3196 2378 3433 2417 rursum
3460 2362 3661 2419 nescio

2010 2449 2322 2521 quomodo
2335 2452 2623 2522 (namque
2637 2465 2885 2505 causam
2900 2450 3176 2522 exposui)
3187 2450 3391 2507 denuo
3406 2451 3658 2524 profert:

2011 2539 2203 2604 xQuid
2233 2538 2359 2610 ipse
2390 2538 2466 2593 de
2484 2539 2578 2593 his
2603 2539 2786 2595 sentis
2812 2541 2840 2595 ?
2872 2542 3061 2595 »'l‘um
3093 2554 3205 2611 ego
3239 2558 3253 2595 :
3292 2562 3320 2591 ‹‹
3351 2545 3421 2596 At
3441 2542 3662 2613 saepius

2012 2627 2223 2684 effatus
2253 2644 2387 2683 sum
2421 2628 2558 2701 plus
2596 2628 2655 2683 in
2697 2645 2759 2684 se
2798 2629 3097 2685 mendacii
3156 2646 3343 2702 quam
3403 2630 3663 2687 veritatis

2008 2717 2173 2791 quod
2204 2718 2636 2784 circumtertur,
2676 2717 2737 2773 in
2778 2734 2841 2773 se
2875 2720 3176 2775 continere
3218 2737 3231 2785 ;
3273 2724 3329 2775 et
3366 2719 3428 2774 in
3463 2718 3662 2776 dubiis

2009 2807 2297 2879 exquisite
2338 2807 2692 2863 sententiam
2731 2807 2901 2877 ferre,
2968 2824 3090 2864 non
3152 2808 3235 2863 ita
3298 2807 3469 2864 facile
3516 2809 3661 2864 mihi

2008 2896 2316 2953 videtur.»
2358 2896 2682 2969 Respondit
2708 2895 2803 2951 ille
2836 2914 2849 2950 :
2895 2896 3009 2952 Sed
3049 2898 3111 2951 in
3151 2896 3348 2952 dubiis
3386 2912 3523 2952 vere
3589 2911 3661 2951 ac

2009 2985 2258 3041 ﬁrmiter
2281 2986 2610 3053 enuntiare,
2641 2984 2703 3040 id
2738 2984 3047 3056 prudentis
3070 2989 3159 3040 est
3188 3002 3200 3039 :
3224 2985 3298 3040 de
3328 2984 3659 3040 manifestis

1492 3074 1576 3129 ἐπὶ
1638 3080 1739 3152 γὰρ
1797 3085 1901 3139 τοῖς

2011 3076 2236 3149 quippe
2265 3080 2322 3131 et
2343 3075 2493 3130 asini
2518 3074 3051 3147 pronuntiaverint.
3078 3096 3105 3124 »
3127 3076 3273 3130 Tum
3293 3088 3405 3143 ego
3432 3090 3444 3128 :
3476 3096 3503 3123 ι)
3524 3074 3658 3129 Jam

2013 3170 2069 3221 et
2097 3181 2210 3220 nos
2250 3164 2400 3219 inter
2436 3164 2637 3219 asinos
2678 3162 3063 3218 collocamur.
3140 3184 3167 3213 »
3211 3166 3279 3219 Et
3335 3162 3660 3235 imperator

2011 3254 2100 3310 ira
2119 3252 2551 3318 inﬂammatus,
2581 3275 2609 3303 «
2630 3255 2714 3308 Tu
2735 3267 2992 3323 semper,
3016 3274 3044 3303 ‹‹
3078 3251 3180 3321 ait,
3205 3273 3233 3303 »
3276 3252 3440 3308 haud
3476 3267 3659 3308 sanus

2012 3342 2246 3415 ineptis,
2278 3346 2335 3398 et
2366 3358 2527 3397 nunc
2548 3357 2789 3414 quoque
2818 3341 3053 3414 ineptis.
3095 3362 3125 3391 ι)
3156 3344 3308 3414 Ipse,
3341 3358 3451 3397 nec
3473 3340 3655 3414 aliud,

2011 3434 2095 3490 ita
2120 3449 2214 3488 me
2244 3447 2550 3488 sermones
2576 3430 3094 3503 ament.respondi
3116 3448 3131 3488 :
3155 3454 3182 3481 ››
3197 3437 3265 3487 At
3289 3447 3399 3502 ego
3411 3432 3659 3504 quidem

2012 3523 2255 3595 ineptio,
2298 3521 2554 3592 ideoque
2585 3520 2880 3575 silentium
2921 3525 3010 3576 est
3046 3521 3193 3576 mihi
3231 3526 3247 3576 ξ
3289 3520 3394 3593 qui
3421 3522 3661 3594 sapiunt

2013 3612 2132 3685 ipsi
2194 3612 2539 3683 loquantur.
2583 3630 2611 3659 η
2633 3610 2923 3665 Dixeram.
2965 3608 3294 3682 Imperator
3329 3610 3660 3668 incredibili

2014 3708 2193 3775 atque
2217 3701 2400 3758 atroci
2425 3700 3027 3773 percitusiracundia,
3055 3700 3212 3755 ensis
3233 3701 3450 3774 capulo
3475 3717 3660 3759 manu

2015 3807 2379 3864 compresso,
2449 3791 2668 3861 vagina
2723 3790 2996 3859 detegere
3034 3795 3236 3849 tentat.
3277 3791 3391 3846 Sed
3431 3798 3660 3848 motum

2013 3885 2557 3953 temperat,etquem
2578 3878 2881 3952 paululum
2899 3884 3185 3935 retexerat
3201 3880 3659 3950 ensem,vaginee

2020 3973 2194 4045 139
2221 3970 2431 4026 reddit.
2464 3972 2602 4025 Dein
2660 3985 2885 4040 magno
2936 3969 3264 4025 domestico
3319 3969 3660 4025 Andronico

2013 4061 2297 4117 Muzaloni
2329 4076 2425 4115 me
2455 4059 2529 4114 de
2569 4075 2724 4130 equo
2763 4059 3015 4129 dejicere
3054 4059 3329 4130 imperat.
3376 4054 3474 4113 Ille
3511 4074 3659 4114 voce

2013 4150 2342 4217 submissa,
2377 4147 2670 4214 «Secede,
2702 4168 2729 4197 »
2754 4147 2851 4217 ait,
2894 4167 2921 4201 ‹
2947 4162 3113 4219 sago.
3148 4170 3168 4195 ι
3204 4150 3325 4217 Ego
3360 4146 3526 4203 mula
3560 4146 3658 4203 de-

2013 4239 2236 4295 scendi.
2268 4241 2430 4294 Tunc
2458 4237 2720 4310 optimus
2750 4252 2891 4307 erga
2920 4251 3030 4292 nos
3053 4237 3399 4307 imperator,
3431 4252 3543 4292 nos
3557 4235 3661 4309 qui

2011 4329 2203 4385 multa
2241 4344 2277 4384 a
2315 4332 2484 4400 patre
2524 4342 2634 4383 suo
2698 4326 2790 4381 sui
2852 4326 3041 4395 gratia
3115 4341 3330 4398 aspera
3395 4326 3661 4397 perpessi

292 4419 366 4471 ’0
397 4415 457 4471 δὲ
492 4423 857 4493 χρηστότατος
893 4423 1012 4491 περὶ
1050 4420 1189 4491 ἡμᾶς
1251 4417 1491 4479 ϐασιλεὺς
1556 4423 1673 4480 τοὺς
1737 4419 1900 4472 πολλὰ

2012 4435 2252 4475 eramus
2281 4463 2295 4487 ,
2320 4423 2383 4474 ut
2413 4417 2613 4489 palam
2672 4431 2949 4488 saepeque
3006 4414 3212 4471 multis
3280 4415 3659 4472 audientibus

288 4510 433 4581 πρὸς
451 4515 542 4561 τοῦ
564 4510 756 4582 πατρὸς
795 4507 954 4561 αὐτοῦ
1018 4504 1086 4559 δι⁸
1146 4507 1301 4560 αὐτὸν
1362 4509 1703 4571 πεπόνθότας,
1759 4512 1823 4570 ὡς
1850 4508 1898 4561 ἐν

288 4595 472 4667 πολλῷ
497 4595 684 4655 πλήθει
712 4601 803 4649 καὶ
830 4595 1073 4658 πολλάκις
1127 4592 1163 4649 δ
1168 4600 1431 4672 ιαπρυσὶῳ
1468 4596 1599 4660 ἔλεξε
1628 4605 1690 4669 τῇ
1735 4606 1897 4670 φωνῇ,

292 4686 371 4748 ὦς
404 4708 432 4737 ››
461 4686 663 4739 Πολλῶν
689 4706 779 4760 μοι
817 4694 984 4749 αῖτιος
1042 4688 1247 4758 άγαθῶν
1318 4682 1469 4748 οὗτος
1532 4691 1558 4738 ό
1632 4686 1901 4760 ἅνθρωπος

287 4779 689 4850 γίγονε,»περὶ
721 4784 815 4838 τῆς
865 4775 1080 4848 λογικῆς
1136 4777 1347 4849 φάσκων
1404 4772 1669 4843 παιδεὶας,
1721 4776 1900 4850 [1³27]

292 4887 329 4918 (ε
373 4868 464 4917 καὶ
514 4864 712 4919 πολλῶν
769 4865 1031 4939 ὀφειλέτης
1096 4867 1263 4938 τούτῳ
1322 4867 1593 4938 τυγχάνω,
1666 4887 1688 4914 ι
1751 4861 1899 4917 δυοῖν

289 4959 667 5030 κορυνοφόροιν
704 4954 1018 5028 προσέταξεν
1048 4956 1258 5007 τύπτειν
1296 4974 1378 5028 με,
1416 4954 1588 5026 χθιζὰ
1643 4959 1734 5007 καὶ
1797 4958 1898 5027 πρὸ

287 5048 478 5120 τρὶτης
517 5046 732 5106 τούτους
797 5044 1195 5116 χειροτονήσας.
1265 5046 1331 5105 ὡς
1404 5047 1569 5096 εἰκοσι
1635 5047 1900 5117 τέσσαρας

288 5135 495 5195 πάντας
551 5136 638 5186 τὸν
691 5135 931 5207 ἀριθμὸν,
975 5132 1068 5185 οὐκ
1107 5129 1195 5185 οἶδ
1233 5134 1277 5185 εἰ
1316 5136 1386 5205 μὴ
1433 5128 1503 5185 δι’
1545 5135 1653 5205 ἐμὲ,
1714 5133 1776 5185 ἶν’
1817 5136 1892 5193 εἴη

287 5227 386 5277 κᾶὶ
429 5226 593 5282 σκηνὴ
638 5230 729 5276 τοῦ
770 5220 1038 5297 δράματος
1066 5225 1139 5285 εἰς
1176 5218 1475 5296 τραγῳδίαν
1549 5227 1894 5296 μεμορφωμέ-

285 5334 378 5372 νη.
414 5318 515 5367 Καὶ
554 5315 602 5366 οἱ
641 5316 731 5385 μὲν
794 5315 1032 5380 ἔτυπτον,
1100 5310 1198 5384 ἐγὼ
1266 5308 1326 5364 δε
1388 5315 1509 5383 σιγὴ
1573 5315 1660 5372 τὰς
1714 5311 1892 5383 τύψεις

286 5402 595 5473 ἐλάμϐανον.
661 5401 727 5456 Ὀ
792 5407 881 5454 καὶ
940 5400 1130 5475 μᾶλλον
1191 5408 1371 5453 τοῦτον
1464 5399 1745 5473 ἐξέμαινεν,
1812 5405 1891 5454 ὅτι

286 5488 423 5566 μηδ’
462 5493 585 5554 ὅλως
632 5496 759 5568 πρὸς
802 5488 1011 5553 δεήσεις
1047 5493 1356 5563 κάμπτομαι
1394 5495 1483 5543 καὶ
1520 5489 1886 5562 πληττόμενος.

286 5586 418 5640 Επεὶ
457 5579 516 5638 δὲ
555 5581 741 5647 πολλάς
786 5584 921 5636 κατὰ
944 5584 1136 5645 παντὸς
1165 5576 1420 5655 ἐδεξάμην
1485 5587 1577 5633 τοῦ
1643 5584 1885 5653 σώματος

2012 4509 2342 4565 clarissima
2358 4523 2503 4562 voce
2522 4511 2769 4562 testatus
2792 4510 2880 4561 est
2904 4506 3096 4560 virum
3117 4506 3297 4577 hunc,
3324 4522 3419 4561 me
3440 4520 3659 4577 nempe

2010 4599 2368 4668 intelligens,
2415 4597 2577 4653 bona
2630 4595 2741 4651 sibi
2797 4594 3056 4668 plurima
3127 4600 3482 4667 opportasse
3550 4610 3658 4666 pro

2009 4687 2326 4760 disciplina
2354 4686 2567 4757 logica,
2601 4702 2723 4759 qua
2753 4701 2890 4741 eum
2914 4684 3306 4751 institueram,
3338 4699 3447 4739 nec
3464 4698 3585 4737 non
3603 4687 3660 4738 et

2009 4776 2126 4832 alia
2182 4791 2305 4833 non
2357 4776 2574 4846 exigua
2628 4791 2692 4830 se
2748 4774 2966 4830 debere
3031 4771 3359 4839 confessus,
3418 4769 3658 4825 duobus

2008 4862 2321 4933 clavigeris
2342 4863 2467 4918 heri
2498 4862 2828 4918 autnudius
2844 4861 3063 4927 tertius,
3079 4858 3283 4915 nescio
3315 4873 3393 4913 an
3414 4861 3659 4931 propter

2007 4968 2126 5021 me,
2158 4956 2223 5008 ut
2250 4950 2538 5007 dramatis
2561 4964 2740 5006 scena
2772 4950 2832 5004 in
2850 4948 3203 5019 tragoediam
3242 4947 3323 5003 ad
3364 4947 3656 5004 amussim

2008 5046 2466 5107 converteretur,
2489 5039 2704 5107 electis,
2739 5042 3019 5094 eteorum
3047 5053 3302 5094 numero
3341 5037 3419 5093 ad
3447 5037 3658 5109 viginti

2004 5137 2261 5205 quatuor
2303 5129 2681 5197 ascendente,
2730 5127 3081 5184 verberibus
3136 5132 3417 5201 appetere
3450 5126 3654 5200 jussit.

2006 5220 2087 5277 llli
2116 5220 2317 5292 itaque
2344 5218 2679 5284 verberare,
2708 5232 2820 5288 ego
2842 5217 3074 5273 silentio
3100 5217 3653 5289 verberaexcipere.

2006 5311 2065 5366 ld
2086 5308 2351 5379 magisin
2369 5308 2626 5363 furorem
2655 5307 2873 5377 agebat
2890 5306 3335 5379 imperatorem,
3358 5306 3524 5378 quod
3545 5320 3655 5360 nec

1999 5399 2345 5456 verberibus
2367 5414 2556 5453 caesus
2570 5397 2646 5453 ad
2661 5397 3125 5471 supplicationes
3156 5396 3509 5453 eftunderer.
3547 5392 3652 5449 Ubi

1998 5505 2139 5545 vero
2192 5486 2595 5555 frequentium
2657 5487 2971 5544 verberum
3038 5486 3250 5542 ictibus
3310 5482 3649 5539 universum

1996 5595 2216 5654 corpus
2240 5576 2635 5645 fcedaverant,
2659 5577 2753 5635 vix
2776 5576 3019 5632 tandem
3050 5592 3161 5645 ego
3192 5588 3338 5631 voce
3368 5567 3549 5628 debili
3577 5581 3647 5623 ac
