4084 6212
213 307 349 360 1153

209 425 694 500 ἀποπληρώσοντες,
753 425 872 497 ὅπερ
926 423 952 474 6
1028 421 1273 495 βασιλεὺς
1331 423 1564 482 Ἰωάννης
1617 423 1643 474 ό
1717 429 1809 474 τοῦ
1836 421 1886 474 Α

209 514 582 589 βασιλεύοντος
631 516 804 585 πατὴρ
858 515 956 587 πρὸ
1023 517 1227 585 χρόνων
1273 521 1424 565 τινῶν
1468 518 1809 584 συμπεφώνη-

209 624 318 670 κεν,
347 606 373 655 6
398 606 488 675 μεν
538 599 784 673 βασιλεὺς
831 597 1052 654 ἔσπευδε
1108 607 1202 660 τὴν
1264 601 1653 659 Θεσσαλονίκην
1718 621 1809 652 κα-

208 693 474 759 ταλαϐειν,
506 693 626 744 ἔνθα
653 695 744 742 καὶ
792 694 916 752 τοὺς
965 691 1163 764 λάμους
1220 701 1445 751 ποιῆσαι
1475 689 1807 764 βεϐούληται.

213 789 316 838 Καὶ
347 780 414 841 δή
444 801 537 854 περ
588 779 786 854 ἀπάραι
851 779 903 843 ἐξ
953 780 1106 856 οὗπερ
1167 783 1328 834 ἔκειτο
1379 785 1540 834 τόπου
1597 789 1690 842 τῆς
1743 781 1812 840 εἰς

210 877 309 932 τὴν
369 869 754 928 Θεσσαλονίκην
789 871 1046 944 φερούσης
1100 873 1310 929 ᾗπτετο·
1361 871 1479 923 καθ’
1551 867 1675 922 ὀδόν
1752 866 1811 922 δέ

210 965 345 1036 μετὰ
399 969 489 1022 τῆς
543 967 634 1013 τοῦ
691 956 950 1012 δεσπότου
1006 961 1240 1031 συζύγου
1293 963 1388 1023 τὰς
1463 958 1813 1034 συμϐίϐάσεις

211 1051 396 1106 ἐποίει,
431 1050 490 1103 Ἠ
537 1052 626 1121 μεν
685 1043 772 1101 οὖν
821 1055 912 1101 τοῦ
958 1045 1217 1102 δεσπότου
1278 1049 1504 1122 σύζυγος
1561 1047 1812 1124 Θεοδωρα

207 1145 306 1194 καὶ
359 1142 568 1192 ἄκουσα
623 1145 734 1200 τοῖς
781 1145 874 1190 τοῦ
947 1135 1202 1210 βασιλέως
1269 1138 1440 1210 λόγοις
1498 1143 1809 1212 συνήρχετοο

211 1228 360 1292 ὸτός
413 1229 513 1300 γάρ
572 1235 671 1278 τῶν
738 1224 930 1278 ἐκείνου
990 1233 1184 1301 χειρῶν
1247 1223 1399 1294 οὖσα,
1459 1233 1548 1280 καὶ
1622 1233 1814 1302 μικρου

214 1315 329 1370 δεῖν
355 1319 418 1377 ὡς
458 1314 508 1368 ἐν
547 1316 722 1387 εἱρκτῆ
753 1316 1116 1386 τυγχάνουσα,
1148 1315 1243 1367 ούκ
1270 1311 1386 1388 εἶχέ
1409 1335 1461 1367 τι
1510 1315 1630 1368 ἄλλο
1689 1313 1724 1368 δ
1726 1321 1817 1388 ρᾶς-

214 1424 331 1460 σαι.
383 1409 760 1476 Συμπεφὼνηκε
799 1409 926 1474 γοῦν
979 1398 1162 1455 δοῦναι
1241 1407 1371 1477 πρός
1449 1407 1534 1456 τὸν
1591 1401 1817 1476 βασιλέα

211 1498 276 1548 1'6
300 1495 526 1567 κάστρον
553 1495 622 1544 τὰ
658 1490 843 1566 Σέρϐια
904 1496 995 1543 καὶ
1051 1496 1146 1544 σὺν
1199 1491 1340 1562 αὐτῷ
1379 1498 1469 1545 καὶ
1513 1496 1572 1545 τὸ
1623 1491 1818 1567 Δυρρά-

213 1603 342 1656 χιον
363 1584 495 1637 Ἐπὶ.
555 1583 759 1643 τούτοις
811 1585 901 1632 καὶ
949 1582 1094 1654 ὅρκοι
1174 1579 1441 1653 ἐγγράφως
1518 1580 1816 1655 προέϐησαν

213 1678 311 1726 καὶ
339 1670 708 1729 ἀπεστάλησαν
746 1673 875 1745 πρὸς
906 1673 992 1722 τόν
1034 1666 1297 1728 δεσπότην
1350 1671 1586 1740 Μιχαὴλ.
1628 1669 1687 1724 Ὀ
1735 1667 1815 1739 δὲ,

216 1763 244 1815 ὃ
272 1781 429 1835 φησιν
456 1763 485 1818 ἡ
527 1764 767 1828 ποίησις,
795 1759 920 1811 ἑκὼν
961 1762 1163 1811 ἀέκοντί
1211 1777 1271 1830 γε
1326 1761 1472 1832 θυμῷ
1527 1767 1634 1822 τοῖς
1683 1761 1817 1832 ὠμο-

218 1856 429 1925 σμένοις
459 1848 720 1912 ξυνῆλθεν⁹
757 1851 956 1920 ηὔχετο
1008 1848 1056 1883 ⁵³
1112 1850 1210 1920 γὰρ
1271 1846 1672 1922 ίλευθερωθῆναι
1725 1854 1812 1902 καὶ

213 1942 343 2016 παρ’
373 1941 528 1994 αὑτὸν
560 1939 802 2010 γενέσθαι
850 1942 940 1990 καὶ
981 1941 1068 1990 τόν
1116 1939 1227 1988 υἱὸν
1276 1943 1366 1990 καὶ
1421 1942 1515 1997 τὴν
1565 1939 1814 2009 σύζυγον.

217 2034 305 2085 Ἐν
335 2038 444 2091 τοῖς
494 2031 750 2090 τοιούτοις
805 2035 904 2079 τῶν
953 2026 1118 2097 λόγων
1174 2029 1199 2079 ὃ
1249 2025 1500 2099 βασιλεὺς
1555 2027 1687 2100 κάμὲ
1729 2035 1820 2088 τῆς

219 2118 287 2184 ἧς
312 2119 454 2192 εἶχον
507 2117 868 2191 ἐκμοχλεύσας
902 2114 1243 2190 στερρότητος
1291 2115 1634 2191 ἐχειρώσατο⁶
1671 2117 1830 2180 Ἐξα-“

220 2209 496 2270 ποστείλας
547 2211 648 2280 γὰρ
701 2209 786 2259 τὸν
836 2209 967 2280 πρὸς
1018 2207 1234 2258 πάππου
1297 2206 1456 2258 αὐτοῦ
1531 2209 1660 2260 θεῖον
1734 2212 1822 2260 τὸν

223 2303 498 2374 Λάσκαριν
557 2294 805 2354 Μανουὴλ
855 2300 946 2346 καὶ¹
1007 2298 1092 2347 τόν
1181 2294 1653 2371 πρωτοϐεστιάριον
1735 2302 1822 2350 τόν

225 2387 554 2450 Μουζάλωνα
584 2391 835 2459 Γεώργιον
873 2383 1068 2458 ἱλαροῖς
1105 2389 1195 2436 καὶ
1242 2383 1424 2446 ἁπλοῖς
1470 2404 1608 2437 τισιν
1661 2385 1826 2460 ἐχρή-

229 2497 362 2532 σατο
397 2476 570 2548 λόγοις
593 2479 683 2526 καὶ
713 2493 777 2547 με
807 2472 926 2543 εἷλε,
977 2478 1066 2526 καὶ
1108 2477 1237 2546 πρὸς
1290 2473 1445 2526 αὐτὸν
1493 2476 1542 2526 οἱ
1595 2474 1825 2528 ἀποστα-

227 2569 393 2628 λέντες
424 2564 711 2637 ἆπήγαγον.
746 2569 846 2618 Καὶ
869 2571 994 2636 γοῦν
1024 2568 1255 2636 προσιὼν
1302 2572 1374 2635 τῷ
1435 2562 1666 2637 βασιλεῖ,
1735 2572 1824 2619 καὶ

232 2660 304 2719 ὡς
361 2657 472 2717 ἔθος
524 2653 693 2716 κλίνας
765 2657 860 2711 τὴν
937 2652 1180 2725 κεφαλὴν,
1265 2657 1582 2728 μακρότερον
1645 2656 1820 2712 ἔστην.

1847 1541 1890 1596 Β

1720 296 2061 355 ANNALES.

3425 309 3562 364 1154

1918 421 2244 495 Imperator
2265 423 2340 478 ad
2358 423 2567 480 urbem
2579 425 3087 501 Thessalonicam,
3109 432 3168 485 in
3183 446 3308 503 qua
3324 432 3564 504 nuptias

1919 512 2213 567 adornare
2269 512 2632 580 decreverat,
2689 519 3049 589 properavit,
3109 519 3358 592 jamque
3435 520 3567 576 loco

1919 601 2164 656 abierat.
2201 602 2520 658 Discedens
2559 605 3082 664 Thessalonicense
3109 610 3215 664 iter
3241 609 3570 680 ingreditur

1919 699 1974 746 et
2003 690 2152 745 inter
2189 690 2457 747 eundum
2501 696 2812 764 pactiones
2867 712 3004 751 cum
3072 702 3335 769 despotre
3385 715 3568 755 uxore

1920 779 2144 835 adibat.
2181 782 2451 852 Despotae
2489 797 2641 837 uxor
2677 783 2987 840 Theodora
3031 785 3165 842 licet
3207 788 3391 844 invita
3430 805 3570 845 cum

1918 867 2277 940 imperatore
2309 870 2736 938 concordabat,
2769 873 2991 946 quippe
3017 891 3152 946 quae
3183 876 3240 931 in
3287 877 3571 932 manibus

1920 957 2050 1028 ejus
2079 973 2217 1013 cum
2247 963 2420 1024 esset,
2470 963 2704 1015 tantum
2755 976 2876 1017 non
2931 964 3153 1018 carceri
3205 966 3570 1038 mancipata,

1921 1045 2084 1102 aliud
2156 1062 2334 1118 agere
2405 1048 2712 1120 nequibat.
2789 1050 3068 1106 Convenit
3115 1053 3315 1124 itaque
3367 1054 3571 1111 Serbia

1922 1142 2188 1192 castrum
2219 1142 2433 1192 etcum
2463 1152 2534 1192 eo
2556 1139 2939 1209 Dyrrachium
2961 1139 3304 1212 imperatori
3336 1142 3563 1198 cedere.

1925 1228 1991 1281 Et
2019 1225 2148 1281 haec
2169 1225 2322 1297 jurej
2335 1226 2765 1298 urando,quod
2787 1229 3006 1300 scripto
3019 1231 3434 1299 consignatum
3459 1238 3570 1301 est,

1923 1315 2164 1373 fuerunt
2193 1315 2451 1370 stabilita
2481 1321 2538 1370 et
2566 1316 2643 1370 ad
2673 1316 3012 1373 Michaelem
3034 1318 3349 1390 despotam
3383 1326 3575 1376 trans-

1925 1405 2132 1460 missa.
2168 1403 2284 1470 Ille,
2307 1403 2469 1476 quod
2497 1410 2674 1476 poeta
2703 1405 2919 1475 retulit,
2945 1406 3572 1482 lubentiillubentique

1926 1508 2129 1550 animo
2155 1493 2367 1563 juratis
2385 1507 2748 1548 consensum
2781 1495 3080 1566 praestitit:
3111 1495 3281 1568 142
3307 1513 3574 1570 namque

1925 1597 2174 1637 uxorem
2207 1585 2264 1637 et
2300 1581 2490 1637 ﬁlium
2529 1581 2768 1637 liberari
2816 1587 2874 1637 et
2911 1583 2988 1638 ad
3043 1601 3104 1638 se
3157 1586 3360 1640 venire
3414 1603 3578 1642 sum-

1927 1685 2171 1742 mopere
2183 1671 2525 1742 exoptabat.
2557 1675 2711 1727 Inter
2737 1671 2864 1727 haec
2887 1669 3210 1744 imperator
3226 1690 3321 1730 me
3334 1689 3578 1747 quoque

1928 1777 1999 1817 ex
2037 1760 2382 1832 pertinacia,
2427 1777 2566 1833 quas
2628 1761 2774 1816 mihi
2827 1761 3149 1833 insederat,
3203 1769 3579 1823 summotum

1929 1855 2260 1922 expugnat.
2287 1852 2500 1906 Patruo
2532 1851 2692 1906 enim
2723 1867 2792 1906 ex
2835 1867 2949 1907 avo
2977 1851 3240 1907 Manuele
3267 1854 3500 1910 Lascari
3522 1858 3580 1910 et

1929 1938 2387 2011 protovestiario
2401 1939 2649 2008 Georgio
2663 1940 2960 1997 Muzaloue
2975 1940 3050 1996 ad
3071 1957 3164 1996 me
3183 1942 3576 2011 transmissis,

1929 2029 2200 2100 laetisque
2231 2042 2301 2082 ac
2323 2027 2576 2098 placidis
2602 2029 2982 2084 sermonibus
3012 2035 3278 2100 captum.
3299 2031 3379 2086 ad
3415 2047 3578 2094 eum.

1931 2120 2035 2193 qui
2067 2118 2231 2174 missi
2263 2118 2512 2184 fuerant,
2532 2118 3042 2192 conducunt.lpse
3056 2120 3135 2175 ad
3157 2121 3578 2194 imperatorem

1930 2207 2176 2265 veniens
2209 2212 2263 2262 et
2285 2221 2394 2278 pro
2419 2221 2584 2261 more
2605 2212 2786 2278 caput
2813 2207 3128 2271 inclinans,
3171 2207 3394 2264 diutius
3415 2215 3583 2266 stans

1932 2295 2256 2354 haerebam.
2291 2297 2354 2350 Et
2382 2295 2739 2367 imperator:
2785 2317 2812 2346 «
2833 2301 2921 2351 An
2950 2311 3072 2351 non
3095 2300 3258 2353 tenes
3289 2299 3393 2354 ubi
3429 2304 3586 2356 stare

1935 2387 2174 2444 solebas
2204 2385 2232 2440 τ
2263 2387 2483 2440 Locum
2523 2389 2690 2439 tuum
2724 2385 3040 2455 agnoscis;
3098 2403 3236 2441 eum
3295 2389 3498 2460 petito.
3555 2411 3584 2440 »

1932 2475 2122 2533 Jussis
2150 2473 2550 2545 imperatoriis
2577 2473 2830 2529 audiens
2861 2473 3074 2544 abii,et
3104 2475 3353 2542 elatere,
3376 2494 3587 2549 quem-

1933 2563 2266 2623 admodum
2305 2562 2469 2634 prius
2495 2577 2832 2632 sueveram,
2875 2563 3022 2618 steti.
3070 2566 3215 2620 Tum
3279 2565 3426 2621 mihi
3491 2567 3588 2624 Mi-

1935 2653 2158 2712 chaelis
2182 2652 2446 2722 despotae
2461 2650 2700 2720 negotia
2713 2653 3142 2717 communicat,
3163 2658 3270 2710 eta
3295 2654 3590 2727 principio

233 2751 338 2799 Καὶ
367 2746 394 2796 6
421 2742 682 2816 βασιλεὺς,
717 2764 745 2792 ιι
773 2741 884 2794 Οὐκ
926 2738 1078 2804 οἶδας
1134 2743 1233 2799 ὅπη
1285 2741 1477 2804 είώθεις
1531 2743 1821 2811 ἶστασθαι;

1938 2741 2140 2800 omnia
2164 2739 2424 2796 dilucide
2453 2746 2674 2795 narrat.
2701 2742 2768 2796 Et
2800 2740 2927 2796 haec
2956 2741 3202 2813 quidem
3233 2745 3396 2815 apud
3443 2746 3592 2800 Lan-

226 2837 319 2888 τόν
344 2838 500 2886 τόπον
531 2851 626 2885 σου
668 2837 964 2902 γινώσκεις,
1020 2835 1109 2883 καὶ
1153 2832 1388 2905 πρόσιθι.
1445 2853 1476 2881 ››
1528 2838 1602 2904 Τῇ
1662 2852 1823 2907 προσ-

1938 2831 2160 2902 gadam
2199 2829 2398 2885 locum
2429 2844 2618 2900 prope
2646 2829 3132 2886 Thessalonicam
3167 2838 3333 2901 gesta
3359 2838 3518 2890 sunt.

227 2931 364 2996 ταγῇ
395 2929 520 2994 γοῦν
545 2920 759 2982 ὑπείξας
778 2927 872 2972 τοῦ
903 2917 1161 2992 βασιλέως
1191 2917 1420 2972 ἀπελθὼν
1452 2923 1606 2978 ἔστην
1636 2920 1690 2972 ἐκ
1716 2922 1938 2994 πλαγίου
1968 2920 2150 2981 αὐτοῦ,
2181 2919 2348 2977 καθώς
2379 2935 2470 2991 περ
2503 2913 2647 2987 εἶχον
2705 2922 2794 2969 καὶ
2851 2918 2984 2979 ἔθος.
3054 2923 3181 2971 Τότε
3235 2927 3360 2989 γοῦν
3420 2939 3512 2992 μοι
3565 2921 3592 2971 6

230 3011 479 3088 βασιλεὺς
525 3013 620 3072 τας
664 3017 758 3062 τοῦ
788 3005 1045 3061 δεσπότου
1074 3009 1294 3080 Μιχαὴλ
1321 3011 1592 3072 ὑποθέσεις
1637 3013 1814 3073 πάσας
1846 3010 2240 3076 ἀνεκοινώσατο,
2291 3010 2382 3058 καὶ
2412 3004 2464 3067 ἐξ
2494 3003 2672 3080 ἀρχῆς
2709 3007 2846 3067 ὅπως
2903 3005 3199 3080 προέϐησαν
3256 3003 3291 3058 δ
3297 3011 3589 3078 ιηγήσατο.

228 3110 412 3158 Ταῦτα
430 3104 519 3174 μὲν
540 3095 628 3152 οὖν
659 3097 708 3151 ίν
738 3106 848 3160 τοῖς
875 3105 968 3151 τοῦ
995 3095 1262 3170 Λαγγαδά
1300 3104 1480 3166 (τόπος
1511 3096 1545 3152 δ
1549 3103 1571 3151 ι
1592 3099 1728 3153 ἐστιν
1758 3101 1904 3162 οὗτος
1933 3099 2083 3172 ἐγγύς
2113 3115 2211 3149 που
2243 3095 2521 3166 τυγχάνων
2560 3101 2657 3154 τῆς
2685 3094 3101 3165 Θεσσαλονίκης)
3125 3095 3339 3166 ἐγένετο.

307 3187 403 3255 ξδ’.
439 3192 578 3244 Ἐπεὶ
604 3185 654 3241 δ’
677 3189 726 3224 ⁵³
756 3190 782 3240 ό
816 3186 1070 3260 βασιλεὺς
1119 3197 1212 3245 τὴν
1266 3187 1656 3247 Θεσσαλονίκην
1711 3209 1830 3242 κατ-

231 3281 426 3352 είληφε,
479 3283 601 3340 τοὺς
653 3275 737 3330 ἐπὶ
785 3285 844 3348 τῇ
905 3278 1127 3351 θυγατρὶ
1181 3282 1362 3350 Μαρίᾳ
1430 3280 1629 3350 γάμους
1703 3281 1834 3352 μετὰ

229 3378 328 3426 τοῦ
355 3372 472 3423 υἱοῦ
514 3375 608 3421 τοῦ
661 3364 922 3420 δεσπότου
989 3366 1212 3438 Μιχαὴλ
1265 3373 1590 3441 Νικηφόρου,
1637 3368 1691 3422 ὃν
1743 3372 1833 3420 καὶ

232 3459 500 3518 δεσπότην
556 3462 849 3530 τετίμηκεν,
903 3455 1312 3531 ἐκπεπλήρωκεν.
1373 3457 1456 3510 Ἐν
1515 3460 1719 3519 τούτοις
1775 3453 1834 3510 δὲ

230 3554 378 3611 ὄντος
401 3556 494 3602 τοῦ
539 3545 799 3621 βασιλέως
857 3549 1031 3620 γραφὴ
1082 3565 1164 3608 τις
1217 3549 1343 3619 πρὸς
1399 3545 1553 3599 αὐτὸν
1619 3545 1835 3620 ἐξεπέμ-

235 3642 344 3714 φθη
390 3640 534 3713 παρὰ
583 3645 682 3689 τῶν
740 3635 788 3688 ἐν
843 3643 952 3697 τοῖς
999 3643 1093 3697 τῆς
1136 3636 1376 3698 Βιθυνίας
1418 3640 1623 3709 μέρεσιν
1679 3640 1834 3688 ὄντων

235 3733 333 3784 καὶ
379 3728 449 3790 εἰς
490 3726 722 3800 φυὶακὴν
774 3724 901 3778 εἶναι
949 3731 1042 3777 τοῦ
1125 3728 1284 3776 τόπου
1354 3729 1834 3797 προστεταγμένων,

235 3823 316 3882 ὡς
357 3819 383 3871 6
438 3816 662 3890 Μιχαὴλ
728 3819 988 3888 Κομνηνὸς
1041 3815 1159 3886 (35)
1219 3813 1586 3884 Παλαιολόγος,
1635 3814 1716 3884 [Ρ.
1747 3815 1838 3885 74]

231 3910 299 3962 ὃν
347 3911 435 3960 καὶ
484 3909 643 3979 μέγαν
693 3903 1036 3958 κονοσταύλον
1083 3903 1194 3974 (36)
1251 3921 1383 3975 προς
1437 3910 1528 3954 τοῦ
1578 3900 1842 3975 βασιλέως
1906 3949 1908 3952 .

229 3999 479 4053 Ἰωάννου
511 3997 537 4047 6
585 3994 734 4066 λόγος
783 3995 990 4066 φθάσας
1041 3993 1350 4064 τετιμῆσθαι
1414 3987 1679 4049 δεδήλωκε
1751 3997 1842 4044 καὶ

236 4091 343 4146 τὴν
391 4093 487 4148 τῆς
545 4084 756 4144 ἁπάσης
805 4085 995 4142 ταύτης
1059 4086 1239 4153 χώρας
1287 4081 1564 4152 ἠγεμονίαν
1631 4079 1843 4153 ἐμπεπι-

242 4177 525 4244 στεῡσθαι,
553 4175 724 4246 φυγὰς
747 4175 913 4243 ᾤχετο
943 4175 1032 4223 καὶ
1071 4167 1154 4222 ἐπὶ
1201 4173 1288 4222 τὸν
1339 4177 1437 4221 τῶν
1489 4169 1842 4242 Μουσουλμά-

237 4274 347 4328 νῶς
374 4263 528 4336 ἀπῄει
556 4270 750 4338 χῶρον.
785 4261 1082 4333 Ὲταράχθῆ
1131 4262 1245 4330 (37)
1303 4266 1426 4331 γοῦν
1494 4257 1577 4311 ἐπὶ
1641 4261 1846 4320 τούτοις

241 4359 272 4410 ὁ
337 4353 582 4428 βασιλεὺς
621 4351 698 4404 ὀύ
755 4358 972 4425 μικρῶς,
1033 4353 1120 4401 καί
1203 4367 1266 4422 με
1337 4349 1840 4422 προσκαλεσάμενος,

246 4468 280 4497 α
312 4443 526 4515 Ἐγνως,
564 4464 590 4491 ›)
618 4444 735 4514 ἔφη,
769 4462 795 4488 ιι
825 4444 878 4491 τί
899 4442 1098 4510 γέγονεν
1131 4455 1145 4505 ;
1182 4460 1209 4488 ››
1239 4442 1339 4490 Καὶ
1369 4437 1544 4505 αὐτὸς,
1591 4461 1620 4490 ιι
1671 4434 1847 4490 Οὐδα-

243 4541 379 4610 μῶς,
416 4554 442 4582 η
468 4534 611 4603 ἔφην,
654 4551 682 4580 ιι
715 4527 754 4581 ὦ
789 4527 1029 4601 βασιλεῦ·
1063 4531 1115 4579 τί
1145 4523 1206 4579 δέ
1267 4527 1383 4579 ἐστι
1432 4546 1492 4579 το
1538 4529 1848 4600 προσφάτως

243 4625 588 4696 γεγενημένον
623 4636 636 4678 ς
665 4641 694 4669 »
728 4625 786 4690 ⁸Ο
809 4614 868 4670 δὲ
900 4635 1080 4689 φησιν,
1121 4637 1142 4666 ε
1179 4615 1236 4668 Ὀ
1287 4618 1450 4687 μέγας
1509 4615 1847 4676 κονοσταῦλος

2011 3191 2098 3243 64.
2165 3184 2274 3240 Ubi
2324 3181 2769 3239 Tessalonicam
2837 3189 3083 3239 ventum
3162 3188 3269 3251 est,
3352 3185 3593 3258 nuptias

1938 3275 2074 3332 ﬁlia:
2105 3288 2229 3328 suae
2254 3270 2446 3330 Mariae
2476 3287 2616 3327 cum
2660 3271 2785 3326 ﬁlio
2828 3271 3124 3327 Michaelis
3177 3272 3440 3345 despotae
3494 3274 3591 3329 Ni-

1940 3364 2224 3436 cephoro,
2268 3376 2451 3434 quem
2500 3365 2556 3415 et
2605 3359 2874 3432 despotaa
2944 3377 3188 3417 munere
3267 3361 3593 3431 insignivit,

1943 3454 2217 3510 adornat.
2251 3450 2480 3506 Interea
2501 3449 2603 3521 qui
2638 3448 2922 3522 Bithynia;
2963 3455 3162 3523 partes
3219 3451 3588 3516 tutabantur,

1941 3544 2166 3615 quique
2188 3541 2250 3597 in
2289 3543 2477 3595 semet
2515 3538 2787 3595 locorum
2836 3539 3172 3596 custodiam
3221 3545 3591 3613 receperant,

1941 3631 2148 3688 litteris
2201 3630 2358 3686 datis
2406 3629 2752 3701 imperatori
2824 3629 3180 3700 signiﬁcant,
3251 3629 3593 3686 Michaelem

1945 3724 2318 3779 Comnenum
2345 3719 2763 3792 Palicologum,
2797 3721 3000 3791 magni
3029 3720 3248 3776 stabuli
3278 3721 3512 3776 comitis
3563 3736 3599 3777 a

1945 3813 2173 3867 Joanne
2199 3810 2578 3882 imperatore,
2607 3815 2672 3865 ut
2703 3824 2887 3882 supra
2911 3815 3218 3865 narratum
3259 3807 3429 3881 143
3488 3814 3596 3875 est,

1947 3899 2114 3955 titulo
2141 3899 2632 3964 condecoratum,
2665 3900 2828 3955 etcui
2863 3899 3152 3954 universa
3167 3898 3320 3953 illius
3342 3898 3600 3967 regionis

1947 3991 2304 4062 praefectura
2349 3987 2540 4042 fuerat
2587 3986 2975 4054 demandata,
3030 3987 3105 4041 ad
3187 3989 3601 4043 Musulmanos

1951 4077 2313 4147 confugisse.
2347 4079 2540 4142 Quare
2582 4075 2795 4131 anxius
2848 4074 3170 4146 imperator
3224 4075 3428 4131 animo
3470 4091 3596 4132 non

1951 4168 2439 4224 levitertestuare.
2461 4168 2633 4221 Etme
2648 4163 2860 4231 accito,
2885 4167 3209 4234 «Tenesne,
3227 4186 3256 4216 »
3269 4166 3366 4236 ait,
3385 4188 3412 4217 «
3435 4163 3603 4238 quod

1955 4261 2186 4328 gestum
2211 4257 2351 4312 est?
2382 4277 2410 4304 »
2443 4257 2508 4310 Et
2537 4255 2684 4326 ipse,
2713 4274 2741 4302 ‹‹
2761 4255 3154 4326 Nequaquam
3179 4275 3229 4320 »,
3262 4254 3378 4317 aio,
3432 4273 3462 4308 ‹
3497 4254 3606 4310 im-

1953 4352 2214 4421 perator.
2245 4345 2398 4412 Quid
2429 4349 2621 4400 autem
2648 4359 2854 4399 recens
2884 4342 3152 4398 accidit?
3179 4366 3207 4393 »
3246 4342 3344 4399 Ille
3384 4343 3605 4400 subdit:

1961 4459 1982 4488 ε
2019 4439 2269 4504 Magnus
2298 4449 2498 4492 comes
2521 4432 2741 4489 stabuli
2777 4432 2922 4503 fuga
2963 4448 3026 4487 se
3065 4432 3368 4505 surripuit,
3420 4438 3477 4490 et
3529 4432 3609 4488 ad

1958 4527 2368 4581 Musulmanos
2395 4523 2575 4579 venit.
2604 4522 2756 4588 Quid
2778 4521 2852 4578 de
2874 4521 2990 4578 hoc
3024 4522 3262 4578 animus
3295 4521 3612 4592 suggerit?

1959 4617 2050 4668 An
2078 4629 2150 4668 ex
2183 4612 2570 4670 Musulmanis
2611 4610 2866 4668 exercitu
2914 4610 3210 4666 conducto
3256 4609 3316 4665 in
3369 4614 3610 4664 nostras

325 4712 373 4746 ⁵³
402 4710 598 4780 ηὔχετο
625 4723 811 4780 usque
837 4706 917 4780 qd
946 4705 1140 4777 ὶγένετο
1172 4705 1252 4772 (in
1275 4705 1395 4772 ﬁne
1419 4703 1482 4775 ἓί)
1509 4719 1621 4759 01n-
1663 4705 1727 4757 θ’
1805 4704 1849 4739 ⁵⁸

1965 4721 1977 4758 :
2008 4702 2151 4780 Ἐπεὶ
2182 4699 2241 4780 δε
2268 4703 2292 4754 ό
2320 4699 2565 4773 βασιλεὺς
2603 4705 2696 4780 τῂν
2747 4699 3137 4780 ῥεσσαλονίκην
3196 4695 3458 4780 κατέλαβε,
3491 4699 3615 4780 ¹τοὺς

245 4767 1102 4856 γάμουςιτῖνληροί,’καὶμδεσπότᾳην
1132 4767 1218 4828 τόν
1245 4767 1541 4856 Νικηφόρον
1577 4787 1866 4856 τετίμηκεν.
1889 4769 2102 4856 ’ξίκε-ιγ
2133 4772 2272 4856 αὐτῷ
2308 4767 2482 4856 γραφὴ
2524 4773 2648 4856 6);,6
2695 4769 3041 4856 ﬂ'azlfuoléyo;
3078 4768 3319 4856 'Mcxar‘il
3349 4767 3393 4856 τό
3436 4770 3612 4856 μέγας

251 4836 597 4914 κονοσταυλοξ
621 4836 717 4910 την
747 4851 986 4904 Βιθυνίαν
1018 4845 1209 4903 διέπων
1232 4836 1580 4921 φυλαξῷχετο
1601 4836 1718 4921 περὶ
1749 4851 1843 4905 τὴν
1870 4853 1969 4896 τῶν
2001 4836 2442 4914 Μουσουλμοῖν’ων’,
2466 4847 2556 4894 καὶ
2590 4840 2861 4917 ἐταράχθη
2895 4836 2979 4894 ἐπὶ
3003 4836 3213 4900 τούτοις
3251 4841 3278 4892 ὀ
3343 4836 3608 4911 βασιλεύς.

1121 5060 1463 5132 Theodori
1511 5060 1762 5130 Dousae
1811 5068 1878 5128 et
1923 5057 2174 5130 Leonis
2221 5056 2453 5126 Allatii
2503 5065 2703 5124 notae.

331 5260 446 5331 (45)
476 5257 533 5311 Ὀ
580 5254 804 5330 Μιχαὴλ
843 5256 869 5307 6
915 5255 1196 5326 Κομνηνὸς.
1267 5253 1580 5324 Gregoras.
1643 5267 1704 5324 p.
1769 5255 1857 5306 57.

257 5338 448 5475 Αιξῐέϐ)
483 5401 543 5454 Ὀ
582 5404 746 5473 μέγας
774 5396 1138 5475 ’Κονόσταλοςτ
1199 5395 1472 5475 Magnus
1504 5409 1692 5475 centes
1739 5401 1862 5475 sta-3

265 5465 412 5532 bu‘li.
434 5465 968 5538 'Kdur'og'ﬂtalorum
1001 5474 1192 5538 conto,
1227 5472 1283 5521 et
1322 5471 1512 5538 comte
1539 5465 1862 5534 Gallorum)

264 5562 478 5614 comes,
504 5535 722 5597 σταύλον
767 5547 825 5598 et
886 5539 1154 5614 σταῡλος,Δ
1180 5535 1310 5594 ἐἱνθ
1369 5535 1619 5614 σαι-άϐλος⁸
1640 5539 1864 5614 διεθροο

265 5607 545 5675 Βαὼίιέυἱε
577 5615 902 5672 stabulum.
941 5617 1027 5669 est
1077 5611 1257 5684 igitur
1307 5607 1706 5690 Κοντοσταῦλος
1741 5607 1866 5662 sive

1971 5247 2325 5308 Κονοσταῠλος
2379 5245 2484 5317 (ita
2550 5243 2766 5317 melius
2823 5256 3010 5316 quam
3082 5243 3424 5317 Κυνόσταλος)
3513 5243 3618 5316 qui

1970 5321 2126 5376 Italis
2154 5315 2562 5382 contestabile,
2597 5316 2774 5373 Gallis
2805 5315 3204 5373 connestable.
3248 5315 3306 5369 ’0
3332 5319 3492 5388 μέγας
3525 5321 3619 5368 Ko-

1969 5390 2248 5452 νοσταῡλος
2279 5405 2398 5445 non
2433 5394 2736 5460 postrema
2769 5387 3030 5460 dignitas
3064 5389 3123 5443 in
3173 5387 3395 5460 palatio
3435 5389 3617 5442 Greco

1972 5462 2096 5518 fuit.
2133 5459 2386 5518 Consule
2416 5459 2734 5517 Meursium
2768 5460 2827 5516 in
2871 5459 3189 5516 Clossario.
3227 5459 3439 5514 Dousa.

2045 5536 2158 5606 (37)
2193 5533 2519 5609 Ἐταράχθη.
2547 5534 2866 5605 Gregoras,
2891 5548 2950 5605 ρ·
2988 5537 3074 5589 57.
3093 5534 3228 5588 ALL.
