4084 6212
568 248 706 304 1155

1852 240 2134 296 GEORGII
2165 239 2642 299 ACBOPOLITE.

3726 258 3831 309 1156

564 370 855 441 irrumpet
907 365 1003 422 ille
1051 361 1359 435 provincia
1413 362 1440 416 ?
1497 382 1525 410 »
1570 382 1597 411 «
1653 361 2014 433 Neutiquam
2067 362 2177 418 mil

2216 367 2295 419 .A
2326 361 2532 437 ἀπέδρα
2582 370 2672 417 καὶ
2724 363 2808 417 ἰπὶ
2860 367 2926 417 τὰ
2978 374 3079 419 τῶν
3133 368 3533 440 Μουσου).μάνων
3597 381 3829 447 κεχώρηκε,

565 460 860 523 videtur,o
882 458 1222 527 imperator,
1255 467 1393 506 eum
1414 450 1527 506 tale
1548 450 1694 523 quid
1722 458 1993 506 acturum
2021 469 2033 505 :
2062 452 2216 507 illius

566 549 724 604 enim
753 562 996 602 sensum
1032 558 1143 611 ego
1183 548 1238 597 et
1286 556 1429 610 erga
1485 544 1788 595 Romanos
1846 556 2215 613 propensum

566 638 837 693 animum
852 634 1095 706 pulchre
1110 630 1315 686 calleo.
1338 652 1364 679 ››
1382 632 1445 685 Et
1468 630 1822 701 imperator:
1841 654 1865 678 α
1884 631 2215 695 Quamnam

564 741 705 795 ergo
731 724 811 779 ob
841 738 1089 779 causam
1112 720 1397 789 fugitivus
1437 719 1582 775 abiit
1611 718 1638 772 ?
1664 740 1693 768 »
1735 742 1757 769 ι
1792 719 1982 789 Quod,
2040 742 2061 769 ι
2130 720 2215 774 in-

564 830 771 887 quam,
809 837 829 862 ι
862 818 926 867 ut
954 817 1016 867 tu
1051 810 1203 866 bene
1234 811 1407 873 nosti,
1451 808 1796 880 imperator,
1846 825 1967 864 non
2028 808 2214 866 semel

565 908 667 959 aut
696 903 807 965 bis,
833 901 941 957 sed
969 900 1190 971 saepius
1215 902 1395 970 atque
1423 898 1640 969 saepius
1692 899 2066 954 atrocissima
2107 898 2217 955 mi-

564 992 826 1061 nabaris,
853 993 911 1045 in
942 1004 1203 1059 eumque
1242 986 1916 1053 iracundiaeoncitatus,
1942 987 2215 1059 plurimis

566 1079 966 1144 audientibus,
990 1082 1042 1133 te
1067 1076 1148 1132 illi
1179 1074 1386 1131 oculos
1416 1074 1777 1131 cﬂ‘ossurum
1803 1075 2100 1147 jactabas.
2136 1078 2213 1131 De

563 1170 656 1224 his
689 1168 784 1224 ille
813 1169 1024 1223 certior
1055 1167 1264 1231 factus,
1300 1181 1437 1220 cum
1469 1181 1505 1221 a
1525 1164 1727 1220 multis
1760 1165 2216 1237 quidquidinter

562 1257 935 1330 loquendum
948 1256 1240 1311 diceretur
1254 1256 1633 1324 perdisceret,
1652 1254 1987 1325 angebatur
2011 1254 2215 1311 animo

564 1362 899 1417 pcenasque
928 1344 1409 1411 exhorrescebat;
1446 1344 1687 1399 tandem
1711 1342 1886 1399 saluti
1930 1360 2051 1399 suae
2074 1344 2216 1412 fuga

565 1434 879 1490 consuluit.
916 1455 943 1482 ››
981 1456 1001 1482 ι
1048 1438 1109 1487 Et
1140 1438 1379 1503 propter
1408 1431 1573 1503 quid,
1616 1452 1645 1480 »
1694 1431 1823 1488 infit
1870 1432 2214 1504 imperator,

568 1524 683 1578 «in
709 1524 933 1578 ditione
968 1527 1172 1577 nostra
1216 1525 1483 1576 moratus
1536 1536 1657 1576 non
1711 1526 1819 1589 est,
1867 1521 2003 1576 licet
2054 1520 2219 1577 mala

564 1612 694 1668 haec
724 1612 1032 1668 subiturus
1061 1610 1293 1675 fuisset,
1321 1611 1380 1665 in
1434 1610 1627 1667 alieno
1684 1610 1812 1667 solo
1854 1611 2111 1668 felicitati
2156 1614 2217 1667 in

567 1706 841 1757 materno
868 1700 1262 1756 infortunium
1294 1699 1614 1770 praeferens
1639 1700 1667 1754 ‘i
1695 1722 1722 1750 »
1757 1722 1777 1749 ε
1811 1700 2065 1757 Dedecet
2102 1700 2218 1757 hoc

565 1790 903 1848 humanum
931 1789 1226 1851 animum,
1258 1804 1294 1844 o
1324 1789 1647 1860 imperator
1680 1806 1693 1853 ;
1724 1789 1876 1845 dura
1918 1789 2217 1862 siquidem

565 1886 743 1951 atque
782 1894 998 1949 aspera
1024 1877 1250 1949 perpeti
1275 1878 1567 1949 noxisque
1589 1878 1769 1933 variis
1786 1876 2057 1933 aﬁlictari
2073 1894 2218 1934 non-

567 1967 716 2023 nulli
756 1967 998 2038 ingenio
1038 1966 1311 2022 validiori
1364 1982 1433 2021 ac
1489 1965 1662 2038 144
1712 1967 1989 2022 ferociori
2049 1973 2106 2023 et
2158 1967 2218 2023 in

563 2057 844 2113 humanae
877 2057 1010 2113 vitae
1057 2055 1317 2121 casibus,
1365 2061 1431 2111 ut
1485 2056 1569 2112 ita
1621 2057 1841 2123 dicam,
1896 2056 2215 2122 obdurato,

563 2146 940 2202 sustinebunt
973 2162 986 2200 :
1013 2146 1118 2201 sed
1149 2146 1283 2201 vitae
1309 2145 1501 2216 ipsius
1532 2144 1851 2201 discrimen
1911 2150 1965 2201 et
2011 2145 2218 2218 praeci-

564 2251 825 2307 puarum
866 2235 1132 2306 corporis
1198 2234 1459 2305 partium
1510 2234 2010 2304 imminutionem,
2070 2234 2220 2290 dum

564 2323 701 2397 quis
726 2323 837 2379 sibi
865 2324 1051 2391 timet,
1077 2323 1242 2378 haud
1256 2322 1488 2377 videtur
1504 2322 1631 2377 fieri
1645 2338 1822 2394 posse
1842 2329 1905 2379 ut
1925 2324 2218 2395 patienter

564 2413 734 2481 ferat,
763 2413 868 2468 sed
904 2429 1012 2484 pro
1045 2413 1178 2467 vita:
1214 2411 1475 2483 periculo
1502 2427 1766 2481 currens,
1799 2418 2096 2484 quantum
2154 2413 2217 2468 in

564 2517 626 2556 se
657 2507 765 2570 est,
791 2501 1043 2556 molesta
1072 2517 1141 2555 ac
1173 2500 1351 2556 noxia
1378 2499 1752 2571 subterfugit.
1799 2523 1828 2551 »
1889 2500 1989 2557 His
2045 2501 2218 2558 dictis

565 2589 862 2645 siluimus.
900 2591 965 2645 Et
990 2595 1129 2660 post
1158 2588 1337 2644 breve
1364 2588 1649 2660 spatium,
1683 2611 1711 2637 «
1744 2588 1897 2654 Quid
1923 2594 2144 2657 autem,
2185 2611 2214 2640 η

563 2679 644 2735 ait
674 2678 1018 2750 imperator,
1052 2700 1074 2727 ι
1104 2677 1413 2734 existimas
1444 2693 1582 2733 eum
1614 2677 1911 2734 facturum
1953 2683 1981 2734 ?
2012 2702 2040 2730 »
2086 2682 2217 2751 Ipse

562 2767 847 2839 respondi
881 2784 894 2821 :
923 2788 952 2816 ‹‹
977 2767 1254 2838 suspicor
1270 2784 1409 2823 eum
1441 2782 1560 2822 non
1590 2766 1696 2822 diu
1720 2767 1885 2839 apud
1900 2769 2214 2825 Persarum

559 2856 895 2928 principem
922 2861 1363 2912 commoratum
1380 2856 1732 2922 missurum,
1753 2862 1866 2913 uta
1896 2857 2214 2928 majestate

563 2948 669 2999 tua
699 2943 1161 2998 commissorum
1191 2944 1427 2999 veniam
1456 2951 1886 3016 consequatur,
1922 2950 2215 3016 tanquam

560 3033 665 3104 qui
692 3038 886 3104 speret
910 3032 1088 3088 etiam
1119 3032 1180 3088 in
1192 3033 1308 3088 hoc
1331 3033 1571 3102 negotio
1594 3032 1943 3089 auxiliarem
1965 3050 2216 3105 operam

562 3121 707 3178 dicti
736 3121 1021 3194 principis
1051 3138 1174 3178 non
1194 3121 1560 3191 defuturam,
1600 3128 1657 3178 et
1706 3122 1765 3178 in
1793 3123 2087 3179 veritatisc
2112 3140 2217 3179 on-

558 3209 963 3267 ﬁrmationem
1007 3216 1449 3267 sacramentum
1509 3211 1688 3266 etiam
1732 3218 2029 3284 eXposcet,
2085 3213 2218 3270 sine

560 3316 703 3374 quo,
741 3305 802 3355 ut
828 3300 1061 3372 opinor,
1095 3301 1446 3371 neutiquam
1478 3300 1557 3356 ad
1587 3305 1644 3355 te
1674 3301 1888 3356 veniet.
1917 3323 1944 3350 »
1976 3304 2220 3374 Propter

558 3390 688 3445 haec
720 3389 1045 3460 imperator
1069 3388 1360 3457 turbatus,
1383 3389 1563 3445 rebus
1579 3389 1641 3445 in
1672 3389 1912 3445 incertis
1930 3406 1999 3446 ac
2018 3390 2219 3447 dubiis

561 3479 820 3549 agitatus
848 3497 865 3547 ;
899 3483 1035 3550 post
1056 3495 1285 3550 paucos
1317 3478 1446 3535 dies
1470 3496 1505 3535 a
1525 3479 1863 3535 cohortium
1886 3480 2219 3552 Bithynica-

559 3584 695 3623 rum
727 3571 783 3623 et
810 3567 1190 3637 Mesothyniee
1226 3567 1588 3638 praesidibus
1640 3568 1912 3640 epistolae
1970 3569 2049 3624 ad
2111 3571 2215 3625 im-

563 3662 900 3730 peratorem
935 3657 1089 3712 datae
1117 3661 1255 3712 sunt
1298 3674 1313 3724 ;
1343 3674 1478 3729 quae
1508 3665 1678 3714 erant
1703 3659 1973 3730 epistola:
2012 3659 2220 3729 magni

564 3746 788 3802 comitis
802 3746 1022 3802 stabuli
1040 3746 1114 3802 de
1134 3747 1385 3816 negotiis
1401 3752 1832 3819 pertractantes
1845 3748 1904 3803 in
1918 3749 2078 3805 hunc
2100 3750 2219 3805 fere

561 3836 835 3903 modum,
857 3835 933 3892 ad
953 3851 1450 3909 unumquemque
1478 3836 1709 3892 illorem
1738 3838 1973 3909 scriptae
2001 3855 2014 3894 :
2040 3860 2068 3889 ‹‹
2097 3841 2219 3910 Ego

561 3926 805 4000 quidem
830 3924 1283 3998 imperatorium
1324 3926 1603 3981 timorem
1655 3927 1861 3983 animo
1922 3928 2217 3992 volutans,

559 4015 917 4089 haerensque
956 4031 1030 4070 ne
1073 4031 1260 4087 quam
1292 4013 1557 4070 subirem
1596 4031 1845 4083 noxam,
1891 4015 2098 4084 fugam
2127 4033 2218 4073 ar-

559 4106 735 4177 ripui.
769 4107 881 4161 Vos
905 4110 1077 4160 caute
1101 4121 1171 4161 ac
1210 4104 1434 4159 fortiter
1463 4120 1664 4160 rerum
1684 4105 2031 4162 militarium
2057 4123 2219 4163 com-

561 4208 883 4247 missarum
902 4192 1073 4249 vobis
1093 4208 1301 4248 curam
1329 4193 1504 4262 agite.
1535 4192 1830 4249 Custodiae
1854 4194 2093 4250 urbium
2124 4211 2215 4251 ac-

561 4281 924 4353 oppidorum
982 4281 1043 4336 in
1098 4286 1223 4337 tuto
1283 4283 1417 4348 sint,
1477 4282 1895 4355 universmque
1958 4285 2217 4353 regionis

560 4368 829 4425 defensio
846 4386 916 4426 ac
932 4372 1475 4444 propugnaculum,
1491 4373 1575 4427 uti
1595 4373 1768 4427 moris
1781 4379 1887 4443 est,
1906 4372 2213 4444 procedat;

560 4464 614 4514 et
654 4459 1174 4531 quemadmodum
1196 4477 1458 4528 mecum,
1488 4461 1568 4515 ita
1580 4467 1885 4515 etrursum
1907 4476 2013 4516 vos
2032 4462 2215 4529 gerite

2251 3173 2291 3227 C

2325 458 2387 505 Τί
2412 462 2537 524 γοῦν
2583 454 2688 525 ἄρα
2742 459 2862 528 περὶ
2914 463 3002 507 τοῦ
3056 460 3291 509 τοιούτου
3351 455 3567 531 διανοῇ;
3611 471 3700 532 μῶν
3742 470 3834 535 πρὸς

2326 543 2747 615 Μουσουλμάνων
2798 544 3218 618 προσλαϐόμενος
3270 550 3551 621 στράτευμα
3598 552 3697 603 καθ’
3744 555 3834 625 ἠμε-

2323 635 2473 707 τίρας
2502 637 2741 707 χωρήσει
2775 653 2955 706 χωρας
2983 651 2997 700 ;
3022 653 3051 687 ν
3087 657 3114 683 ‹‹
3143 632 3401 708 Οὐδαμῶς
3429 656 3513 708 μοι
3549 634 3673 692 δοκεῖ
3710 660 3837 694 rom-

2323 740 2431 790 τον,
2464 718 2503 771 ὦ
2530 719 2772 793 βασιλεῦ,
2803 744 2831 771 ››
2877 725 2999 795 ἔφην
3060 746 3082 773 ε
3132 724 3288 777 αὑτὸν
3352 721 3727 798 δίαπράξασθαι·
3768 736 3835 789 τὴν

2321 812 2421 885 γὰρ
2452 816 2662 883 γνώμην
2694 819 2785 864 τοῦ
2813 809 3003 884 ἀνδρὸς
3045 811 3287 885 ἐπέγνων,
3339 820 3426 867 καὶ
3477 819 3531 867 τὸ
3569 825 3649 868 τοῦ
3693 826 3837 890 φρονή-

2323 919 2481 971 ματος
2537 900 2827 972 ἐπίσταμαι
2898 900 3265 974 φιλορώμαιον.
3327 922 3356 952 »
3415 908 3511 956 Καὶ
3560 905 3584 955 ὀ
3634 904 3834 977 βασιλεὺς,

2324 992 2508 1051 «Τίνος
2555 986 2643 1042 οὖν
2695 992 2858 1065 χάριν
2915 993 3078 1063 φυγὰς
3133 1000 3234 1045 τῶν
3290 995 3535 1064 ἡμετέρων
3585 993 3748 1065 ﬁrmo
3784 1014 3836 1063 ;-

2322 1101 2350 1128 ‹‹
2378 1078 2499 1130 ⁴Οτι
2526 1098 2618 1152 περ
2644 1080 2776 1149 (38),
2811 1102 2841 1130 »
2873 1082 3016 1152 ἔφην,
3050 1102 3071 1131 ε
3111 1084 3181 1143 ὡς
3205 1078 3383 1147 οἶσθα,
3428 1082 3466 1132 ὦ
3517 1081 3728 1154 βασιλεῦ,
3763 1086 3838 1157 οὐχ

2323 1167 2463 1229 οἷπαξ
2483 1164 2607 1220 οὐδί
2636 1164 2737 1233 δὶς,
2773 1166 2902 1220 ἀλλὰ
2937 1174 3029 1221 καὶ
3084 1173 3336 1244 μυριάκις
3385 1170 3599 1233 ἠπείλεις
3640 1173 3754 1243 αὐτῷ
3793 1178 3838 1226 τὰ

2326 1252 2600 1309 δεινότατα
2627 1262 2717 1309 καὶ
2745 1258 2972 1330 ὠργίζου
3020 1259 3135 1311 κατ’
3190 1258 3352 1313 αὐτοῦ
3410 1260 3649 1331 χαλεπῶς,
3698 1267 3770 1314 καὶ
3803 1263 3838 1316 ἓν

2323 1345 2509 1403 πλήθει
2536 1350 2755 1419 παρόντι
2791 1346 2987 1399 πολλῶν
3018 1349 3238 1419 ἔφασκες
3286 1348 3540 1421 ἆκπέμψαι
3593 1354 3673 1402 καὶ
3711 1352 3838 1425 ἐξορύ-

2327 1434 2412 1497 ξαι
2444 1438 2493 1487 οἱ
2522 1438 2639 1495 τοὺς
2680 1435 2989 1507 ὀφθαλμούς.
3038 1443 3219 1489 Ταῦτα
3262 1436 3449 1499 ἐκεῖνος
3504 1438 3721 1510 ἐμάνθανε
3758 1442 3838 1510 (39)

2325 1529 2416 1576 καὶ
2457 1543 2600 1598 παρα
2651 1523 2847 1577 πολλῶν
2899 1533 2999 1577 τῶν
3054 1525 3334 1598 λεγομένων
3380 1530 3549 1594 ἤκουε,
3613 1532 3690 1580 καὶ
3756 1525 3839 1581 idci-

2326 1631 2470 1665 κνετο
2499 1617 2593 1670 τὴν
2630 1612 2817 1684 ψυχὴν
2843 1619 2933 1666 καὶ
2959 1610 3153 1666 ἕδειλία
3190 1620 3284 1673 τὴν
3342 1620 3589 1689 τιμωρίαν
3635 1622 3710 1668 καὶ
3745 1619 3838 1669 ἁπο-

2329 1710 2506 1774 φυγείν
2535 1700 2821 1755 ἑπέσπευσε
2851 1707 2944 1761 τὴν
2973 1709 3181 1762 ποινήν,
3211 1725 3239 1753 ››
3272 1726 3300 1755 ε(
3335 1709 3434 1758 Καὶ
3481 1702 3571 1758 διὰ
3607 1710 3670 1773 τί,
3713 1728 3737 1756 ιν
3778 1707 3839 1777 ἔφη

2327 1792 2353 1843 ὁ
2386 1790 2657 1864 βασιλεὺς,
2690 1813 2719 1842 ε(
2773 1791 2867 1844 οὐκ
2924 1790 2972 1843 ἐν
3028 1800 3136 1854 τοῖς
3190 1794 3456 1868 ἡμετέροις
3503 1800 3840 1869 προσεκαρτέρει,

2329 1885 2418 1933 καὶ
2445 1880 2488 1932 εἰ
2529 1881 2709 1932 παθεῖν
2758 1879 2931 1953 ἔμελλε
2982 1884 3049 1933 τὰ
3103 1878 3250 1935 δεινὰ
3305 1882 3489 1947 ταῦτα,
3540 1892 3625 1944 τῆς
3672 1881 3739 1934 ἰπὶ
3785 1891 3842 1942 τῆς

2329 1965 2630 2031 ἀλλοδαπῆς
2678 1969 2965 2042 εὐπραγίας
3013 1974 3109 2029 τὸν
3165 1970 3216 2024 ἐν
3266 1979 3371 2032 τοῖς
3425 1972 3666 2044 ἰθαγενεσι
3718 1990 3841 2045 προτι-

2328 2068 2435 2132 μῶν
2469 2055 2844 2133 δυσπραγίανς
2876 2078 2907 2111 ν
2936 2082 2965 2110 ‹‹
2998 2059 3110 2113 Οὐκ
3139 2061 3255 2113 ἕστε
3284 2068 3439 2113 τοῦτο
3485 2060 3657 2133 ψυχῆς
3706 2058 3842 2133 ἅνθρω-

2326 2145 2562 2216 πίνης,ὧ
2594 2145 2838 2221 βασιλεῦ,
2886 2152 3034 2201 Δεινὰ
3083 2153 3173 2222 μεν
3229 2153 3333 2225 γὰρ
3402 2151 3574 2203 παθεῖν
3623 2155 3699 2201 καὶ
3744 2166 3841 2221 περι-

2326 2243 2501 2289 πεσεῖν
2546 2243 2843 2311 συμφοραῖς
2890 2240 3014 2289 ἓνιοι
3064 2237 3125 2289 ἂν
3181 2240 3351 2290 ἱκανοὶ
3415 2247 3622 2311 φανῶσι,

2326 2329 2476 2399 τέρου
2501 2329 2832 2398 γεγενημένοι
2862 2331 3191 2400 φρονήματος
3214 2331 3309 2379 καὶ
3349 2324 3454 2379 οἷον
3506 2326 3649 2379 εἰπεῖν
3697 2323 3838 2399 ἀπροσ-

2326 2416 2524 2476 παθοῦς
2576 2414 2625 2465 ἐν
2690 2421 2799 2475 τοῖς
2854 2423 2945 2466 τοῦ
2995 2413 3118 2487 βίου
3178 2418 3508 2491 πράγμασιν·
3562 2418 3617 2467 τὸ
3661 2410 3710 2466 δῖ
3762 2422 3838 2485 περι

2328 2503 2457 2575 αὑτῇ
2481 2511 2544 2576 τῇ
2595 2507 2701 2576 ζωῇ
2750 2499 2982 2557 δεδιέναι
3034 2510 3124 2557 καὶ
3174 2503 3604 2579 ἁκρωτημασμόν
3644 2510 3724 2555 τῶν
3763 2521 3839 2552 και-

2324 2596 2581 2667 ριωτέρων
2646 2602 2957 2665 σωματικῶν
3046 2601 3213 2666 μερῶν
3285 2591 3604 2667 προσδοκᾴν,
3666 2593 3839 2663 οὐμενοῦν

2327 2679 2499 2734 δοκεῖν
2521 2701 2635 2734 τινα
2668 2681 2720 2733 ἐν
2759 2685 2963 2743 τούτοις
3017 2688 3440 2759 προσκαρτερεῖν,
3490 2682 3608 2736 ἀλλὰ
3651 2686 3722 2733 τὸν
3763 2684 3838 2752 περὶ

2324 2770 2513 2842 ψυχης
2555 2775 2757 2844 τρέχων
2812 2770 3171 2844 ἀποφυγγάνει
3223 2782 3329 2825 τῶν
3389 2770 3561 2826 δεινων
3606 2774 3690 2829 ὅση
3737 2766 3838 2821 δύη·

2325 2880 2435 2931 μις.
2494 2884 2523 2911 ››
2579 2860 2739 2913 Ταῦτ’
2791 2860 3022 2923 εἰπόντες
3101 2868 3521 2935 σεσιωπήκαμεν.
3596 2865 3681 2914 Καὶ

2329 2945 2535 3019 Βραχὺ,
2563 2972 2591 2998 u
2612 2951 2676 3004 Τί
2716 2945 2773 3001 δε
2795 2951 2911 3014 οἰει,
2942 2971 2970 2999 ››
3003 2949 3028 3001 ὀ
3055 2948 3312 3023 βασιλεὺς
3338 2951 3453 3023 ἔφη,
3490 2971 3517 3001 ι(
3546 2956 3703 3001 τοῦτον
3738 2952 3836 3001 toti-

2327 3056 2418 3089 σαι
2450 3054 2464 3104 ἓ
2494 3060 2523 3087 ³)
2566 3038 2697 3109 Ἐγὼ
2728 3034 2787 3091 δε
2806 3040 2933 3111 ἔφην
2955 3042 3025 3101 ὡς
3064 3060 3092 3090 ‹‹
3125 3043 3331 3112 Μικρὸν
3368 3036 3689 3111 ὑπολαμϐάνω
3724 3034 3834 3106 napi.

2323 3129 2408 3178 τὸν
2463 3129 2782 3201 [Ιερσάρχην
2839 3132 3315 3203 προσκαρτερήσας
3386 3127 3651 3181 ἀποσταλεί
3696 3140 3836 3194 συρτει

2327 3216 2467 3277 θείας
2516 3219 2642 3288 πρὸς
2688 3223 2781 3268 τοῦ
2848 3225 2944 3269 σοῦ
2998 3220 3224 3290 κράτους
3278 3216 3578 3285 ἀξιωθῆναι,
3629 3218 3740 3286 ἔχων
3780 3213 3836 3260 lli

2324 3308 2412 3357 τὸν
2453 3307 2774 3378 Περσάρχην
2804 3304 2891 3358 ἰπὶ
2945 3314 3009 3378 τῇ
3056 3308 3305 3360 ὑποθέσει
3377 3304 3741 3380 μεσολαϐοῡντα,
3778 3300 3837 3359 ζι-

2325 3390 2558 3451 τήσειδε
2590 3412 2649 3447 σε
2690 3395 2840 3469 ὅρκον
2890 3393 2960 3455 εἰς
3009 3400 3103 3453 τὴν
3159 3403 3253 3456 τῆς
3319 3394 3559 3457 ἀληθείας
3610 3392 3835 3467 βεϐαίωσον

2327 3478 2385 3534 οὖ
2416 3484 2535 3535 ἄνευ
2570 3482 2740 3536 οὐκέτι
2768 3502 2859 3557 μοι
2900 3479 3048 3537 δοκεῖ
3100 3487 3244 3558 παρὰ
3300 3489 3360 3539 σε
3409 3484 3681 3558 ἀφικέσθαι.
3722 3501 3742 3529 ιι
3780 3477 3835 3527 Ἐν

2326 3573 2531 3631 τούτοις
2562 3567 2623 3629 ἦν
2679 3577 3057 3647 τεταραγμένος
3111 3575 3137 3626 ὁ
3199 3572 3473 3646 βασιλεὺς,
3523 3573 3569 3626 ἄν
3613 3565 3836 3643 ἀμφιϐόλοις

2326 3661 2605 3731 τυγχάνων
2631 3668 2736 3721 τοῖς
2779 3680 3105 3736 πραγμασιν.
3158 3661 3243 3724 Ὠς
3304 3661 3366 3717 δε
3411 3662 3520 3736 μετ’
3561 3660 3712 3731 ὀλίγας
3744 3653 3835 3710 ταὶς

2326 3749 2524 3821 ἡμέρας
2560 3753 2758 3824 γραφαὶ
2781 3753 2913 3825 πρὸς
2960 3753 3048 3802 τὸν
3110 3749 3341 3823 βασιλέα
3403 3751 3704 3825 ἐπέμφθησαν
3750 3744 3835 3813 πρὸς

2325 3845 2425 3889 τῶν
2457 3841 2931 3915 στραταρχούντων
2984 3838 3031 3891 ἐν
3090 3841 3310 3914 Βιθυνίᾳ
3359 3846 3447 3894 καὶ
3497 3838 3761 3905 Μεσοθυνίᾳι
3800 3826 3834 3878 ιλ

2328 3920 2387 3980 δε
2415 3932 2611 4001 γραγαὶ
2640 3938 2731 3980 του
2776 3927 3122 3981 κονοσταύλου
3176 3930 3405 4001 μεγάλου
3460 3928 3715 3999 ἐτύγχανον
3753 3918 3833 4001 πρξε

2327 3999 2513 4075 αὐτους
2582 4014 2905 4090 περιλήψεως
2960 3999 3186 4089 ἔχουσαι
3237 3999 3401 4080 οὕτως
3479 4018 3616 4089 (πρὸς
3679 4013 3745 4062 ἵνα
3796 3999 3833 4055 δέ

2325 4105 2543 4157 ἕκαστον
2608 4114 2708 4156 τῶν
2762 4109 3007 4157 τοιουτων
3059 4105 3424 4181 ἕγεγραφήκει)
3492 4107 3557 4167 ὡς
3632 4102 3737 4168 Ἐγὼ

2325 4196 2411 4245 τὸν
2441 4192 2497 4244 ἐκ
2526 4200 2618 4245 τοῦ
2648 4191 2908 4265 βασιλέως
2940 4193 3094 4267 φόϐον
3126 4192 3204 4268 [Ρ-
3236 4195 3332 4265 75]
3367 4192 3415 4247 ἓν
3461 4201 3519 4266 τῇ
3572 4184 3735 4263 καρδίᾳ
3766 4197 3832 4254 μον

2326 4285 2483 4354 ἔχων,
2533 4287 2625 4334 καὶ
2678 4278 2870 4345 δεδιὼς
2920 4288 2991 4356 μή
3059 4289 3108 4337 τί
3168 4304 3267 4337 που
3338 4285 3487 4337 πάθω
3540 4277 3699 4341 δεινόν,
3737 4273 3829 4343 tr’l'll.1

2325 4370 2662 4444 ἐχρησάμην·
2713 4372 2860 4444 ὑμεῖς
2910 4368 2969 4424 δὲ
3017 4378 3271 4446 φρονίμως
3333 4392 3425 4434 κας
3497 4366 3721 4441 ἀνδρικῶς
3765 4364 3830 4410 τῶν

2327 4469 2715 4535 στρατιωτικῶν
2772 4461 3203 4534 ἐγχειρεσθέντων
3264 4460 3388 4536 ὑμῖν
3430 4459 3713 4535 πραγμάτων
3756 4446 3830 4500 ἀπ’

561 4529 932 4621 Subscriptio
971 4565 1261 4619 magnum
1295 4550 1576 4606 comitem
1605 4548 1777 4621 145
1831 4548 2046 4605 stabuli
2077 4564 2174 4605 cor

2251 4529 2291 4582 D
2324 4552 2534 4622 εχεσθε,
2583 4570 2673 4603 και
2731 4552 2784 4602 αἱ
2838 4550 3062 4623 φυλακαὶ
3112 4560 3209 4603 τῶν
3251 4552 3530 4625 πολιχνίων
3569 4552 3647 4599 καὶ
3691 4542 3827 4593 ἄστεων

558 4637 829 4696 notabat.
873 4638 969 4694 His
998 4638 1321 4711 imperator
1366 4638 1570 4695 litteris
1614 4638 1896 4709 inspectis
1941 4638 2214 4696 animum

558 4729 748 4785 utmio
781 4728 1003 4799 gaudio
1033 4728 1397 4785 exhilaratus
1420 4727 1801 4784 sermonibus
1834 4727 1984 4783 meis
2027 4727 2212 4784 ﬁdem

559 4819 855 4876 adhibuit.

2325 4637 2573 4713 ἀσφαλεῖς
2610 4639 2865 4707 ἔστωσαν,
2897 4646 2988 4694 καὶ
3017 4643 3046 4699 ἠ
3080 4648 3174 4704 τῆς
3208 4641 3417 4702 ἁπάσης
3443 4646 3610 4712 χώρας
3649 4628 3824 4706 προσοχέ

2322 4734 2412 4782 καὶ
2467 4735 2792 4802 συντήρησις
2854 4730 2977 4802 παρ’
3031 4730 3173 4802 ὑμῶν
3220 4733 3291 4792 ὡς
3346 4732 3454 4790 ἔθος
3517 4723 3721 4799 γενέσθω,
3769 4714 3827 4802 ³⁸1

2321 4820 2495 4881 καθὼς
2542 4817 2813 4892 ἐπράττετε
2868 4818 2981 4891 μετ’
3028 4816 3171 4892 ἐμοῦ,
3221 4824 3313 4873 καὶ
3375 4814 3519 4878 αὖθις
3558 4816 3730 4868 ποιεῖτε.
3761 4806 3827 4892 [ξι

559 4909 589 4965 ἠ
626 4907 880 4981 ἐπιγραφή
907 4911 995 4960 τὸν
1025 4912 1187 4980 μέγαν
1217 4904 1558 4960 κονοσταῦλον
1580 4906 1846 4977 ἐσήμαίνε.
1882 4906 2089 4969 Ταύτας
2116 4908 2141 4961 ὁ
2173 4906 2422 4982 βασιλεὺς
2452 4890 2768 4982 θεασάμενος
2789 4890 2878 4968 τὰς
2917 4890 3118 4983 ’γραφέας
3168 4907 3350 4985 ἱλαρῶς
3401 4905 3588 4961 διετέθη
3631 4899 3731 4971 πρὸς
3769 4890 3825 4943 τέ’

560 4994 808 5049 ὑπόθεσιν
839 5001 927 5049 καὶ
952 5004 1063 5059 τοῖς
1086 4997 1262 5070 λόγοις
1290 5016 1390 5070 μου
1418 4994 1841 5067 ἕμπεπίστευκεν.

630 5121 717 5177 65.
750 5119 865 5177 Sed
898 5121 1045 5179 dum
1076 5122 1195 5177 huc
1224 5121 1411 5177 oratio
1447 5119 1741 5194 perducta
1764 5124 1873 5190 est,
1892 5120 1950 5176 in
1964 5121 2217 5181 historia

2327 5123 2413 5187 ξί.
2485 5123 2739 5177 Ἐνταῦθα
2799 5120 2857 5177 δὲ
2905 5123 2953 5160 ⁸⁸
2998 5129 3089 5176 τοῦ
3139 5128 3292 5195 λογον
3370 5124 3610 5194 γενόμενοι
3676 5110 3728 5163 τὰ
3765 5108 3825 5195 fi;

630 5208 678 5245 ⁵⁴
736 5211 847 5267 D.:
899 5210 1037 5265 Ἐπεὶ
1092 5208 1151 5265 δε
1201 5212 1227 5262 ὀ
1267 5210 1621 5283 Παλαιολόγος
1667 5208 1715 5263 ἐν
1767 5218 1878 5272 τοῖς
1930 5212 2094 5274 οἴκοις
2138 5220 2239 5265 τῶν
2294 5216 2668 5288 Τουρκομάνων
2719 5211 2953 5287 ἀφίκετο,
3010 5214 3176 5285 τούτῳ
3245 5214 3314 5276 ὡς
3395 5211 3576 5287 ἕρμαίῳ
3645 5199 3823 5267 ὅπλων

1533 5355 1854 5417 Theodori
1895 5355 2128 5418 Dousse
2161 5359 2224 5418 et
2252 5355 2484 5417 Leonis
2514 5356 2732 5418 Allatii
2758 5361 2950 5420 notae.

627 5505 748 5582 (38)
762 5504 1020 5582 ίὈτιπερ.
1051 5509 1359 5576 Gregoras,
1392 5520 1452 5577 p.
1489 5508 1574 5560 57.
1604 5507 1719 5562 Nec
1766 5506 2004 5565 diversa
2061 5512 2199 5564 sunt

550 5590 690 5652 qua;
723 5578 987 5637 Phranza
1016 5581 1470 5635 commemorat.
1518 5582 1653 5634 ALL.

2309 5509 2664 5637 (559)91'1910:
2726 5507 2912 5569 ἐκεῖνος
2978 5505 3246 5566 ἕπάνθανε.
3328 5504 3699 5577 Pachymeres,
3743 5483 3814 5541 libo

2311 5621 2325 5637 .
2358 5594 2410 5637 ο.
2479 5623 2493 5636 .
2579 5595 2667 5637 ιι..

2287 5592 2325 5647 ι,
2358 5594 2410 5637 c.
2439 5592 2493 5637 9.
2528 5592 2667 5637 ALL.
