4084 6212
222 281 366 337 U57

219 490 390 564 λόγων
438 492 562 555 ἰξια
612 494 678 544 τὰ
732 491 781 544 ἐν
833 501 896 566 τῇ
946 503 1084 569 φυγῇ
1124 499 1438 568 γεγενημένα
1488 503 1580 548 τοῦ
1614 502 1824 570 Κομνη-

218 590 312 635 νοῦ
340 580 557 653 Μιχαὴλ
601 579 844 654 ἐγεγόνει,
887 583 1031 638 Ἐπεὶ
1083 588 1183 662 γὰρ
1235 585 1387 648 οὗτος
1433 583 1482 637 ἐν
1536 593 1647 648 τοίς
1683 585 1829 645 οἴκη-

220 691 361 744 μασι
390 679 488 723 τῶν
519 673 895 744 Τουρκομάνων
947 671 1158 747 ἀφίκετο
1218 675 1379 744 (ἔθνος
1429 671 1490 727 δι
1535 683 1686 728 τοῦτο
1717 683 1829 738 τοῖς

220 762 404 836 ἄκροις
459 762 624 836 ὁρίοις
673 768 771 812 τῶν
828 766 1040 837 Περσῶν
1091 759 1361 838 ἐφεδρεῦον
1421 769 1512 817 καὶ
1577 761 1827 836 ἀσπόνδῳ

220 853 373 922 μίσει
421 855 558 902 κατὰ
610 854 874 922 Ῥωμαίων
916 856 1185 924 χρώμενον
1243 856 1334 904 καὶ
1391 851 1653 926 ἁρπαγαῖς
1713 860 1830 916 ταῖς

222 937 282 990 ἐκ
319 941 512 993 τούτων
548 946 738 1012 χαῖρον
795 945 886 992 καὶ
940 947 1050 1003 τοῖς
1078 939 1133 993 ἐκ
1161 939 1396 1014 πολέμων
1451 942 1658 1004 σκύλοις
1683 946 1829 997 ἑπευ-

221 1033 578 1104 φραινόμενον,
633 1033 723 1080 καὶ
787 1033 902 1082 τότε
956 1025 1023 1088 δὴ
1093 1027 1284 1103 μᾶλλον
1365 1033 1519 1085 ὁπότε
1601 1035 1669 1085 τὰ
1728 1041 1827 1086 τῶν

223 1123 440 1191 Περσῶν
479 1115 778 1191 ἐκυμαίνετο
826 1122 916 1170 καὶ
954 1125 1066 1180 ταῖς
1121 1117 1177 1170 ἐκ
1225 1127 1324 1172 τῶν
1361 1125 1644 1195 Ταχαρίων
1700 1120 1824 1194 ἐφό-

219 1200 336 1268 δοις
363 1203 814 1281 συνεταράττετο),
841 1215 914 1278 τῷ
968 1214 1217 1281 Κομνηνῷ
1247 1209 1472 1280 Μιχαὴλ
1523 1213 1592 1271 ὡς
1631 1210 1828 1283 ἕρμαίῳ

217 1295 524 1368 ἐντυχόντες
568 1300 695 1365 τινὶ,
761 1300 846 1348 καὶ
906 1295 1086 1369 λίχνον
1126 1299 1273 1370 ὄμμα
1315 1306 1424 1362 τοῖς
1452 1299 1614 1352 αὐτοῦ
1641 1298 1829 1353 ἐπιϐα-

216 1387 391 1450 λόντες
430 1389 727 1462 πράγμασι,
758 1387 929 1440 πάντα
971 1390 1037 1440 τὰ
1091 1388 1250 1441 αὐτοῦ
1283 1385 1635 1462 διηρπάκασι,
1685 1409 1830 1465 χρυ-

223 1481 338 1547 σόν,
403 1477 648 1552 ἄργυρον,
700 1475 910 1543 ἵππους,
965 1477 1252 1550 ὑφάσματα
1301 1483 1393 1530 καὶ
1451 1478 1586 1530 αὖτὰ
1643 1474 1710 1536 δὴ
1763 1482 1828 1532 τὰ

220 1562 493 1638 ἐνδύματα
539 1565 610 1627 οἷς
661 1565 711 1616 οἱ
758 1565 919 1617 αὐτοῦ
957 1562 1277 1623 ἐνεδέδυντο.
1333 1571 1737 1642 Διαμερίσαντες
1766 1563 1826 1620 δὲ

219 1659 318 1708 καὶ
369 1656 563 1714 πάντας
612 1655 729 1714 τοὺς
800 1651 1138 1726 ἐφεπομένους
1221 1654 1384 1726 αύτῷ,
1463 1656 1681 1718 ἕκαστος
1737 1659 1824 1708 τὸν

1727 284 2070 343 ANNALES.

223 405 480 478 ἱστορίας,
521 403 587 463 ὡς
639 398 756 455 δεον
803 401 965 474 ἐστὶν,
1019 404 1411 479 ἐμπλατύνωμεν
1446 425 1458 438 ο
1491 405 1688 459 πολλῶν
1722 410 1823 483 γὰρ
1857 399 1909 464 At

3451 291 3588 348 1158

1939 409 2306 477 enarranda,
2334 409 2416 466 uti
2431 426 2542 482 par
2557 415 2662 482 est,
2695 409 2938 466 uberius
2968 411 3424 483 progrediamur
3450 429 3464 468 :
3498 413 3587 468 di-

1935 514 2054 567 gna
2069 500 2228 554 enim
2253 499 2730 556 consideratione
2756 507 2895 557 sunt
2913 503 3211 574 quzeinter
3231 502 3586 571 fugiendum

1933 588 2195 644 Michaeli
2227 591 2532 646 Comneno
2557 590 2844 656 accidere,
2885 592 3133 662 quando
3153 591 3248 646 hic
3277 591 3354 647 ad
3375 593 3585 648 Turco-

1933 693 2256 734 manorum
2290 679 2462 734 sedes
2505 679 2793 750 pervenit.
2847 683 2999 736 Gens
3050 681 3163 736 ista
3200 681 3262 736 in
3305 681 3586 737 extremis

1935 768 2247 823 Persarum
2265 767 2605 824 conﬁnibus
2628 768 2870 834 assidet,
2896 769 3036 824 odio
3062 769 3351 825 adversus
3369 773 3586 827 Roma-

1935 871 2047 913 nos
2067 857 2418 914 inexorabili
2455 865 2639 930 atque
2669 859 3008 932 inexpiabili
3033 859 3255 928 furens,
3288 865 3343 916 et
3363 861 3588 932 rapinis

1934 963 2132 1004 eorum
2149 951 2206 1002 et
2221 946 2444 1002 bellicis
2460 947 2663 1020 spoliis
2688 947 2999 1004 admodum
3013 947 3284 1020 gaudens
3299 949 3587 1018 gestiens-

1934 1051 2074 1108 que.
2105 1036 2171 1092 Hi
2203 1041 2342 1092 tunc
2364 1036 2650 1108 temporis
2675 1035 3078 1108 potissimum,
3109 1053 3243 1092 cum
3276 1040 3588 1094 Persarum

1933 1141 2029 1181 res
2059 1125 2338 1181 titubaret
2382 1129 2438 1181 et
2479 1124 2906 1181 Tachariorum
2958 1126 3387 1198 irruptionibus
3441 1127 3586 1184 afﬂi-

1935 1219 2212 1276 ctaretus.
2247 1215 2306 1269 in
2356 1214 2695 1270 Michaelem
2729 1217 3102 1272 Comnenum
3141 1215 3386 1272 obvium
3425 1217 3588 1274 velut

1932 1301 1996 1359 in
2011 1303 2356 1358 thesaurum
2377 1301 2709 1373 quemdam
2727 1302 3076 1373 incidentes,
3091 1303 3362 1359 etoculos
3374 1320 3587 1362 avaros

1933 1392 1994 1447 in
2020 1390 2176 1446 illius
2203 1389 2667 1462 suppellectilem
2692 1391 3095 1459 conjicientes,
3129 1392 3410 1449 universa
3430 1394 3586 1450 illius

1933 1481 2205 1552 praedam
2235 1483 2439 1548 agunt,
2474 1494 2713 1544 aurum,
2742 1486 3079 1549 argentum,
3105 1496 3316 1552 equos,
3341 1482 3584 1550 textilia,

1931 1567 2094 1640 ipsas
2123 1567 2301 1622 etiam
2325 1571 2538 1634 vestes,
2560 1566 2782 1638 quibus
2808 1567 3072 1638 quicum
3103 1583 3174 1622 eo
3205 1573 3375 1624 erant
3411 1567 3584 1641 146

1931 1654 2356 1712 induebantur.
2393 1654 2595 1710 Socios
2625 1669 2870 1727 quoque
2899 1653 3055 1710 illius
3084 1654 3307 1711 divisos
3329 1657 3587 1729 quisque

221 1747 617 1817 κατισχημένον
683 1742 754 1806 εἰς
805 1742 996 1796 οἰκείαν
1053 1740 1290 1798 δουλείαν
1345 1745 1590 1817 ἠγάγετο.
1649 1745 1709 1798 Ὀ
1767 1741 1826 1798 δι

1934 1761 2074 1802 suos
2093 1745 2155 1801 in
2181 1745 2488 1817 propriam
2520 1744 2860 1800 servitutem
2899 1744 3168 1800 adduxit.
3197 1745 3441 1802 Michael
3461 1762 3587 1802 ser-

227 1836 492 1906 Κομνηνὸς
566 1831 790 1905 Μιχαὴλ
867 1836 1018 1905 μόγις
1067 1840 1256 1909 χεῖρας
1300 1837 1494 1887 τούτων
1535 1830 1826 1907 διεκφυγὼν

221 1927 318 1976 καὶ
372 1929 504 1976 Θεοῦ
553 1926 768 1997 προνοίᾳ
825 1917 1108 1985 διασωθεὶς
1147 1927 1341 1997 γυμνὸς
1393 1923 1626 1977 ἁπάντων
1681 1926 1828 1998 παρὰ

222 2015 319 2065 τόν
355 2013 676 2085 Περσάρχην
728 2009 958 2084 ἀφίκετο.
1004 2010 1063 2064 Ὀ
1121 2008 1180 2064 δε
1236 2012 1296 2065 οὐ
1358 2015 1495 2066 κατὰ
1523 2012 1701 2072 νέηλυν
1729 2034 1825 2086 φυ-

219 2098 372 2175 γάδα
398 2108 577 2155 τοῦτον
608 2097 819 2164 ἐδέξατο
851 2103 986 2168 (40),
1019 2098 1126 2154 ἀλλ’
1179 2099 1413 2174 ἀσμένως
1467 2102 1581 2154 λίαν
1625 2107 1824 2176 προσή-

221 2211 372 2245 κατο.
419 2189 498 2244 Τό
555 2209 611 2242 τε
668 2192 770 2264 γὰρ
848 2187 1046 2262 εὐγενὲς
1093 2197 1185 2243 τοῦ
1247 2187 1438 2265 ἀνδρὸς
1488 2190 1823 2264 ἐμεμαθήκει,

221 2284 318 2333 καὶ
380 2280 560 2340 πάντες
641 2279 692 2331 οἱ
766 2280 900 2352 μετὰ
967 2287 1060 2331 τοῦ
1137 2281 1453 2356 Περσάρχου
1523 2287 1826 2353 μεγιστᾶνες

223 2367 484 2430 τελοῦντες
513 2369 571 2420 τό
610 2363 747 2429 εἶδος
803 2367 964 2420 αὐτοῦ
1021 2371 1110 2420 καὶ
1164 2371 1224 2420 τό
1270 2373 1510 2444 φρόνημα
1549 2371 1820 2442 τεθαυμά-

221 2477 378 2525 κασι,
416 2461 508 2510 καὶ
545 2459 570 2510 ὃ
618 2461 749 2529 φησί
779 2475 854 2517 τις
881 2465 981 2508 τῶν
1033 2455 1287 2520 παλαιῶν,
1327 2455 1631 2533 τυραννίδος
1681 2457 1826 2521 ἄξιον

229 2549 458 2620 ἔκριναν.
505 2546 588 2606 Εἰς
624 2545 830 2618 ὀλίγους
881 2544 985 2620 γὰρ
1037 2545 1178 2617 αὐτῷ
1245 2545 1496 2610 ξυνιόντες
1557 2546 1744 2619 λόγους
1771 2545 1828 2599 ἐκ

234 2634 486 2711 βραχέων
510 2640 601 2696 τήν
625 2643 714 2688 τοῦ
753 2631 939 2708 ἀνδρὸς
992 2633 1365 2708 ἐπεγνώκεισαν
1407 2639 1779 2714 σταθηρότητα
1809 2657 1822 2671 ·

225 2728 324 2782 τήν
351 2743 404 2776 τε
447 2725 545 2799 γὰρ
594 2723 752 2776 αὐτοῦ
808 2727 1191 2797 στρατιωτικὴν
1238 2721 1582 2800 ἐτεκμήραντο
1634 2729 1827 2797 τέχνην

222 2817 319 2866 καὶ
395 2817 488 2872 την
563 2811 610 2865 ἐν
675 2819 780 2874 τοῖς
834 2812 1079 2885 πολέμοις
1131 2810 1420 2888 ἀκρίϐειαν,
1481 2818 1571 2866 καὶ
1621 2816 1686 2876 ὡς
1733 2814 1827 2867 οὐκ

220 2899 398 2965 ἀδαὴς
452 2900 512 2954 ἃν
573 2906 650 2960 εἴη
701 2909 800 2955 τῶν
851 2906 1219 2976 προσηκόντων
1272 2901 1321 2954 ἐν
1377 2903 1602 2977 μάχαις.
1657 2904 1826 2977 Χάριν

219 2993 314 3064 μὲν
373 2986 459 3044 οὖν
515 2999 615 3043 τῶν
678 2989 1058 3065 ἐσκυλευμένων
1110 2991 1271 3044 αὐτοῦ
1346 2994 1667 3067 πραγμάτων
1732 2997 1824 3044 καὶ

219 3088 326 3133 τῶν
384 3076 864 3153 διαμεμερισμένων
943 3081 1212 3155 ὑπηρετῶν
1271 3085 1471 3153 γραφαὶ
1517 3087 1610 3134 τοῦ
1677 3079 1826 3133 σουλ·
1865 3113 1906 3170 C

219 3170 402 3240 τάνου,
433 3169 478 3222 εἰ
503 3173 595 3222 καὶ
648 3168 716 3230 εἰς
739 3171 928 3241 μάτην,
959 3173 1283 3241 γεγένηνται,
1319 3169 1382 3221 ἶν’
1429 3167 1826 3241 ἐπισυναχθείεν

221 3261 296 3313 τὰ
337 3260 511 3312 πάντα
559 3263 650 3312 καὶ
699 3261 886 3322 πάντες
943 3263 1032 3311 καὶ
1070 3256 1450 3332 ἕπικομισθεῑεν
1480 3257 1640 3330 αὐτῷ.
1684 3258 1826 3312 Ἐπεὶ

225 3345 292 3402 δι
320 3349 406 3402 ἐπὶ
437 3347 596 3423 ξυροῦ
653 3345 821 3422 ἀκμῆς
849 3349 916 3400 τὰ
943 3356 1039 3410 τῆς
1089 3350 1277 3420 μάχης
1330 3351 1510 3420 σφίσιν
1556 3345 1827 3420 ἐφίστατο,

220 3467 302 3479 ——-
343 3438 395 3492 οῖ
442 3456 496 3492 τε
545 3439 648 3512 γὰρ
722 3439 987 3512 Ταχάριοι
1031 3438 1099 3489 τὰ
1144 3436 1302 3490 πλείω
1346 3444 1444 3498 τῆς
1500 3442 1679 3511 χώρας
1729 3444 1829 3490 τῶν

223 3525 654 3600 Μουσουλμάνων
706 3524 1009 3598 ληϊσάμενοι
1069 3531 1188 3601 περὶ
1251 3527 1318 3578 τὰ
1367 3524 1572 3601 ’Δξαρα
1635 3525 1830 3600 ἐστρα-

225 3611 636 3686 τοπεδεύσαντο,
677 3621 825 3668 πᾶσα
875 3611 934 3668 δε
973 3612 1170 3686 ἀνάγκη
1227 3611 1288 3674 ἦν
1343 3620 1433 3667 καὶ
1485 3617 1616 3690 πρὸς
1645 3617 1828 3688 μάχην

225 3708 358 3766 τοὺς
403 3708 609 3778 Πέρσας
681 3701 988 3762 ἀντιστῆναι
1058 3711 1164 3764 τοῖς
1236 3708 1544 3778 Ταχαρίοις.
1595 3707 1693 3758 Τὸν
1739 3707 1830 3777 μεν

227 3791 326 3848 οὖν
384 3797 645 3867 Κομνηνόν
679 3792 760 3866 [Ρ.
797 3792 890 3866 76]
947 3792 1172 3866 Μιχαὴλ
1231 3791 1303 3854 εἰς
1327 3794 1559 3866 ἡγεμόνα
1588 3794 1702 3864 (41)
1729 3802 1830 3845 τῶν

226 3891 564 3959 Χριστιανῶν
624 3884 1022 3957 στρατευμάτων
1073 3883 1124 3934 οἰ
1185 3885 1384 3954 Πέρσαι
1462 3877 1592 3934 εἶναι
1659 3877 1831 3936 διετά-

225 3969 493 4037 ξαντο.Ὀ
536 3967 596 4025 δι
648 3970 760 4024 ἐπεὶ
811 3969 859 4022 ἐν
913 3966 1181 4043 ἀλλοδαπῇ
1252 3968 1531 4042 ἐτύγχανεν
1561 3970 1652 4039 ὧν,
1699 3989 1833 4043 συμ-

223 4069 427 4136 μαχεῖν
483 4063 574 4135 μεν
627 4058 1060 4133 Μουσουλμάνοις
1132 4057 1443 4144 ἀπευκταῑον
1502 4061 1698 4131 ἡγεῖτο,
1761 4064 1830 4131 μή

230 4169 384 4218 ποτε,
408 4153 476 4213 ὡς
519 4151 736 4222 ἔφασκεν
795 4167 960 4220 ουτος,
1022 4147 1072 4201 ἐν
1127 4151 1280 4222 μάχη
1336 4152 1494 4202 πεσόν
1543 4151 1601 4201 τό
1629 4147 1832 4212 εὐσεϐὲς

224 4240 369 4313 αἷμα
429 4240 622 4312 αἵμασι
685 4239 1098 4310 συνανακραθείη
1151 4237 1379 4299 ἀνοσίοις
1451 4241 1540 4291 καὶ
1597 4234 1830 4307 ἀσεϐέσι,

218 4331 418 4404 χάριτι
455 4324 514 4382 δέ
565 4329 679 4400 θείᾳ
733 4326 1081 4402 ἀναρρωσθεὶς
1137 4333 1228 4381 καὶ
1278 4335 1508 4400 γενναῖον
1567 4325 1832 4380 ἀναλαϐὼν

223 4423 474 4494 φρόνημα
536 4420 664 4490 πρὸς
727 4421 823 4475 τὴν
896 4418 1080 4489 μάχην
1138 4415 1429 4492 ἐξώρμησε.
1482 4419 1552 4470 Τὸ
1600 4419 1691 4489 μὲν
1745 4413 1833 4470 οὖν

1932 1841 2125 1901 vatus,
2155 1833 2447 1905 spoliatus
2494 1833 2778 1889 omnibus
2804 1833 2878 1888 ad
2914 1834 3233 1890 Persarum
3253 1833 3588 1908 principem

1931 1923 2255 1988 confertur,
2277 1923 2377 1995 qui
2407 1937 2544 1978 eum
2575 1937 2699 1978 non
2739 1927 3031 1994 tanquam
3075 1923 3451 1993 transfugam
3483 1924 3589 1981 ad-

1930 2029 2150 2069 venam
2179 2013 2428 2084 excepit,
2458 2011 2564 2067 sed
2589 2027 2776 2084 quam
2805 2011 3243 2068 humanissime
3274 2013 3584 2070 hominem

1932 2101 2247 2174 amplexus
2294 2107 2384 2157 est
2425 2101 2556 2170 (viri
2596 2115 2864 2172 namque
2894 2100 3270 2157 nobilitatem
3306 2117 3586 2175 percepe-

1931 2193 2063 2262 rat),
2089 2195 2145 2247 et
2169 2206 2381 2246 omnes
2422 2191 2590 2259 regni
2615 2204 2892 2261 proceres
2941 2189 3138 2246 forma
3173 2189 3335 2246 illius
3383 2196 3440 2247 et
3490 2208 3588 2249 co-

1933 2279 2321 2349 gitationibus
2346 2278 2858 2350 obstupescentes,
2883 2278 3049 2350 quod
3075 2279 3464 2352 antiquorum
3487 2297 3588 2337 ne-

1933 2370 2056 2426 scio
2105 2370 2240 2442 quis
2277 2369 2527 2438 dixerat,
2576 2367 2829 2437 dignum
2870 2368 3124 2440 imperio
3167 2368 3516 2440 judicarunt
3570 2385 3585 2424 :

1932 2457 2481 2532 paululumetenim
2504 2473 2642 2514 cum
2659 2472 2731 2512 eo
2747 2457 3056 2528 congressi
3077 2473 3149 2512 ex
3165 2456 3406 2512 modico
3426 2457 3587 2512 illius

1933 2547 2116 2604 elfatu
2146 2551 2493 2604 constantes
2532 2563 2602 2602 ac
2631 2543 2842 2602 ﬁrmos
2874 2546 3138 2602 hominis
3186 2562 3385 2603 mores
3428 2562 3589 2602 asse-

1933 2637 2050 2693 cuti
2079 2641 2239 2702 sunt,
2266 2635 2426 2690 unde
2445 2633 2600 2690 illius
2622 2637 2683 2690 in
2713 2639 2838 2690 arte
2869 2635 3110 2691 militari
3135 2635 3493 2690 industriam
3531 2637 3590 2691 et

1933 2726 1995 2783 in
2015 2725 2194 2782 rebus
2215 2723 2441 2780 bellicis
2475 2724 2887 2794 sagacitatem,
2915 2739 3024 2780 nec
3052 2739 3175 2780 non
3195 2724 3258 2780 in
3292 2723 3588 2780 conﬂicti—

1933 2815 2050 2871 bus
2089 2813 2516 2886 experientiam
2571 2819 2978 2885 opportunam
3020 2812 3366 2884 conjectura
3409 2813 3589 2869 etiam

1933 2919 2315 2976 prospexere.
2349 2902 2528 2974 igitur
2551 2917 2659 2973 pro
2675 2907 2852 2974 rapta
2875 2901 3236 2973 supellectile
3262 2902 3588 2973 divisisque

1934 2992 2178 3048 famulis
2207 2991 2633 3063 recuperandis
2653 2990 2897 3058 litteras,
2929 2992 3034 3046 etsi
3057 2989 3292 3055 frustra,
3319 2989 3590 3045 sultanus

1934 3081 2200 3148 dederat,
2233 3086 2297 3136 ut
2325 3079 2530 3135 omnia
2557 3078 2619 3134 in
2645 3095 2835 3134 unum
2864 3077 3174 3134 recollecta
3202 3077 3315 3149 ipsi
3338 3079 3591 3134 remitte-

1935 3176 2157 3228 rentur.
2177 3171 2393 3225 Verum
2416 3167 2630 3223 cumin
2643 3166 3264 3223 extremodiscrimine
3280 3181 3374 3222 res
3399 3166 3592 3224 belica

1935 3266 2010 3327 et,
2045 3258 2214 3331 quod
2257 3257 2440 3320 aiunt,
2477 3256 2539 3312 in
2579 3255 2894 3313 novaculae
2928 3255 3055 3312 acie
3106 3260 3440 3312 versaretur
3467 3259 3592 3324 (Ta-

1936 3348 2122 3406 charii
2139 3347 2364 3420 quippe
2385 3345 2741 3418 plerumque
2762 3344 3205 3402 Musulmanicaa
3225 3344 3466 3402 ditionis
3496 3363 3592 3404 oc-

1937 3442 2226 3509 cupatum
2277 3433 2682 3506 expilaverant
2711 3437 2768 3490 et
2796 3433 2961 3506 apud
2985 3438 3182 3490 Axara
3211 3439 3408 3491 castra
3434 3434 3594 3492 loca-

1937 3529 2188 3595 verant),
2233 3522 2696 3596 impellenteque
2743 3522 3092 3580 necessitate
3131 3525 3320 3579 Persae
3371 3523 3450 3579 ad
3487 3541 3595 3597 pu-

1938 3631 2122 3688 gnam
2141 3631 2280 3672 cum
2301 3612 2602 3671 Tachariis
2622 3612 3081 3670 instaurandam
3100 3620 3470 3684 urgerentur,
3499 3613 3596 3670 Mi-

1937 3705 2209 3762 chaelem
2231 3707 2606 3762 Comnenum
2636 3703 2980 3760 Christianis
3008 3703 3357 3760 cohortibus
3382 3703 3595 3777 praesi-

1937 3795 2077 3852 dere
2115 3793 2453 3850 decrevere.
2502 3792 2600 3848 llle
2653 3792 2904 3850 extorris
2956 3796 3014 3848 et
3067 3791 3129 3848 in
3188 3791 3384 3849 aliena
3439 3797 3598 3851 terra

1937 3883 2226 3941 oberrans
2255 3881 2476 3938 auxilio
2507 3897 2617 3936 suo
2661 3880 3051 3938 Musulmanis
3083 3881 3398 3937 subvenire
3430 3881 3597 3937 nefas

1939 3988 2068 4030 esse
2092 3971 2370 4041 ducebat,
2417 3985 2493 4026 ne
2514 3971 2666 4027 inter
2685 3969 3107 4042 pugnandum,
3139 3974 3202 4025 ut
3230 3970 3329 4024 ille
3358 3985 3599 4026 asseve-

1937 4061 2134 4130 rabat,
2158 4060 2396 4132 piorum
2418 4058 2584 4131 147
2609 4057 3067 4130 sanguisimpiis
3081 4073 3151 4113 ac
3174 4057 3597 4114 consceleratis

1941 4149 2340 4220 sanguinibus
2376 4149 2834 4205 immisceretur.
2879 4147 2993 4204 Sed
3028 4147 3193 4204 enim
3224 4146 3428 4202 divino
3449 4163 3598 4218 prm-

1943 4238 2095 4294 sidio
2112 4237 2316 4303 fretus,
2331 4241 2388 4292 et
2399 4241 2641 4292 mentem
2655 4235 2912 4292 induens
2925 4250 3300 4305 generosam,
3325 4249 3599 4307 pugnam

1941 4327 2274 4385 committit.
2295 4329 2435 4382 Pars
2455 4326 2654 4399 itaque
2680 4324 2992 4395 exercitus,
3013 4340 3148 4396 quas
3174 4323 3288 4379 sub
3320 4323 3600 4378 Michaele

1942 4421 2249 4475 Comneno
2281 4431 2452 4473 armo
2482 4415 2787 4482 movebat,
2819 4413 3102 4470 adversos
3135 4413 3249 4469 sibi
3276 4413 3600 4470 Tacharios

221 4526 319 4580 τες
363 4509 427 4559 τὰ
473 4506 634 4558 αὐτοῦ
700 4501 1083 4580 διηρπάκασιν.
1157 4506 1320 4566 Οὗτος
1394 4502 1453 4558 δὲ
1537 4510 1705 4580 μόγις-
1766 4502 2058 4580 διεκφυγὼν
2104 4509 2327 4580 ,γυμνὸς
2409 4510 2528 4579 περὶ
2608 4508 2695 4580 τόν
2779 4506 3097 4580 ῌερσάρχην
3150 4501 3374 4580 ἀφίκετο.
3431 4500 3493 4580 'Q
3539 4498 3600 4555 δε

224 4579 486 4652 ἀσμένως-
526 4584 709 4630 τοῦτον
770 4573 1096 4652 προσήκατο,
1145 4583 1246 4652 Δκαὶ
1311 4580 1508 4650 γραφαὶ
1537 4573 1547 4578 ’
1579 4573 2018 4652 στέλλονταίῖνα
2061 4573 2523 4650 ἰα’ἐσκυλευμένα
2602 4574 2656 4639 ἐξ
2706 4573 2890 4652 Δαιξτοζῠ
2957 4573 3355 4652 ἐπικομισθεῖεν
3399 4573 3596 4652 ἀύτῷ.

225 4641 378 4705 Ἐπεὶ
435 4645 487 4704 δ’
543 4651 592 4702 οἱ
646 4641 912 4721 Ταχάριοι
978 4652 1044 4701 τὰ
1082 4641 1260 4702 ’πλείω
1319 4641 1441 4700 ’τῶν
1497 4648 1917 4721 Μουσουλμάνων
1985 4647 2248 4721 ἐληίζοντο
2323 4641 2414 4700 καὶ
2493 4652 2610 4720 περὶ
2663 4648 2731 4698 τὰ
2774 4644 2979 4721 ’Ἂξαρα
3034 4641 3598 4721 ἐστρατοπεδεύσαντο,

223 4724 256 4776 ὀ
316 4724 582 4793 Κομνηνὸς
637 4713 861 4808 Μιχαὴλ
933 4725 1022 4778 τὴν
1097 4721 1375 4793 ἠγεμονίαν
1446 4727 1582 4808 τῶν,
1613 4713 1909 4793 Ῥωμάἰκῶν
1986 4717 2198 4791 εἰληφὼς
2275 4728 2530 4794 στρατιῶν
2556 4713 2566 4720 ’
2613 4722 2702 4769 καὶ
2785 4713 2974 4803 χάριτι
3061 4713 3193 4808 θεέςιἼ
3223 4713 3598 4808 ,ἀναρρωσθεὶς

221 4795 366 4867 πρὸς
391 4787 402 4793 ’
445 4794 630 4866 μάχην
703 4787 989 4867 ἐξώρμησε,
1049 4787 1152 4867 καὶ⁷
1193 4787 1675 4867 τοὺς-’Ταχαρίους
1703 4787 1720 4867 ξ
1752 4796 2001 4860 νενίκηκε,
2086 4787 2286 4864 πρῶτος
2327 4787 2450 4867 μ’τόν
2530 4797 2734 4867 πρῶτος
2785 4787 3006 4867 τούτων
3062 4787 3288 4867 Αβαλὼν.
3339 4787 3461 4867 feci
3523 4803 3602 4845 τις

226 4851 644 4938 ’Ᾰμυραχοξῇοης
720 4851 940 4916 τό”’ύπ“
977 4851 1164 4915 ἀὐτόν
1257 4851 1538 4916 agnda};
1580 4863 1881 4938 στράτευμα
1950 4851 2063 4938 τοῖς
2121 4851 2847 4938 Ταχαρίοις-πρόσώρμησε,
2897 4851 3167 4938 aram-909i
3214 4858 3290 4938 οἱ.
3325 4851 3601 4938 διώκοντες

227 4924 487 5009 ἔφευγον.⁷
525 4924 778 5009 Ἔπιπτον
841 4942 964 5006 γοῦν
1022 4939 1222 5008 Πέρσαι
1277 4938 1492 5006 συχνοί.
1552 4924 1730 5009 Μέχρι
1984 4933 2084 5009 οὖν.
2141 4924 2352 5005 μάκρ’ῶν
2420 4924 2796 5009 διαστημάτων
2831 4924 2841 4928 ’
2872 4924 3200 5009 τὴΪΙδίωξιν
3221 4929 3294 5009 ῌοί
3334 4931 3605 5009 νενικηκό-

228 4954 468 5009 εφευγον.
551 4954 778 4989 Επιπτον
841 4954 964 5006 γουν
1022 4954 1222 5008 ιιερσαι
1277 4954 1492 5006 συχνοι.
1552 4954 1730 5056 Μεέρι
1819 4954 1909 5006 μεν
1984 4954 2072 4985 ουν
2141 4954 2352 5005 μακρῶν
2420 4954 2796 5002 οιαστηματων
2872 4954 2966 4987 την
3018 4954 3200 4990 οιωςιν
3244 4954 3294 4978 σι
3339 4954 3603 4983 νινιδιηχυ-

228 5026 314 5068 τες
375 5011 704 5065 πεποίηνται.
765 5006 826 5059 Ὀ
877 5013 1002 5078 γούν
1081 5009 1359 5078 Κομνηνόᾼς,
1432 5010 1621 5077 Μιχαὴ
1738 5004 1944 5078 συμβὰν
2027 5004 2162 5078 οὕτω
2232 5010 2304 5073 τῷ
2332 5005 2600 5078 ῌμιγῇίστῳ
2667 4995 3111 5078 στρατοπεδάρχῃ
3175 5005 3275 5078 τῶν
3333 5004 3603 5078 Περσικῶν

232 5079 668 5150 στρατευμάτων,
731 5077 784 5132 ὃν
853 5068 1204 5156 τέεκλάρπαιιίν
1275 5068 1460 5156 οἴδασι
1507 5068 1743 5156 ΠΠέρσαι
1780 5068 1974 5143 κάλείν,
2028 5075 2202 5156 ξυνῄει
2253 5068 2382 5125 άαθ”
2441 5068 2599 5156 ξόδὸν,
2651 5068 2742 5156 καί
2795 5068 3120 5156 ἐπορεύοντο.
3143 5068 3350 5156 πλείουὲ
3403 5068 3604 5156 ἦμέρας

232 5132 556 5224 ἐφέπομένων
637 5132 750 5224 τῶν.
808 5132 1084 5220 πολεμίων.
1145 5148 1284 5204 Ἐπεὶ
1342 5145 1400 5202 δὲ
1471 5150 1501 5208 ἠ
1560 5132 1652 5200 re")
1707 5132 1980 5221 λεγομένου
2029 5132 2358 5224 πεκλάρπακι
2411 5143 2553 5196 οἰκία
2585 5147 2724 5224 ¹’περὶ
2785 5132 2896 5224 τὴν’
2939 5143 3282 5215 Καστάμοναν
3308 5137 3391 5212 ἦν,
3441 5132 3606 5196 ἐκεῖσε

233 5210 588 5294 ἐγεγόνεισαν.
617 5223 688 5275 Τὸ
719 5216 754 5274 δ
757 5223 780 5274 ι
807 5229 908 5273 τῶν
929 5210 1199 5293 διἀχαάων
1227 5223 1374 5293 γένος
1401 5225 1578 5273 πᾶσαν
1602 5223 1696 5278 τὴν
1727 5210 1838 5272 ὑπό’
1858 5222 1976 5279 τούς
2003 5210 2448 5291 Μουσουλμάνους
2471 5210 2766 5290 κατέδραμε
2793 5219 2996 5288 χώραν.

1131 5343 1476 5413 Theodori
1524 5345 1776 5413 Dousae
1823 5353 1892 5414 et
1937 5340 2190 5412 Leonis
2237 5340 2474 5410 Allatii
2524 5349 2724 5409 notae.

315 5479 429 5553 (i0)
464 5476 659 5553 Τοῦτον
702 5473 937 5542 ἐδέξατο.
985 5483 1295 5551 Gregoras,
1348 5479 1457 5553 lib,
1508 5495 1589 5551 in,
1643 5495 1712 5552 p.
1751 5483 1839 5536 58.

1949 5493 2010 5551 p.
2035 5478 2128 5536 58.
2160 5480 2244 5535 Ex
2273 5480 2533 5550 Gregora
2563 5490 2674 5533 sua
2698 5471 3221 5547 habuitIPhranza,
3263 5471 3370 5530 lib.
3416 5488 3457 5544 ι,
3500 5465 3605 5527 c.2

240 5550 693 5623 Pachymerius,
721 5566 779 5623 p.
811 5555 902 5608 25.
933 5557 1072 5610 ALL.
1111 5550 1120 5551 “
1437 5550 1446 5553 ⁷
1644 5550 1657 5552 ’
1950 5550 2090 5607 ALL.

318 5623 428 5698 (41)
501 5626 598 5676 Τὸν
683 5627 946 5696 Κομνηνόν
1027 5623 1094 5686 εἰς
1185 5624 1433 5698 ἡγεμόνα.
1524 5624 1839 5695 Gregoras,
