4084 6212
574 310 708 368 H23

571 525 769 581 chatui
792 527 833 595 1
853 528 894 594 1
910 526 959 595 3
979 525 1221 596 praesint
1236 523 1501 578 moribus
1519 538 1586 577 ac
1603 520 1843 591 ingenio
1866 520 2217 591 abjcctiores

569 614 1140 684 moderatioresque,
1173 620 1237 668 ut
1263 612 1490 667 facilius
1530 627 1737 666 eorum
1768 610 2011 666 nutibus
2043 610 2217 666 veluti

563 702 748 773 jussis
792 701 1175 767 sucumbant,
1223 705 1559 773 peroptant,
1591 700 1753 772 quod
1784 699 2211 758 rusticioribus.

567 806 705 846 cum
729 791 1110 846 sermonibus
1126 790 1308 847 ﬁdere
1324 796 1645 862 nequeant,
1668 788 2050 861 potissimum
2068 791 2217 845 acci-

565 879 651 935 dit
686 896 698 934 :
727 880 829 952 qui
858 895 998 935 vero
1029 880 1331 951 sapientiae
1363 894 1611 950 operam
1634 883 1876 939 navant,
1906 877 2215 946 rigidiores

566 968 841 1024 videntur
857 973 913 1023 et
934 967 1170 1024 illorum
1184 968 1453 1040 jussibus
1470 966 1883 1023 adversantur.
1903 971 2215 1037 Propterea

562 1056 886 1129 imperator
897 1057 1241 1113 Theodorus
1255 1057 1331 1112 illi
1342 1074 1407 1111 us
1420 1060 1615 1111 mente
1630 1071 1999 1126 sensumque
2012 1054 2215 1110 leviter

561 1147 873 1217 degustato
897 1147 972 1202 ad
999 1146 1147 1202 alios
1177 1162 1236 1201 se
1268 1146 1575 1212 convertit,
1604 1150 1659 1200 et
1684 1160 1821 1199 cum
1855 1143 2054 1215 plures
2089 1160 2211 1199 non

562 1236 990 1304 satisfacerent,
1007 1236 1365 1291 monachum
1387 1236 1702 1307 quemdam
1718 1249 1789 1288 ex
1804 1232 2211 1304 Apolloniadis

558 1324 715 1388 lacu,
743 1330 956 1398 praeter
987 1341 1213 1397 paucas
1238 1323 1461 1379 litteras
1483 1329 1833 1379 caeterorum
1864 1322 2211 1377 inscientem

564 1414 777 1480 (solum
831 1415 990 1469 enim
1034 1413 1374 1468 rudimenta
1419 1412 1841 1481 grammatices
1895 1411 2205 1483 attigerat),

558 1502 736 1558 nullis
759 1503 944 1558 sacris
962 1501 1274 1557 ordinibus
1295 1501 1667 1572 insignitum,
1692 1500 2003 1555 Arsenium
2022 1500 2208 1555 nomi-

558 1606 655 1656 ne,
688 1593 1037 1646 accersitum
1071 1606 1257 1662 quam
1302 1590 1604 1645 celerrime
1630 1588 1830 1643 missis
1864 1588 2209 1643 hominibus

558 1679 847 1735 conduxit
874 1698 885 1735 :
911 1695 1020 1734 nec
1052 1679 1145 1734 ille
1176 1680 1384 1734 renuit.
1430 1681 1495 1734 Et
1519 1679 1712 1733 Nicaaa
1739 1678 1895 1733 exire
1926 1677 2209 1732 festinans

1842 304 2122 363 GEORGII
2163 303 2648 364 ACROPOLITAE.

3763 319 3865 371 11ὶᾶ

569 435 919 505 dignitatem
940 451 1059 491 non
1080 434 1275 506 recipi.
1294 437 1477 502 Reges
1496 431 1715 487 scilicet
1731 447 1834 486 eos
1848 432 1951 503 qui
1970 433 2216 503 patriar-

2328 451 2427 486 νεν.
2460 431 2534 483 Οὐ
2566 436 2666 505 μὴν
2725 430 2852 483 ἀλλὰ
2879 435 2968 483 καὶ
3004 433 3028 482 ό
3058 430 3315 504 βασιλεὺς
3372 431 3523 493 αὐτὸς
3568 434 3867 511 μαλακώτερον

2329 520 2488 573 αὐτοῦ
2520 520 2754 595 ἐπειρᾶτο
2789 542 2800 553 ο
2834 520 3025 592 μᾶλλον
3066 522 3169 595 γὰρ
3200 541 3337 596 προς
3400 519 3683 594 βουλήσεως
3727 522 3777 583 ἧν
3803 530 3865 579 αὖ·

2328 619 2399 680 τῷ
2438 615 2531 668 τὴν
2566 616 2895 685 προστασίαν
2950 615 3022 682 μὴ
3073 608 3482 673 καταδέξεσθαι.
3537 619 3870 684 Ταπεινοτίρονς

2326 702 2426 771 γὰρ
2467 704 2557 751 καὶ
2599 704 2836 773 μετρίους
2899 696 3027 751 εἶναι
3080 700 3138 752 τό
3196 706 3445 773 φρόνημα
3506 703 3619 763 τοὺς
3670 723 3871 777 πατριαρ·

2326 792 2580 859 χεύοντας
2638 790 2685 840 οἰ
2761 796 3068 863 κρατοῦντες
3141 788 3402 859 ἐθέλουσι,
3459 794 3546 842 καὶ
3593 799 3869 865 προσπίπτειν

2328 876 2558 951 εὐχερῶς
2616 885 2724 939 τοῖς
2784 886 2924 950 σφῶν
2989 878 3155 930 αὐτῶν
3210 877 3550 951 βουλήμασιν
3602 882 3664 940 ὡς
3692 890 3870 954 προστά-

2323 984 2539 1037 γμασιν.
2602 973 2763 1019 Τοῦτο
2823 962 2883 1019 δε
2920 966 3111 1038 μᾶλλον
3168 970 3219 1019 οἱ
3278 965 3629 1042 ἀγροικότεροι
3672 971 3869 1041 πάσχον-

2326 1072 2408 1106 σιν
2447 1076 2459 1087 ·
2492 1051 2616 1107 οὐδὲ
2645 1056 2745 1130 γὰρ
2783 1057 2974 1127 ἔχουσι
3008 1064 3117 1117 τοῖς
3168 1055 3353 1127 λόγοις
3387 1055 3607 1131 θαρῥείν,
3636 1059 3681 1109 οἱ
3714 1055 3764 1111 δε
3786 1068 3869 1130 περὶ

2323 1143 2509 1215 λόγους
2590 1142 2977 1219 ἁκαμπέστεροι
3061 1150 3332 1217 φαίνονται
3407 1150 3497 1197 καὶ
3542 1152 3647 1207 τοῖς
3718 1146 3867 1199 ἀείνων

2322 1234 2560 1304 ὁρισμοῖς
2591 1231 3014 1288 ἁντιπίπτουσιν.
3072 1234 3129 1286 Ὀ
3166 1242 3297 1306 γοῦν
3364 1233 3608 1306 βασιλεὺς
3655 1233 3868 1309 Θεόδωρος

2324 1317 2416 1373 διὰ
2455 1329 2623 1373 ταῦτα
2660 1324 2851 1397 μικράν
2890 1342 3008 1375 τινα
3062 1330 3246 1397 πεῖραν
3280 1321 3453 1375 λαϐὼν
3484 1330 3573 1376 τοῦ
3625 1321 3785 1395 ἀνδρὸς
3815 1324 3866 1397 ἐφ’

2321 1412 2518 1483 ἐτέρους
2591 1410 2860 1486 ἐτράπετο.
2948 1416 3047 1464 Καὶ
3079 1412 3185 1465 ἐπεὶ
3251 1408 3596 1485 δυσαρεστῶν
3645 1411 3865 1484 ἐτύγχανεν

2320 1499 2369 1551 έν
2394 1498 2615 1566 πολλοῖς,
2648 1505 2883 1572 μοναχὸν
2911 1520 3028 1552 τινα
3063 1502 3176 1572 (21)
3228 1498 3361 1554 εἶναι
3411 1503 3586 1574 μαθὼν
3631 1500 3675 1552 έν
3698 1509 3749 1572 τῇ
3803 1509 3867 1562 τῆς

2321 1585 2736 1651 Ἀπολλωνιάδος
2812 1590 2963 1664 λίμνῃ
3050 1589 3233 1663 ὀλίγων
3337 1593 3655 1665 γραμμάτων
3734 1597 3865 1664 πεῖραν

2320 1680 2513 1750 ἔχοντα
2568 1681 2742 1752 (μόνον
2797 1685 2888 1733 καὶ
2943 1682 3042 1754 γὰρ
3107 1679 3349 1753 ἐφήψατο
3406 1690 3502 1742 τῆς
3567 1689 3869 1754 γραμματικῆς

555 1768 933 1843 praesulibus,
963 1774 1027 1823 ut
1063 1768 1515 1841 quamprimum
1540 1783 1677 1823 eum
1705 1768 2103 1838 patriarcham
2134 1766 2211 1823 ef-

2319 1764 2609 1839 παιδείας),
2664 1766 2860 1843 ἀνίερον
2913 1770 3155 1822 τελοῦντα
3214 1775 3309 1823 καὶ
3368 1771 3631 1843 Ἀρσένιον
3676 1769 3867 1841 ὀνομαζό-

554 1830 817 1926 Ῐίοθτδηῐ,
836 1830 1110 1930 ἰαιβοῖ-οῖ’.
1133 1856 1214 1911 11Ιὶ
1230 1830 1540 1913 audientes
1558 1872 1663 1929 per
1676 1830 1859 1912 unam
1875 1856 2207 1912 hebdoma-

554 1946 699 2001 dam
722 1947 1045 2003 diaconum
1079 1946 1453 2003 sacerdotem
1480 1952 1537 2002 et
1568 1946 1969 2019 patriarcham
2004 1961 2209 2002 conse-

553 2040 739 2091 crant.

2318 1877 2486 1930 μενον,
2527 1861 2596 1918 ὡς
2636 1856 2749 1929 εἶχε
2778 1860 3001 1930 τάχους,
3048 1858 3245 1912 στέλλει
3309 1863 3429 1921 τοὺς
3483 1859 3633 1912 αὐτὸν
3681 1858 3866 1921 ἄξοντας.

2321 1951 2420 1999 Καὶ
2451 1946 2500 2007 ὃς
2529 1945 2759 2019 ἀφίκετο.
2787 1947 2927 2000 Ἐπεὶ
2958 1944 3017 2000 δε
3070 1953 3166 2008 τὴν
3193 1946 3297 2002 ἀπὸ
3351 1956 3445 2009 τῆς
3482 1953 3692 2009 Νικαίας
3730 1943 3862 2009 ἔξοδον

2316 2032 2558 2101 ἔσπευδε,
2590 2033 2683 2089 διὰ
2713 2038 2911 2108 τάχους
2953 2044 3063 2098 τοῖς
3094 2036 3409 2113 ἀρχιερεῦσι
3438 2038 3733 2111 προστάττει
3775 2054 3864 2106 χει,

550 2134 833 2197 ροτονῆσαι
870 2126 952 2197 [Ρ.
1024 2125 1113 2198 58]
1147 2128 1484 2201 πατριάρχην
1538 2124 1691 2177 αὐτόν
1746 2126 1772 2176 ό
1822 2123 2087 2198 βασιλεὺς,
2148 2126 2198 2177 οἱ
2255 2128 2343 2176 καὶ
2386 2126 2580 2178 οὑτωσὶ
2629 2123 2993 2199 διεπράξαντο,
3059 2128 3106 2178 έν
3158 2134 3259 2200 μιᾷ
3326 2122 3588 2200 έϐδομάδι
3639 2126 3736 2195 (22)
3780 2120 3862 2179 διά.

551 2232 693 2267 τονον
725 2220 814 2267 καὶ
844 2216 979 2290 ἱερέα
1004 2220 1093 2267 καὶ
1125 2217 1463 2289 πατριάρχην
1496 2215 1649 2267 αὐτόν
1677 2213 2049 2275 ἐκτελέσαντες.

621 2304 707 2358 54.
739 2305 930 2359 Causa
951 2320 1090 2359 vero
1119 2305 1340 2359 exitum
1373 2304 1569 2360 Nicaea
1600 2303 1955 2359 sollicitandi
1980 2319 2051 2358 ea
2078 2303 2207 2360 fuit.

558 2392 950 2462 Bulgarorum
984 2394 1260 2466 princeps
1281 2393 1542 2459 Michael,
1568 2394 1767 2449 uxoris
1787 2392 2076 2449 Theodori
2102 2391 2208 2447 im-

548 2483 841 2553 peratoris
903 2482 1101 2549 frater,
1154 2498 1363 2537 socero
1413 2481 1567 2537 illius
1625 2482 1839 2537 Joanni
1889 2482 2093 2537 Asano
2135 2496 2206 2536 ex

552 2569 754 2640 Angeli
783 2569 1071 2625 Theodori
1093 2569 1214 2625 ﬁlia
1238 2574 1575 2642 susceptus,
1609 2569 1859 2625 Joannis
1882 2570 2205 2641 imperato-

550 2659 629 2715 ris
658 2658 824 2715 obitu
857 2659 1144 2724 nuntiato,
1177 2676 1314 2715 cum
1346 2659 1627 2715 occiduas
1650 2663 1847 2732 partes
1877 2659 2202 2731 imperato-

548 2748 651 2805 riis
677 2748 865 2820 copiis
894 2747 1091 2803 nudas
1122 2750 1421 2821 orbasque
1453 2750 1842 2820 conspiceret,
1878 2753 2201 2821 animoque

556 2839 600 2907 ι
619 2835 731 2909 14
754 2837 1039 2907 agitasset
1059 2836 1364 2906 regionem
1396 2842 1450 2892 et
1480 2838 1538 2893 in
1570 2853 1640 2894 ea
1666 2837 1890 2909 oppida
1915 2837 1992 2893 ab
2019 2837 2202 2911 impe-

548 2932 744 2982 ratore
789 2928 1015 2981 Joanne
1063 2925 1328 2995 Bulgaris
1378 2932 1648 2997 surrepta
1699 2926 1772 2982 ad
1808 2927 2198 2996 Bulgarorum

546 3030 754 3071 rursus
767 3014 1167 3083 dominatum,
1183 3015 1345 3088 quod
1360 3015 1483 3085 jam
1503 3015 1605 3070 diu
1628 3015 2013 3087 Bulgarorum
2035 3016 2197 3071 cordi

548 3104 704 3161 inhee
714 3110 891 3170 serat,
909 3120 1213 3172 revocare,
1228 3121 1354 3160 rem
1368 3120 1477 3177 pro
1491 3110 1754 3178 tempore
1768 3110 2193 3178 opportunam,

2387 2299 2490 2360 νδ’.
2523 2302 2581 2356 Ἦ
2616 2300 2673 2356 δξ
2728 2304 2873 2357 αἰτία
2904 2307 2945 2340 ⁸¹
2990 2324 3082 2358 του
3148 2301 3491 2359 επισπεύδειν
3534 2308 3623 2363 τὴν
3669 2301 3754 2355 ἱεπό
3794 2307 3858 2359 τῆς

2315 2397 2541 2453 Νικαίας
2580 2389 2757 2455 ἔξοδον
2822 2390 2883 2451 ἧν
2916 2396 3071 2453 αὕτη.
3119 2393 3178 2448 Ὀ
3211 2394 3626 2469 Βουλγαράρχης
3671 2388 3855 2461 Μιχαὴλ,

2314 2480 2368 2542 ὃς
2396 2479 2810 2555 γυναικάδελφος
2843 2490 2935 2535 τοῦ
2986 2481 3251 2556 βασιλέως
3315 2482 3568 2555 ἐτύγχανε
3614 2475 3853 2551 Θεοδώρου,

2313 2580 2384 2643 τῷ
2439 2575 2662 2646 πενθερῷ
2731 2574 2892 2626 αὐτοῦ
2974 2580 3046 2644 τῷ
3098 2574 3260 2626 Ἀσὰν
3320 2573 3526 2645 Ἰωάννῃ
3580 2569 3630 2623 ἔκ
3683 2577 3760 2628 τῆς
3789 2572 3853 2616 *οὗ

2315 2661 2557 2732 ἈΊἹίλου
2600 2659 2877 2736 Θεοδώρου
2920 2663 3178 2738 θυγατρὸς
3225 2662 3480 2734 γενηθεὶς,
3526 2663 3607 2712 τόν
3657 2665 3736 2709 τοῦ
3777 2653 3852 2726 βα-

2312 2749 2493 2810 σιλέως
2525 2750 2761 2803 Ἰωάννου
2813 2751 3099 2822 πυθόμενος
3150 2752 3397 2817 θάνατον,
3454 2748 3558 2802 έπεί
3599 2749 3660 2799 τὰ
3707 2741 3848 2796 δυτικὰ

2308 2842 2439 2912 μέρη
2507 2841 2683 2911 γυμνὰ
2748 2842 3148 2913 στρατευμάτων
3205 2840 3347 2913 ἑώρα
3419 2843 3713 2909 Ῥωμαίκῶν,
3758 2830 3847 2903 βου-

2306 2926 2479 2989 ληθεὶς
2505 2933 2593 2986 τὴν
2635 2926 2969 3003 ἀφῃρημένην
3021 2931 3152 3001 πρὸς
3216 2936 3313 2982 τοῦ
3373 2925 3619 3001 βασιλέως
3666 2922 3845 2976 Ἰωάννου

2306 3021 2487 3090 χώραν
2526 3015 2578 3068 ἐκ
2630 3017 2932 3093 Βουλγάρων
2984 3023 3073 3070 καὶ
3124 3020 3191 3070 τὰ
3249 3017 3301 3070 ἐν
3354 3020 3554 3076 τούτοις
3600 3015 3719 3068 ἄστη
3752 3010 3844 3079 πρὸς

2308 3105 2663 3179 Βουλγαρικὴν
2691 3105 2864 3181 ἀρχὴν
2910 3111 2999 3159 καὶ
3051 3103 3202 3168 αὖθις
3259 3104 3667 3159 ἀνακαλέσασθαι
3715 3100 3842 3170 (τοῦτο

547 3199 609 3251 ut
621 3194 733 3250 sibi
748 3193 1077 3263 videbatur,
1093 3199 1280 3259 ratus,
1298 3196 1491 3250 Haemo
1506 3194 1787 3267 prodicns
1804 3199 2198 3251 transnatato-

2316 3197 2404 3268 γὰρ
2446 3194 2501 3247 ἐκ
2545 3204 2748 3269 μακροῦ
2832 3204 2942 3257 τοῖς
2980 3195 3303 3272 Βουλγάροις
3350 3192 3582 3257 ὡδίνετο)
3655 3192 3730 3241 καὶ
3781 3187 3839 3236 τὸν

546 3300 662 3356 que
676 3283 866 3339 Hebro
890 3283 1251 3356 paucissimo
1267 3290 1523 3356 tempore
1540 3283 1866 3340 multarum
1880 3285 2195 3353 regionum

543 3373 743 3445 potius
773 3377 882 3436 est,
914 3372 1222 3445 multaque
1248 3373 1474 3444 oppida
1504 3373 1666 3429 nullo
1688 3389 1825 3428 cum
1847 3373 2052 3430 labore
2082 3374 2194 3430 sibi

543 3462 829 3528 devinxit,
857 3462 1089 3531 Bulgari
1109 3462 1405 3535 siquidem
1427 3461 1791 3519 habitatores
1813 3467 2193 3520 externorum

538 3550 689 3623 jugo
744 3550 974 3620 dejecto
1051 3551 1285 3619 generis
1332 3551 1712 3607 consortibus
1781 3552 2192 3611 accurrebant.

542 3645 720 3695 Arces
752 3638 879 3693 solo
910 3640 1316 3694 Romanorum
1348 3640 1626 3712 praesidio
1674 3641 1918 3696 munitas
1948 3657 2085 3697 cum
2114 3643 2194 3698 ad

542 3727 917 3801 repellendos
954 3727 1221 3784 hostium
1259 3728 1517 3800 impetus
1569 3746 1691 3785 non
1750 3730 2087 3786 sufficerent
2130 3733 2191 3787 in

542 3820 900 3889 potestatem
932 3817 1325 3887 Bulgarorum
1352 3817 1517 3874 nullo
1548 3819 1785 3889 negotio
1828 3819 2187 3887 ceciderunt,

540 3906 760 3979 partim
796 3906 1002 3962 timore
1026 3907 1313 3979 perculsis
1345 3912 1401 3963 et
1430 3907 1793 3964 deditionem
1822 3908 2049 3964 arcium
2082 3925 2191 3981 pro

540 3996 728 4053 salute
754 4003 810 4052 et
831 3995 1083 4051 domum
1119 3996 1379 4053 abitione
1418 3997 1832 4070 prodentibus,
1857 3998 2077 4070 partim
2104 4014 2189 4054 re-

538 4086 799 4158 pentinas
829 4085 1222 4155 Bulgarorum
1261 4087 1593 4159 irruptioni,
1654 4104 1791 4143 cum
1830 4087 2077 4143 obviam
2105 4088 2189 4144 ire

537 4191 661 4231 non
675 4180 940 4246 possent,
956 4174 1399 4245 aufugientibus
1416 4191 1638 4248 easque
1653 4177 1999 4232 custodibus
2014 4193 2188 4233 vacu-

538 4279 605 4319 as
636 4262 1065 4332 deserentibus,
1087 4264 1214 4317 aliis
1241 4264 1419 4318 etiam
1443 4266 1726 4337 temporis
1755 4265 2186 4338 longinquitate

536 4349 805 4415 defessis,
839 4365 975 4403 cum
1008 4354 1220 4420 praeter
1257 4352 1507 4407 modum
1564 4353 1847 4409 custodiae
1896 4356 2186 4410 terminus
2222 4344 2267 4396 Ῑ)

536 4438 649 4493 illis
671 4437 1137 4509 protraheretur.
1161 4437 1457 4511 Pleraeque
1488 4441 1669 4496 etiam
1698 4442 1926 4498 arcium
1966 4442 2184 4515 imper-

536 4527 722 4594 fectae,
756 4526 896 4582 viris
934 4530 990 4581 et
1018 4526 1260 4599 reliquis
1290 4531 1641 4585 necessariis
1671 4546 1886 4602 parum
1915 4534 2180 4603 munitas,

533 4615 741 4691 praeda
760 4614 1033 4671 hostibus
1064 4622 1401 4688 patuerunt.
1430 4621 1467 4673 E
1489 4619 1738 4689 vestigio
1766 4621 1971 4693 itaque
1994 4637 2182 4694 expu-

534 4711 729 4777 gnatas
770 4708 908 4759 sunt
947 4704 1383 4776 Stenimachus,
1454 4707 1767 4779 Peristitza,
1827 4709 2177 4780 Crytzimus,

603 4833 647 4868 ¹⁸¹
682 4834 735 4917 Ι),
828 4829 885 4884 Ὀ
924 4831 1484 4923 γὰρθΒουλγαράρχης
1537 4832 1779 4917 Μιχαὴλ,
1811 4834 1836 4884 ό
1881 4836 2067 4919 τούτου
2119 4832 2674 4923 γυναικάδξλφος,Λτόν
2706 4844 2799 4923 τοῦ
2822 4835 3086 4922 βασιλέως
3118 4838 3360 4923 Ἰωάννου,
3410 4833 3682 4923 πυθξμεῖοςὲ

2303 3288 2504 3360 καιρὸν,
2546 3288 2614 3347 ὡς
2653 3281 2839 3353 ἐδόκει,
2866 3283 3095 3338 κατιδὼν
3124 3283 3444 3348 ἐπιτήδειον,
3472 3282 3740 3355 ἐξορμήσας
3757 3274 3840 3343 (2³)

2302 3381 2393 3425 τοῦ
2434 3375 2606 3447 Λῖμου
2641 3379 2728 3426 καὶ
2780 3376 2866 3426 τόν
2915 3372 3101 3449 Ἕϐρον
3168 3371 3501 3448 διαπεράσας
3539 3369 3584 3421 ἐν
3614 3367 3665 3419 οὐ
3715 3360 3837 3449 πολλᾷ

2301 3482 2477 3535 χρονῳ
2503 3462 2693 3521 πολλήν
2734 3482 2788 3515 τε
2812 3470 2993 3536 χώραν
3048 3465 3132 3537 ὑφ’
3183 3464 3369 3517 ἑαυτὸν
3417 3460 3679 3518 ἐποιήσατο
3719 3447 3838 3504 πολλά

2302 3571 2355 3604 τε
2384 3554 2520 3611 ἄστη
2557 3557 2649 3605 σὺν
2707 3548 2881 3606 οὐδενὶ
2947 3558 3324 3626 παρεστήσατο
3398 3555 3555 3623 πόνῳ.
3615 3542 3835 3612 Βούλγαροι

2301 3646 2389 3694 καὶ
2438 3644 2540 3713 γὰρ
2614 3644 2966 3714 τυγχάνοντες
3046 3645 3094 3694 οὶ
3144 3643 3413 3717 οἰκήτορες
3472 3646 3577 3699 τοῖς
3626 3627 3835 3725 ὁμοφύλοις

2301 3734 2674 3803 προσέτρεχον,
2739 3735 2826 3783 τόν
2880 3731 3041 3803 ζυγὸν
3098 3740 3197 3783 τῶν
3255 3730 3592 3803 ἀλλογώσσων
3644 3727 3831 3773 ἀποσειο-

2299 3840 2461 3893 μενοι.
2520 3824 2597 3874 Τὰ
2652 3817 2710 3873 δὲ
2762 3822 2898 3879 ἄστη
2953 3823 3086 3893 μετὰ
3132 3830 3233 3873 τῶν
3262 3820 3556 3892 Ῥωμαϊκῶν
3601 3814 3677 3864 καὶ
3720 3808 3830 3880 μόνον

2298 3909 2701 3983 ἀπολελειμμένα
2778 3909 3057 3983 φυλάξεων,
3109 3910 3201 3962 οὐκ
3282 3910 3436 3974 ἀξίων
3482 3904 3709 3959 τοιούτοις
3747 3909 3829 3944 me

2297 4006 2403 4073 ροῖς
2477 3998 2887 4072 ἀντεμάχεσθαι,
2998 4001 3291 4073 εὐχείρωτα
3388 4005 3495 4059 τοῖς
3577 3986 3826 4073 Mulli?“

2297 4090 2529 4161 ὑπῆρχε,
2561 4098 2659 4140 τῶν
2695 4093 2785 4162 μὲν
2823 4092 2981 4161 πτοία
3032 4094 3421 4165 ταραττομένων
3478 4088 3561 4137 καὶ
3605 4066 3823 4152 προδιδδν·

2295 4197 2394 4229 των
2446 4180 2510 4229 τὰ
2568 4179 2704 4236 ἄστη
2754 4183 2843 4230 καὶ
2892 4176 3256 4251 λαμϐανόντων
3307 4183 3398 4237 τὴν
3460 4174 3581 4249 πρὸς
3617 4168 3674 4218 τὰ
3725 4162 3821 4211 οἶκοι

2296 4266 2599 4340 ἐλευθερίαν,
2660 4276 2759 4319 τῶν
2820 4263 2880 4320 δε
2937 4271 3062 4341 πρός
3108 4272 3202 4327 τὴν
3253 4268 3491 4332 ἐξαπίνης
3546 4253 3820 4332 γεγενημένην

2294 4364 2393 4407 τῶν
2434 4355 2736 4430 Βουλγάρων
2775 4352 2955 4429 ἔφοδον
3008 4354 3173 4429 μηδὲν
3223 4355 3445 4429 ἑχόντων
3492 4349 3543 4402 έκ
3599 4350 3677 4397 τοῦ
3728 4350 3819 4431 προῖ

2292 4450 2477 4521 χείρου
2543 4454 2732 4505 νοῆσαι
2827 4445 3145 4513 λυσιτελοῦν,
3229 4440 3696 4518 ἀποδιδρασκόντων
3752 4437 3816 4472 καί

2292 4542 2459 4586 ταῦτα
2524 4536 2691 4608 ἔρημα
2774 4542 2872 4586 τῶν
2983 4535 3333 4607 φυλαττόντων
3410 4521 3813 4598 ἀπολιμπανόντωνν

2291 4622 2453 4675 ἄλλων
2517 4620 2576 4675 δε
2632 4626 2761 4686 ῖσως
2826 4629 2915 4676 καὶ
2967 4628 3143 4697 χρόνῳ
3211 4622 3583 4695 ἆποκαμόντων,
3635 4612 3814 4697 παρξτω

2295 4714 2464 4775 θέντος
2507 4711 2687 4774 αὐτοῖς
2724 4714 2869 4787 παρὰ
2903 4685 2981 4766 τὸ.
2999 4685 3182 4788 μέτρον
3222 4721 3313 4766 τοῦ
3341 4714 3525 4785 χρόνου
3574 4707 3657 4757 τῆς
3685 4685 3811 4762 7")“-

3697 4811 3809 4865 Θάνα-

2998 4001 3291 4075 εὐχείρωτα

530 4923 632 4995 τον,
700 4901 797 4995 Λέπὶ
881 4895 947 4988 τά
998 4895 1221 4995 ’,δυτικέ
1274 4895 1420 4989 ’μέρῇ
1501 4895 2321 4995 γυμξξὶστρατευμάτωνχέάρα,
2377 4895 2654 4980 βουληθεὶς
2703 4911 2768 4961 τὰ
2812 4895 3119 4995 ἀφῃρημένα
3169 4909 3225 4961 ἔκ
3278 4911 3462 4961 τούτων
3507 4895 3809 4995 afui???

529 4971 807 5054 λέσασθαι,
846 4971 1121 5054 τόν-Εὗρον
1172 4971 1517 5054 διαπεράσας
1552 4971 1712 5027 πολλὰ
1894 4971 2085 5054 ἑαυτὸν
2137 4971 2439 5037 ἐποιήσατο.
2489 4982 2743 5039 Μετετέθη
2785 4971 3012 5053 μενόὖν
3061 4983 3087 5033 ό
3148 4986 3403 5054 Στενίμαχ

530 5045 833 5120 Κριτςιμός,
897 5044 1278 5120 Γξέπαιναλκαὶ
1315 5044 1373 5100 τὰ
1402 5046 1449 5099 ἐν
1479 5055 1540 5120 τῇ
1595 5044 1835 5118 Ἀχριδῷ
1892 5047 2165 5120 ξυμπάντα
2214 5050 2345 5108 πλὴν
2402 5053 2635 5104 Μνιάκου
2670 5073 2682 5086 ·

528 5115 839 5206 πεφυλακτο.
892 5115 1231 5206 Οὕστρακδε,
1263 5124 1351 5172 καὶ
1410 5115 1757 5193 Περπεράκῖον
1807 5115 1897 5171 καὶ
1951 5115 2181 5206 Κρυϐοὺς
2227 5126 2317 5206 καὶ
2378 5126 2434 5176 τό
2479 5127 2851 5196 παρακείμενον
2905 5115 2978 5197 τῇ
3021 5115 3113 5177 τοῦ
3158 5115 3431 5201 Ἀδριανοῦ
3482 5116 3562 5167 καὶ

3408 4951 3475 5042 ἓξ,
3512 4951 3801 5042 γῐιεριστίῖξῗν

2751 5036 2900 5105 τοῦτο
2958 5055 3060 5127 γὰρ
3120 5058 3209 5105 καὶ
3236 5036 3415 5127 Δμόνῖἶν
3468 5036 3791 5127 ὗπρῬ

3607 5098 3801 5164 nam?“

529 5207 611 5241 νον
643 5189 866 5262 Ἐφραὶμ
893 5196 1002 5251 τοῖς
1030 5189 1341 5266 Βουλγάροις
1366 5189 1669 5265 κεχείρωτο.
1696 5193 1892 5244 Τούτου
1918 5189 2081 5267 χάριν
2111 5189 2356 5251 ἔσπευδε.

1419 5329 1760 5400 Theodori
1808 5332 2060 5403 Dousa:
2099 5344 2165 5402 et
2208 5335 2457 5405 Leonis
2505 5335 2738 5405 Allatii
2789 5346 2994 5407 notae.

598 5471 710 5617 (2i;
735 5474 982 5544 Μοναχόν
1008 5472 1142 5526 τινὰ.
1174 5470 1484 5545 Gregoras,
1514 5490 1573 5546 p.
1594 5478 1678 5530 55.
1710 5477 1847 5531 ALL.

598 5551 684 5617 [22
739 5545 821 5597 Ἐν
858 5551 960 5617 μιᾷ
1010 5541 1289 5617 ἑϐδομάὸι.
1324 5546 1511 5617 Hujus
1576 5546 1847 5605 ordinatii

616 5541 708 5621 22)
739 5545 821 5597 Ἐν
854 5541 960 5621 ,ιλἱᾲ
1010 5541 1533 5621 ἐϐᾃομᾴὸιῖΗιιῂιέ
1557 5546 2019 5621 ordinationem
2063 5563 2169 5621 per

526 5604 976 5680 hebdomadam
1042 5604 1429 5688 absolutam;
1486 5618 1571 5677 uti
1632 5619 1918 5679 usitatam
1976 5604 2169 5680 in‘ea

2280 5477 2558 5543 Ecclesia,
2583 5482 2786 5535 narrat
2808 5479 3166 5550 Acropolita,
3190 5479 3264 5535 de
3287 5489 3404 5550 qua
3417 5482 3515 5550 nos
3534 5450 3786 5550 esimu'm

2278 5554 2470 5606 tractu
2496 5552 2579 5607 De
2600 5543 3077 5607 ordinationibus
3107 5543 3457 5607 G'rzco'rum.
3482 5543 3601 5594 ALL-

2347 5602 2470 5696 (ἆὲὶ
2491 5602 2837 5699 sagas}:
2850 5602 3169 5695 sagae;
3187 5602 3302 5681 ﬁt}:
3315 5602 3387 5687 ιιι,
3412 5629 3466 5688 p.
3490 5610 3565 5664 53.
3590 5602 3700 5655 ALL-
