4084 6212
303 312 442 370 1125

299 447 420 500 κῆς.
450 439 529 491 Τὰ
559 436 717 490 πλείω
767 432 826 490 δε
878 444 979 490 τῶν
1036 437 1233 491 ἄστεων
1281 442 1370 491 καὶ
1427 437 1778 512 ἀπεριποίητα
1836 436 1897 498 ἦν
1933 447 1972 495 Α

298 531 391 579 καὶ
418 535 518 578 ⁴⁹ῶν
555 522 832 600 χρειωδῶν
862 525 1030 579 ὃπλων
1070 525 1284 602 ἆμοιραο
1319 531 1629 600 Κατεσχέθη
1662 533 1752 601 μὲν
1810 525 1898 581 οὖν

299 615 450 668 ἑκτοῦ
478 620 777 691 παραυτίκα
813 620 1150 689 Στενίμαχος,
1211 618 1526 692 Πριστίτζα,
1587 619 1896 692 Κρυτξιμός,

298 708 563 768 Τζέπαινα
620 709 711 758 καὶ
765 707 832 757 τά
892 704 940 757 ἕν
993 713 1055 778 τῇ
1118 703 1359 780 Ἀχριδῶ
1419 706 1693 780 ξύμπαντα
1769 708 1898 768 πλὴν

299 796 560 848 Μνειάκου
593 815 606 827 ο
639 802 792 848 τοῦτο
829 797 931 870 γάρ
987 800 1077 849 καὶ
1129 800 1280 868 μόνον
1329 797 1430 849 ὑπὸ
1484 796 1748 870 Ῥωμαίων
1806 818 1902 851 πε-

299 883 578 956 φύλακται.
607 879 825 957 Οὖστρα
859 881 920 938 δὲ
973 889 1063 938 καὶ
1122 892 1470 961 Περπερακιον
1520 891 1611 939 καὶ
1669 886 1901 960 Κρυϐοῦς

297 976 486 1026 καὶτὸ
541 977 917 1048 παρακείμενον
971 982 1034 1046 τῇ
1086 981 1178 1026 τοῦ
1227 971 1515 1048 Ἀδριανοῦ
1565 981 1656 1029 καὶ
1720 976 1902 1035 κεκλη-

297 1065 447 1135 μένον
493 1062 714 1137 Ἐφραὶμ
768 1069 875 1126 τοῖς
929 1063 1246 1137 Βουλγαροις
1302 1069 1615 1138 κεχείρωται
1693 1069 1900 1119 Τούτων

296 1152 434 1206 οὕτω
486 1155 830 1226 γεγενημένων
887 1157 978 1207 καὶ
1034 1161 1135 1206 τῶν
1195 1153 1244 1206 ἓν
1314 1150 1544 1227 δυσμαῖς
1601 1154 1900 1228 Ῥωμαϊκῶν

295 1241 643 1314 κλονουμενων
693 1243 1037 1316 πραγμάτων,
1092 1249 1190 1305 τῆς
1246 1247 1428 1316 φήμης
1477 1248 1642 1316 μέχρι
1697 1249 1788 1297 καὶ
1849 1244 1900 1308 ἐς

300 1329 557 1404 βασιλέως
620 1326 1017 1405 ἂπιδραμούσης
1093 1336 1182 1384 καὶ
1259 1331 1502 1385 πλειόνων
1571 1330 1900 1406 προσδοκίαν

297 1427 472 1473 κακῶν
528 1426 629 1471 τῶν
683 1425 980 1492 προσόντων
1035 1425 1324 1493 φαντασίαν
1385 1427 1770 1495 παρεχομένης,
1851 1426 1900 1476 οἱ

294 1513 419 1583 περὶ
467 1510 534 1560 τά
586 1506 835 1581 βασίλεια
883 1508 943 1561 οὐ
996 1518 1198 1584 μικρῶς
1252 1508 1631 1584 ἐταράχθησαν
1683 1532 1696 1544 ·
1769 1512 1900 1570 ἠπί-

297 1617 488 1650 σταντο
515 1600 616 1671 γὰρ
655 1599 722 1658 ὡς
761 1601 829 1650 τά
875 1597 1034 1651 πλείω
1087 1606 1186 1650 τῶν
1245 1595 1475 1651 δυτικῶν
1528 1608 1694 1672 μερῶν
1746 1601 1902 1653 Βουλ-

293 1689 477 1762 γάροις
519 1687 802 1754 οἰκοῦνται,
878 1691 968 1740 καὶ
1040 1686 1479 1747 ἀποστατήσουσι
1549 1688 1713 1742 πάλαι
1783 1689 1902 1744 Ῥω-

1816 313 2157 374 ANNALES.

3533 321 3664 380 H26

2007 443 2292 512 Tzepaena
2317 445 2372 497 et
2403 441 2671 497 Achridis
2693 447 2907 514 praeter
2925 443 3239 510 Mniacum,
3263 445 3429 516 quod
3457 446 3553 502 vel
3575 465 3666 504 so-

2007 529 2134 586 lum
2163 531 2444 586 Romanis
2467 530 2752 588 devotum
2777 535 3665 604 perseveraverat,omnia.Praa-

2009 623 2169 674 terea
2200 620 2386 690 Ustra,
2411 622 2848 692 Perperacium,
2875 623 3082 679 Cribus
3107 629 3164 679 et
3183 624 3351 696 quod
3378 623 3668 682 Adriano-

2009 706 2131 779 poli
2161 707 2417 778 adjacet.
2447 709 2724 780 Ephrem,
2750 711 3012 782 Bulgaris
3031 728 3282 769 cessere.
3308 716 3441 770 Haec
3467 714 3668 771 ubiita

2008 795 2167 853 facta
2193 803 2356 868 sunt,
2387 802 2443 854 et
2468 798 2527 854 in
2557 800 2826 856 occiduis
2863 802 3133 874 partibus
3172 802 3354 858 rebus
3372 806 3667 860 Romano-

2008 901 2142 942 rum
2172 886 2234 942 in
2259 885 2587 944 discrimen
2610 890 2858 957 adactis,
2878 908 3013 948 cum
3040 891 3204 948 fama
3232 892 3310 948 ad
3332 893 3662 966 imperato-

2007 975 2090 1030 ris
2129 975 2311 1032 etiam
2342 992 2516 1033 aures
2535 979 2924 1051 pervolasset,
2965 982 3137 1054 115
3166 987 3223 1038 et
3260 983 3663 1054 praesentibus

2009 1064 2183 1121 malis
2205 1065 2497 1123 atrociora
2519 1067 2655 1123 inde
2673 1074 2923 1126 ventura
2943 1077 3451 1143 repraesentasset,
3477 1073 3582 1145 qui
3604 1073 3667 1129 in

2009 1152 2148 1210 aula
2185 1159 2372 1221 erant,
2425 1156 2602 1212 nimis
2657 1158 2994 1216 conturbati
3053 1165 3210 1227 sunt,
3271 1161 3494 1233 quippe
3560 1161 3667 1234 qui

2011 1242 2230 1298 scirent
2255 1242 2631 1314 potissimam
2655 1246 2987 1303 Occidentis
3011 1252 3242 1320 partem
3270 1249 3334 1304 in
3379 1249 3667 1319 Bulgaros

2008 1347 2137 1388 esse
2158 1347 2544 1404 propensam,
2571 1340 2866 1408 tanquam
2889 1353 3025 1410 qum
3047 1353 3084 1393 a
3103 1339 3388 1394 Romanis
3405 1339 3665 1411 jampri-

2008 1421 2145 1476 dem
2178 1420 2508 1492 defecisset,
2533 1429 2586 1480 et
2644 1430 2912 1482 recenter
2941 1442 2978 1481 a
3036 1430 3262 1483 Joanne
3306 1429 3665 1499 imperatore

2008 1508 2305 1566 debellata
2332 1512 2604 1569 nondum
2631 1514 2827 1570 solida
2858 1531 2927 1570 ac
2951 1515 3125 1571 ﬁrma
3154 1515 3214 1570 in
3236 1515 3504 1574 dominio
3528 1533 3666 1574 con-

2010 1609 2208 1673 staret,
2243 1605 2348 1661 sed
2379 1604 2663 1662 continua
2687 1603 2748 1660 in
2789 1606 3091 1662 Romanos
3140 1605 3283 1663 odia
3321 1606 3665 1663 clanculum

2011 1700 2332 1754 exerceret.

295 1781 487 1850 μαίων,
541 1778 856 1853 προσφάτως
907 1773 967 1830 δε
1022 1778 1329 1852 χειρωθεῖσι
1381 1786 1454 1850 τῷ
1513 1776 1721 1852 βασιλεί
1754 1779 1986 1856 Ἰωάννη,
2037 1789 2128 1838 καὶ
2184 1785 2328 1840 οὒπω
2383 1785 2538 1848 πῆξιν
2595 1793 2688 1848 τῆς
2755 1791 3072 1859 χειρώσεως,
3131 1785 3412 1855 λαϐούσης,
3471 1788 3666 1862 ἔχθραν

298 1862 361 1919 δε
400 1864 478 1919 ἀεὶ
507 1869 637 1941 πρὸς
672 1865 954 1938 Ῥωμαίους
993 1862 1386 1939 ίνδομυχοῦσι.

367 1954 450 2011 νε’.
485 1959 580 2009 Διά
606 1964 774 2009 ταῦτα
800 1958 848 1992 ⁴²
885 1960 976 2008 καὶ
1033 1955 1185 2017 αὐτὸς
1241 1957 1267 2008 ό
1329 1955 1582 2029 βασιλεύς
1638 1953 1895 2031 ἠδημόνει
1937 1961 1976 2015 Β

293 2051 408 2108 τοῖς
432 2047 759 2121 πράγμασιν,
812 2045 855 2098 εἰ
901 2046 1037 2097 οὕτω
1093 2045 1210 2097 κατ’
1267 2043 1443 2119 ἀρχὰς
1501 2053 1590 2107 τῆς
1653 2046 1900 2110 ἐξουσίας

293 2134 376 2206 [Ρ.
411 2133 503 2207 59]
553 2134 714 2188 αὐτοῦ
766 2130 1054 2207 δυστυχῶς
1108 2136 1346 2208 πράττει.
1403 2137 1758 2210 Συναθροίσας
1810 2144 1898 2189 οῦν

293 2226 496 2286 τοὺςίν
532 2223 663 2277 τέλει
703 2228 794 2276 καὶ
847 2229 968 2286 τοὺς
1029 2223 1102 2285 εἰς
1157 2227 1478 2298 στρατηγούς
1537 2229 1896 2298 τεταγμένους,

300 2315 396 2365 σὺν
425 2313 503 2373 οἷς
530 2317 620 2365 καὶ
645 2314 695 2365 οἱ
722 2315 849 2386 πρὸς
875 2312 1092 2365 πάππου
1124 2312 1281 2365 αὐτοῦ
1311 2320 1404 2364 τοῦ
1464 2311 1725 2379 βασιλέως
1780 2318 1901 2368 Θεο-

299 2397 475 2478 δώρου
501 2404 744 2476 ὑπῆρχον
769 2401 910 2473 αὐτῷ
943 2403 1088 2473 θεῖοι,
1117 2402 1144 2454 ὃ
1173 2420 1227 2454 τε
1277 2401 1526 2462 Μανουηλ
1574 2408 1664 2456 καὶ
1721 2404 1748 2455 ό
1800 2411 1898 2457 Μι-

301 2489 465 2562 χαὴλ,
507 2489 844 2544 ἕϐουλεύσατο
901 2495 952 2542 τί
1001 2488 1060 2542 ἀν
1115 2487 1234 2562 ἔχοι
1278 2493 1410 2564 πρός
1473 2493 1537 2543 τά
1587 2496 1900 2564 γεγενημένα

307 2575 742 2652 διαπράττεσθαι,
778 2582 843 2633 Οἱ
887 2582 978 2653 μὶν
1039 2576 1127 2632 οὖν
1179 2579 1386 2641 πλείους
1438 2576 1760 2655 διαπερᾶσαι
1810 2585 1897 2634 τὸν

307 2665 533 2740 βασιλέα
556 2673 640 2721 τόν
661 2667 1029 2730 Ἑλλήσποντον
1061 2665 1178 2722 δίον
1222 2668 1392 2740 ἔλεγον
1441 2670 1570 2722 εἶναι
1617 2675 1706 2722 καὶ
1765 2679 1897 2730 στῆ-

303 2775 397 2810 σαι
426 2762 519 2816 τήν
543 2766 640 2810 τῶν
666 2756 970 2833 βουλγάρων
997 2761 1176 2832 φοράν.
1208 2764 1373 2811 Τοῦτο
1403 2755 1461 2810 δε
1486 2765 1594 2821 τοῖς
1625 2766 1717 2811 τοῦ
1763 2778 1897 2833 κρα-

295 2854 505 2909 τοῦντος
535 2849 694 2911 θείοις
711 2857 817 2910 τοῖς
839 2853 1228 2924 προειρημένοις
1276 2848 1370 2901 οὐκ
1403 2849 1640 2924 ἤρεσκεν,
1688 2850 1766 2910 οἷς
1807 2853 1897 2901 καὶ

293 2945 551 3012 προσεῖχε
577 2937 766 3011 μᾶλλον
797 2939 822 2990 ὀ
845 2936 1108 3011 βασιλευς,
1140 2936 1343 2990 παλλῶν
1369 2938 1531 2992 ἕνεκα.
1564 2937 1629 2990 Ἦ
1687 2957 1740 2990 τε
1792 2939 1894 3013 γὰρ

293 3032 576 3101 γνησιότης
605 3036 696 3081 τοῦ
741 3033 922 3101 γένους
959 3028 1223 3100 ἠνάγκαζε
1269 3032 1360 3080 καὶ
1413 3031 1474 3080 16
1539 3035 1635 3091 τῆς
1691 3027 1896 3090 ἡλικίας

293 3121 518 3193 γηραιόν
558 3115 928 3193 παρτεϐίαζεν,
1004 3116 1110 3190 οὐχ
1184 3117 1339 3176 ἧττον
1415 3112 1474 3170 δε
1546 3120 1674 3190 πρὸς
1744 3125 1898 3170 τοῦτο

293 3210 483 3259 καὶτὸ
525 3206 722 3260 πολλῶν
779 3208 1098 3280 πραγμάτων
1178 3201 1322 3278 ’ίδρις
1397 3205 1583 3266 αὐτοὺς
1661 3207 1898 3276 γίνεσθαι

294 3297 574 3371 παρέπειθε
629 3317 642 3329 ·
688 3291 914 3369 φυγάδες
959 3296 1060 3368 γὰρ
1115 3294 1259 3346 οὗτοι
1312 3298 1578 3366 γεγονότες
1630 3301 1727 3356 τῆς
1808 3300 1899 3346 τοῦ
1938 3310 1978 3366 C

296 3381 558 3458 βασιλέῶς
632 3385 867 3440 Ἰωάννου
935 3380 1328 3458 διακρατήσεως
1437 3382 1644 3445 πολλοῖς
1737 3401 1900 3458 προσ-

296 3473 570 3547 ωμίλησαν
646 3470 929 3536 δεσπόταις
1018 3477 1108 3525 καὶ
1196 3471 1264 3532 εἰς
1357 3468 1638 3546 διαφόρους
1736 3491 1902 3548 περιε-

296 3562 640 3623 πλανήθησαν
686 3567 899 3627 τόπους,
957 3559 1248 3631 κάντεῦθεν,
1311 3563 1449 3613 κατά
1508 3565 1602 3620 τὴν
1653 3565 1893 3630 ποίησιν,

300 3648 442 3706 εἶδον
505 3653 672 3706 ἄστεα
723 3656 814 3706 καὶ
859 3656 972 3704 νόον
1015 3653 1268 3722 ἔγνωσαν.
1337 3653 1438 3703 Καὶ
1489 3645 1623 3707 ἦσαν
1691 3652 1780 3723 μὲν
1839 3652 1902 3711 ὡς

301 3741 510 3805 ἀληθῶς
557 3742 702 3796 οὗτοι
749 3746 1011 3815 νοήμονες,
1059 3739 1153 3794 οὐκ
1211 3738 1341 3812 ὀρθὰ
1390 3735 1449 3792 δὲ
1505 3737 1744 3812 ἐφρόνουν
1797 3746 1902 3801 τοῖς

299 3841 403 3885 τῶν
452 3831 715 3907 Ῥωμαίων
782 3833 1106 3906 πράγμασιν,
1173 3829 1348 3882 αἰτίαν
1392 3831 1595 3900 ἔχοντες
1656 3831 1713 3880 τό
1771 3847 1902 3903 παρ-

300 3919 716 3996 ευδοκιμηθῆναι
777 3922 843 3973 τά
903 3928 1088 3994 πρῶτα
1148 3920 1292 3991 ποιρά
1348 3924 1441 3969 τοῦ
1511 3913 1736 3988 ἀδελφοῦ
1811 3921 1902 3970 καὶ

300 4010 582 4086 βασιλέως,
609 4007 831 4085 μηδενὸς
870 4010 1037 4064 αὐτῶν
1083 4009 1155 4072 εἰς
1203 4007 1352 4071 ἀξίαν
1404 4005 1692 4079 ἀνηγμένου
1744 4002 1902 4078 βασι-

296 4099 421 4161 λέως
480 4097 721 4172 ἀδελφοῖς
779 4095 814 4152 δ
821 4103 1195 4174 ιαπρέπουσαν.
1256 4095 1386 4150 Εἶτα
1444 4099 1534 4148 καὶ
1604 4097 1748 4169 παρὰ
1808 4101 1900 4146 τοῦ

295 4187 537 4264 γαμϐρου
612 4193 702 4241 καὶ
779 4185 1036 4260 βασιλέως
1119 4190 1209 4238 καὶ
1279 4179 1537 4258 φυγαδίαι
1619 4191 1710 4244 τῆς
1786 4180 1904 4234 Ῥω-

293 4283 466 4353 μαίων
522 4282 844 4351 γεγενημένοι
911 4280 1033 4351 πρός
1093 4275 1278 4338 αὐτοὺς
1351 4271 1742 4347 ἕδυσμέναινον.
1802 4276 1902 4325 Καὶ

295 4376 468 4422 ταῦτα
501 4371 592 4442 μεν
633 4369 754 4428 ἴσως
793 4365 897 4442 ἐρεῖ
926 4386 1004 4427 τις
1037 4368 1183 4419 αἴτια
1221 4363 1372 4435 εἶναι,
1410 4367 1468 4417 16
1512 4359 1571 4416 δὲ
1612 4361 1797 4424 ἀληθες
1836 4363 1904 4414 τά

297 4467 402 4512 τῶν
427 4457 707 4533 ἀνθρώπων
737 4459 839 4517 ἤθη
873 4455 1092 4509 ἀϐέϐαια
1151 4458 1275 4507 ὄντα
1323 4457 1414 4506 καὶ
1474 4452 1683 4506 ἃστατα
1731 4453 1903 4504 τοιού-

299 4566 422 4608 τους
468 4548 749 4618 τυγχάνειν
796 4544 1020 4600 ίποίουν.
1073 4548 1174 4598 Καὶ
1232 4549 1400 4594 ταῦτα
1442 4544 1532 4614 μὲν
1579 4541 1638 4593 οὗ
1701 4537 1904 4593 διελάν-

304 4639 451 4691 θανεν
473 4632 597 4689 οὐδε
625 4638 710 4688 τόν
739 4632 965 4707 βασιλέα
1011 4629 1286 4706 Θεόδωρον
1317 4651 1330 4664 ο
1389 4635 1514 4692 τέως
1567 4625 1655 4682 οὖν
1709 4631 1774 4691 ὡς
1828 4628 1904 4681 οί-
1938 4663 1984 4716 D

299 4731 474 4790 κείους
493 4734 587 4779 τοῦ
635 4724 857 4796 αἳματος
903 4728 993 4778 καὶ
1034 4726 1090 4777 1'6
1145 4727 1302 4794 τιμᾷν
1351 4720 1537 4782 αὐτοὺς
1584 4716 1679 4772 διὰ
1716 4723 1904 4780 παντὸς

300 4816 635 4892 προελόμενος
708 4815 905 4889 ἕχρᾶτο
979 4816 1106 4887 πρὸς
1184 4809 1498 4884 συμϐουλὰς.
1577 4809 1904 4863 Ὑπετίθεντο

300 4913 426 4980 γοῦν
457 4905 602 4958 οὗτοι
632 4907 696 4965 ὡς
726 4903 784 4956 οὐ
819 4907 990 4976 χρεὼν
1027 4905 1112 4954 τὸν
1152 4899 1378 4974 βασιλέα
1417 4895 1742 4974 διαπερᾶσαι
1774 4901 1906 4973 πρὸς

302 5000 402 5054 κήν
433 4991 666 5068 δυσμὴν,
703 4995 782 5046 ὅτι
805 5011 858 5045 τε
885 4999 1058 5053 κακῶς
1105 4990 1320 5065 πράττει
1379 4991 1442 5041 τὰ
1490 4995 1710 5040 τοιαῦτα
1748 4991 1904 5062 μέρη,

302 5089 396 5138 καὶ
421 5086 492 5146 ὡς
531 5089 672 5136 νοσεῖ
730 5077 929 5154 σχεδὸν
981 5078 1324 5154 ἀθεράπευτα,
1371 5078 1674 5152 στράτευμά
1727 5095 1781 5130 τε
1829 5080 1902 5150 μὴ

305 5175 448 5247 ἔχειν
473 5177 560 5226 τόν
589 5169 812 5244 βασιλεα
846 5178 1112 5246 προσῆκον
1155 5168 1340 5243 πράξει
1388 5166 1640 5241 βασιλικῇ
1670 5187 1684 5201 ο
1734 5167 1761 5219 ό
1805 5169 1904 5239 γὰρ

302 5268 508 5338 χειμὼν
538 5260 724 5314 ἐκώλυε
752 5263 846 5319 τὴν
901 5260 1240 5334 συνάθροισιν
1295 5265 1395 5310 τῶν
1443 5253 1738 5330 δυνάμεων.
1806 5260 1907 5310 Καὶ

2082 1967 2166 2019 55.
2199 1963 2522 2036 Propterea
2548 1963 2874 2036 imperator
2899 1963 3078 2019 etiam
3107 1963 3239 2036 ipse
3267 1964 3449 2020 rebus
3489 1965 3665 2022 anxie

2008 2051 2321 2122 aestuabat,
2396 2052 2443 2106 si
2509 2057 2632 2108 tam
2653 2051 2866 2107 misere
2911 2051 3221 2122 potestatis
3279 2051 3441 2107 illius
3492 2052 3662 2108 initio

2007 2139 2390 2197 haberentur.
2417 2140 2533 2196 lllis
2556 2156 2698 2212 ergo
2724 2139 2829 2212 qui
2881 2139 3167 2209 dignitate
3217 2140 3546 2211 fulgebant,
3609 2145 3664 2197 et

2007 2229 2374 2285 exercituum
2405 2228 2773 2290 ductoribus,
2800 2227 2951 2283 inter
2970 2243 3126 2300 quos
3151 2232 3207 2284 et
3225 2244 3296 2284 ex
3327 2245 3442 2284 avo
3474 2228 3663 2300 impe-

2006 2322 2201 2374 ratore
2229 2317 2535 2374 Theodoro
2555 2316 2752 2390 patrui
2782 2315 3014 2373 Manuel
3038 2321 3095 2373 et
3123 2317 3368 2374 Michael
3398 2317 3661 2374 advene-

2005 2411 2160 2478 rant,
2188 2406 2554 2473 convocatis,
2589 2404 3052 2468 consiliuminit.
3075 2406 3226 2479 quid
3256 2406 3392 2471 sibi,
3416 2411 3480 2463 ut
3501 2406 3663 2464 malo

2005 2501 2358 2563 occurreret,
2391 2494 2696 2567 agendum
2739 2499 2917 2551 esset.
2953 2495 3149 2552 Potior
3189 2511 3396 2552 eorum
3425 2511 3568 2568 pars
3601 2495 3666 2552 in

2005 2599 2140 2640 eam
2161 2585 2266 2640 ivit
2291 2583 2671 2653 sententiam,
2685 2583 3081 2655 utimperator
3098 2583 3477 2656 Hellesponto
3490 2599 3664 2656 supe-

2005 2678 2134 2730 rato
2158 2673 2452 2746 impetum
2477 2672 2870 2742 Bulgarorum
2911 2673 3353 2745 comprimeret.
3397 2672 3512 2729 Sed
3549 2673 3664 2730 hoc

2005 2760 2290 2834 principis
2317 2760 2565 2834 patruis,
2589 2775 2742 2834 quos
2766 2775 2950 2832 supra
2983 2760 3288 2817 nominavi
3313 2760 3480 2817 haud
3513 2760 3656 2818 arri-

2005 2849 2210 2919 debat,
2223 2850 2444 2922 quibus
2459 2849 2732 2906 animum
2758 2850 2954 2922 potius
2979 2850 3316 2908 adverterat
3339 2853 3664 2923 imperator

2008 2938 2209 2994 multis
2229 2939 2304 2994 de
2338 2938 2553 2994 causis.
2577 2938 2852 2994 Aﬂinitas
2882 2939 3106 3012 quippe
3128 2939 3360 3010 generis
3387 2943 3442 2994 et
3493 2954 3665 2994 vene-

2006 3027 2199 3084 randa
2246 3031 2524 3084 senectus
2576 3026 2901 3099 compellat
2935 3043 3176 3100 ,neque
3217 3026 3417 3082 minus
3475 3026 3556 3083 ad
3602 3027 3665 3085 id

2007 3115 2349 3172 conferebat
2361 3131 2564 3172 rerum
2577 3115 2906 3172 multarum
2918 3115 3300 3188 experientia.
3319 3115 3386 3170 Hi
3399 3130 3665 3189 namque

2006 3205 2255 3261 Joannis
2285 3204 2666 3277 imperatoris
2689 3209 2957 3276 tempore
2984 3209 3040 3261 et
3063 3205 3192 3261 solo
3215 3205 3409 3276 patrio
3430 3205 3666 3262 exsules

2009 3294 2325 3350 multorum
2339 3293 2672 3366 principum
2685 3293 3081 3350 familiaritate
3096 3293 3186 3349 usi
3204 3299 3343 3350 sunt
3359 3299 3416 3351 et
3429 3293 3668 3352 diversa

2007 3384 2069 3440 in
2088 3384 2222 3440 loca
2241 3383 2615 3456 aberrarunt,
2647 3383 2926 3456 hincque,
2963 3385 3004 3454 1
3024 3384 3134 3455 16
3153 3388 3216 3440 ut
3229 3389 3411 3456 poeta
3431 3385 3664 3453 cecinit,

2008 3474 2287 3530 viderunt
2303 3472 2482 3529 urbes
2504 3479 2561 3530 et
2585 3489 2784 3530 mores
2804 3473 3119 3530 hominum
3146 3479 3574 3545 cognoverunt.
3600 3473 3668 3530 Hi

2009 3564 2161 3636 licet,
2200 3568 2260 3620 ut
2286 3580 2493 3620 verum
2515 3563 2720 3636 fatear,
2751 3563 2930 3636 pleno
2955 3569 3192 3637 pectore
3223 3571 3521 3637 saperent,
3543 3579 3667 3621 non

2008 3659 2164 3710 recte
2194 3657 2396 3710 tamen
2419 3655 2828 3709 Romanorum
2851 3651 3031 3709 rebus
3061 3653 3478 3722 consulebant,
3502 3652 3668 3726 quod

2011 3743 2278 3815 primum
2297 3758 2335 3798 a
2362 3741 2540 3798 fratre
2570 3746 2627 3798 et
2647 3742 3005 3814 imperatore
3028 3742 3280 3813 neglecti
3308 3742 3474 3799 nullo
3501 3741 3668 3813 digni

2008 3829 2196 3886 habiti
2225 3828 2479 3886 fuissent
2527 3845 2792 3892 munere.
2833 3829 3002 3902 quod
3043 3829 3252 3886 fratres
3291 3830 3668 3903 imperatoris

2010 3918 2362 3974 condeceret
2389 3936 2400 3985 ;
2425 3916 2564 3974 dein
2595 3934 2702 3990 per
2717 3934 3005 3989 generum
3045 3924 3102 3975 et
3129 3921 3554 3990 imperatorem
3585 3919 3664 3974 ab

2010 4006 2139 4064 solo
2160 4006 2352 4079 patrio
2375 4011 2658 4074 extorres,
2685 4007 2764 4062 ab
2782 4007 2864 4062 eis
2885 4011 3041 4062 totos
3072 4024 3134 4063 se
3156 4006 3664 4063 abalienaverant.

2011 4094 2078 4151 Et
2095 4095 2206 4151 has
2233 4093 2481 4167 quidem
2508 4111 2724 4151 causas
2745 4095 3030 4151 Romanis
3063 4095 3193 4151 illos
3217 4094 3668 4151 inimicissimos

2009 4182 2340 4240 reddidisse
2362 4182 2579 4255 aliquis
2611 4183 2760 4240 forte
2793 4183 3045 4240 diceret:
3072 4183 3247 4238 nobis
3273 4183 3417 4238 satis
3467 4182 3672 4253 cogni-

2013 4276 2139 4328 tum
2169 4287 2370 4328 mores
2397 4271 2718 4328 hominum
2746 4271 3003 4328 incertos
3034 4276 3215 4343 atque
3249 4271 3555 4328 instabiles
3610 4270 3671 4327 in

2010 4360 2364 4433 hujusmodi
2405 4376 2509 4417 eos
2541 4361 2868 4417 deduxisse
2901 4360 3253 4424 simultates.
3298 4376 3437 4433 qua:
3471 4375 3673 4433 neque

2011 4451 2435 4524 imperatorem
2461 4450 2838 4507 Theodorum
2851 4449 3134 4508 latebent.
3149 4449 3547 4507 Nihilominus
3571 4466 3674 4506 eos

2013 4543 2304 4614 tanquam
2317 4539 2610 4611 sanguine
2625 4539 2754 4611 conj
2766 4545 2997 4610 unctos,
3016 4539 3247 4613 etquod
3260 4544 3549 4612 perpetuo
3561 4554 3671 4596 eos

2013 4629 2344 4686 honoribus
2357 4629 2758 4686 condecorare
2776 4634 3194 4702 proposuerat,
3215 4629 3480 4685 consiliis
3499 4629 3671 4685 adhi-

2011 4718 2215 4776 bebat.
2249 4718 2670 4790 Proponebant
2689 4718 2891 4788 itaque
2913 4718 2994 4774 illi
3019 4733 3142 4774 non
3161 4733 3294 4774 esse
3318 4733 3516 4790 operte
3544 4731 3678 4789 pre-

2015 4808 2163 4864 tium
2187 4809 2612 4881 imperatorem
2651 4807 2711 4864 in
2737 4824 3022 4864 occasum
3045 4806 3534 4880 progredi,quod
3587 4822 3672 4863 eae

2014 4902 2213 4970 partes
2245 4897 2400 4954 male
2423 4896 2849 4954 aﬁlictarentur
2869 4901 2926 4952 et
2954 4896 3185 4968 absque
3206 4895 3472 4952 remedio
3491 4895 3666 4952 vehe-

2015 4991 2247 5043 menter
2281 4986 2642 5043 laborarent.
2675 4985 2889 5057 Copias
2915 4999 3048 5040 esse
3085 4984 3466 5057 imperatoris
3493 4983 3676 5042 exiles

2016 5091 2087 5132 ac
2102 5081 2312 5132 tenues
2333 5091 2442 5131 nec
2461 5075 2618 5145 regis
2641 5077 2936 5145 apparatu
2959 5088 3414 5146 suppares,cum
3435 5078 3675 5146 tempus

2015 5165 2338 5222 hibernum
2385 5162 2818 5236 impedimento
2869 5166 3025 5219 esset
3073 5177 3149 5218 ne
3193 5168 3548 5232 cogerentur
3613 5163 3676 5220 in

2017 5271 2230 5314 unum.
2254 5252 3055 5326 Pristereaimperatoremﬁi
3073 5251 3208 5310 loco
3220 5258 3535 5310 moveatur
3545 5269 3654 5311 nes

378 5443 428 5479 ⁸³
489 5443 534 5498 D
586 5457 600 5498 :
659 5439 851 5500 Βου).ην
881 5435 970 5494 οὖν
1019 5437 1391 5510 ποιησάμενος,
1449 5437 1498 5488 οἱ
1559 5437 1649 5510 μὲν
1736 5433 1943 5497 πλείους
1994 5430 2315 5510 διαπερᾶσαι
2366 5432 2521 5510 αὐτόν
2591 5435 2678 5510 τὸν
2739 5429 3113 5510 Ἑλλήσποντον
3168 5429 3284 5486 δίον
3350 5431 3679 5510 amomum

378 5457 428 5479 "
489 5457 534 5498 υ
586 5457 600 5498 :
659 5457 851 5500 Βου).ην
881 5459 970 5494 ουν
1019 5457 1220 5496 ποίησα
1265 5457 1391 5503 ενος,
1449 5457 1498 5488 οι
1559 5457 1649 5508 μεν
1736 5457 1943 5497 πλειους
1994 5457 2315 5510 σιαπερασαι
2366 5457 2521 5487 αυτόν
2591 5457 2678 5486 τον
2754 5457 3113 5492 ιΛΑησπον-τον
3168 5457 3284 5486 υεον
3350 5457 3540 5506 ελεγον.
3611 5457 3678 5486 υι

307 5512 369 5569 δὲ
406 5516 538 5591 πρὸς
577 5515 804 5592 πάππου.
851 5511 1013 5592 αυτοιξ
1055 5517 1147 5592 τοῦ
1200 5457 1460 5592 βάσιλίως
1506 5503 1784 5592 Θεοδώρου
1842 5506 2095 5592 Μανουιὺξζ
2147 5511 2248 5592 καὶ,
2292 5505 2510 5592 Μηιχαῂ).
2562 5506 2612 5557 οἰ
2679 5506 2994 5592 ιξασκάριες,
3043 5505 3141 5592 ρῖς,
3182 5511 3436 5592 προσεῖχε
3478 5503 3678 5592 μᾶλλον

399 5575 457 5641 τί
481 5589 793 5658 γνησιότητι
816 5588 906 5638 καὶ
943 5588 1018 5654 τῷ
1040 5575 1212 5656 γήρει,
1243 5579 1302 5634 οὗ
1327 5584 1499 5656 χρεὼν
1547 5575 1870 5656 διαπερᾶσαι
1925 5580 2012 5633 τὸν
2060 5577 2285 5653 βασιλέα
2333 5575 2663 5632 ἆϐὸῦλευσαν.
2711 5575 2794 5635 Ἢ.
2848 5575 2948 5630 τῶν
3003 5575 3246 5630 πλειόνων
3297 5575 3423 5649 γοῦν
3478 5575 3679 5650 ἴσχυσε

353 5661 506 5719 στολή.
