4084 6212
283 210 427 270 1109

1859 211 2146 269 ΑΝΝΑιΕ

3528 220 3664 278 mo

275 340 474 397 ἔστησε
527 340 620 389 καὶ
699 336 885 412 κριτὰς
938 336 1150 389 ἐκάθισε
1197 338 1287 388 xui
1339 334 1575 412 λαμπρὸν
1624 335 1882 409 κριτήριον

1996 337 2107 409 nit,
2130 341 2187 395 et
2206 336 2495 395 indicium
2511 338 2742 397 celebre
2764 341 3085 399 constituit.
3106 344 3302 401 Causa.
3339 341 3471 399 hec
3511 346 3659 400 erat.

281 431 686 503 συνεκρότησεν.
745 424 804 479 Ἠ
859 421 909 478 δ’
958 426 1201 485 ὑπόθεσις
1284 425 1347 484 ἧν
1436 426 1677 483 τοιαύτη.
1746 423 1889 477 Ἐπεὶ

278 517 610 576 έτελεύτησεν
640 516 945 588 όΤορνίκης
993 518 1308 586 Δημήτριος,
1359 516 1435 567 ἔτι
1484 511 1543 567 δὲ
1598 521 1780 589 περιῆν
1839 512 1887 567 έν

275 606 636 666 Θεσσαλονίκη
666 606 877 678 όμέγας
945 600 1277 676 δομέστικος,
1336 604 1363 655 6
1404 600 1463 657 δε
1516 605 1703 657 τούτου
1774 606 1890 666 υἱὸς

272 697 503 770 Μιχαὴλ
532 694 582 760 ές
602 695 873 750 Μελένικον
930 698 1021 746 xui
1069 693 1272 769 Σέῤῥας,
1327 694 1379 755 ὃς
1416 698 1506 747 καὶ
1564 695 1742 767 μαθὼν
1798 697 1885 747 τὸν

276 794 373 841 τοῦ
401 790 624 860 Τορνίκη
656 786 871 838 θάνατον
902 781 1233 860 ἐδυσφόρησε
1271 788 1361 836 καὶ
1414 785 1721 859 σκυθρωπὸς
1775 791 1887 845 τοῖς

274 876 690 950 ὶντυγχάνουσιν
727 874 1040 948 ἐπεφαίνετο·
1105 874 1167 933 ἦν
1222 875 1322 948 γὰρ
1372 874 1398 926 6
1454 878 1709 949 Τορνίκης
1794 876 1887 926 ιτύ⁴

276 967 439 1039 ζυγόν
472 968 609 1039 ἔχων
636 973 730 1018 τοῦ
779 963 1008 1038 μεγάλου
1069 959 1388 1036 δομεστίκου
1426 959 1880 1037 πρωτιξαδέλφην.

272 1057 381 1109 Οἷα
405 1064 531 1128 γοῦν
563 1055 695 1129 φιλεῖ
755 1052 835 1108 έπὶ
912 1059 1023 1115 τοῖς
1070 1056 1324 1115 τοιούτοις
1358 1054 1621 1126 γίνεσθαι,
1668 1053 1883 1128 ἠρωτή-

273 1166 357 1199 κει
384 1166 464 1208 τις
502 1154 601 1197 τῶν
654 1142 712 1197 ix
801 1142 1078 1197 Μελενίκου
1134 1146 1431 1216 τοῦνομα.,.
1496 1144 1703 1218 θάτερόν
1766 1164 1885 1197 τινα

276 1233 659 1306 καλούμενον...
717 1233 837 1284 ὅτου
897 1232 1060 1304 χάριν
1117 1231 1486 1304 σκυθρωπάζει
1539 1232 1565 1282 ό
1617 1233 1883 1303 Κομνηνὸς

276 1323 522 1396 Μιχαὴλ.
558 1321 616 1375 Ὀ
648 1318 707 1375 δὲ
735 1323 849 1393 (καὶ
876 1323 979 1393 γὰρ
1011 1320 1273 1378 ἠπίστατο
1303 1324 1398 1379 τὴν
1465 1319 1680 1393 αἰτίαν),
1740 1341 1769 1370 ‹‹
1822 1319 1881 1373 Ὀ

276 1417 549 1488 Τορνίκης,
576 1434 603 1462 ››
625 1413 742 1485 ἔφη,
773 1432 801 1461 ‹‹
829 1414 1124 1485 Δημήτριος
1143 1411 1402 1467 τέθνηκεν.
1452 1407 1549 1461 Ἠν
1607 1405 1667 1461 δε
1718 1428 1881 1483 προσ·

276 1507 427 1575 γενής
453 1501 609 1554 αὐτοῦ
665 1504 756 1553 καὶ
806 1499 1073 1572 οἰκονόμος
1114 1508 1214 1552 τῶν
1277 1506 1479 1554 κοινῶν.
1542 1503 1642 1551 Kui
1690 1501 1877 1551 τούτου

274 1599 399 1663 γοῦν
436 1592 599 1666 χάριν
629 1593 867 1642 κάκείνου
915 1588 1214 1647 λελύπηται.
1269 1609 1297 1639 ››
1348 1586 1405 1640 'O
1465 1584 1544 1657 δὲ,
1593 1608 1622 1636 ‹‹
1670 1590 1741 1644 οὔ
1786 1608 1879 1662 μοι

1999 429 2146 483 Cum
2177 428 2508 484 Demetrius
2540 430 2845 487 Tornicius
2871 432 3054 488 vitam
3084 431 3335 499 ﬁnisset,
3378 436 3659 505 essetque

1996 515 2430 573 Thessalonicae
2456 534 2716 590 magnus
2738 519 3122 589 domesticus,
3154 520 3315 577 ﬁlius
3336 537 3480 578 vero
3500 520 3659 578 illius

1995 605 2240 662 Michael
2270 605 2531 663 Melenici
2560 611 2617 665 et
2646 608 2852 671 Serris,
2885 609 3127 668 Michael
3162 614 3470 684 comperta
3507 613 3659 667 Tor-

1994 693 2132 751 nicii
2155 699 2364 763 morte,
2390 710 2548 766 aegre
2576 712 2705 753 rem
2735 697 2888 768 tulit,
2911 698 3181 771 tristique
3208 716 3280 755 ac
3306 699 3477 756 vultu
3522 704 3654 756 tur-

1994 783 2301 841 bationem
2328 800 2451 858 prae
2480 801 2542 841 se
2579 785 2775 843 ferens
2805 786 3252 860 alloquentibus
3309 788 3653 845 videbatur.

1992 874 2295 930 Tornicius
2317 874 2478 931 enim
2499 876 2705 946 magni
2735 876 3047 934 domestici
3069 876 3495 934 consobrinam
3526 894 3655 934 ma—

1993 961 2270 1020 trimonio
2302 964 2413 1020 sibi
2440 965 2742 1037 junxerat.
2775 968 2845 1023 Ut
2867 966 2927 1023 in
2956 966 3049 1023 his
3074 966 3202 1023 ﬁeri
3230 971 3417 1033 amat,
3449 983 3481 1024 e
3537 970 3656 1024 Me-

1990 1050 2183 1110 lenico
2202 1053 2532 1126 quispiam,
2558 1054 2742 1111 alium
2767 1055 3014 1128 quidem
3034 1056 3279 1112 nomine
3463 1056 3648 1112 inter-

1990 1142 2219 1211 rogavit
2233 1165 2259 1195 ε
2276 1158 2546 1216 quanam
2558 1143 2633 1200 de
2645 1160 2824 1201 causa
2844 1146 2887 1216 1
2898 1146 2954 1217 0
2968 1147 3010 1216 1
3032 1144 3276 1201 Michael
3306 1148 3649 1203 Comnenus

1990 1246 2119 1286 sese
2150 1231 2336 1288 animi
2376 1232 2559 1289 tristis
2582 1238 2845 1304 angeret.
2870 1255 2900 1285 »
2935 1234 3030 1292 Ille
3062 1236 3345 1308 (namque
3393 1250 3646 1292 causam

1990 1319 2213 1390 optime
2232 1320 2528 1392 callebat),
2552 1323 2916 1394 «Tornicius,
2942 1344 2971 1373 ››
2995 1323 3094 1395 ait,
3118 1345 3147 1373 «
3170 1326 3501 1380 Demetrius
3522 1322 3645 1381 fato

1988 1406 2364 1471 functus'est.
2403 1411 2509 1484 qui
2534 1426 2673 1466 eum
2696 1412 3040 1484 propinqua
3103 1412 3457 1483 cognatione
3502 1428 3641 1470 con-

1987 1497 2255 1568 tingebat
2281 1503 2338 1556 et
2366 1516 2459 1556 res
2487 1500 2758 1573 publicas
2798 1500 3279 1571 administrabat,
3325 1507 3642 1576 propterea

1986 1594 2177 1646 morte
2205 1589 2361 1645 illius
2390 1588 2570 1645 tristis
2602 1595 2712 1647 est.
2742 1612 2771 1641 »
2806 1589 3010 1657 Allius,
3037 1612 3065 1641 ι(
3092 1593 3220 1647 Non
3245 1592 3361 1647 hoc
3388 1592 3533 1648 mihi
3558 1593 3642 1650 ita

277 1675 442 1745 δοκεῖ,
474 1684 700 1752 »φησίνσ
733 1700 762 1728 (ι
795 1675 919 1731 ούδὶ
971 1680 1074 1751 γὰρ
1141 1673 1235 1730 διὰ
1289 1681 1541 1751 Τορνίκην
1589 1676 1754 1739 οὕτως
1814 1679 1876 1729 ἄν

1988 1696 2051 1737 se
2073 1679 2294 1737 habere
2324 1679 2555 1737 videtur
2588 1697 2601 1736 :
2630 1695 2826 1754 neque
2842 1680 2999 1736 enim
3018 1685 3262 1754 propter
3298 1681 3640 1738 Tornicium

272 1765 532 1842 ἠδημόνει
574 1773 665 1821 καὶ
740 1767 1027 1841 ἤσχαλλεν.
1104 1766 1245 1820 Ἀλλ’
1295 1768 1359 1827 ὡς
1426 1769 1604 1828 ῖοικεν.
1655 1765 1738 1819 ἐπὶ
1802 1775 1874 1838 τῷ

271 1863 524 1931 κρείττονι
579 1856 769 1910 ἐκείνου
849 1863 999 1909 τοῦτο
1058 1854 1373 1928 συμϐέϐηκε,
1442 1860 1544 1908 Καὶ
1596 1855 1641 1908 εἰ
1695 1862 1871 1923 τοῦτο,

272 1954 362 2019 φεῦ
428 1949 574 2020 ἡμῖν·
628 1945 675 1998 έν
715 1949 817 2019 γὰρ
894 1952 1164 2020 ταραχαῖς
1230 1949 1320 1997 καὶ
1387 1943 1674 2016 ὀχλήσεσιν
1724 1940 1873 2005 αὖθις

268 2041 573 2107 γενήσονται
633 2038 698 2088 τὰ
738 2037 983 2110 ἡμέτερα,
1083 2037 1525 2108 κατεστορεσμένα
1574 2040 1661 2085 νῦν
1707 2033 1872 2096 καλῶς

269 2129 360 2177 καὶ
388 2124 460 2186 εἰς
490 2123 774 2198 ἀταραξίαν
800 2124 1106 2183 ἐληλυθότα.
1136 2141 1167 2176 ›
1190 2123 1258 2176 Ἤ
1292 2119 1343 2175 δ’
1388 2118 1555 2185 οὗτος,
1612 2143 1641 2172 ‹‹
1708 2121 1867 2191 Ἀλλ’,

269 2212 310 2264 ὧ
341 2212 502 2284 φίλος,
557 2219 646 2266 καί
688 2213 733 2266 εἰ
791 2220 1020 2265 τοιοῦτον
1079 2211 1282 2279 ξυνέϐη,
1358 2232 1448 2264 και
1499 2210 1631 2264 ούτω
1680 2207 1748 2269 δὴ
1810 2211 1867 2264 ού

267 2310 438 2364 κακῶς
465 2305 533 2355 τὰ
560 2302 680 2355 καθ’
709 2303 849 2375 ἡμᾶς
882 2301 1077 2364 ἕξουσι.
1135 2305 1236 2354 Kui
1291 2302 1392 2373 γὰρ
1440 2301 1466 2352 6
1512 2304 1672 2373 μέγας
1711 2296 1866 2373 δομέ-

270 2409 449 2452 στικος
502 2390 549 2443 έν
632 2390 994 2449 Θεσσαλονίκη
1070 2386 1245 2461 διάγει
1319 2391 1637 2462 ἡγεμονεύων
1680 2389 1865 2459 αύτῆς,

267 2484 357 2532 καὶ
387 2482 570 2533 οὐτοσὶ
603 2476 706 2533 δὶό
741 2484 1005 2553 Κομνηνὸς
1032 2479 1255 2553 Μιχαὴλ
1284 2481 1309 2532 ό
1364 2481 1550 2531 τούτου
1608 2481 1717 2541 υἱός
1772 2483 1867 2538 τὴν

265 2576 369 2620 τῶν
423 2570 680 2643 ἡμετέρων
760 2590 951 2642 χωρων
1038 2566 1269 2641 διεξάγει
1343 2564 1677 2641 κηδεμονίαν.
1744 2568 1867 2623 ’Υπό

261 2660 514 2710 τοιούτων
573 2666 696 2730 γοῦν
752 2664 1012 2732 μεγίστων
1105 2655 1310 2733 ἀνδρῶν
1401 2655 1868 2732 διακυϐερνώμενοι

258 2745 353 2798 ούκ
381 2744 589 2800 ἆνποτε
641 2753 895 2821 κοσμικόν
958 2745 1243 2801 κλυδώνιον
1318 2746 1541 2823 ἴδοιμεν,
1598 2750 1760 2813 ἄλλως
1815 2770 1868 2803 τε

255 2841 349 2889 καὶ
379 2838 408 2895 ἠ
439 2844 531 2889 τοῦ
566 2837 861 2913 Βουλγάρου
901 2838 1226 2911 Καλλιμάνου
1277 2837 1471 2913 ἁδελφή
1518 2841 1598 2913 (4)
1652 2844 1863 2917 Θάμαρ,

256 2924 396 2988 ἄζυξ
422 2928 496 2978 ἔτι
544 2926 785 2996 τελοῦσα,
841 2929 914 2990 εἰς
977 2931 1148 3003 γάμου
1201 2936 1464 2983 κοινωνίαν
1517 2930 1727 2993 ξυνελθη
1795 2938 1866 3002 τῷ

1983 1765 2067 1822 ita
2099 1765 2325 1823 doleret
2355 1766 2854 1841 aﬂligereturque.
2890 1768 3005 1825 Sed
3037 1773 3100 1825 ut
3146 1773 3418 1841 apparet,
3450 1769 3514 1825 id
3578 1770 3640 1827 in

1981 1857 2196 1913 melius
2226 1856 2307 1913 illi
2335 1858 2601 1929 contigit.
2632 1858 2856 1924 Quodsi
2884 1858 3000 1915 hoc
3030 1858 3225 1931 fuerit,
3264 1876 3355 1917 vas
3412 1860 3590 1918 nobis
3622 1878 3637 1918 :

1980 1962 2187 2003 rursus
2199 1947 2360 2003 enim
2382 1963 2477 2003 res
2496 1952 2717 2004 nostrae
2734 1948 3095 2021 perturbatae
3112 1948 3173 2005 in
3186 1964 3412 2020 magna
3430 1949 3640 2007 confu-

1981 2036 2147 2093 sione
2165 2041 2453 2109 motuque
2476 2042 2670 2103 erunt,
2701 2053 2838 2110 qua:
2876 2052 3039 2093 nunc
3072 2036 3291 2096 sedata)
3315 2054 3386 2094 ac
3412 2040 3639 2111 optime

1978 2126 2380 2200 tranquillataa
2408 2131 2757 2185 cernuntur.
2808 2148 2837 2177 »
2867 2130 3029 2184 Tunc
3086 2127 3239 2185 alius
3300 2129 3632 2202 respondit,

1978 2237 2007 2266 α
2034 2216 2169 2283 Sed,
2191 2232 2227 2272 o
2259 2232 2467 2272 carum
2489 2219 2689 2288 caput,
2730 2215 2864 2273 licet
2882 2220 3085 2273 tamen
3105 2216 3167 2272 id
3186 2216 3488 2285 acciderit,
3511 2232 3637 2275 non

1974 2303 2112 2361 ideo
2133 2321 2229 2361 res
2259 2309 2483 2362 nostra
2511 2304 2668 2361 male
2700 2321 2765 2361 se
2792 2304 3123 2362 habebunt.
3177 2309 3450 2379 Namque
3505 2323 3632 2366 ma-

1976 2411 2131 2465 gnus
2152 2394 2513 2451 domesticus
2530 2394 2962 2451 Thessalonica:
2978 2394 3206 2464 degens
3226 2395 3391 2452 illam
3418 2396 3632 2454 mode-

1974 2488 2158 2541 ratur.
2194 2487 2256 2541 Et
2272 2484 2368 2541 hic
2398 2484 2525 2557 ipse
2557 2484 2895 2540 Comnenus
2926 2484 3192 2553 Michael,
3237 2484 3393 2541 illius
3446 2484 3631 2556 ﬁlius,

1975 2575 2193 2630 nostris
2206 2573 2452 2630 urbibus
2471 2590 2717 2647 operam
2731 2577 2983 2647 praestat.
3030 2573 3121 2630 Ab
3141 2574 3233 2630 his
3254 2574 3456 2648 itaque
3467 2575 3629 2641 viris,

1976 2664 2172 2737 iisque
2189 2662 2647 2735 maximis,!dum
2663 2663 3087 2734 gubernamur,
3106 2679 3418 2736 nunquam
3428 2664 3634 2739 aliqua

1978 2757 2327 2825 tempestate
2348 2751 2564 2824 jactari
2600 2751 2950 2825 poterimus.
2982 2753 3273 2809 Praeterea
3321 2753 3636 2811 Callimani

1976 2842 2217 2913 Bulgari
2230 2858 2399 2898 soror
2423 2840 2863 2911 Thamar,nulli
2894 2844 3103 2912 nupta,
3120 2842 3507 2898 matrimonio
3530 2843 3633 2898 Mi-

1976 2932 2166 2988 chaeli
2198 2934 2503 2989 Comneno
2528 2931 2832 3002 jungetur.
2860 2930 2930 2986 Et
2963 2930 3047 2985 sic
3074 2929 3227 2985 inter
3256 2945 3369 2985 nos
3406 2946 3476 2988 ac
3508 2930 3636 2987 Bul-

262 3020 515 3087 Κομνηνῷ
554 3016 798 3089 Μιχαὴλ,
840 3022 930 3071 καὶ
981 3023 1293 3090 γενήσονται
1339 3018 1539 3073 σποδαὶ
1599 3024 1757 3092 μέσον
1813 3038 1868 3072 τε

1977 3037 2153 3094 garos
2173 3036 2292 3094 pax
2317 3019 2749 3076 conciliabitur.
2785 3041 2814 3069 ι)
2841 3018 2979 3074 Haec
3008 3017 3088 3074 ab
3114 3018 3229 3073 illis
3278 3018 3471 3075 inscio
3531 3020 3635 3077 Mi-

257 3105 409 3177 ἠμῶν
438 3110 526 3158 καὶ
562 3107 887 3182 Βουλγάρων.
952 3130 972 3157 ι
1034 3115 1214 3161 Ταῦτα
1263 3105 1330 3169 δὴ
1386 3109 1689 3169 λελάληνται
1742 3114 1865 3183 παρ’

256 3193 452 3260 αὐτῶν,
487 3192 654 3268 μηδεν
681 3193 885 3258 εἰδότος
912 3206 1005 3251 τοῦ
1037 3205 1304 3272 Κομνηνοῦ
1341 3201 1576 3272 Μιχαὴλ.
1636 3203 1865 3276 Θάτερος

254 3279 346 3335 οὖν
384 3292 494 3336 τοῖν
525 3280 672 3337 δυοῖν
702 3284 922 3339 έπελθὼν
980 3292 1112 3363 πρὸς
1165 3292 1250 3341 τόν
1302 3289 1564 3363 εἰρημένον
1618 3290 1866 3362 Μαγκλα-

254 3371 408 3430 ϐίτην
441 3372 736 3446 ἀνήγγειλεν
802 3375 943 3446 αύτῷ
1008 3381 1074 3430 τὰ
1124 3387 1361 3447 τοιαῦτα,
1416 3381 1441 3431 6
1505 3376 1564 3433 δὲ
1620 3377 1864 3453 ἀνήνεγκε

249 3470 327 3533 τῷ
360 3460 590 3536 βασιλεῖ.
627 3467 1050 3537 Κατασχεθέντες
1093 3468 1180 3519 οὖν
1212 3474 1305 3521 καὶ
1358 3469 1515 3541 ἄμφω
1564 3470 1862 3544 ἠρώτηνται

251 3556 373 3626 περὶ
401 3560 499 3604 τῶν
551 3551 877 3627 λελεγμένων,
932 3555 990 3608 Ὀ
1042 3560 1132 3629 μέν
1186 3558 1273 3609 όῦν
1347 3562 1649 3631 κατηγόρει,
1707 3560 1859 3612 θάτε-

246 3659 340 3714 ρος
373 3637 433 3693 δὲ
457 3641 903 3715 ύπεραπελογεῖτο.
932 3643 1156 3717 ’Ἐφησεν
1188 3642 1295 3713 οὖν,
1349 3650 1413 3708 ὡς
1476 3646 1710 3709 Ἀληθῶς
1768 3651 1859 3719 μὶν

246 3730 435 3782 οὑτοσὶ
477 3730 685 3804 εἰρήκει,
745 3732 869 3809 παρ’
952 3733 1076 3807 ἐμοῦ
1129 3738 1229 3810 γὰρ
1300 3733 1538 3795 ἀκήκοεν·
1599 3735 1706 3788 ἀλλ’
1766 3736 1859 3789 ούκ

248 3814 460 3877 εἰδήσει
510 3840 601 3893 μοι
650 3824 851 3892 εῖρηται
906 3831 998 3875 τοῦ
1059 3830 1351 3897 Κομνηνοῦ,
1405 3825 1514 3878 ἀλλ’
1568 3825 1621 3889 ἐξ
1672 3826 1857 3880 ἑαυτοῦ

247 3911 374 3970 τούς
425 3907 608 3980 λόγους
658 3913 879 3973 τούτους
933 3918 1249 3986 προήνεγκα.
1327 3915 1677 3987 Ἠναγκάζετο
1733 3922 1856 3988 γοῦν

246 4001 372 4070 περὶ
432 4000 635 4050 τούτου·
695 3997 808 4053 ὁδε
863 4002 1064 4075 ἠρνεῖτο
1110 4003 1356 4067 καθάπαξ
1414 4009 1486 4077 μὴ
1547 4000 1738 4058 εἰδέναι
1806 4025 1857 4057 τι

247 4090 369 4159 περὶ
396 4089 580 4140 τούτου
611 4092 669 4141 τό
725 4090 936 4142 σύνολον
997 4093 1084 4144 τόν
1136 4096 1401 4165 Κομνηνόν
1457 4094 1698 4166 Μιχαὴλ.
1751 4094 1858 4149 Ἐνο

247 4177 439 4228 ταῦθεν
470 4177 785 4252 ηὐτρέπιστο
824 4183 1027 4243 τούτοις
1097 4189 1443 4257 στρατιωτική
1507 4203 1587 4245 τις
1644 4181 1855 4238 ἀποδει-

247 4264 353 4333 ξις,
386 4262 490 4317 ἐπεὶ
520 4271 592 4339 μὴ
622 4268 865 4343 ὑπῆρχον
912 4272 960 4321 οί
989 4280 1387 4346 μαρτυροῦντες,
1418 4274 1448 4331 ἡ
1521 4269 1615 4326 διὰ
1668 4276 1856 4346 μάχης

247 4351 635 4430 διάπειρα
684 4358 1045 4418 Ὠπλίσθησαν
1085 4358 1143 4413 οὗ
1233 4368 1321 4415 xui
1380 4365 1554 4437 ἄμφω,
1616 4364 1852 4423 εἰσῆλθον

246 4443 322 4506 εἰς
350 4447 408 4496 τό
436 4442 673 4511 στάδιον,
716 4447 986 4511 ξυνέϐαλον
1044 4448 1297 4516 ἀλλήλοις,
1348 4452 1437 4525 [Ρ.
1498 4454 1582 4525 52]
1633 4458 1718 4506 καὶ
1778 4473 1855 4507 νε-

243 4535 463 4590 νίκηται
493 4536 518 4587 6
550 4541 1078 4611 κατηγορορούμενος,
1112 4538 1366 4615 ἀπερρίφη
1436 4561 1488 4593 τε
1527 4549 1617 4594 τοῦ
1665 4545 1850 4610 ἵππου,

242 4626 339 4673 καὶ
392 4627 486 4681 τὴν
538 4634 765 4677 νικῶσαν
817 4628 843 4678 6
900 4633 1185 4702 κατήγορος
1242 4632 1486 4702 ἔσχηκεν.
1544 4630 1855 4703 Συλληφθεὶς

244 4706 337 4762 οὖν
370 4710 502 4775 ζωος
533 4710 678 4777 (ούδε
710 4717 811 4789 γὰρ
842 4720 1053 4791 καιρίαν
1093 4722 1359 4792 τέτρωται)
1399 4723 1489 4771 καὶ
1528 4719 1674 4781 αὖθις
1711 4720 1855 4794 ἠρώ-

1680 4807 1736 4861 Ὀ
1796 4805 1854 4862 δὲ

245 4900 339 4945 τοῦ
370 4897 621 4968 προτέρου
645 4894 800 4966 λόγου
831 4894 1118 4967 ἀντείχετο,
1143 4903 1231 4950 καὶ
1281 4894 1414 4970 μηδ’
1473 4898 1604 4961 ὅλως
1660 4896 1854 4952 εἰδέναι

243 5001 298 5035 τι
328 4984 415 5034 τὸν
449 4987 708 5056 Κομνηνὸν
738 4981 1112 5061 διεμαρτύρετο
1162 4987 1404 5058 Μιχαὴλ.
1462 4987 1606 5041 Ἐπεὶ
1651 4984 1711 5042 δὲ
1760 4984 1854 5042 διὰ

242 4820 423 4868 τηται,
473 4805 541 4864 ὡς
590 4804 650 4854 ἄν
681 4804 1090 4877 καθομολγησειε
1185 4811 1279 4865 τὴν
1340 4807 1601 4867 ἀλήθειαν.

1976 3108 2180 3165 chaele
2197 3108 2504 3163 Comneno
2525 3107 2686 3162 dicta
2708 3109 2866 3161 sunt.
2885 3110 2956 3161 At
2976 3121 3136 3161 unus
3159 3121 3231 3161 ex
3253 3104 3348 3161 his
3378 3106 3632 3164 Hancla-

1972 3201 2105 3256 vitae
2144 3198 2443 3270 colloquia
2466 3197 2618 3253 inter
2643 3212 2705 3251 se
2734 3195 2879 3252 inita
2918 3194 3128 3253 refert:
3161 3195 3257 3253 ille
3285 3190 3631 3269 imperatOri

1972 3288 2306 3345 denuntiat.
2329 3285 2806 3358 Comprehensus
2827 3288 3077 3358 uterque
3106 3284 3181 3341 de
3207 3284 3279 3341 iis
3298 3301 3436 3359 quae
3466 3286 3628 3343 dixe-

1970 3382 2106 3433 rant
2116 3376 2559 3446 interrogantur
2570 3417 2584 3430 .
2605 3377 2670 3429 Et
2683 3389 2838 3429 unus
2850 3373 3096 3446 quidem
3111 3374 3455 3445 accusabat,
3471 3374 3624 3432 alius

1969 3465 2376 3539 respondebat
2409 3487 2429 3514 ι
2473 3468 2887 3520 accusatorem
2919 3479 3060 3520 vera
3084 3464 3393 3521 enuntiare
3420 3482 3434 3521 :
3468 3481 3622 3523 ame

1969 3557 2132 3613 enim
2163 3554 2372 3612 audiit.
2405 3555 2621 3610 Verum
2646 3568 2717 3609 ea
2736 3553 2926 3610 inscio
2954 3554 3125 3626 102
3148 3556 3453 3612 Comneno
3474 3554 3621 3613 effa-

1968 3652 2064 3703 tus
2104 3663 2256 3718 sum,
2288 3661 2426 3701 cum
2448 3660 2520 3701 ex
2547 3644 2905 3717 memetipso
2925 3644 3112 3702 verba
3130 3644 3232 3702 illa
3247 3645 3617 3718 protulerim.

1969 3736 2302 3806 Cogebatur
2322 3734 2416 3791 ille
2441 3738 2506 3790 ut
2528 3734 2642 3790 hoc
2662 3734 2970 3791 indicaret.
2999 3737 3213 3791 Verum
3235 3735 3329 3793 ille
3361 3735 3624 3807 negabat

1966 3826 2194 3899 aliquid
2212 3825 2461 3882 omnino
2483 3824 2556 3880 de
2573 3840 2645 3881 eo
2666 3823 3008 3881 Michaelem
3032 3825 3179 3881 scire
3219 3826 3617 3884 Comnenum.

1967 3916 2111 3972 Hinc
2132 3914 2403 3970 militaris
2425 3912 2722 3985 probatio,
2774 3930 2913 3969 cum
2970 3913 3314 3970 testimonia
3364 3914 3621 3971 aliorum

1965 4004 2467 4073 desiderarentur,
2492 4006 2884 4076 praeparatur,
2952 4018 3057 4075 per
3130 4017 3350 4075 pugnas
3403 4002 3624 4061 scilicet

1965 4095 2462 4166 experimentum.
2483 4091 2680 4148 Ambo
2698 4092 2899 4165 itaque
2922 4095 3251 4162 armantur,
3272 4090 3335 4148 in
3356 4090 3621 4149 stadium

1963 4184 2204 4253 intrant,
2239 4180 2571 4251 conﬂigunt
2590 4180 2868 4247 invicem,
2893 4184 2948 4237 et
2974 4184 3291 4237 accusatus
3339 4179 3619 4252 vincitur,

1962 4273 2066 4346 qui
2098 4288 2255 4345 equo
2284 4270 2552 4342 dejectus
2577 4269 2891 4327 victoriam
2918 4268 3250 4326 accusatori
3298 4269 3617 4328 concessit.

1964 4362 2124 4418 Idem
2151 4362 2325 4418 vivus
2357 4360 2825 4433 comprehensus
2850 4361 3066 4432 (neque
3091 4359 3253 4416 enim
3279 4360 3438 4418 letali
3483 4360 3617 4417 vul-

1960 4468 2101 4507 nere
2132 4468 2344 4508 vocem
2374 4451 2679 4519 amiserat)
2710 4451 2923 4506 iterum
2947 4450 3361 4524 interrogatur,
3405 4456 3471 4509 ut
3492 4468 3618 4509 rem

1960 4540 2261 4597 fateretur.
2293 4540 2389 4596 Ille
2410 4540 2673 4613 primum
2701 4555 3042 4596 sermonem
3081 4539 3377 4597 obstinate
3430 4542 3617 4598 conti-

1960 4631 2206 4700 nuabat,
2240 4636 2297 4686 et
2325 4629 2471 4685 nihil
2498 4630 2716 4687 horum
2741 4627 3082 4686 Michaelem
3114 4630 3488 4686 Comnenum
3535 4634 3617 4687 te-

1959 4735 2101 4776 nere
2149 4719 2614 4776 contestabatur.
2662 4720 2808 4774 Cum
2850 4734 2992 4774 vero
3043 4718 3437 4774 atrocioribus
3488 4723 3614 4775 tor-

1961 4809 2177 4865 mentis
2232 4808 2543 4864 veritatem
2585 4806 3065 4879 extorquendam
3113 4822 3246 4862 esse
3305 4806 3613 4865 statuisset

1960 4897 2303 4970 imperator,
2329 4895 2852 4969 quemadmodum
2897 4894 2992 4950 ille
3054 4894 3426 4951 accuratiora
3479 4895 3613 4951 vitea

1961 4986 2242 5044 examina
2269 4985 2558 5059 poscebat
2580 4983 2958 5057 questionem
3012 4982 3256 5052 homini,
3312 4999 3450 5057 quas
3506 5000 3615 5059 per

1142 5128 1483 5197 Theodori
1532 5131 1783 5199 Dousa:
1832 5139 1898 5199 et
1942 5130 2196 5200 Leonis
2246 5127 2480 5197 Allatii
2526 5134 2729 5196 notae.

1945 5289 2083 5329 rum
2136 5272 2402 5330 candens
2458 5270 2594 5328 vide
2641 5268 3019 5327 doctissimas
3084 5272 3142 5329 et
3178 5271 3611 5331 eruditissimas

1948 5344 2174 5402 Martini
2207 5344 2376 5400 Delrii
2407 5343 2875 5408 dissertationes,
2901 5341 2993 5414 {et
3023 5342 3251 5401 Sixtum
3283 5346 3610 5401 Senensem

1953 5417 2239 5474 Biblioth.
2272 5416 2354 5471 lib
2378 5432 2437 5481 ll,
2467 5416 2527 5470 in
2550 5414 2690 5471 fine.
2726 5414 2877 5471 Sunt
2924 5431 2960 5470 a
3028 5417 3214 5472 sacris
3272 5415 3608 5473 canonibus

1951 5487 2255 5546 damnata:
2269 5487 2661 5545 etinterdictm
2679 5486 2792 5544 sub
2813 5485 3011 5560 poenis
3032 5487 3429 5559 gravissimis.
3465 5491 3605 5545 ALL.

317 5268 398 5345 (b)_
426 5268 752 5343 Καλλιμάνου
774 5267 990 5345 ᾁδιλφὴ.
1026 5270 1468 5345 Pachymerius,
1512 5277 1577 5345 ut
1634 5288 1837 5345 supra,

241 5356 368 5417 non
384 5340 568 5417 hasce
577 5340 712 5417 cum
727 5340 1323 5417 'Al‘bamarepallirhani
1340 5340 1560 5399 sororis
1573 5340 1838 5417 nuptias,

244 5411 351 5467 sed
375 5427 513 5488 cum
536 5412 655 5468 tilia
676 5414 968 5488 Michaelis
994 5413 1258 5488 despotic
1281 5420 1504 5488 secreta
1536 5411 1844 5488 sponsalia

244 5483 648 5557 suspicionem
666 5484 919 5541 affectati
944 5483 1177 5557 imperii
1207 5483 1670 5542 movissetradit.
1704 5491 1840 5544 ALL.

320 5554 401 5627 (5)
431 5557 510 5612 De
540 5556 1000 5631 purgationibus
1025 5554 1132 5631 per
1152 5558 1641 5617 monomachiam
1662 5563 1718 5616 et
1736 5558 1847 5615 fer-
