4084 6212
472 287 605 344 1111

1752 280 2034 339 GEORGII
2065 281 2515 340 ACROPOLI'UE

3714 286 3853 341 1112

471 413 730 470 mortem
753 407 1020 479 infertur,
1041 406 1312 463 instituit.
1333 409 1537 464 Manus
1557 409 1713 464 retro
1744 410 2129 467 condemnati
2163 450 2172 467 ε

2264 410 2471 472 πλείονος
2502 408 2739 483 βασάνου
2787 405 2961 472 ἔδοξεν
3028 408 3306 482 ἐπιγνῶναι
3364 410 3453 464 τόν
3510 407 3741 485 βασιλέα
3793 413 3854 463 τό

474 503 731 572 alligatae
759 500 1017 567 fuerunt,
1060 501 1126 553 ut
1151 512 1291 552 ense
1323 497 1558 570 periret,
1616 499 1773 555 oculi
1830 499 2010 556 linteo
2042 501 2132 556 in-

466 592 716 649 volucro
749 588 1124 661 operiuntur.
1162 588 1253 643 Sic
1292 588 1451 643 enim
1500 590 1884 647 condemnati
1940 590 2133 646 solent

472 680 739 739 construi
772 682 829 734 et
859 678 1043 733 ictum
1073 678 1235 732 necis
1259 677 1555 750 excipere.
1593 679 1693 734 His
1722 680 1805 735 ita
1854 680 2130 752 peractis,

474 774 532 827 et
560 770 816 835 vinctus,
844 771 909 822 ut
932 766 1217 821 cervicem
1245 766 1323 821 ad
1355 773 1536 839 caput
1575 769 2018 841 amputandum
2051 784 2138 824 re-

476 859 722 915 clinaret
728 856 938 928 jussus
957 856 1156 910 denuo
1179 856 1253 910 de
1275 856 1346 910 iis
1380 873 1515 930 quae
1547 857 1607 911 in
1635 857 1943 930 questione
1971 860 2138 913 erant

480 948 839 1022 exposcitur.
858 946 954 1001 Ille
964 945 1359 1017 jurejurando
1378 947 1555 1003 etiam
1582 953 1962 1004 sacrosancto
1994 963 2137 1004 con-

478 1038 743 1096 ﬁrmavit
768 1036 914 1092 nihil
942 1036 1238 1091 ullatenus
1269 1036 1487 1091 horum
1527 1038 1836 1093 conscium
1878 1054 2005 1093 esse
2039 1039 2139 1092 Mi-

481 1128 751 1185 chaelem
784 1128 1177 1183 Comnenum.
1205 1125 1313 1191 Qui
1344 1127 1757 1197 postmodum,
1811 1127 1948 1183 licet
2016 1141 2141 1181 non

480 1233 674 1273 caesus
728 1215 856 1286 fuit,
912 1215 973 1270 in
1022 1230 1321 1270 carcerem
1372 1215 1668 1270 abductus
1737 1220 1845 1283 est,
1897 1231 2145 1288 compe~

480 1306 661 1363 dibus
698 1321 767 1361 ac
806 1304 1055 1359 vinculis
1091 1304 1465 1360 constrictus.
1513 1306 1682 1376 103
1711 1307 1996 1362 Universa
2019 1310 2145 1361 tan-

480 1397 620 1453 dem
637 1394 889 1468 quaestio
902 1394 959 1449 in
974 1394 1313 1450 Michaelem
1331 1396 1699 1449 Comnenum
1712 1410 2001 1450 conversa
2030 1398 2142 1471 est,

481 1486 786 1556 etjudices
807 1483 883 1538 ad
904 1482 961 1537 id
977 1482 1255 1537 destinati
1278 1483 1355 1538 illi
1384 1483 1691 1539 dicebant:
1721 1506 1748 1531 ‹‹
1774 1484 2027 1548 Quando
2055 1485 2093 1539 d
2113 1501 2143 1540 e

483 1577 537 1629 te
569 1588 873 1628 sermones
911 1571 1155 1642 quidem
1185 1571 1349 1626 haud
1381 1572 1755 1644 comprobati
1802 1573 2151 1628 referuntur

483 1678 521 1720 a
557 1667 614 1718 te
644 1660 776 1717 illos
808 1659 1085 1716 mirando
1110 1660 1315 1733 aliquo
1338 1660 1602 1717 facinore
1640 1661 1997 1717 refellendos
2019 1677 2151 1717 esse

2244 499 2450 563 ἀληθὲς,
2508 500 2615 560 οἷος
2701 497 2885 559 ἐκεῖνος
2963 501 3054 560 τὰς
3129 499 3384 563 ἐξετάσεις
3480 498 3858 575 ἀκριϐεστέρας

2241 592 2564 662 ποιούμενος,
2597 591 2684 640 τὸν
2721 584 2815 641 διὰ
2860 590 3082 641 θανάτου
3115 594 3344 661 επὴγανγε
3392 598 3465 661 τῷ
3512 585 3671 663 ἀνδρὶ
3724 588 3862 660 ἑλεν-

2243 699 2361 752 χον.
2388 674 2655 731 Ἐδέδεντο
2709 685 2833 750 γοῦν
2882 680 2936 730 αἱ
2986 685 3159 753 χεῖρες
3225 680 3438 732 ὄπισθεν
3489 686 3581 731 τοῦ
3639 675 3862 730 καταδι-

2245 769 2522 827 κασθέντος
2553 767 2731 840 ξίφους
2756 770 2904 840 ἔργον
2934 770 3194 840 γενέσθαι,
3249 771 3297 821 οἱ
3329 765 3379 821 δ’
3421 767 3677 840 ὀφθαλμοὶ
3732 766 3861 839 λινῷ

2245 859 2517 931 ὑφάσματι
2561 856 2947 930 έκαλύφθησαν·
2983 859 3146 912 ούτων
3175 861 3276 935 γὰρ
3336 860 3480 912 εἴωθε
3532 862 3654 920 τοὺς
3704 877 3866 910 κατα-

2247 951 2454 1021 κρίτους
2511 943 2956 1010 διασκευάξεσθαι
3009 953 3099 1001 καὶ
3165 953 3260 1006 τὴν
3312 947 3516 1019 πληγὴν
3569 946 3856 1019 λαμϐάνειν

2246 1046 2340 1099 τῆς
2369 1035 2697 1112 ἀναιρέσεως.
2728 1035 2817 1099 Ὠς
2844 1045 2966 1109 γοῦν
3021 1042 3110 1091 καὶ
3157 1037 3326 1091 ταῦτα
3380 1040 3576 1092 οὑτωσὶ
3638 1041 3866 1109 γένοιτο,

2249 1128 2389 1179 καὶὸ
2424 1122 2700 1197 δεσμώτης
2728 1126 2894 1178 κλῖναι
2945 1130 3031 1179 τὸν
3088 1127 3289 1199 αύχένα
3340 1130 3730 1202 προσ-τέτακται
3783 1124 3871 1177 ἱνα

2254 1213 2470 1278 δέξηται
2498 1223 2592 1276 τῆς
2620 1217 2786 1290 κάρας
2815 1220 2910 1273 τὴν
2940 1218 3182 1289 ἐκτομὴν,
3242 1221 3332 1269 καὶ
3378 1215 3533 1269 πάλιν
3584 1220 3708 1289 περὶ
3770 1223 3871 1267 τῶν

2258 1307 2582 1376 ζητουμένων
2614 1304 2900 1377 ἠρώτηται,
2935 1306 2961 1356 6
2993 1301 3052 1358 δι
3108 1304 3219 1378 μεθ’
3273 1307 3437 1381 ὅρκων
3488 1313 3719 1379 φρικτῶν
3768 1301 3871 1356 i6:-

2257 1393 2523 1445 ϐαίώσατο
2558 1390 2725 1467 μηδέν
2755 1413 2804 1446 τι
2846 1394 2974 1456 ὅλως
3024 1392 3316 1448 συνειδέναι
3368 1394 3452 1448 ἐπὶ
3513 1396 3727 1456 τούτοις
3784 1396 3873 1445 τὸν

2259 1486 2522 1556 Κομνηνόν
2577 1482 2820 1554 Μιχαὴλ,
2906 1482 3094 1548 ἐκεῖνος
3158 1487 3247 1558 μὲν
3309 1489 3405 1542 τὴν
3466 1488 3599 1558 πρὸς
3648 1485 3875 1537 θάνατον

2259 1573 2405 1629 εἰάθη
2437 1568 2676 1639 ὁδεῦσαι,
2702 1576 2794 1630 τὴν
2827 1570 2887 1625 δε
2918 1577 3049 1648 πρὸς
3099 1576 3305 1649 εἱρκτὴν
3369 1570 3602 1640 ἐϐάδισε,
3654 1578 3750 1625 καὶ
3810 1568 3881 1625 εἶ-

2259 1681 2359 1734 χον
2386 1660 2541 1713 αὐτὸν
2580 1661 2745 1714 κλοιοὶ
2765 1666 2855 1715 καὶ
2893 1663 3197 1736 καθείρξας.
3226 1662 3285 1716 Ἡ
3319 1661 3552 1726 ἐξέτασις
3613 1659 3675 1715 δέ
3731 1669 3887 1716 πᾶσα

484 1767 801 1809 necessum
825 1755 933 1816 est,
960 1750 1020 1804 id
1052 1754 1254 1806 autem
1287 1751 1395 1806 erit
1446 1767 1548 1824 per
1598 1751 1821 1807 ferrum
1880 1752 2151 1808 candens

2264 1753 2385 1825 πρὸς
2414 1753 2498 1801 τόν
2540 1753 2803 1823 Κομνηνόν
2841 1757 3129 1810 κατήντηκε
3181 1751 3425 1825 Μιχαὴλ,
3476 1756 3565 1803 καὶ
3638 1748 3708 1809 δὴ
3767 1753 3887 1822 ἔφα-

485 1840 788 1916 purgatio.
822 1860 850 1889 ››
884 1842 1031 1894 Tum
1062 1839 1156 1895 ille
1186 1841 1430 1895 veritate
1456 1841 1590 1912 ipsa
1622 1840 1804 1897 fretus
1844 1858 1855 1896 :
1887 1864 1906 1890 ι
1937 1842 1991 1897 Si
2018 1841 2153 1914 quis

488 1934 663 1998 esset,
702 1953 722 1978 ι
758 1928 1011 1993 dicebat,
1030 1951 1058 1978 «
1082 1929 1185 2001 qui
1209 1945 1303 1985 me
1323 1935 1647 2001 accusaret,
1684 1947 1822 1986 cum
1856 1946 1927 1986 eo
1948 1932 2153 2003 utique

490 2018 936 2082 contenderem,
961 2018 1458 2090 ostenderemque
1479 2035 1618 2074 eum
1642 2020 1899 2075 mentiri.
1922 2025 2152 2075 Atvero

490 2124 630 2166 cum
660 2112 978 2163 accusator
992 2107 1189 2162 nullus
1213 2108 1302 2177 sit,
1327 2108 1400 2163 de
1418 2125 1539 2180 quo
1566 2109 1803 2179 judicor
1851 2108 1879 2162 ?
1902 2111 2079 2163 Porro
2106 2113 2154 2168 si

491 2214 589 2255 me
614 2198 767 2253 mira
794 2196 968 2252 vultis
994 2196 1306 2265 conﬁcere,
1332 2213 1443 2270 ego
1472 2214 1615 2254 sane
1642 2199 1691 2253 is
1713 2214 1833 2254 non
1877 2214 2015 2253 sum
2048 2214 2149 2271 qui

490 2286 786 2344 miracula
803 2285 996 2341 facere
1011 2286 1260 2358 possim.
1282 2290 1524 2342 Ferrum
1547 2287 1814 2342 candens
1846 2286 1907 2341 in
1934 2302 2152 2343 manus

489 2376 608 2431 vivi
642 2374 904 2430 hominis
933 2374 1156 2429 cadens
1197 2376 1398 2430 nescio
1429 2391 1698 2447 quanam
1739 2375 1887 2430 illud
1922 2377 2152 2432 ratione

488 2479 709 2519 manus
739 2477 863 2517 non
889 2462 1224 2528 comburat,
1251 2463 1365 2517 nisi
1404 2463 1500 2518 ille
1532 2480 1565 2520 a
1596 2465 1802 2521 Phidia
1838 2466 1931 2521 vel
1959 2466 2152 2522 Praxi-

488 2553 601 2609 tele
627 2569 657 2607 e
684 2568 829 2608 saxo
860 2552 1094 2607 excisus
1118 2552 1211 2607 vel
1242 2568 1313 2607 ex
1340 2569 1452 2608 aere
1501 2555 1798 2611 conﬂatus
1841 2558 1914 2613 sit
1943 2582 1970 2607 ››
2021 2561 2151 2613 Haec

490 2640 610 2711 ille,
634 2646 691 2696 et
721 2640 1053 2696 admodum
1075 2640 1270 2695 hercle
1283 2642 1440 2712 juste
1453 2643 1943 2702 dicebat.Verum
1969 2648 2153 2702 enim-

493 2747 635 2788 vero
665 2748 803 2786 cum
833 2734 890 2786 et
923 2730 1454 2803 Philadelphiensis
1491 2736 1868 2807 metropolita
1928 2738 2153 2792 Phocas

495 2821 678 2878 rebus
703 2821 1031 2891 interesset,
1066 2821 1238 2876 unice
1287 2821 1635 2895 imperatori
1694 2825 1945 2881 dilectus
1998 2826 2153 2882 mul-

500 2911 700 2983 tisque
720 2909 1111 2966 humanitatis
1142 2910 1352 2966 ofﬁciis
1373 2918 1673 2985 acceptus,
1702 2916 1865 2986 quod
1890 2931 2011 2971 non
2034 2917 2154 2971 vir-

502 3004 625 3056 tute
665 3015 736 3055 ac
773 3001 1004 3066 merito,
1040 3000 1144 3055 sed
1170 3000 1575 3071 imprudentia
1604 3009 1914 3060 assecutus
1941 3004 2152 3061 fuerat.

503 3091 774 3163 Namque
806 3105 944 3145 cum
984 3088 1312 3161 aliquando
1339 3091 1413 3145 de
1451 3091 1630 3147 rebus
1672 3093 1928 3165 publicis
1955 3095 2155 3151 nescio
2192 3117 2233 3175 ρ

504 3180 650 3253 quid
669 3184 1173 3251 percunctaretur,
1188 3178 1371 3234 libere
1390 3182 1742 3237 sententiam
1758 3199 1931 3239 suam
1963 3189 2158 3239 osten-

509 3269 614 3337 dit,
636 3275 709 3335 et,
731 3291 759 3319 «
783 3269 1184 3342 Oimperator,
1203 3294 1229 3319 »
1248 3270 1459 3342 inquit,
1480 3294 1507 3319 ‹‹
1524 3272 1997 3343 quamobremin
2013 3289 2157 3346 prte-

512 3359 665 3414 Ienti
692 3374 805 3414 nos
845 3359 1129 3430 consulis,
1162 3376 1299 3415 cum
1330 3361 1456 3433 ipse
1485 3377 1723 3433 semper
1753 3377 1859 3433 per
1887 3367 1963 3428 te,
1996 3364 2160 3435 quod

505 3447 614 3505 tibi
640 3448 835 3503 visum
875 3447 1067 3519 fuerit,
1102 3464 1358 3520 peragas
1381 3450 1408 3505 ?
1438 3470 1465 3499 ››
1492 3450 1726 3506 Dixerat
1763 3451 1914 3517 hac,
1943 3456 1999 3507 et
2037 3468 2161 3508 mo-

504 3534 652 3595 leste
684 3553 829 3593 sane
860 3537 1073 3592 tulerat
1098 3538 1444 3610 imperator,
1504 3540 2000 3612 quandoquidem
2059 3556 2163 3596 eos

506 3625 1191 3698 quiadstabantsiceum
1216 3627 1542 3683 allocutum
1560 3628 1785 3685 ferunt:
1819 3652 1839 3678 ι
1858 3636 1946 3686 An
1973 3632 2163 3702 potuit

509 3730 547 3770 a
576 3714 954 3787 metropolita
975 3714 1173 3771 afferri
1198 3715 1345 3789 quid
1368 3717 1661 3773 audacius
1691 3719 1719 3772 ?
1746 3723 1802 3775 et
1853 3735 1962 3776 vos
2019 3718 2163 3774 tole-

508 3802 705 3860 rastis.
736 3826 763 3854 »
787 3806 923 3860 Post
942 3803 1186 3861 brevem
1234 3806 1447 3863 horam
1498 3807 1559 3862 in
1619 3823 1756 3863 eum
1813 3807 2164 3864 suavissime

512 3891 738 3950 effusus
761 3893 1053 3950 beneﬁcia
1074 3895 1339 3966 contulit,
1371 3901 1425 3952 et
1446 3897 1703 3953 honores
1725 3897 2165 3971 consiliumque

513 3980 589 4038 ab
611 3997 681 4037 eo
700 3981 760 4036 in
785 3981 1038 4051 negotiis
1064 3983 1434 4039 secularibus
1456 3984 1757 4057 capiebat.
1800 3987 1991 4050 Quare
2038 3990 2166 4040 tum

522 4070 696 4145 104
724 4071 894 4127 etiam
932 4072 1257 4144 imperator
1286 4077 1572 4146 tanquam
1596 4074 1864 4129 ministro
1886 4090 2029 4129 usus
2058 4078 2165 4140 est,

515 4161 882 4233 quiseorsim
907 4162 985 4217 ab
1005 4162 1135 4218 aliis
1159 4161 1533 4218 Comnenum
1556 4163 1917 4231 Michaelem,
1950 4180 2086 4219 cum
2116 4172 2173 4224 et

515 4248 643 4322 ipse
667 4266 975 4305 sermones
997 4251 1268 4307 audirem
1292 4254 1303 4286 ¹
1327 4251 1385 4305 in
1404 4252 1565 4306 hunc
1582 4252 1701 4307 fere
1742 4254 1994 4308 modum
2032 4252 2172 4308 allo-

516 4339 756 4413 quitur:
788 4361 815 4387 «
841 4339 1061 4394 Nobilis
1089 4340 1333 4411 quidem
1357 4356 1495 4395 cum
1534 4341 1749 4412 ipseeis
1778 4347 1835 4397 et
1859 4358 1930 4398 ex
1957 4343 2172 4399 nobili-

2266 1857 2387 1891 σκον
2413 1838 2553 1909 αύτῷ
2580 1839 2628 1891 οἱ
2656 1841 2804 1911 τάχα
2823 1844 3011 1913 κρίνειν
3065 1848 3241 1893 τοῦτον
3292 1839 3565 1913 λαχόντες,
3618 1842 3689 1901 ὡς
3738 1840 3886 1893 Ἐπεὶ

2262 1934 2381 2002 περὶ
2414 1937 2509 1981 σοῦ
2539 1928 2876 2003 ἀπειρημένοι
2906 1933 3039 1991 τινες
3086 1930 3389 1988 λελάληνται
3448 1930 3615 2001 λόγοι,
3677 1927 3771 1982 δεῖ
3831 1949 3886 1982 σε

2266 2013 2361 2069 διὰ
2416 2037 2555 2080 τινος
2637 2019 3055 2090 θαυματοποιίας
3134 2022 3351 2080 τούτους
3401 2017 3885 2072 ἀποσκευάσασθαι

2260 2109 2329 2158 Τὸ
2362 2102 2420 2158 δέ
2451 2103 2558 2165 ἧνὴ
2595 2102 2687 2159 διὰ
2712 2103 2917 2181 μύδρου
2959 2104 3229 2171 ἀπόδειξις
3283 2108 3385 2180 (6).
3440 2107 3498 2160 Ὀ
3531 2104 3588 2160 δι
3638 2110 3758 2180 (καὶ
3781 2110 3883 2180 γὰρ

2262 2192 2401 2267 εἶχεν
2431 2194 2735 2268 βοηθοῦσαν
2768 2195 2909 2269 αύτῷ
2948 2203 3041 2256 τὴν
3110 2196 3393 2268 ἀλήθειαν),
3442 2219 3471 2249 ιι
3537 2197 3597 2251 Εἰ
3649 2202 3747 2269 μέν
3804 2217 3884 2259 τις

2264 2282 2346 2349 ἦν,
2383 2307 2411 2335 ››
2441 2285 2626 2358 ἔλεγεν,
2664 2305 2693 2340 ‹
2725 2288 2749 2338 ὀ
2781 2289 2893 2339 κατ’
2919 2290 3043 2360 ἑμοῦ
3072 2308 3125 2340 τι
3157 2296 3480 2363 κατηγορῶν,
3540 2290 3671 2362 πρὸς
3738 2287 3880 2340 ἐκεῖ-

2260 2395 2343 2427 νον
2375 2377 2435 2427 ἄν
2472 2375 2819 2448 ἐμαχεσάμην
2876 2382 2967 2429 καὶ
3022 2373 3272 2440 ἀπέδειξα
3322 2374 3638 2448 ψεύδεσθαι·
3700 2397 3881 2434 κατη-

2259 2471 2419 2539 γόρου
2470 2462 2528 2518 δε
2603 2470 2673 2538 μὴ
2730 2471 2978 2539 παρόντος
3049 2468 3175 2541 ὑπὲρ
3214 2472 3348 2527 τίνος
3403 2471 3651 2539 κρίνομαι
3684 2467 3773 2533 ;εἱ
3824 2464 3881 2520 δε

2264 2558 2631 2629 θαυματουργῆ
2644 2559 2734 2606 σαί
2755 2574 2817 2627 με
2845 2555 3029 2624 θέλετε,
3086 2553 3193 2607 ἀλλ’
3250 2554 3348 2628 έγώ
3404 2554 3517 2619 οῦκ,
3545 2555 3652 2627 εἰμὶ
3698 2560 3879 2608 τοίοῦ-

2262 2665 2346 2706 τος
2373 2649 2507 2696 ὥστε
2573 2650 2662 2697 καὶ
2706 2649 3069 2719 τερατοποιίας
3123 2643 3463 2719 ἐργάζεσθαι.
3538 2640 3772 2717 Σίδηρος
3825 2641 3881 2696 δε

2262 2738 2747 2807 πεπυρακτωμένος,
2789 2733 2832 2785 εἰ
2885 2732 2933 2784 ἐν
2990 2737 3113 2808 χερὶ
3171 2731 3443 2807 ἀνθρώπου
3523 2735 3662 2795 ζωοῦ
3728 2734 3881 2793 οὗτος

2263 2822 2498 2896 ἐμπέσοι,
2527 2822 2618 2875 οῦκ
2646 2819 2769 2875 οἶδα
2807 2830 2918 2884 πῶς
2946 2823 3007 2874 ἄν
3056 2822 3115 2874 ού
3164 2825 3402 2874 καύσειεν
3457 2821 3642 2890 αὐτὴν,
3704 2822 3752 2874 εἰ
3807 2830 3875 2894 μη

2262 2915 2362 2964 πού
2402 2932 2481 2973 τις
2512 2911 2718 2974 ἕξεσται
2745 2918 2815 2981 τῷ
2848 2908 3033 2983 Φειδίᾳ
3070 2909 3125 2963 έκ
3161 2910 3308 2963 λίθου
3344 2912 3374 2970 ἢ
3418 2918 3490 2981 τῷ
3551 2910 3879 2983 Πραξιτέλει,

2264 3004 2295 3060 ἦ
2325 3005 2414 3053 καὶ
2440 2999 2540 3053 ἀπὸ
2571 3000 2776 3073 χαλκοῦ
2808 3007 3082 3073 εἴργασται
3109 3042 3121 3055 .
3156 3020 3184 3051 ››
3204 3000 3362 3053 Ταῦτ’
3402 2999 3562 3072 ἔλεγε,
3586 3005 3680 3053 καὶ
3710 3001 3881 3073 μάλα·

2263 3093 2322 3149 νὴ
2351 3095 2441 3148 τὴν
2479 3094 2637 3162 Θέμιν
2672 3086 2910 3152 δικαίως.
2942 3089 3084 3142 Ἐπεὶ
3134 3085 3193 3141 δε
3259 3094 3349 3141 καὶ
3403 3090 3429 3141 6
3487 3096 3578 3149 τῆς
3627 3086 3877 3142 Φιλαδελ-

2267 3184 2395 3252 φέων
2426 3180 2503 3249 (7)
2530 3178 2919 3253 μητροπολίτης
2975 3184 3157 3241 Φωκᾶς
3208 3187 3489 3253 συμπαρῆν
3548 3186 3657 3239 τοῖς
3721 3198 3877 3249 γενο-

2266 3272 2455 3342 μένοις,
2489 3267 2787 3340 φιλούμενος
2816 3270 2942 3342 πρὸς
2991 3275 3083 3319 τοῦ
3147 3266 3404 3340 βασιλέως
3457 3272 3547 3320 καὶ
3612 3269 3751 3320 πάνυ
3796 3288 3853 3339 φι

2266 3359 3022 3433 λοφρονούμενος,-πέπονθε
3077 3353 3135 3409 δι
3190 3364 3344 3409 τοῦτο
3397 3356 3489 3409 οῦκ
3553 3355 3606 3419 ἐξ
3666 3355 3876 3432 ἀρετῆς,

2269 3446 2372 3499 ἀλλ’
2410 3446 2462 3510 ἐξ
2488 3443 2771 3507 ἀναιδείας.
2815 3452 2916 3499 Καὶ
2973 3448 3076 3519 γάρ
3127 3464 3251 3499 ποτε
3303 3453 3394 3498 τοῦ
3452 3444 3715 3519 βασιλέως
3772 3466 3878 3499 πυ-

2270 3540 2482 3610 θομένου
2530 3542 2648 3612 περί
2704 3556 2841 3598 τινος
2899 3544 3001 3589 τῶν
3058 3544 3239 3588 κοινῶν
3307 3538 3655 3611 πραγμάτων,
3717 3536 3877 3610 irrup-

2266 3626 2564 3702 ῥησιάσατο
2589 3631 2700 3693 καὶ,
2734 3648 2763 3676 ‹‹
2794 3626 2865 3677 Ὠ
2894 3624 3137 3698 βασιλεῦ,
3175 3647 3196 3674 ι
3250 3627 3363 3697 ἔφη,
3448 3647 3476 3675 ‹‹
3516 3628 3661 3696 τέγος
3717 3628 3879 3700 χάριν

2270 3715 2462 3790 ἀρτίως
2499 3717 2633 3787 ἡμᾶς
2663 3714 2874 3789 έρωτᾷς,
2904 3715 3061 3775 αὐτὸς
3104 3712 3183 3767 ἀεὶ
3237 3712 3289 3777 ἐξ
3342 3713 3529 3766 ἑαυτοῦ
3580 3715 3643 3765 τὰ
3669 3710 3880 3765 δοκοῦν·

2270 3808 2337 3857 τά
2380 3824 2466 3857 σοι
2489 3801 2937 3878 διαπραττόμενος
2965 3822 2980 3871 ;
3007 3826 3036 3855 ‹‹
3094 3802 3249 3856 Ταῦτ’
3310 3799 3438 3867 εἷπε,
3488 3807 3580 3855 καὶ
3630 3806 3748 3856 τότε

2272 3897 2298 3948 ὁ
2332 3894 2579 3968 βασιλεὺς
2642 3892 3001 3965 ἐσχετλίασεν,
3056 3897 3147 3945 καί
3200 3912 3261 3965 γε
3318 3891 3508 3968 εἰρήκει
3568 3895 3704 3966 πρὸς
3762 3898 3881 3953 τοῦς

2276 3987 2823 4056 συμπαρισταμένους,
2857 4004 2886 4033 ‹‹
2917 3987 2981 4035 Τί
3028 3982 3162 4034 οὕτω
3223 3982 3539 4055 θρασύτερον
3591 3983 3616 4032 6
3683 4001 3880 4054 μητρο-

2274 4071 2485 4133 πολίτης
2524 4073 2741 4146 εἴρηκεν,
2799 4072 2943 4144 ὑμεῖς
2994 4067 3053 4124 δι
3107 4071 3480 4143 ἠνέσχεσθε;³
3537 4072 3670 4144 μετὰ
3698 4069 3882 4144 βραχὺ

2279 4158 2337 4214 δὲ
2383 4161 2691 4234 φιλοφρόνως
2764 4167 2942 4213 τοῦτον
3013 4157 3325 4223 ἐδεξιώσατο
3414 4164 3504 4211 καὶ
3588 4158 3745 4232 ἐτίμα
3797 4163 3883 4210 καὶ

2281 4249 2570 4323 σύμϐουλον
2594 4246 2805 4321 εἷχενέν
2858 4257 2976 4309 ταῖς
3014 4256 3300 4321 κοσμικαῖς
3353 4248 3686 4302 ὑποθέσεσιν.
3739 4248 3887 4301 ’Υπο-

2281 4336 2547 4414 δρηστῆρι
2575 4346 2700 4410 γοῦν
2734 4343 2822 4390 καὶ
2852 4342 2964 4390 τότε
2993 4337 3264 4412 έχρησατο
3304 4340 3471 4409 τούτῳ
3526 4339 3553 4389 6
3610 4335 3886 4410 βασιλεύς.

516 4427 634 4485 bus
672 4434 1025 4500 prognatus.
1057 4444 1129 4483 ea
1150 4434 1205 4483 et
1244 4429 1447 4484 animo
1479 4431 1790 4503 concipere
1819 4437 1872 4487 et
1904 4449 1963 4488 re
1991 4449 2172 4505 praes-

2279 4430 2358 4501 [Ρ.
2395 4429 2479 4500 53]
2516 4433 2614 4481 Καὶ
2667 4447 2723 4499 γε
2762 4431 3055 4499 καταμόνας
3106 4431 3194 4479 τὸν
3260 4430 3523 4499 Κομνηνόν
3571 4425 3844 4498 παραλαϐὁ

518 4520 662 4575 teras
684 4516 867 4572 debes
889 4532 1025 4583 quae
1048 4532 1157 4571 nec
1175 4534 1211 4572 a
1232 4517 1348 4574 fide
1371 4523 1470 4574 tua
1496 4536 1605 4575 nec
1624 4520 1700 4576 ab
1735 4521 2172 4578 existimatione

518 4621 631 4663 nec
651 4606 910 4678 denique
926 4622 962 4661 a
978 4607 1331 4675 cognatione
1346 4613 1447 4664 tua
1460 4609 1652 4665 aliena
1660 4611 1680 4681 j
1692 4610 2022 4665 udicantur.
2060 4611 2171 4665 Sed

520 4696 674 4753 enim
688 4700 1007 4751 cumtestes
1020 4696 1097 4751 ad
1112 4701 1166 4751 te
1180 4698 1655 4754 convincendum
1669 4714 1789 4754 non
1806 4699 2176 4772 adsint,ope-

520 4800 602 4843 rae
616 4785 865 4859 pretium
881 4785 988 4841 erit
1000 4791 1053 4841 te
1071 4785 1225 4842 ferro
1240 4786 1518 4843 candenti
1532 4788 1835 4843 veritatem
1858 4787 2171 4858 designare

524 4898 554 4929 ››
580 4876 683 4933 Ille
704 4891 930 4948 magno
954 4892 1023 4933 ac
1042 4876 1195 4934 virili
1212 4877 1438 4949 animo,
1462 4882 1515 4934 et
1530 4876 2050 4951 quemadmodum
2081 4880 2169 4952 pi-

2279 4517 2522 4590 Μιχαὴλ,
2562 4520 2731 4588 κάμοῦ
2770 4525 2868 4568 τῶν
2905 4516 3069 4587 λόγων
3114 4515 3465 4589 ἀκροωμένου,
3536 4515 3684 4567 ταῦτ’
3728 4516 3883 4585 εἶπεν,

2280 4609 2344 4667 ὡς
2375 4630 2403 4657 ‹‹
2437 4606 2660 4678 Εύγενὴς
2687 4609 2776 4678 μεν
2809 4603 2935 4679 ἀνὴρ
2965 4605 3029 4657 σύ
3075 4609 3165 4656 καὶ
3214 4602 3268 4666 έξ
3310 4603 3524 4674 έύγενῶν
3580 4608 3884 4674 γεγένησαι.

2280 4702 2364 4748 Δεῖ
2388 4695 2474 4748 οὖν
2523 4714 2579 4747 σε
2645 4698 2703 4746 τὸ
2772 4691 2887 4747 δέον
2950 4696 3076 4767 ύπερ
3133 4700 3228 4755 τῆς
3302 4691 3609 4763 ὑπολήψεως
3683 4712 3741 4745 τε
3796 4696 3886 4744 καὶ

2278 4792 2506 4847 πίστεως
2534 4790 2624 4838 καὶ
2678 4786 2865 4846 πᾶντός
2902 4803 2986 4837 σοι
3025 4791 3116 4836 τοῦ
3172 4787 3353 4855 γένους
3401 4787 3491 4835 καὶ
3555 4790 3747 4841 νοῆσαι
3796 4786 3889 4834 καὶ

2258 4875 2677 4953 ’διαπράξασθαι
2713 4876 2851 4929 Ἐπεὶ
2900 4871 2959 4927 δὲ
3008 4875 3101 4927 ούκ
3143 4873 3357 4946 ἔλεγχος
3406 4874 3551 4949 παρὰ
3612 4876 3889 4947 μαρτύρων

1440 5002 1777 5071 Theodori
1828 5002 2078 5072 Dousa;
2127 5014 2194 5072 et
2238 5002 2491 5073 Leonis
2539 5000 2773 5069 Allatii
2822 5008 3023 5067 notae.

592 5131 671 5200 (6)
704 5127 761 5184 H‘
790 5126 886 5182 διὰ
910 5126 1115 5203 μύδρου
1142 5126 1439 5203 ,ᾇπόδειξ-ις,
1494 5128 1715 5203 Mirum
1754 5127 1903 5203 quid
1943 5129 2003 5183 in
2056 5129 2171 5185 hoc

521 5199 655 5273 ipso
686 5199 1004 5273 generefde
1023 5199 1277 5256 muliere
1303 5200 1573 5273 adultera
1614 5199 1718 5255 sed
1747 5199 2089 5273 pmnitente,
2117 5207 2174 5257 et

519 5271 804 5345 episcopo
821 5272 1316 5345 Didymoticheﬁnsi
1331 5287 1712 5326 commemora
1727 5271 2016 5345 tJoannes
2028 5274 2173 5345 Can-

518 5342 861 5411 tacuzenus,
895 5342 1127 5399 Hister.
1174 5344 1277 5398 lib.
1307 5359 1383 5407 ill,
1417 5359 1549 5413 cap.
1595 5348 1682 5397 27.
1746 5342 1977 5397 Addam
2041 5344 2171 5413 ipso

517 5420 787 5488 tempore
800 5416 1137 5488 Lascarium
1154 5414 1308 5488 hanc
1326 5413 1741 5488 purgationem
1756 5413 1888 5469 ferri
1914 5414 2173 5488 canden-

520 5489 594 5543 tis
645 5484 915 5543 maxime
943 5487 1128 5542 fuisse
1158 5486 1216 5539 in
1251 5500 1385 5553 usu,
1417 5491 1480 5540 ut
1511 5484 1784 5540 oculatus
1816 5485 1947 5540 testi
2000 5485 2175 5553 refert

521 5559 945 5631 Pachymerius
990 5557 1091 5610 lib.
1169 5572 1206 5619 ι,
1266 5552 1514 5631 ρη⁷33η
1548 5558 1609 5610 Et
1649 5561 1794 5612 nota
1847 5561 1935 5608 καὶ
1970 5552 2103 5609 εἶδεν
2146 5558 2171 5608 ὁ

519 5628 728 5705 γράφων
771 5629 909 5688 ἡϐῶν
976 5636 1049 5698 τῷ
1119 5631 1235 5681 τότε
1322 5628 1639 5690 ύτοστάντας
1720 5648 1861 5693 τινας
1933 5636 2168 5697 τοιαῦτα,

2279 5127 2407 5187 πλὴν
2446 5125 2719 5188 ἀλωϐἠτως
2766 5123 3156 5187 ἀπαλλάξαντας
3202 5126 3261 5175 τὸ
3286 5193 3291 5194 7
3318 5122 3670 5194 ﬂavining
3714 5120 3881 5194 Pyra

2281 5215 2502 5255 eversae
2531 5197 2949 5271 probationem
2989 5196 3049 5251 in
3080 5191 3430 5250 homicidio'
3454 5191 3616 5319 apud
3645 5192 3888 5318 Cyprios

2281 5271 2413 5319 leno
2442 5270 2604 5319 amid
2634 5268 3012 5319 Theodorum
3045 5266 3438 5319 Prodromum
3512 5280 3543 5319 e
3594 5263 3719 5319 Rho
3767 5277 3870 5317 an-

2279 5271 2413 5340 lego
2442 5263 2605 5341 apud
2634 5268 3012 5341 Theodorum
3045 5266 3438 5341 Prodromum
3467 5263 3543 5320 de
3594 5263 3870 5320 Rhodan-

2281 5337 2410 5397 thes
2441 5337 2496 5396 et
2523 5341 2756 5396 Dosiclii
2790 5338 3098 5394 amoribus
3138 5337 3244 5393 lib.
3278 5353 3316 5392 ι.
3347 5339 3484 5391 ALL.

2351 5413 2513 5539 SU'O
2558 5420 2650 5473 τῆς
2691 5407 3067 5483 Φιλαδελφέων.
3129 5408 3229 5463 Hic
3277 5413 3364 5462 est
3420 5408 3644 5462 Phocas
3699 5402 3878 5486 _Phila

2351 5484 2648 5539 :nbiensis
2708 5483 3053 5539 enisconus.
3112 5494 3293 5539 quem
3338 5494 3476 5534 cum
3507 5483 3751 5533 Arsenio
3777 5489 3876 5539 pa-

2280 5477 2654 5556 delphiensis
2708 5477 3053 5556 episcopus,
3077 5551 3092 5556 Α
3112 5494 3293 5556 quem
3338 5494 3476 5534 cum
3507 5477 3751 5533 Arsenio
3777 5489 3876 5548 ρο-

2281 5549 2541 5614 triarcha
2561 5549 2796 5613 videtur
2830 5549 3196 5614 confundere
3227 5549 3515 5607 Phranza.
3548 5557 3678 5603 ALL.

4032 506 4039 613 l
