4084 6212
268 310 404 363 1113

1777 307 2122 368 ANNALES.

3496 325 3632 378 1114

263 429 312 484 ἓν
346 435 452 496 σοὶ,
496 425 581 482 δεῖ
630 446 689 482 σε
719 433 791 498 τῷ
851 424 1038 502 μύδρῳ
1080 432 1176 488 τὴν
1230 428 1476 489 ἀλήθειαν
1521 435 1864 504 παραστήσα-

1979 439 2171 491 ctores
2200 435 2354 492 inter
2391 439 2792 510 pugnandum
2829 440 3295 514 imperterritum
3320 443 3630 502 hominem

265 522 411 576 σθαι.
444 523 601 573 »Καὶ
631 517 685 580 ὂς
711 516 853 590 μάλα
899 523 1144 588 γενναίως
1199 524 1288 571 καὶ
1348 516 1627 596 ἀνδρικῶς,
1682 526 1772 573 καὶ
1801 522 1871 584 ὡς

262 611 326 664 ἄν
374 629 492 662 τινα
521 609 570 661 οἱ
625 613 844 679 γραφεῖς
895 605 944 659 ἓν
1001 610 1154 681 μάχη
1196 610 1444 683 ἄτρεστον
1493 605 1867 683 διαγράψαιεν,

267 723 290 752 ε
322 699 436 753 Ούκ
461 694 564 752 οἶδ’
605 699 746 758 ὅπως
773 700 831 748 τό
859 704 1092 750 τοιοῦτον
1129 697 1378 755 κέκληται
1406 697 1576 770 ἅγιον,
1609 695 1649 750 ὦ
1682 695 1871 752 δέσπο-

261 810 349 858 τα,
381 811 408 838 ἰ
443 791 557 860 ἔφη.
595 806 618 839 ε
670 785 808 839 Ἀλλ’
851 784 948 858 ἑγὼ
991 789 1081 858 μεν
1147 786 1452 862 ἁμαρτωλός
1507 787 1614 860 εἰμι
1669 789 1870 862 ἅνθρω-

261 898 380 948 πος,
419 882 510 930 καὶ
537 882 895 950 τερατουργεῖν
924 883 1144 928 τοιαῦτα
1190 876 1249 928 ού
1281 873 1532 950 δύναμαι,
1598 877 1658 931 Εἰ
1692 874 1752 930 δέ
1780 897 1872 951 μοι

264 965 618 1042 συμϐουλεύῃ,
672 963 1060 1039 μητροπολίτης
1106 969 1174 1016 ὧν
1244 970 1335 1019 καὶ
1387 973 1522 1020 Θεοῦ
1575 967 1868 1038 ἄνθρωπος,

261 1062 410 1110 τουτὶ
466 1052 884 1128 διαπράξασθαι,
934 1049 1154 1107 ἔνδυσαι
1207 1058 1298 1128 μεν
1381 1055 1537 1117 αὐτὸς
1581 1060 1674 1114 τὴν
1733 1058 1870 1130 ἱεράν

266 1165 362 1200 σου
387 1151 562 1199 πᾶσαν
593 1142 802 1208 στολὴν,
843 1143 1014 1204 καθὼς
1071 1145 1251 1204 εῖωθας
1315 1142 1364 1196 ἄν
1421 1151 1494 1216 τῷ
1540 1145 1662 1216 θείῳ
1709 1144 1871 1219 εἰσέρ-

261 1236 464 1310 χεσθαι
503 1232 706 1306 βήματι
741 1236 832 1284 καὶ
874 1230 1208 1304 ἂντυγχάνειν
1267 1240 1402 1303 Θεῷ,
1463 1229 1575 1286 εἶτα
1628 1229 1698 1292 δὴ
1755 1231 1871 1298 ταῖς

268 1331 390 1387 σαῖς
441 1326 630 1398 χερσὶν
677 1320 976 1396 ἔκπύρωσόν
1032 1340 1124 1394 μοι
1173 1323 1262 1374 τόν
1321 1317 1566 1396 σίδηρον,
1623 1322 1708 1384 αἷς
1777 1330 1870 1375 τοῦ

267 1415 406 1468 θείου
464 1410 662 1484 ὶφάπτῃ
723 1411 972 1483 θύματος,
1044 1417 1137 1463 τοῦ
1212 1417 1456 1483 σώματός
1513 1418 1606 1464 τοῦ
1672 1417 1868 1486 Κυρίου

257 1504 406 1576 ἡμῶν
438 1501 619 1559 Ἰησοῦ
670 1505 916 1572 Χριστσῦ
964 1506 1056 1551 τοῦ
1132 1499 1257 1575 ὑπὶρ
1313 1503 1507 1562 παντὸς
1551 1506 1636 1552 τοῦ
1665 1505 1866 1573 κόσμου

257 1593 536 1664 τεθυμένον
575 1589 666 1642 καί
736 1587 817 1642 ἀεὶ
864 1590 1111 1660 θυομένου
1168 1589 1294 1664 παρ’
1343 1591 1486 1662 ὑμῶν
1537 1597 1636 1640 τῶν
1697 1590 1866 1662 ίερίων

253 1701 310 1735 τε
375 1685 466 1734 καὶ
518 1681 797 1753 ἱεραρχῶν,
855 1682 946 1730 καὶ
994 1680 1214 1734 ταύταις
1258 1675 1326 1737 δὴ
1380 1687 1496 1741 ταῖς
1553 1681 1712 1754 ἱεραῖς
1769 1698 1864 1732 σου

1977 522 2406 596 depinxissent,
2428 527 2639 583 ﬁrmus
2682 545 2752 585 ac
2788 531 3035 598 stabilis,
3071 555 3097 581 ‹‹
3135 533 3382 588 Sacrum
3421 534 3557 605 hoc,
3599 555 3628 585 »

1976 612 2190 684 inquit,
2228 637 2249 664 ι
2295 615 2557 688 domine,
2587 634 2856 690 quonam
2897 626 3140 678 vocetur
3194 622 3462 692 nomine,
3505 639 3630 679 non

1976 703 2138 758 novi.
2173 703 2302 774 Ipse
2325 719 2437 774 ego
2455 713 2735 777 peccator
2754 725 2888 764 sum
2913 725 3022 766 nec
3041 711 3091 782 ej
3101 711 3408 767 uscemodi
3431 711 3628 768 admi-

1975 790 2170 847 randa
2199 791 2432 848 efﬁcere
2447 810 2718 866 possum.
2747 797 2803 854 Si
2829 814 2970 855 vero
3004 805 3063 855 tu
3084 800 3250 866 mihi,
3280 802 3383 872 qui
3407 805 3629 857 metro-

1977 880 2164 953 polita
2191 897 2255 937 es
2285 887 2341 938 et
2369 884 2552 941 homo
2587 885 2847 955 divinus,
2896 893 2961 944 ut
2985 888 3044 944 id
3092 890 3366 962 expleam
3407 890 3628 947 adhor-

1977 972 2141 1042 taris,
2183 986 2294 1041 age
2324 978 2387 1028 tu
2416 973 2543 1046 ipse
2581 991 2888 1033 sacrarum
2930 979 3178 1034 vestium
3221 985 3516 1051 apparatu
3545 979 3632 1036 in-

1979 1061 2144 1129 tegro
2156 1065 2208 1115 te
2221 1060 3147 1136 circumvesti,quemadmodum
3164 1069 3379 1124 Sancta
3392 1072 3630 1124 sancto-

1953 1163 2112 1204 ‘rum
2139 1149 2370 1220 ingredi
2391 1150 2548 1207 soles
2587 1159 2647 1208 et
2676 1155 2861 1209 Deum
2888 1154 3112 1228 alloqui
3138 1171 3151 1220 ;
3184 1155 3323 1211 dein
3349 1155 3464 1212 tuis
3493 1171 3630 1212 ma-

1975 1237 2178 1304 nibus,
2192 1239 2414 1311 quibus
2426 1242 2620 1310 tangis
2634 1249 3087 1300 sacrosanctum
3101 1245 3482 1316 sacriﬁcium,
3502 1261 3627 1302 cor-

1975 1342 2092 1398 pus
2129 1329 2360 1384 Domini
2388 1330 2576 1385 nostri
2611 1333 2748 1386 Jesu
2779 1333 3015 1403 Christi,
3046 1334 3152 1405 qui
3179 1350 3290 1406 pro
3316 1333 3460 1390 orbe
3489 1335 3627 1390 uni-

1973 1415 2408 1489 versojoblatus
2431 1424 2522 1473 est
2541 1419 2944 1492 continuoque
2968 1438 3004 1477 a
3024 1421 3196 1477 vobis
3214 1422 3628 1479 sacerdotibus

1973 1509 2031 1560 et
2067 1505 2432 1576 praesulibus
2467 1506 2732 1574 oﬂ‘ertus,
2767 1508 2989 1564 ferrum
3021 1511 3167 1565 mihi
3215 1511 3540 1580 inﬂamma,
3572 1514 3630 1567 et

1972 1592 2186 1648 iisdem
2211 1595 2524 1650 sacristuis
2538 1596 2820 1652 manibus
2840 1597 3062 1653 ferrum
3081 1605 3394 1671 acceptum
3421 1599 3628 1655 manui

1971 1697 2122 1738 mea
2143 1683 2405 1755 impone.
2430 1685 2522 1740 Sic
2544 1685 2703 1741 enim
2727 1687 2786 1741 in
2811 1688 3064 1742 Domino
3083 1703 3217 1743 meo
3244 1688 3471 1743 Christo
3491 1703 3629 1743 con-

250 1774 442 1845 χερσὶν
470 1767 637 1828 ἆπίθες
657 1775 720 1840 τῇ
778 1771 922 1840 χειρί
951 1785 1052 1836 μου
1093 1769 1180 1818 τόν
1237 1763 1479 1841 σίδηρον,
1532 1772 1623 1820 καὶ
1672 1766 1864 1842 ταθάρι

1971 1771 2116 1841 ﬁdo,
2135 1773 2339 1828 omnia
2361 1789 2498 1830 eum
2523 1790 2660 1830 mea
2684 1775 2902 1831 delicta
2931 1776 3450 1832 dissimulaturum
3481 1777 3628 1833 veri-

248 1861 390 1936 ῥηκα
410 1859 481 1920 εἰς
509 1861 597 1910 τόν
655 1861 921 1914 Δεσπότην
975 1859 1206 1930 Χριστόν
1251 1859 1321 1917 ὡς
1376 1864 1551 1910 πᾶσαν
1594 1860 1684 1930 μεν
1718 1857 1864 1916 οὗτος

254 1949 510 2023 ἁμαρτίαν
539 1966 641 2020 μου
691 1951 1070 2020 παροράσεται,
1182 1966 1255 2018 υμ
1281 1950 1604 2020 ατουργήσει
1655 1943 1715 1998 δε
1768 1951 1862 2005 τὴν

251 2036 346 2096 ἆλή
403 2057 529 2090 ιιαν-
593 2057 622 2088 »
675 2040 775 2088 Καὶ
834 2037 861 2086 ὁ
914 2038 1005 2108 μὶν
1062 2038 1329 2110 Κομνηνὸς
1402 2034 1625 2107 Μιχαὴλ
1704 2034 1864 2094 οὕτως

250 2130 448 2201 εἴρηκεν
469 2147 482 2160 υ
514 2127 540 2178 ό
574 2121 633 2178 δε
663 2123 1070 2197 μητροπολίτης,
1097 2147 1126 2174 ‹‹
1177 2123 1249 2176 Ὠ
1292 2123 1417 2176 καλε
1457 2129 1653 2190 νεανία,
1689 2144 1718 2174 »
1745 2125 1858 2195 ἔφη,

252 2239 282 2268 ιι
323 2222 477 2270 τοῦτο
507 2214 602 2268 όύκ
645 2217 759 2267 ἔστι
817 2221 913 2277 τῆς
960 2216 1212 2290 ἡμετέρας
1271 2217 1362 2265 καὶ
1417 2211 1722 2286 Ῥωμαῖκῶς
1767 2232 1862 2264 κα-

251 2306 575 2367 ταστάσεως,
630 2301 736 2356 ἀλλ’
786 2306 903 2356 οὔτε
947 2311 1044 2365 τῆς
1118 2301 1558 2362 ἐκκλησιαστικῆς
1627 2298 1860 2375 παραδόο

257 2413 409 2462 σεως,
467 2395 585 2446 οὕτε
612 2397 714 2467 μὴν
768 2411 823 2445 εκ
869 2401 968 2444 τῶν
1025 2412 1192 2465 νομων
1239 2395 1355 2445 οὔτε
1404 2387 1472 2450 δὴ
1529 2396 1776 2465 πρότερον
1805 2390 1862 2442 ἐκ

253 2489 354 2534 τῶν
415 2482 558 2553 ἱερῶν
611 2484 701 2532 καὶ
757 2480 903 2532 θείων
955 2483 1180 2532 κανόνων
1236 2477 1608 2552 παρείληπται.
1661 2477 1863 2554 Βαρϐα-

256 2571 400 2644 ριχός
431 2564 490 2622 δι
531 2570 558 2620 ὀ
600 2573 790 2643 τρόπος
845 2573 935 2620 καὶ
978 2566 1148 2638 ἀγνὼς
1205 2567 1254 2620 ἐν
1284 2570 1430 2641 ἡμῖν,
1485 2574 1759 2641 προσταγῇ
1803 2563 1863 2619 δε

256 2662 410 2732 μόνον
457 2656 726 2732 ίνεργεῖται
773 2656 1054 2731 βασιλικῇ.
1089 2681 1119 2708 ››
1160 2663 1261 2711 Καὶ
1325 2657 1400 2724 ὃς,
1451 2678 1480 2707 ‹‹
1512 2656 1582 2710 Ὠ
1647 2660 1863 2730 μέγιστε

255 2749 483 2822 ὶεράρχα
534 2754 688 2816 Θεοῦ,
721 2747 765 2800 εἰ
803 2752 893 2820 μίν
932 2752 1022 2800 καὶ
1079 2746 1237 2808 αὐτὸς
1283 2745 1338 2799 ix
1393 2744 1673 2821 βαρϐάρων
1720 2750 1864 2817 γεγί-

247 2857 411 2910 νημαι
470 2841 561 2889 καὶ
611 2835 955 2912 βαρϐαρικοῖς
1021 2844 1132 2899 τοῖς
1202 2839 1384 2895 ἤθεσιν
1468 2833 1863 2910 ἆνατέθραμμαι

247 2927 277 2987 ἣ
331 2931 421 2980 καὶ
474 2930 649 3000 νόμοις
703 2931 966 2979 τουτοισὶν
1023 2922 1454 2998 ίχπεπαίδεομαι,
1518 2929 1607 2977 καὶ
1663 2923 1865 3000 βαρϐαο

249 3024 407 3090 ρικῶς
437 3014 748 3090 ἕκτισαίμην
804 3019 899 3074 τὴν
948 3011 1107 3074 δίκην
1155 3034 1278 3088 μου.
1335 3015 1395 3068 Εἰ
1454 3011 1516 3066 δι
1575 3018 1861 3086 Ῥωμαίων,

1972 1864 2274 1934 tatemque
2303 1877 2428 1918 non
2463 1863 2590 1919 sine
2621 1864 2916 1920 miraculo
2942 1865 3400 1936 patefacturum.
3431 1887 3450 1914 ο
3493 1868 3626 1922 Haec

1972 1952 2235 2007 Comnen
2245 1968 2311 2008 us
2326 1952 2569 2009 Michael
2584 1953 2838 2010 dixerat.
2874 1957 2939 2010 Et
2955 1955 3350 2027 metropolita,
3367 1975 3396 2008 ‹
3411 1956 3454 2012 Ο
3468 1955 3626 2010 bone

1970 2040 2225 2113 juvenis,
2261 2063 2289 2090 »
2321 2041 2535 2114 inquit,
2551 2065 2577 2092 ‹‹
2593 2042 2708 2098 hoc
2724 2058 2919 2114 neque
2941 2044 3126 2100 nostri
3147 2060 3345 2116 neque
3373 2044 3624 2099 Romani

1969 2128 2220 2185 instituti
2259 2145 2455 2202 neque
2496 2131 2914 2187 ecclesiasticae
2965 2131 3317 2188 traditionis.
3363 2132 3490 2187 lmo
3519 2148 3623 2188 ne-

1968 2234 2088 2290 que
2111 2233 2178 2274 ex
2209 2217 2465 2290 legibus,
2496 2235 2692 2293 neque
2747 2221 2914 2292 prius
2976 2235 3006 2276 e
3061 2221 3245 2276 sacris
3294 2237 3364 2276 ac
3411 2219 3625 2276 divinis

1971 2306 2303 2363 canonibus
2341 2306 2734 2380 desumptum
2781 2312 2887 2364 est.
2925 2310 3097 2382 105
3130 2309 3243 2365 Sed
3272 2308 3626 2364 barbaricus

1971 2400 2059 2451 est
2086 2395 2197 2451 iste
2223 2394 2464 2462 modus,
2493 2397 2788 2469 nobisque
2820 2398 3066 2453 minime
3095 2403 3298 2461 notus,
3330 2398 3434 2470 qui
3451 2397 3626 2468 jussu

1971 2488 2206 2540 tantum
2230 2485 2614 2557 imperatorio
2643 2485 2730 2542 ﬁt.
2763 2504 2793 2539 ›
2821 2489 2889 2542 Et
2915 2486 3032 2552 ille,
3067 2509 3095 2538 «
3141 2489 3184 2543 Ο
3237 2487 3499 2542 maxime
3525 2485 3628 2541 Dei

1972 2573 2238 2641 antistes,
2272 2573 2320 2628 si
2351 2590 2423 2630 ex
2470 2573 2749 2630 barbaris
2804 2575 2936 2647 ipse
2990 2590 3181 2646 genus
3232 2575 3516 2631 ducerem
3572 2578 3630 2630 et

1969 2660 2300 2719 barbaricis
2326 2663 2597 2718 moribus
2617 2663 2910 2720 enutritus
2942 2670 3044 2721 aut
3070 2664 3368 2720 similibus
3394 2663 3628 2735 legibus

1970 2753 2294 2808 instructus
2324 2752 2596 2822 fuissem,
2627 2752 2946 2810 barbarico
2983 2755 3162 2810 etiam
3206 2753 3389 2810 modo
3416 2769 3628 2826 poenas

1968 2841 2215 2898 lucrem.
2246 2841 2360 2897 Sed
2408 2843 2454 2897 si
2489 2845 2793 2898 Romanus
2821 2848 2880 2899 et
2907 2859 2978 2898 ex
3007 2844 3314 2911 Romanis,
3344 2841 3629 2898 Romanis

1969 2930 2203 3002 legibus
2229 2934 2285 2986 et
2325 2931 2556 3002 scriptis
2582 2931 3002 2986 traditionibus
3021 2931 3315 3002 judicium
3354 2930 3626 2985 termine-

1972 3023 2083 3075 tur.
2105 3041 2126 3068 ι
2155 3018 2252 3074 Ille
2267 3019 2467 3091 itaque
2477 3019 2716 3091 juvenis
2741 3019 3122 3076 sermonibus
3144 3019 3318 3092 quasi
3339 3017 3626 3073 attonitus

249 3111 341 3159 καὶ
404 3104 460 3159 ἔκ
541 3105 825 3179 Ῥωμαίων,
905 3108 1039 3158 κατὰ
1110 3108 1300 3178 νόμους
1369 3103 1692 3175 Ῥωμαῖκοὺς
1767 3107 1860 3156 καὶ

1973 3108 2235 3180 (Michael
2257 3123 2523 3180 namque
2553 3110 2896 3164 Comnenus
2930 3108 3254 3180 septimum
3285 3111 3426 3162 tunc
3461 3111 3520 3162 et
3545 3107 3628 3161 vi-

250 3191 572 3268 παραδόσεις
626 3193 918 3269 ἕγγράφους
961 3197 992 3254 ἠ
1039 3199 1215 3268 κρίσις
1254 3194 1654 3268 τερματισθήτω
1696 3212 1806 3265 μοι.
1834 3217 1862 3244 ››

256 3283 478 3346 Ἐκεῖνος
520 3288 611 3357 μεν
657 3280 745 3336 οὖν
790 3291 900 3346 τοῖς
939 3283 1115 3356 λόγοις
1161 3284 1266 3336 οἶον
1323 3289 1416 3335 τοῦ
1481 3285 1680 3334 νεανίου
1720 3280 1865 3334 ἐκπε-

251 3372 547 3446 πληγμένος
597 3372 856 3444 (εἰκοστόν
917 3375 1019 3448 γὰρ
1066 3376 1158 3424 καὶ
1207 3367 1430 3444 ἕϐδομον
1489 3367 1698 3428 διήνυεν
1754 3373 1866 3432 ἔτος

251 3461 279 3514 ὁ
315 3465 580 3533 Κομνηνὸς
636 3459 880 3534 Μιχαὴλ)
926 3465 1016 3514 καὶ
1055 3469 1126 3533 τῷ
1176 3464 1247 3532 μὴ
1297 3460 1346 3512 ἐν
1405 3466 1700 3532 συμφοραῖς
1749 3461 1867 3511 τού-

251 3555 349 3602 του
396 3549 541 3610 ὂντος
599 3552 659 3602 τὸ
714 3549 883 3621 εύγνὶς
946 3556 1037 3602 τοῦ
1114 3552 1448 3624 φρυνὴματος
1523 3552 1866 3600 καταπίπτειν

251 3634 398 3712 μηδε
427 3641 487 3691 τὸ
516 3647 617 3691 τῶν
666 3640 939 3711 νοημάτων
1013 3637 1187 3710 χαλᾷν
1240 3635 1569 3704 εὐεπὴϐολον,
1609 3640 1735 3712 πρὸς
1778 3639 1865 3688 τὸν

253 3725 484 3802 βασιλέα
521 3727 676 3781 nos.»
729 3730 831 3781 ὅσα
871 3731 955 3780 κέν
1001 3724 1090 3780 οὖν
1143 3725 1278 3780 εἶπεν
1330 3725 1516 3788 ἐκεῖνος
1579 3725 1733 3786 αὐτὸς
1771 3725 1866 3777 οὐκ

250 3813 402 3887 οἶδα,
442 3819 647 3880 πάντως
709 3813 770 3871 δε
819 3817 968 3870 ταῦτ’
1020 3816 1192 3890 ἔμελλε
1235 3815 1378 3879 λέξαι
1419 3817 1520 3869 ὅσα
1563 3835 1616 3868 τε
1660 3819 1751 3868 καὶ
1781 3814 1867 3868 οἷα

249 3911 499 3967 ἤκουσεν.
562 3914 605 3961 Ο
630 3911 720 3980 μὲν
771 3904 858 3960 οὖν
909 3905 1161 3980 βασιλεὺς
1213 3903 1489 3981 διάπειραν
1543 3905 1734 3963 πολλὴν
1777 3923 1866 3958 πε·

247 4002 484 4058 nuum;
530 3997 635 4070 οὐχ
688 3995 802 4072 εὗρε
880 3998 1015 4049 κατά
1063 4015 1115 4049 τι
1167 3999 1254 4049 τόν
1309 3998 1574 4068 Κομνηνόν
1643 3994 1866 4066 Μιχαὴλ

248 4087 344 4139 ὑπ’
375 4086 546 4139 αἰτίαν
576 4091 718 4153 ὄντα,
750 4091 839 4139 καὶ
896 4093 1065 4139 ταῦτα
1117 4090 1207 4138 καὶ
1263 4088 1351 4138 τὸν
1393 4083 1620 4137 ἀναίτιον
1669 4084 1741 4146 εἰς
1788 4083 1864 4135 αἰ-

247 4178 372 4229 τίαν
429 4176 569 4246 ἄγων
619 4183 682 4250 τῇ
729 4173 826 4249 βίᾳ
883 4175 912 4234 ἦ
973 4182 1074 4228 τῶν
1117 4174 1281 4247 λόγων
1334 4175 1364 4233 ἢ
1426 4181 1528 4226 τῶν
1569 4177 1860 4246 μαστίγων.

250 4267 454 4326 Πάντες
489 4268 593 4340 γὰρ
659 4265 999 4338 ἀπεφαίνοντο
1057 4267 1107 4318 οῖ
1158 4284 1214 4318 τε
1264 4273 1364 4318 τῶν
1415 4268 1650 4318 Λατίνων
1697 4265 1747 4316 οἰ
1811 4282 1864 4315 τε

245 4363 354 4408 τῶν
400 4353 683 4428 Ῥωμαίων,
756 4375 846 4407 και
893 4355 1125 4427 μάλιστα
1186 4363 1284 4406 τῶν
1343 4358 1600 4419 Λατίνων,
1643 4351 1752 4405 ἕπεί
1805 4370 1864 4423 γε

247 4443 407 4497 αὗτοι
463 4443 853 4517 ἕλευθερὼτερον
891 4452 1128 4517 χρῶνται
1177 4452 1240 4516 τῇ
1295 4443 1498 4515 γλώττῃ
1551 4446 1678 4514 πρὸς
1745 4445 1862 4502 τοὺς

251 4529 542 4602 δεσπότας,
579 4532 744 4587 ἀθῶον
789 4531 917 4587 εἶναι
965 4533 1050 4586 ἐπὶ
1105 4539 1236 4586 πᾶσι
1296 4551 1384 4584 τον
1443 4535 1706 4604 Κομνηνόν
1764 4538 1861 4585 Μι-

248 4622 428 4697 χαὴλ.
476 4622 719 4678 Ἤκουσα
750 4619 810 4676 δὲ
835 4628 926 4676 καὶ
966 4622 1123 4684 αὐτός
1181 4620 1264 4674 ἐπὶ
1321 4629 1382 4693 τῇ
1440 4625 1612 4694 κρίσει
1663 4624 1861 4694 παρὼν,

252 4712 343 4789 [Ρ.
397 4714 486 4785 54]
531 4718 621 4766 καὶ
664 4717 758 4766 σὺν
810 4712 926 4786 ἕμοὶ
987 4713 1013 4765 ὁ
1070 4714 1359 4778 Μακρωτὸς
1407 4709 1668 4772 Ἰωάννης.
1718 4712 1864 4780 τάχα

247 4806 351 4855 καὶ
402 4803 550 4875 ἡμεῖς
627 4803 1094 4875 συναριθμούμενοι
1141 4807 1252 4862 τοῖς
1296 4804 1535 4873 κρίνουσι
1583 4802 1712 4874 πρὸς
1768 4806 1860 4851 τοῦ

249 4890 520 4966 βασιλέως
575 4894 644 4954 ὡς
719 4891 882 4954 ξύλων
939 4893 1000 4943 ἄν
1074 4909 1208 4952 τινες
1297 4885 1463 4962 μηδὲν
1533 4885 1864 4961 διαφέροντες

248 4980 458 5035 ἕνταῠθ⁹
504 4983 762 5037 ἵστανται.
832 4980 1100 5036 Ἐϐούλετο
1145 4982 1248 5053 γὰρ
1301 4980 1500 5042 πάντας
1542 4979 1657 5030 κατ’
1701 4977 1862 5030 αὐτοῦ

250 5069 715 5144 συμψηφίζεσθαι.
746 5071 897 5143 Ἡμῖν
946 5066 1006 5122 δι
1054 5070 1147 5122 οὐκ
1198 5065 1259 5128 ἧν
1324 5067 1496 5140 λόγος,
1547 5069 1666 5120 ἄνευ
1704 5067 1862 5139 λόγου

245 5168 346 5215 τοῦ
399 5160 622 5232 Μιχαὴλ
680 5167 949 5232 Κομνηνοῡ
1030 5163 1350 5234 κρινομένου.
1439 5157 1691 5230 Ἐφιλεῖτο
1758 5159 1860 5231 γὰρ

249 5248 396 5323 (φίλη
422 5268 482 5321 γε
525 5250 556 5307 ἡ
599 5248 836 5320 ἁληθεια)
874 5249 931 5302 ού
973 5253 1104 5321 πρός
1166 5249 1310 5321 ἡμῶν
1367 5251 1456 5299 καὶ
1512 5250 1685 5318 μόνον,
1734 5244 1862 5298 ἀλλὰ

246 5342 503 5412 καὶπρὸς
531 5341 724 5400 παντὸς
750 5347 851 5390 τῶν
917 5335 965 5390 ἐν
1008 5336 1137 5390 τέλιι
1181 5345 1278 5388 τῶν
1307 5355 1360 5389 τε
1415 5344 1722 5410 στρατηγῶν
1759 5344 1857 5387 τῶν

248 5447 310 5482 τε
341 5436 674 5503 στρατιωτῶν
713 5432 803 5481 καὶ
834 5427 998 5480 αὐτῶν
1039 5434 1140 5479 τῶν
1204 5434 1298 5488 τῆς
1344 5420 1638 5497 ξύγκλυδος
1692 5444 1703 5457 ο
1754 5432 1862 5486 τοῖς

249 5535 310 5570 τε
338 5519 439 5591 γὰρ
489 5519 760 5580 νεάζουσιν
816 5513 946 5577 ἡδὺς
1001 5512 1063 5574 ἦν
1118 5520 1207 5567 καὶ
1253 5520 1523 5590 προσηνὴς
1555 5513 1744 5586 ὁμιλῶν
1775 5518 1864 5566 καὶ

251 5625 467 5680 χαριεις
523 5605 572 5658 ἓν
641 5605 814 5680 λόγοις
862 5611 952 5659 καὶ
1000 5604 1052 5658 ἰν
1123 5601 1472 5678 ἔπιτηδεύμαι
1527 5600 1861 5672 δεξιώτατος,

1974 3197 2267 3268 gesimum
2312 3212 2542 3252 annum
2582 3195 2850 3266 agebat),
2889 3202 2947 3252 et
2983 3195 3150 3268 quod
3188 3195 3248 3251 in
3292 3194 3629 3250 infortuniis

1973 3284 2119 3342 nihil
2157 3284 2232 3340 de
2277 3284 2582 3354 generosis
2635 3283 3100 3354 cogitationibus
3146 3283 3481 3340 demitteret
3518 3298 3630 3339 nec

1975 3374 2404 3430 sententiarum
2439 3373 2819 3444 ingeniosum
2849 3389 2919 3429 ac
2947 3373 3224 3428 dextrum
3265 3373 3511 3437 laxaret,
3551 3372 3630 3430 ad

1973 3462 2395 3535 imperatorem
2430 3462 2706 3524 accurrit.
2737 3467 2796 3518 et
2823 3478 3102 3536 quaenam
3135 3463 3261 3535 ipse
3287 3462 3500 3520 dixerit
3527 3479 3630 3520 ne-

1975 3550 2120 3620 scio,
2148 3554 2411 3606 attamen
2439 3549 2608 3605 illum
2637 3566 3017 3623 quiscunque
3049 3549 3344 3618 audierat,
3371 3566 3482 3606 nec
3511 3551 3632 3607 alia

1973 3639 2198 3695 dixisse
2217 3638 2444 3708 judico.
2467 3631 2650 3708 Igitur
2679 3639 3002 3711 imperator
3052 3645 3193 3710 post
3215 3641 3383 3696 varia
3412 3639 3628 3696 multa-

1973 3743 2089 3801 que
2119 3728 2528 3800 experimenta
2558 3727 2778 3782 nullius
2810 3728 3078 3784 criminis
3128 3733 3233 3784 aut
3281 3728 3419 3784 facti
3457 3744 3630 3784 reum

1973 3815 2314 3874 Michaelem
2343 3819 2716 3874 Comnenum
2735 3816 3147 3890 deprehendit,
3178 3832 3370 3889 eoque
3397 3816 3631 3888 potissi-

1973 3922 2164 3973 mum,
2179 3905 2344 3979 quod
2358 3905 2737 3962 innocentem
2755 3911 3170 3962 etsermonum
3189 3910 3242 3960 et
3254 3904 3632 3974 ﬂagellorum

1973 3996 2030 4050 vi
2057 4011 2228 4051 reum
2259 4001 2590 4067 perageret.
2641 3996 2862 4052 Omnes
2906 3996 3066 4050 enim
3105 3994 3229 4050 sive
3278 3994 3462 4048 Latini
3507 3994 3631 4049 sive

1972 4085 2245 4154 Romani,
2279 4084 2381 4139 sed
2414 4083 2678 4139 maxime
2716 4083 2921 4144 Latini.
2946 4083 3050 4156 qui
3078 4098 3178 4138 ore
3222 4081 3496 4137 liberiore
3522 4082 3630 4138 ad-

1971 4188 2208 4228 versum
2223 4171 2858 4244 dominosloquuntur,
2883 4170 3221 4229 Michaelem
3246 4173 3629 4253 Comnenum

1972 4262 2244 4319 omnium
2259 4261 2742 4333 planeinsontem
2762 4261 3140 4333 judicabant.
3171 4263 3292 4330 Ego
3319 4262 3500 4317 etiam
3530 4259 3634 4333 qul

1966 4353 2197 4424 judicio
2226 4352 2632 4422 interfueram,
2665 4358 2720 4407 et
2753 4367 2874 4408 una
2930 4368 3168 4407 mecum
3228 4354 3488 4407 Joannes
3517 4355 3626 4408 Ma-

1972 4448 2193 4508 crotus,
2221 4447 2468 4514 uterque
2504 4441 2583 4496 ab
2602 4441 2959 4513 imperatore
2991 4443 3140 4497 inter
3160 4441 3395 4513 judices
3426 4457 3626 4496 annu-

1973 4529 2199 4601 merati,
2233 4530 2558 4586 nonnullos
2593 4529 2740 4585 nihil
2773 4545 2810 4585 a
2851 4529 3027 4600 lignis
3059 4530 3354 4586 distantes
3409 4529 3634 4585 ibidem

1973 4621 2256 4678 interesse
2285 4619 2504 4675 audivi.
2538 4623 2808 4691 Namque
2839 4619 2933 4675 ille
2959 4620 3200 4676 volebat
3221 4626 3286 4676 ut
3313 4635 3527 4675 omnes
3561 4618 3636 4672 si-

1973 4709 2099 4766 mul
2123 4710 2185 4764 in
2209 4725 2348 4764 eum
2372 4708 2728 4764 sententiam
2751 4708 2989 4764 ferrent.
3022 4709 3135 4764 Sed
3167 4723 3278 4762 nos
3309 4707 3402 4762 his
3434 4721 3632 4778 neque

1973 4799 2434 4855 attendebamus
2455 4813 2652 4870 neque
2674 4797 3137 4852 advertebamus
3164 4795 3456 4860 animum,
3491 4810 3630 4849 cum

1972 4890 2316 4944 Comnenus
2355 4885 2599 4943 Michael
2629 4885 2859 4957 absque
2919 4885 3092 4956 106
3127 4883 3246 4940 ulla
3301 4882 3534 4938 ratione
3563 4882 3626 4939 in

1966 4975 2261 5049 judicium
2315 4979 2647 5032 vocaretur.
2705 4973 3070 5044 Diligebatur
3120 4973 3360 5038 etenim,
3403 4971 3487 5028 ita
3533 4988 3633 5028 me

1971 5070 2131 5122 amet
2152 5065 2522 5133 veritas,non
2545 5079 2582 5118 a
2604 5062 2778 5118 nobis
2801 5061 3005 5130 modo,
3031 5060 3138 5116 sed
3157 5061 3236 5116 ab
3261 5076 3632 5134 unoquoque

1971 5155 2259 5224 dignitate
2289 5151 2696 5226 praefulgente,
2725 5149 3075 5206 ductoribus
3123 5150 3459 5222 copiarum,
3497 5151 3631 5208 'mi-

1969 5243 2188 5315 litibus,
2213 5243 2498 5299 convenis
2534 5259 2548 5309 ;
2577 5257 2713 5296 cum
2723 5239 3066 5312 junioribus
3098 5239 3313 5309 dulcis,
3345 5257 3454 5297 usu
3493 5239 3636 5298 faci-

1970 5334 2064 5401 lis,
2097 5331 2569 5406 eloquiosuavis,
2597 5332 2669 5386 ad
2683 5330 2922 5400 agenda
2940 5330 3374 5403 tractandaque
3393 5331 3635 5400 negotia

1973 5422 2362 5490 incredibilis,
2387 5421 2631 5476 senibus
2661 5425 2718 5476 et
2735 5435 3010 5476 sermone
3027 5425 3084 5476 et
3104 5419 3423 5492 prudentia
3450 5435 3634 5474 senex

1972 5511 2327 5578 habebatur,
2353 5511 2525 5582 cujus
2550 5508 2859 5582 impendio
2891 5509 3322 5565 consuetudine
3355 5507 3436 5564 illi
3467 5506 3631 5562 oble-

1973 5600 2311 5658 ctabantur.
2331 5602 2463 5657 Haec
2486 5603 2689 5657 tamen
2712 5599 2794 5656 ita
2809 5602 3111 5656 annuente
3135 5597 3384 5654 Numine
3407 5596 3469 5652 in
3491 5609 3631 5651 eum
