4084 6212
563 296 699 349 1115

1848 290 2136 349 GEORGII
2163 288 2634 349 ACBOPOLlTﬂ

3755 295 3857 348 ll“

559 421 797 491 patrata
808 421 967 487 sunt,
979 416 1494 489 quandoquidem,
1510 432 1650 473 cum
1670 432 1740 473 ac
1764 415 2213 489 imperatorium

2323 422 2427 476 τοῖς
2456 435 2508 469 τι
2534 418 2752 489 γέρουσι
2792 417 3009 489 γηραιὸς
3036 409 3207 467 ἑδόκει
3262 415 3349 465 τὸν
3387 411 3537 483 λόγον
3588 431 3638 465 τι
3679 418 3756 467 καὶ
3794 419 3865 475 τήν

561 508 797 565 culmen
829 507 1089 565 attollere
1107 507 1466 563 decrevisset
1494 523 1656 572 eum,
1684 513 1742 563 et
1779 512 2214 564 tormentorum

559 600 697 667 igne
745 602 801 653 et
830 597 1374 669 experimentorum
1406 597 1757 653 conﬂatorio
1801 597 2097 669 probavit,
2140 612 2214 652 ne

561 689 619 743 in
642 686 856 742 solium
909 691 1146 741 evectus
1185 685 1502 742 calumniis
1531 690 1587 741 et
1633 684 2121 743 accusationibus
2141 700 2215 740 ex

558 775 715 832 facili
738 774 1023 843 crederet,
1051 790 1247 845 neque
1284 791 1356 831 eo
1386 775 1447 831 in
1491 775 1622 831 loco
1674 775 2061 844 constitutus,
2091 789 2214 846 quo

559 865 854 937 quidquid
884 864 1121 920 libuerit
1140 880 1316 934 agere
1339 870 1562 937 posset,
1615 864 1752 938 plus
1778 865 1941 937 justo
1965 864 2214 920 celerius

557 954 902 1010 decerneret
932 970 1002 1010 ac
1053 954 1499 1011 determinaret.
1540 957 1752 1010 Verum
1808 954 2109 1009 enimvero
2150 953 2213 1009 in

560 1043 690 1100 aliis
721 1043 919 1111 etiam,
942 1047 1008 1099 ut
1035 1044 1410 1116 subsequens
1432 1045 1623 1100 oratio
1644 1043 1949 1111 indicabit,
1974 1042 2215 1099 Numini

560 1132 850 1205 probatus
880 1137 984 1189 est.
1015 1133 1079 1188 In
1110 1138 1374 1189 extremo
1404 1133 1645 1202 negotio
1674 1132 2021 1205 imperator,
2048 1132 2213 1205 quod

560 1222 737 1277 etiam
761 1222 889 1294 ipse
918 1222 1225 1279 auditione
1261 1238 1638 1295 acceperam,
1660 1222 2021 1289 enuntiarat,
2061 1245 2088 1272 «
2118 1224 2214 1276 Vae

560 1310 782 1366 misero
818 1311 943 1381 tibi,
967 1327 1236 1384 quanam
1272 1311 1462 1381 gloria
1517 1311 1784 1367 cecidisti
1813 1311 1826 1367 l
1861 1332 1889 1363 »
1932 1311 1994 1366 ld
2034 1325 2214 1382 porro

562 1402 704 1463 erat,
739 1400 1164 1472 imperatorem
1206 1400 1383 1456 ﬁxius
1427 1400 1632 1455 animo
1664 1401 1923 1469 agitasse
1950 1404 2212 1471 neptem,

470 1490 471 1493 “
563 1487 819 1557 primam
854 1488 1041 1544 ﬁliam
1098 1489 1201 1544 ﬁlii
1241 1490 1333 1544 sui
1377 1489 1723 1561 imperatori
1764 1487 2076 1555 Theodori,
2106 1491 2213 1542 Ire-

562 1592 855 1650 nen,quaa
873 1579 989 1650 ipsi
1007 1578 1298 1635 Michaelis
1330 1578 1579 1634 secundi
1620 1578 1963 1634 consobrini
1980 1578 2069 1632 sui
2089 1576 2213 1632 ﬁlia

564 1671 710 1733 erat,
732 1667 993 1723 Michaeli
1018 1670 1158 1723 Com
1168 1684 1322 1724 neno
1345 1667 1404 1722 in
1424 1668 1874 1723 matrimonium
1893 1666 2208 1722 collocare.

2326 508 2552 574 σύνεσιν,
2618 508 2707 557 καὶ
2756 502 3021 565 ἀσπάσιος
3075 502 3254 565 αὐτοῖς
3295 501 3575 574 ἄνομίζετο.
3622 507 3709 555 Καὶ
3750 505 3861 557 ταῦτ’

2323 591 2431 649 οὖν.
2501 599 2571 655 ὡς
2646 591 2815 666 οἶμαι,
2884 597 3089 665 γέγονεν
3162 592 3239 645 ἐπ’
3289 591 3428 662 αὐτῷ
3498 587 3762 665 δοκιμασίᾳ
3796 601 3865 647 τοῦ

2321 688 2627 757 κρείττονος.
2668 684 2783 737 Ἐπὶ
2843 685 2945 755 γὰρ
2994 683 3069 743 είς
3119 686 3214 740 τὴν
3243 680 3513 753 βασίλειον
3559 680 3715 751 ἔμελλε
3763 686 3864 745 Θεὸς

2323 772 2640 825 ἀναϐιϐάσαι
2694 779 2875 825 τοῦτον
2927 776 3218 845 περιωπήν,
3281 778 3359 841 τῷ
3401 778 3498 822 τῶν
3539 767 3753 842 βασάνων
3772 761 3869 845 πυρί

2320 867 2411 916 καὶ
2452 869 2523 933 τῷ
2573 858 2850 934 διαπείρας
2909 865 3252 933 χωνευτηρίῳ
3310 855 3667 931 δεδοκίμακεν,
3716 861 3783 912 ἱνα
3812 865 3863 931 μὴ

2321 951 2389 1012 εἰς
2417 955 2505 1004 τὸν
2546 949 2809 1023 βασίλειον
2842 949 3034 1012 ἀναϐὰς
3083 952 3261 1024 θρόνον
3308 949 3440 1024 ῥᾷον
3495 951 3607 1020 ἔχοι
3656 952 3865 1001 πιστεύειν

2323 1038 2589 1101 διαϐολαῖς
2665 1044 2755 1093 καὶ
2824 1044 3359 1113 συκοφαντίαις,μήτε
3414 1040 3594 1091 θᾶττον
3643 1040 3727 1099 τὰς
3773 1041 3866 1091 ἀπο·

2322 1134 2501 1203 φάσεις
2540 1138 2700 1184 ποιεῖν
2740 1129 2816 1183 ἐπ’
2867 1130 3077 1203 ἐξουσίᾳ
3117 1138 3210 1183 τοῦ
3265 1131 3510 1204 πράττειν
3564 1131 3625 1180 τὰ
3665 1126 3869 1200 βουλητία

2319 1224 2663 1293 γενενημένος.
2718 1220 2793 1273 Οὐ
2845 1226 2949 1293 μὴν
2994 1225 3084 1273 καὶ
3142 1218 3192 1272 ἐν
3233 1219 3412 1281 ἄλλοις
3453 1217 3788 1283 κπιξήτασεν,
3814 1222 3861 1279 ὡς

2319 1315 2512 1362 πτοῑὼν
2559 1311 2586 1361 6
2640 1309 2788 1381 λόγος
2841 1306 3095 1368 δηλώσει.
3141 1310 3260 1362 Ἐπὶ
3290 1305 3352 1361 δί
3412 1307 3541 1360 τέλει
3592 1314 3678 1367 τῆς
3727 1309 3863 1378 ἰποχί-

2323 1418 2450 1461 σεως
2501 1403 2727 1457 ταυτησὶ
2784 1395 2845 1457 ἦν
2911 1400 2937 1451 6
3001 1397 3247 1471 βασιλευς
3308 1396 3544 1470 εἰρηκώς,
3600 1394 3751 1468 κάμοῦ
3794 1402 3864 1447 τῶν

2319 1488 2482 1561 λόγων
2511 1488 2861 1561 ἀκροωμένου,
2895 1508 2923 1538 α
2965 1487 3035 1542 Αἱ
3088 1486 3320 1551 ἐλεεινὸν,
3389 1486 3502 1546 οἲας
3545 1482 3694 1547 δόξης
3735 1483 3862 1547 ἐξέπι-

2323 1598 2425 1640 σες,
2454 1599 2482 1628 ››
2507 1582 2577 1631 Τὸ
2610 1575 2668 1631 δὲ
2702 1574 2763 1636 ἦν
2789 1579 2870 1630 ὅτι
2908 1596 3001 1650 περ
3044 1579 3177 1651 πρὸς
3236 1574 3543 1648 βουλήσεως
3586 1569 3643 1633 ἦν
3690 1581 3749 1644 τῷ
3786 1570 3862 1645 βα-

2322 1667 2455 1720 σιλεῖ
2489 1671 2582 1726 τὴν
2635 1665 2852 1738 ὶγγόνην
2895 1666 3077 1730 αὐτοῦ,
3127 1668 3222 1724 τὴν
3276 1669 3490 1737 πρώτην
3552 1664 3782 1735 θυγάτέρα
3799 1668 3863 1714 τοῦ

566 1757 739 1821 Quod
764 1762 820 1812 et
851 1758 911 1813 in
957 1758 1315 1829 imperatore
1353 1760 1581 1815 Joanne
1638 1758 1887 1829 aliisque
1938 1756 2210 1829 pluribus

2319 1759 2434 1809 υἱοῦ
2499 1756 2662 1808 αὐτοῦ
2726 1762 2819 1809 τοῦ
2875 1754 3129 1828 βασιλέως
3196 1749 3479 1826 Θεοδώρου
3534 1756 3624 1811 τὴν
3670 1750 3862 1824 Εἰρήνην,

564 1845 788 1901 factum
820 1851 925 1901 est.
955 1850 1018 1902 Et
1042 1847 1133 1902 his
1161 1846 1366 1903 atﬁnia
1397 1863 1519 1902 non
1551 1847 1668 1903 alia
1697 1847 1926 1902 ratione
1971 1846 2208 1901 evenire

564 1949 927 1990 consuevere
960 1954 971 1991 :
1005 1936 1140 1991 licet
1177 1937 1336 1992 enim
1368 1936 1446 1991 ab
1466 1935 1726 1991 Ecclesia
1751 1934 2204 2007 prohibeantur.

561 2026 821 2078 attamen
847 2024 1102 2097 publicae
1130 2024 1578 2094 gubernationis
1608 2040 1793 2081 causa
1838 2029 2016 2096 atque
2046 2039 2209 2080 com-

560 2112 722 2167 modi
753 2113 1215 2185 imperatoribus
1246 2115 1685 2187 permittuntur.

558 2202 692 2254 οὕτω
758 2223 867 2265 πως
925 2203 1227 2276 συμϐαίνειν
1287 2226 1299 2237 ο

557 2311 627 2363 μη
639 2294 774 2352 θείας
793 2295 953 2365 χάριν
978 2299 1066 2346 καὶ
1096 2302 1187 2346 τοῦ
1231 2298 1599 2368 συμφέροντος.

628 2383 896 2452 51.107
930 2383 1109 2451 Igitur
1143 2383 1487 2454 imperator,
1521 2383 1702 2438 modo
1720 2382 1779 2437 in
1803 2397 1925 2454 quo
1942 2381 2209 2437 diximus

556 2468 872 2538 quaestioni
927 2469 1047 2525 ﬁne
1092 2471 1396 2541 imposito,
1455 2472 1749 2527 Orientem
1803 2470 2198 2542 progreditur,

557 2559 616 2610 et
657 2555 997 2612 Michaelem
1051 2559 1425 2614 Comnenum
1506 2564 1852 2631 suspectum
1918 2557 2199 2613 habebat.

557 2644 810 2709 Quando
833 2661 969 2701 vero
999 2650 1056 2702 et
1080 2647 1311 2716 generis
1332 2647 1624 2703 claritudo
1653 2652 1709 2703 et
1737 2663 1872 2702 cum
1907 2646 2039 2718 ipso
2060 2661 2196 2702 con-

551 2734 574 2807 j
584 2734 804 2799 unctio,
828 2750 1063 2792 necnon
1081 2752 1219 2792 cum
1246 2737 1633 2807 magnatibus
1660 2736 1756 2793 atii
1768 2737 1921 2793 nitas
1943 2752 2060 2792 non
2081 2751 2210 2809 per-

554 2823 869 2881 mittebant
890 2826 1231 2898 imperatori
1289 2831 1354 2883 ut
1391 2843 1485 2882 res
1524 2826 1603 2882 ab
1643 2842 1713 2882 eo
1745 2830 1940 2896 gestas
1965 2826 2211 2882 haberet

555 2914 944 2985 contemptui,
968 2915 1143 2971 mittit
1164 2931 1298 2971 eum
1324 2916 1398 2971 ad
1436 2916 1790 2981 Manuelem,
1820 2916 1923 2988 qui
1955 2930 2027 2970 ea
2065 2920 2210 2970 tem-

552 3006 780 3075 pestate
798 3002 1234 3075 patriarchatus
1248 3003 1668 3075 gubernaculis
1683 3003 2005 3073 assidebat,
2013 3004 2209 3060 virum

554 3092 769 3164 pietate
808 3093 1108 3164 insignem
1163 3099 1219 3149 et
1264 3094 1400 3150 vitm
1452 3094 1741 3159 instituto,
1782 3093 1916 3149 licet
1956 3109 2208 3149 uxorem

552 3181 842 3245 duxisset,
861 3183 1296 3251 venerandum,
1312 3184 1515 3239 literas
1536 3189 1737 3239 tamen
1754 3183 1917 3239 haud
1935 3183 2202 3249 doctum,

554 3287 690 3326 cum
721 3287 831 3327 nec
856 3287 1064 3328 eorum
1096 3272 1450 3328 sententiam
1482 3289 1618 3345 quas
1675 3273 1802 3344 ipse
1833 3279 2207 3344 percurrerat

552 3365 790 3431 caperet
843 3379 855 3429 ;
911 3377 1094 3432 quem
1144 3362 1362 3433 scripto
1409 3362 1733 3434 imperator
1767 3362 2092 3433 compellat
2141 3367 2204 3418 ut

551 3449 1000 3522 prenisquoque
1018 3451 1239 3506 exactis
1252 3451 1592 3507 Michaelem
1618 3453 1986 3507 Comnenum
2019 3451 2202 3506 incre—

552 3543 740 3609 paret,
758 3538 1011 3610 jureque
1036 3539 1298 3610 jurando
1323 3539 1507 3595 ﬁdem
1530 3539 1684 3595 illius
1714 3539 2202 3609 alligaret,nullas

553 3642 691 3681 eum
731 3628 1128 3698 imposterum
1162 3628 1453 3684 adversus
1488 3629 1912 3701 imperatorem
1953 3629 2203 3684 insidias

553 3714 898 3771 moliturum
908 3716 1041 3785 ,sed
1062 3717 1249 3771 ﬁdum
1273 3734 1341 3773 ac
1367 3718 1779 3790 incorruptum
1803 3719 1861 3773 in
1885 3718 2201 3774 dominum

553 3803 776 3859 amoris
802 3803 1156 3877 obsequium
1171 3805 1593 3870 exhibiturum,
1623 3806 1727 3861 Ubi
1744 3822 1815 3862 ea
1848 3822 1942 3861 res
1958 3806 2043 3862 sic
2067 3822 2203 3861 evc-

551 3892 658 3959 nit,
672 3892 997 3965 imperator
1010 3894 1382 3949 Comnenum
1398 3895 1455 3950 in
1472 3894 1723 3964 gratiam
1736 3893 1965 3966 recipit,
1998 3894 2202 3967 illique

551 3981 747 4038 fratris
785 3982 877 4038 sui
926 3982 1421 4039 sebastocratoris
1479 3984 1689 4039 lsaacii
1741 3987 1914 4040 Ducas
1958 3988 2198 4056 neptem

550 4071 922 4128 Theodoram
935 4077 1191 4144 nuptum
1208 4072 1566 4145 deditquam
1581 4073 1822 4128 unicam
1838 4077 2004 4145 pater
2017 4073 2195 4135 illius,

552 4161 1039 4217 sebastocratoris
1064 4161 1220 4216 ﬁlius
1249 4163 1531 4227 Joannes,
1566 4163 1625 4217 in
1650 4162 2053 4218 adolescentia
2078 4161 2199 4219 fato

552 4248 809 4320 functus,
842 4249 1179 4321 reliquerat.
1206 4250 1653 4323 Obiitequidem
1686 4251 1779 4306 ille
1796 4267 1982 4307 uxore
2004 4251 2198 4307 Eudo-

553 4337 645 4391 cia
674 4337 879 4406 Angeli
910 4338 1160 4392 Joannis
1182 4338 1303 4393 ﬁlia
1351 4339 1561 4407 vidua,
1607 4339 1836 4411 pupilla
1888 4355 2028 4395 vero
2077 4340 2202 4396 ﬁlia

555 4424 897 4491 Theodora,
928 4442 1062 4498 quae
1098 4426 1228 4497 jam
1268 4432 1392 4482 tum
1431 4443 1553 4483 non
1605 4427 1937 4483 infelicibus
1986 4429 2201 4484 avibus

553 4516 859 4570 Comneno
911 4514 1173 4571 Michaeli
1228 4518 1440 4586 juncta
1506 4516 1718 4577 fuerat.
1755 4516 1977 4583 relicta,
2012 4523 2203 4574 mater

551 4602 848 4676 siquidem
880 4603 1036 4659 illius
1074 4604 1354 4667 Eudocia,
1377 4605 1509 4661 licet
1534 4604 1779 4660 ﬂorente
1802 4605 2052 4676 juventa
2089 4606 2199 4664 fer-
2237 4592 2278 4645 θ

550 4693 713 4763 vida,
750 4694 924 4766 108
947 4694 1069 4749 viro
1092 4709 1294 4750 carere
1316 4694 1527 4751 maluit
1555 4711 1625 4751 ac
1657 4697 1933 4751 virtutem
1967 4699 2197 4768 sectari,

550 4784 669 4839 Deo
694 4784 860 4855 freta,
886 4784 981 4840 cui
1012 4799 1076 4839 se
1102 4784 1498 4856 fortunasque
1518 4801 1659 4840 suas
1682 4784 2021 4843 devoverat.
2051 4786 2199 4842 Hinc

549 4876 703 4931 Deus
742 4875 1016 4931 virtutem
1048 4874 1432 4931 matrimonio
1462 4876 1892 4948 compensavit.
1954 4878 2019 4933 Et
2067 4876 2197 4932 haec

548 4965 794 5037 quidem
830 4965 911 5021 ita
935 4980 999 5020 se
1028 4964 1314 5021 habuere.

2318 1843 2590 1899 ἐπιδοῦναι
2643 1854 2715 1897 τῶ
2768 1852 3016 1917 Κομνηνῷ
3066 1843 3289 1915 Μιχαὴλ
3347 1842 3421 1905 εἰς
3483 1844 3749 1914 ὁμόκοιτιν.
3791 1838 3862 1891 Ἦν

2318 1932 2377 1988 δὲ
2414 1935 2545 1992 αὕτη
2593 1938 2724 2009 πρὸς
2769 1938 2857 1985 τὸν
2922 1931 3144 2005 Μιχαὴλ
3193 1930 3384 2003 ἀνεψιά
3451 1924 3859 2003 δευτερεξαδιλφον

2318 2026 2573 2096 θυγάτηρ.
2623 2022 2779 2077 Ἀλλὰ
2829 2029 2982 2075 τοῦτο
3036 2026 3126 2074 καὶ
3169 2021 3254 2074 ἐπὶ
3314 2028 3389 2090 τῷ
3435 2018 3641 2092 βασιλεῖ
3685 2016 3847 2086 Ἰωάγδῃ

2314 2112 2503 2185 ἕγενετο
2528 2117 2617 2165 καὶ
2647 2112 2696 2164 ἐν
2742 2111 2976 2165 πελίοσιν
3022 2110 3215 2176 ἀλλοις,
3269 2115 3362 2162 καὶ
3406 2108 3550 2161 εἴωθε
3586 2109 3647 2159 τά
3688 2112 3858 2158 τοιαῦτα

1359 2203 1453 2256 κάν
1505 2207 1607 2279 γὰρ
1668 2212 1727 2277 τῇ
1779 2202 2068 2276 Ἐκκλησία
2131 2202 2436 2272 κεκώλυται,
2497 2200 2625 2254 ἀλλά
2687 2207 2797 2263 τοῖς
2841 2199 3149 2274 βασιλεῦσιν
3197 2198 3392 2272 ἐφεῖται
3440 2202 3533 2261 τῆς
3570 2204 3729 2257 κοινῆς
3773 2213 3857 2265 προ·

2389 2399 2481 2435 να.
2541 2387 2600 2432 Ὁ
2646 2382 2736 2452 μὶν
2783 2379 2830 2413 ³⁸
2871 2375 2959 2431 οὖν
2991 2376 3238 2451 βασιλεύς
3267 2377 3463 2430 οὑτωσὶ
3519 2378 3583 2428 τὰ
3632 2381 3718 2434 τῆς
3768 2373 3856 2423 ὐπο-

2321 2470 2507 2531 θέσεως
2569 2466 2826 2530 διαλύσας
2868 2467 2941 2529 εἰς
2991 2471 3083 2526 τὴν
3120 2468 3185 2519 ἕω
3244 2464 3425 2540 ἀπῄει,
3476 2467 3501 2517 6
3536 2462 3594 2518 δε
3646 2464 3856 2535 Κομνηνὸς

2318 2558 2558 2629 Μιχαὴλ,
2619 2560 2684 2619 ὡς
2741 2558 2980 2632 εἰρήκειν,
3034 2555 3369 2613 ὑπεϐλέπετο.
3421 2556 3559 2609 Ἐπεὶ
3609 2550 3663 2606 δε
3710 2554 3853 2604 τὸτοῦ

2317 2654 2492 2721 γένους
2545 2652 2812 2723 περιφανες
2867 2652 2954 2700 καὶ
3025 2652 3151 2722 πρός
3206 2647 3365 2699 αὐτὸν
3435 2648 3680 2717 συγγενὲς,
3726 2646 3785 2695 ἔτι
3814 2659 3855 2711 γε

2317 2742 2420 2810 μὴν
2480 2741 2538 2789 τὸ
2594 2741 2726 2807 πρὸς
2771 2739 2889 2797 τούς
2936 2736 3189 2809 μεγάλους
3230 2741 3445 2807 γνήσιον
3486 2736 3662 2786 τούτου
3705 2728 3779 2789 οὖς
3798 2729 3853 2779 εἷα

2316 2830 2403 2879 τὸν
2467 2825 2690 2899 βασιλέα
2726 2825 2775 2878 ἓν
2839 2830 3208 2901 περιφρονὴσιι
3265 2829 3435 2898 φόριιν
3462 2826 3526 2876 τὰ
3570 2820 3674 2873 κατ’
3720 2817 3849 2877 αὐτὸν,

2315 2920 2367 2967 τί
2404 2922 2544 2968 ποιεῖ
2596 2934 2608 2983 ;
2656 2915 2852 2967 Στελλιι
2907 2922 3089 2967 τουτον
3143 2916 3272 2988 πρὸς
3322 2916 3414 2966 τὸν
3452 2911 3776 2986 πατριάρχην.
3812 2902 3851 2953 ’0

2317 3003 2562 3063 Μανουὴλ
2614 3003 2695 3076 (8)
2739 3001 2800 3063 ἦν
2852 3008 2969 3057 τότε
3013 3005 3080 3056 τά
3132 3011 3223 3064 τῆς
3275 3004 3634 3078 πατριαρχίας
3661 2994 3848 3049 δηθύνων

2314 3090 2572 3162 πηδάλια,
2619 3091 2747 3168 ἀνὴρ
2821 3092 3069 3156 εὐλαϐοῦς
3139 3098 3229 3146 καὶ
3301 3092 3427 3166 βίου
3504 3095 3587 3143 καὶ
3654 3084 3849 3139 πολιτείας

2317 3191 2522 3255 σεμνῆς,
2573 3183 2617 3235 εἰ
2663 3188 2751 3236 καὶ
2806 3187 3015 3254 γυναικὶ
3080 3183 3368 3253 συνεζύγη,
3409 3180 3565 3241 ἄλλως
3614 3174 3667 3230 δε
3706 3173 3754 3227 οὗ
3785 3186 3846 3222 Fl-

2313 3277 2611 3345 πειραμένος
2660 3274 3005 3348 γραμμάτων,
3072 3268 3196 3324 οὐδε
3262 3272 3333 3323 ὧν
3401 3269 3714 3341 ἀνεγίνωσκεν
3768 3258 3846 3312 ἄνευ

2311 3360 2496 3413 λίττων
2528 3366 2622 3420 τὴν
2643 3364 2853 3415 ἔννοιαν.
2900 3366 3002 3414 Καὶ
3028 3362 3215 3436 γράφει
3249 3364 3378 3436 πρὸς
3419 3362 3593 3412 τοῦτόν
3651 3356 3673 3407 6
3724 3350 3838 3436 ﬂuat-

2311 3450 2425 3512 λεὺς
2464 3450 2732 3523 ἐπιτιμίων
2778 3435 3154 3503 καθυποϐαλεῖν
3214 3435 3303 3503 τὸν
3366 3450 3617 3521 Κομνηνὸν
3672 3435 3841 3513 Μιχαὴλ

2310 3544 2400 3591 καὶ
2427 3540 2596 3613 ὃρκοις
2621 3540 2776 3591 αὐτὸν
2802 3536 3126 3612 ἐμπεδῶσαι,
3181 3544 3253 3612 μὴ
3302 3541 3365 3592 ἄν
3419 3557 3540 3592 ποτε
3583 3531 3842 3609 βουληθῆναι

2311 3627 2556 3680 ἀπιστίαν
2617 3631 2752 3681 κατά
2798 3636 2890 3681 τοῦ
2950 3627 3206 3701 βασιλέως
3272 3629 3571 3701 μελετῆσαι,
3632 3621 3841 3694 φυλάττειν

2312 3714 2371 3770 δὲ
2409 3719 2641 3790 καθαρὰν
2691 3717 2850 3770 αὐτοῦ
2881 3722 2974 3775 τὴν
3011 3721 3139 3790 πρὸς
3184 3720 3271 3769 τὸν
3331 3723 3609 3790 κρατοῦντα
3642 3708 3837 3764 διάθεσιν.

2311 3808 2386 3879 [Ρ.
2414 3808 2502 3878 55]
2536 3811 2709 3878 Γέγονε
2762 3814 2947 3873 ταῦτα,
3004 3812 3094 3859 καὶ
3132 3807 3157 3858 6
3208 3805 3460 3879 βασιλεὺς
3510 3808 3591 3856 τόν
3636 3794 3838 3870 Κομνηνὸν

2311 3892 2585 3959 ἀνεδὲξατο
2626 3895 2870 3967 Μιχαὴλ,
2909 3901 2996 3948 καὶ
3047 3896 3327 3967 ζεύγνυσιν
3378 3895 3513 3965 αὐτῷ
3570 3891 3630 3951 εἰς
3670 3888 3840 3959 γυναῖκα

2309 3993 2403 4038 τοῦ
2458 3982 2682 4057 ἀδελφοῦ
2731 3984 2893 4037 αὐτοῦ
2940 3992 3034 4037 τοῦ
3096 3984 3593 4058 σεϐεαστοκράτορος
3634 3973 3836 4031 Ἰσααιίου

2308 4082 2400 4127 τοῦ
2431 4077 2600 4127 Δούκα
2641 4073 2857 4145 ἕγγόνην
2903 4078 2998 4132 τὴν
3037 4071 3338 4147 Θεοδώροιν,
3384 4082 3446 4133 ῆν
3504 4074 3651 4143 μόνην
3707 4064 3728 4114 ὁ
3772 4074 3836 4147 ’τέ’

2307 4168 2405 4237 τὴρ
2433 4163 2592 4223 αὐτῆς
2629 4143 3012 4223 καταλελοιπὼς
3067 4164 3091 4214 6
3138 4143 3229 4215 του
3282 4159 3730 4233 σεϐαστοκράτορος
3758 4143 3833 4202 υἱός

2310 4252 2548 4315 Ἰωάννης
2599 4255 2675 4305 ἔτι
2726 4251 2774 4303 ἓν
2826 4252 3061 4325 μιίραξιν
3110 4252 3178 4304 ὧν
3237 4256 3297 4305 τὸ
3359 4256 3525 4324 χρεὼν
3572 4245 3833 4316 ἑξαμέτρησεν

2309 4349 2485 4417 χήραν
2541 4346 2630 4415 μὲν
2669 4347 2762 4401 τήν
2830 4342 2990 4395 αὐτοῦ
3042 4346 3273 4413 γαμετὴν
3325 4338 3572 4395 Εὑδοκίαν
3609 4327 3832 4425 ἀφεὶς,

2310 4440 2401 4484 τοῦ
2432 4432 2677 4504 Ἀγγέλου
2718 4432 2953 4485 Ἰωάννου
2995 4434 3273 4507 θυγατέρα,
3331 4433 3547 4504 ὀρφανὴν
3590 4421 3641 4476 δὲ
3674 4424 3748 4475 τὴν
3771 4421 3834 4507 τάξ

2310 4528 2401 4573 τοῦ
2439 4523 2697 4594 θυγατέρα
2727 4517 3025 4594 Θεοδώραν,
3070 4523 3187 4581 ἣτις
3244 4521 3478 4592 εὐτυχῶς
3529 4522 3594 4584 τῷ
3644 4516 3830 4603 Κομνηνξυ

2310 4616 2425 4663 τότε
2474 4610 2781 4670 συνίζευκτο
2835 4609 3073 4681 Μιχαὴλ.
3126 4608 3185 4663 Ἠ
3232 4612 3332 4681 γὰρ
3374 4612 3541 4682 μήτηρ
3597 4600 3732 4654 αὐτῆς
3764 4597 3831 4643 59‘

2311 4696 2469 4752 δοκία
2510 4704 2682 4751 καίτοι
2732 4719 2792 4771 γε
2839 4703 2926 4752 νέα
2971 4695 3107 4752 οὖσα
3161 4703 3295 4751 πάνυ
3340 4702 3429 4756 τὴν
3475 4694 3674 4767 χηρείαν
3705 4685 3827 4777 φέρεξν

2310 4790 2612 4855 ἠσπάσατο,
2682 4787 2867 4863 ἀρετὴν
2928 4785 2987 4841 δὲ
3041 4787 3197 4861 ἐφιλει
3251 4793 3341 4841 καὶ
3393 4786 3609 4852 καθάπερ
3636 4782 3827 4863 “potia-IV"

2309 4896 2427 4949 χειν
2470 4884 2603 4948 Θεῷ.
2664 4881 2758 4930 Διὰ
2793 4885 2961 4929 ταῦτα
3020 4882 3109 4929 καὶ
3155 4876 3484 4949 ἀντιμισθίαν
3526 4857 3823 4934 ἀντιλαμϐανει

2308 4969 2438 5040 πρὸς
2471 4974 2583 5037 Θεῷ
2610 4969 2667 5018 τὸ
2689 4962 2872 5028 κῆδος.
2896 4971 2995 5019 Καὶ
3014 4973 3182 5018 ταῦτα
3218 4969 3308 5037 μὲν
3329 4968 3481 5036 ἔσχεν
3510 4957 3665 5013 οὕτως.

619 5053 668 5129 ξ⁸
702 5055 743 5107 ῐ)
769 5070 781 5107 :
809 5059 909 5105 Καὶ
939 5054 1010 5116 εἰς
1039 5055 1103 5107 ἕω
1133 5050 1553 5129 διαπεραιοῦται,
1582 5059 1671 5107 καὶ
1704 5057 2024 5129 συζευγνυσι
2047 5061 2120 5125 τῷ
2151 5053 2372 5126 Μιχαὴλ
2394 5063 2466 5125 τῷ
2515 5061 2761 5127 Κομνηνῷ
2803 5055 2872 5116 εἰς
2920 5062 3147 5126 γυναῖκα
3193 5061 3284 5107 τοῦ
3324 5050 3537 5129 ἀδελφοῦ
3583 5042 3823 5129 αὖῖοῧοὲἶν

550 5116 1320 5199 σεϐαστοκράτοροςίῐσαακίου
1352 5116 1565 5198 ἐγγόνην
1588 5132 1679 5185 τὴν
1712 5116 2012 5199 Θεοδῶραν,
2036 5116 2098 5184 ἣν
2127 5116 2286 5198 μόνὲῖν
2313 5127 2339 5178 6
2374 5116 2547 5199 πατὴρ
2572 5116 2813 5190 ⁹Ϊωάννης
2840 5116 3107 5180 κατέλιπεν
3141 5130 3233 5180 σὺν
3260 5134 3322 5199 τῇ
3352 5116 3506 5182 αὐτῆς
3531 5116 3669 5191 μητρὶ

3704 5098 3805 5160 Εὐδο

548 5198 640 5267 κίᾳ
662 5202 722 5267 τῇ
756 5195 847 5247 τοῦ
888 5195 1131 5267 Ἀ’γγέλου
1158 5195 1392 5250 Ἰωάννου
1418 5195 1706 5265 συνοῦσαν,
1739 5206 1799 5270 τῇ
1849 5195 1958 5269 θέίᾳ
1985 5206 2082 5249 τῶν
2111 5195 2633 5273 στρατηγουπούλων.

1433 5374 1774 5444 Theodori
1823 5377 2073 5444 Dousa:
2120 5384 2186 5443 et
2231 5374 2483 5445 Leonis
2532 5376 2766 5444 Allatii
2815 5385 3020 5444 notae.

618 5551 703 5627 (8)
722 5551 780 5607 Ὀ
810 5552 1098 5627 Μανοτήλκ
1134 5555 1258 5609 Non
1311 5568 1454 5627 ergo
1510 5553 1815 5627 Arsenius,
1864 5559 1928 5611 ut
1969 5554 2199 5627 Phran—

542 5622 638 5685 za.‘
676 5622 965 5697 Gregoras
1017 5622 1257 5700 (Ὅμως
1302 5622 1474 5692 ἔδοξεν
1530 5627 1703 5700 ὅρκοις
1756 5622 1913 5680 αὐτὸν
1966 5625 2191 5701 βεϐαιώο

2312 5575 2496 5622 σαντα,
2514 5561 2626 5614 etc.
2644 5555 2832 5613 Verba
2845 5555 3034 5612 habes
3049 5552 3333 5627 superiori
3352 5522 3813 5627 capite.u§ed‘l§lf"3is

2301 5608 2959 5686 distineié'aaéaarna
2977 5608 3505 5700 animum.
3541 5617 3618 5677 52,
3641 5608 3733 5662 Αιι
