4084 6212
545 302 681 356 1119

1819 292 2105 350 GEORGII
2160 289 2622 350 ACROPOLIT/E

3731 300 3746 352 l
3757 302 3832 355 {20

539 420 826 483 ratorisin
839 420 1010 495 pejus
1023 418 1250 483 ruebat.
1274 434 1411 474 cum
1437 418 1613 475 solito
1627 418 1805 489 longe
1822 418 2193 490 frequentius
2228 466 2229 472 η

2317 423 2413 477 τοῖς
2451 414 2671 476 πολλοῖς.
2705 413 2864 471 Ἐπὰν
2905 411 2965 468 δε
3022 415 3095 478 εἰς
3138 414 3388 491 λόγισμὸν
3443 416 3661 490 ἕπανῆκε,
3700 422 3834 495 σχολῇ

542 514 707 571 malo
736 513 1108 568 divexaretur
1133 523 1461 581 carnesque
1502 507 1980 571 absumerentur,
2021 510 2064 578 ι
2083 509 2194 580 ιο

542 602 709 676 quod
734 599 992 656 deterius
1015 596 1279 653 habebat
1295 601 1352 652 et
1372 596 1449 653 ali
1474 613 1593 652 non
1616 602 1869 669 poterat.
1891 598 2035 652 Cum
2054 612 2195 667 ergo

542 691 914 747 medicorum
945 688 1253 758 ingenium
1292 686 1369 742 de
1427 685 1798 742 restituenda
1858 685 2197 741 valetudine

542 781 939 852 desperasset,
1004 780 1068 831 ut
1104 776 1400 848 respirare
1441 776 1571 849 ipse
1611 774 1927 848 paululum
1966 779 2195 847 posset,

541 872 860 941 Smyrnam
895 867 1001 922 iter
1026 865 1372 935 meditatur,
1404 870 1467 921 ut
1511 866 1829 935 Christum,
1880 865 1984 937 qui
2011 865 2071 920 in
2126 881 2199 921 ea

540 957 853 1027 insigniter
877 954 1109 1018 colitur,
1130 954 1407 1010 adoraret
1428 953 1827 1027 precibusque
1853 952 2059 1009 effusis
2085 953 2201 1009 sibi

542 1046 868 1121 propitium
890 1045 951 1099 in
993 1048 1156 1099 tanto
1194 1043 1519 1099 infortunio
1557 1043 1851 1113 redigeret
1920 1042 2199 1111 Accessit,

542 1136 772 1203 omnia,
813 1134 898 1189 uti
963 1134 1318 1201 instituerat,
1392 1132 1658 1205 perfecit,
1728 1148 1838 1187 nec
1897 1136 2097 1187 tamen
2128 1147 2202 1187 ex

542 1225 757 1282 morbo
778 1222 1098 1279 convaluit.
1129 1225 1305 1277 Porro
1328 1222 1387 1277 in
1418 1220 1780 1293 Periclystris
1820 1236 2202 1277 commorans

546 1315 736 1386 (locus
764 1314 812 1368 is
830 1316 918 1369 est
942 1327 1131 1384 prope
1156 1314 1497 1384 Smyrnam,
1531 1311 1696 1383 quod
1728 1310 1995 1383 undique
2019 1326 2204 1382 aqua-

543 1420 680 1460 rum
721 1403 897 1474 copia
936 1399 1403 1467 circumﬂuatur,
1449 1400 1531 1454 sic
1571 1400 1787 1468 dictus)
1829 1400 2040 1470 majori
2080 1399 2203 1455 sive

544 1492 746 1566 potius
778 1490 1056 1545 atrociori
1095 1488 1256 1544 malo
1296 1504 1641 1560 oppressus,
1683 1486 1823 1542 inde
1864 1487 2199 1557 discedens,

547 1596 685 1637 cum
710 1578 1067 1648 gravissime
1129 1592 1379 1647 corpore
1436 1580 1762 1646 urgeretur,
1797 1576 2199 1648 Nymphaeum

548 1666 961 1741 proﬁciscitur,
995 1681 1105 1721 nec
1128 1666 1323 1734 regias
1347 1665 1571 1720 ibidem
1598 1665 1814 1721 domos
1838 1665 2053 1724 invisit.
2097 1663 2203 1719 sed

2305 510 2434 580 πρὸς
2463 508 2529 558 τὰ
2569 504 2819 578 βασίλεια
2866 504 3252 581 ἐπανέστρεφεν,
3308 506 3465 560 ἐνίοτε
3498 504 3554 560 δι
3605 515 3683 561 καὶ
3723 514 3841 584 φορά-

2307 592 2407 653 δην
2448 594 2530 647 ἰπὶ
2562 596 2743 668 θρόνου
2802 593 2850 646 ἓν
2893 603 3003 656 τοῖς
3059 594 3364 672 ἀνακτόροις
3416 599 3513 649 ὑπὸ
3559 606 3649 649 τῶν
3686 598 3842 653 οἰκείων

2306 688 2485 756 ἤγετο.
2513 684 2658 737 Ἐπεὶ
2686 680 2746 736 δι
2774 685 2804 742 ἠ
2838 688 2987 745 νόσος
3051 685 3324 756 ἓπηύξανε,
3372 690 3429 738 τὸ
3476 695 3619 759 σῶμα
3662 696 3740 740 τοῦ
3767 687 3846 761 βει-

2311 773 2489 835 σιλέως
2548 777 2830 825 κατέπιπτε
2889 794 2903 806 ·
2957 780 3332 850 συνεχέστερον
3383 778 3485 848 γὰρ
3531 775 3706 852 ἤρξατο
3745 780 3844 831 πάνυ

2307 864 2474 933 τούτῳ
2503 864 2760 934 γίνεσθαι.
2817 862 3060 926 Σύντηξις
3113 871 3237 935 γοῦν
3268 860 3332 923 ἦν
3387 863 3526 935 αὐτῷ
3562 873 3653 917 τῶν
3703 885 3846 940 σαρκι·

2309 959 2432 1017 κῶν,
2465 951 2546 1022 [Ρ.
2579 950 2670 1025 56]
2702 956 2791 1003 καὶ
2820 955 2879 1004 τό
2938 947 3224 1027 δεινότερον
3253 954 3284 1013 ἠ
3321 951 3544 1026 ἀτροφία
3569 960 3729 1006 τοῦτον
3752 954 3850 1008 ἐπίε-

2313 1044 2415 1103 ζεν.
2448 1039 2589 1093 Ἐπεὶ
2640 1036 2727 1092 οὖν
2775 1047 2951 1114 χεῖρες
3001 1040 3188 1117 ἰατρῶν
3247 1041 3315 1102 εἰς
3377 1046 3472 1101 τὴν
3520 1047 3661 1095 νόσον
3704 1042 3850 1097 ἀπίκα-

2311 1149 2427 1203 μον,
2507 1131 2844 1204 παραμυθίαν
2900 1128 3211 1202 βουλόμενος
3272 1134 3468 1203 μικρὰν
3516 1130 3721 1206 ἔφευρεῖν
3761 1133 3851 1193 ἠθέ-

2310 1218 2466 1276 λησεν
2524 1218 2593 1280 εἰς
2635 1223 2728 1276 τὴν
2778 1221 3013 1293 Σμύρνην
3077 1217 3334 1287 ἀπελθεῖν,
3406 1221 3543 1280 ὅπως
3610 1228 3677 1290 τῷ
3732 1219 3852 1273 inim

2311 1312 2655 1381 προσκυνήσῃ
2689 1314 2905 1379 Χριστῷ
2937 1308 3053 1377 (13)
3106 1307 3443 1381 παράκλησίν
3472 1327 3523 1360 τε
3583 1314 3770 1366 ποιήσοι
3791 1315 3854 1361 καὶ

2315 1394 2458 1447 ἵλεων
2538 1394 2694 1447 αὐτόν
2765 1394 3137 1467 ἀπεργάσοιτο.
3217 1396 3558 1469 Ἀφικόμενος
3604 1392 3683 1449 οὖν
3733 1404 3854 1449 ταῦτα

2314 1488 2403 1557 μὶν
2441 1481 2777 1559 διεπράξατο,
2812 1482 3093 1557 ἀνακωχὴν
3142 1481 3203 1537 δὲ
3231 1493 3325 1537 τοῦ
3373 1487 3569 1546 πάθους
3614 1486 3708 1558 οὐχ
3732 1486 3853 1561 εὗρεν,

2315 1572 2421 1626 ἀλλ’
2477 1572 2525 1625 ἐν
2571 1580 2683 1635 τοῖς
2742 1573 3149 1648 Περικλύστροις
3230 1577 3574 1647 σκηνούμενος
3627 1576 3776 1645 (τόπος
3813 1570 3856 1627 δέ

2316 1661 2458 1715 ἐστιν
2489 1661 2637 1723 οὗτος
2672 1661 2829 1733 ἐγγύς
2864 1682 2964 1715 που
3013 1671 3111 1725 τῆς
3152 1665 3412 1737 Σμύρνης,
3448 1660 3541 1716 διὰ
3594 1667 3649 1715 τὸ
3690 1664 3848 1725 πολλοῖς

550 1758 611 1814 in
642 1756 827 1812 hortis
853 1755 1030 1824 regiis
1058 1770 1245 1827 prope
1262 1754 1870 1826 urbemimperatoria
1900 1754 2205 1809 ﬁnxitten-

2317 1758 2420 1811 τοίς
2485 1746 2652 1803 ὕδασι
2707 1750 3115 1824 περικλύζεσθαι
3159 1751 3295 1803 οὕτω
3347 1770 3459 1813 πως
3510 1751 3856 1824 κατονομαζόμι·

551 1846 740 1913 toria;
767 1842 1112 1900 ubietdiem
1143 1859 1320 1899 suum
1354 1842 1500 1898 obiit
1539 1847 1874 1899 extremum
1906 1843 2075 1898 tertio
2106 1858 2205 1899 ea-

549 1933 760 1990 lendas
787 1932 1152 2001 Novembris,
1189 1932 1499 2001 sexaginta
1525 1936 1581 1986 et
1610 1931 1764 1986 duos
1786 1947 1978 1987 annos
2010 1935 2204 2002 natus,

552 2027 619 2076 ut
641 2022 745 2094 qui
764 2020 920 2077 illius
943 2036 1037 2075 res
1084 2020 1351 2075 exactius
1418 2019 1809 2091 possidebant
1854 2019 2076 2075 dixere.
2125 2022 2211 2075 Ex

552 2110 647 2167 his
680 2109 917 2180 triginta
951 2114 1068 2165 tres
1085 2107 1272 2181 probe
1285 2109 1633 2180 integreque
1666 2113 2037 2179 regnaverat.
2072 2107 2211 2165 Leni

555 2200 759 2256 animo
782 2198 910 2265 fuit,
954 2214 1309 2271 semperque
1340 2214 1402 2253 se
1428 2198 1849 2254 humaniorem
1881 2198 2207 2271 prtebebat.

555 2289 904 2345 Familiares
936 2288 1176 2359 parcius
1206 2289 1674 2345 munerabatur:
1706 2291 1957 2355 exteros,
1985 2301 2212 2360 eosque

557 2378 662 2451 qui
682 2382 969 2448 tanquam
992 2377 1170 2447 legati
1196 2378 1271 2432 ad
1297 2393 1435 2432 eum
1466 2377 1793 2445 venissent,
1830 2376 2214 2447 magniﬁcen-

557 2467 807 2523 tioribus
844 2466 1284 2536 largitionibus,
1307 2472 1372 2523 ut
1394 2467 1471 2523 ab
1498 2467 1581 2522 eis
1606 2468 1969 2537 laudaretur,
1999 2465 2213 2522 afﬁcie-

559 2554 684 2612 bat.
728 2555 1047 2611 Amoribus
1091 2555 1501 2620 muliebribus,
1543 2560 1868 2628 postquam
1906 2556 2035 2627 ejus
2066 2570 2216 2611 uxor

559 2646 724 2699 lrene
755 2644 1103 2715 lmperatrix
1132 2659 1204 2699 ex
1230 2645 1344 2699 hac
1364 2644 1484 2699 vita
1508 2649 1861 2711 excesserat,
1905 2650 1961 2699 et
1985 2644 2219 2716 potissi-

559 2747 729 2788 mum
755 2731 1092 2788 Marcesinm
1127 2748 1261 2804 quae
1292 2748 1360 2787 ex
1383 2731 1545 2788 [talia
1570 2738 1833 2797 venerat,
1865 2737 2051 2788 Annae
2089 2732 2216 2805 qui-

561 2819 701 2876 dem
724 2820 1099 2893 imperatrice
1125 2837 1198 2877 ex
1236 2820 1547 2877 Alemania
1587 2822 1789 2877 uxoris
1829 2821 2213 2894 pedissequa,

563 2909 669 2965 sed
697 2926 834 2982 quae
860 2916 1070 2982 postea
1095 2910 1155 2966 in
1184 2926 1388 2967 amore
1412 2911 1631 2966 mmula
1654 2911 1862 2977 fuerat,
1882 2911 2141 2968 deditus.
2177 2914 2217 2967 Ε

562 2998 735 3069 cujus
762 3014 968 3054 amore
993 2999 1073 3054 ita
1109 3001 1275 3069 ιιι
1313 3000 1439 3070 ipse
1466 2998 1771 3070 pendebat
1811 3005 1873 3055 ut
1908 2999 1994 3055 illi
2033 2999 2218 3055 cocci-

562 3102 710 3144 neos
742 3088 975 3144 calceos
1009 3094 1240 3157 gestare
1278 3087 1618 3159 permiserit
1654 3092 1710 3143 et
1741 3104 1957 3159 sagum
1996 3092 2053 3144 et
2091 3088 2217 3143 frie-

562 3191 711 3231 num
731 3192 855 3233 non
884 3177 1129 3232 alterius
1156 3176 1371 3232 coloris
1401 3175 1730 3249 indulserit,
1775 3177 1976 3250 plures
2014 3177 2096 3232 illi
2134 3176 2218 3233 fa-

562 3265 762 3321 mulos
822 3282 1007 3339 quam
1072 3282 1225 3321 verae
1289 3265 1552 3321 dominae
1611 3264 1941 3333 donaverit,
1980 3265 2216 3339 aliaque

562 3355 966 3427 quampluima
977 3354 1323 3410 libidinibus
1336 3353 1413 3409 illi
1423 3371 1491 3409 us
1503 3354 1843 3410 deserviens
1858 3354 2211 3428 praestiterit.

564 3443 693 3499 Fuit
708 3443 790 3499 illi
820 3444 1061 3499 animus
1084 3442 1221 3498 belli
1251 3444 1462 3514 ingens
1492 3458 1563 3498 ac
1594 3442 1873 3499 tolerans.
1917 3443 2213 3499 Consertis

564 3533 809 3605 prmliis,
841 3531 1071 3587 variam
1099 3531 1306 3587 Martis
1348 3536 1569 3586 sortem
1608 3532 2017 3603 extimescens,
2060 3536 2118 3587 et
2152 3532 2213 3588 in

566 3622 678 3679 illis
699 3621 1086 3677 conserendis
1113 3620 1404 3675 incertum
1425 3620 1629 3675 animo
1683 3621 1940 3691 agitans,
1966 3621 2213 3679 minime

566 3709 992 3777 delectabatur,
1022 3708 1129 3765 sed
1153 3707 1494 3764 fortitudine
1516 3724 1586 3763 ac
1614 3710 1917 3780 patientia,
1942 3713 1999 3765 et
2026 3725 2212 3767 verno

2316 1842 2440 1905 νοςὶ,
2480 1839 2716 1911 μείζονος
2770 1839 2800 1897 ἣ
2858 1838 3047 1910 μᾶλλον
3104 1843 3348 1913 χείρονος
3399 1847 3492 1892 τοῦ
3544 1841 3726 1900 πάθους

2320 1930 2492 1980 σθετο.
2548 1929 2769 1981 Ἐκεῖθεν
2823 1924 2911 1979 οὖν
2965 1926 3167 2002 ἀπάρας
3218 1934 3463 2003 πονήρως
3498 1928 3609 1980 λίαν
3657 1930 3771 2000 ἔχων
3794 1934 3856 1979 τοῦ

2322 2023 2565 2090 σώματος
2591 2015 2976 2090 καταλαμϐάνει
3029 2020 3086 2070 τὸ
3117 2019 3414 2090 Νύμφαιον.
3450 2023 3549 2070 Καὶ
3595 2016 3641 2069 ἐν
3781 2024 3856 2076 τοῖς

2322 2105 2617 2178 βασιλικοῖς
2650 2106 2743 2158 οὐκ
2795 2104 3021 2165 ἀπῆλθεν
3068 2106 3378 2179 οἰκήμασιν,
3414 2105 3462 2158 ἕν
3521 2102 3580 2158 δὲ
3622 2112 3721 2167 τοῖς
3750 2104 3859 2175 ὶγγύς

2319 2216 2419 2248 που
2458 2204 2548 2255 τῆς
2576 2201 2760 2271 χώρας
2809 2194 3100 2267 βασιλείοις
3155 2200 3345 2257 κήποις
3421 2197 3518 2257 τὰς
3580 2193 3857 2266 ἁνακτορικὰς

2323 2287 2519 2347 σκηνὰς
2566 2281 2895 2358 ἐνιδρύσατο.
2927 2283 3089 2338 Ἐνθα
3134 2289 3228 2337 καὶ
3271 2289 3332 2337 τό
3378 2289 3549 2359 χρεὼν
3592 2283 3857 2356 ἐλειτούργη-

2324 2393 2381 2426 σε
2405 2378 2555 2447 τρίτη
2596 2370 2867 2426 καλανδῶν
2896 2373 3214 2448 Νοεμϐρίου,
3259 2373 3514 2437 ἑξήκοντα
3541 2378 3625 2426 καὶ
3658 2370 3741 2425 δύο
3764 2373 3855 2441 (li),

2322 2466 2392 2525 ὡς
2429 2466 2479 2515 οἱ
2534 2465 2600 2515 τὰ
2636 2468 2755 2536 περὶ
2803 2463 2962 2516 αὐτοῦ
3019 2461 3389 2538 ἀκριϐέστερον
3453 2459 3639 2523 εἰδότες
3672 2464 3857 2533 ἔφασκον,

2323 2553 2408 2610 ἔτη
2462 2550 2687 2624 βιώσας,
2744 2551 2797 2614 ἐξ
2826 2551 2893 2602 ὧν
2931 2553 3214 2625 τριάκοντα
3237 2556 3332 2604 καὶ
3388 2559 3527 2627 τρεῖς
3583 2548 3859 2624 βεϐασίλενκι

2323 2640 2487 2701 καλῶς
2524 2660 2579 2693 τε
2628 2645 2718 2692 καὶ
2770 2638 2998 2712 (queam.
3058 2646 3231 2715 ῐΙρᾱος
3281 2643 3384 2714 γὰρ
3444 2636 3506 2698 ἦν
3551 2659 3635 2691 και
3690 2640 3794 2709 πρὸς
3821 2638 3859 2686 τό

2326 2730 2800 2804 φιλανθρωπότερον
2859 2728 2938 2782 ἀεί
2996 2728 3282 2785 ἀπονεύων.
3359 2736 3576 2805 Δωρεαῖς
3773 2727 3858 2798 πρὸς

2324 2824 2448 2882 τοὺς
2482 2819 2641 2871 αὑτοῦ
2690 2820 2845 2877 ἧττον
2880 2818 3097 2893 ἐχρᾶτο,
3164 2822 3295 2891 πρὸς
3350 2816 3411 2872 δὲ
3454 2822 3571 2881 τοὺς
3607 2817 3771 2880 ξένους,
3800 2832 3859 2863 και

2326 2908 2515 2982 μᾶλλον
2570 2911 2686 2969 τοὺς
2758 2910 2827 2969 ὡς
2887 2906 3128 2982 πρέσϐεις
3207 2906 3568 2980 ἀφικομένους,
3622 2901 3859 2976 δαψιλεστέ-

2325 3017 2420 3071 ραν
2473 2997 2591 3069 (15)
2622 3001 2716 3054 τήν
2746 3003 2906 3071 χεῖρα
2952 3000 3268 3071 προύτεινεν,
3325 2997 3391 3049 ἶν’
3445 2996 3529 3049 ὑπ’
3577 2995 3724 3047 αὐτῶν
3759 2991 3857 3044 ἐπει·

2325 3094 2482 3142 νοῖτο,
2515 3086 2741 3161 Ἐρώτων
2783 3083 2843 3138 δί
2889 3085 3080 3144 θηλεων
3110 3088 3333 3145 ἡττᾶτο.
3382 3085 3437 3149 ἐξ
3464 3086 3581 3139 ὅτου
3610 3086 3638 3143 η
3688 3081 3858 3149 σύζυγος

2327 3176 2487 3228 αὐτοῦ
2515 3180 2606 3227 καὶ
2636 3173 2848 3245 βασιλὶς
2874 3174 3089 3247 Εἰρήνη,
3123 3173 3176 3238 ἐξ
3221 3173 3506 3248 ἀνθρώπων
3554 3173 3747 3245 ἐγένετο.
3767 3170 3856 3222 Μάσ

2324 3264 2480 3317 λιστα
2507 3261 2566 3317 δι
2599 3271 2691 3326 τῆς
2737 3261 2791 3325 ἐξ
2838 3262 3067 3325 Ἰταλίας
3121 3262 3377 3326 ἐλθούσης
3438 3266 3505 3323 ὡς
3555 3252 3858 3334 θεραπαινίδος

2322 3357 2414 3426 μὲν
2442 3362 2537 3414 τῆς
2562 3351 2615 3416 ἐξ
2642 3351 2943 3425 ’Δλαμάνων
2971 3351 3203 3424 συζύγου
3246 3347 3528 3426 βασιλίδος
3555 3348 3723 3409 Ἀννης
3754 3344 3851 3415 (l6),

2323 3440 2602 3503 ἀντιζήλου
2657 3438 2715 3494 δὲ
2762 3444 2960 3503 ταύτης
3023 3444 3373 3513 γεγενημένης
3425 3444 3732 3513 Μαρκεσίνης
3774 3430 3854 3503 (17)

2321 3551 2376 3585 τε
2412 3531 2796 3604 ὀνομαζομένης
2828 3538 2920 3583 τοῦ
2977 3533 3159 3605 ἔρωτος
3216 3533 3438 3599 ἣττητο,
3501 3533 3587 3582 καί
3629 3525 3675 3589 ἐς
3717 3527 3850 3576 τοσοῦ·

2321 3641 2406 3674 τον
2470 3627 2567 3681 τῆς
2621 3618 2825 3690 ἀγάπης
2891 3618 3051 3679 αὐτῆς
3098 3618 3409 3692 ἓξεκρέματο
3470 3620 3537 3680 ὡς
3582 3620 3664 3668 καὶ
3706 3606 3848 3665 πέδιλα

2319 3706 2676 3762 ὑποδεδεσθαι
2724 3704 2908 3761 δουναι
2959 3710 3120 3781 ταύτῃ
3177 3707 3479 3781 κοκκοϐαφῆ
3545 3709 3630 3757 καὶ
3676 3699 3851 3775 ἐφεστρὶ-

1432 3815 1773 3883 Theodori
1824 3817 2073 3884 Dousa!
2122 3827 2189 3885 et
2235 3817 2485 3887 Leonis
2534 3815 2767 3883 Allatii
2820 3825 3021 3883 notae.

678 3934 764 4005 13)
962 3931 1143 4006 ἐκεῖσε
1189 3936 1535 4006 προσπυνήση
1615 3939 1855 4005 Χριστῷ,
1954 3932 2016 4006 in
2111 3932 2225 3989 hac

572 4003 1179 4077 egritudineJoannis
1200 4003 1480 4077 pietatem
1510 4003 1968 4077 etnummorum
1991 4003 2050 4077 in
2080 4020 2227 4075 pau-

572 4019 1480 4130 zegrituoineioannistpietatem
1510 4019 1566 4058 et
1580 4019 1968 4059 nummorum
1991 4019 2050 4058 1n
2080 4020 2227 4075 pau-

568 4094 739 4153 peres
761 4076 1169 4153 profusionem
1214 4080 1573 4153 1_1_se_e_n_arrat
1598 4074 1882 4153 Georgius
1906 4074 2228 4153 Pachyme-

567 4144 794 4220 rius(p.
829 4148 940 4220 70),
983 4148 1148 4220 quia
1202 4146 1545 4203 Christianis
1601 4144 1975 4217 principibus
2037 4144 2227 4202 omni-

570 4235 650 4276 no
680 4219 1019 4274 audiendus
1054 4223 1162 4273 est.
1202 4224 1337 4274 ALL.

645 4290 756 4361 (14)
818 4289 1245 4361 Ἐξήκολνταῌκαὶ
1314 4284 1431 4341 δύο.
1497 4289 1808 4361 Gregoras.
1875 4303 1937 4359 p.
2008 4288 2094 4345 50.
2162 4290 2228 4345 Et

572 4357 715 4416 nota
739 4357 933 4431 annos
953 4359 1089 4414 vitae
1112 4359 1268 4413 illius
1287 4358 1689 4431 Acropolitam
1708 4357 2024 4431 numerare
2057 4375 2227 4431 sexae
2259 4360 2302 4414 ι)
2336 4360 2500 4415 fama
2534 4376 2567 4415 a
2595 4357 2916 4431 cupiditate
2947 4357 3046 4431 illa
3083 4357 3439 4431 revocarint.

573 4431 737 4501 ginta
768 4429 939 4495 duos,
973 4432 1297 4499 Gregoram
1321 4429 1631 4497 sexaginta
1660 4445 1673 4484 :
1707 4429 1764 4483 in
1786 4430 1961 4483 annis
1995 4430 2227 4501 imperii

575 4502 958 4568 conveniunt,
995 4517 1133 4555 cum
1174 4507 1421 4572 uterque
1448 4506 1565 4555 tres
1597 4505 1651 4555 et
1710 4501 1948 4570 triginta
1994 4502 2227 4573 imperii

574 4577 867 4629 numeret.
925 4579 1055 4627 ALL.

646 4645 760 4717 (15)
797 4642 1200 4718 Δαψιλεστέραν.
1258 4639 1665 4718 Admirabitur
1721 4656 2045 4718 nonnemo
2084 4659 2232 4716 qua-

574 4713 721 4795 nam
742 4713 974 4772 ratiOne
993 4713 1310 4795 ejusmodi
1326 4713 1861 4795 imperat-orequui
1887 4714 2070 4785 paulo
2092 4713 2228 4795 ante

573 4788 867 4861 reliquam
883 4783 1109 4861 regiam
1126 4783 1547 4859 supellectilem
1574 4783 1847 4841 hostibus
1859 4783 2160 4861 cesserant
2174 4793 2230 4861 et

575 4858 781 4916 omnia
816 4876 924 4915 sua
954 4858 1298 4924 amiserant,
1332 4862 1654 4925 exotorres,
1678 4862 1735 4912 et
1755 4873 1876 4912 non
1901 4859 2027 4914 sine
2048 4858 2229 4914 conti-

575 4932 711 4987 nuis
741 4932 957 5004 illsque
987 4929 1304 5004 immensis
1330 4927 1689 5001 sumptibus.
1730 4944 1892 5004 nunc
1933 4945 2069 5004 cum
2094 4929 2229 4984 Bul-

578 5003 761 5071 garis,
786 5000 947 5057 nunc
967 5018 1103 5057 cum
1127 5001 1357 5069 Latinis,
1382 5015 1542 5055 nunc
1580 5015 1717 5054 cum
1758 5000 2228 5071 Christianorum

576 5073 868 5140 hostibus,
901 5078 958 5145 et
994 5072 1162 5145 quod
1202 5072 1398 5145 majus
1439 5071 1700 5142 cuipiam
1771 5070 1953 5145 videri
1996 5070 2225 5143 poterit,

578 5160 715 5215 cum
749 5144 963 5198 Graecis
989 5141 1131 5215 ipsis
1151 5141 1588 5215 belligerantes,
1630 5146 1716 5197 tot
1753 5141 2229 5215 recolligereﬂpe-

579 5214 790 5269 cunias
806 5211 1125 5339 potuerint,
1141 5219 1205 5268 ut
1226 5211 1393 5283 larga
1414 5214 1590 5267 etiam
1616 5228 1797 5266 manu
1816 5211 2230 5281 largitionibus

580 5290 638 5339 et
668 5285 804 5339 retri
857 5284 1159 5339 utionibus
1192 5300 1334 5339 .non
1352 5283 1746 5339 familiaribus
1764 5283 1943 5338 modo
1957 5283 2059 5338 sed
2074 5288 2230 5339 exte-

580 5290 638 5341 et
668 5283 1159 5340 retributionibus
1192 5300 1334 5352 ,non
1352 5283 1746 5340 familiaribus
1764 5283 1943 5338 modo
1957 5283 2059 5338 sed
2074 5288 2230 5339 exte-

578 5356 683 5437 ris,
703 5371 885 5437 supra
906 5356 1083 5437 etiam
1104 5355 1531 5437 imperatorum
1560 5353 2053 5437 consuetudinem
2082 5354 2228 5437 etfu-

583 5425 834 5483 sissimis
854 5425 1240 5499 providerint.
1272 5426 1533 5483 Cessabit
1583 5425 1833 5499 omnino
1890 5425 2227 5499 admiratio,

584 5500 633 5556 si
662 5496 1013 5555 revocentur
1033 5499 1093 5555 in
1132 5499 1486 5555 memoriam
1525 5496 2117 5568 quaaAPachymerius
2155 5497 2230 5553 de

581 5570 794 5629 aerario
815 5571 1060 5627 Joannis
1094 5576 1148 5627 et
1176 5568 1464 5626 Theadori
1505 5566 1724 5638 scribit,
1756 5583 1816 5640 p.
1847 5566 1932 5623 68.
1964 5573 2098 5626 ALL.

652 5644 770 5718 (19)
789 5640 1005 5705 Ἀννης.
1040 5645 1267 5701 Mortua
1294 5653 1562 5712 namque
1600 5641 1767 5696 lrene
1804 5640 2041 5697 Annam
2110 5640 2231 5697 Ale-

2336 3948 2648 3995 mannam,
2694 3930 2976 3988 Manfredi
3018 3929 3227 3987 Sicilia;
3263 3931 3425 4002 regis
3455 3939 3721 4002 sororem,
3756 3932 3839 4002 ιιιο

2335 4020 2462 4060 rem
2492 4003 2677 4059 duxit.
2713 4004 3023 4074 Gregoras,
3058 4017 3113 4074 p.
3168 4005 3232 4058 45
3275 3997 3449 4059 δι’θι.
3485 3997 3851 4074 Pachymertiis

2334 4075 2437 4131 lib.
2459 4091 2540 4137 ιιι,
2564 4090 2623 4146 p.
2654 4065 2856 4146 l81,et
2881 4065 3121 4146 infra-p,
3159 4076 3279 4146 185.
3312 4074 3494 4146 Hujus
3522 4065 3854 4146 Annaposles

2335 4142 2656 4218 imperium
2686 4144 2961 4218 adeptus
2990 4142 3233 4218 Miehael
3262 4142 3620 4218 Palaéologus
3654 4142 3852 4218 maxime

2336 4202 2584 4290 cupiens
2615 4217 2740 4272 fuit.
2767 4202 2847 4271 Ita
2898 4231 2968 4271 ue
2998 4215 3394 4272 inﬂammatus
3416 4202 3649 4271 libidine
3681 4202 3853 4285 fereba-

2336 4294 2451 4342 tur.
2486 4292 2548 4342 ut
2565 4303 2756 4342 neque
2774 4232 2970 4342 pudor
2987 4302 3181 4342 neque
3199 4287 3393 4342 pietas
3408 4298 3593 4342 neque
3609 4281 3853 4342 hominm1

2336 4281 2451 4354 tur,
2486 4292 2548 4343 ut
2565 4303 2756 4360 neque
2774 4281 2970 4368 pudor
2987 4302 3181 4358 neque
3199 4287 3393 4359 pietas
3408 4298 3596 4409 neﬂue
3609 4281 3853 4361 hominum

2338 4360 2500 4409 fama
2534 4376 2567 4409 ει
2595 4358 2916 4409 cupiditate
2947 4357 3046 4409 illa
3090 4359 3439 4409 revocarint.
3527 4354 3700 4409 ulierls
3732 4346 3853 4401 caSll'

3527 4367 3700 4410 uueris
3732 4367 3853 4401 casu-

2338 4431 2605 4503 moniam
2658 4419 2715 4485 et
2753 4435 2909 4503 artes
2945 4435 3002 4483 et
3030 4429 3221 4503 ipsius
3259 4426 3625 4503 imperatoris
3652 4419 3851 4503 conatus

2337 4502 2778 4573 Pachymerius,
2812 4500 2913 4555 lib.
2938 4516 3022 4568 ιιι,
3048 4497 3107 4573 p.
3144 4501 3270 4573 181,
3301 4497 3603 4573 expressit,
3635 4497 3748 4573 ALL.

2409 4560 2910 4646 (17δΜαρκεσόνης.
2955 4560 3095 4627 Rem
3136 4560 3327 4646 fusius
3370 4560 3665 4646 pertractat
3689 4560 3850 4646 Θὶξεξξξ

2335 4622 2457 4713 ras;
2469 4622 2795 4717 ῤἠίὲῐιέόιιὲέ
2824 4622 2930 4698 Gre
2938 4622 3553 4717 gib'rZsaEs‘ieeﬁiid’m
3572 4622 3851 4717 ﬂammai:

2335 4721 2393 4771 et
2423 4702 2693 4771 exclusa‘
2715 4702 3036 4769 Marcesina
3081 4714 3160 4769 ab
3198 4702 3447 4769 ecclesia
3473 4708 3651 4767 tradit,
3681 4702 3851 4771 videtur

2335 4770 2605 4863 hausisse
2642 4803 2711 4841 ex
2731 4784 2994 4863 epistola
3008 4785 3309 4863 encyclica
3322 4786 3371 4856 ej
3380 4782 3575 4863 usdefn
3590 4770 3849 4863 NiQ‘jlfPO‘j;

2386 4835 3439 4929 manantia'iaaaieresiiaﬁbﬁ
3461 4835 3850 4929 semitis-ﬂ

2386 4873 2471 4913 uae
2502 4874 2645 4929 quia
2672 4873 2872 4913 aanuc
2893 4873 3115 4912 ineaua
3144 4873 3252 4924 est,
3273 4873 3439 4928 quoa
3467 4873 3639 4908 sciam
3663 4873 3847 4922 ινξορ-

2336 4873 2520 4998 gigna
2538 4929 2757 5001 sitque:
2770 4927 2849 4984 ob
2874 4930 3152 5001 pietatem
3170 4933 3539 5001 etsummum
3559 4922 3613 4977 in
3631 4913 3847 5001 Christig-

2336 4980 2851 5067 semissem
2870 4980 3587 5054 ieium'tErAquEinniuin
3612 4980 3844 5067 manibu§.

2336 5070 2431 5125 hic
2444 5066 2776 5126 exscribam
2802 5072 3017 5134 Graece;
3033 5084 3167 5141 quae
3186 5074 3304 5141 est:
3321 5066 3843 5141 Νικηφόρευμονασῖξῖν

2337 5117 2395 5195 ἔξ
2404 5117 2926 5199 ἶῖῦἑὰῖὶὸῖηὶἱᾶ
2936 5117 3020 5196 ξιξ
3028 5117 3169 5196 ﬂii};
3189 5117 3529 5210 Niéép‘hé;p‘
3546 5117 3844 5210 Blemmy‘df;

2340 5192 3091 5294 ἓιάηᾴὲῖιῖέέέῦέιέζίέἓδῖ
3112 5192 3846 5294 ῖὲυῠὲἷὲρξραίτξξέοἰεῗῧῗὲ

2337 5260 3490 5356 ᾗῗοὲῥῖὧῑῦἵηῖἶἿιιέἱιὶιᾙγὶἱεῖἷιίνῖᾱιῧ
3522 5276 3652 5356 C_um
3683 5260 3844 5356 ρςξξςὶ

2338 5338 2685 5425 ejusauaeda
2713 5338 3843 5460 aziwmmajoi'ipompaquamimagini"?

2341 5434 2398 5460 In
2427 5427 3086 5460 δηιυιηιρι-οιιηηοηιηωμηι
3136 5407 3735 5460 ηλξηηνοι-ρηιρηιηίιθ
3781 5413 3841 5452 m‘

2338 5407 2399 5482 ἑῖι
2426 5407 2689 5483 έὶιέἑᾶέὲ-’ὲ
2700 5407 3679 5497 5553mm;aisagessuzmu
3694 5407 3841 5497 ιίιὲζης

2336 5478 2945 5567 ἦέῄάέᾖὶοὸὶιὲὁέὶὶίᾱό
2961 5478 3838 5567 ὲάᾶἕάόῡὰϊὲΝίεερὴοὲρρηᾳρίιῇ
3937 5526 3942 5535 .

2338 5542 2769 5641 ὺὲὶίιιῆίὲὲιὶἑίαὲ
2781 5542 3156 5641 ἱῷἷῶἶῖῑὶἱιὲ
3172 5542 3320 5641 υίῗὸῖ
3339 5572 3445 5623 etc.
3460 5542 3597 5621 sane
3609 5552 3687 5641 hic
3692 5542 3839 5641 5131)”

2338 5624 2701 5714 Nicephorius
2721 5624 2758 5698 οξ
2788 5624 3140 5715 Blemmjda
3159 5624 3417 5697 delectus
3446 5646 3559 5692 non
3581 5627 3658 5685 est
3679 5624 3785 5676 ALL-
