4084 6212
270 311 401 364 “2|

1783 311 2131 367 ANNALES.

3505 317 3641 371 H22

266 429 369 495 δας
398 435 644 494 τοιαύτας
674 436 764 484 καὶ
825 430 1022 503 χαλινά
1074 430 1289 482 ἔπεσθαι
1326 448 1379 482 τε
1434 429 1564 503 αὐτῇ
1608 431 1812 494 πλείους
1843 434 1871 492 ἦ

1996 439 2252 506 tempore
2271 433 2330 489 in
2343 433 2610 492 hostium
2632 436 2782 493 locis
2805 433 3030 506 degens
3045 439 3100 491 et
3121 439 3323 491 aestate
3336 436 3639 505 trajiciens

264 530 327 595 τῇ
360 526 553 594 κυρίως
585 517 858 593 δεσποίνῃ,
920 519 1049 571 ἀλλά
1082 537 1135 571 τε
1169 518 1333 570 πολλά
1383 517 1542 571 ἐποίει
1591 529 1709 584 ταῖς
1750 521 1877 575 ἐκεί-

266 630 361 672 νης
424 607 682 664 δουλεύων
755 607 976 683 ὀρέξεσι.
1050 610 1368 683 Καρτερικὸς
1409 603 1467 660 δε
1499 604 1560 666 ἣν
1622 610 1771 672 οὗτος
1830 609 1877 661 ἐν

266 706 387 762 ταῖς
426 702 631 772 μάχαις
685 700 711 752 6
779 696 1049 771 βασιλεὺς,
1095 702 1326 758 καὶτοῖς
1352 700 1443 769 μὶν
1485 700 1621 750 κατὰ
1682 702 1880 752 συστά-

270 785 371 847 δην
438 788 683 861 πολέμοις
753 786 845 840 ούκ
919 788 1125 859 ἔχαιρε,
1206 789 1264 837 τό
1324 784 1738 859 ἀλλοπρόσαλλον
1790 795 1879 841 τοῦ

269 876 466 954 ’Ἄρεως
496 873 699 930 δειλιῶν
748 879 839 928 καὶ
891 879 950 927 τό
1003 876 1148 949 παρά
1198 876 1366 927 ταύτά
1408 870 1603 933 ἄδηλον
1634 876 1879 948 ὑπολογι-

274 970 486 1039 ζόμενος
518 987 531 999 ο
582 972 645 1038 τῇ
696 968 945 1040 καρτερίᾳ
998 960 1059 1016 δε
1113 969 1404 1037 χρώμενος,
1464 969 1554 1017 καὶ
1611 963 1880 1039 ἐνεαρίζων

269 1058 364 1128 μὴν
394 1055 468 1117 εἰς
493 1059 586 1114 τὴν
633 1062 734 1107 τῶν
785 1052 1023 1106 ἐναντίων
1074 1060 1173 1125 γῆν
1221 1057 1312 1105 καὶ
1365 1056 1459 1111 τὴν
1517 1055 1691 1128 θέρους
1746 1056 1881 1130 ὥραν

272 1141 621 1212 διαϐιϐάζων,
690 1145 766 1196 ἔτι
816 1139 876 1195 δε
931 1147 1019 1196 καὶ
1065 1145 1153 1200 τὴν
1194 1143 1479 1214 φθίνουσαν
1526 1141 1731 1217 ὀπώραν
1764 1140 1882 1196 δια-

1986 538 2096 578 nec
2118 539 2240 578 non
2265 528 2321 579 et
2348 533 2723 582 senescentes
2748 526 2973 581 fructus
3002 531 3344 597 expectans,
3368 527 3641 598 quando-

1985 628 2103 684 que
2121 613 2298 668 etiam
2322 613 2643 670 hibernans
2662 615 2973 671 victoriam
2997 614 3359 686 reportabat,
3386 614 3642 688 impera-

1989 699 2130 755 toris
2159 702 2491 758 constantia
2514 720 2585 759 ac
2615 704 2902 776 patientia
2927 703 3187 773 fatigatis
3215 702 3504 759 hostibus.
3532 707 3645 762 Mo-

1986 788 2135 843 ritur
2154 788 2480 861 imperator
2499 793 2761 848 Joannes
2784 792 3028 864 imperio
3057 791 3179 847 ﬁlio
3197 808 3307 847 suo
3336 792 3643 850 Theodoro

1988 883 2105 933 tres
2136 878 2454 949 ettriginta
2483 896 2676 937 annos
2709 883 2907 951 agenti
2928 880 3166 937 relicto:
3211 882 3473 937 totenim
3503 888 3644 939 aeta-

1988 965 2059 1021 tis
2092 966 2249 1023 illius
2284 969 2425 1023 anni
2464 974 2612 1042 quot
2636 975 2693 1025 et
2727 970 2961 1043 paterni
3008 970 3242 1042 imperii
3266 977 3433 1027 erant
3462 989 3474 1026 :
3504 988 3644 1028 cum

1988 1061 2304 1127 paternam
2326 1057 2487 1114 enim
2520 1058 2952 1116 acclamatione
2976 1059 3124 1117 forte
3149 1065 3206 1116 et
3231 1060 3462 1116 natales
3488 1060 3644 1117 illius

1989 1152 2437 1203 concurrerant.

270 1235 423 1304 νύων,
506 1232 667 1286 ἐνίοτε
742 1228 803 1285 δε
871 1235 961 1283 καὶ
1036 1230 1456 1305 παραχειμάζων
1533 1236 1627 1290 τὴν
1688 1239 1913 1285 νικῶσαν
2003 1232 2305 1306 ἐλάμϐανεν,
2382 1236 2782 1311 ἀποκαμνόντων
2842 1247 2943 1291 τῶν
3000 1238 3237 1291 ἐναντίων
3280 1247 3341 1312 τῇ
3398 1247 3489 1291 τοῦ
3548 1237 3645 1312 βα-

275 1322 461 1385 σιλέως
518 1321 759 1376 ἐνστάσει
810 1341 865 1375 τε
915 1326 1006 1374 καὶ
1060 1322 1318 1394 ὑπομονῇ.
1380 1322 1671 1380 Ἐτεθνήκει
1726 1326 1818 1394 μὲν
1858 1324 1883 1374 6
1942 1321 2187 1396 βασιλεὺς
2246 1327 2483 1387 Ἰωάννης
2539 1336 2611 1398 τῷ
2664 1330 2761 1399 υἱῷ
2811 1328 2971 1380 αὐτοῦ
3024 1324 3280 1401 Θεοδώρῳ
3334 1334 3425 1386 την
3484 1327 3647 1402 βασι-

271 1411 412 1464 λείαν
437 1411 834 1479 καταλελοιπὼς,
857 1411 1139 1484 τριάκοντα
1166 1414 1255 1462 καὶ
1276 1413 1557 1483 τριάκοντα
1586 1416 1674 1464 καὶ
1704 1417 1824 1486 τρία
1862 1414 1950 1470 ἔτη
1984 1409 2269 1469 διανύοντι.
2305 1420 2562 1477 Τοσούτός
2585 1420 2685 1492 γάρ
2714 1419 2739 1469 ὁ
2770 1422 2961 1492 χρόνος
2993 1417 3130 1487 αύτῷ
3176 1418 3366 1479 ὁπόσος
3412 1423 3505 1475 τὴν
3550 1439 3647 1470 πα.

273 1509 460 1578 τρικῆς
492 1500 767 1574 βασιλείας
791 1498 1047 1573 ἐτύγχανε
1083 1521 1096 1533 ·
1130 1495 1329 1572 σχεδὸν
1353 1504 1451 1574 γάρ
1482 1507 1540 1573 τῇ
1575 1508 1800 1575 πατρικῇ
1836 1498 2119 1577 ἀναρρήσει
2144 1508 2234 1556 καὶ
2256 1506 2284 1562 ἡ
2313 1507 2558 1575 ⁹γέννησις
2582 1503 2777 1558 ἐκείνου
2809 1501 3147 1579 ξυνέδραμεν.

347 1591 450 1662 νγ.
485 1589 621 1643 Ἀλλ’
672 1592 698 1642 ὁ
730 1588 978 1663 βασιλεύς
1040 1590 1086 1625 ⁸ο
1246 1585 1520 1662 Θεόδωρος
1571 1597 1670 1641 τῶν
1727 1587 1884 1662 βασι-

277 1677 426 1732 λείων
495 1678 773 1738 ἐπείληπτο
844 1680 1053 1753 θρόνων.
1139 1682 1245 1736 Τὴν
1318 1683 1684 1752 νενομισμένην
1759 1686 1886 1750 γοῦν

276 1770 429 1821 ὁσίαν
460 1763 692 1831 ἀποδούς
721 1766 807 1842 [Ρ.
842 1768 931 1841 57]
960 1775 1033 1839 τῷ
1060 1766 1270 1840 βασιλεῖ
1317 1772 1408 1820 καὶ
1457 1774 1638 1842 πατρὶ,
1676 1773 1765 1821 καὶ
1794 1788 1886 1822 κα-

284 1858 480 1918 θεσθεὶς
520 1855 596 1910 ἐπ’
637 1852 867 1917 ἀσπίδος
913 1858 983 1919 ὡς
1042 1857 1171 1925 ἔθος,
1229 1862 1319 1909 καὶ
1372 1857 1472 1909 ὑπὸ
1528 1859 1731 1909 πάντων
1790 1877 1884 1930 φη-

274 1948 483 2019 μισθεὶς
520 1946 857 2021 αὐτοκράτωρ
898 1945 1038 2018 (18),
1072 1952 1162 1998 τοῦ
1217 1950 1494 2018 Νυμφαίου
1545 1944 1746 2020 ἀπάρας
1801 1946 1884 2000 ἐπὶ

2064 1595 2151 1647 53.
2188 1591 2369 1662 lgitur
2392 1592 2718 1665 imperator
2755 1593 3094 1649 Theodorus
3121 1594 3351 1665 imperii
3398 1593 3648 1650 habenis

1994 1680 2309 1752 susceptis,
2352 1681 2654 1755 Justisque
2704 1681 3048 1753 imperatori
3103 1686 3159 1737 et
3187 1682 3365 1754 patri,
3389 1682 3474 1737 uti
3520 1682 3651 1737 ﬁeri

1991 1774 2177 1833 amat,
2204 1768 2399 1841 factis,
2432 1775 2488 1826 et
2538 1786 2720 1843 super
2758 1775 2993 1827 scutum
3023 1770 3316 1841 assidens,
3347 1770 3431 1826 uti
3463 1770 3647 1826 moris

1992 1862 2097 1922 est,
2125 1857 2202 1914 ab
2228 1859 2514 1915 omnibus
2545 1859 2871 1932 imperator
2900 1859 3289 1928 acclamatus,
3318 1859 3649 1932 Nymphaeo

1991 1945 2308 2004 discedens
2323 1946 2776 2020 Philadephiam
2791 1954 3109 2016 commeat,
3126 1947 3330 2004 urbem
3344 1948 3650 2019 ingentem

274 2042 370 2094 την
406 2032 725 2108 Φιλαδελφου
775 2034 1008 2107 ἀφίκετο.
1050 2039 1289 2106 Μεγίστη
1340 2031 1400 2087 δε
1429 2036 1563 2093 αύτη
1595 2035 1744 2098 πόλις
1794 2040 1884 2088 καὶ

1996 2041 2049 2091 et
2086 2035 2456 2109 frequentem
2487 2036 2728 2109 populis
2770 2037 3212 2111 oppidanisque
3242 2054 3416 2093 arma
3474 2037 3645 2107 112

274 2123 687 2196 πολυάνθρωπος
725 2128 814 2177 καὶ
872 2123 1183 2186 ὁπλίζεσθαι
1241 2120 1621 2197 δεδυνημένους
1674 2124 1882 2183 οἰκήτο-

273 2234 372 2290 ρας
402 2216 626 2287 ἔχουσα,
654 2217 745 2267 καὶ
787 2212 1023 2287 μάλιστα
1066 2212 1267 2276 τοξείαν
1321 2210 1611 2275 ἀσκοῦντας
1668 2234 1680 2247 ’
1725 2212 1884 2287 ἀγχι-

274 2310 521 2377 τερμονοῦ
534 2323 599 2356 τα
630 2299 691 2357 δε
721 2310 827 2364 τοῖς
858 2308 1133 2378 Περσικοῖς
1170 2303 1331 2375 ὁρίοις
1378 2301 1456 2356 ἀεὶ
1516 2299 1886 2376 διαμάχεσθαι

275 2398 382 2454 τοῖς
423 2394 746 2455 ὑπεναντίοις
791 2394 1004 2453 τούτους
1063 2398 1202 2444 ποιεῖ
1252 2396 1341 2444 καί
1412 2387 1602 2453 ἐθάδας
1653 2391 1885 2464 πολέμων

281 2478 579 2554 ἐργάζεται.
650 2481 847 2536 Ἐκεῖσε
930 2476 1017 2533 οὖν
1109 2476 1527 2556 διακαρτερήσας
1578 2484 1765 2554 μικρὸν
1795 2486 1886 2535 καὶ

282 2572 408 2623 ὅσον
462 2569 736 2646 πρεσϐείαν
815 2569 1013 2623 στεῖλαι
1064 2572 1190 2642 πρός
1241 2573 1327 2622 τόν
1388 2569 1631 2633 σουλτάν,
1683 2569 1769 2623 ἐπὶ
1822 2574 1887 2624 τὰ

285 2660 508 2712 Βιθυνῶν
558 2664 837 2733 κεχώρηκη
890 2663 1022 2732 μέρη
1063 2662 1153 2711 καὶ
1183 2662 1277 2717 τὴν
1316 2667 1408 2720 τῆς
1460 2664 1640 2732 χώρας
1689 2662 1885 2722 ταύτης

277 2748 678 2821 προκαθημένην
706 2748 854 2801 πόλιν
911 2752 1007 2807 τὴν
1060 2748 1304 2804 Νίκαιαν.
1358 2748 1500 2801 Ἐπεὶ
1549 2745 1608 2801 δε
1664 2746 1885 2823 ἐχήρευε

275 2844 369 2889 τοῦ
408 2844 858 2912 πατριαρχοῦντος
911 2837 1025 2908 (19)
1073 2838 1100 2895 ἡ
1154 2836 1439 2895 Ἐκκλησία
1485 2839 1733 2910 (πίφθακε
1782 2840 1884 2910 γὰρ

273 2926 302 2978 6
381 2928 720 3001 πατριάρχης
791 2926 1038 2985 Μανουηλ
1103 2930 1290 3001 μικρόν
1364 2945 1415 2978 τι
1482 2933 1573 2978 τοῦ
1623 2923 1883 2998 βασιλέως

270 3013 512 3068 Ἰωάννου
569 3015 1021 3091 προτελευτῆσαι),
1082 3012 1190 3068 ἔδει
1267 3011 1326 3069 δε
1373 3023 1576 3089 πρῶτον
1629 3017 1883 3089 πατριάρ-

279 3124 391 3178 χην
436 3104 816 3179 προϐληθῆναι,
874 3104 936 3157 ἵν’
998 3102 1081 3157 ἰπὶ
1127 3112 1200 3176 τῷ
1242 3101 1453 3177 βασιλεί
1496 3107 1589 3161 τὴν
1631 3123 1886 3176 στεφηφο-

278 3192 474 3269 ρίανέν
506 3202 573 3267 τῷ
624 3196 741 3271 ἱερῷ
768 3194 1177 3269 τελεσιουργὴσῃ
1227 3196 1439 3265 τεμένει,
1504 3191 1737 3253 ἐζητεῖτο
1795 3195 1884 3266 μὲν

276 3283 306 3333 ὁ
337 3282 480 3345 ἄξιος
503 3290 596 3336 τού
625 3285 864 3336 τοιούτου
919 3285 1122 3357 θρόνου,
1176 3283 1205 3340 ἡ
1242 3277 1374 3345 δόξα
1422 3276 1480 3333 δὲ
1519 3288 1631 3343 τοῖς
1680 3280 1884 3343 πολλοῖς

282 3370 370 3425 ἐπὶ
406 3378 478 3443 τῷ
520 3368 787 3446 Βλεμμίδῃ
846 3373 955 3445 (20)
1018 3370 1274 3444 ἐτύγχανε
1326 3375 1629 3444 Νικηφὸρῳ,
1658 3378 1731 3443 τῷ
1782 3369 1886 3443 ἐμῷ

278 3456 595 3532 διδασκάλῳ
618 3469 720 3513 τῶν
758 3468 850 3522 τῆς
906 3459 1208 3533 φιλοσοφίας
1255 3458 1418 3531 λόγων
1470 3478 1525 3512 τε
1553 3465 1644 3513 καὶ
1687 3455 1721 3511 δ
1724 3461 1886 3532 ογμάο

274 3567 401 3615 των,
434 3546 589 3623 ἀνδρὶ
620 3548 675 3601 ἐκ
712 3554 946 3611 νεότητος
973 3552 1059 3602 τόν
1104 3549 1263 3620 ζυγὸν
1305 3545 1540 3623 ἀραμένῳ
1583 3554 1674 3600 τού
1720 3552 1887 3621 μονή-

273 3655 407 3711 ρους
445 3635 567 3711 βίον
597 3642 687 3691 καὶ
710 3638 1005 3713 περιϐοήτῳ
1057 3638 1378 3710 τυγχάνοντι
1426 3640 1514 3688 καὶ
1568 3642 1686 3712 περὶ
1736 3636 1886 3709 λόγον

273 3731 371 3779 καὶ
416 3725 623 3800 ἀρετὴν,
685 3726 780 3780 κᾶν
819 3727 964 3781 ἐνίων
1023 3728 1050 3779 6
1107 3728 1306 3799 φθόνος,
1362 3729 1452 3778 καὶ
1500 3724 1736 3799 μάλιστα
1790 3734 1885 3779 τὼν

273 3815 642 3889 προύχόντων,
674 3816 734 3868 ού
764 3821 918 3890 μόνον
945 3815 1039 3868 ούκ
1078 3814 1267 3888 ἐκφανῆ
1300 3816 1468 3886 τούτῳ
1523 3816 1589 3867 τὰ
1645 3823 1737 3875 τῆς
1776 3812 1888 3890 ἀρε-

273 3912 372 3965 τῆς
402 3902 582 3973 ἐποίει,
612 3904 742 3958 ἀλλά
769 3910 859 3958 καὶ
906 3909 1095 3966 κακίας
1138 3906 1283 3966 τινὰς
1346 3902 1486 3975 αὐτῷ
1538 3904 1883 3976 προσεκόλλα.

276 3992 446 4055 Οὗτος
472 3989 559 4045 οὖν
589 3997 720 4068 πρὸς
747 3997 836 4047 τὸν
903 3992 1130 4067 βασιλέα
1159 3989 1433 4067 Θεόδωρον
1465 3992 1641 4065 φιλίως
1698 3989 1733 4047 δ
1739 3998 1887 4047 ιίκει-

273 4099 340 4133 το
364 4086 453 4134 καὶ
479 4080 603 4155 παρ’
660 4081 820 4134 αὐτοῦ
860 4080 1079 4154 ἐφιλεῖτο
1109 4103 1122 4115 ·
1168 4089 1269 4134 τῶν
1307 4083 1410 4156 γὰρ
1459 4079 1644 4154 λόγων,
1706 4081 1753 4133 ἐν
1809 4083 1887 4143 οἷς

274 4170 348 4222 τὰ
394 4169 558 4223 πολλά
587 4169 916 4243 ἐπεγάννυτο,
970 4167 1298 4224 διδάσκαλον
1346 4175 1436 4223 καὶ
1489 4171 1639 4224 αὐτὸν
1671 4171 1886 4245 ἐπεγρά-

274 4276 395 4333 φετο
423 4278 437 4292 ⁸
472 4261 629 4332 σοφὸς
689 4263 789 4335 γὰρ
841 4256 903 4318 ἦν
971 4259 1041 4323 εἰς
1073 4262 1230 4333 ἄκρον
1278 4267 1391 4321 ταῖς
1440 4258 1701 4322 ἀληθείαις
1732 4263 1757 4313 6
1788 4259 1885 4335 βα-

276 4346 474 4409 σιλεύς.
512 4347 570 4400 Ὀ
613 4345 673 4401 δε
730 4348 1066 4425 ὀκνηρότερος
1114 4354 1233 4422 περὶ
1280 4353 1339 4401 τὸ
1391 4355 1612 4426 πρᾶγμα
1654 4349 1883 4423 ἐτύγχα-

351 4472 566 4528 ⁴⁰ῡε

650 4472 746 4535 ⁸ος
798 4477 892 4531 τὴν
949 4476 1315 4545 νενομισμένην

274 4547 436 4617 φαίου
484 4542 705 4631 ἀπάρας,
783 4547 913 4630 πρός
958 4541 1081 4604 τὴν
1142 4541 1362 4631 (ξιλοιδέλ

1403 4564 1461 4597 ου
1534 4545 1762 4618 ἀφίκετο.

1992 2141 2228 2182 sumere
2259 2132 2315 2182 et
2339 2126 2601 2182 maxime
2631 2126 2861 2197 sagittis
2890 2127 3302 2183 adversarium
3351 2126 3649 2197 conﬁgere

1991 2214 2297 2286 professis.
2339 2217 2421 2272 Ea
2449 2231 2588 2271 cum
2622 2215 2683 2271 in
2713 2215 3037 2272 ﬁnitimum
3092 2231 3308 2287 agrum
3340 2215 3649 2272 Persicum

1991 2304 2365 2375 extendatur,
2390 2304 2549 2361 bella
2578 2320 2715 2361 cum
2750 2305 3028 2362 hostibus
3052 2306 3338 2362 continuo
3368 2320 3651 2362 exercens

1992 2398 2229 2467 gentem
2258 2393 2399 2449 belli
2448 2393 2662 2450 studiis
2700 2395 3099 2468 asperrimam
3147 2394 3267 2451 alit.
3320 2394 3402 2450 lbi
3440 2395 3651 2466 paucis

1992 2480 2234 2551 diebus,
2263 2481 2489 2555 quibus
2533 2481 2898 2552 legationem
2941 2484 3021 2539 ad
3053 2483 3357 2539 sultanum
3387 2483 3648 2553 miserat,

1992 2576 2405 2627 commoratus
2433 2571 2514 2627 ad
2548 2571 2939 2644 Bithynorum
2962 2587 3101 2628 oras
3123 2577 3180 2627 et
3201 2571 3279 2627 ad
3305 2573 3566 2643 primam
3590 2571 3653 2627 il-

1991 2658 2107 2714 lius
2136 2659 2395 2729 regionis
2421 2659 2631 2716 urbem
2658 2660 2917 2716 Nicaeam
2950 2660 3210 2717 secessit.
3238 2660 3352 2717 Sed
3378 2676 3517 2716 cum
3545 2676 3652 2732 pa-

1993 2748 2265 2806 triarchae
2290 2750 2439 2807 orba
2464 2749 2729 2807 Ecclesia
2750 2750 2901 2807 foret
2930 2752 3099 2824 (nam
3125 2750 3308 2823 paulo
3326 2756 3651 2823 antequam

1991 2840 2252 2895 Joannes
2282 2840 2599 2913 imperator
2630 2846 2984 2909 moreretur,
3038 2839 3380 2911 patriarcha
3422 2839 3649 2895 Manuel

1993 2928 2176 2984 vitam
2207 2928 2485 2998 ﬁnierat),
2506 2944 2616 2984 nec
2639 2928 2869 3001 absque
2901 2928 3245 3000 patriarcha
3275 2927 3651 2999 imperatoris

1994 3016 2299 3073 coronatio
2320 3017 2383 3073 in
2409 3032 2580 3073 sacro
2604 3016 2826 3089 templo
2852 3015 3066 3072 conﬁci
3087 3021 3311 3087 posset,
3340 3015 3559 3085 dignus
3580 3030 3653 3071 ea

1994 3105 2303 3177 provincia
2341 3109 2399 3161 et
2440 3104 2670 3160 honore
2709 3103 3194 3177 conquirebatur.
3253 3102 3652 3159 Plurimorum

1924 3180 1963 3236 C
1996 3188 2349 3260 suﬂ‘ragiain
2369 3191 2767 3264 Nicephorum
2793 3190 3652 3263 Blemmidam,pra3ceptorem

1996 3293 2200 3334 meum
2213 3283 2269 3335 et
2280 3280 2834 3353 philosophicorum
2851 3296 3199 3337 sermonum
3214 3296 3282 3336 ac
3295 3279 3652 3349 dogmatum

1993 3366 2409 3436 institutorem,
2468 3369 2665 3425 virum
2721 3374 2777 3426 et
2817 3369 3022 3425 litteris
3078 3369 3294 3425 virtute
3352 3384 3651 3441 perquam

1995 3455 2291 3513 celebrem
2318 3463 2375 3515 et
2402 3458 2507 3531 qui
2539 3457 2777 3530 juvenis
2808 3458 3006 3515 adhuc
3045 3463 3224 3530 atque
3247 3456 3459 3514 tenella
3478 3462 3651 3513 astate

1991 3545 2207 3617 jugum
2236 3546 2582 3603 monasticae
2623 3547 2758 3604 vitae
2789 3546 3026 3615 tulerat,
3076 3546 3493 3620 respiciebant,
3520 3545 3655 3603 licet

1995 3635 2448 3705 nonnullorum,
2470 3641 2527 3693 et
2548 3637 2810 3694 maxime
2826 3637 3173 3711 primatum,
3189 3636 3515 3693 invidentia
3529 3650 3653 3692 non

1995 3724 2180 3780 modo
2212 3730 2391 3781 tanta:
2418 3726 2645 3783 virtutis
2664 3725 2869 3782 lumen
2889 3724 3250 3794 occuluerat,
3280 3725 3388 3782 sed
3412 3730 3470 3781 et
3513 3726 3654 3781 vitia

1995 3812 2278 3887 quaedam
2300 3814 2529 3871 homini
2546 3815 2919 3887 appinxerat.
2947 3815 3116 3871 Hunc
3132 3815 3459 3888 imperator
3471 3815 3652 3870 Theo-

1996 3902 2183 3958 dorus
2197 3903 2504 3974 diligebat,
2520 3905 2616 3960 cui
2623 3905 2644 3976 j
2657 3905 3139 3960 uncundissimus
3153 3910 3296 3972 erat,
3313 3904 3536 3977 quippe
3548 3903 3654 3976 qui

1998 4009 2370 4062 sermonum,
2396 3992 2620 4065 quibus
2649 4010 3035 4066 summopere
3065 3993 3495 4061 delectabatur,
3527 4008 3652 4049 ma-

1996 4083 2244 4154 gistrum
2257 4097 2397 4138 eum
2410 4082 2522 4138 sibi
2537 4082 2896 4139 adsciverat:
2914 4082 3222 4154 sapientiae
3235 4081 3395 4138 enim
3414 4079 3652 4136 culmen

1997 4177 2053 4229 et
2081 4187 2143 4227 re
2162 4187 2307 4227 vera
2348 4171 2624 4242 attigerat
2648 4172 2992 4245 imperator.
3037 4162 3133 4229 me
3172 4171 3249 4227 ad
3271 4175 3503 4228 tantam
3523 4186 3653 4225 rem

1997 4261 2235 4332 segnior
2263 4276 2417 4327 esse,
2450 4266 2507 4318 et
2525 4261 2851 4334 imperator
2880 4260 3063 4317 etiam
3081 4260 3208 4333 ipse
3238 4275 3361 4315 non
3381 4259 3653 4332 impense

1996 4350 2176 4407 nimis
2202 4365 2433 4421 urgere,
2457 4350 2554 4406 cui
2569 4351 2809 4421 magnis
2831 4348 3051 4422 volupe
3066 4354 3192 4406 erat
3210 4348 3287 4405 ab
3303 4364 3373 4405 eo
3397 4348 3654 4404 similem

1424 4476 1574 4549 ὁσίαν
1658 4472 1886 4537 ἀποδούς
1957 4485 2049 4549 τῷί
2109 4480 2282 4549 πατρὶ⁸
2349 4480 2439 4527 καὶ
2514 4473 2593 4527 ἐπ’
2666 4470 2896 4535 ἀσπίδος
2982 4474 3278 4546 φημισθεὶς,
3329 4479 3423 4525 τοῦ
3503 4478 3655 4549 Νυμ-

1862 4553 1963 4601 Καὶ
1999 4544 2226 4622 ίέκεῖσί
2252 4544 2677 4622 διακαρτερήσας
2731 4549 2917 4621 μικρὸν
2974 4544 3063 4597 καί
3125 4545 3653 4622 περί-,τηνΔΒιθυνῷν

274 4565 436 4617 φαιου
484 4565 689 4618 ἀπάρας
783 4565 913 4617 προς
958 4565 1081 4604 γτην
1142 4565 1461 4667 φιλαοελφου
1534 4566 1762 4618 αφικετο.
1863 4565 1963 4601 Mt:
2033 4566 2198 4600 εκεισε
2252 4565 2677 4622 οιακαρτερησας
2731 4565 2917 4621 μικρόν
2974 4565 3063 4597 και
3125 4565 3245 4619 περι
3292 4565 3327 4595 τ

273 4622 471 4688 χωρεῖ.
531 4620 633 4693 καὶ
686 4614 800 4693 ἐπεὶἱ
862 4614 1185 4693 ἐχήρευενᾼή
1235 4616 1361 4693 ςΕκκ
1396 4621 1527 4674 ησία
1577 4621 1914 4693 (προτλέθνηκε
1967 4621 2070 4691 ’γὰρ
2123 4626 2213 4670 τού
2260 4616 2522 4693 βασιλέως,
2566 4620 2590 4671 6
2643 4635 2981 4693 πατριάρχης
3036 4615 3327 4693 Μανουὴλ),

267 4682 729 4765 τιν-αμοναχὸνᾼέξ
789 4682 1202 4765 Ἀτξὸλλυνιάδος
1235 4686 1420 4761 λίμνης
1473 4682 1937 4765 μεταπεμψάμενος
1976 4682 2281 4765 έχελιροτονεῖ
2332 4691 2689 4765 πατριάρχην,
2749 4682 2805 4750 ’ὃς
2842 4682 2959 4740 ’καὶ
3006 4682 3308 4761 μονημέρως

271 4709 393 4739 τινα
419 4709 653 4759 μοναχον
677 4709 727 4751 ες
808 4709 1202 4749 ΛποΛΑυνιαοος
1237 4709 1420 4761 Λιμνης
1473 4709 1936 4762 μεταπεμψάμενος
1991 4709 2080 4761 χει

271 4762 369 4811 καὶ
401 4760 558 4834 ἱερεὺς
588 4763 679 4812 καὶ
702 4760 1038 4834 πατριάρχης
1056 4760 1279 4812 τίλεστο.
1318 4764 1417 4813 Καὶ
1446 4760 1570 4834 παρ’
1594 4759 1754 4812 αύτού
1783 4763 2023 4833 πεφθεὶς
2052 4709 2111 4823 ig

3393 4614 3449 4687 ᾋ
3455 4633 3485 4687 ρ
3494 4618 3655 4665 σίνιόν

3397 4681 3433 4737 δ
3438 4681 3614 4737 ιάκονο
3627 4703 3648 4746 ς

2109 4779 2259 4815 εισιν.

1171 4864 1516 4933 Theodori
1566 4866 1816 4933 Dousae
1866 4875 1932 4933 et
1978 4865 2235 4934 Leonis
2280 4865 2514 4932 Allatii
2562 4875 2765 4935 notae.

351 4994 402 5066 (l_
410 4993 466 5060 8)
496 4993 781 5066 Φημισθεὶς
837 4991 1200 5066 αύτοκράτωρ.
1232 4992 1540 5066 Quamvis
1566 4992 1728 5049 enim
1765 4992 1889 5066 im-

274 5062 514 5134 perium
533 5062 665 5134 jure
687 5062 1065 5120 haereditario
1087 5062 1166 5119 ad
1185 5064 1562 5121 Theodorum
1591 5064 1891 5121 Lascarim

274 5133 693 5208 veniret,’quia
713 5135 763 5190 is
781 5151 818 5191 a
835 5140 1002 5208 patre
1024 5135 1256 5191 vivente
1268 5151 1390 5192 non
1412 5134 1747 5208 appellatus
1765 5136 1890 5208 fue-

274 5209 368 5260 rat
385 5205 735 5277 imperator,
753 5222 825 5263 eo
840 5205 1127 5263 defuncto
1149 5205 1655 5263 communi—totius
1673 5207 1892 5263 exerci.

278 5280 377 5331 tus
416 5291 720 5332 consensu
753 5293 824 5333 ac
854 5278 1148 5334 nobilium
1169 5294 1444 5334 omnium
1472 5294 1542 5334 ac
1574 5294 1894 5334 procerum

278 5361 581 5420 concursu
621 5348 951 5420 imperator
981 5348 1273 5404 salutatur
1310 5366 1323 5404 :
1370 5348 1687 5405 constabat
1733 5350 1895 5406 enim

279 5418 575 5475 Joannem
588 5418 815 5475 nemini
831 5424 1109 5476 omnium
1122 5420 1237 5475 nisi
1252 5419 1374 5476 ﬁlio
1387 5420 1708 5476 imperium
1721 5421 1896 5476 relin-

280 5503 465 5569 quere
487 5491 944 5569 voluisse,quod
965 5498 1022 5569 et
1040 5492 1173 5569 pius
1203 5496 1355 5548 esset
1383 5492 1445 5547 in
1473 5490 1694 5569 liberos
1714 5496 1772 5569 et
1793 5507 1896 5548 ne-

282 5561 431 5616 nimi
447 5561 613 5618 alteri
630 5562 689 5618 id
704 5561 1247 5630 desﬁnarethuare
1265 5569 1465 5620 autem
1482 5563 1673 5620 tilium
1692 5564 1897 5619 vivens

283 5630 451 5692 nullo
484 5633 671 5698 modo
709 5634 1032 5707 designare
1082 5634 1349 5707 voluerit,
1379 5632 1659 5709 pluribus
1685 5649 1901 5710 prose-

1997 4991 2201 5116 quitur
2224 4991 2534 5059 Gregoras,
2566 4989 2674 5048 lib.
2732 5006 2811 5056 ιιι,
2839 4986 2946 5075 qui
2995 4985 3199 5044 subdit
3253 5001 3267 5041 :
3311 4983 3656 5062 ’Δνηγόρευτο

2041 5063 2052 5080 ⁹
2080 5063 2292 5116 ύστεοον
2321 5060 2443 5116 παρ’
2466 5059 2692 5116 ἐνόντων
2711 5069 2812 5112 τῶν
2844 5063 3088 5116 υπηκόων
3119 5057 3356 5111 ἁπάντων
3382 5060 3656 5116 καθεσθεὶς

2041 5063 2052 5080 ⁹
2080 5063 2306 5135 ὕστερον.
2321 5060 2443 5135 παρ’
2466 5060 2692 5131 ἐχόντων
2711 5069 2812 5135 τῶν
2844 5060 3088 5116 ὑπηκόων
3119 5060 3356 5135 ἀπάντων
3382 5060 3659 5120 καθεσθεὶς

2002 5134 2080 5187 ἐπ’
2140 5129 2369 5195 ἀσπίδος
2396 5129 2547 5184 ’κατά
2602 5135 2660 5184 τό
2721 5130 2769 5183 ἐν
2844 5133 3050 5193 τούτοις
3126 5129 3435 5206 ἐπικρατοῦν
3511 5132 3649 5191 ἔθος.

2002 5211 2191 5347 Ala.”
2270 5275 2524 5351 Ἐχήρευε
2615 5280 2708 5327 τοῦ
2781 5281 3249 5350 πατριαρχοῠντος.

2005 5352 2480 5489 μίὲῧλωίῗὸλλοίς
2558 5418 2642 5471 ἐπὶ
2686 5425 2771 5491 ,τῷ
2841 5414 3153 5491 Βλεμμύδη.
3222 5404 3529 5491 Gregoras,
3597 5431 3655 5486 p.

2009 5495 2098 5548 55.
2118 5486 2454 5563 Acropolita
2470 5486 2800 5549 Manuelem
2821 5486 2994 5546 vocat
3008 5486 3410 5564 patriarchain
3426 5486 3660 5564 ἀεικείῃ-τ

2009 5566 2205 5643 tuum,
2239 5554 2529 5633 Gregoras
2582 5564 2946 5620 Germanum
2969 5578 2985 5620 :
3008 5554 3127 5618 'sed
3147 5559 3221 5617 de
3240 5559 3333 5618 his
3374 5573 3486 5615 nos
3517 5554 3660 5615 alibi

2012 5647 2267 5705 egimus.
2296 5638 2430 5691 ALL.

3342 5274 3656 5344 Gregoras,
