4084 6212
575 289 709 347 U23

1842 284 2123 343 GEORGII
2162 281 2648 343 ACROPOLITIE.
3158 354 3170 366 ,
3742 298 3842 351 im

570 416 920 486 dignitatem
940 431 1059 470 non
1080 414 1275 486 recipi.
1294 417 1477 482 Reges
1497 411 1715 466 scilicet
1731 426 1834 465 eos
1848 410 1952 482 qui
1971 412 2218 482 patriar-

2328 429 2427 465 νεν,
2460 410 2534 462 Οὔ
2566 415 2667 483 μὴν
2725 408 2852 461 ἀλλὰ
2878 413 2967 461 καὶ
3004 411 3028 461 ὁ
3058 408 3309 483 βασιλεὺς
3364 410 3509 471 αὐτὸς
3553 413 3845 490 μαλακώτερον

572 505 767 561 chatui
792 508 833 575 1
853 508 894 574 1
910 505 960 576 3
979 505 1221 576 prasint
1236 503 1501 558 moribus
1519 518 1587 556 ac
1604 500 1844 570 ingenio
1866 499 2217 570 abjectiores

570 594 1140 663 moderatioresque,
1173 598 1237 647 ut
1264 591 1490 647 facilius
1530 606 1737 646 eorum
1768 589 2012 645 nutibus
2044 590 2217 645 veluti

564 681 748 753 jussis
792 681 1176 747 sucumbant,
1223 684 1559 753 peroptant,
1591 679 1753 751 quod
1784 678 2211 738 rusticioribus.

568 786 705 825 cum
730 770 1110 825 sermonibus
1126 770 1308 827 ﬁdere
1324 775 1645 841 nequeant,
1669 767 2052 840 potissimum
2069 769 2217 824 acci-

566 858 652 915 dit
686 876 699 914 :
727 860 829 932 qui
858 875 999 915 vero
1030 860 1332 932 sapientia
1364 874 1611 930 operam
1634 863 1877 917 navant.
1907 856 2215 925 rigidiores

566 948 842 1004 videntur
858 952 915 1004 et
935 947 1171 1004 illorum
1185 948 1205 1019 j
1218 947 1454 1003 ussibus
1471 946 1884 1002 adversantur.
1902 950 2216 1016 Propterea

563 1036 887 1109 imperator
898 1037 1242 1093 Theodorus
1255 1036 1408 1091 illius
1421 1039 1615 1091 mente
1630 1050 2000 1105 sensumque
2011 1033 2216 1089 leviter

562 1127 874 1198 degustato
897 1127 974 1182 ad
1000 1126 1148 1182 alios
1178 1142 1237 1181 se
1270 1126 1575 1191 convertit,
1605 1129 1660 1179 et
1685 1139 1822 1179 cum
1855 1123 2055 1195 plures
2090 1139 2212 1178 non

564 1216 991 1285 satisfacerent,
1008 1216 1367 1271 monachum
1388 1215 1703 1286 quemdam
1720 1228 1788 1267 ex
1804 1211 2212 1284 Apolloniadis

559 1303 716 1369 lacu,
745 1311 957 1377 prater
989 1321 1214 1377 paucas
1239 1304 1462 1359 litteras
1484 1308 1835 1358 caterorum
1865 1302 2212 1356 inscientem

564 1393 777 1461 (solum
833 1395 990 1449 enim
1034 1393 1375 1448 rudimenta
1420 1391 1842 1461 grammatices
1896 1390 2206 1461 attigerat),

559 1483 737 1538 nullis
760 1484 945 1539 sacris
963 1482 1275 1537 ordinibus
1296 1481 1669 1552 insignitum,
1693 1480 2004 1534 Arsenium
2022 1479 2209 1534 nomi-

559 1587 656 1637 ne,
689 1573 1038 1627 accersitum
1072 1586 1258 1642 quam
1303 1570 1605 1625 celerrime
1631 1568 1832 1623 missis
1865 1567 2210 1622 hominibus

559 1660 848 1715 conduxit
874 1679 886 1715 :
913 1675 1021 1714 nec
1052 1660 1145 1714 ille
1177 1660 1385 1714 renuit.
1431 1661 1496 1713 Et
1521 1659 1713 1713 Nicaa
1740 1657 1895 1712 exire
1926 1656 2211 1711 festinans

2329 499 2488 551 αὑτοῦ
2520 498 2754 573 ἐπειρᾶτο
2789 520 2801 532 '
2835 498 3025 571 μᾶλλον
3066 501 3169 574 γὰρ
3200 520 3331 574 προς
3392 498 3665 573 βουλήσεως
3708 502 3756 561 ἦν
3782 509 3842 558 αὖ·

2328 598 2399 659 τῷ
2438 594 2531 647 τὴν
2567 594 2895 663 προστασίαν
2950 593 3022 661 μὴ
3074 585 3471 652 καταδέξεσθαι.
3523 597 3849 663 Ταπεινοτέρους

2326 680 2426 751 γὰρ
2467 682 2558 730 καὶ
2599 682 2837 753 μετρίους
2899 674 3028 729 εἶναι
3080 678 3138 730 τὸ
3196 684 3434 752 φρόνημα
3494 682 3603 741 τοὺς
3653 701 3849 757 πατριαρο

2326 770 2580 838 χεύοντας
2638 769 2685 819 οἱ
2762 775 3068 841 κρατοῦντες
3141 766 3393 838 ἐθέλουσι,
3448 773 3533 820 καὶ
3578 777 3848 844 προσπίπτειν

2328 855 2559 930 εὐχερῶς
2616 863 2724 917 τοῖς
2785 864 2925 928 σφῶν
2989 856 3155 908 αὐτῶν
3211 855 3537 929 βουλήμασιν
3587 861 3649 918 ὡς
3675 868 3848 933 προστά-

2324 963 2540 1016 γμασιν.
2602 952 2764 997 Τοῦτο
2824 941 2884 997 δὲ
2920 944 3111 1017 μᾶλλον
3169 947 3218 998 οἱ
3274 943 3614 1020 ἀγροικότεροι
3656 950 3849 1020 πάσχον-

2327 1051 2409 1084 σιν
2448 1054 2460 1066 ·
2492 1030 2616 1086 οὐδὲ
2646 1035 2746 1109 γὰρ
2783 1035 2975 1105 ἔχουσι
3009 1042 3118 1095 τοῖς
3169 1033 3349 1105 λόγοις
3381 1033 3593 1109 θαρρεῖν,
3622 1038 3665 1088 οἱ
3698 1034 3747 1089 δι
3767 1045 3849 1109 περὶ

2323 1122 2510 1194 λόγους
2591 1121 2978 1197 ἀκαμπεστεροι
3062 1128 3329 1196 φαίνονται
3400 1129 3632 1187 καὶτοῖς
3701 1125 3849 1179 ἐκείνων

2323 1212 2561 1283 ὁρισμοῖς
2592 1210 3015 1267 ἁντιπίπτουσιν.
3073 1211 3130 1264 ’0
3167 1219 3294 1284 γοῦν
3358 1211 3595 1284 βασιλεὺς
3641 1212 3850 1289 Θεόδωρος

2324 1296 2417 1352 διὰ
2456 1307 2623 1352 ταῦτα
2660 1302 2851 1375 μικράν
2891 1320 3009 1353 τινα
3063 1309 3245 1375 πεῖραν
3278 1299 3446 1353 λαϐὼν
3474 1309 3561 1354 τοῦ
3612 1299 3767 1375 ἀνδρὸς
3797 1304 3848 1376 ἐφ’

2322 1389 2519 1462 ἐτέρους
2592 1389 2861 1465 ἐτράπετο.
2949 1394 3048 1442 Καὶ
3079 1389 3187 1443 ἐπεὶ
3250 1386 3585 1464 δυσαρεστῶν
3632 1389 3850 1464 ἰτύγχανιν

2321 1477 2371 1530 ἐν
2395 1452 2616 1545 πολλοῖς,
2648 1452 2883 1550 μοναχὸν
2912 1498 3029 1530 τινα
3064 1480 3177 1551 (21)
3227 1476 3358 1532 εἶναι
3396 1452 3576 1552 ’μαθὼν
3620 1478 3663 1531 ἓν
3685 1452 3771 1553 τέ’*
3787 1489 3851 1542 τῆς

2322 1564 2738 1630 Ἀπολλωνιάδος
2813 1567 2964 1641 λίμνῃ
3050 1567 3234 1640 ὀλίγων
3334 1571 3644 1644 γραμμάτων
3723 1576 3851 1643 πεῖραν

2321 1659 2514 1729 ἔχοντα
2569 1659 2743 1729 (μόνον
2799 1663 2889 1711 καὶ
2944 1660 3044 1732 γὰρ
3108 1657 3347 1731 ἐφήψατο
3401 1668 3495 1721 τῆς
3558 1669 3854 1734 γραμματικῆς

556 1748 934 1821 prasplibus,
964 1753 1027 1804 ut
1065 1748 1519 1821 quamprimum
1542 1762 1679 1803 eum
1706 1747 2104 1818 patriarcham
2135 1746 2212 1801 ef-

2320 1743 2611 1817 παιδείας),
2666 1744 2861 1821 ἀνίερον
2914 1747 3155 1800 τελοῦντα
3215 1752 3307 1801 καὶ
3366 1749 3622 1821 Ἀρσένιον
3665 1748 3855 1821 ὀνομαζό-

554 1810 819 1907 iicere‘nt,
838 1810 1112 1910 imperat.
1135 1837 1215 1891 Illi
1232 1810 1541 1892 audientes
1559 1852 1664 1909 per
1676 1810 1860 1891 unam
1877 1835 2208 1891 hebdoma-

555 1926 701 1982 dam
724 1927 1047 1983 diaconum
1080 1926 1455 1982 sacerdotem
1482 1932 1538 1982 et
1570 1926 1971 1999 patriarcham
2005 1940 2211 1981 conse-

555 2020 740 2071 crant.

2319 1855 2487 1909 μενον,
2529 1839 2597 1897 ὡς
2637 1834 2750 1908 εἶχε
2779 1839 3002 1909 τάχους,
3050 1836 3245 1890 στέλλει
3308 1841 3425 1899 τοὺς
3478 1838 3625 1891 αὐτὸν
3671 1838 3854 1901 ἄξοντας.

2322 1930 2422 1978 Καὶ
2452 1925 2501 1985 ὃς
2530 1924 2761 1997 ἀφίκετο.
2789 1925 2928 1979 Ἐπεὶ
2959 1922 3018 1979 δε
3071 1931 3167 1986 τὴν
3195 1925 3297 1980 ἀπὸ
3349 1935 3441 1988 τῆς
3477 1932 3683 1989 Νικαίας
3721 1923 3850 1989 ἔξοδον

2318 2011 2559 2079 ἔσπευδε,
2591 2011 2684 2067 διὰ
2714 2017 2911 2086 τάχους
2954 2022 3065 2077 τοῖς
3095 2013 3407 2091 ἀρχιερεῦσι
3435 2018 3725 2090 προστάττει
3765 2035 3853 2087 χει,

551 2114 834 2177 ροτονῆσαι
872 2106 954 2177 [Ρ.
1025 2105 1114 2178 58]
1147 2107 1485 2180 πατριάρχην
1540 2103 1693 2156 αὐτόν
1747 2105 1773 2155 ό
1823 2102 2088 2176 βασιλεὺς,
2149 2105 2199 2156 οἰ
2256 2107 2345 2155 καὶ
2388 2105 2581 2156 οὑτωσὶ
2630 2101 2994 2177 διεπράξαντο,
3059 2105 3107 2156 έν
3159 2111 3260 2178 μιᾷ
3326 2101 3582 2179 ἕϐδομάδι
3771 2101 3852 2160 διά.

553 2213 694 2247 τονον
726 2200 816 2247 καὶ
846 2196 981 2270 ἱερέα
1005 2200 1095 2247 καὶ
1126 2197 1465 2269 πατριάρχην
1497 2194 1651 2246 αὐτὸν
1679 2192 2050 2255 ἐκτελέσαντες.

623 2285 709 2339 54.
741 2286 931 2339 Causa
953 2300 1092 2339 vero
1121 2285 1342 2339 exitum
1375 2283 1570 2338 Nicaa
1602 2282 1957 2338 sollicitandi
1981 2297 2052 2337 ea
2080 2282 2209 2338 fuit.

560 2372 952 2442 Bulgarorum
986 2374 1262 2445 princeps
1282 2373 1543 2439 Michael,
1569 2373 1770 2427 uxoris
1789 2371 2077 2427 Theodori
2104 2371 2209 2425 im-

551 2463 843 2533 peratoris
905 2462 1103 2529 frater,
1156 2478 1364 2517 socero
1415 2460 1569 2516 illius
1628 2461 1841 2517 Joanni
1890 2462 2095 2516 Asano
2137 2475 2209 2515 ex

554 2549 757 2620 Angeli
784 2549 1073 2605 Theodori
1095 2549 1216 2605 ﬁlia
1241 2554 1577 2621 susceptus,
1611 2549 1861 2604 Joannis
1884 2550 2207 2621 imperato-

551 2638 632 2695 ris
660 2638 827 2695 obitu
858 2639 1145 2705 nuntiato,
1180 2656 1317 2695 cum
1348 2638 1629 2694 occiduas
1652 2642 1849 2711 partes
1879 2638 2204 2709 imperato-

550 2728 653 2784 riis
679 2728 868 2800 copiis
896 2727 1093 2783 nudas
1124 2729 1423 2801 orbasque
1455 2730 1844 2800 conspiceret,
1880 2732 2203 2800 animoque

559 2818 602 2887 1
621 2816 733 2889 14
756 2816 1041 2887 agitasset
1061 2816 1366 2886 regionem
1398 2822 1453 2871 et
1482 2817 1540 2872 in
1572 2832 1642 2873 ea
1668 2816 1893 2889 oppida
1918 2817 1995 2872 ab
2020 2816 2204 2889 impe-

550 2912 746 2962 ratore
791 2908 1018 2961 Joanne
1066 2905 1329 2976 Bulgaris
1380 2911 1650 2977 surrepta
1701 2906 1774 2962 ad
1811 2906 2201 2975 Bulgarorum

547 3010 756 3051 rursus
769 2994 1169 3062 dominatum,
1185 2994 1485 3067 quodjam
1505 2994 1607 3050 diu
1629 2995 2015 3067 Bulgarorum
2036 2994 2200 3050 cordi

551 3084 893 3151 inhaeserat,
911 3100 1215 3151 revocare,
1231 3101 1357 3139 rem
1370 3100 1479 3156 pro
1494 3089 1757 3157 tempore
1770 3089 2195 3157 opportunam,

2388 2277 2492 2339 νδ’.
2525 2281 2582 2335 Ἡ
2617 2278 2676 2334 δὶ
2730 2282 2875 2336 αἰτία
2905 2285 2946 2319 ⁴¹
2991 2303 3083 2336 του
3150 2280 3489 2337 επισπεύδειν
3531 2288 3618 2343 τὴν
3663 2282 3746 2335 ἀπὸ
3787 2288 3849 2341 τῆς

2316 2376 2541 2431 Νικαίας
2582 2368 2759 2434 ἔξοδον
2824 2369 2884 2429 ἧν
2918 2373 3072 2431 αὕτη.
3121 2372 3180 2425 Ὀ
3213 2372 3622 2449 Βουλγαράρχης
3666 2370 3849 2442 Μιχαὴλ,

2316 2459 2369 2521 ὃς
2398 2457 2812 2533 γυναικάδελφος
2845 2470 2937 2513 τοῦ
2988 2459 3251 2534 βασιλέως
3315 2460 3566 2535 ἐτύγχανε
3611 2456 3846 2533 Θεοδώρου,

2314 2559 2386 2621 τῷ
2440 2554 2664 2625 πενθερῷ
2733 2552 2894 2604 αὐτοῦ
2976 2559 3047 2622 τῷ
3099 2552 3262 2604 Ἀσᾰν
3320 2551 3525 2624 Ἰωάννῃ
3578 2550 3628 2603 ἐκ
3681 2555 3847 2610 τῆςτοῦ

2317 2640 2559 2711 Ἀγγελου
2602 2638 2879 2714 Θεοδώρου
2922 2642 3182 2716 θυγατρὸς
3230 2642 3479 2712 γενηθεὶς,
3525 2644 3605 2692 τὸν
3654 2645 3732 2690 τοῦ
3773 2635 3846 2709 βει-

2315 2727 2495 2789 σιλέως
2527 2728 2763 2781 Ἰωάννου
2815 2730 3101 2801 πυθόμενος
3152 2731 3397 2795 θάνατον,
3453 2727 3558 2782 ἐπεὶ
3598 2730 3659 2780 τὰ
3705 2723 3845 2779 δυτικὰ

2311 2820 2441 2891 μέρη
2509 2820 2685 2889 γυμνὰ
2750 2820 3150 2891 στρατευμάτων
3210 2818 3348 2891 ἑώρα
3419 2824 3711 2889 Ῥωμαῖκῶν,
3755 2812 3843 2886 βον-

2309 2905 2482 2967 ληθεὶς
2508 2910 2595 2964 τὴν
2637 2905 2971 2981 ἀφῃρημένην
3024 2910 3155 2979 πρὸς
3219 2915 3314 2960 τοῦ
3375 2905 3619 2980 βασιλέως
3665 2904 3842 2959 Ἰωάννου

2308 3000 2490 3069 χώραν
2528 2993 2581 3046 ἐκ
2631 2996 2935 3071 Βουλγάρων
2986 3001 3075 3049 καὶ
3126 2998 3194 3049 τὰ
3251 2995 3302 3048 ἒν
3355 3000 3555 3057 τούτοις
3601 2997 3719 3051 ἄστη
3752 2993 3842 3062 πρὸς

2310 3084 2665 3157 Βουλγαρικὴν
2693 3084 2867 3159 ἀρχὴν
2912 3089 3002 3137 καὶ
3054 3081 3205 3147 αὖθις
3260 3084 3668 3138 ἀνακαλέσασθαι
3715 3083 3840 3154 (τοῦτο

549 3178 612 3231 ut
625 3173 737 3229 sibi
750 3173 1080 3243 videbatur,
1096 3178 1283 3239 ratus,
1300 3176 1494 3229 Hamo
1507 3173 1790 3245 prodiens
1807 3178 2201 3230 transnatato-

2306 3175 2407 3246 γὰρ
2449 3172 2503 3225 ἐκ
2547 3181 2750 3247 μακροῦ
2834 3181 2945 3235 τοῖς
2984 3174 3303 3250 Βουλγάροις
3352 3171 3583 3239 ὠδίνετο)
3656 3175 3732 3224 καὶ
3781 3172 3840 3221 τὸν

548 3279 664 3337 que
679 3262 869 3319 Hebro
892 3263 1254 3335 paucissimo
1269 3268 1525 3335 tempore
1543 3262 1868 3319 multarum
1883 3264 2197 3332 regionum

545 3352 745 3425 potius
776 3356 885 3415 est,
916 3352 1225 3424 multaque
1251 3352 1476 3424 oppida
1506 3352 1669 3408 nullo
1691 3368 1828 3407 cum
1850 3352 2054 3409 labore
2084 3352 2197 3408 sibi

546 3442 831 3507 devinxit,
858 3441 1093 3510 Bulgari
1112 3441 1407 3513 siquidem
1430 3441 1794 3498 habitatores
1816 3447 2196 3499 externorum

541 3531 691 3602 jugo
747 3530 977 3601 dejecto
1053 3529 1287 3599 generis
1336 3530 1715 3586 consortibus
1784 3531 2195 3590 accurrebant.

545 3624 723 3674 Arces
755 3618 882 3673 solo
913 3620 1319 3673 Romanorum
1349 3618 1629 3690 prasidio
1677 3620 1921 3675 munita
1951 3636 2088 3677 cum
2117 3622 2196 3676 ad

545 3706 921 3779 repellendos
957 3707 1224 3764 hostium
1262 3708 1519 3779 impetus
1571 3724 1695 3765 non
1754 3709 2090 3765 sufﬁcerent
2133 3711 2195 3765 in

545 3799 905 3870 potestatem
936 3795 1327 3866 Bulgarorum
1356 3797 1520 3853 nullo
1550 3798 1789 3868 negotio
1831 3798 2189 3866 ceciderunt,

543 3885 763 3959 partim
799 3885 1005 3941 timore
1029 3886 1316 3958 perculsis
1349 3891 1404 3942 et
1434 3886 1797 3943 deditionem
1825 3887 2052 3943 arcium
2084 3903 2193 3960 pro

542 3975 731 4033 salute
756 3983 813 4031 et
834 3975 1086 4031 domum
1122 3975 1382 4032 abitione
1422 3976 1835 4048 prodentibus,
1861 3977 2081 4048 partim
2106 3993 2192 4033 re-

541 4066 801 4138 pentina
832 4064 1226 4134 Bulgarorum
1264 4065 1596 4137 irruptioni,
1657 4081 1795 4121 cum
1834 4066 2079 4121 obviam
2107 4067 2191 4123 ire

540 4170 665 4210 non
676 4159 943 4226 possent,
959 4153 1403 4225 aufugientibus
1420 4169 1642 4227 easque
1657 4155 2003 4210 custodibus
2016 4171 2191 4211 vacu-

540 4259 608 4299 as
640 4241 1068 4311 deserentibus,
1091 4243 1218 4297 aliis
1245 4242 1422 4298 etiam
1446 4244 1730 4316 temporis
1759 4243 2189 4316 longinquitate

539 4330 809 4395 defessis,
843 4345 979 4384 cum
1011 4334 1223 4400 prater
1262 4331 1511 4387 modum
1568 4331 1851 4387 custodia
1902 4333 2189 4389 terminus
2225 4322 2269 4374 D

538 4418 652 4474 illis
674 4417 1141 4490 protraheretur.
1163 4418 1461 4490 Pleraeque
1492 4420 1672 4475 etiam
1703 4420 1931 4475 arcium
1969 4420 2187 4493 imper-

540 4508 725 4575 fecta,
758 4506 901 4563 viris
938 4511 994 4562 et
1021 4506 1265 4579 reliquis
1294 4509 1646 4563 necessariis
1674 4525 1890 4580 parum
1919 4512 2183 4582 munita,

536 4597 744 4671 prada
762 4595 1037 4651 hostibus
1067 4601 1405 4668 patuerunt.
1434 4600 1471 4653 E
1494 4598 1742 4668 vestigio
1770 4598 1975 4671 itaque
1997 4617 2185 4673 expu-

537 4690 733 4757 gnata
773 4689 911 4740 sunt
950 4683 1386 4755 Stenimachus,
1458 4686 1771 4757 Peristitza,
1832 4688 2181 4759 Crytzimus,

2305 3267 2507 3338 καιρὸν,
2548 3266 2617 3326 ὡς
2655 3259 2842 3331 ἐδόκει,
2867 3260 3097 3316 κατιδὼν
3126 3260 3446 3327 ἐπιτήδειον,
3475 3262 3741 3337 ἐξορμήσας
3759 3258 3839 3328 (23)

2306 3360 2396 3404 τοῦ
2437 3353 2608 3425 Λῐμου
2643 3357 2731 3405 καὶ
2783 3355 2869 3404 τὸν
2917 3350 3103 3428 Ἕϐρον
3171 3349 3503 3427 διαπεράσας
3542 3351 3587 3403 ἑν
3617 3350 3669 3403 οὗ
3717 3345 3839 3413 πολλῷ

2304 3461 2480 3514 χρόνῳ
2506 3441 2696 3499 πολλήν
2737 3461 2791 3494 τε
2814 3447 2996 3514 χώραν
3051 3443 3135 3514 ὑφ’
3186 3441 3371 3495 ἑαυτὸν
3420 3441 3683 3499 ἐποιήσατο
3722 3433 3840 3489 πολλά

2304 3550 2357 3582 τε
2387 3533 2523 3589 ἄστη
2559 3535 2651 3583 σὺν
2709 3527 2884 3584 οὐδενὶ
2950 3536 3326 3605 παρεστήσατο
3401 3536 3559 3605 πόνῳ.
3619 3527 3839 3598 Βούλγαροι

2303 3625 2392 3673 καὶ
2440 3623 2542 3691 γὰρ
2616 3623 2969 3693 τυγχάνοντες
3049 3623 3097 3673 οἱ
3147 3620 3417 3696 οἰκήτορες
3476 3627 3581 3682 τοῖς
3630 3612 3839 3691 ὁμοφύλοις

2304 3712 2677 3781 προσέτρεχον,
2742 3713 2829 3761 τὸν
2884 3710 3044 3781 ζυγόν
3101 3718 3201 3761 τῶν
3261 3708 3598 3783 ἀλλογώσσων
3651 3704 3836 3758 ἀποσειό-

2302 3819 2463 3872 μενοι.
2522 3802 2600 3853 Τὰ
2654 3796 2713 3852 δε
2765 3800 2902 3857 οῖστη
2956 3801 3088 3871 μετὰ
3135 3806 3237 3851 τῶν
3268 3797 3561 3872 Ῥωμαϊκῶν
3607 3800 3683 3848 καὶ
3725 3795 3835 3865 μόνον

2301 3887 2703 3961 ἀπολελειμμένα
2781 3887 3060 3961 φυλάξεων,
3112 3888 3204 3941 οὐκ
3284 3888 3440 3952 ἀξίων
3488 3888 3715 3945 τοιούτοις
3754 3898 3834 3932 και-

2300 3984 2406 4052 ροῖς
2480 3977 2890 4050 ἁντιμάχεσθαι,
3001 3978 3294 4053 εὐχείρωτα
3393 3986 3502 4040 τοίς
3584 3972 3833 4044 Βουλγσίροις

2299 4069 2531 4140 ὑπῆρχε,
2563 4076 2662 4119 τῶν
2698 4071 2788 4140 μὲν
2826 4070 2985 4139 πτοία
3034 4072 3428 4142 ταραττομένων
3485 4070 3569 4120 καὶ
3613 4054 3833 4138 προδιδόν-

2298 4175 2397 4207 των
2449 4158 2513 4207 τα
2571 4158 2707 4214 ἄστη
2758 4161 2847 4208 καὶ
2896 4155 3260 4229 λαμϐανόντων
3312 4162 3404 4216 τήν
3468 4158 3591 4232 πρὸς
3626 4154 3684 4204 τὰ
3735 4150 3831 4199 οἶκοι

2298 4244 2602 4318 ἐλευθερίαν,
2663 4254 2762 4297 τῶν
2824 4242 2883 4298 δε
2940 4249 3065 4319 πρὸς
3112 4251 3206 4305 τὴν
3257 4246 3498 4310 ἆξαπίνης
3554 4240 3829 4317 γεγενημένην

2296 4342 2396 4385 τῶν
2436 4334 2739 4409 Βουλγάρων
2778 4329 2959 4407 ἔφοδον
3011 4332 3176 4407 μηδὲν
3226 4333 3453 4407 ἑχόντων
3501 4333 3553 4386 ἔκ
3610 4337 3688 4384 τοῦ
3740 4340 3830 4397 προο

2295 4428 2481 4499 χείρου
2546 4433 2735 4483 νοῆσαι
2829 4423 3148 4492 λυσιτελοῦν,
3233 4422 3707 4500 ἀποδιδρασκόντων
3763 4412 3828 4462 χαὶ

2295 4520 2463 4564 ταῦτα
2526 4514 2695 4586 ἔρημα
2776 4521 2876 4564 τῶν
2987 4513 3338 4585 φυλαττόντων
3418 4510 3826 4583 ἀπολιμπανόντωνρ

2295 4601 2457 4653 ἄλλων
2521 4598 2580 4654 δὲ
2634 4604 2764 4664 ἴσως
2829 4606 2917 4654 καὶ
2970 4606 3146 4676 χρόνῳ
3214 4600 3596 4675 ἀποκαμόντων,
3648 4605 3827 4666 παρατα·

2298 4691 2468 4753 θέντος
2512 4689 2691 4753 αὐτοῖς
2728 4693 2871 4765 παρὰ
2906 4694 2963 4744 τό
3003 4695 3185 4765 μέτρον
3226 4700 3318 4744 τοῦ
3346 4695 3538 4765 χρόνου
3588 4695 3672 4746 τῆς
3700 4677 3825 4753 Vim“

606 4812 650 4848 “
685 4814 738 4897 Β,
830 4809 888 4864 Ὀ
928 4810 1487 4899 γὰρθΒουλγαράρχης
1541 4810 1783 4897 Μιχαὴλ,
1816 4813 1840 4863 ὁ
1885 4816 2070 4899 τούτου
2122 4810 2678 4899 γυναικάδίλφος,λτὸν
2709 4822 2802 4899 τοῦ
2825 4814 3089 4899 βασιλέως
3122 4816 3361 4897 Ἰωάννου
3418 4802 3824 4899 πθόμενος,θάνξ’

532 4903 635 4960 τον,
709 4881 800 4960 *ἐπὶ
884 4879 951 4960 τά
1001 4879 1224 4960 ’.δυτικᾷ
1279 4879 1423 4960 ’μέρῂ
1504 4879 1702 4960 γυμνᾷ.
1732 4879 2325 4960 στρατευμάτωνίὲάρα,
2381 4879 2658 4959 βουληθεὶς
2707 4889 2772 4939 τὰ
2816 4879 3123 4960 ἆγῃρῃμένα
3172 4887 3229 4940 ἐκ
3283 4891 3473 4940 τούτων
3520 4879 3642 4940 ἄστη
3680 4879 3826 4960 ἀῗαξα·

532 4945 809 5032 λέσασθαι,
848 4950 1124 5032 τὸν-Εὗρον
1176 4945 1523 5032 διαπεράσας
1555 4945 1716 5007 πολλὰ
1768 4945 1853 5032 ἔφ’
1898 4945 2089 5032 ἐαυτὸν
2142 4945 2443 5015 ἰποὶἡσατο.
2493 4945 2747 5016 Μετετίθη
2788 4945 3015 5031 μενόὖν
3064 4961 3090 5011 ὁ
3150 4964 3487 5032 Στενίμαχος,
3542 4945 3818 5032 Περιστίτζα,

533 5026 836 5103 Κριτςιμὸς,
901 5020 1281 5103 Γζέπαιναβκαὶ
1319 5020 1377 5079 τὰ
1406 5024 1453 5077 ἓν
1482 5034 1542 5099 τῇ
1598 5020 1840 5103 ’ᾼχριδῷ
1896 5026 2169 5103 ξυμπαντα
2218 5028 2349 5087 πλὴν
2406 5032 2640 5083 Μνιάκου
2674 5051 2686 5064 ο
2755 5020 2905 5083 τοῦτο
2962 5033 3063 5103 γὰρ
3123 5036 3213 5083 καὶ
3274 5020 3424 5103 aevi);
3456 5020 3808 5103 γυπόῬωῆαίωξ

533 5082 843 5184 πὶφιξλζάκτξ.
896 5082 1113 5184 Οόξστρα
1137 5094 1236 5184 ,δι’
1267 5103 1356 5151 καὶ
1413 5082 1761 5184 Περπεράκῖὲν
1786 5082 1919 5184 ,καί
1956 5082 2185 5184 Κρυϐοκὺς
2231 5082 2321 5184 καὲ
2380 5104 2439 5154 τὸ
2482 5105 2854 5175 παρακείμενον
2890 5082 2984 5174 τῇ,
3025 5082 3131 5155 τοῦθ
3162 5082 3442 5180 ’Δδριάνοῦ
3495 5104 3577 5154 καὶ
3623 5082 3819 5158 κεκλημέ-

533 5167 614 5221 νον
646 5169 869 5242 Ἐφραὶμ
896 5174 1006 5231 τοῖς
1034 5167 1345 5246 Βουλγάροις
1370 5167 1673 5245 κεχείρωτο.
1700 5172 1896 5223 Τούτου
1923 5167 2085 5245 χάριν
2114 5167 2359 5229 ἔσπευδε.

1422 5309 1765 5380 Theodori
1812 5311 2062 5381 Dousa
2103 5322 2168 5381 et
2212 5312 2460 5383 Leonis
2510 5313 2742 5383 Allatii
2793 5324 2999 5385 nota.

2283 5456 2562 5521 Ecclesia,
2587 5460 2790 5514 narrat
2812 5457 3170 5529 Acropolita,
3194 5456 3267 5513 de
3290 5471 3413 5529 qua
3428 5470 3531 5511 nos
3550 5448 3747 5519 egimus
3762 5436 3808 5493 in

2282 5532 2474 5585 tractu
2499 5530 2583 5585 De
2604 5530 3080 5586 ordinationibus
3112 5530 3470 5586 Gracorum.
3495 5530 3619 5580 ALL.

2352 5599 2471 5674 (33)
2495 5601 2837 5677 Ἐξορμήσας.
2859 5602 3171 5674 Gregoras,
3191 5599 3295 5659 lib.
3319 5614 3395 5668 ιιι,
3421 5613 3478 5671 p.
3503 5598 3582 5652 53.
3608 5594 3721 5647 ALL-

602 5452 713 5527 (21)
739 5454 986 5527 Μοναχόν
1012 5453 1145 5527 τιν-ἁ.
1177 5452 1488 5527 Gregoras,
1518 5471 1577 5527 p.
1598 5458 1685 5527 55ἶ
1702 5456 1851 5527 ALL.

618 5522 711 5600 22)
742 5525 825 5577 Ἐν
857 5522 964 5600 Διὶἱᾲ
1014 5522 1538 5600 ééd‘opata‘cfﬂujus'
1561 5524 2023 5600 ordinationem
2067 5541 2173 5598 per

529 5584 979 5659 hebdomadam
1045 5584 1434 5667 absolutam;
1489 5596 1576 5654 uti
1637 5597 1923 5656 usitatam
1985 5584 2172 5657 in‘ea
