4084 6212
456 212 594 267 1127

1760 202 2042 260 GEORGII
2080 201 2360 259 ACROPO
2371 202 2549 260 ΙΛΤιΕ

3516 10 3933 141 Ψ

3516 10 3933 141 Ψ

3687 210 3829 268 1128

454 351 572 408 que
594 335 837 391 nomine
859 351 968 390 suo
990 348 1184 405 neque
1201 329 1648 403 exspectatione
1671 327 1990 382 hominum
2021 326 2100 382 di-

2221 330 2279 379 τὸ
2342 324 2673 400 ἐπιδημῆσαι
2750 332 2883 382 κατὰ
2938 335 3121 405 χώραν
3176 333 3262 383 τὸν
3317 330 3541 402 βασιλέα
3594 339 3687 387 καὶ
3750 340 3827 406 μὴ

455 439 642 494 gnum
664 426 977 497 quippiam
1006 422 1303 485 conﬁciat,
1358 435 1480 475 non
1535 423 1767 474 tantum
1828 416 2108 472 hostibus

456 514 654 570 ablata
675 515 1051 577 conﬁrmare,
1087 512 1189 566 sed
1217 518 1271 566 et
1300 510 1530 581 reliqua
1562 523 1799 562 sommo
1831 506 2109 561 adversa-

452 604 677 659 riorum
704 605 1065 659 incremento
1096 616 1418 672 rerumque
1467 602 1874 654 Romanarum
1905 596 2109 651 immi-

454 695 696 748 nutione
708 691 1049 765 disperdere
1064 708 1132 745 ac
1152 691 1467 761 dissnpare.
1488 690 1553 742 Et
1570 688 1697 742 hinc
1722 685 1968 758 quidem
1989 684 2108 742 isti.

453 785 667 838 Verum
696 781 981 849 Georgius
1011 779 1233 837 Muzalo
1294 777 1565 850 apprime
1608 775 1688 831 illi
1745 792 1942 843 carus,
2004 776 2108 846 qui

455 871 661 941 magni
678 870 994 926 domestici
1010 885 1257 925 munere
1273 864 2109 937 fungebatur,imperatorium

453 975 838 1034 progressum
869 973 987 1015 non
1017 961 1059 1028 1
1079 959 1182 1029 17
1212 956 1520 1013 consulere
1542 954 1746 1021 modo,
1780 953 1886 1007 sed
1927 952 2108 1008 etiam

454 1064 766 1120 cogere,ne
778 1065 913 1120 quae
928 1048 986 1103 in
1001 1063 1224 1103 occusu
1238 1044 1523 1111 erant,vel
1538 1043 1719 1113 major
1731 1058 1930 1097 eorum
1944 1057 2107 1113 pars,

454 1140 517 1195 in
540 1138 925 1194 inimicorum
966 1141 1320 1209 potestatem
1344 1135 1636 1199 venirent,
1661 1131 1768 1186 Alii
1791 1131 1969 1187 etiam
1987 1145 2109 1186 non

453 1228 633 1300 pauci
664 1228 768 1282 viri
797 1227 1060 1283 celebres
1085 1227 1145 1281 in
1178 1225 1382 1294 magni
1416 1221 1727 1279 domestici
1752 1219 2107 1275 sententiam

453 1317 662 1372 ierant.
688 1317 868 1386 Igitur
895 1315 1206 1387 praelatum
1230 1319 1319 1369 est
1344 1312 1740 1384 plurimorum
1769 1308 2105 1365 consilium.

456 1405 713 1461 Maxime
748 1422 890 1460 vero
921 1403 1298 1476 imperatoris
1331 1402 1540 1472 ingens
1576 1399 1795 1472 cupido
1827 1415 1896 1454 ac
1923 1396 2108 1454 animi

456 1494 655 1561 ardor,
702 1494 779 1549 ad
832 1494 1078 1548 itionem
1144 1491 1416 1563 impense
1475 1489 1832 1560 exagitatus,
1897 1486 2109 1543 obvios

455 1598 729 1654 quosque
754 1586 1206 1654 promptosque,
1238 1579 1523 1652 pusillum
1584 1593 1729 1632 sane
1760 1576 2106 1645 exercitum,

458 1688 683 1744 eosque
705 1672 807 1743 qui
834 1671 984 1726 inter
1013 1669 1453 1726 ambulandum
1500 1666 1912 1731 occurrebant,
1959 1664 2107 1720 alios

456 1763 634 1819 etiam
666 1761 769 1834 qui
790 1778 825 1818 a
846 1760 942 1816 via
959 1776 1080 1816 non
1099 1760 1369 1829 aberant,
1388 1759 1570 1813 armis
1594 1763 1793 1813 tamen
1816 1755 2106 1828 equisque

452 1857 698 1909 caeteros
751 1850 1037 1922 consequi
1090 1848 1353 1904 valentes
1393 1847 1649 1917 collegit,
1698 1861 1851 1918 quos
1902 1860 2105 1899 secum

452 1945 699 2013 portans
722 1939 1169 2011 Hellespontum
1190 1936 1422 2008 trajicit,
1449 1952 1674 2007 magno
1698 1933 2027 1990 domestico
2043 1933 2105 1988 in

454 2031 688 2088 Oriente
705 2030 930 2086 relicto.

522 2342 609 2393 56.
648 2336 790 2392 Hinc
842 2334 1128 2391 festinans
1156 2331 1606 2404 Adrianopolim
1659 2331 1842 2397 venit,
1897 2328 2102 2400 ibique

452 2426 630 2483 unico
658 2425 753 2480 die
775 2428 1180 2479 commoratus
1201 2427 1438 2495 postero
1486 2420 1581 2476 die
1613 2418 1933 2489 egreditur.
1958 2419 2105 2474 Inte-

449 2514 564 2571 rim
586 2528 659 2568 ex
681 2511 1073 2581 Bulgarorum
1099 2509 1575 2582 speculatoribus
1608 2524 1764 2563 unus
1787 2507 2105 2579 imperato-

447 2618 576 2659 rem
600 2601 846 2657 intuitus
876 2599 1260 2670 Adrianopoli
1298 2598 1663 2653 exsilientem
1714 2597 1891 2652 citato
1925 2612 2104 2653 cursu

451 2691 531 2749 ad
565 2690 891 2760 Bulgarum
914 2688 1095 2743 fertur
1126 2687 1242 2749 (ille
1269 2687 1486 2743 etenim
1509 2686 1665 2742 circa
1696 2685 1983 2741 Herbrum
2011 2703 2102 2742 ca-

451 2785 571 2837 stra
591 2777 895 2853 posuerat)
913 2782 969 2832 et
987 2794 1109 2832 rem
1133 2776 1340 2849 aperit,
1366 2775 1866 2848 imperatorisque
1884 2775 1943 2830 in
1962 2791 2102 2830 eum

456 2870 499 2938 1
519 2867 894 2939 18celerem
908 2864 1297 2937 irruptionem
1311 2863 2105 2936 exponit,atquejurejuran-

448 2957 530 3013 do
558 2954 951 3012 conﬁrmabat
980 2959 1169 3010 semet
1184 2952 1373 3009 oculis
1400 2953 1654 3025 propriis
1677 2953 2101 3024 imperatorem

2219 417 2361 478 ἄξιον
2391 426 2482 469 τοῦ
2513 419 2763 489 ὀνόματος
2792 418 2954 471 αὐτοῦ
2975 425 3065 471 καὶ
3103 429 3198 482 τῆς
3248 425 3421 492 φήμης
3479 420 3831 492 ἐργάσασθαι

2219 506 2276 558 οὗ
2326 516 2423 558 τῶν
2465 506 2804 581 ἀφῃρημένων
2871 514 2962 561 καὶ
3026 514 3179 582 μόνον
3244 507 3529 582 βεϐαίωσιν
3599 510 3648 562 ἐν
3721 519 3833 572 rei;

2220 596 2426 669 ἐχθροῖς
2487 605 2731 665 ποιεῖται,
2802 596 2930 649 ἀλλὰ
3000 604 3089 651 καὶ
3168 608 3267 650 τῶν
3361 599 3829 673 περιλελειμμένων

2220 683 2489 759 ἀφαίρεσιν
2520 685 2681 748 αὔξην
2722 706 2775 739 τε
2832 696 2929 738 τῶν
2988 688 3297 740 ὑπεναντίων
3352 687 3523 758 πολλῷ
3577 689 3827 761 μείζονα,

2219 778 2286 835 ὡς
2342 780 2432 828 καὶ
2488 784 2587 828 τῶν
2655 776 2953 849 Ῥωμαῖκῶν
3022 779 3343 852 πραγμάτων
3413 776 3695 831 ἐλάττωσιν
3765 779 3829 831 οὗ

2221 867 2467 939 σμικράν.
2498 872 2676 919 Ταῦτα
2695 869 2784 938 μὲν
2834 865 2998 932 οὗτοι,
3039 867 3065 919 ὁ
3110 863 3171 919 δὲ
3216 869 3283 919 τὰ
3324 865 3546 921 πλεῖστα
3590 870 3829 927 πεποθη-

2217 960 2366 1028 μένος
2415 955 2553 1025 αὐτῷ
2601 954 2888 1016 Μουζάλων
2945 962 3218 1030 Γεωργιος,
3285 961 3380 1015 τὴν
3435 966 3527 1010 τοῦ
3594 958 3830 1030 μεγάλου

2219 1040 2535 1116 δομεστίκου
2593 1041 2813 1116 δύναμιν
2861 1046 3291 1119 περιεζωσμενος,
3361 1051 3455 1105 τὴν
3531 1045 3831 1120 βασιλικὴν

2217 1152 2498 1206 περαιωσιν
2553 1133 2883 1187 συνεϐούλευε
2928 1140 3018 1187 καὶ
3072 1138 3269 1194 ταύτην
3349 1140 3657 1209 κατήπειγε,
3751 1142 3826 1208 μὴ

2216 1220 2347 1294 λάθῄ
2379 1225 2443 1274 τὰ
2470 1225 2640 1275 πάντα
2675 1232 2772 1275 τῶν
2813 1223 2860 1276 ἐν
2919 1220 3098 1297 δυσμῆ
3157 1225 3188 1284 ἦ
3239 1228 3305 1277 τὰ
3352 1224 3510 1278 πλείω
3565 1222 3683 1286 ταῖς
3726 1236 3829 1278 τῶν

2218 1310 2420 1383 ἐχθρῶν
2457 1317 2644 1385 χερσὶν
2683 1311 2964 1373 αλωθῆναι,
3023 1319 3123 1367 Καὶ
3176 1314 3323 1367 ἄλλοι
3371 1312 3431 1367 δε
3479 1324 3580 1367 τῶν
3641 1313 3833 1388 ἐπιφα-

2216 1409 2311 1451 νῶν
2341 1402 2435 1453 οῦκ
2464 1400 2629 1472 ὀλίγοι
2665 1410 2725 1474 τῇ
2772 1410 2862 1454 τοῦ
2911 1402 3136 1474 μεγαλου
3189 1400 3507 1476 δομεστίκου
3563 1409 3829 1476 συνῄνουν

2219 1487 2407 1562 βουλῇ.
2436 1489 2516 1562 [Ρ.
2541 1491 2633 1563 90]
2672 1489 2729 1542 Ἠ
2762 1499 2861 1542 τῶν
2886 1491 3128 1544 πλειονων
3175 1500 3302 1563 γοῦν
3360 1495 3563 1565 ἴσχυσε
3625 1492 3825 1566 βουλὴ,

2216 1579 2448 1651 μάλιστα
2478 1575 2512 1631 δ
2517 1584 2536 1632 's
2573 1587 2665 1631 τοῦ
2693 1578 2946 1652 βασιλέως
2974 1584 3032 1633 τὸ
3059 1582 3325 1656 πρόθυμον
3346 1587 3435 1634 καὶ
3465 1583 3491 1633 ὁ
3549 1592 3650 1643 τῆς
3701 1603 3832 1656 καρο

2149 1685 2187 1738 Β
2217 1664 2338 1730 δίας
2368 1671 2527 1721 αὑτοῦ
2555 1668 2712 1730 ζῆλος
2740 1667 2930 1731 ἐκκαής
2981 1675 3206 1741 γεγονὼς
3252 1673 3384 1741 πρὸς
3438 1676 3531 1730 τὴν
3586 1676 3828 1731 κίνησεν,

2219 1762 2318 1809 Καὶ
2356 1756 2767 1832 προσλαϐόμενος
2806 1762 2922 1819 τοὺς
2973 1760 3089 1811 ὅσοι
3147 1759 3551 1813 συνακαλουθεῖν
3602 1764 3824 1833 ἔτυχον,

2216 1844 2285 1907 εἰς
2314 1851 2520 1920 μέτριον
2544 1844 2950 1920 ἀριθμουμένους
3000 1850 3321 1923 στράτευμα,
3376 1854 3464 1901 καὶ
3526 1853 3649 1912 τοὺς
3706 1851 3830 1903 καθ’

2215 1932 2338 1988 ὁδὸν
2376 1935 2849 2008 ξυντυγχάνοντας,
2891 1942 3120 1999 καὶτοὺς
3172 1936 3439 2012 ἐγγύτίρον
3495 1947 3592 2001 τῆς
3634 1944 3829 2014 φεροῦο

2216 2044 2315 2087 σης
2339 2029 2489 2088 ὄντας
2514 2030 2603 2077 καὶ
2656 2022 2975 2098 δυναμένους
3033 2027 3212 2089 αὐτοῖς
3258 2027 3432 2089 ὅπλοις
3487 2034 3579 2080 καὶ
3639 2028 3830 2089 ἰπποις

2213 2112 2511 2186 ἐφέψεσθαι,
2578 2111 2979 2187 διαπεραιοῦται
3026 2119 3113 2169 τὸν
3186 2115 3580 2182 Ἑλλήσποντον,
3659 2135 3827 2170 κατα-

2209 2201 2369 2255 λιπὼν
2399 2202 2471 2264 εἰς
2498 2207 2591 2262 τὴν
2612 2202 2677 2257 ἓω
2705 2206 2792 2256 τὸν
2816 2223 2978 2277 μεγαν
2994 2199 3324 2277 δομίστικον.

2281 2328 2377 2394 νς’.
2419 2329 2674 2383 Ἐντεῦθεν
2701 2330 2863 2398 ⁸³,ὡς
2909 2326 3023 2402 εἶχε
3082 2332 3302 2403 τάχους,
3349 2334 3444 2389 τὴν
3500 2327 3823 2406 ’Δδριανού-

2212 2418 2359 2471 πόλιν
2388 2421 2631 2492 πέφθακε.
2682 2424 2814 2473 Μίαν
2877 2416 2937 2472 δὲ
2977 2424 3067 2473 καὶ
3113 2425 3274 2493 μόνην
3324 2421 3523 2495 ἡμέραν
3582 2417 3821 2494 διακαρ-

2211 2514 2437 2583 τερήσας
2466 2508 2516 2560 ἐν
2546 2511 2709 2581 ταύτῃ
2738 2508 2941 2571 ἐξῆλθεν
2996 2508 3045 2571 ἐς
3097 2512 3281 2567 νέωτα.
3334 2514 3434 2563 Καὶ
3488 2528 3570 2571 τις
3617 2518 3725 2562 τῶν
3767 2513 3823 2562 ἐκ

2214 2598 2513 2672 Βουλγάρων
2562 2604 2903 2673 κατοπτήρων
2941 2602 3025 2651 τόν
3082 2597 3304 2672 βασιλέα
3366 2601 3673 2672 τεθεαμένος
3725 2608 3823 2662 τῆς

2213 2685 2493 2764 Ἀδριανοῦ
2541 2687 2873 2763 ἐξερχόμενον
2939 2686 3159 2762 δρομαῖς
3219 2688 3302 2741 ἐπὶ
3354 2692 3441 2742 τὸν
3521 2689 3821 2765 Βοῦλγαρον

2213 2778 2347 2830 ἵκετο
2412 2778 2555 2852 (περὶ
2620 2781 2707 2830 τὸν
2766 2777 2949 2851 Ἕϐρον
3010 2783 3100 2839 καὶ
3161 2782 3260 2854 γὰρ
3300 2779 3449 2841 οὗτος
3521 2777 3822 2853 ἐστρατπε-

2212 2863 2417 2938 δεύετο)
2440 2874 2528 2920 καὶ
2568 2871 2625 2919 τό
2660 2864 2843 2940 δρᾶμα
2882 2865 3135 2921 διασαφεῖ
3162 2874 3250 2921 καὶ
3280 2872 3375 2927 τὴν
3401 2876 3494 2921 τοῦ
3551 2867 3823 2941 βασιλέως

2211 2954 2500 3027 ἐξαγγέλλει
2547 2956 2660 3008 κατ’
2737 2957 2896 3009 αὐτοῦ
2950 2964 3171 3029 ταχεῖαν
3220 2954 3425 3029 ἔφοδον,
3475 2963 3567 3010 καὶ
3637 2960 3817 3031 ὅρκοις

448 3050 693 3120 pontem
722 3044 988 3101 ﬂuminis
1022 3042 1193 3100 Hebri
1250 3042 1383 3099 urbi
1440 3043 1785 3115 proximum
1832 3046 2100 3114 petrans-

2210 3041 2563 3103 ἐϐεϐαιοῦτοῆ
2597 3066 2700 3118 μην
2761 3044 3044 3118 ὀφθαλμοῖς
3109 3047 3387 3099 τεθεᾶσθαι
3444 3049 3533 3099 τὸν
3585 3044 3818 3118 βασιλέα

448 3140 689 3192 euntem
717 3133 1121 3206 conspexisse.
1156 3136 1273 3188 Hoc
1294 3132 1541 3205 quidem
1568 3130 1857 3201 Bulgaros
1898 3134 2099 3186 turba-

448 3224 549 3290 vit,
581 3239 704 3280 non
734 3224 814 3280 ita
848 3228 1049 3278 tamen
1093 3226 1155 3278 ut
1181 3221 1337 3291 loco,
1368 3221 1430 3276 in
1460 3236 1581 3292 quo
1608 3225 1805 3276 castra
1824 3219 2094 3286 ﬁxerant,

448 3330 510 3370 se
532 3317 866 3379 moverent;
890 3327 1069 3384 quem
1086 3309 1420 3367 retinebant
1434 3309 1757 3375 mordicus,
1777 3324 2099 3381 quousque

445 3404 780 3460 accuratius
805 3401 1161 3474 pleniusque
1190 3401 1264 3455 de
1291 3400 1383 3455 his
1410 3415 1545 3471 quas
1566 3415 1774 3455 rumor
1821 3398 2099 3454 attulerat

447 3492 724 3548 certiores
743 3490 971 3546 ﬁerent.
997 3489 1111 3546 Sed
1131 3504 1239 3544 nec
1258 3489 1681 3560 imperatorem
1708 3487 2097 3557 Bulgarorum

442 3582 695 3638 tentoria
724 3579 1053 3649 fugiebant,
1083 3594 1218 3633 cum
1248 3576 1449 3633 locum
1504 3578 1563 3632 in
1621 3594 1745 3649 quo
1805 3577 2097 3633 exercitus

443 3675 571 3726 erat
595 3667 997 3725 addidicisset.
1018 3667 1196 3736 Igitur
1225 3665 1473 3722 celerius
1502 3667 1610 3722 iter
1630 3667 1883 3737 ingredi,
1916 3682 2097 3739 equo-

439 3775 577 3815 rum
603 3774 842 3828 gressus
877 3772 1165 3829 properos
1223 3772 1452 3827 urgere,
1518 3757 1898 3827 summisque
1942 3756 2094 3811 votis

442 3852 724 3919 exoptare
778 3846 1044 3916 Bulgaris
1107 3845 1293 3917 copiis
1351 3860 1683 3911 occurrere,
1722 3845 1813 3902 Sic
1844 3860 1986 3915 ergo
2013 3844 2093 3899 ir-

439 3945 647 3996 ruente
670 3937 817 3995 forte
848 3938 1088 3993 fortuna
1117 3937 1195 3992 ab
1262 3937 1533 3992 instituto
1587 3935 1921 3992 abducitur.
1981 3935 2094 4001 Qui

438 4028 599 4085 enim
646 4027 929 4084 Romanis
952 4026 1138 4099 copiis
1165 4025 1474 4097 praeibam,
1512 4026 1572 4080 in
1599 4024 1890 4094 Bulgarici
1930 4039 2087 4080 exer-

440 4118 588 4173 citus
610 4118 887 4173 custodes
918 4116 1209 4184 incidunt,
1272 4131 1534 4188 quorum
1581 4114 1899 4187 plerosque
1950 4130 2090 4169 ense

440 4205 756 4272 trucidant,
816 4205 964 4260 alios
1019 4205 1184 4259 vivos
1238 4204 1501 4275 capiunt,
1547 4203 1697 4258 inter
1746 4218 1849 4259 eos
1896 4209 1949 4259 et
1994 4202 2091 4258 cui

441 4311 685 4350 summa
710 4294 847 4350 belli
874 4294 1095 4350 credita
1126 4294 1337 4349 fuerat.
1361 4294 1563 4349 Caneri
1589 4294 1732 4364 fuga
1783 4294 1896 4348 sibi
1946 4308 2089 4349 con—

441 4384 703 4439 sulentes
735 4399 975 4438 summa
994 4388 1165 4438 nocte
1187 4384 1245 4437 in
1268 4382 1642 4451 Bulgaricum
1664 4382 1986 4439 exercitum
2004 4399 2089 4439 re-

438 4478 771 4539 vertuntur,
792 4473 1189 4543 nuntiantque
1215 4470 2088 4541 omnia,etjamimminereim-

436 4567 775 4636 peratorem
805 4560 1192 4617 contendunt.
1234 4562 1425 4626 Quare
1454 4562 1535 4616 uti
1564 4561 1821 4634 quisque
1882 4562 2088 4633 Bulga-

434 4669 641 4711 rorum
673 4651 885 4724 potuit,
912 4666 1243 4723 eorumque
1272 4650 1546 4723 princeps
1577 4651 1637 4706 in
1667 4668 1893 4724 equum
1949 4652 2080 4709 insi.

435 4741 603 4811 liens,
634 4742 699 4799 in
716 4739 999 4798 interiora
1030 4738 1319 4809 Bulgaria
1341 4739 1602 4810 regionis
1626 4738 1760 4796 loca
1793 4756 1922 4798 sese
1941 4741 2083 4799 reci-

508 4922 557 4957 “
659 4939 670 4973 :
702 4928 778 4983 Ως
804 4916 941 4992 εἶχεν
968 4914 1057 4992 οῦν
1087 4918 1308 4992 τάχους,
1344 4921 1463 4992 -.τὴν
1511 4913 1793 4992 Ἀδριανοῦ
1846 4920 2120 4992 πεφθακεν.

435 4996 523 5047 τόν
582 4991 805 5064 βασιλέα
848 4985 959 5072 ’τῆς
1010 4985 1291 5072 ⁴ἱιὶδρίοὶνρῦ
1336 4987 1537 5072 ἐξιόντα
1588 4985 1883 5072 τεθεαμένος
1919 4985 2362 5072 ’δρομαῖος-πρός
2413 4992 2497 5041 τὸν
2552 4988 2822 5065 Βουλγαρά

2207 3137 2301 3192 τὴν
2341 3138 2470 3207 πρὸς
2498 3142 2559 3207 τῇ
2591 3134 2733 3186 πόλει
2762 3137 3133 3207 τυγχάνουσαν
3189 3143 3280 3188 τοῦ
3336 3143 3578 3208 ποταμοῦ
3622 3135 3815 3209 Ἕϐρον

2205 3228 2429 3299 γέφυραν
2466 3221 2824 3279 διαϐαίνοντα.
2880 3231 3044 3279 Τοῦτο
3105 3229 3316 3297 συνέχει
3371 3230 3462 3299 μεν
3518 3230 3638 3287 τοὺς
3694 3233 3816 3301 περὶ

2206 3317 2293 3365 τὸν
2350 3314 2656 3387 Βούλγαρον,
2706 3314 2764 3366 οῦ
2814 3320 2916 3386 μὴν
2977 3323 3070 3367 τοῦ
3123 3320 3285 3368 τόπου
3332 3315 3449 3368 καθ’
3510 3316 3565 3367 ὃν
3617 3316 3813 3388 ἔλαχον

2209 3400 2634 3475 στρανοπεδεύειν
2700 3401 3027 3473 ἀπέστησαν,
3086 3403 3193 3456 ἀλλ’
3248 3403 3419 3476 έμενον
3477 3406 3647 3459 ἐκεῖσε
3722 3409 3813 3479 μέ-

2205 3511 2329 3565 χρις
2385 3493 2446 3543 οἶν
2498 3500 2661 3564 γνοῖεν
2710 3496 2775 3545 τὰ
2832 3501 2928 3556 τῆς
2983 3499 3161 3566 φήμης
3208 3492 3572 3566 ἁκριϐεστερόν
3618 3514 3673 3547 τε
3724 3500 3814 3547 καὶ

2205 3582 2743 3654 καθαρῶτερον,Ἀλλ’
2802 3578 2926 3635 οὐδὲ
2978 3585 3065 3634 τὸν
3120 3581 3343 3656 βασιλέα
3409 3586 3439 3642 ἠ
3497 3591 3593 3636 τοῦ
3648 3584 3811 3637 Βουλ-

2203 3674 2369 3743 γάρου
2417 3676 2814 3731 κατασκήνωσις
2869 3670 3095 3739 λέληθεν,
3157 3670 3263 3723 ἀλλ’
3321 3671 3636 3745 ἐμεμαθήκει
3721 3677 3809 3725 τὸν

2203 3764 2359 3813 τόπον
2390 3764 2518 3812 ὅπου
2576 3756 2642 3818 δὴ
2698 3756 3051 3835 στρατόπεδον
3109 3758 3274 3833 εἶχεν.
3329 3763 3634 3836 Ταχύτερον
3682 3771 3811 3835 γοῦν

2201 3854 2293 3908 τὴν
2355 3855 2561 3923 πορείαν
2610 3847 2829 3902 ἐποιεῖτο
2880 3855 2971 3901 καὶ
3022 3858 3121 3903 τῶν
3167 3849 3335 3903 ἳππων
3406 3853 3505 3913 τὰς
3574 3857 3813 3914 κινὰσεις

2203 3937 2437 4009 ἐπέτεινε,
2469 3943 2557 3990 καὶ
2587 3937 2781 4010 ηὓχετο
2828 3948 2900 4010 τῷ
2944 3939 3281 4013 Βουλγαρικῷ
3323 3939 3599 4011 ξυντυχεῖν
3650 3960 3814 4017 στραο

2201 4030 2438 4100 τεῦματι.
2471 4026 2622 4080 Οῦτω
2670 4036 2792 4099 γοῦν
2849 4030 2984 4100 ἔχων
3032 4030 3336 4102 ὁρμήματος
3382 4028 3437 4082 ἐκ
3492 4049 3630 4090 τινος
3678 4049 3813 4104 συμ-

2202 4116 2430 4190 ϐάματος
2472 4115 2665 4189 ἐσφάλη
2728 4127 2974 4193 τυχηρῶς
3025 4126 3116 4171 τοῦ
3147 4118 3524 4191 βουλεύματος.
3574 4123 3647 4173 0i
3702 4124 3806 4196 γὰρ

2199 4209 2506 4279 προάγοντες
2570 4215 2669 4258 τῶν
2719 4205 3016 4279 Ῥωμαϊκῶν
3073 4211 3473 4283 στρατευμάτων
3554 4216 3671 4270 τοῖς
3743 4212 3812 4272 εἰς

2199 4295 2429 4369 φυλακὴν
2486 4299 2917 4369 προτεταγμένοις
2970 4304 3059 4349 τοῦ
3144 4301 3493 4370 Βουλγαρικοῦ
3580 4316 3811 4373 στρατο-

2198 4382 2361 4438 πέδου
2395 4391 2831 4457 συμπεπτώκασι,
2860 4391 2950 4438 καὶ
3008 4386 3221 4447 πολλοὺς
3272 4391 3361 4459 με)
3414 4386 3597 4457 ξίφους
3656 4385 3808 4459 ἐρτον

2197 4480 2525 4543 πεποίηνται,
2589 4474 2768 4535 ἄλλους
2826 4470 2886 4527 δε
2937 4478 3163 4549 ζωγρίας
3249 4476 3403 4545 εἶλον,
3462 4478 3550 4527 οὑν
3630 4476 3810 4537 αὐτοῖς

2199 4558 2257 4614 δε
2281 4582 2371 4614 και
2400 4566 2486 4615 τὸν
2509 4567 2601 4621 τὴν
2648 4564 2925 4635 ἡγεμονίαν
2978 4572 3072 4626 τῆς
3133 4570 3412 4637 στρατείας
3468 4566 3689 4635 ἔχοντά.
3738 4568 3808 4618 οἱ

2197 4648 2257 4705 δε
2293 4653 2456 4728 ἕτεροι
2504 4659 2639 4725 φυγῇ
2714 4654 3044 4725 χρησάμενοι
3101 4656 3284 4715 νυκτὸς
3339 4651 3564 4727 βαθείας
3614 4652 3692 4716 εἰς
3744 4659 3805 4707 τό

2196 4740 2543 4815 Βουλγαρικὸν
2575 4737 2877 4814 ἀπέδρασαν
2962 4743 3284 4817 στράτευμα,
3350 4762 3440 4796 και
3515 4738 3805 4814 διηγοῦντο

2187 4916 2671 5005 Ιίιίικεῖθενὶέξῗσιξ
2721 4937 2821 5002 και.
2876 4937 2953 4980 τις
3004 4928 3104 5005 τῶν
3146 4921 3450 4997 Βουλγάρων
3525 4927 3803 4997 κατοπτήρ

2903 5010 2963 5049 ην
3023 4994 3231 5064 ἀφίκετο
3296 4994 3414 5067 περί
3471 4996 3560 5045 τὸν
3639 4994 3801 5066 Εὗρον

439 5012 523 5047 τον
582 5009 805 5064 pata-usa
863 5009 959 5051 της
1030 5009 1291 5063 Αοριανου
1336 5009 1537 5051 εςιόντα
1588 5009 1883 5070 τεθεαμενος
1937 5009 2189 5061 ορομαιος
2236 5009 2362 5063 προς
2413 5009 2497 5041 τον
2552 5009 2852 5065 υουΑγαραρ
2903 5010 2963 5049 ην
3023 5009 3231 5064 αφικετο
3296 5009 3414 5067 περι
3471 5011 3560 5045 τον
3639 5009 3801 5066 uapor

439 5071 751 5121 σκηνοῦντα,
785 5082 874 5113 και
904 5066 982 5135 τὸΔ
998 5058 1177 5135 δρᾷμα
1209 5057 1458 5132 διασαφεῖ
1483 5062 1675 5135 ὅρκοις,
1710 5056 1884 5135 λιδεὶν,
1917 5063 2003 5135 τὸν
2066 5058 2289 5133 βασιλέα
2339 5065 2433 5119 τὴν
2473 5064 2618 5135 ⁸πρός
2663 5068 2725 5133 τῇ
2780 5011 2924 5115 πόλει
2974 5066 3351 5135 τυγχάνουσαν
3403 5071 3494 5117 τοῦ
3560 5068 3802 5135 ποτάμοῦ

439 5086 751 5121 σκηνουντα,
785 5086 874 5113 και
904 5086 962 5113 το
998 5086 1177 5135 upupa
1209 5086 1456 5132 σιασαφδι
1483 5086 1675 5133 ορκοις,
1710 5086 1884 5139 .ιυιιν,
1918 5086 2003 5111 τον
2066 5086 2289 5133 Pactum
2339 5086 2433 5119 την
2491 5086 2617 5134 προς
2663 5086 2725 5133 τῃ
2780 5086 2924 5115 ποΛΙι
2974 5086 3351 5135 τυγχανουσαν
3403 5086 3494 5117 του
3560 5086 3701 5117 ποτα
3742 5086 3800 5117 δυ

436 5134 622 5208 ΙίὓρουΔ
664 5137 887 5208 γέφυραν
952 5128 1310 5208 διαϐαίνοντα.
1369 5135 1520 5208 Γνοὺς
1578 5128 1637 5208 δε
1698 5129 2027 5208 οῌβασιλέυς
2062 5140 2170 5208 ,τὴν
2218 5141 2331 5208 τῶν-
2372 5131 2676 5206 Βουλγάρων
2741 5138 3143 5192 κατασκήνωσιν
3209 5139 3427 5189 επέτεινε
3490 5139 3586 5193 τήν
3653 5086 3800 5193 ὁδ’όν.

438 5201 540 5290 ξάί
578 5205 627 5256 οἱ
656 5201 967 5290 πρράγοντες
995 5203 1376 5290 τοῦεφτὲλακας
1406 5202 1706 5290 Βουλζάρων
1739 5201 2019 5290 ξίφειθκαικ
2057 5203 2257 5276 ζωργίᾳ
2311 5201 2524 5264 ἐλόντες,
2573 5201 2629 5290 ἕξ
2693 5223 2833 5290 rivo;
2885 5201 3118 5286 φυγάδος
3152 5204 3553 5290 .διαμαθοντες,
3613 5210 3802 5271 πάντες

436 5269 844 5351 ῖφυγονλτούτων
870 5278 1001 5351 πρὸς
1031 5278 1097 5326 τὰ
1122 5269 1827 5351 ἐνδότεραιῇκατεδρῦπτοντο
1860 5269 1917 5326 δε
1938 5269 2539 5351 τοῖςνσυνήρεφέσι-τῶν
2594 5271 2841 5348 δένδρων.
2891 5269 3081 5330 Ἔωθεν
3104 5347 3120 5351 Δ
3140 5274 3199 5331 δε
3250 5269 3337 5331 τόν
3390 5269 3549 5331 τόπον
3598 5269 3797 5350 φθάσαξ

436 5341 1065 5424 ὁ”βασιλευς).ελῦπηται,
1094 5345 1188 5424 οὐκ
1214 5341 1326 5424 εἶχε
1349 5342 1408 5424 Δδ’
1436 5347 1462 5398 ὃ
1482 5364 1533 5397 τι
1558 5341 1647 5424 και
1673 5341 1911 5424 δράσειε,
1944 5342 2156 5424 Περί-δὲ
2179 5341 2522 5424 τῆν’Βερῥόην
2572 5341 2758 5424 χωρεῖ,
2819 5366 2909 5399 και
2962 5347 3197 5424 αὐτοϐοεί
3249 5354 3307 5403 τὸ
3366 5341 3614 5424 φρούριον
3676 5348 3799 5411 εἷλες

438 5406 685 5505 [ἐξίτάχς
708 5420 769 5472 ἄν
798 5423 915 5494 περί
939 5422 1026 5470 τόν
1051 5406 1394 5501 ωἶμονιάῦτόν
1433 5435 1531 5468 κατ
1562 5418 1626 5499 τά
1772 5416 1911 5486 αὐτῷ
1933 5406 2177 5504 ’φρούρια
2213 5406 2669 5505 ἐκεχαὲρρκει,’ἷί’
2694 5406 2766 5490 μὴ
2812 5424 3013 5505 χειμὼν
3066 5419 3319 5474 ἐκώλυσεν
3372 5406 3525 5475 ἂι)τὼ
3588 5406 3794 5505 μέγαςξ

433 5492 594 5553 πολλή
625 5486 725 5579 γὰρ
756 5486 892 5575 χιῶν
921 5498 1017 5579 τῇς
1180 5492 1237 5541 τό
1258 5494 1534 5577 πρόσωπον
1560 5487 1904 5579 ἐπηλύγασεν.
1933 5486 2153 5565 Ἡμέρας
2180 5486 2305 5563 γοῦν
2321 5486 2390 5554 ἐξ
2419 5486 2851 5563 διακαρτερήσας
2894 5486 2920 5544 ὁ
2972 5490 3243 5565 βασιλεῦς,
3288 5492 3426 5546 λείαν
3468 5495 3537 5546 τὰ
3578 5486 3795 5570 Βερῥόης

432 5557 886 5643 ποωσάμενο’ς’,εἰς
912 5566 1007 5622 τὴν
1038 5557 1320 5637 ’Ἀδριανοῦ
1358 5557 1739 5639 ὑπέστρεψεν,’
1995 5557 2005 5561 “
2058 5557 2067 5565 ’
2186 5557 2200 5563 ‘
2581 5557 2591 5563 -
2669 5557 2678 5563 -
2972 5557 2984 5565 -
3228 5557 3237 5562 -
3588 5606 3599 5613 λ
