4084 6212
137 324 292 380 1133
1665 318 1772 374 ΑΝ]

1879 317 2016 377 LES.
3380 332 3517 387 1134

140 447 460 511 λευσάμενος
492 448 587 503 την
613 443 858 518 ἀρίστην,
891 445 960 505 ὡς
1007 439 1119 515 εἶχε
1144 444 1364 514 τάχους,
1429 441 1564 493 ἅπαν
1641 441 1754 504 ξυνο

1879 458 2168 511 emensus,
2203 448 2489 520 tantoque
2528 451 2789 508 exercitu
2815 453 3054 509 stataria
3083 456 3256 510 sueto
3281 468 3512 526 pugna,

143 541 411 609 αγηοχὼς
472 539 530 588 τὸ
587 530 941 609 στρατόπεδον
1005 529 1358 594 δωδεκαταῖος
1415 535 1503 593 τὰς
1568 531 1756 607 Σέῥρας

145 629 434 699 πέφθακεν,
474 624 524 679 έν
577 623 733 697 ὀλίγῳ
785 627 962 696 χρόνῳ
1005 625 1265 680 τοσαύτην
1315 617 1568 685 διανύσας
1632 619 1755 675 ὁδόν

145 721 247 769 καὶ
293 722 542 768 τοσοῦτον
622 712 929 785 ἐπαγόμενος
1015 713 1332 785 στράτευμα,
1427 719 1543 774 ταῖς
1623 714 1758 765 κατά

151 801 399 863 συτάδην
448 804 738 875 εἰθισμένον
801 803 1025 874 μάχαις,
1136 801 1314 862 ὅπλοις
1395 804 1757 874 κατάφρακτον

147 900 246 948 καὶ
301 895 476 955 ἵπποις
556 895 908 967 φορταγωγοίς
986 886 1342 963 διοικούμενον
1420 895 1509 943 καὶ
1564 893 1758 953 πάσαις

149 983 337 1044 ἄλλαις
389 982 706 1043 ἀποσκευαῖς
766 981 1208 1053 συγκροτούμενον
1268 984 1358 1033 καὶ
1415 983 1759 1054 περιφραγνύ-

151 1091 330 1146 μενον.
385 1072 527 1126 Ἐπεὶ
579 1067 640 1124 δι
703 1073 868 1143 μέχρι
920 1067 1112 1144 Σερρῶν
1172 1075 1502 1134 κατηντὴκει,
1573 1069 1757 1122 αύτόθι

155 1159 624 1236 διανυκτερεύσας,
663 1160 775 1232 ἅμα
831 1161 970 1234 πρωΐ
1026 1160 1091 1210 τά
1144 1161 1510 1233 στρατεύματα
1575 1177 1756 1212 συντα-

155 1251 375 1324 ξάμενος
421 1255 511 1302 καὶ
586 1252 706 1312 τοὺς
759 1248 1098 1321 πεζαιτερους
1153 1253 1243 1300 καὶ
1321 1248 1628 1323 τοξοφόρους
1675 1250 1761 1321 ἔμ-

155 1342 388 1416 προσθεν
447 1338 644 1412 βαίνειν
715 1337 1165 1411 ἐγκελευσάμενος,
1243 1336 1446 1410 ἐπείπερ
1499 1337 1759 1391 ἐπέπυστο

153 1434 258 1488 τὴν
314 1437 406 1482 τοῦ
453 1427 712 1481 Ῥοπελίου
756 1423 1089 1501 δυσχωρίαν,
1157 1428 1275 1479 καθ’
1332 1430 1394 1485 ἣν
1459 1427 1484 1478 ό
1532 1429 1761 1498 ποταμός

157 1523 406 1592 Στρυμὼν
452 1517 533 1593 ῥεῖ
607 1513 737 1570 δυσὶ
821 1516 1212 1588 συγκλειόμενος
1257 1519 1428 1590 ὄρεσιν
1486 1517 1554 1578 ὡς
1605 1520 1760 1588 μόγις

154 1608 366 1682 ἄμαξαν
389 1604 482 1662 διά
512 1609 708 1669 ταύτης
738 1608 1011 1680 ἔρχεσθαι,
1061 1612 1154 1658 τοῦ
1207 1613 1446 1678 ποταμοῦ
1497 1607 1760 1658 στενωτά-

153 1717 258 1757 την
292 1696 712 1772 ἀπεργαζομένου
731 1699 828 1754 τὴν
875 1691 1058 1748 δίοδον
1105 1693 1433 1769 (κλεισούρας
1481 1698 1597 1754 τούς
1650 1713 1760 1746 τοι-

1863 533 2048 590 armis
2085 534 2555 610 circumquaque
2575 541 2832 608 munito,
2856 542 3029 614 equis
3058 542 3344 599 onerariis
3376 558 3520 614 pro-

1862 622 2012 688 viso,
2046 623 2211 679 omni
2228 623 2347 680 alio
2368 633 2664 699 apparatu
2687 635 2868 702 atque
2898 637 3115 688 ornatu
3145 631 3397 688 visendo
3424 631 3519 687 ﬁr-

1863 717 2029 768 mato
2089 712 2508 788 obvallatoque
2568 719 2911 790 instructus,
2983 722 3184 778 Serras
3223 721 3519 791 advenit;

1864 807 2042 874 atque
2068 801 2152 858 ibi
2170 819 2310 860 cum
2350 813 2775 878 pernoctasset,
2828 814 3069 882 postero
3123 811 3220 866 die
3277 826 3517 868 summo

1863 907 2043 947 mane
2059 895 2367 950 recensitis
2381 896 2568 968 copiis
2589 899 2817 970 pedites
2837 915 2908 955 ac
2925 900 3287 971 sagitttarios
3309 900 3519 972 praeire

1857 980 2056 1052 jussit,
2091 999 2228 1038 cum
2249 985 2576 1057 accepisset
2594 985 2902 1044 difﬁcilem
2925 989 3150 1062 Ropelii
3179 990 3518 1060 transitum,

1864 1084 1972 1142 per
1982 1085 2164 1141 quem
2180 1071 2409 1129 ﬂumen
2423 1074 2659 1148 Strymo
2673 1077 2913 1134 duobus
2925 1078 3201 1135 occlusus
3214 1078 3522 1134 montibus

1864 1158 2229 1230 praeterﬂuit,
2259 1160 2411 1218 adeo
2435 1168 2498 1218 ut
2527 1163 2623 1219 vix
2645 1180 2753 1238 per
2775 1165 2938 1222 viam
2958 1183 3166 1223 currus
3194 1167 3518 1240 preterire,

1864 1246 2112 1304 ﬂumine
2142 1251 2454 1307 transitum
2474 1268 2662 1325 quam
2683 1256 3180 1325 angustissimum
3206 1255 3517 1326 efﬁciente,

1865 1335 2148 1410 ideoque,
2159 1337 2353 1394 locum
2367 1343 2406 1396 C
2417 1340 2630 1398 lisuras
2645 1343 2857 1415 vulgus
2870 1345 3254 1417 appellavit,a
3269 1345 3520 1416 Bulgaro

1868 1426 2071 1494 milite,
2103 1428 2402 1500 equitibus
2427 1433 2469 1501 ι
2484 1432 2597 1503 23
2617 1433 2864 1505 quidem
2885 1435 3050 1491 haud
3062 1436 3286 1506 multis,
3313 1437 3522 1508 pediti-

1865 1513 1980 1570 bus
1994 1515 2284 1586 plurimis,
2307 1520 2610 1576 custodiri.
2636 1521 2873 1591 Bulgari
2897 1525 3056 1578 enim
3082 1524 3235 1596 palis
3254 1524 3519 1597 lorisque

1867 1604 2257 1675 praemunitas
2284 1606 2440 1663 fores
2469 1609 2527 1664 iu
2550 1609 2664 1666 illis
2685 1617 3065 1682 aperuerant,
3094 1617 3159 1668 ut
3186 1615 3524 1685 expugnari

1866 1693 2112 1765 quidem
2137 1700 2194 1750 et
2231 1695 2578 1754 difﬁcultate
2595 1697 2708 1755 loci
2738 1705 2794 1756 et
2824 1717 2931 1772 per
2951 1701 3112 1772 ipsos
3137 1718 3210 1757 ex
3235 1707 3360 1758 arte
3389 1703 3528 1758 reli-

157 1788 350 1848 ούτους
395 1791 585 1847 τόπους
625 1786 652 1838 ὁ
699 1784 853 1845 πολὺς
899 1784 1241 1856 κατονομάζει
1294 1783 1460 1856 λαὸς),
1538 1782 1760 1855 Βουλγα-

1879 1797 1991 1854 qua
2017 1783 2348 1840 munitione
2369 1785 2647 1844 absoluta
2671 1788 2918 1844 minime
2956 1795 3175 1862 posset.
3211 1794 3330 1847 Hoc
3352 1792 3434 1848 ita
3464 1807 3528 1848 se

154 1883 284 1952 ρικῆ
315 1873 666 1948 φυλάττεσθαι
701 1878 926 1949 στρατιᾴ
965 1874 1155 1925 ἱππέων
1186 1875 1276 1945 μεν
1319 1871 1502 1944 ὀλίγων
1535 1869 1614 1945 [Ρ.
1647 1871 1758 1942 63].

160 1965 332 2026 πεζῶν
373 1961 432 2017 δε
489 1962 686 2017 πολλῶν
735 1965 808 2035 (οἱ
856 1965 955 2036 γὰρ
1014 1961 1299 2034 Βούλγαροι
1349 1967 1438 2015 καὶ
1493 1961 1659 2022 πύλας
1715 1959 1763 2012 ἓν

161 2054 350 2114 αὐταῖς
394 2055 783 2106 κατεσκεύασαν
836 2051 1060 2124 μοχλοῖς
1114 2055 1204 2103 καὶ
1283 2050 1538 2124 κλείθροις
1593 2051 1764 2122 ἠσφα-

161 2143 433 2217 λισμένας,
478 2145 547 2204 ὡς
603 2141 795 2216 ἄμαχα
855 2144 1056 2202 τούτοις
1129 2140 1182 2204 ἐξ
1224 2139 1522 2214 ἀμφοτέρων
1562 2140 1768 2212 τυγχά-

164 2252 288 2300 νειν,
317 2242 412 2294 τῆς
439 2251 493 2285 τε
524 2228 811 2294 δυσκολίας
853 2239 942 2285 τού
1003 2235 1165 2284 τόπου
1219 2235 1310 2283 καὶ
1361 2238 1452 2291 τῆς
1499 2233 1770 2302 γεγενημέ-

165 2344 258 2386 νης
285 2324 408 2400 παρ’
439 2323 605 2376 αὐτῶν
645 2323 965 2398 προμηθείας
1016 2331 1113 2385 τῆς
1161 2321 1347 2384 λοιπῆς
1403 2321 1763 2396 ὄχυρώσεως),

169 2413 280 2468 ἐπεὶ
355 2421 523 2466 ταῦτα
595 2412 758 2474 οὕτως
837 2414 978 2485 ἔχειν
1049 2411 1363 2486 έμεμαθήκει
1411 2413 1437 2464 ὁ
1496 2409 1765 2484 βασιλεὺς,

176 2499 383 2563 σπουδῆ
419 2501 502 2555 έπὶ
523 2505 608 2555 τόν
647 2500 812 2555 ἐκεῖσε
841 2506 994 2554 τόπον
1027 2499 1234 2574 ἀφῖκτο.
1284 2498 1415 2576 Εὗρε
1468 2497 1527 2553 δε
1579 2502 1648 2552 τὰ
1721 2498 1770 2552 έν

177 2591 318 2662 αύτῷ
379 2593 608 2667 καθάπερ
665 2591 944 2646 ἐπέπυστο.
1006 2590 1302 2662 ’Δποκόψας
1352 2586 1440 2643 οὖν
1513 2597 1607 2652 τῆς
1671 2596 1771 2641 τῶν

179 2679 495 2754 πεζαιτέρων
537 2685 784 2752 στρατιᾶς
821 2683 943 2732 ὅσον
987 2675 1049 2738 ἦν
1115 2679 1252 2742 εἰκὸς
1301 2681 1597 2752 σύνταγμα,
1644 2679 1772 2752 ὑπερ

178 2768 404 2841 κεφαλῆς
427 2776 525 2821 τῶν
557 2767 858 2843 Βουλγάρων
906 2765 1152 2842 βαδίζειν
1197 2769 1267 2832 εἰς
1319 2772 1378 2821 τὸ
1445 2772 1563 2844 ὄρος
1609 2784 1774 2842 προσ·

175 2860 417 2930 τέταχεν,
449 2858 519 2918 ὡς
548 2858 610 2908 ἄν
662 2857 716 2920 ἐξ
757 2854 1072 2931 ύπερδεξίων
1120 2861 1236 2919 τοὺς
1268 2857 1594 2931 Βουλγάρους
1650 2853 1777 2928 βάλ-

176 2947 336 3000 λωσιν
374 2946 426 3010 έξ
463 2945 794 3020 ὑψηλοτέρων
839 2955 938 3000 τῶν
990 2952 1158 3001 τόπων
1215 2947 1263 3000 ἐν
1316 2954 1422 3010 τοῖς
1478 2945 1777 3019 χθαμαλοῖς

179 3036 399 3099 ἐκείνους
420 3037 800 3108 τυγχάνοντας.
823 3038 889 3088 Οἱ
919 3032 979 3089 δὲ
1019 3038 1203 3089 θᾶττον
1230 3035 1432 3090 ἐποίουν
1483 3039 1550 3088 τὰ
1614 3051 1777 3108 προσο

176 3129 484 3198 ταττόμενα·
514 3121 575 3183 ἧν
626 3127 725 3198 γὰρ
767 3127 824 3178 τὸ
867 3128 980 3200 ὅρος
1033 3121 1271 3199 δένδροις
1326 3129 1416 3198 μὲν
1477 3126 1774 3197 συνηρεφὲς,

180 3213 414 3290 βάσιμον
469 3211 529 3268 δι
581 3219 708 3268 ποσὶ
744 3215 1079 3288 πεζαιτίρων.
1153 3214 1389 3270 Ἱππεῦσι
1455 3211 1515 3268 δε
1555 3213 1778 3266 κατευθὺ

175 3313 281 3358 τῶν
303 3305 476 3358 πυλῶν
525 3309 620 3364 τὴν
672 3306 856 3377 μάχην
915 3312 1078 3358 ποιεῖν
1136 3303 1413 3359 ἐκέλευσεν.
1469 3304 1612 3357 Ἐπεί
1653 3309 1780 3374 γοῦν

177 3391 424 3447 κατεῖδον
473 3395 521 3447 οἱ
575 3393 861 3470 Βούλγαροι
921 3396 1111 3448 ἄνωθεν
1159 3396 1252 3467 μὶν
1295 3393 1351 3447 έκ
1423 3401 1523 3446 τῶν
1582 3390 1781 3465 βουνῶν

178 3485 382 3545 ὁῑστοῖς
429 3483 642 3546 ἑαυτοὺς
691 3482 1060 3556 βαλλομένους,
1119 3479 1401 3537 σταδιαίαν
1459 3486 1554 3540 τὴν
1598 3483 1782 3555 μάχην

177 3576 521 3646 κατημένους
571 3577 919 3637 κατεναντίον,
999 3591 1088 3626 και
1144 3571 1194 3626 έν
1257 3581 1418 3643 στενῷ
1472 3567 1668 3644 κομιδῆ
1717 3573 1786 3623 τὰ

176 3663 304 3717 καθ’
374 3661 560 3724 αὐτοὺς
617 3663 932 3737 καθορῶντες
991 3661 1061 3725 εἰς
1129 3665 1298 3735 φυγὴν
1344 3661 1644 3734 ἐτράποντο,
1695 3680 1785 3713 και

177 3756 248 3807 τό
302 3751 579 3827 βασιλικὸν
642 3752 816 3813 αὐτοῖς
890 3751 1122 3825 έφείπετο
1191 3753 1506 3824 στράτευμα.
1565 3749 1788 3811 Πολλοὺς

177 3838 277 3896 υῦν
328 3841 514 3897 έκεῖθεν
577 3844 781 3904 σπάθης
838 3844 988 3916 ἔργον
1043 3845 1371 3899 πεποίηνται.
1425 3835 1577 3894 Οίδε
1642 3838 1788 3892 ἄλλοι

179 3936 356 4008 μέχρι
411 3952 501 3985 και
549 3939 650 3986 τῶν
707 3931 1064 4004 Βουλγαρικῶν
1121 3932 1517 4004 στρατευμάτων
1589 3925 1624 3982 δ
1630 3947 1786 3981 ιασω-

185 4024 360 4085 Θέντες
419 4017 746 4094 ἀπέδρασαν,
804 4039 893 4073 και
953 4022 1022 4073 τὰ
1076 4023 1195 4094 περί
1234 4025 1327 4071 τοῦ
1380 4016 1640 4091 βασιλέως
1678 4019 1794 4070 τού-

181 4131 299 4174 τοις
342 4108 683 4183 ἀπήγγειλαν,
715 4114 805 4162 καί
833 4111 936 4163 ὅσα
963 4105 1031 4168 δὴ
1066 4108 1458 4163 έπεπόνθεισαν.
1500 4109 1567 4160 Οἵ
1618 4104 1678 4162 δὲ
1721 4115 1793 4179 τῷ

424 4195 870 4275 διαταραχθέντες
959 4205 1056 4260 τῆς
1093 4195 1275 4266 ἀκοῆς,
1336 4216 1426 4249 και
1503 4198 1572 4260 ὡς
1617 4199 1796 4269 αἴφνης

189 4291 374 4350 αὐτοῖς
430 4287 810 4342 έπεισπέπτωκε
878 4288 946 4340 τὰ
997 4283 1162 4350 δεινά,
1217 4287 1460 4352 ἕκαστος,
1511 4288 1580 4348 ὡς
1633 4285 1796 4358 εἶχεν,

191 4372 358 4424 ἵππου
413 4376 508 4421 τοῦ
580 4368 927 4442 ἐφωρεθέντος
985 4366 1128 4438 αύτῷ
1183 4363 1383 4438 σχεδὸν
1429 4364 1632 4431 ἐπιϐὰς,
1681 4369 1797 4439 φεύ-

190 4480 302 4533 γειν
344 4460 620 4534 ὥρμησαν.
681 4458 820 4511 Ἐπεί
869 4453 928 4512 δε
979 4476 1071 4509 και
1116 4456 1210 4520 νὺξ
1260 4458 1497 4532 ὑπῆρχεν
1552 4455 1797 4519 ἀσέληνος

1869 1871 2092 1937 habere
2113 1872 2818 1949 ubirescivitimperator,
2845 1879 2952 1935 iter
2971 1879 3048 1935 ad
3076 1879 3279 1936 locum
3308 1882 3531 1939 accele-

1871 1961 2039 2029 ravit,
2067 1967 2124 2017 et
2147 1979 2274 2018 rem
2295 1980 2498 2020 veram
2525 1981 2654 2022 esse
2675 1982 2864 2039 quam
2883 1968 3194 2025 audiverat
3215 1971 3526 2042 comperit.

1872 2050 2222 2123 Expeditam
2234 2052 2435 2124 itaque
2448 2055 2728 2122 exercitu,
2744 2072 2882 2128 quae
2896 2055 3167 2113 sufﬁcere
3183 2058 3519 2132 videbatur,

1872 2141 2178 2197 cohortem
2193 2149 2535 2214 separatam
2549 2160 2733 2216 supra
2747 2144 3136 2216 Bulgarorum
3149 2149 3346 2220 capita
3359 2164 3533 2204 mon-

1873 2235 1993 2285 tem
2033 2231 2353 2288 ascendere
2392 2234 2691 2306 praacepit,
2729 2240 2790 2291 ut
2826 2252 2864 2292 a
2888 2236 3297 2308 superioribus
3323 2254 3393 2293 ac
3421 2253 3533 2311 op-

1873 2320 2324 2391 portunioribus
2340 2320 2485 2377 locis
2502 2321 2862 2393 Bulgarosin
2874 2324 3296 2381 humilioribus
3323 2342 3534 2398 repen-

1876 2412 1963 2463 tes
1988 2407 2246 2465 ferirent.
2271 2411 2434 2466 Dicto
2474 2410 2646 2468 citius
2703 2412 2994 2470 audiunt:
3028 2430 3292 2486 namque
3351 2431 3531 2472 mons

1877 2495 1970 2552 ille
1993 2496 2402 2570 frequentibus
2417 2499 2736 2558 arboribus
2760 2503 3027 2560 consitus
3044 2503 3203 2559 viam
3226 2503 3531 2576 peditibus

1880 2586 2201 2643 sternebat.
2221 2587 2528 2660 Equitibus
2539 2590 2862 2647 adversum
2877 2596 3080 2665 portas
3099 2609 3369 2664 pugnam
3393 2609 3536 2650 con-

1880 2691 2076 2732 serere
2100 2676 2370 2734 mandat.
2393 2681 2608 2735 Verum
2631 2680 2734 2736 ubi
2758 2680 2994 2752 Bulgari
3013 2698 3087 2739 ex
3118 2682 3356 2739 collium
3387 2683 3535 2739 emi-

1879 2765 2135 2822 nentiori
2155 2765 2304 2823 facie
2327 2767 2558 2840 spicula
2579 2768 2725 2826 mitti
2747 2774 2928 2842 atque
2949 2771 3198 2840 stataria
3227 2789 3436 2843 pugna
3464 2788 3540 2830 ex

1882 2855 2131 2912 adverso
2161 2855 2353 2925 urgeri
2388 2873 2520 2914 sese
2546 2857 3024 2931 deprehendunt,
3053 2877 3270 2932 resque
3305 2877 3448 2916 suas
3477 2862 3541 2916 in

1884 2947 2149 2999 extrema
2165 2942 2404 3000 fortuna
2417 2945 2738 3002 collocatas
2753 2947 3150 3020 conspiciunt,
3165 2948 3227 3004 in
3240 2948 3448 3017 fugam
3480 2963 3544 3004 se

1887 3032 2136 3089 dedunt.
2159 3034 3141 3105 lmperatoriaacohortesinsecutae
3169 3036 3543 3110 quampluri-

1824 3165 1864 3220 Ο
1888 3137 2019 3176 mos
2049 3121 2555 3178 contrucidarunt.
2576 3123 2804 3196 Reliqui
2826 3140 3006 3180 cursu
3031 3125 3092 3179 in
3121 3124 3382 3180 tentoriis
3412 3123 3546 3180 Bul-

1889 3209 2102 3282 garicis
2132 3209 2307 3266 saluti
2346 3215 2682 3280 consulere,
2716 3212 3092 3286 imperatoris
3120 3229 3215 3270 res
3242 3217 3440 3283 gestas
3484 3217 3544 3272 et

1887 3315 2023 3372 quae
2043 3299 2155 3371 ipsi
2185 3299 2347 3370 passi
2377 3299 2626 3356 fuissent
2653 3303 2986 3358 enuntiare.
3041 3303 3152 3369 Qui
3208 3302 3544 3376 improviso

1887 3386 2097 3442 nuntio
2109 3392 2164 3442 et
2177 3387 2499 3458 repentinis
2513 3387 2957 3446 calamitatibus
2976 3389 3424 3458 conturbati,uti
3439 3407 3544 3464 po-

1889 3479 2038 3531 terat
2061 3474 2330 3546 quilibet,
2359 3476 2420 3531 in
2442 3475 2712 3532 oblatum
2735 3477 2846 3534 sibi
2877 3494 3102 3552 equum
3130 3480 3543 3536 conscendens

1889 3564 2040 3635 fugit
2064 3583 2076 3634 ;
2111 3571 2167 3620 et
2186 3581 2326 3620 cum
2343 3565 2498 3636 fugae
2525 3571 2792 3639 tempore
2821 3567 2967 3624 luna
2994 3567 3211 3631 sileret.
3232 3569 3400 3626 locus
3423 3569 3543 3626 dif-

1890 3653 2080 3721 ﬁcilis,
2094 3669 2203 3710 nec
2216 3653 2324 3709 VifB
2337 3655 2602 3710 essentin
2616 3661 2921 3729 promptu,
2954 3659 2996 3728 ι
3011 3657 3128 3732 24
3144 3658 3243 3716 alii
3259 3658 3430 3734 equis
3445 3658 3545 3716 de—

1893 3743 2106 3810 cidere,
2135 3742 2234 3798 alii
2264 3743 2633 3816 eospedibus
2654 3744 3034 3803 conculcatos
3063 3747 3420 3814 interimere,
3445 3747 3546 3805 alii

1895 3848 1926 3888 e
1938 3831 2097 3901 sagis
2109 3847 2215 3906 per
2228 3832 2555 3904 praecipitia
2569 3832 2621 3905 ej
2631 3834 2874 3902 aculari,
2900 3834 2997 3892 alii
3015 3836 3134 3892 alio
3164 3837 3326 3894 malo
3359 3838 3544 3894 vitam

1896 3921 2110 3977 misere
2136 3921 2423 3992 amittere,
2466 3921 2618 3978 adeo
2651 3938 2730 3978 ux
2749 3922 2860 3978 illis
2889 3925 3066 3996 pauci
3101 3924 3436 3980 incolumes
3468 3923 3548 3980 ad

1900 4011 2184 4080 Bulgaros
2205 4010 2460 4081 regressi
2485 4009 2718 4067 fuerint.
2739 4013 2843 4068 Per
2866 4012 2928 4068 id
2959 4013 3138 4068 etiam
3154 4018 3391 4086 tempus
3413 4015 3554 4069 Dra-

1900 4103 2068 4172 gotas
2091 4098 2483 4169 Bulgarorum
2502 4099 2732 4169 ductor,
2751 4100 3096 4158 defectionis
3117 4107 3344 4172 auctor,
3369 4117 3554 4174 equo-

1900 4205 2036 4245 rum
2063 4187 2317 4261 pedibus
2331 4205 2548 4261 corpus
2562 4194 2753 4246 totum
2772 4189 3131 4247 dilaceratus
3145 4189 3312 4247 tertio
3325 4189 3421 4246 die
3438 4189 3556 4248 leto

1904 4279 2058 4335 malo
2070 4279 2698 4352 emoritur.lmperator
2710 4296 2781 4337 ea
2795 4282 3042 4338 noctein
3055 4281 3343 4354 oppidum
3357 4281 3559 4354 appel-

1903 4368 2032 4424 lens
2053 4369 2329 4424 custodes
2351 4369 2693 4441 alloquitur,
2717 4371 2822 4442 qui
2844 4387 2981 4426 eum
3004 4370 3392 4428 libentissime
3408 4371 3560 4428 exci-

1906 4457 2212 4531 pere,dein
2224 4457 2442 4530 plausu
2457 4458 3395 4532 etacclamationibusingeniquc
3413 4476 3562 4532 prae-

191 4549 316 4602 καθ’
355 4549 416 4608 ἦν
447 4549 476 4606 ἡ
510 4552 672 4621 φυγὴ,
699 4567 789 4600 και
837 4542 1108 4622 δυσχερὴς
1163 4545 1189 4598 ὁ
1242 4549 1394 4606 τόπος
1441 4564 1531 4597 και
1588 4548 1654 4598 τὰ
1695 4554 1772 4598 τῶ·

1879 4561 1883 4589 ν
1910 4545 2083 4601 conio
2122 4545 2500 4601 consalutare
2531 4552 2588 4602 et
2611 4545 2862 4602 celerem
2887 4547 3152 4620 aquilam
3177 4547 3560 4622 compellare.

195 4635 336 4691 ὁδῶν
393 4633 829 4708 δυσδιάγνωστα,
877 4638 1090 4690 ἔπιπτον
1167 4637 1257 4710 μεν
1317 4634 1369 4698 EE
1417 4654 1584 4686 ιππων
1653 4637 1797 4704 ἔνιοι,
1821 4636 1982 4710 ἕτεροι
2015 4630 2073 4686 δέ
2105 4634 2293 4697 αύτούς
2321 4637 2644 4688 κατεπάτουν
2701 4642 2790 4689 καὶ
2841 4639 3098 4710 ἓφθειραν,
3162 4658 3250 4690 και
3299 4637 3442 4690 άλλοι
3472 4641 3561 4710 μὲν

195 4736 301 4781 τῶν
326 4723 642 4800 ἐφεστρίδων
665 4723 1135 4799 ἀπεσφενδονοῡντο
1161 4727 1296 4777 κατὰ
1332 4731 1574 4797 κρημνῷν
1599 4723 1744 4776 ἄλλοι
1777 4720 1834 4777 δε
1864 4723 2026 4784 ἄλλως
2052 4722 2190 4784 τελος
2223 4719 2481 4782 δύστηνον
2539 4723 2918 4798 ἀπελάμϐανον,
2986 4729 3052 4787 ὡς
3079 4726 3286 4798 ὀλίγους
3314 4727 3367 4788 ἐξ
3393 4726 3561 4779 αὐτῶν

201 4813 554 4877 διασωθέντας
583 4815 632 4879 ἐς
661 4819 755 4875 τὴν
786 4815 1090 4889 Βουλγάρων
1127 4821 1402 4889 χωρῆσαι.
1433 4818 1559 4866 Τότε
1585 4809 1652 4872 δὴ
1703 4833 1793 4866 και
1849 4813 2228 4886 προϊστάμενος
2283 4813 2451 4864 αὐτῶν
2507 4818 2778 4886 Δραγωτᾶς
2829 4816 2856 4868 ό
2911 4815 3220 4888 πρεξάρχων
3269 4823 3360 4876 τῆς
3408 4813 3564 4866 ἀπισ-

202 4911 320 4968 τίας
350 4906 517 4959 ἵππων
541 4909 697 4959 ποσίν
721 4912 859 4959 ἁπαν
892 4908 952 4958 τὸ
984 4911 1136 4977 σῶμα
1173 4901 1570 4972 συντέθλασται,
1602 4921 1692 4954 και
1719 4909 1951 4977 τριταῖος
1979 4905 2073 4960 τὴν
2097 4899 2256 4953 αύτου
2286 4899 2473 4973 ψυχὴν
2501 4901 2833 4974 ἐξεφύσησεν.
2860 4901 2918 4955 Ὀ
2946 4906 3036 4975 μὲν
3070 4903 3158 4954 οὖν
3192 4901 3444 4975 βασιλεὺς
3471 4911 3567 4965 τῆς

202 4998 388 5057 νυκτός
415 4995 612 5059 ἐκείνης
639 4997 699 5049 τό
721 4997 856 5048 ἄστυ
884 4992 1186 5046 καταλαϐὼν
1217 5000 1322 5054 τοῖς
1346 4991 1512 5045 ἐκεῖσε
1532 4991 1849 5066 φυλάττουσι
1872 4989 2217 5064 ξυνωμίλησε,
2250 4991 2478 5042 κάκεῖνοι
2508 4989 2785 5053 ἀσπασίως
2813 5010 2867 5044 τε
2895 4994 2982 5044 τὸν
3030 4991 3393 5067 αύτοκράτορα
3443 4994 3563 5046 ὑπε-

209 5079 420 5149 δέξαντο
457 5104 548 5138 και
573 5088 774 5163 κρότοις
800 5083 1017 5144 ἐπῄνουν
1047 5102 1137 5136 και
1161 5081 1404 5156 εὐφήμοις
1429 5080 1603 5155 λόγοις
1637 5077 1907 5136 ἑκύδαινον
1933 5099 2023 5134 και
2055 5077 2199 5133 ἀετόν
2230 5083 2400 5152 ταχύν
2427 5080 2810 5154 κατωνόμοζον.

281 5313 372 5374 νϐ’.
394 5318 474 5374 Τὰ
509 5315 741 5388 iactati“
767 5313 876 5388 οὖν,
909 5319 980 5380 ὡς
1031 5312 1093 5376 ἦν
1145 5314 1304 5385 εἰκός,
1325 5313 1675 5389 οἰκονομήσας
1701 5314 1730 5367 ό

1909 5315 2003 5373 59.
2034 5311 2232 5372 Rebus
2261 5311 2487 5388 itaque,
2530 5310 2615 5370 uti
2651 5327 2765 5386 par
2801 5316 2946 5385 erat,
2980 5312 3286 5390 dispositis
3314 5315 3575 5390 impera—

285 5521 333 5560 ⁷⁸
409 5523 511 5582 D:
584 5530 685 5578 Kau
759 5522 964 5597 ἀπάρας
1037 5522 1224 5577 ἐκεῖθεν
1296 5522 1366 5585 εἰς
1459 5517 1852 5597 Θεσσαλονίκην
1932 5517 2163 5592 ἀφίκετο.
2234 5521 2486 5597 ξίὰκεῖθεν
2563 5521 2649 5573 τὸν
2699 5516 3020 5597 ’Βαρδάριον
3097 5517 3433 5597 διαπεράσαςΔ
3489 5522 3575 5572 καὶ

215 5593 283 5646 τὰ
329 5579 534 5654 Βοδηνά
569 5616 711 5673 παρα
745 5579 1183 5670 μείψἀς⁷ηόσησε
1219 5579 1428 5667 νόσημα
1467 5589 1698 5678 ἐδριαόν.
1757 5579 2177 5678 Διοιὲιαρτερήνσας
2221 5588 2273 5645 δ’
2318 5592 2503 5678 inter:
2559 5579 3036 5678 μικρὸυ’περί””τὸν
3090 5579 3352 5678 Πρείλοέπον
3399 5594 3574 5678 ὦρμηο

220 5683 326 5724 σεν.
393 5659 653 5723 Ἐκεῖθεν’
688 5659 762 5732 εἰς
819 5659 1030 5722 Ιὶελεσόν
1096 5667 1304 5742 έχὼρει,
1352 5659 1463 5718 ’και
1522 5659 1634 5738 ἄμα
1697 5672 1738 5736 ῷ
1802 5659 2021 5737 φθάσαι’
2063 5663 2227 5718 ἐκεῖσε
2292 5666 2342 5718 οἱ
2405 5659 2872 5737 φύλακες’τούτου
2925 5659 3404 5740 ὅρκους’λαϐόντες
3440 5659 3574 5724 ’ἱξὴε

3987 201 4007 298 ἢ
