4042 6214
191 344 332 401 1137
1704 337 1787 393 AF

1959 335 2052 392 ES.
2594 290 2597 295 Ι
3420 339 3555 396 1138

186 487 279 521 νου
304 474 400 529 τῆς
429 464 701 544 Ἀχριδοῦ
746 472 838 523 καὶ
866 467 1183 541 καλουμένου
1250 466 1481 538 Ιιὰτμον,
1508 463 1535 516 ὃ
1563 465 1656 516 καὶ
1709 460 1782 516 εύ-

1965 476 2102 518 ιτειι.
2132 459 2481 535 Imperator,
2512 458 2679 534 quod
2715 474 2839 517 non
2867 458 3108 528 horum,
3131 458 3303 518 sicuti
3318 462 3561 527 caetero:-

187 565 361 631 χερῶς
399 558 534 610 πὰνυ
592 559 618 610 ὁ
670 559 1100 634 Φιλανθρωπηνὸς
1150 554 1375 620 Ἀλέξιος
1429 553 1556 609 εἷλεν
1592 553 1619 605 ό
1669 553 1783 607 Δού-

1962 567 2059 617 Im,
2086 550 2308 623 potitus
2340 548 2574 619 fuisset,
2603 565 2761 622 quas,
2809 549 2893 606 uti
2928 548 3181 622 potiora,
3225 548 3404 607 subdi
3454 563 3558 608 ne-

188 666 309 717 κας,
375 646 727 720 καταλειφθεὶς
775 651 904 724 πρὸς
949 655 1039 701 τοῦ
1115 644 1375 720 βασιλέως
1428 643 1500 705 εἰς
1559 641 1784 715 φυλακὴν

1957 639 2238 703 uiverant,
2269 653 2427 710 aegre
2475 639 2638 709 angi,
2683 638 2789 695 sed
2833 640 3121 711 Tzepaaua
3172 638 3553 711 potissimum

188 742 292 789 τῶν
321 734 372 788 ἐν
427 731 677 810 Αγριδῷ,
726 740 814 790 καὶ
858 738 1059 799 ἄστεως
1114 735 1268 791 ἄλλον
1324 733 1621 796 Τζεπαίνης
1671 731 1784 783 ὧνο·

1955 729 2188 800 {agitari
2218 733 2399 802 atque
2423 728 2628 787 animo
2656 727 3022 786 discruciari.
3071 728 3266 795 Quare
3312 727 3373 785 in
3415 744 3551 787 eam

188 828 483 899 μασμένου,
519 825 634 878 λίαν
700 828 1052 899 τυγχανόντος
1106 825 1303 901 ἐχυροῦ
1355 826 1444 875 καὶ
1515 825 1636 896 περὶ
1697 824 1784 880 τὴν

1955 819 2340 894 :peditionem
2395 819 2737 885 maturavit,
2777 818 3053 892 viresque
3080 819 3269 877 voluit
3298 817 3551 894 experiri

188 912 450 987 ξυμϐολὴν
481 914 745 979 τελοῦντος
781 924 882 968 τῶν
933 912 1031 968 δύο
1088 918 1348 989 μεγίστων
1391 912 1542 988 ὀρῶν,
1603 917 1696 963 τοῦ
1738 929 1784 963 τι

1950 926 2064 981 18.8,
2131 910 2182 966 si
2238 908 2385 982 quid
2442 908 2816 982 proﬁcerent.
2856 907 3072 981 Elapsa
3114 909 3249 992 jam
3321 915 3546 983 aestate,

188 1006 358 1077 Δίμου
425 1009 516 1058 καὶ
575 1012 673 1066 τῆς
704 1001 978 1073 Ῥοδόπης,
1034 1004 1150 1058 καθ’
1198 1004 1266 1056 ὧν
1333 1007 1491 1076 μέσον
1539 1003 1565 1053 ὁ
1607 998 1784 1074 Ἕϐρος

1949 1001 2145 1059 rtremi
2177 1001 2292 1058 sub
2318 1016 2528 1059 casum
2586 999 2881 1063 autumni,
2924 1015 3121 1074 neque
3175 1004 3545 1074 tempestatis

182 1094 265 1170 ῥεῖ
331 1098 582 1168 ποταμός,
637 1093 687 1148 ἓν
736 1093 889 1167 δεινῷ
938 1099 1029 1169 μὶν
1104 1095 1323 1149 ἐποιεῖτο
1380 1094 1406 1145 ό
1455 1092 1778 1165 αὐτοκράτωρ

1949 1090 2075 1162 ‘27
2108 1105 2305 1163 neque
2316 1087 2550 1146 hiberni
2573 1089 2861 1162 temporis
2883 1089 3201 1163 asperitate
3230 1091 3545 1153 deterritus

185 1184 269 1237 ὅτι
298 1186 372 1256 μὴ
404 1187 495 1236 καὶ
541 1183 712 1237 αὐτῶν
769 1187 839 1247 ὡς
902 1192 1003 1238 τῶν
1055 1184 1237 1258 ἑτέρων
1312 1182 1614 1256 ἐκρὰτησεν,
1684 1177 1781 1231 ἀλλ’

1950 1181 1984 1236 d
2008 1181 2169 1237 enim
2201 1179 2311 1237 sibi
2338 1183 2598 1247 tantum,
2629 1194 2755 1236 rem
2779 1195 2890 1236 suo
2920 1179 3104 1238 modo
3127 1184 3187 1239 et
3232 1197 3401 1240 more
3452 1182 3546 1243 fa-

184 1272 262 1326 ἕτι
298 1280 397 1335 τῆς
430 1276 616 1348 χειρός
654 1273 817 1326 αὐτοῦ
858 1272 946 1349 [Ρ.
986 1272 1081 1347 65]
1148 1276 1366 1348 κρείττω
1425 1274 1642 1342 φανέντα
1697 1268 1780 1331 ἔξω

1949 1286 2053 1340 are,
2096 1268 2538 1344 proposuerat),
2570 1268 2747 1325 motis
2772 1268 3161 1343 Adrianopoli
3197 1270 3545 1332 cohortibus

182 1364 568 1434 ⁴τυγχόινουιινιν,
609 1361 843 1436 μὰλιστα
871 1359 932 1417 δὲ
966 1364 1095 1437 ύπερ
1151 1369 1249 1423 τῆς
1295 1361 1584 1422 Τζεπαίνης
1636 1355 1778 1412 ἐδυσ-

1949 1361 2190 1417 niversis
2202 1360 2476 1417 vehicula
2489 1357 2773 1432 pleraque
2797 1374 2870 1416 ex
2890 1359 3283 1418 Macedonum
3302 1361 3545 1436 regione

184 1453 327 1525 φόρει
360 1451 429 1503 τὰ
451 1454 702 1523 μέγιστα.
741 1449 1000 1506 Ἐσπευσε
1197 1446 1286 1503 οὖν
1333 1454 1424 1502 καὶ
1471 1450 1606 1501 κατὰ
1669 1447 1780 1500 ταύ-

1951 1466 2025 1507 ssc
2065 1449 2143 1507 ad
2169 1449 2480 1507 machinas
2508 1452 2567 1504 et
2592 1447 2803 1504 arietes
2825 1449 3449 1521 transportandos,illa
3466 1451 3547 1510 ad

181 1557 277 1615 της
307 1547 626 1615 στρατεῦσαι
677 1544 771 1592 καὶ
820 1543 892 1602 ὡς
933 1538 1074 1612 εἶχεν
1138 1539 1325 1612 ἰσχύος
1378 1537 1777 1612 ἀποπειρᾶσθαι.

1948 1538 2120 1595 nilitim
2175 1537 2393 1594 idonea
2442 1536 2742 1609 victuique
2797 1537 3138 1594 necessaria
3166 1537 3544 1610 devehenda,

179 1608 249 1681 εΗ
288 1608 382 1701 μὲν
417 1624 505 1681 οὖν
536 1630 648 1704 ὥρα
682 1636 773 1682 τοῦ
809 1608 989 1703 θέρους
1005 1608 1139 1688 *ἤδη
1186 1608 1398 1703 παρῄει,
1448 1630 1538 1679 καὶ
1567 1608 1641 1678 ’τό
1670 1643 1775 1699 μετ·

1946 1628 2164 1700 ndique
2194 1627 2329 1697 cogi
2352 1625 2542 1699 jubet.
2576 1608 2720 1682 Dein
2747 1625 3037 1698 peditum,
3072 1608 3542 1697 sagittariorum.

181 1720 383 1791 όπωρον
436 1716 593 1789 ἔγγὺς
647 1714 708 1777 ἦν
779 1722 868 1773 καὶ
910 1726 1063 1771 τοῦτο
1146 1713 1535 1794 παραδραμεῖν.
1620 1715 1678 1769 Ὀ
1726 1711 1777 1768 δί

1951 1718 2323 1789 avigerorum
2346 1715 2664 1773 innumera
2684 1714 3064 1773 multitudine
3078 1716 3544 1787 conducta,cum

181 1802 353 1880 μηδέν
382 1827 434 1859 τι
464 1814 557 1860 τοῦ
580 1815 767 1883 καιροῦ
793 1812 1089 1882 φροντίσας,
1127 1804 1267 1879 μηδὲ
1315 1810 1372 1860 τό
1428 1813 1520 1859 τοῦ
1569 1813 1776 1878 χειμῶ-

1944 1806 2400 1881 pportunissime
2445 1809 2657 1879 parata
2695 1820 2828 1863 esse
2880 1806 3087 1864 omnia
3164 1807 3540 1882 aestimasset,

179 1915 266 1958 νος
327 1892 655 1958 δυσωπήσας
721 1894 886 1971 δριμύ
936 1897 1070 1968 (ἐνὸς
1113 1898 1214 1969 γὰρ
1240 1901 1332 1948 καὶ
1375 1901 1533 1969 μόνου
1584 1902 1675 1948 τοῦ
1722 1896 1775 1947 τό

1943 1896 2277 1970 drianopoli
2316 1895 2637 1954 discedens
2671 1898 3022 1969 Tzepaeuam
3039 1895 3358 1955 ferebatur.
3377 1899 3539 1958 Man-

179 1983 367 2038 οἶκεῖον
414 1984 723 2045 ἀποπλῆσαι
773 1985 1019 2060 βούλημα
1067 1984 1431 2058 ἐστοχάζετο),
1482 1989 1576 2044 τὴν
1625 2003 1775 2059 στρα-

1943 2003 2088 2044 ones
2119 1991 2382 2060 quatuor
2416 1986 2591 2043 miles
2620 2000 2902 2043 emensus
2951 1986 3014 2042 in
3051 1986 3267 2055 locum,
3329 1987 3429 2045 cui
3465 2004 3539 2047 ex

176 2077 295 2129 τιὰν
341 2081 519 2129 πᾶσαν
594 2075 650 2129 ἐκ
694 2084 791 2140 τῆς
844 2073 1124 2150 ’Δδριανοῦ
1181 2082 1418 2141 κινήσας,
1477 2074 1682 2149 ἁμάξας
1725 2094 1772 2130 τε

1936 2091 2083 2132 ιτωθ,
2106 2074 2185 2131 ab
2222 2073 2592 2143 hominibus,
2624 2073 2724 2147 qui
2753 2074 3018 2147 primum
3077 2079 3532 2152 conspexerant,

176 2163 485 2238 παμπόλλας
540 2164 852 2238 συλλεγῆναι
920 2166 1216 2241 προσταξας
1288 2165 1391 2219 ἀπὸ
1450 2165 1772 2236 πανταχόθεν

1939 2165 2164 2236 pposite
2192 2178 2417 2220 nomen
2455 2161 2855 2220 Macrolibada
2881 2161 3137 2220 inditum
3176 2162 3310 2231 fuit,
3351 2164 3535 2223 adve-

176 2260 279 2316 τῆς
313 2261 414 2306 τῶν
444 2250 761 2309 Μακεδόνων
789 2260 989 2330 χώρας,
1045 2258 1137 2319 τὰς
1184 2258 1274 2328 μὲν
1326 2254 1409 2308 ἐπὶ
1454 2262 1527 2324 τῷ
1565 2256 1633 2307 τὰ
1682 2273 1772 2327 μη-

1943 2257 2065 2309 ιιιιιι.
2100 2251 2186 2308 lbi
2227 2251 2391 2309 foeda
2447 2254 2770 2324 tempestas
2820 2250 2972 2309 caelo
3021 2251 3275 2325 dejecta,
3332 2270 3470 2328 quae
3499 2270 3539 2315 a

172 2348 469 2417 χανήματα
527 2348 619 2399 καὶ
673 2347 763 2405 τὰς
817 2344 1062 2406 ἑλεπόλεις
1104 2349 1288 2418 φερειν,
1322 2346 1415 2406 τὰς
1457 2340 1517 2397 δε
1564 2342 1651 2396 ἐπὶ
1705 2350 1768 2414 τᾷ

1942 2357 2137 2415 aspere
2166 2346 2372 2399 coorta
2398 2356 2507 2414 per
2523 2344 2713 2398 totam
2738 2343 2980 2398 noctem
3030 2340 3268 2413 frigoris
3312 2343 3430 2402 vim
3478 2346 3538 2403 et

176 2427 508 2505 διακομίζειν
546 2435 612 2486 τὰ
641 2433 851 2508 ζωαρκῆ
902 2441 996 2486 τοῦ
1050 2436 1455 2506 στρατεύματος,
1515 2436 1605 2485 καὶ
1662 2450 1772 2484 συν-

1937 2438 2199 2489 sutorum
2228 2430 2523 2504 procellas
2559 2429 2789 2487 iutense
2816 2431 3197 2493 continuans.
3222 2431 3533 2507 multaque

177 2522 528 2595 αθροισθῆναι
569 2522 815 2584 κελεύσας
896 2521 1097 2580 πληθύν
1152 2523 1321 2583 πεζῶν
1376 2517 1581 2595 ἀνδρῶν
1637 2519 1773 2593 τοξο-

1943 2536 2021 2577 .νθ
2050 2524 2220 2577 teme
2268 2519 2483 2577 faciem
2547 2517 2920 2591 inasperans.
2971 2535 3151 2578 mane
3187 2519 3539 2595 imperatori

178 2616 284 2661 τῶν
344 2614 435 2663 καὶ
484 2615 834 2687 κορυνοφόρων
879 2611 973 2663 οὐκ
1027 2610 1394 2687 εὐαρίθμητον,
1449 2609 1559 2663 ἐπεὶ
1609 2612 1774 2662 πάντα

1939 2616 2059 2667 trox
2089 2609 2395 2681 negotium
2421 2607 2681 2665 facessit.
2710 2610 2898 2665 Locus
2918 2609 3081 2666 enim
3096 2613 3224 2667 erat
3235 2609 3535 2670 habitata.

174 2698 346 2760 καλῶς
382 2700 518 2771 αύτῷ
543 2705 631 2754 καὶ
677 2703 748 2763 ὡς
796 2696 943 2764 ἔδοξε
1007 2705 1384 2775 κατηρτίσατο,
1418 2707 1513 2760 τῆς
1567 2695 1770 2772 Ἀδρια-

1940 2716 2022 2756 im
2046 2714 2275 2757 vacuus
2305 2717 2319 2768 ;
2355 2698 2558 2755 hostes
2575 2697 2891 2756 instabant
2918 2698 3199 2772 proximi,
3224 2703 3283 2758 et
3309 2699 3387 2758 de
3412 2716 3536 2776 qua

173 2794 268 2840 νοῦ
324 2787 529 2862 ἀπάρας
571 2792 703 2842 κατὰ
762 2799 857 2852 τῆς
900 2794 1193 2854 Τζεπαίνης
1241 2789 1448 2861 ἐχώρει.
1520 2791 1769 2862 Τέτταρας

1941 2790 2156 2859 mebat,
2195 2788 2675 2846 necessariorum
2704 2788 2930 2862 inopia,
2959 2789 3221 2863 quodin
3273 2792 3537 2851 exercitu

175 2873 238 2930 δε
316 2879 576 2950 σταθμούς
634 2878 1018 2953 παρήμειψενὸ
1077 2882 1315 2955 στρατός,
1367 2883 1458 2931 καὶ
1506 2880 1639 2930 κατά
1689 2880 1771 2930 τὸν

1938 2881 2156 2937 mnium
2172 2879 2501 2951 pessimum
2525 2878 2760 2946 accidit,
2793 2894 2914 2936 non
2929 2879 3248 2937 minimum
3260 2881 3534 2943 animum

166 2967 328 3017 τόπον
408 2965 462 3017 ὃν
528 2963 910 3041 Μακρολιϐάδα
996 2969 1444 3040 κατονομὰζουσιν
1515 2965 1762 3039 ἕτητύμω

1934 2969 2286 3027 (cruciabat.
2317 2968 2517 3025 Tantis
2540 2966 2993 3026 difﬁcultatibus
3022 2968 3394 3026 conﬂictatus
3434 2985 3530 3029 co-

164 3057 305 3130 πρὸς
330 3058 389 3108 τὸ
436 3063 630 3128 σχῆμα
672 3060 767 3115 τὴν
804 3055 990 3115 κλῆσιν
1035 3058 1084 3109 οἱ
1125 3061 1344 3129 πρώτως
1392 3052 1586 3116 ἰδόντες
1632 3057 1760 3127 θέμει

1934 3060 2140 3126 iarum,
2178 3072 2304 3114 non
2338 3059 2747 3113 Romanorum
2775 3057 2981 3128 modo,
3011 3057 3119 3114 sed
3134 3073 3206 3114 ex
3235 3056 3365 3116 aliis
3386 3073 3530 3130 gen-

165 3161 273 3210 νοι,
330 3140 499 3205 δεινός
562 3151 852 3218 συμπίπτει
938 3150 1091 3219 σφίσι
1154 3150 1377 3218 χειμών.
1422 3144 1511 3207 Ἐξ
1557 3144 1761 3216 inrigari

1931 3149 2043 3205 bus
2077 3148 2416 3204 Latinorum
2468 3161 2539 3202 ac
2611 3146 2970 3218 Scytharum
3017 3146 3203 3204 duces
3247 3146 3527 3219 advocat,

163 3226 262 3285 οὖν
305 3231 609 3307 ἀρξάμενος,
638 3230 715 3288 δι’
764 3234 886 3297 ὅλης
940 3243 1032 3295 τῆς
1085 3238 1272 3296 νυκτὸς
1313 3238 1408 3293 τὴν
1441 3230 1759 3308 σφοδρότητι

1934 3254 2079 3311 eque
2107 3235 2356 3309 agendis
2386 3233 2664 3293 consulit.
2694 3235 2915 3292 Omnes
2940 3233 3061 3293 fere
3109 3235 3172 3292 in
3201 3235 3265 3294 id
3310 3252 3530 3295 conve-

165 3328 267 3375 τοῦ
302 3321 512 3396 ψύχους
556 3329 646 3377 καὶ
687 3330 780 3376 τοῦ
810 3323 997 3397 ἀνέμου
1043 3327 1443 3400 προσεπιτείνας
1488 3326 1547 3375 τό
1601 3321 1761 3394 βίαιοι

1935 3330 2099 3383 erunt
2154 3329 2220 3381 ut
2264 3322 2715 3397 Adrianopolim
2769 3329 3124 3384 remearent.
3202 3325 3531 3400 Imperator

162 3411 333 3471 πολλῆ
364 3432 420 3466 τε
447 3417 595 3485 χιόνι
623 3421 715 3475 τῆς
749 3420 853 3486 γής
907 3413 1243 3485 ἑπηλυγάσας
1307 3417 1401 3472 τὴν
1458 3412 1758 3486 ἐπιφάνειαν

1934 3416 2049 3473 aud
2085 3419 2283 3489 spreta
2295 3430 2504 3471 eorum
2523 3413 2813 3471 sententia
2835 3412 3037 3472 infert:
3075 3436 3105 3467 «
3129 3417 3248 3473 Vos
3278 3416 3530 3490 quidem

158 3502 321 3556 ἕωθεν
381 3512 454 3574 τῷ
535 3501 747 3576 βασιλεί
808 3503 999 3562 πολλὴν
1062 3503 1378 3577 προύξένησε
1419 3507 1512 3563 τὴν
1571 3499 1754 3575 δυσχέη

2010 3506 2049 3561 d
2061 3510 2118 3561 et
2130 3504 2341 3561 melius
2356 3504 2681 3577 utiliusque
2695 3503 2821 3561 fore
2826 3503 3163 3576 judicastis,
3176 3509 3332 3563 recte
3354 3508 3399 3578 ι
3410 3505 3530 3580 28
3592 3566 3603 3577 ,

157 3609 333 3666 ρειαν.
384 3589 452 3646 Ὀ
504 3611 557 3645 τε
629 3594 733 3669 γὰρ
789 3597 947 3656 τόπος
1004 3592 1181 3656 ἄοικος
1230 3590 1311 3659 ἧν,
1364 3597 1453 3645 καὶ
1500 3592 1753 3666 ἐγγύτεροτ

1933 3594 2194 3667 robeque
2224 3593 2627 3651 consuluistis.
2654 3596 2869 3651 Verum
2909 3593 2961 3650 si
2992 3594 3308 3670 quippiam
3346 3597 3529 3656 etiam

158 3678 459 3752 ἇτύγχανον
488 3682 539 3737 οἱ
562 3680 818 3755 πολέμιοι,
874 3687 964 3736 καὶ
1027 3684 1057 3740 ἠ
1114 3679 1524 3758 προσδοκωμένη
1587 3683 1754 3734 σπάνις

1934 3700 2033 3752 μεθ,
2058 3687 2177 3741 Deo
2210 3684 2890 3756 auspice,excogitarim,
2920 3699 2999 3742 an
3018 3683 3143 3742 non
3163 3685 3331 3758 illud,
3346 3685 3530 3746 veluti

158 3777 272 3823 τῶν
301 3769 593 3842 ἀναγκαίων
620 3771 726 3843 οὐχ
774 3772 929 3830 ἧττον
980 3776 1074 3831 τὴν
1130 3771 1316 3844 ψυχὴν
1383 3771 1569 3834 ἐπίεζν
1619 3779 1754 3824 τοῦτ-ι

1947 3773 2240 3848 prudente
2264 3773 2539 3843 domino,
2565 3789 2759 3847 eoque
2782 3773 2889 3847 qui
2917 3773 2993 3831 de
3026 3774 3219 3842 vobis,
3239 3775 3325 3834 uti
3346 3775 3529 3834 adde-

154 3860 271 3932 γὰρ
300 3864 389 3913 καὶ
443 3859 634 3932 μᾶλλον
688 3857 974 3934 δεινότερον
1030 3863 1350 3921 καθέστηκεν
1415 3860 1465 3914 ἐν
1528 3863 1748 3936 στρατεύ

1928 3868 1994 3931 et,
2024 3862 2318 3937 providet,
2347 3861 2648 3935 prolatum
2678 3878 2855 3935 aequo
2889 3863 3095 3920 animo
3123 3865 3427 3938 accipietis
3449 3864 3477 3920 ?
3500 3887 3524 3917 ι

157 3967 356 4023 μασιν.
389 3948 469 4010 Ἐς
491 3953 754 4007 τοσαύτην
814 3958 937 4021 γοῦν
1003 3955 1098 4010 τὴν
1138 3948 1429 4026 δυσφορίαν
1481 3951 1753 4004 συνελᾶθεὶ‹

1935 3967 2097 4008 mnes
2110 3951 2533 4008 acclamaraut:
2553 3974 2575 4002 ι
2594 3951 2893 4024 Quidquid
2910 3950 3084 4009 fuerit
3103 3952 3396 4024 majestati
3412 3957 3529 4011 tua

159 4040 291 4098 τούς
309 4039 567 4110 ἡγεμόνας
620 4041 1055 4112 συνηθροίκειτῶν
1098 4043 1514 4115 στρατευμάτων,
1564 4040 1623 4093 ού
1674 4048 1755 4092 τῶτ

1931 4029 2098 4108 isuni,
2131 4045 2446 4113 acceptum
2472 4045 2529 4096 et
2556 4040 2850 4097 universis
2878 4039 3309 4113 complacitum
3351 4040 3461 4099 erit
3496 4064 3527 4095 ››

145 4127 464 4199 ⁸Ρωμαίκῶν
486 4133 659 4202 μόνον,
700 4127 808 4181 ἀλλ’
835 4125 1066 4189 ἤδηικαὶ
1092 4139 1191 4182 τῶν
1231 4129 1285 4193 ἐξ
1320 4132 1490 4191 ἔθνους
1541 4134 1741 4185 Δατίνω

1934 4131 1978 4186 ic
2007 4146 2111 4186 eos
2150 4130 2224 4187 ad
2249 4129 2491 4202 propria
2537 4129 2810 4198 tentoria,
2867 4133 2932 4185 ut
2972 4144 3192 4202 corpus
3239 4129 3374 4188 cibo
3394 4144 3530 4205 pro-

157 4236 219 4272 τε
249 4221 343 4270 καὶ
381 4219 609 4281 Σκυθῶν,
639 4222 729 4271 καὶ
784 4221 1000 4281 τούτους
1050 4223 1103 4272 τί
1155 4215 1238 4273 δεῖ
1284 4226 1451 4273 ποιεῖν
1491 4223 1750 4295 ἠρωτήκει

1933 4225 2013 4276 ter
2040 4219 2303 4276 hiemem
2329 4217 2659 4289 reﬁcerent,
2686 4218 2943 4276 mandat
2969 4234 2983 4274 :
3011 4219 3139 4292 ipse
3166 4218 3230 4276 in
3282 4219 3529 4279 cubicu-

155 4308 365 4369 Πάντες
420 4314 546 4378 γοῦν
572 4303 771 4379 σχεδόν
824 4307 1195 4362 ἐϐουλεύσαντο
1248 4311 1299 4371 ἐς
1346 4314 1441 4369 τὴν
1494 4307 1751 4385 Ἀδριανοτ

1935 4325 2010 4366 ιιιι
2042 4325 2219 4365 suum
2268 4307 2576 4379 introieris,
2607 4324 2745 4366 cum
2799 4308 2871 4365 iis
2893 4309 2999 4384 qui
3026 4308 3185 4367 circa
3220 4324 3363 4367 eum
3390 4309 3531 4369 ade-

155 4400 265 4455 τὴν
307 4394 637 4469 ’ὒποστροφήν
684 4398 1033 4455 ποίησασθαι.
1071 4396 1128 4450 Ὀ
1182 4394 1242 4450 δε
1271 4403 1365 4458 τὴν
1432 4401 1521 4472 μὲν
1577 4398 1751 4472 βουλὴ

1936 4402 2021 4454 tut
2056 4398 2205 4471 quid
2242 4397 2398 4454 facto
2428 4402 2748 4471 opusesset
2762 4397 3097 4458 consulere.
3122 4398 3380 4465 Quidam
3393 4415 3532 4459 con-

157 4484 342 4538 αύτῶν
375 4484 469 4537 οὐκ
490 4484 805 4557 ἀπέπεμψεν,
862 4484 990 4538 ἀλλὰ
1043 4489 1173 4561 πρὸς
1232 4487 1415 4548 αύτούς
1463 4487 1658 4562 εἰρήκει
1706 4488 1744 4539 ὡ

1942 4487 2112 4557 lium,
2143 4487 2309 4561 quod
2339 4487 2481 4544 foris
2535 4487 2843 4557 dederant,
2904 4503 3086 4563 opere
3115 4489 3532 4562 praestandum

160 4573 391 4647 «Ὑμεῖς
432 4576 522 4645 μὶν
564 4575 686 4649 ὅπερ
752 4582 978 4648 κρεῖττον
1022 4579 1113 4628 καὶ
1175 4581 1433 4650 συμφέρον
1491 4572 1641 4637 ἔδοξε
1684 4596 1756 4629 κα·

1937 4594 2018 4633 sse
2032 4576 2392 4635 contendere
2413 4576 2837 4651 ;alii,quorum
2873 4568 3362 4650 meliorajudicia
3397 4594 3533 4637 cen-

154 4663 269 4724 λῶς
333 4660 730 4715 ἕϐουλεύσασθε·
794 4664 838 4715 εἰ
894 4659 955 4715 δε
1005 4670 1094 4716 καὶ
1152 4664 1304 4725 αύτός
1363 4666 1526 4737 ἔτερόν
1571 4684 1623 4716 τι
1680 4670 1750 4718 σὺ

1932 4672 2086 4723 ierat
2115 4666 2803 4739 imperator,adversari:
2828 4669 2981 4723 «Iter
3012 4667 3239 4735 enim,»
3266 4668 3528 4735 aiebant,

158 4760 290 4822 Θεῷ
312 4756 580 4823 νοήσαιμι,
612 4751 704 4803 ούκ
737 4753 798 4804 ἄν
831 4748 1053 4815 δέξησθε
1080 4760 1232 4805 τοῦτο
1263 4754 1332 4814 ὡς
1357 4756 1458 4805 ἀπὸ
1514 4749 1754 4806 δεσπότοι

1937 4760 2094 4811 retro
2132 4771 2243 4810 nos
2265 4756 2343 4810 ad
2365 4755 2816 4828 Adrianopolim
2834 4755 3061 4811 ducens
3083 4760 3359 4828 exaequat
3382 4754 3530 4812 illud

155 4847 448 4913 νουνεχοῠς
496 4840 757 4914 εἰρημένον
831 4861 919 4893 και
964 4842 1106 4913 ὑμῶν
1158 4844 1226 4904 ὡς
1299 4838 1415 4895 δέον
1462 4847 1749 4917 προνοουμὲ

1935 4843 2048 4899 uod
2072 4848 2207 4899 ante
2233 4844 2310 4900 ad
2330 4843 2689 4900 Stenimachi
2702 4843 2994 4916 oppidum
3016 4845 3145 4911 fert,
3165 4847 3222 4901 et
3238 4843 3531 4917 quemad-

153 4950 256 4984 νου
290 4948 342 4999 ;››
366 4932 664 5002 Ξυνέφησαν
696 4928 1024 4995 ἅπαντες,’ὡς
1051 4953 1077 4980 ‹‹
1100 4931 1264 5007 Ὅπερ
1297 4933 1358 4984 οἶν
1384 4940 1455 5005 τῷ
1481 4940 1556 5003 σῷ
1608 4930 1749 4997 δόξει

1936 4932 2224 4988 ιοιίιιωὶὺὶ
2238 4934 2702 4988 necessariorum
2715 4931 3434 5005 copia,sicetStenimachi
3446 4932 3532 4992 af-

158 5019 371 5094 κράτει,
405 5022 649 5094 στερκτόν
680 5023 804 5071 αὐτὸ
860 5039 950 5071 και
992 5018 1266 5073 ἀσπαστόν
1312 5019 1677 5095 λογισαίμεθα.
1745 5044 1754 5075 ι

1936 5022 2036 5077 uit.
2062 5021 2167 5077 Ubi
2194 5022 2273 5077 ita
2294 5020 3229 5094 egerimusnequetimore,quem
3265 5038 3338 5079 ex
3350 5021 3532 5095 hosti-

157 5111 397 5168 Τούτους
420 5110 510 5179 μὲν
540 5108 627 5160 οὖν
666 5111 863 5169 πάντας
901 5106 1150 5162 ἀπέλυσεν
1193 5111 1219 5161 ό
1265 5108 1511 5183 βασιλεὺς
1569 5114 1639 5174 εἰς
1682 5115 1749 5164 τὰ

1938 5127 2001 5166 us
2016 5110 2488 5184 conceperimus,
2500 5125 2696 5183 neque
2710 5111 3079 5182 tempestatis
3107 5112 3421 5185 asperitate
3436 5126 3534 5171 re-

158 5200 423 5270 σφετέρας
466 5195 671 5250 ἀπέιναι
715 5197 911 5260 σκηνὰς
968 5196 1040 5271 ἔφ’
1195 5218 1287 5250 και
1332 5208 1495 5275 τροφῇ
1553 5197 1647 5254 διὰ
1687 5205 1754 5254 τότ

1938 5216 1974 5257 o
1989 5200 2121 5272 cogi
2142 5198 2576 5272 judicabimur.
2592 5220 2623 5249 »
2636 5198 2866 5256 Dictum
2881 5200 3329 5275 approbaverat
3343 5202 3534 5278 impe-

160 5293 414 5361 χειμῶνα
430 5288 768 5361 χρήσασθαι,
796 5287 954 5350 αὐτὸς
982 5284 1042 5340 δε
1090 5288 1161 5350 εἰς
1207 5291 1296 5341 τόν
1344 5289 1504 5342 αὐτοῦ
1552 5299 1756 5345 κοιτῶνι

1940 5296 2062 5346 ιὶοιο.
2074 5292 2285 5346 Etcum
2298 5288 2452 5346 acris
2464 5289 2650 5346 hiems
2662 5288 2991 5347 mitesceret
3001 5290 3273 5366 nivisque
3283 5292 3536 5366 impetus

160 5375 350 5429 εἰσιὼν
392 5376 522 5447 μετὰ
562 5383 663 5428 τῶν
727 5381 847 5451 περί
930 5376 1085 5429 αὐτον
1138 5375 1431 5430 ἐϐουλεύετο
1486 5384 1539 5431 τί
1584 5379 1756 5451 μᾶλλοτ

1941 5378 2160 5449 etisset,
2192 5384 2432 5452 postero
2461 5377 2559 5435 die
2579 5379 2845 5452 receptui
2875 5378 3117 5451 signum
3159 5379 3292 5438 dari
3341 5381 3537 5454 jussit.

162 5467 291 5539 χρὴ
340 5472 523 5519 ποιεῖν.
569 5468 715 5527 Τινες
750 5468 842 5538 μεν
888 5470 985 5524 τὴν
1034 5474 1131 5519 τῶν
1189 5466 1371 5530 ἔξωθεν
1423 5465 1758 5542 βουλευσαμέι

1941 5467 2026 5523 [de
2056 5466 2369 5540 copiarum
2398 5467 2672 5526 cohortes
2701 5467 3028 5526 desumens
3085 5470 3537 5531 Stenimachum

160 5572 275 5608 νων
332 5552 529 5627 βουλὴν
592 5553 665 5617 εἰς
712 5558 861 5631 ἔργον
917 5555 1182 5610 ἐϐούλοντο
1264 5558 1446 5625 θεῖναι,
1502 5559 1662 5630 ἕτεροι
1714 5554 1756 5611 ὃ]

1936 5558 2210 5625 mtendit,
2235 5563 2291 5615 et
2331 5575 2468 5615 cum
2501 5558 2726 5617 ibidem
2756 5560 3082 5617 exercitum
3110 5565 3532 5619 exsaturassct:

164 5642 261 5706 οἷς
295 5661 386 5696 και
419 5646 476 5696 τό
540 5650 772 5719 κρεῖττον
823 5641 1168 5706 διανοηθῆναι
1212 5654 1284 5720 τῷ
1342 5644 1557 5720 βασιλεῖ
1599 5643 1760 5701 dmori-

1937 5651 2045 5703 zcta
2082 5648 2434 5721 Tzepaenam
2462 5647 2570 5704 iter
2595 5647 2812 5719 dirigit,
2846 5647 3238 5723 pervenitque
3286 5647 3533 5707 tandem
