4042 6214
257 255 394 312 1145

1776 203 2125 324 ΑΝὲΑΙιΕδ.

3477 271 3611 328 1146

251 387 362 442 τοῖς
392 378 704 452 Βουλγάροις
739 382 789 433 οἱ
826 381 1037 436 Σκύθαι.
1087 380 1146 435 '0
1203 383 1293 456 μὶν
1324 383 1412 436 οὖν
1469 383 1718 457 βασιλεὺς
1784 390 1851 442 τά

1969 391 2128 448 enim
2179 393 2443 450 adventu
2485 394 2860 470 imperatoris
2915 395 3175 468 cognito,
3208 393 3384 450 citato
3435 409 3615 450 cursu

248 473 369 542 περὶ
400 471 586 521 τούτου
627 469 806 540 μαθὼν
848 468 1056 539 ἠνιάθη,
1120 473 1337 524 ἔσπευσε
1397 469 1456 526 δὲ
1515 470 1608 526 διά
1654 477 1850 547 τάχους

248 557 334 612 ἐπὶ
371 563 459 612 τὸν
498 566 590 611 τοῦ
645 559 1076 633 Βουλγαροφύγου
1125 571 1302 636 χῶρον
1354 562 1532 635 ἐλθεῖν,
1597 570 1687 618 καὶ
1734 565 1851 619 ἐπι-

246 653 417 709 τείνας
471 651 557 700 τὸν
610 643 804 722 δρόμον
901 648 1145 725 ὀξυτέραν
1221 651 1381 705 ἐποίει
1454 656 1544 711 τήν
1620 659 1846 714 κίνησιν·

247 737 388 790 Ἐπεὶ
419 733 479 790 δὲ
509 741 598 790 καὶ
647 737 695 790 οἱ
750 745 1040 812 πευστήρες
1087 740 1314 812 ἔφασκον
1369 740 1521 813 ἐγγὺς
1572 747 1851 816 τυγχάνειν

241 829 301 878 τὸ
371 827 617 879 Σκυθινὸν
696 830 1018 900 στράτευμα,
1094 830 1216 881 ἔνθα
1295 829 1489 892 αὐτοὺς
1557 833 1850 906 περιπολεῖν

1965 477 2173 550 fugam
2204 481 2602 554 arripuerunt.
2644 489 2698 539 et
2733 483 3001 557 plerique
3032 499 3240 538 eorum
3271 487 3327 536 et
3354 481 3612 537 nationis

1965 568 2320 626 celebriores
2347 571 2575 628 circum
2601 574 2789 646 Bizyas
2834 579 2968 630 loca
3009 573 3281 630 trucidati
3314 578 3472 626 sunt.
3499 573 3612 642 Spe

1962 657 2279 715 frustratus
2300 661 2628 734 imperator
2643 664 2718 718 ad
2747 662 2996 720 ﬂuvium
3015 662 3363 731 cuiBeginze
3390 674 3613 716 nomen

1963 753 2159 805 castra
2188 755 2466 817 metatur,
2499 750 2702 823 ibique
2727 752 3074 808 universum
3106 751 3262 824 cogit
3289 748 3613 805 exercitum

1961 836 2320 894 insolentem
2353 855 2498 895 sane
2517 844 2696 912 atque
2722 840 3186 912 amplissimum.

243 913 434 986 ἔλεγον,
506 914 670 968 ἐκεῖσε
717 919 808 968 καὶ
868 922 1043 968 πᾶσαν
1105 917 1256 970 ἐκίνει
1321 923 1416 977 τήν
1479 923 1749 994 στρατιάν.
1816 927 1916 976 Καὶ
1970 926 2164 1001 ἡμέρας
2227 930 2318 1000 μεν
2386 934 2510 1002 μιᾶς
2575 928 2781 990 πλείους
2844 938 2941 982 τῶν
3007 933 3351 1003 τετρακοσίων
3419 923 3615 998 διεξῄει

245 1001 327 1075 [Ρ.
397 1003 488 1079 69]
552 1005 834 1076 σταθμοὺς,
901 1006 994 1058 οὐκ
1047 1006 1284 1082 ἐνέκυρσε
1328 1005 1387 1062 δὲ
1436 1013 1638 1073 τούτοις
1696 1032 1709 1045 ·
1767 1011 2162 1085 ἐμεμαθήκεσαν
2214 1019 2312 1090 γάρ
2369 1001 2484 1088 (⁷31)
2530 1038 2620 1070 και
2672 1015 2816 1071 οὗτοι
2865 1023 2957 1077 τὴν
3015 1001 3233 1090 ταχεῖαν
3291 1023 3383 1070 τοῦ
3456 1014 3613 1088 βασι-

241 1092 365 1156 ξέως
389 1090 595 1166 ἐφοδον,
619 1114 708 1146 και
737 1096 807 1157 ὡς
837 1095 980 1167 εἶχον
1035 1093 1212 1150 ποδῶν
1265 1101 1468 1171 ἔφυγον,
1511 1120 1599 1154 και
1659 1099 1866 1163 πλείους
1923 1099 1982 1156 δι
2026 1103 2078 1167 ἐξ
2128 1106 2296 1158 αὐτῶν
2334 1127 2424 1159 και
2490 1112 2910 1183 περιφανέστεροι
2964 1115 3054 1160 τοῦ
3111 1109 3288 1168 ἱθνους
3344 1109 3459 1178 περί
3508 1123 3610 1156 που

238 1184 308 1234 τά
369 1186 501 1258 μέρη
557 1183 916 1273 τῆςΑΒιςύης
981 1183 1158 1257 ξίφους
1214 1189 1362 1261 ἔργον
1425 1191 1671 1262 ἔγένοντο.
1727 1191 2037 1264 Ἀποτυχὼν
2081 1202 2207 1266 γοῦν
2257 1204 2351 1258 τῆς
2400 1197 2753 1273 ἐγχειρήσεως
2818 1200 3010 1258 ταύτης
3076 1198 3101 1249 ὁ
3162 1194 3411 1268 βασιλεὺς
3485 1197 3608 1267 περί

238 1274 326 1324 τὸν
395 1276 626 1345 ποταμὸν
674 1271 728 1335 ὃς
792 1271 1002 1345 Ῥηγίνα
1053 1275 1288 1329 καλεῖκαι
1330 1283 1422 1336 τήν
1477 1285 1674 1339 σκηνὴν
1726 1280 1899 1350 ἔπηξε,

240 1357 408 1413 οὖσαν
435 1360 568 1414 πολὺ

314 1448 420 1522 ξβ.
449 1449 506 1502 Ὀ
544 1453 635 1522 μεν
672 1459 770 1503 τῶν
816 1452 861 1487 ⁴⁹
928 1451 1230 1527 Βουλγάρων
1284 1456 1397 1526 (32)
1450 1453 1841 1530 ἃρχν.›ν,ἐπειδὴ

238 1541 314 1609 μὴ
373 1535 769 1614 διαπράξασθαί
815 1559 868 1592 τι
921 1545 1058 1593 κατά
1113 1541 1376 1615 Ῥωμαίων
1436 1543 1718 1605 ἐδεδύνητο
1753 1553 1845 1599 τοῦ

237 1625 498 1700 βασιλέως
546 1624 1003 1701 ἐπιδεδημηκότος
1050 1633 1182 1704 μετὰ
1266 1636 1528 1687 τοσούτων
1598 1655 1846 1711 στρατευ-

234 1717 414 1789 μάτων
453 1716 500 1770 ἐν
553 1725 612 1789 τῇ
674 1713 856 1791 δυσμῇ
912 1738 1003 1771 και
1041 1719 1463 1784 πεπλησιακότος
1512 1731 1573 1796 τῇ
1637 1724 1842 1792 ἐαυτοῦ,

234 1807 316 1867 εἱς
351 1802 581 1866 σπονδάς
639 1806 908 1880 ἐτράπετο,
959 1828 1049 1861 και
1106 1813 1192 1862 τὸν
1249 1813 1490 1888 πενθερὸν
1534 1813 1696 1866 αὑτοῦ
1758 1817 1844 1866 τὸν

232 1893 426 1948 Ῥῶσον
495 1894 680 1970 Οὖρον,
731 1903 822 1948 τοῦ
873 1897 1034 1971 ῥηγός
1107 1898 1371 1974 Οῦγγρίας
1460 1900 1546 1954 ἐπί
1620 1903 1844 1977 θυγατρί

232 1983 479 2037 τελοῦντα
519 1983 777 2060 γαμϐρὸν,
846 1994 1155 2058 μεσιτεῦσαι
1208 1991 1275 2041 τά
1331 1989 1407 2052 εἰς
1473 1991 1681 2067 εἰρήνην
1759 1991 1844 2066 βε-

233 2071 528 2128 ϐούλευται.
585 2078 685 2127 Καί
732 2083 918 2148 πρῶτα
967 2078 1056 2148 μεν
1111 2077 1304 2131 ἐστειλε
1377 2079 1627 2148 πρέσϐεις
1709 2086 1843 2157 πρὸς

1958 1302 2046 1334 και
2100 1290 2275 1337 πᾶσαν
2324 1285 2487 1339 ἐκεῖσε
2546 1287 2733 1351 συνήξε
2782 1292 2876 1346 τήν
2946 1288 3196 1362 στρατιάν
3276 1285 3343 1346 εἰς
3407 1283 3604 1342 πλῆθος

2027 1463 2113 1515 62.
2148 1459 2544 1530 Bulgarorum
2566 1463 2802 1520 interim
2831 1465 3134 1537 princeps,
3165 1461 3270 1518 ubi
3292 1462 3611 1517 adversum

1955 1550 2256 1606 Romanos
2288 1549 2664 1624 imperatoris
2695 1570 2832 1609 cum
2867 1559 2986 1610 tam
3005 1553 3110 1609 ubi
3141 1552 3322 1608 ubere
3345 1549 3527 1606 milite
3550 1549 3610 1604 in

1956 1638 2338 1696 Occidentem
2369 1657 2616 1698 accessu
2647 1641 2927 1715 illiusque
2959 1642 3255 1698 vicinitate
3316 1639 3607 1712 proﬁcere

1953 1728 2282 1801 quicquam
2313 1745 2434 1786 non
2477 1735 2700 1804 posset,
2736 1732 3064 1787 amicitiam
3099 1736 3154 1786 et
3173 1729 3369 1786 fmdus
3423 1726 3608 1800 petiit,

1953 1821 2010 1872 et
2042 1820 2262 1874 Rosum
2294 1821 2474 1875 Urum
2508 1821 2759 1888 socium,
2797 1822 3069 1891 Ungarize
3100 1819 3257 1890 regis
3291 1831 3601 1888 generum,

1953 1907 2127 1978 cujus
2146 1908 2430 1964 arbitratu
2448 1909 2864 1966 communibus
2890 1911 3142 1980 negotiis
3175 1908 3602 1976 consuleretur,

1953 1996 2236 2056 destinat.
2278 1999 2534 2054 Primum
2568 2005 2768 2056 tamen
2808 1999 2988 2072 legati
3050 1999 3127 2056 ad
3176 1999 3603 2069 imperatorem

1953 2085 2265 2157 praemissi,
2281 2087 2709 2159 profectionem
2723 2088 2799 2144 ad
2814 2105 2952 2144 eum
2975 2088 3088 2151 Uri,
3104 2093 3168 2143 ut
3184 2087 3414 2159 absque
3437 2084 3608 2140 timo-

232 2165 325 2215 τὸν
383 2160 609 2234 βασιλέα
658 2169 1198 2238 προοικονομήσοντας
1235 2172 1330 2226 τὴν
1380 2169 1452 2230 εἰς
1523 2170 1678 2223 αὐτὸν
1749 2179 1840 2224 τοῦ

1953 2188 2013 2228 re
2044 2179 2216 2238 esset,
2251 2175 2396 2248 quin
2427 2177 2604 2232 etiam
2631 2181 2691 2232 ut
2711 2176 2809 2233 ille
2849 2176 3170 2232 honoriﬁce
3210 2175 3601 2246 exciperetur,

236 2249 413 2326 Οὓρου
443 2251 616 2324 ἄφιξιν
639 2251 733 2315 ἔξω
787 2257 972 2316 πτοίας
1023 2274 1077 2307 τε
1129 2251 1260 2308 εἶναι
1318 2277 1406 2309 και
1453 2258 1668 2332 ἐντίμως
1716 2266 1842 2334 πρὸς

234 2345 331 2392 τοῦ
386 2337 646 2411 βασιλεως
690 2337 970 2413 δεχθῆναι.
1034 2346 1135 2396 Καί
1181 2347 1359 2416 γέγονε
1415 2354 1600 2416 ταῦτα,
1657 2369 1748 2400 και
1813 2352 1839 2402 6

240 2423 408 2503 Οὖρος
455 2428 526 2491 εἰς
574 2433 660 2482 τὸν
710 2428 934 2502 βασιλέα
992 2429 1218 2504 ἀφίκετο.
1255 2430 1485 2507 Ἐδέχθη
1519 2445 1645 2508 γοῦν
1696 2443 1841 2512 παρὰ

242 2523 340 2568 τοῦ
387 2516 765 2594 αὐτοκράτορος
823 2518 1054 2592 ἀσμένως
1101 2541 1155 2574 τε
1211 2543 1301 2576 και
1357 2529 1483 2596 μετά
1536 2535 1630 2590 τῆς
1676 2548 1840 2604 προσ.

245 2608 483 2667 ηκούσης
508 2605 880 2681 φιλοτιμήσεως
909 2629 997 2663 και
1053 2611 1204 2673 οὗτος
1243 2631 1296 2665 τε
1349 2634 1440 2666 και
1491 2617 1540 2667 οἱ
1579 2617 1689 2690 μετ’
1747 2619 1838 2671 αῦ-

241 2702 358 2761 τοῦ,
401 2715 489 2748 και
540 2700 632 2755 τήν
681 2698 888 2774 εἰρήνην
925 2705 1203 2759 πεποίηκεν
1302 2702 1689 2778 ἐπομοσάμενος
1747 2704 1838 2759 δι-

237 2789 374 2855 καίῳ
431 2804 486 2838 τε
532 2785 693 2840 αὐτοῦ
733 2808 822 2840 και
887 2797 978 2842 τοῦ
1053 2789 1294 2864 γαμϐροῦ
1363 2793 1524 2846 αὐτοῦ
1577 2803 1670 2848 τοῦ
1737 2805 1836 2848 τῶν

239 2872 548 2946 Βουλγάρων
601 2877 875 2949 ἄρχοντος,
927 2876 1250 2939 ἀπολυθῆναι
1311 2884 1402 2953 μεν
1476 2887 1608 2958 πρὸς
1679 2885 1834 2938 αὑτὸν

237 2961 548 3035 βασιλέατό
573 2973 671 3028 τῆς
709 2967 997 3030 Τζεποὶνης
1039 2969 1176 3021 οἶστυ
1217 2971 1392 3035 (τοῦτο
1447 2974 1546 3048 γάρ
1595 2993 1684 3025 και
1741 2980 1836 3047 μό-

231 3071 324 3106 νον
345 3056 488 3126 παρὰ
515 3063 615 3106 τῶν
666 3055 969 3131 Βουλγὰρων
1017 3063 1293 3130 κατείχετο
1349 3059 1432 3133 ἀφ’
1483 3062 1550 3113 ὧν
1609 3065 1634 3114 6
1675 3063 1834 3138 βασι·
1863 3091 1906 3149 c

231 3141 354 3204 λεῦς
379 3143 615 3205 Ἰωάννης
645 3144 890 3218 ἐκράτει),
945 3147 1150 3221 εἰρήνην
1210 3167 1265 3202 τε
1313 3154 1443 3226 πρὸς
1496 3155 1619 3214 τοὺς
1677 3152 1834 3206 Βουλ-

229 3233 434 3304 γάρους
458 3235 598 3305 ἐχειν
619 3238 706 3287 τὸν
733 3233 976 3309 βασιλέα,
1033 3241 1124 3290 καί
1177 3237 1394 3312 ἐκάτερα
1435 3242 1500 3292 τά
1553 3246 1682 3316 μέρη
1727 3250 1835 3306 τοῖς

230 3319 567 3395 παλαιτεροις
623 3325 784 3397 ὁρίοις
847 3324 1141 3398 ἀρκεῖσθαι.
1223 3327 1363 3380 Ἐπεί
1431 3337 1556 3400 γοῦν
1640 3333 1836 3384 οὓτωσί

230 3416 392 3463 ταυτί
442 3415 578 3465 κατά
619 3419 827 3487 γνώμην
868 3414 1160 3470 τετέλεσται
1207 3425 1280 3488 τῷ
1332 3427 1630 3491 κρατοῦντι,
1675 3422 1701 3473 6
1746 3423 1836 3493 μὲν

232 3496 412 3574 Οὖρος
437 3506 555 3565 τοὺς
614 3512 710 3563 τῆς
757 3502 1146 3578 ἀπεχωρήσεως
1199 3507 1407 3570 ἐξειπὼν
1474 3508 1660 3582 λόγους
1699 3511 1838 3586 ἐξηει

231 3588 532 3664 βασιλικῶν
555 3596 906 3668 χαρισμάτων
927 3600 1105 3667 τυχὼν
1132 3598 1220 3668 (τά
1264 3594 1318 3650 δ’
1376 3594 1510 3656 ἦσαν
1555 3600 1628 3661 εἰς
1670 3603 1836 3653 ε’ίκοσι

227 3676 496 3750 χιλιάδας
582 3680 1008 3756 άποριθμούμενα
1072 3684 1311 3738 ἁπάντων
1393 3693 1832 3762 συνεισαγομένων

227 3763 412 3835 εἰδῶν,
463 3769 630 3822 ἵππων
685 3790 740 3824 τε
799 3791 888 3824 και
936 3773 1251 3845 ὑφασμάτων
1307 3794 1397 3827 και
1447 3776 1680 3848 ξοιπῶν),
1735 3779 1761 3830 ὁ
1819 3774 1879 3832 δε

226 3865 337 3918 τῆς
363 3857 649 3921 Τζεπαίνης
673 3864 954 3936 περιμένων
983 3860 1256 3919 ἀπόλυσιν.

313 3945 405 4019 ξγῖ
439 3947 735 4021 Συμϐἐϐηκε
761 3951 809 3986 ⁵ο
840 3947 900 4004 δὲ
929 3971 980 4004 τι
1019 3951 1068 4005 ἐν
1093 3955 1294 4014 τούτοις
1340 3961 1412 4024 τῷ
1460 3959 1574 4008 τότε
1617 3961 1838 4028 πρᾶγμα

233 4038 556 4108 θαυμάσιον,
609 4045 816 4112 μνήμης
868 4059 958 4092 και
1017 4043 1249 4116 ἱστορίας
1290 4043 1452 4106 ἄξιον.
1506 4043 1700 4116 Ἠμέρα
1777 4041 1837 4103 ἦν

228 4133 340 4178 τῶν
387 4124 641 4198 ἐπιφανῶν
696 4147 749 4181 τε
797 4148 886 4181 και
934 4128 1251 4204 ἑορτασίμων
1309 4132 1426 4184 καθ’
1486 4133 1546 4191 ἣν
1595 4138 1690 4191 τήν
1745 4139 1838 4184 τοῦ

226 4222 474 4287 Χριστοῦ
531 4221 931 4292 μεταμορφωσιν
957 4221 1008 4272 οἱ
1055 4219 1282 4284 εὐσεϐεῖς
1334 4221 1643 4296 ἐορτάζομεν
1677 4243 1690 4256 ο
1747 4241 1837 4274 και

229 4305 352 4358 ἐπεί
381 4301 488 4357 ἔδει
525 4325 615 4358 και
678 4305 808 4380 ἀμφί
858 4313 952 4367 τήν
1011 4310 1150 4382 ἱερὰν
1208 4315 1604 4383 μυσταγωγίαν,
1655 4314 1724 4373 ὡς
1777 4315 1834 4364 τὸ

232 4393 436 4461 εἰωθὸς,
462 4401 701 4470 παρεῖναι
724 4399 812 4447 τὸν
844 4394 1089 4468 βασιλεα,
1150 4397 1216 4458 εἰς
1263 4397 1450 4474 ἀργίαν
1497 4401 1522 4452 ὁ
1575 4408 1666 4452 τοῦ
1725 4401 1833 4474 ἀρί-

235 4500 374 4535 στου
396 4486 660 4557 παρετάθη
723 4489 922 4559 καιρός.
983 4486 1376 4560 Ἠριστήσαμιν
1424 4496 1550 4560 γοῦν
1590 4509 1682 4542 και
1748 4489 1833 4541 αὖ·

233 4590 348 4640 τοι,
379 4591 468 4624 και
493 4577 680 4646 μικρὸν
709 4593 762 4626 τι
813 4572 1230 4638 καθευδήσαντες
1290 4575 1610 4651 ἀνηγέθημεν
1662 4599 1674 4612 ο
1727 4575 1834 4637 ήδη

236 4657 308 4714 δὶ
355 4662 381 4713 6
444 4662 588 4724 ἣλιος
647 4671 718 4734 τῷ
766 4665 995 4739 ὁρίζοντι
1039 4667 1370 4738 προσήγγιζέ
1444 4675 1537 4728 τῆς
1606 4663 1834 4740 δυσμῆς.

232 4749 397 4811 Ἕθος
440 4747 500 4804 δε
555 4753 767 4827 ὑπῆρχε
803 4760 876 4822 τῷ
925 4752 1137 4825 βασιλεῖ
1181 4759 1297 4827 περὶ
1375 4751 1550 4811 δείλην
1617 4753 1836 4830 ἐσπέραν

1871 4354 1914 4408 D

1950 2268 2313 2335 praeparant.
2344 2267 2407 2320 Et
2438 2264 2701 2337 profecto
2723 2266 2804 2322 ita
2832 2281 2894 2321 se
2921 2281 3017 2321 res
3045 2264 3274 2330 habuit,
3338 2267 3395 2319 et
3453 2263 3604 2316 Urus

1950 2351 2028 2408 ad
2054 2353 2474 2423 imperatorem
2507 2369 2570 2409 se
2600 2353 2866 2410 contulit.
2911 2356 3043 2426 Ipse
3069 2358 3126 2409 et
3179 2352 3276 2408 alii
3302 2350 3406 2423 qui
3463 2364 3604 2404 cum

1949 2457 2022 2498 eo
2052 2447 2446 2511 accesserant,
2477 2441 2893 2498 lubentissime
2925 2447 2981 2498 et
3009 2442 3226 2498 debitis
3269 2437 3600 2495 honoribus

1950 2531 2028 2587 ab
2059 2531 2417 2603 imperatore
2444 2531 2780 2586 afﬁciuntur
2806 2550 2818 2596 ;
2840 2546 3029 2603 quare
3048 2546 3156 2585 suo
3175 2534 3232 2584 et
3249 2527 3448 2598 generi
3477 2525 3602 2582 Bul-

1948 2635 2232 2692 garorum
2247 2619 2530 2692 principis
2539 2620 2559 2690 j
2571 2636 2671 2674 ure
2691 2622 2734 2690 ι
2748 2620 2800 2691 3
2813 2621 2862 2692 5
2887 2621 3064 2676 etiam
3083 2618 3480 2690 jurejurando
3500 2631 3602 2688 pa-

1947 2725 2076 2764 cem
2109 2708 2390 2777 ﬁrmavit,
2414 2725 2480 2764 ea
2503 2709 2845 2765 conditione
2883 2714 2946 2765 ut
2971 2711 3271 2780 Tzepaenaa
3302 2704 3599 2778 oppidum

1945 2795 2140 2852 solum
2165 2813 2236 2852 ex
2269 2796 2356 2866 iis,
2371 2797 2484 2852 sub
2501 2796 2725 2852 ditione
2745 2797 2991 2853 Joannis
3014 2795 3390 2867 imperatoris
3407 2797 3600 2858 erant,

1947 2885 2260 2954 aBulgaris
2273 2890 2400 2940 tum
2419 2889 2781 2957 occupatum
2800 2884 3142 2957 imperatori
3168 2883 3596 2946 restitueretur,

1943 2973 2265 3048 imperator
2294 2974 2418 3030 vice
2449 2989 2623 3031 versa
2643 2974 2965 3029 amicitiam
2991 2977 3048 3028 et
3065 2987 3272 3044 pacem
3307 2986 3444 3026 cum
3473 2968 3602 3024 Bul-

1948 3065 2108 3137 garis
2141 3064 2531 3132 continuaret,
2565 3069 2621 3119 et
2651 3068 2899 3135 uterque
2951 3060 3217 3133 antiquis
3269 3058 3600 3115 conﬁnium

1946 3155 2213 3211 terminis
2240 3153 2658 3210 contineretur.
2694 3152 2800 3207 Ubi
2832 3167 2926 3207 res
2952 3167 3061 3222 pro
3091 3149 3380 3205 arbitratu
3408 3148 3599 3220 impe-

1945 3242 2158 3300 ratoris
2191 3242 2494 3306 successit,
2519 3244 2668 3298 Urus
2693 3241 2768 3295 de
2816 3239 3009 3295 reditu
3055 3254 3334 3294 sermone
3383 3236 3599 3294 collato

1946 3331 2247 3404 egreditur
2260 3329 2658 3404 imperatoriis
2671 3328 3022 3386 muneribus
3037 3333 3271 3384 auctus.
3289 3329 3506 3383 Eorum
3521 3325 3600 3382 ad

1945 3421 2153 3492 viginti
2169 3419 2374 3480 millia,
2395 3419 2443 3474 si
2464 3419 2854 3475 donariorum
2874 3433 3053 3474 omne
3078 3431 3600 3490 genus,equorum

1945 3510 2088 3567 item
2119 3525 2188 3565 ac
2211 3508 2500 3564 textilium
2527 3511 2584 3564 et
2613 3507 2886 3572 aliorum,
2940 3507 3002 3562 in
3062 3523 3246 3561 unum
3296 3503 3594 3574 conferas,

1947 3615 2189 3654 summa
2203 3597 2493 3656 ascendit.
2511 3600 2835 3670 Imperator
2846 3600 3142 3670 Tzepaenaa
3164 3595 3599 3652 restitutionem

1945 3692 2304 3761 exspectans
2343 3687 2582 3756 Regium
2612 3687 3029 3743 cunctabatur.

1945 3775 2194 3850 βασιλεύς
2241 3772 2561 3851 διεκαρτέρει
2613 3775 2662 3828 ἐν
2718 3784 2790 3847 τῷ
2841 3784 2933 3837 τῆς
2984 3775 3222 3848 Ῥηγίνης
3269 3777 3430 3845 νόπῳ,
3501 3775 3601 3830 τὴν

2020 3959 2108 4010 63.
2136 3956 2242 4010 Per
2270 3953 2330 4008 id
2344 3957 2581 4025 tempus
2603 3968 2696 4008 res
2711 3951 2954 4024 quidem
2969 3951 3130 4007 dictu
3151 3952 3304 4006 mira
3328 3947 3595 4018 contigit,

1947 4043 2133 4114 digna
2161 4058 2295 4114 quia
2327 4042 2641 4096 hominum
2664 4041 2971 4096 memorias
2995 4038 3359 4096 ethistoricis
3387 4051 3600 4092 monu-

1947 4133 2161 4189 mentis
2193 4130 2665 4187 commendetur.
2714 4130 2846 4184 Dies
2903 4134 3032 4185 erat
3069 4127 3354 4183 solemnis
3411 4129 3468 4180 et
3525 4139 3599 4180 ex

1948 4221 2390 4282 celebrioribus,
2453 4235 2575 4292 quo
2628 4219 2835 4274 Christi
2888 4217 3449 4291 tansﬁgurationem
3514 4213 3600 4287 pii

1948 4327 2060 4366 nos
2088 4310 2461 4366 celebramus
2491 4328 2502 4377 ;
2536 4313 2592 4364 et
2621 4325 2759 4362 cum
2781 4323 2950 4364 sacro
2974 4305 3300 4371 audiendo,
3325 4309 3390 4360 ut
3410 4303 3597 4359 moris

1948 4406 2092 4467 erat,
2124 4405 2449 4472 imperator
2474 4397 2686 4454 adesse
2716 4398 2977 4465 deberet,
3012 4399 3073 4454 in
3117 4396 3232 4452 diei
3286 4410 3598 4467 vesperam

1947 4489 2268 4563 prandium
2291 4487 2539 4543 dilatum
2567 4492 2670 4542 est.
2705 4487 3055 4542 Prandimus
3068 4493 3120 4544 et
3145 4484 3598 4558 ipsi,paulisper

1947 4579 2386 4646 obdormimus,
2417 4577 2556 4633 dein
2597 4593 2812 4632 somno
2843 4576 3167 4649 experrecti
3195 4573 3594 4642 assurgimus,

1947 4682 2085 4722 cum
2121 4667 2209 4722 sol
2244 4683 2306 4721 se
2328 4667 2386 4720 in
2420 4681 2705 4722 occasum
2730 4666 3140 4738 praacipitaret.
3177 4665 3456 4720 Sueverat
3487 4661 3595 4714 im-

1945 4760 2184 4828 perator
2205 4755 2381 4809 nimis
2409 4770 2539 4810 sero
2560 4755 2899 4826 ineqviitans
2921 4754 3260 4808 uuiversum
3282 4747 3594 4804 circumire

313 4841 464 4921 "_D
515 4857 527 4894 :
573 4838 632 4893 Ὀ
678 4848 812 4921 γοῦν
862 4850 961 4893 τῶν
1014 4841 1316 4916 Βουλγάρων
1365 4846 1546 4917 ἄρχων
1603 4848 1760 4916 πτοία
1813 4843 2019 4916 ληφθείς
2072 4843 2142 4904 εἰς
2197 4839 2751 4921 σπονδάςᾼέτράπετο,
2818 4861 2908 4893 και
2981 4844 3068 4892 τὸν
3146 4841 3360 4921 πενρθρὸν
3415 4835 3595 4921 ~0061013

232 4915 339 4996 E610.
383 4910 570 4996 :l’a'uaov
626 4909 826 4992 O6pov,_
879 4921 971 4996 τοῦ
1039 4909 1225 4996 ῥηγός’
1261 4909 1526 4996 Οῦγλγρίας
1726 4909 1948 4989 θυγατρί
2011 4914 2252 4996 τελρῦντα
2320 4909 2588 4986 γαμϐρὸν,
2657 4921 2962 4984 μεσιτεῦσαι
3032 4915 3120 4996 ⁴ςάς

3226 4907 3282 4962 ἐν’
3387 4907 3593 4981 εἰρήνην

236 4981 598 5056 βεϐούλευται.
644 4989 754 5063 μίας
796 4981 830 5063 ο
887 4981 1050 5058 Οὖροξ
1085 4981 1156 5045 εἰς
1188 4991 1294 5063 ῃτόν
1349 4981 1579 5059 Edsodio:
1625 4981 1858 5063 άφίκετο,
1893 4981 2006 5038 ’και
2052 4983 2250 5056 ἐδέχθη
2299 4981 2690 5063 προσήκοντως,
2743 5003 2833 5063 και
2880 4989 2988 5063 τήν.
3024 4983 3230 5063 εἰρήνην
3291 4985 3588 5063 πεποίηκεν,

233 5053 328 5132 ξι-αι
378 5060 578 5132 ὤμοσεν
632 5053 1094 5132 άπολξθῆναίτήν
1140 5053 1424 5120 Τξέπαιναν
1475 5077 1564 5132 και
1614 5053 1943 5130 ἑκάτερατά
1997 5053 2295 5132 μέρη-’τοῖς
2340 5053 2683 5132 ’παλαιτέροις
2740 5056 2903 5129 ὁρίοις
2968 5053 3261 5127 ἀρκεῖσθαι.

1062 5130 1456 5251 χαρισμάτωνὸ
1488 5125 1652 5251 0306;
1702 5125 1878 5201 τυχὼν
1924 5125 2079 5201 ἐξήειξ
2131 5128 2188 5180 Ὀ
2239 5125 2297 5180 δε

1062 5221 1070 5250 ι
1109 5199 1259 5251 ἐϐηκε
1290 5215 1527 5251 usauea
1599 5208 1798 5251 σκοποῦ
1825 5201 1960 5251 (col.
1995 5205 2128 5251 “25
2154 5203 2194 5251 Β
2223 5200 2279 5251 4)

893 5200 942 5234 ⁵ο
963 5199 1259 5272 Συμϐἐϐηκε
1290 5215 1474 5271 usque
1492 5199 1575 5256 ad
1599 5199 1803 5253 σκοποῦ
1825 5201 1960 5272 (col.
1986 5199 2016 5256 -1
2033 5205 2128 5255 125
2153 5203 2194 5255 D
2223 5200 2279 5271 4)
2305 5199 2425 5254 om.
2463 5201 2522 5254 D.

233 5128 402 5178 εἴκοσι
422 5123 655 5200 ’χιλικάδ
657 5147 718 5188 ας
746 5125 1034 5200 βασιλικῶν

229 5196 514 5270 περιμένων
543 5196 705 5251 ἀπὸλυ
714 5196 814 5253 σιν.

3354 5055 3455 5106 Καί
3544 5053 3566 5104 ἐ

2348 5073 2676 5128 παλαιτεροις
2740 5073 2903 5129 οριοις
2968 5072 3261 5127 αρκεισυαι.
3356 5072 3455 5106 aut
3544 5072 3593 5114 ες

2348 5126 2598 5201 βασιλεὺς
2652 5124 2972 5199 διεκαρτέρει
3013 5131 3107 5185 τὴν
3155 5135 3249 5188 τῆς
3303 5123 3595 5190 Τζέπάίνης

1120 5356 1461 5426 Theodori
1510 5358 1762 5426 Dousa;
1811 5367 1877 5426 et
1923 5357 2173 5427 Leonis
2221 5357 2455 5433 Allatii
2504 5368 2707 5428 notae.

305 5517 419 5660 ἕω)
451 5517 875 5604 Ἐμεμαθήκεσαν
894 5519 996 5604 γάρ
1019 5519 1331 5589 Gregoras,
1357 5534 1421 5590 p.
1439 5522 1528 5575 56.
1567 5520 1707 5576 ALL.

329 5593 418 5660 32)
446 5589 506 5642 ’0
535 5608 625 5660 μεν
648 5597 746 5642 τῶν
773 5589 1099 5660 Βουλγαρων.
1124 5593 1438 5660 Gregoras,
1466 5605 1526 5660 p.
1548 5594 1636 5646 56.
1668 5593 1707 5644 Α

329 5593 418 5662 32)
446 5589 506 5642 ’0
535 5589 625 5662 pia
648 5597 746 5642 τῶν
773 5589 1099 5663 Βουλγοίρων.
1124 5589 1438 5662 Gregoras,
1466 5605 1526 5663 p.
1548 5594 1636 5646 56.
1668 5593 1806 5648 ALL.
