4042 6214
588 337 722 392 114⁸7

1882 326 2164 387 GEORGII
2198 325 2663 386 ACROPOLITE
3750 328 3860 385 lli."

586 462 928 530 exercitum,
958 460 1018 516 in
1039 460 1210 531 cujus
1241 458 1477 516 conﬁne
1520 474 1763 532 equum
1823 456 2140 531 paululum

2270 457 2313 512 Α
2344 454 2657 527 ἐποχεῖσθαι
2704 456 2794 507 καὶ
2844 452 3054 525 σύμπαν
3108 447 3415 527 διέρχεσθαι
3459 452 3512 503 τό
3542 450 3838 526 στρατόπεδον,

585 551 828 625 planitie
850 550 1264 618 assurgentem
1313 548 1514 604 locum
1569 547 1911 611 ascendere,
1972 546 2231 618 indeque

584 641 931 697 universum
961 637 1280 693 exercitum
1312 637 1583 701 lustrare,
1619 652 1797 708 quem
1834 658 1860 686 (ί
1912 635 2117 690 urbem
2171 650 2233 691 se

584 733 923 781 moventem
955 732 1320 798 craterasque
1340 725 1488 781 alias
1507 728 1809 781 Romanas
1834 724 2008 779 urbes
2040 728 2233 779 tutan-

584 817 700 868 tem
736 836 762 863 »
787 814 1060 870 nominat
1103 833 1116 881 ;
1155 814 1394 886 hocque
1448 816 1528 869 ita
1594 812 1874 887 patrabat
1924 812 2227 884 continuo,

592 903 762 975 136
804 907 860 959 et
917 903 1051 959 licet
1097 919 1435 976 vesperugo
1489 904 1548 959 in
1600 919 1882 959 occasum
1937 918 2064 957 sese
2120 902 2231 957 im-

583 996 894 1062 mergeret,
929 991 1054 1064 ipse
1082 993 1470 1048 nihilominus
1498 992 1556 1047 id
1595 992 1753 1047 idem
1788 1007 1981 1063 neque
2033 991 2231 1061 segnis

582 1081 923 1154 praestabat.
980 1083 1316 1137 Castrorum
1386 1081 1762 1137 intervallum
1829 1080 2233 1153 quadraginta

586 1168 919 1239 stadia,nisi
934 1171 1099 1226 etiam
1114 1170 1288 1243 plura
1301 1170 1522 1227 addere
1538 1170 1811 1235 velimus,
1852 1169 2228 1242 exmquabat.

584 1256 707 1327 Ego
736 1259 957 1332 itaque,
992 1262 1109 1315 Deo
1136 1264 1275 1315 tunc
1300 1260 1444 1316 mihi
1496 1259 1666 1327 irato,
1728 1260 2106 1333 imperatoris
2143 1261 2230 1315 ni-

584 1346 773 1402 mium
788 1364 999 1403 amans
1014 1365 1082 1403 ac
1098 1348 1269 1405 stolid
1281 1366 1366 1415 us,
1384 1348 1484 1404 ubi
1498 1349 1917 1420 imperatorem
1932 1338 2087 1422 equo
2100 1348 2226 1403 vehi

586 1437 811 1508 accepi,
841 1437 901 1491 in
933 1437 1160 1493 mulam
1193 1454 1443 1511 propere
1475 1438 1691 1493 saliens
1723 1443 1999 1494 contento
2052 1454 2231 1493 cursu

585 1526 899 1598 sequebar,
944 1528 1226 1600 temporis
1264 1528 1755 1601 inopportunum,
1811 1529 1973 1601 quod
2025 1529 2229 1601 utique

586 1615 905 1682 debebam,
949 1618 1195 1673 minime
1246 1619 1650 1690 conspicatus.
1708 1623 2031 1693 Imperator
2074 1635 2229 1693 equo

586 1710 791 1760 vectus
808 1722 1051 1761 cursum
1071 1723 1299 1780 rapere.
1320 1707 1459 1763 Mox
1485 1725 1579 1763 me
1600 1708 2068 1782 subsequentem
2087 1726 2229 1767 con-

2342 549 2431 596 xui
2467 542 2599 617 ἆμφὶ
2633 547 2691 595 τὸ
2722 545 2905 597 τούτου
2944 546 3109 616 τέρμα
3137 540 3210 603 εἰς
3250 545 3404 593 τόπον
3455 539 3727 615 ἀγχώμαλόν
3764 564 3841 607 πως

2342 633 2581 686 τελοῦντα
2633 636 2724 685 καὶ
2788 635 2975 707 μικρὸν
3023 632 3469 705 ὑπερανεστηκοτα
3516 639 3596 692 τῆς
3653 629 3843 696 πεδιάδος

2342 722 2678 796 ἀνέρχεσθαι,
2708 723 2793 795 [Ρ.
2821 722 2910 793 70]
2943 725 3032 773 xui
3076 721 3167 779 τήν
3230 720 3350 779 ὃλην
3378 721 3586 793 καθορᾷν
3637 727 3842 793 στρατιὼι,

2343 811 2402 871 ἣν
2441 816 2531 863 καὶ
2578 810 2728 865 πόλιν
2777 813 3081 883 κινουμένην
3134 810 3250 882 (33)
3307 809 3548 881 ὠνόμαζε,
3598 829 3741 874 πασας
3782 816 3843 874 τὰς

2341 904 2627 974 Ῥωμαὶκὰς
2660 900 2813 961 ἄλλας
2874 900 3043 960 πόλεις
3081 898 3458 971 φυλάττουσαι.
3510 906 3656 951 Τοῦτο
3702 896 3748 953 δὲ
3786 901 3845 952 οὒ-

2340 1010 2442 1053 τως
2473 990 2634 1043 ἐποίει
2688 986 2957 1058 διηνεκῶς,
3013 993 3103 1040 καὶ
3163 987 3189 1040 ὁ
3244 993 3510 1062 φωσφόρος
3555 984 3606 1041 δὲ
3644 991 3752 1064 εἰπερ
3788 1009 3846 1042 τεν

2343 1076 2556 1132 δυτικόν
2581 1075 2821 1132 εἰσδῦναι
2851 1078 3093 1153 ὁρίζοντα
3119 1076 3338 1151 ἔμελλεν,
3369 1077 3426 1129 οὐ
3477 1082 3696 1129 κατώκνει
3740 1086 3847 1131 τοῦτο

2341 1167 2676 1244 ἐργάζεσθαι.
2717 1171 2787 1223 Τὸ
2820 1164 2881 1220 δε
2928 1173 3019 1219 τοῦ
3074 1162 3429 1242 στρατοπέδου
3481 1162 3721 1239 διάστημα
3758 1165 3848 1239 ἀμφὶ

2340 1277 2440 1310 που
2461 1260 2527 1310 τὰ
2551 1259 2946 1330 τεσσαράκοντα
2992 1252 3188 1309 στάδια
3236 1256 3317 1326 ἦν,
3352 1255 3395 1308 εἰ
3436 1260 3504 1328 μὴ
3548 1275 3601 1326 γε
3636 1261 3711 1308 καὶ
3746 1260 3847 1330 πρὸς,

2336 1344 2540 1419 Ἔγωγε
2567 1342 2653 1398 οὖν
2680 1344 2774 1398 οὖκ
2805 1344 2974 1419 ἀγαθῇ
3006 1349 3121 1397 τότε
3150 1346 3293 1418 τὺχη
3344 1347 3660 1419 χρησάμενος
3684 1344 3705 1396 6
3753 1344 3847 1417 φιλο-

2339 1435 2579 1498 ϐασιλεὺς
2610 1455 2666 1488 κε
2728 1441 2817 1488 καὶ
2864 1438 3103 1509 μάταιος,
3168 1439 3487 1507 πεπυσμένος
3533 1434 3723 1492 ίππότὴν
3761 1434 3848 1486 εἰναι

2338 1528 2423 1578 τόν
2470 1524 2714 1598 βασιλέα,
2742 1533 2831 1585 τῆς
2884 1527 3102 1598 ἡμιόνου
3156 1527 3221 1586 ὡς
3295 1520 3439 1596 εἶχον
3493 1524 3672 1595 τάχους
3718 1520 3845 1583 ἐπιϐὰς

2340 1610 2595 1690 δρομαῖος
2643 1613 2925 1687 ἐφειπόμην
2979 1613 3142 1684 αὐτῷ,
3194 1611 3252 1665 οὐ
3296 1616 3352 1664 τό
3409 1620 3496 1672 τῆς
3564 1613 3680 1685 ὥρας
3730 1609 3845 1684 ἄωρον

2338 1705 2717 1772 κατοπτεύσας,
2751 1704 2871 1779 ὅπερ
2934 1699 3064 1757 ἔδει.
3130 1701 3234 1775 Ἐφ’
3294 1702 3453 1754 ἳππου
3501 1696 3557 1753 δὲ
3596 1702 3619 1752 6
3666 1698 3847 1773 βασιλεῄ

588 1793 846 1865 spiciens
879 1797 1078 1851 cursui
1111 1796 1425 1869 imparem.
1485 1800 1838 1869 suspicatus,
1893 1799 1940 1855 si
1993 1799 2184 1870 longit

2262 1818 2301 1871 Β
2341 1792 2518 1853 ἐπιϐὰς
2546 1796 2833 1867 ταχύτερον
2885 1791 3169 1867 ἐπορεύετο,
3226 1796 3295 1854 ὡς
3343 1788 3403 1844 δε
3453 1787 3552 1844 εἶδε
3596 1810 3653 1864 με
3692 1794 3846 1841 κατόπιν

585 1881 716 1955 ipse
745 1884 1145 1954 processisset,
1181 1900 1303 1940 non
1354 1890 1721 1955 secuturum,
1770 1887 1934 1953 dixit,
1968 1910 1997 1936 «ι
2056 1889 2229 1957 Cave,

586 1986 827 2026 cursum
852 1973 1182 2039 contineas,
1217 1990 1463 2045 sequere
1523 1979 1722 2031 tamen
1775 1977 2229 2035 commodius.»

586 2058 684 2114 Ille
708 2059 767 2115 in
801 2067 969 2117 sueta
992 2062 1100 2117 sibi
1131 2062 1263 2118 loca
1294 2063 1609 2119 advehitur
1638 2081 1650 2119 :
1676 2080 1952 2137 proceres
2004 2082 2072 2122 ac
2125 2066 2232 2122 viri

583 2146 840 2205 illustres
868 2150 1089 2206 itineris
1110 2152 1373 2218 comites,
1406 2152 1770 2225 quibuscum
1802 2159 1857 2210 et
1907 2156 2034 2227 ipse
2087 2172 2229 2212 con-

580 2251 887 2305 veneram,
923 2240 1188 2314 undique
1204 2258 1342 2296 eum
1367 2242 1768 2314 constipantes
1788 2241 2045 2298 adstant.
2070 2244 2231 2298 Tunc

583 2324 931 2398 imperator,
967 2351 993 2378 ‹‹
1025 2330 1441 2399 Cognovistine
1472 2348 1523 2396 ›,
1558 2328 1767 2401 inquit,
1794 2352 1820 2379 ‹‹
1870 2347 2004 2402 quae
2053 2330 2229 2386 nobis

583 2428 778 2485 nuper
798 2417 1070 2472 nuntiata
1091 2423 1227 2473 sunt
1255 2418 1283 2473 ‘?
1316 2421 1496 2484 nNos,
1522 2441 1539 2466 ι
1565 2418 1815 2485 Minime,
1842 2419 2227 2491 imperator,»

582 2500 863 2558 diximus.
883 2506 1283 2577 Etimperator
1298 2522 1319 2561 .·
1334 2530 1359 2554 ‹‹
1377 2507 1631 2570 Quidam
1648 2512 1783 2562 ante
1799 2507 2229 2579 paucissimum

585 2594 821 2663 tempus
872 2593 1217 2659 adveniens,
1270 2594 1433 2666 quod
1484 2611 1630 2650 sane
1687 2595 1863 2651 nobis
1938 2596 2225 2669 displicet,

581 2681 896 2749 nuntiavit,
927 2684 1149 2738 Rosum
1175 2685 1356 2739 Urum
1384 2683 1559 2740 nobis
1582 2684 1785 2739 fucum
1809 2685 2033 2741 fecisse.
2066 2687 2231 2742 Lucri

584 2769 745 2826 enim
770 2786 952 2827 causa
974 2772 1091 2827 huc
1108 2772 1353 2827 veniens
1372 2788 1581 2845 pacem
1606 2773 2020 2839 etamicitiam,
2044 2791 2230 2847 quam

580 2854 733 2911 inter
762 2873 871 2913 nos
927 2864 983 2914 et
1039 2859 1329 2930 Bulgaros
1383 2862 1703 2916 meditatus
1756 2867 1865 2928 est,
1919 2862 2121 2919 fefellit
2176 2867 2233 2919 et

577 2946 887 3018 pejeravit.
913 2950 1319 3023 Quaecumque
1342 2966 1482 3021 ergo
1506 2952 1832 3022 attentavit,
1868 2951 2040 3009 fucus
2069 2952 2230 3010 fuere

579 3012 755 3109 atque
786 3012 1044 3095 fallacia.
1078 3042 1193 3096 Nec
1221 3012 1374 3096 male
1408 3012 1659 3114 compta
1682 3040 1761 3097 illi
1792 3012 2105 3115 responsio
2153 3042 2231 3099 ad
2261 3012 2302 3067 Ο

568 3125 672 3198 jus
698 3126 1277 3197 deeritviolandum,
1340 3130 1736 3199 Bulgarorum
1796 3148 2013 3203 nempe
2074 3133 2233 3205 prin-

578 3214 791 3287 cipem,
829 3218 959 3289 ejus
990 3234 1302 3288 generum,
1353 3235 1567 3292 pacem
1622 3220 2043 3291 hujuscemodi
2099 3237 2235 3276 con-

576 3302 901 3362 ditionibus
967 3309 1288 3364 conflatam
1347 3326 1469 3365 non
1507 3311 1786 3381 recipere.
1848 3310 1999 3376 Quid
2062 3310 2234 3366 vobis

576 3392 811 3450 videtur
847 3395 874 3449 ?
900 3399 1195 3454 Verumne
1219 3403 1307 3453 est
1335 3397 1470 3469 hoc,
1499 3415 1573 3453 an
1600 3398 1852 3453 verbum
1882 3415 1917 3454 a
1944 3399 2234 3455 mendace

575 3483 898 3540 conﬁctum
924 3485 953 3540 ?
984 3508 1012 3535 »
1049 3488 1113 3540 Et
1133 3502 1264 3553 nos,
1290 3508 1317 3535 «
1348 3487 1725 3559 Neutiquam,
1751 3486 2009 3542 dicimus
2038 3503 2235 3543 sermo

576 3588 751 3628 verus
783 3589 945 3628 essse
974 3574 1240 3630 videtur:
1266 3576 1513 3631 omnino
1556 3592 1817 3648 namque
1847 3575 2032 3631 falsus
2061 3576 2227 3649 137

578 3666 666 3716 est
686 3668 864 3733 atque
895 3663 1171 3718 incertus.
1203 3667 1470 3736 Namque
1494 3667 1682 3720 Rosus
1706 3667 1854 3721 Urus
1891 3681 2011 3721 non
2034 3681 2143 3737 pro
2173 3682 2234 3721 se

578 3748 713 3821 ipso
745 3750 949 3815 modo,
987 3751 1091 3807 sed
1132 3759 1189 3808 et
1243 3769 1351 3826 pro
1404 3768 1623 3822 genero
1684 3770 1792 3809 suo
1844 3753 2233 3824 Bulgarorum

579 3837 846 3911 principe
870 3838 1111 3912 juravit.
1146 3848 1217 3897 At
1238 3858 1508 3914 quonam
1541 3842 1722 3897 modo
1756 3842 1813 3898 id
1844 3842 1972 3898 ﬁeri
2015 3848 2231 3914 potest,

577 3927 867 3985 hominem
885 3930 1275 3987 Christianum
1293 3930 1390 3987 tali
1407 3948 1469 3986 se
1481 3932 1603 4003 perj
1614 3931 1743 3986 urio
1757 3931 2189 3988 dedecorasse?
2203 3954 2230 3982 »

579 4017 1031 4092 Etimperator:
1072 4040 1102 4074 ‹
1129 4020 1525 4077 Pecuniarum
1559 4021 1826 4076 fortassis
1875 4021 2127 4077 aviditas
2173 4022 2232 4077 in

581 4107 771 4163 simile
804 4125 941 4164 cum
973 4108 1265 4179 ﬂagitium
1299 4111 1605 4165 conduxit.
1635 4112 1699 4165 Et
1730 4126 1840 4166 nos
1869 4126 2062 4183 neque
2094 4110 2233 4165 Bul-

579 4212 865 4266 garorum
896 4199 1157 4253 amicitia
1179 4199 1455 4268 fruimur,
1484 4204 1539 4254 et
1570 4204 1799 4255 tantam
1843 4215 2232 4255 nummorum

578 4286 1043 4353 vimincassum,
1069 4289 1489 4359 projecimus,»
1523 4293 1819 4357 «Nonest,
1856 4311 1882 4338 »
1916 4289 2231 4344 subdimus

2340 1879 2501 1935 αὖτου
2553 1887 2625 1956 μὴ
2692 1879 2975 1954 δυνάμενον
3020 1880 3192 1954 ἐκείνῳ
3266 1883 3590 1945 συνὲπεσθαι,
3649 1877 3848 1931 ὑπολαϐὼν

2340 1975 2411 2045 μὴ
2445 1992 2551 2033 πως
2587 1975 2854 2045 μακρὺνας
2902 1971 3007 2044 οὐχ
3069 1971 3286 2045 ἕψομαι,
3354 1971 3541 2046 εἰρήκει
3571 1989 3669 2043 μοι,
3702 1987 3725 2020 ε
3748 1964 3847 2025 Μιεῖ

2342 2060 2849 2135 ὄλωςόπολειφθῇς,
2899 2059 3027 2113 ἀλλὰ
3077 2065 3168 2113 καὶ
3229 2059 3589 2134 σχολαιότερον
3638 2060 3787 2131 ἔρχου.
3830 2078 3846 2103 υ

2341 2149 2526 2224 Ἀπῂει
2563 2157 2688 2223 γοῦν
2715 2150 2787 2211 εἰς
2812 2153 2897 2202 τὸν
2937 2152 3135 2208 συνήθη
3185 2155 3363 2221 τόπον,
3412 2153 3499 2201 καὶ
3554 2152 3637 2200 σὺν
3677 2141 3783 2217 αὐτῷ
3819 2143 3848 2195 οἱ

2342 2238 2462 2314 ἀμφ’
2514 2240 2669 2293 αὐτὸν
2715 2235 2933 2312 λογάδες
2992 2239 3341 2309 συνέστησαν,
3390 2243 3477 2291 καὶ
3551 2236 3684 2295 αὐτὸς
3747 2238 3849 2305 σφίσι

2342 2328 2593 2389 συνῆλθον
2651 2328 2931 2400 ἑπόμενος,
2996 2334 3086 2381 καὶ
3146 2333 3486 2404 περιέστημεν
3545 2329 3663 2378 κατὰ
3722 2322 3847 2375 κύκλον

2338 2421 2541 2480 πάντες.
2576 2419 2719 2470 Καὶό
2752 2416 3019 2490 βασιλεύς,
3055 2438 3085 2469 ‹
3114 2420 3481 2491 Μεμαθὴκατε,
3510 2437 3537 2465 ›ι
3567 2419 3697 2489 φησι,
3722 2435 3743 2463 α
3784 2420 3846 2463 τῶν

2339 2508 2656 2582 προσφάτως
2686 2506 3082 2580 ἀπηγγελμένων
3110 2507 3275 2580 ﬁgi»;
3308 2528 3335 2556 »
3383 2510 3472 2558 xui
3523 2506 3673 2578 ἡμεῖς,
3723 2523 3743 2551 ι(
3784 2501 3846 2552 03-

2339 2616 2480 2666 κουν,
2510 2596 2548 2646 ὧ
2582 2594 2821 2669 βασιλεῦ,
2849 2619 2877 2646 ››
2916 2602 3016 2649 Καὶ
3046 2598 3071 2647 6
3121 2594 3395 2670 βασιλευς,
3433 2618 3460 2646 ιι
3516 2594 3769 2667 ἓΑνΘρωπὸς
3798 2608 3847 2649 τίς

2339 2689 2438 2759 πρὸ
2486 2705 2621 2747 τινος
2674 2683 2938 2760 βραχείας
2986 2686 3124 2760 ὥρας
3178 2684 3336 2738 ἐλθὼν
3394 2681 3655 2756 ἀπήγγειλέ
3704 2700 3744 2731 τι
3784 2686 3845 2730 τόν»

2342 2774 2657 2833 ἀϐουλήτων,
2687 2779 2756 2827 Τό
2798 2772 2847 2827 δ’
2873 2772 2933 2833 ἦν
2977 2778 3043 2837 ὡς
3106 2776 3131 2827 6
3178 2773 3365 2837 Ῥῶσος
3416 2780 3574 2849 Οῡρός
3623 2773 3733 2843 ἡμᾶς
3775 2767 3845 2829 551‘

2341 2867 2541 2923 πάτηκε
2570 2886 2582 2898 ·
2624 2866 2787 2938 χάριν
2817 2867 2918 2938 γὰρ
2975 2862 3196 2940 κέρδους
3247 2863 3453 2917 ἐνταυθὶ
3516 2861 3751 2935 ἀφιγμένος
3787 2860 3845 2912 τήν

2342 2958 2605 3028 μεσιτείαν
2628 2961 2717 3014 τῆς
2763 2953 2968 3027 εἰρήνης
3023 2952 3283 3025 ἐψεύσατο
3331 2959 3420 3007 xui
3471 2950 3682 3026 ἐπίορκον
3713 2948 3842 3017 ὤμοσε,

2343 3045 2538 3101 Φενάκη
2570 3050 2694 3114 γοῦν
2724 3044 2935 3117 ὑπῆρχε
2973 3045 3037 3095 τὰ
3088 3045 3262 3096 πάντα
3308 3041 3472 3095 ἐκεῖνα
3524 3043 3607 3093 ὄνα
3646 3041 3842 3098 mminit,

2341 3138 2431 3185 xui
2478 3131 2758 3204 ἀπολογίαν
2812 3133 3097 3206 εὐὰφορμον
3151 3135 3287 3205 ἔχει,
3337 3136 3405 3195 ὡς
3457 3135 3595 3206 φασί,
3645 3130 3747 3200 πρὸς
3785 3128 3842 3179 τέ’

2341 3232 2439 3275 τῶν
2472 3224 2634 3296 ὅρκων
2668 3218 2931 3289 διάλυσιν,
2974 3223 3056 3274 ὃτι
3109 3241 3201 3297 περ
3264 3223 3290 3274 ὀ
3346 3230 3441 3274 τῶν
3498 3219 3751 3292 Βουλγάρων
3788 3214 3843 3282 ἆρ-

2342 3331 2455 3383 χων
2484 3313 2509 3363 6
2540 3315 2730 3363 τούτου
2752 3310 2984 3384 γαμϐρὸς
3009 3314 3103 3369 τὴν
3151 3313 3237 3364 ἐπὶ
3304 3314 3609 3383 συμφωνίαις
3657 3305 3843 3359 τοιαύταις

2344 3399 2553 3473 εἰρήνην
2584 3399 2641 3452 οὐ
2681 3396 3057 3471 καταδέχεται.
3081 3404 3145 3452 Τί
3174 3400 3264 3453 οὖν
3295 3402 3415 3472 ὑμῖν
3446 3395 3585 3451 δοκεῖ
3618 3414 3630 3465 ;
3670 3393 3736 3467 ἆρ’
3768 3389 3842 3443 δάι’

2347 3491 2428 3550 θες
2479 3488 2592 3541 ἐστι
2620 3497 2791 3557 τοῦτο,
2820 3489 2849 3548 ᾖ
2907 3487 3055 3564 ῥῆμα
3108 3488 3465 3563 πεπλασμένον
3514 3490 3629 3561 πρός
3669 3476 3843 3555 ψευδοὶά

2342 3595 2474 3651 γου;
2506 3599 2535 3628 ››
2560 3583 2660 3631 Καὶ
2694 3580 2866 3651 ἡμεῖς,
2900 3600 2927 3627 ι(
2954 3573 3089 3631 Οὐδ’
3118 3577 3267 3647 ὅλως,
3302 3575 3447 3631 δοκεί
3497 3596 3595 3636 πως
3637 3595 3661 3623 ››
3701 3571 3841 3642 ἔφαμεν,

2344 3691 2370 3718 «
2404 3665 2642 3728 ἀληθείας
2680 3670 2767 3719 τὸν
2805 3667 2955 3739 λόγον
3014 3668 3256 3739 ἔχεσθαι.
3324 3669 3464 3721 Θάνυ
3513 3669 3604 3741 γὰρ
3662 3660 3841 3730 τυγχάνει

2343 3752 2493 3817 οὗτος
2518 3753 2829 3828 ψευδὴςκαὶ
2864 3755 3126 3826 ἀϐέϐαιος,
3185 3758 3268 3809 ὅτι
3327 3762 3418 3831 πέρ
3468 3757 3493 3807 6
3530 3755 3691 3811 Ῥὧσος
3734 3747 3840 3815 Οὗέθέ

2343 3845 2401 3897 οὐ
2435 3850 2587 3918 μόνον
2619 3846 2743 3918 ὑπὲρ
2796 3844 3002 3915 ἑαυτοῦ,
3053 3844 3183 3897 ἄλλά
3238 3849 3329 3898 xui
3384 3847 3503 3918 ὑπὲρ
3554 3841 3636 3894 τοῦ
3673 3833 3839 3911 γαμϐρθῦ

2343 3933 2611 3986 αὐτοῦτοῦ
2641 3943 2739 3986 τῶν
2770 3934 3074 4008 Βουλγάρων
3122 3936 3384 4008 ἄρχοντος
3434 3935 3720 4005 ἐπωμόσατο.
3765 3929 3839 3977 Πῶς

2342 4019 2429 4076 οὖν
2468 4022 2581 4076 ἐστι
2634 4027 2854 4094 πεφυκὸς
2929 4022 3197 4098 ἄνθρωπον
3252 4028 3375 4077 ὄντα
3428 4021 3708 4098 Χριστιανὸν
3745 4012 3837 4064 ἐπιο-

2340 4118 2431 4186 κίᾳ
2451 4115 2666 4187 τοιαύτῃ
2698 4120 2989 4188 περιπεσεῖν
3019 4130 3032 4180 ;
3072 4136 3092 4162 ι
3131 4117 3232 4166 Καὶ
3261 4115 3287 4166 6
3335 4112 3590 4187 βασιλέυς,
3646 4130 3663 4156 ε
3710 4104 3751 4156 Ἠ
3776 4108 3837 4193 τόν

2341 4204 2633 4276 χρημάτων
2665 4200 2791 4261 ἴσως
2840 4199 3091 4273 ἐπιθυμία
3152 4207 3457 4274 παρέπεισεν
3510 4201 3567 4252 ἄν
3624 4195 3746 4248 αὑτὸν
3797 4203 3838 4241 τις

2343 4294 2590 4349 τοιαύτην
2645 4290 2981 4352 ἐξολισοησαι
3038 4296 3241 4346 κακίαν.
3306 4295 3403 4344 Καὶ
3454 4291 3590 4362 ἡμεῖς
3641 4283 3689 4337 οὔ
3738 4282 3837 4350 μόνω

582 4389 716 4440 nos,
752 4397 772 4424 ι
806 4390 928 4430 non
954 4381 1039 4431 est
1065 4376 1180 4433 hoc
1207 4377 1431 4434 veritati
1457 4394 1812 4445 consonum,
1835 4379 2178 4450 imperator.

2272 4369 2314 4424 Π
2344 4385 2438 4438 τὴν
2484 4389 2583 4432 τῶν
2632 4379 2940 4453 Βουλγάρων
2998 4378 3203 4452 ἀγάπην
3272 4380 3365 4433 οὐκ
3410 4382 3602 4452 ἔχομεν⁶
3644 4371 3743 4423 ἀλλὰ
3782 4382 3836 4414 και

583 4466 648 4520 Et
668 4463 995 4537 imperator
1025 4466 1102 4521 ad
1136 4483 1229 4522 me
1260 4469 1639 4539 potissimum
1668 4483 1992 4523 conversus
2018 4484 2031 4521 :
2065 4490 2092 4518 «
2149 4471 2232 4524 Tu

580 4568 723 4608 vero
753 4553 898 4625 quid
922 4554 998 4610 ad
1030 4555 1158 4610 haec
1189 4557 1321 4613 ais?
1353 4579 1379 4606 ››
1402 4559 1549 4613 Tum
1582 4556 1733 4627 ipse:
1759 4578 1785 4605 ‹‹
1822 4558 1944 4610 Non
1964 4554 2130 4611 aliter
2159 4557 2233 4613 de

580 4642 674 4699 his
690 4643 896 4716 JUdlCO
921 4662 933 4700 :
958 4645 1212 4702 aliorum
1238 4647 1512 4720 approbo
1532 4645 1908 4714 sententiam,
1931 4646 2233 4703 fraudem-

580 4750 698 4808 que
729 4752 856 4793 esse
883 4753 1069 4809 quam
1102 4738 1433 4793 maximam
1461 4737 1661 4808 potius
1691 4753 1878 4810 quam
1903 4738 2229 4811 veritatem,

580 4826 744 4898 quod
772 4826 1204 4892 circumfertur,
1224 4826 1522 4882 existimo.
1550 4828 1761 4882 Verum
1789 4826 1859 4894 si,
1874 4828 2037 4901 quod
2053 4829 2233 4885 etiam

580 4914 908 4989 aliquando
931 4917 992 4973 in
1026 4916 1330 4972 nonnullis
1360 4915 1627 4972 accidere
1655 4917 1822 4984 solet,
1859 4920 2008 4974 Urus
2036 4934 2234 4974 sacra-

580 5010 852 5061 mentum
884 5006 1148 5075 violavit,
1189 5005 1385 5073 nobis,
1410 5010 1475 5062 ut
1512 5006 1642 5079 ipse
1686 5007 2068 5079 opinabatur,
2128 5007 2236 5062 im-

578 5109 835 5165 ponens,
870 5101 1133 5151 attamen
1156 5098 1385 5151 Numen
1412 5095 1541 5168 ipse
1565 5096 1678 5152 sibi
1702 5096 1941 5161 iratum,
1965 5112 2075 5152 nos
2092 5112 2235 5153 vero

580 5181 643 5238 id
663 5197 768 5255 pro
789 5182 962 5239 nobis
988 5184 1134 5256 ipsis
1154 5185 1399 5241 veritate
1408 5185 1426 5256 j
1441 5186 1755 5260 ustitiaque
1777 5186 1907 5258 ipsa
1921 5184 2234 5242 decertans

2343 4477 2576 4522 τοσαῦτα
2650 4468 2733 4522 ἐπὶ
2803 4477 2949 4530 κενῆς
3021 4468 3453 4542 κατηναλώκαμεν
3520 4468 3750 4539 χρήματα·
3818 4470 3835 4495 ’⁷

2345 4581 2373 4608 ‹‹
2407 4559 2688 4632 Οὐμενοῦν,
2727 4581 2754 4610 ››
2798 4559 2948 4631 ἡμεῖς
2999 4561 3168 4631 ἔφηεν,
3196 4581 3224 4607 ‹(
3285 4557 3460 4617 ἀληθὲς
3487 4558 3616 4609 τουτί
3641 4549 3828 4602 καθεστη-

2342 4668 2417 4713 κε,
2453 4647 2693 4722 βασιλεῦ,
2734 4669 2759 4696 ››
2810 4653 2909 4701 Καὶ
2953 4649 2978 4700 6
3033 4645 3280 4721 βασιλεὺς
3339 4644 3447 4719 ἰδίᾳ
3501 4648 3579 4696 καὶ
3626 4640 3731 4711 πρὸς
3764 4631 3832 4725 έέλέν

2346 4762 2373 4791 ι(
2397 4742 2462 4792 Σὺ
2487 4734 2545 4791 δὲ
2570 4742 2623 4789 τί
2650 4738 2860 4809 φάσκεις
2880 4740 3009 4812 πρὸς
3038 4744 3207 4789 ταῦτα
3239 4755 3253 4805 ;
3280 4761 3308 4787 »
3360 4741 3455 4789 Καὶ
3516 4732 3666 4789 αὐτὸς,
3706 4746 3727 4773 ι(
3766 4726 3833 4817 Ou:

2341 4833 2475 4882 τωσί
2523 4848 2633 4889 πως
2689 4829 2890 4887 τούτοις
2938 4826 3002 4887 ὠς
3044 4831 3133 4879 xui
3189 4826 3239 4879 οἰ
3291 4824 3431 4878 ἄλλοι
3480 4819 3727 4889 διάκειμαι,
3776 4824 3833 4857 καί

2343 4916 2426 4972 ἐπὶ
2481 4916 2609 4970 πολὺ
2661 4914 2851 4989 μᾶλλον
2907 4911 3197 4986 ψεύδεσθαι
3253 4918 3310 4968 τὸ
3364 4913 3629 4985 λελεγμένον
3674 4895 3830 4989 ἣᾲαλν

2345 5010 2505 5062 θεὺειν
2524 5009 2725 5078 οἳομαι.
2757 5007 2816 5059 Εἰ
2848 5001 2927 5066 6i,
2959 5006 3045 5061 οἶα
3070 5004 3343 5078 συμϐαίνει
3364 5005 3481 5056 ποτὶ
3520 5002 3599 5051 καὶ
3713 4987 3830 5081 ξνῖηξρ

2342 5098 2478 5149 xui6
2544 5092 2714 5170 Οὖρος
2761 5095 2945 5147 οὑτοσὶ
3000 5098 3123 5155 τοὺς
3165 5096 3347 5166 ὅρκους
3394 5071 3830 5177 ἠθετηιέναιηξξὲῗν

2341 5184 2537 5257 λευται,
2726 5182 2819 5257 71]
2870 5179 3024 5246 δόξας
3071 5158 3207 5258 ἡμᾶς
3262 5181 3623 5246 ἐξηπατηκέναι,
3667 5158 3829 5219 ἀλλ’έξίί

1463 5327 1805 5395 Theodori
1854 5328 2104 5396 Dousa;
2154 5337 2219 5395 et
2265 5327 2517 5396 Leonis
2567 5326 2803 5395 Allatii
2851 5334 3052 5394 notae.

646 5451 760 5525 (33)
824 5451 976 5505 Πόλιν
1041 5457 1395 5526 κινουμένηνκ
1448 5455 1525 5526 Ei
1615 5458 1752 5509 ante
1842 5452 2217 5526 Theodorum

576 5520 750 5583 Anna
780 5526 1103 5599 Qomnena,
1135 5520 1414 5582 Alexiud.
1446 5525 1549 5581 lib.
1584 5540 1674 5580 xm
1707 5542 1719 5579 :
1753 5528 1851 5578 Καὶ
1898 5520 1958 5599 ἦν
2008 5524 2218 5599 φοϐερὸν

579 5599 746 5670 θέαμα
804 5594 959 5651 ἐκεῖνο
1012 5600 1069 5650 τὸ
1129 5600 1402 5668 σύνταγμα
1452 5598 1682 5670 καθάπερ
1750 5615 1800 5648 τι
1869 5594 2057 5670 πόλεως
2121 5594 2221 5670 τεῖς

573 5666 680 5743 χος
711 5667 949 5733 ἀλλήλοις
1004 5666 1439 5743 συνηρμοσμένα.
1490 5668 1596 5724 Lib
1654 5666 1770 5723 'xv:
1831 5673 1932 5721 Καὶ
1982 5666 2116 5730 εἶπες
2161 5667 2221 5720 ἂν

3673 5429 3819 5505 πορεύεο

2331 5450 2457 5506 ἰδὼν
2517 5453 2663 5505 πόλιν
2738 5456 2854 5505 τινὰ
2928 5452 3169 5525 ἔμψυχον
3244 5450 3615 5531 πεπυργωμένρν
3673 5450 3820 5557 πσῗὲῗὶ

2334 5528 2453 5557 -A...
2489 5527 2624 5557 ..-σὺ
2659 5528 2753 5557 -3...
2798 5525 3067 5557 .2--...:.......
3129 5524 3316 5557 Lua...“
3378 5533 3648 5557 -mmmnmv
3769 5530 3777 5549 δ

3134 5524 3316 5549 1.--ιμμ-.
3378 5524 3648 5549 μ-..-..ηέυνν
3695 5524 3777 5549 erm

2332 5528 2456 5660 ἕθαι
2489 5527 2626 5577 κατά
2659 5528 2753 5584 τὴν
2797 5525 3067 5600 εἰρημένην
3127 5525 3316 5583 ἐκείνην
3378 5525 3648 5591 κινουμένην

2365 5617 2429 5650 ιν.
2450 5601 2586 5652 ALL.

2365 5617 2429 5650 ιν.
2450 5601 2586 5652 ALL.
