4042 6214
252 288 397 345 1149

1819 283 2166 341 ANNALES'

3473 303 3609 359 H50

249 415 345 487 μὲν
400 412 551 475 οὗτος
570 414 629 467 τὸ
664 414 817 468 Θεῖον
872 413 990 467 καθ’
1053 411 1235 466 ἑαυτοῦ
1263 409 1524 483 πολέμιον,
1582 404 1734 481 ἡμεῖς
1786 404 1838 461 δι

1963 408 2345 467 habebimus.
2373 415 2550 470 nHaee
2588 414 2917 488 imperator
2945 416 3124 475 effata
3162 421 3534 495 approbavit,
3554 429 3611 482 et

247 505 379 577 ὑπέρ
410 507 604 557 εαυτῶν
646 512 742 566 τῆς
780 503 1023 565 άληθιὶας
1057 507 1149 555 καὶ
1208 509 1303 554 τοῦ
1363 498 1575 552 δικαίου
1617 500 1849 573 ὑπερμα-

245 597 496 665 χόμενον,
533 615 563 643 »
590 594 747 646 Ταῦτ’
784 595 1010 665 εἴπομεν,
1041 596 1129 644 καὶ
1156 592 1183 643 6
1224 588 1476 663 βασιλεὺς
1532 593 1640 650 τοῖς
1687 586 1850 658 λελεγ-

245 686 419 755 μένοις
491 690 759 755 συνῇνεσι.
833 687 934 735 Καὶ
995 679 1332 755 ῦποστρὲφειν
1391 681 1522 753 πρὸς
1576 679 1671 739 τὰς
1723 694 1851 733 σκη-

244 773 343 835 νὰς
402 770 797 845 ἐφωρμήκαμεν.
859 771 953 834 νὺξ
1015 772 1117 844 γὰρ
1183 765 1314 829 ἤδη.
1358 767 1493 822 Ἀλλ’
1559 768 1590 825 ἡ
1663 765 1847 823 σελήνη

243 859 567 922 πανσέληνος
609 860 745 914 οὖσα
800 869 901 934 φῶς
957 864 1082 932 ἡμῖν
1140 860 1392 933 παρεῖχεν
1457 860 1601 929 ὸρᾷν·
1666 857 1769 909 Καὶ
1822 855 1849 905 6

245 948 499 1023 βασιλεύς
527 945 883 1021 διερχόμενος,
912 969 940 999 ››
977 952 1040 1001 Τί
1077 947 1199 1020 ύμῖν
1237 946 1379 1019 ροκεὶ
1424 949 1541 1017 περὶ
1586 946 1685 997 τῶν
1712 942 1848 996 λελε-

241 1041 447 1111 γμένων
481 1053 494 1105 ;
523 1058 553 1087 ››
590 1037 739 1098 αὖθις
774 1042 973 1113 ἠρώτα.
1010 1042 1111 1090 Καὶ
1165 1041 1312 1108 ἡμεῖς
1350 1056 1378 1084 ››
1433 1037 1609 1107 φευρές
1670 1040 1845 1102 τοῦτο,

241 1125 289 1200 ᾧ
320 1127 562 1201 βασιλεῦ.
587 1149 615 1178 ››
649 1135 814 1182 Τοῦτο
837 1124 897 1180 δὲ
926 1127 1031 1200 οὐχ
1060 1127 1220 1193 ἅπαξ,
1262 1122 1387 1178 ούδὶ
1420 1123 1504 1187 δίς
1532 1126 1562 1184 ἦ
1590 1143 1681 1176 και
1710 1128 1845 1196 τρίς,

241 1216 380 1270 ἀλλά
441 1222 532 1269 καὶ
585 1217 827 1278 πολλάκις
926 1220 1210 1289 πυθόμενος
1279 1212 1361 1275 ἧν.
1432 1219 1534 1269 Καί
1570 1215 1717 1287 ἡμεῖς
1753 1216 1848 1275 τὰς

239 1304 556 1377 οἱποκρῖσεις
593 1305 648 1370 έξ
720 1313 841 1359 ῖσου
904 1310 1031 1381 πρὸς
1093 1308 1187 1368 τὰς
1241 1308 1452 1366 πεύσεις
1509 1307 1849 1364 πεποιηκότες

239 1396 569 1467 ὶσιωπῶμεν.
610 1394 673 1447 Ὀ
732 1392 792 1448 δὲ
843 1398 934 1448 καὶ
982 1394 1136 1447 πάλιν
1192 1399 1393 1469 ἠρώται
1444 1394 1584 1447 Ἐπεὶ
1633 1388 1694 1445 δὲ
1729 1396 1847 1452 τοὺς

239 1483 434 1547 ἄλλους
472 1490 725 1556 σιγῶντας
758 1487 909 1558 έὼρα,
951 1487 1081 1558 πρὸς
1120 1503 1183 1555 με
1219 1487 1307 1537 τὸν
1370 1482 1520 1554 λόγον
1586 1483 1843 1555 άποστρέ-

240 1594 348 1648 φας
370 1578 627 1647 ἠρώτηκε,
671 1594 699 1623 ››
737 1577 803 1625 Σύ
832 1569 891 1627 δε
923 1578 975 1625 τί
1014 1577 1114 1646 φής
1147 1576 1278 1645 πρὸς
1310 1579 1477 1624 ταῦτα
1516 1588 1529 1626 :
1568 1593 1589 1620 ι
1632 1575 1719 1629 τὴν
1749 1577 1842 1623 τοῦ

240 1666 488 1737 οφφικίου
527 1661 715 1721 κλῆσιν
752 1664 1017 1737 προσθείςο
1092 1682 1120 1713 η
1182 1664 1243 1715 Ἦ
1308 1662 1526 1718 τοιαύτη
1593 1661 1843 1723 ύπόθεσις

1963 497 2218 571 quisque
2245 505 2515 558 nostrum
2546 503 2623 560 ad
2658 505 2911 561 tentoria
2958 510 3235 579 progredi
3301 519 3561 585 coeperat
3592 534 3605 573 :

1959 600 2224 659 namque
2246 604 2365 643 nox
2388 591 2592 647 omnia
2630 600 3046 665 occupaverat,
3088 596 3221 653 licet
3249 597 3393 655 luna
3431 601 3609 672 plena

1918 673 2183 732 lumine
2208 678 2597 736 collustraret.
2648 683 2976 755 Imperator
3040 685 3176 741 dein
3239 691 3605 761 praeteriens,

1955 781 2198 822 rursum
2230 783 2342 824 nos
2365 769 2735 837 sollicitare,»
2774 774 2918 846 quid
2973 775 3150 831 nobis
3178 778 3253 833 de
3309 781 3608 851 praedictis

1956 854 2276 912 videretur.
2316 879 2337 907 ι
2364 860 2429 913 Et
2453 875 2641 926 nos;»
2673 861 3041 919 Mendacium
3074 866 3188 922 hoc
3219 872 3326 933 est,
3352 869 3607 941 impera-

1956 947 2069 1000 tor.
2102 966 2130 995 ››
2160 948 2226 1001 Ει
2248 946 2362 1003 hoc
2390 963 2513 1002 non
2536 947 2632 1004 bis
2670 956 2773 1005 aut
2800 956 2906 1019 ter,
2936 953 3037 1009 sed
3081 956 3408 1027 saepissime
3433 958 3610 1014 inter-

1956 1033 2231 1103 rogabat.
2274 1038 2337 1092 Et
2372 1051 2486 1092 nos
2525 1053 2707 1110 porro
2745 1042 3237 1113 responsionibus
3276 1046 3604 1119 interroga-

1956 1122 2217 1181 tionibus
2270 1141 2343 1181 ex
2390 1143 2566 1199 equo
2617 1129 3042 1187 satisfacientes
3092 1133 3462 1192 tacebamus.
3505 1137 3604 1194 Ille

1954 1227 2194 1270 rursum
2226 1215 2583 1287 compellare
2649 1218 2822 1289 138
2855 1219 2965 1276 Sed
3031 1226 3277 1278 caeteros
3333 1224 3603 1283 obmute-

1957 1307 2187 1359 scentes
2217 1303 2465 1361 intuitus
2486 1306 2564 1361 ad
2592 1322 2685 1362 me
2712 1314 3062 1365 convertens
3082 1313 3413 1369 orationem
3436 1315 3563 1372 inﬁt
3587 1334 3601 1372 :

1955 1414 1983 1441 »
2002 1395 2085 1447 Tu
2103 1408 2282 1463 porro
2307 1394 2455 1466 quid
2488 1396 2565 1452 ad
2588 1396 2718 1452 hinc
2738 1397 2886 1452 dicis
2901 1398 2929 1453 ?
2946 1421 2974 1449 «
2995 1403 3050 1455 et
3074 1401 3303 1457 nomini
3336 1402 3602 1461 ofﬁcium

1954 1481 2213 1538 addidit.
2248 1504 2276 1532 ιδ
2302 1485 2420 1539 Hoc
2450 1486 2755 1555 negotium
2781 1498 2858 1543 ad
2873 1492 2924 1542 te
2948 1494 3194 1560 spectat,
3228 1496 3397 1548 ettua
3425 1495 3604 1564 potis-

1953 1570 2172 1626 simum
2202 1571 2465 1628 interest.
2485 1594 2511 1622 ››
2544 1576 2675 1629 Haec
2687 1582 2887 1631 autem
2914 1577 3210 1633 irascendi
3225 1579 3334 1635 sibi
3356 1596 3603 1638 causam

1954 1674 2285 1731 procurans
2300 1660 2555 1719 dicebat.
2574 1666 2721 1720 Tum
2747 1681 2888 1735 ego:
2909 1687 2937 1715 »
2960 1668 3232 1732 Quanam
3256 1685 3440 1725 causa
3467 1686 3605 1727 mea

243 1756 333 1804 σοὶ
362 1755 623 1825 ἁρμόττει,
663 1756 753 1804 καὶ
790 1754 859 1814 ὡς
891 1756 956 1810 σὴ
998 1753 1288 1810 καθὶστηκε
1325 1753 1579 1824 μάγιστα.
1616 1771 1645 1801 ››
1675 1753 1838 1806 Ταυτὶ

1954 1749 2194 1806 interest
2220 1750 2317 1807 ?Si
2344 1750 2591 1809 ﬁdeliter
2608 1754 2932 1827 scripturas
2962 1771 3083 1811 non
3110 1762 3422 1813 exsecutus
3443 1775 3600 1816 sum.

242 1838 313 1895 δί
364 1841 498 1913 ἔλεγε
546 1845 809 1915 πρόφασιν
875 1840 1033 1915 ὀργῆς
1091 1841 1263 1901 ζητῶν
1329 1840 1574 1914 ἐφευρεῖν.
1651 1838 1749 1892 Ἦν
1789 1835 1838 1892 δ’

240 1930 369 2002 ἐγὼ,
405 1950 433 1980 ν
463 1935 608 1991 Τίνος
627 1932 790 2005 χάριν
827 1932 969 1983 ὶστίν
1007 1928 1101 2003 έμῆ
1147 1947 1162 1997 ;
1196 1930 1240 1983 εἰ
1276 1932 1378 2004 γάρ
1436 1933 1508 2002 μη
1549 1927 1713 1989 καλῶς
1742 1948 1839 1981 πε-

240 2025 443 2079 ποίηκα
477 2021 568 2081 τὰς
604 2022 808 2094 γραφὰς
855 2024 944 2072 καὶ
991 2014 1328 2094 τοὺςνὸρκους
1390 2018 1645 2085 τετέλεκα,
1702 2013 1841 2090 μηδὲ

240 2114 613 2186 προσηκόντως
652 2109 806 2161 αὐτόν
858 2128 912 2162 τε
949 2114 1040 2162 καὶ
1078 2112 1200 2172 τοὺς
1255 2108 1379 2183 ἀμφ’
1440 2108 1596 2161 αὐτὸν
1652 2111 1841 2180 ῳκονὸ-

243 2205 410 2272 μηκᾶ,
454 2198 665 2271 σφάλμα
700 2205 851 2252 τοῦτο
910 2197 1029 2272 ἐμόν
1082 2204 1173 2252 καὶ
1223 2205 1465 2271 πταῖσμα
1528 2202 1745 2271 μακρόν.
1782 2202 1841 2250 Ei

246 2286 310 2342 δι
367 2293 660 2363 πρεπόντως
726 2296 891 2341 ταῦτα
950 2293 1225 2361 γεγένηται
1287 2292 1378 2341 καὶ
1432 2290 1501 2351 ὡς
1526 2287 1620 2340 οὐκ
1678 2285 1842 2348 ἄλλως

244 2377 433 2452 ἔχρῆν,
464 2382 517 2431 τί
545 2381 672 2453 πρὸς
700 2377 789 2451 ἔμε
825 2380 891 2430 τὰ
918 2378 1044 2453 παρ’
1107 2378 1299 2431 ἐκείνου
1359 2381 1489 2451 πρὸς
1547 2376 1841 2450 ἀνατροπὴν

245 2474 347 2517 τῶν
384 2470 724 2538 γεγενημενων
771 2465 1046 2539 τελούμενα
1085 2484 1099 2533 ;
1136 2487 1164 2517 ››
1228 2471 1329 2519 Καὶ
1386 2468 1412 2519 6
1475 2463 1719 2539 βασιλεὺς
1746 2467 1841 2517 οὐκ

249 2551 358 2607 οἷδ’
386 2554 524 2617 ὃπως
584 2556 691 2626 (τὴν
748 2556 851 2628 γάρ
932 2556 1101 2608 αἰτίαν
1169 2558 1414 2630 είρὴκειν)
1472 2555 1624 2607 πάλιν
1684 2554 1836 2627 λέγει,

250 2667 282 2696 ››
312 2649 377 2698 Τί
405 2649 506 2718 φης
531 2650 646 2721 περὶ
665 2652 765 2697 τῶν
791 2649 1036 2698 τοιούτων
1066 2662 1079 2712 ;
1127 2668 1148 2696 ι
1185 2650 1288 2700 Καὶ
1335 2646 1489 2708 αὐτὸς
1531 2688 1548 2715 ,
1582 2669 1611 2696 ››
1644 2646 1839 2698 Ηολλά-

244 2753 328 2797 κις
355 2735 595 2809 εἰρήκειν,
625 2734 918 2806 ὦϐασιλεῡ,
980 2740 1049 2797 ὡς
1069 2735 1154 2788 ἐπὶ
1212 2735 1362 2793 πλέον
1425 2740 1517 2808 μόι
1570 2732 1716 2789 δοκεῖ
1778 2739 1837 2788 τὸ

241 2823 509 2899 εἰρημένον
533 2821 743 2895 ψευδὶς,
793 2823 872 2877 ἔπ’
916 2823 1125 2877 ἔλαττον
1176 2821 1236 2878 δι
1288 2825 1488 2887 α’ληθές.
1533 2828 1602 2878 Τό
1652 2822 1712 2878 δὲ
1754 2824 1837 2878 ἐπὶ

237 2919 349 2974 τοῖς
378 2909 593 2975 ἀδήλοις
624 2912 851 2988 ἀκριϐῶς
882 2912 1261 2986 ἀποφαίνεσθαι
1325 2917 1386 2967 οὗ
1423 2933 1512 2984 μοι
1540 2910 1685 2967 δοκεῖ
1712 2916 1837 2990 ρᾲον

231 2999 392 3060 dm.
428 3024 450 3052 ι
485 3007 554 3055 Ἦ
584 3000 640 3055 δ’
678 2998 886 3070 εκεῖνος,
922 3025 950 3053 ››
990 3004 1072 3056 Ἐν
1111 3002 1219 3062 τοῖς
1258 3000 1479 3064 άδῆλοις
1519 3007 1629 3056 έστὶ
1675 3008 1837 3077 χάρις

235 3087 465 3165 βεδαίως
528 3095 618 3145 καὶ
679 3090 881 3154 ἀληθῶς
942 3091 1321 3164 ἀποφαίνεσθαι
1355 3108 1368 3120 ⁸

237 3177 422 3243 δήλοις
449 3185 538 3233 καὶ
567 3183 618 3233 οἱ
645 3176 883 3253 ἀείδαροι
910 3179 1171 3252 λέγουσιν.
1210 3200 1237 3231 »
1266 3180 1363 3233 Ἦν
1399 3178 1448 3233 δ’
1476 3184 1598 3253 ἐγὼ,
1636 3203 1663 3233 »
1698 3180 1837 3236 ’ἰδού

236 3273 498 3345 μετὰτῶν
537 3268 794 3344 ἀειδάρων
832 3274 922 3323 καὶ
982 3273 1133 3344 ἡμεῖς
1199 3273 1606 3345 συντετάγμεθαο
1670 3298 1694 3325 ε
1743 3279 1841 3327 Καὶ

236 3362 267 3413 6
299 3359 536 3422 ϐάσιλεύς
571 3360 736 3432 χόλου
766 3360 1020 3421 πλησθεὶς
1059 3362 1079 3396 ²
1113 3381 1142 3410 »
1183 3364 1248 3413 Σὺ
1268 3362 1483 3415 πάντονε
1510 3362 1652 3421 ἦσθα
1685 3385 1707 3413 ε
1746 3366 1839 3436 ἔφη

241 3452 470 3525 »μωρὸς
530 3455 620 3503 καὶ
683 3449 873 3525 ἀρτίως
926 3448 1080 3502 πάλιν
1146 3453 1338 3523 μωρὸς.
1419 3473 1447 3501 υ
1514 3451 1633 3505 ’Καὶ
1693 3453 1841 3515 αὐτὸς

238 3535 400 3592 οὐδέν
424 3558 477 3591 τι
513 3538 663 3592 πλέον
700 3541 775 3611 μὰ
811 3543 933 3600 τοὺς
969 3537 1155 3610 λόγους
1194 3537 1595 3615 ἀνταπεκρίθην,
1637 3541 1744 3594 ἀλλ’
1782 3546 1838 3609 ἤ,

243 3650 270 3679 ν
310 3627 441 3699 Ἐγώ
470 3631 559 3700 μέν
599 3628 705 3700 εἰμι
742 3630 935 3702 μωρὸς,
967 3632 1057 3680 καὶ
1096 3629 1179 3680 ἵνα
1218 3638 1419 3700 σιωπῶ,
1488 3634 1539 3682 οἰ
1596 3627 1656 3683 δὲ
1717 3650 1841 3705 φρο-

233 3721 446 3777 νοήντες
472 3716 808 3771 λαλείτωσαν.
850 3738 879 3768 n
918 3716 1073 3770 Ταῦτ’
1115 3714 1274 3787 εἷπον,
1313 3722 1403 3770 καὶ
1443 3718 1605 3791 ὀργῆς
1633 3720 1660 3771 6
1689 3719 1840 3773 ϐασι-

231 3807 352 3869 λεὺς
421 3805 637 3860 ἀπλέτου
717 3807 967 3869 πλησθεὶς
1047 3808 1263 3861 ἑλκύσαι
1322 3812 1413 3881 μὲν
1487 3811 1701 3885 ὥρμησε
1745 3815 1840 3870 τὴν

232 3898 452 3955 σπάθην
534 3904 624 3950 τοῦ
702 3897 914 3951 κουλεοῦ
937 3938 953 3965 ,
1047 3907 1143 3959 τῆς
1216 3903 1392 3959 κώπης
1457 3898 1837 3973 ἄπιλαϐόμενος.

228 3986 400 4043 Ἀλλὰ
434 3986 584 4040 τοῦτο
615 3989 704 4060 μὶν
742 3991 996 4061 κατέσχε·
1045 3992 1231 4063 μικρόν
1292 3990 1394 4064 γὰρ
1459 3992 1651 4047 ταύτην
1715 3990 1840 4042 ἀπο-

225 4082 514 4149 γυμνώσας
564 4076 719 4129 πάλιν
754 4077 929 4140 εἰσῆξε
966 4094 978 4109 ⁸
1021 4076 1093 4149 τῷ
1157 4077 1364 4150 μεγάλῳ
1414 4074 1473 4131 δὲ
1541 4076 1838 4152 δομεστίκῳ

224 4170 398 4219 αὐτου
427 4174 499 4237 τῷ
520 4166 829 4228 Μουζάλωνι
896 4164 1212 4242 Ἀνδρονίκῳ
1275 4166 1583 4221 καταϐαλεῖν
1644 4188 1707 4241 με
1744 4168 1835 4222 τού

224 4258 400 4309 ἵππου
422 4256 753 4329 προσέταξεν.
800 4262 900 4310 Καὶ
942 4258 998 4319 ὃς
1029 4256 1196 4332 ἠρέμα
1223 4276 1331 4319 πως
1356 4260 1518 4330 ﬁgam:
1576 4257 1837 4316 Ἕκστηθι

225 4352 333 4405 τῆς
372 4341 695 4419 ἑφεστρὶδος.
740 4365 770 4395 ››
817 4351 917 4399 Καὶ
983 4346 1137 4409 αὐτὸς
1198 4345 1395 4405 άπέϐην
1453 4354 1547 4409 τῆς
1592 4349 1830 4420 ἡμιόνου.

1952 1854 2063 1895 nec
2079 1839 2505 1911 jusjurandum
2531 1843 2812 1914 persolvi,
2837 1860 3032 1917 neque
3053 1850 3137 1901 uti
3167 1863 3278 1918 par
3304 1852 3428 1903 erat
3456 1848 3603 1905 illud

1951 1933 2007 1985 et
2044 1945 2180 2001 quae
2231 1930 2391 1986 circa
2445 1931 2591 1986 illud
2654 1936 2999 2004 pertractari
3062 1935 3254 1991 solent
3309 1935 3600 2010 disposui,

1950 2034 2114 2075 error
2138 2018 2233 2074 hic
2263 2020 2509 2091 quidem
2542 2037 2713 2077 meus
2744 2028 2799 2078 et
2837 2023 3188 2095 imprudens
3220 2024 3397 2098 culpa
3427 2026 3603 2083 fuerit

1949 2106 2173 2162 Verum
2201 2108 2249 2163 si
2270 2108 2399 2164 haec
2442 2110 2524 2164 uti
2569 2110 2782 2182 decuit,
2841 2115 2897 2167 et
2947 2113 3199 2179 ratione,
3266 2130 3388 2187 qua
3453 2113 3602 2171 nihil

1948 2196 2185 2263 melius,
2228 2196 2505 2253 absoluta
2543 2204 2697 2270 sunt,
2769 2201 3100 2272 quomodo,
3169 2218 3303 2274 quae
3362 2202 3461 2258 ille
3520 2202 3600 2259 ad

1948 2286 2340 2342 evertendum
2377 2302 2513 2359 quae
2553 2288 2823 2345 confecta
2862 2294 3001 2345 sunt
3053 2290 3398 2362 meditatur,
3464 2307 3601 2348 mea

1948 2380 2226 2448 poterunt
2253 2377 2538 2432 interesse
2562 2377 2591 2432 ?
2622 2398 2650 2427 »
2685 2381 2751 2434 Et
2778 2378 3106 2450 imperator
3133 2396 3371 2435 rursum
3398 2381 3598 2437 nescio

1947 2466 2259 2538 quomodo
2272 2469 2561 2539 (namque
2574 2483 2822 2523 causam
2837 2468 3114 2540 exposui)
3125 2469 3328 2527 denuo
3344 2470 3596 2542 profert:

1948 2557 2139 2621 xQuid
2169 2556 2295 2628 ipse
2327 2556 2515 2611 dehis
2540 2557 2722 2613 sentis
2749 2559 2777 2614 ?
2810 2560 2998 2614 »'l‘um
3030 2573 3142 2629 ego
3177 2576 3190 2613 :
3230 2582 3258 2610 ‹‹
3288 2564 3359 2615 At
3378 2561 3599 2633 saepius

1948 2644 2160 2701 effatus
2190 2661 2323 2701 sum
2358 2646 2494 2719 plus
2532 2646 2592 2702 in
2634 2663 2696 2703 se
2735 2647 3034 2703 mendacii
3094 2665 3281 2720 quam
3341 2650 3601 2706 veritatis

1945 2734 2111 2808 quod
2141 2735 2573 2801 circumtertur,
2612 2736 2674 2791 in
2715 2752 2778 2791 se
2812 2739 3113 2793 continere
3156 2756 3169 2803 ;
3211 2744 3267 2793 et
3304 2738 3366 2793 in
3400 2738 3600 2795 dubiis

1946 2825 2235 2897 exquisite
2274 2825 2629 2882 sententiam
2667 2825 2838 2895 ferre,
2904 2842 3028 2883 non
3089 2827 3172 2883 ita
3235 2827 3407 2883 facile
3453 2828 3599 2883 mihi

1945 2913 2253 2970 videtur.)
2295 2914 2619 2986 Respondit
2644 2913 2739 2969 ille
2773 2932 2786 2969 :
2832 2915 2945 2971 Sed
2986 2916 3048 2970 in
3088 2915 3285 2971 dubiis
3324 2931 3461 2971 vere
3526 2931 3599 2970 ac

1944 3002 2195 3058 ﬁrmiter
2218 3004 2547 3071 enuntiare,
2578 3002 2640 3058 id
2675 3003 2984 3074 prudentis
3008 3009 3095 3058 est
3124 3021 3137 3058 :
3161 3004 3235 3059 de
3265 3003 3596 3059 manifestis

1428 3090 1512 3146 ἐπὶ
1574 3096 1675 3169 γὰρ
1733 3101 1838 3156 τοῖς

1948 3093 2172 3166 quippe
2201 3098 2258 3148 et
2279 3093 2429 3148 asini
2455 3092 2988 3165 pronuntiaverint.
3015 3114 3042 3143 »
3064 3095 3211 3148 Tum
3230 3107 3341 3161 ego
3368 3108 3381 3147 :
3413 3115 3441 3142 ››
3462 3093 3595 3149 1am

1950 3188 2006 3238 et
2034 3198 2147 3237 nos
2187 3181 2337 3237 inter
2373 3183 2574 3237 asinos
2615 3180 2999 3236 collocamur.
3076 3203 3104 3232 »
3148 3184 3214 3238 Et
3272 3181 3597 3254 imperator

1948 3272 2036 3327 ira
2055 3270 2487 3337 inﬂammatus,
2517 3293 2546 3321 «
2567 3272 2650 3326 Tu
2672 3286 2928 3341 semper,
2953 3293 2981 3321 «
3015 3270 3116 3340 ait,
3141 3292 3169 3321 »
3212 3271 3375 3327 haud
3412 3286 3597 3326 sanus

1948 3359 2182 3433 ineptis,
2214 3364 2272 3416 et
2303 3376 2463 3415 nunc
2484 3375 2726 3432 quoque
2754 3359 2990 3432 ineptis.
3031 3380 3061 3409 »
3093 3363 3245 3432 Ipse,
3277 3376 3387 3416 nec
3410 3359 3592 3432 aliud,

1948 3451 2031 3507 ita
2057 3466 2151 3505 me
2181 3465 2487 3505 sermones
2513 3449 3031 3522 ament,respondi
3052 3467 3068 3506 :
3091 3455 3201 3506 »Αἰ
3225 3465 3335 3521 ego
3348 3451 3597 3523 quidem

1948 3540 2191 3612 ineptio,
2234 3539 2491 3609 ideoque
2521 3537 2817 3593 silentium
2858 3543 2946 3594 est
2982 3539 3129 3595 mihi
3167 3545 3183 3595 ξ
3225 3539 3330 3612 qui
3357 3541 3598 3613 sapiunt

1950 3630 2068 3702 ipsi
2131 3628 2474 3700 loquantur.
2520 3649 2547 3677 »
2568 3628 2859 3683 Dixeram.
2903 3627 3229 3700 Imperator
3265 3628 3597 3687 incredibili

1951 3725 2129 3791 atque
2153 3718 2336 3774 atroci
2361 3718 2963 3790 percitusiracundia,
2991 3719 3148 3774 ensis
3169 3720 3386 3792 capulo
3412 3736 3598 3778 manu

1951 3824 2315 3881 compresso,
2385 3809 2605 3878 vagina
2658 3808 2933 3877 detegere
2970 3813 3173 3867 tentat.
3213 3809 3327 3865 Sed
3366 3817 3597 3867 motum

1950 3903 2314 3970 temperat,et
2324 3913 2493 3970 quem
2514 3897 2818 3970 paululum
2835 3902 3121 3953 retexerat
3138 3899 3596 3969 ensem,vaginaa

1956 3991 2129 4062 139
2156 3988 2367 4044 reddit.
2400 3990 2537 4043 Dein
2596 4003 2821 4057 magno
2872 3987 3201 4043 domestico
3255 3987 3596 4045 Andronico

1948 4079 2233 4134 Muzaloni
2265 4093 2360 4133 me
2390 4077 2464 4132 de
2505 4093 2660 4149 equo
2698 4077 2951 4147 dejicere
2990 4077 3265 4148 imperat.
3313 4072 3411 4131 Ille
3447 4093 3595 4132 voce

1948 4168 2277 4235 submissa,
2312 4189 2340 4217 «
2366 4166 2605 4231 Secede,
2636 4187 2664 4214 ››
2690 4165 2787 4235 ait,
2830 4186 2858 4217 ‹
2884 4181 3050 4237 sago.
3084 4187 3104 4213 ι
3139 4168 3261 4235 Ego
3296 4164 3462 4221 mula
3496 4165 3595 4222 de-

1948 4257 2173 4313 scendi.
2204 4259 2365 4312 Tune
2394 4255 2656 4328 optimus
2686 4270 2828 4324 erga
2856 4269 2966 4309 nos
2989 4255 3336 4326 imperator,
3368 4270 3479 4310 nos
3493 4255 3597 4327 qui

1946 4347 2138 4403 multa
2176 4363 2212 4402 a
2251 4351 2419 4418 patre
2459 4360 2569 4400 suo
2634 4344 2725 4399 sui
2788 4344 2977 4413 gratia
3051 4359 3266 4417 aspera
3330 4345 3597 4416 perpessi

229 4436 301 4487 Ὀ
332 4431 392 4487 δὲ
428 4440 793 4509 χρηστότατος
828 4440 948 4508 περὶ
985 4437 1124 4508 ἡμᾶς
1186 4434 1427 4497 ϐασιλεὺς
1492 4441 1609 4498 τοὺς
1672 4437 1835 4490 πολλὰ

1948 4453 2187 4494 eramus
2216 4481 2230 4506 ,
2256 4442 2318 4492 ut
2349 4435 2548 4507 palam
2607 4450 2886 4506 saepeque
2942 4433 3149 4489 multis
3216 4434 3595 4491 audientibus

226 4527 369 4597 πρὸς
387 4531 478 4577 τοῦ
500 4527 692 4599 πατρὸς
732 4524 890 4577 αὐτοῦ
954 4521 1022 4576 δι’
1080 4525 1237 4578 αὐτὸν
1298 4527 1639 4589 πεπόνθότας,
1694 4530 1758 4588 ὡς
1786 4526 1834 4579 ἒν

227 4611 408 4683 πολλῷ
432 4611 619 4672 πλήθει
648 4618 739 4666 καὶ
766 4611 1008 4675 πολλάκις
1062 4610 1367 4690 διαπρυσὶῳ
1404 4614 1535 4678 ἔλεξε
1563 4623 1625 4688 τῇ
1670 4624 1832 4689 φωνῇ,

232 4703 306 4764 ὧς
340 4724 368 4753 ››
397 4702 599 4756 Πολλῶν
624 4723 715 4776 μοι
753 4710 920 4765 αῖτιος
978 4705 1183 4776 άγαθῶν
1253 4700 1403 4766 οὗτος
1468 4709 1492 4756 ό
1567 4704 1836 4778 ἅνθρωπος

228 4796 624 4866 γέγονε,»περὶ
656 4801 750 4856 τῆς
801 4792 1016 4865 λογικῆς
1072 4795 1283 4865 φάσκων
1339 4790 1604 4860 παιδεὶας,
1655 4793 1835 4867 [1³27]

232 4903 265 4933 ιι
308 4886 399 4933 καὶ
450 4880 647 4934 πολλῶν
704 4881 967 4956 ὀφειλέτης
1032 4886 1197 4955 τούτῳ
1258 4884 1528 4954 τυγχάνω,
1602 4904 1622 4931 ι
1686 4879 1834 4935 δυοῖν

230 4975 603 5046 κορυνοφόροιν
638 4971 953 5045 προσέταξεν
983 4973 1194 5025 τύπτειν
1231 4990 1313 5044 με,
1351 4972 1522 5043 χθιζά
1578 4976 1669 5024 καὶ
1732 4975 1833 5045 πρὸ

230 5064 413 5135 τρὶτης
451 5063 667 5122 τούτους
732 5060 1131 5133 χειροτονήσας.
1200 5063 1266 5121 ὡς
1339 5064 1503 5113 εἴκοσι
1569 5064 1835 5135 τέσσαρας

230 5151 429 5213 πάντας
485 5153 573 5203 τόν
625 5151 865 5224 ἀριθμόν,
909 5149 1003 5202 οὐκ
1042 5146 1130 5203 οἶδ
1169 5152 1213 5202 εἰ
1251 5154 1321 5222 μὴ
1368 5146 1438 5202 δι’
1480 5152 1588 5223 ἐμὲ,
1649 5151 1711 5203 ἶν’
1752 5154 1828 5211 εἴη

230 5244 321 5292 κᾶὶ
364 5243 528 5299 σκηνὴ
573 5247 664 5293 τοῦ
704 5237 973 5315 δράματος
1001 5241 1075 5302 εἰς
1111 5235 1410 5313 τραγῳδίαν
1484 5244 1829 5314 μεμορφωμέ-

230 5348 313 5387 νη.
349 5336 449 5384 Καὶ
488 5332 537 5383 οἱ
576 5332 666 5402 μὶν
729 5332 967 5397 ἔτυπτον,
1034 5327 1134 5401 ἐγὼ
1201 5325 1260 5381 δὲ
1323 5332 1444 5400 σιγή
1508 5332 1595 5389 τὰς
1650 5329 1827 5401 τύψεις

229 5416 530 5488 ἐλάμϐανον.
595 5417 661 5472 ⁶Ὀ
726 5423 816 5471 καὶ
875 5417 1065 5491 μᾶλλον
1126 5425 1306 5471 τοῦτον
1399 5417 1679 5491 ἐξέμαινεν,
1747 5422 1826 5471 ὅτι

229 5504 358 5579 μηδ’
396 5509 520 5571 ὅλως
567 5512 693 5585 πρὸς
736 5504 946 5570 δεήσεις
982 5510 1291 5581 κάμπτομαι
1329 5512 1418 5561 καὶ
1456 5507 1820 5581 πληττόμενος.

230 5601 353 5653 Επεὶ
392 5594 452 5654 δὲ
490 5598 675 5664 πολλάς
720 5599 856 5651 κατὰ
879 5600 1071 5661 παντὸς
1100 5593 1354 5671 ἐδεξάμην
1420 5604 1512 5650 τοῦ
1578 5602 1819 5670 σώματος

1947 4527 2277 4583 clarissima
2292 4542 2437 4581 voce
2457 4530 2705 4581 testatus
2728 4530 2816 4580 est
2839 4525 3031 4579 virum
3054 4524 3233 4596 hunc,
3260 4541 3355 4580 me
3376 4540 3595 4596 nempe

1945 4617 2302 4685 intelligens,
2349 4616 2511 4671 bona
2565 4614 2675 4670 sibi
2732 4613 2993 4687 plurima
3063 4618 3418 4685 opportasse
3485 4628 3594 4685 pro

1944 4705 2261 4777 disciplina
2290 4704 2502 4774 logica,
2536 4720 2659 4775 qua
2688 4719 2825 4758 eum
2848 4703 3243 4769 institueram,
3274 4717 3383 4756 nec
3400 4716 3521 4756 non
3538 4705 3596 4756 et

1944 4793 2061 4849 alia
2117 4807 2240 4848 non
2292 4792 2508 4861 exigua
2562 4809 2627 4848 se
2683 4792 2902 4847 debere
2966 4789 3295 4857 confessus,
3353 4787 3593 4843 duobus

1943 4878 2255 4949 clavigeris
2276 4878 2402 4933 heri
2432 4879 2763 4935 autnudius
2778 4879 2999 4945 tertius,
3015 4876 3218 4933 nescio
3250 4891 3328 4931 an
3351 4879 3594 4948 propter

1942 4985 2060 5038 me,
2093 4973 2158 5024 ut
2185 4967 2472 5023 dramatis
2495 4981 2674 5023 scena
2708 4968 2767 5022 in
2784 4966 3139 5037 tragoediam
3178 4965 3257 5020 ad
3299 4964 3591 5021 amussim

1942 5061 2401 5123 converteretur,
2424 5055 2639 5123 electis,
2674 5060 2954 5112 eteorum
2983 5070 3237 5111 numero
3276 5055 3354 5111 ad
3382 5054 3593 5126 viginti

1939 5154 2195 5222 quatuor
2237 5146 2616 5215 ascendente,
2664 5145 3016 5202 verberibus
3071 5149 3352 5218 appetere
3384 5144 3589 5217 jussit.

1941 5238 2022 5294 Illi
2049 5237 2251 5309 itaque
2279 5235 2614 5302 verberare,
2643 5250 2754 5306 ego
2777 5234 3009 5291 silentio
3034 5234 3284 5292 verbera
3295 5234 3588 5307 excipere.

1940 5328 1999 5383 ld
2020 5326 2287 5396 magisin
2303 5325 2560 5381 furorem
2590 5324 2807 5395 agebat
2825 5324 3270 5396 imperatorem,
3293 5323 3459 5396 quod
3480 5339 3590 5379 nec

1934 5416 2280 5474 verberibus
2302 5432 2491 5471 caesus
2504 5414 2580 5471 ad
2596 5414 3059 5487 supplicationes
3091 5413 3445 5470 eﬂunderer.
3480 5412 3588 5468 Ubi

1933 5522 2074 5562 vero
2127 5504 2530 5572 frequentium
2591 5504 2906 5560 verberum
2973 5503 3185 5559 ictibus
3244 5502 3585 5558 universum

1931 5612 2151 5671 corpus
2175 5593 2569 5662 fmdaverant,
2594 5594 2687 5653 vix
2712 5592 2954 5649 tandem
2985 5607 3097 5663 ego
3126 5606 3274 5649 voce
3304 5588 3486 5649 debili
3513 5603 3583 5645 ac
