4042 6214
223 319 361 372 “53

221 437 704 512 ἀποπληρώσοντες,
763 437 883 510 ὅπερ
937 436 962 487 ὁ
1039 434 1284 508 βασιλεύς
1341 436 1575 496 Ἰωάννης
1628 437 1654 487 6
1727 442 1820 488 τοῦ
1847 434 1897 488 Α

223 527 592 602 βασιλεύοντος
642 529 816 598 πατὴρ
869 527 968 600 πρὸ
1033 530 1238 597 χρόνων
1284 534 1435 578 τινῶν
1478 530 1820 597 συμπεφώνη-

221 637 329 683 κεν,
357 619 383 668 6
408 619 498 688 μὲν
548 613 794 686 βασιλεὺς
841 609 1063 666 ἔσπευδε
1119 619 1212 673 τὴν
1275 614 1664 672 Θεσσαλονίκην
1729 634 1820 666 κα-

222 705 484 771 ταλαϐειν,
516 706 638 757 ἔνθα
664 707 754 755 καὶ
803 706 926 765 τοὺς
975 703 1173 776 λάμους
1231 713 1456 764 ποιῆσαι
1485 702 1818 777 βεϐούληται.

228 802 327 850 Καὶ
358 792 424 854 δή
455 813 548 866 περ
599 792 797 868 ἁπάραι
861 791 914 856 ἐξ
963 793 1118 869 οὗπερ
1177 796 1339 846 ἔκειτο
1389 799 1550 846 τόπου
1609 801 1700 856 τῆς
1755 793 1822 854 εἰς

225 890 319 945 τὴν
379 881 764 940 Θεσσαλονίκην
800 885 1057 957 φερούσης
1110 885 1320 942 ἣπτετο·
1371 884 1490 936 καθ’
1562 880 1686 936 ὁδὸν
1763 879 1822 934 δί

226 977 355 1050 μετὰ
409 981 499 1034 τῆς
553 980 645 1026 τοῦ
702 969 960 1025 δεσπότου
1017 973 1251 1044 συζύγου
1303 976 1398 1036 τὰς
1474 972 1824 1047 συμϐεϐάσεις

227 1063 406 1119 ἐποίει.
442 1062 500 1116 Ἠ
547 1065 636 1134 μὲν
695 1056 782 1113 οὖν
832 1068 922 1114 τοῦ
968 1057 1227 1114 δεσπότου
1289 1063 1515 1134 σύζυγος
1573 1060 1824 1138 Θεοδώροι

221 1158 315 1206 καὶ
369 1155 577 1205 ἄκουσα
633 1158 744 1213 τοῖς
791 1157 884 1202 τοῦ
958 1148 1213 1223 βασιλέως
1280 1151 1452 1223 λόγοις
1509 1157 1820 1226 συνήρχετο·

226 1241 370 1304 ἐντὸς
423 1243 523 1314 γάρ
582 1247 681 1291 τῶν
749 1237 940 1291 ἐκείνου
1001 1246 1194 1313 χειρῶν
1257 1236 1410 1306 οὖσα,
1470 1246 1560 1292 καὶ
1634 1247 1824 1314 μικρου

229 1327 338 1383 δεῖν
364 1332 429 1389 ὡς
468 1327 518 1380 ἐν
557 1329 732 1400 εἱρκτῆ
763 1329 1126 1399 τυγχάνουσα,
1159 1327 1253 1380 οὐκ
1281 1324 1396 1400 εἶχέ
1419 1348 1472 1380 τι
1521 1328 1642 1380 ἄλλο
1701 1325 1828 1400 δρᾶ-

228 1436 341 1472 σαι.
393 1421 770 1488 Συμπεφώνηκε
809 1422 936 1486 γοῦν
989 1411 1173 1468 δοῦναι
1251 1420 1382 1489 πρὸς
1459 1419 1545 1469 τὸν
1603 1413 1829 1490 βασιλέα

225 1509 287 1559 1'6
310 1508 536 1579 κάστρον
564 1507 632 1557 τὰ
668 1503 853 1579 Σέρϐια
914 1508 1004 1556 καὶ
1061 1509 1156 1556 σὺν
1209 1505 1352 1576 αὐτῷ
1390 1510 1480 1558 καὶ
1525 1509 1582 1558 τὸ
1633 1505 1830 1580 Δυρρά-

226 1615 352 1668 χιον
374 1597 505 1649 Ἐπὶ.
565 1595 769 1655 τούτοις
821 1598 911 1646 καὶ
958 1595 1104 1668 ὅρκοι
1184 1593 1451 1666 ἐγγράφως
1529 1593 1826 1668 προέϐησαν

225 1690 321 1738 καὶ
349 1683 718 1741 ἀπεστάλησαν
755 1685 886 1758 πρὸς
916 1687 1002 1735 τὸν
1044 1679 1308 1742 δεσπότην
1361 1683 1597 1754 Μιχαὴλ.
1639 1682 1698 1736 Ὀ
1745 1679 1826 1753 δὲ,

225 1777 254 1827 6
282 1793 440 1847 φησιν
467 1775 496 1831 ἠ
538 1777 778 1840 ποίησις,
805 1771 930 1824 ἑκὼν
971 1775 1174 1824 ἀέκοντί
1222 1791 1281 1844 γε
1336 1774 1482 1845 θυμῷ
1537 1779 1646 1836 τοῖς
1695 1775 1828 1846 ὠμο-

227 1868 440 1937 σμένοις
470 1860 730 1924 ξυνῆλθεν*
767 1864 966 1932 ηὔχετο
1018 1861 1066 1896 ³⁵³
1122 1863 1220 1934 γὰρ
1281 1859 1682 1935 ἕλευθερωθῆναι
1736 1867 1823 1914 καὶ

223 1954 353 2028 παρ’
383 1953 538 2005 αὐτὸν
571 1952 812 2022 γενέσθαι
861 1955 951 2002 καὶ
991 1953 1079 2002 τὸν
1126 1952 1238 2002 υἱὸν
1286 1955 1376 2003 καὶ
1431 1955 1525 2010 τὴν
1575 1953 1825 2023 σύζυγον.

227 2046 316 2098 Ἐν
345 2049 454 2104 τοῖς
505 2043 760 2102 τοιούτοις
815 2048 914 2091 τῶν
965 2039 1129 2110 λόγων
1184 2042 1209 2091 6
1259 2038 1510 2112 βασιλεὺς
1565 2040 1698 2114 κάμὲ
1741 2049 1832 2102 τῆς

228 2130 296 2196 ἧς
322 2131 464 2205 εἶχον
518 2129 880 2204 ἐκμοχλεύσας
913 2126 1254 2203 στερρότητος
1301 2127 1644 2204 ἐχειρώσατο·
1682 2130 1840 2193 Ἐξα-’

230 2221 508 2282 ποστεί).ας
557 2223 659 2293 γὰρ
712 2222 797 2272 τὸν
848 2221 978 2293 πρὸς
1028 2220 1244 2271 πάππου
1307 2219 1466 2271 αὐτοῦ
1540 2222 1670 2273 θεῖον
1744 2225 1831 2274 τὸν

234 2315 509 2387 Λάσκαριν
567 2308 816 2366 Μανουὴλ
866 2313 957 2360 καὶ
1017 2311 1104 2360 τὸν
1192 2307 1664 2384 πρωτοϐεστιάριον
1745 2315 1832 2363 τὸν

237 2401 566 2462 Μουζάλωνα
594 2403 846 2472 Γεώργιον
883 2397 1078 2471 ἱλαροῖς
1116 2402 1206 2450 καὶ
1252 2396 1435 2460 ἁπλοῖς
1479 2417 1618 2450 τισιν
1671 2397 1836 2473 ἐχρη-

241 2510 372 2544 σατο
408 2489 580 2560 λόγοις
604 2491 694 2539 καὶ
724 2506 787 2559 με
818 2485 937 2556 εἷλε,
988 2491 1077 2538 καὶ
1118 2489 1247 2559 πρὸς
1300 2486 1455 2538 αὐτὸν
1503 2489 1552 2539 οὶ
1604 2486 1835 2540 ἀποστα-

239 2581 404 2640 λέντες
435 2577 722 2649 ὰπηγαγον.
757 2581 856 2630 Καὶ
879 2583 1004 2648 γοῦν
1034 2581 1265 2648 προσιὼν
1311 2584 1384 2648 τῷ
1444 2575 1677 2650 βασιλεῖ,
1743 2585 1834 2632 καὶ

243 2673 314 2732 ὡς
371 2670 482 2730 ἔθος
534 2665 703 2728 κλίνας
775 2669 870 2723 τήν
947 2664 1190 2736 κεφαλὴν,
1275 2669 1592 2741 μακρότερον
1654 2669 1830 2725 ἔστην.

1859 1554 1901 1608 Β

1731 309 2072 369 ANNALES.

3437 323 3574 378 1154

1929 435 2256 509 Imperator
2276 437 2352 493 ad
2369 437 2578 494 urbem
2591 439 3098 514 Thessalonicam,
3120 445 3179 498 in
3194 460 3319 516 qua
3335 446 3576 517 nuptias

1929 526 2224 580 adornare
2281 527 2644 595 decreverat,
2699 533 3060 603 properavit,
3120 533 3369 605 jamque
3447 534 3578 590 loco

1930 614 2176 671 abierat.
2213 615 2531 672 Discedens
2569 619 3094 678 Thessalonicense
3119 624 3226 678 iter
3254 624 3580 694 ingreditur

1931 713 1985 759 et
2013 703 2163 759 inter
2201 704 2468 761 eundum
2513 710 2823 778 pactiones
2878 727 3016 765 cum
3083 715 3347 783 despotae
3396 729 3579 769 uxore

1931 792 2155 848 adibat.
2191 796 2462 866 Despotae
2499 811 2652 851 uxor
2688 798 2998 855 Theodora
3041 799 3176 856 licet
3219 801 3402 858 invita
3442 819 3581 858 cum

1929 881 2288 954 imperatore
2321 884 2746 952 concordabat,
2779 887 3002 960 quippe
3028 904 3163 961 quae
3193 889 3252 944 in
3299 891 3582 947 manibus

1931 970 2061 1042 ejus
2090 987 2229 1027 cum
2258 977 2431 1038 esset,
2480 977 2715 1030 tantum
2765 991 2888 1030 non
2942 978 3164 1032 carceri
3215 979 3580 1051 mancipata,

1932 1059 2096 1115 aliud
2167 1076 2344 1132 agere
2416 1062 2722 1134 nequibat.
2799 1064 3078 1120 Convenit
3124 1067 3328 1139 itaque
3378 1068 3583 1125 Serbia

1933 1155 2200 1205 castrum
2230 1156 2443 1206 etcum
2473 1166 2544 1206 eo
2566 1152 2950 1223 Dyrrachium
2972 1153 3315 1226 imperatori
3348 1155 3576 1212 cedere.

1935 1241 2003 1294 Et
2031 1239 2160 1294 haec
2179 1239 2774 1312 jurejurando,quod
2797 1243 3016 1314 scripto
3029 1244 3445 1313 consignatum
3471 1251 3582 1315 est,

1935 1329 2176 1386 fuerunt
2204 1328 2463 1384 stabilita
2492 1334 2549 1384 et
2577 1329 2652 1384 ad
2683 1330 3023 1387 Michaelem
3045 1331 3360 1404 despotam
3395 1340 3587 1390 trans-

1935 1418 2144 1473 missa.
2179 1417 2296 1483 Ille,
2318 1417 2480 1490 quod
2505 1423 2684 1490 poeta
2713 1419 2930 1490 retulit,
2955 1419 3584 1496 lubentiillubentique

1936 1510 2140 1564 animo
2166 1506 2378 1576 juratis
2396 1520 2758 1562 consensum
2791 1509 3090 1578 prtestitit:
3121 1509 3292 1583 142
3319 1527 3586 1584 namque

1937 1610 2186 1650 uxorem
2218 1599 2275 1649 et
2310 1593 2500 1649 ﬁlium
2538 1594 2778 1650 liberari
2827 1601 2884 1651 et
2921 1597 2998 1652 ad
3053 1614 3113 1653 se
3167 1601 3372 1656 venire
3425 1617 3588 1655 sum-

1938 1698 2182 1755 mopere
2194 1683 2536 1755 exoptabat.
2569 1687 2721 1740 Inter
2747 1685 2874 1740 haec
2897 1683 3221 1757 imperator
3237 1704 3331 1743 me
3346 1704 3589 1760 quoque

1939 1790 2010 1830 ex
2049 1773 2393 1846 pertinacia,
2439 1789 2576 1844 quae
2638 1774 2786 1829 mihi
2837 1775 3160 1847 insederat,
3214 1784 3589 1836 summotum

1939 1868 2270 1936 expugnat.
2297 1864 2510 1918 Patruo
2543 1863 2702 1918 enim
2733 1880 2803 1919 ex
2845 1881 2960 1920 avo
2988 1865 3250 1921 Manuele
3277 1868 3510 1922 Lascari
3532 1871 3590 1923 et

1940 1951 2397 2024 protovestiario
2411 1951 2660 2021 Georgio
2673 1953 2970 2009 Muzaloue
2985 1953 3061 2008 ad
3081 1971 3174 2009 me
3193 1956 3586 2025 transmissis,

1939 2043 2210 2114 laetisque
2242 2056 2311 2095 ac
2334 2039 2586 2112 placidis
2612 2041 2992 2097 sermonibus
3023 2049 3289 2114 captum,
3311 2044 3390 2099 ad
3426 2061 3590 2107 eum,

1940 2133 2044 2206 qui
2076 2131 2241 2187 missi
2274 2130 2522 2196 fuerant,
2543 2131 3052 2204 conducunt.lpse
3066 2133 3145 2188 ad
3166 2134 3589 2206 imperatorem

1940 2221 2186 2278 veniens
2219 2223 2273 2274 et
2295 2234 2404 2290 pro
2429 2235 2595 2274 more
2616 2225 2798 2291 caput.
2823 2220 3138 2284 inclinans,
3182 2221 3405 2278 diutius
3426 2228 3593 2279 stans

1941 2309 2266 2367 haerebam.
2300 2310 2364 2362 Et
2393 2309 2750 2380 imperator:
2795 2330 2822 2359 «
2846 2314 2932 2364 An
2960 2324 3083 2365 non
3105 2314 3268 2366 tenes
3300 2312 3403 2366 ubi
3439 2317 3596 2368 stare

1945 2399 2184 2457 solebas
2214 2397 2242 2452 ‘I
2273 2399 2492 2454 Locum
2534 2403 2702 2452 tuum
2735 2399 3051 2468 agnoscis;
3108 2416 3246 2454 eum
3305 2403 3508 2473 petito.
3565 2424 3594 2452 »

1943 2489 2132 2546 Jussis
2159 2485 2561 2558 imperatoriis
2587 2486 2840 2542 audiens
2873 2487 3085 2558 abii,et
3113 2504 3143 2543 e
3161 2488 3364 2556 latere,
3387 2507 3597 2562 quem-

1943 2576 2276 2636 admodum
2315 2575 2480 2648 prius
2505 2590 2844 2645 sueveram,
2885 2577 3033 2632 steti.
3080 2579 3225 2632 Tum
3289 2579 3437 2634 mihi
3502 2581 3598 2636 Mi-

1945 2666 2168 2724 chaelis
2193 2666 2456 2736 despotic
2471 2664 2710 2734 negotia
2723 2665 3152 2731 communicat,
3173 2672 3280 2724 eta
3305 2668 3600 2740 principio

244 2762 348 2811 Καὶ
378 2758 403 2808 ὁ
430 2755 692 2828 βασιλεὺς,
728 2775 755 2803 ι(
783 2753 894 2806 Ούκ
936 2750 1089 2815 οἶδας
1144 2755 1244 2811 ὅπη
1295 2753 1486 2816 εἰώθεις
1541 2755 1830 2824 ἱστασθαις

1948 2755 2150 2812 omnia
2173 2753 2434 2809 dilucide
2463 2759 2684 2809 narrat.
2712 2755 2779 2809 Et
2811 2753 2936 2808 haec
2965 2754 3212 2826 quidem
3244 2758 3408 2828 apud
3454 2760 3602 2813 Lan-

237 2850 329 2900 τὸν
355 2850 510 2898 τόπον
541 2864 636 2897 σου
678 2849 974 2914 γινώσκεις,
1031 2847 1120 2895 καὶ
1164 2844 1398 2917 πρόσιθι.
1455 2865 1486 2893 ››
1538 2851 1612 2916 Τῇ
1673 2865 1833 2920 προσ-

1948 2845 2171 2915 gadam
2209 2843 2408 2898 locum
2439 2857 2628 2914 prOpe
2656 2842 3142 2898 Thessalonicam
3177 2849 3343 2913 gesta
3369 2852 3529 2903 sunt.

237 2943 375 3008 τοιγῇ
405 2941 530 3006 γοῦν
556 2931 768 2995 ὑπείξας
788 2939 880 2984 τοῦ
913 2930 1172 3004 βασιλέως
1202 2929 1430 2984 ἀπελθών
1461 2935 1615 2990 ἔστην
1645 2933 1699 2985 ἐκ
1726 2935 1947 3007 πλαγίου
1979 2933 2161 2994 αὐτοῦ,
2191 2933 2358 2990 καθώς
2389 2949 2480 3004 περ
2513 2927 2657 3001 εἶχον
2715 2935 2804 2982 καὶ
2861 2931 2994 2992 ἔθος.
3063 2934 3190 2983 Τότε
3245 2940 3370 3002 γοῦν
3431 2952 3524 3004 μοι
3576 2934 3604 2985 6

238 3023 489 3100 βασιλεὺς
535 3025 630 3084 τὰς
675 3029 768 3074 τοῦ
799 3017 1055 3074 δεσπότου
1084 3021 1304 3092 Μιχαὴλ
1331 3023 1602 3084 ὑποθέσεις
1647 3025 1824 3086 πάσας
1855 3023 2250 3090 ἀνεκοινώσατο,
2301 3024 2392 3071 καὶ
2421 3017 2474 3080 ἐξ
2504 3017 2681 3093 ἀρχῆς
2719 3020 2856 3080 ὅπως
2913 3018 3210 3094 προέϐησαν
3267 3016 3302 3072 δ
3308 3025 3600 3092 ιηγήσατο.

237 3123 422 3170 Ταῦτα
439 3116 528 3186 μὲν
550 3108 638 3165 οὖν
669 3111 718 3164 ἐν
748 3119 858 3172 τοῖς
885 3118 978 3163 τοῦ
1006 3107 1272 3182 Λαγγαδᾱ
1311 3116 1490 3178 (τόπος
1520 3109 1554 3164 δ
1559 3115 1580 3164 '1
1601 3111 1737 3165 ἐστιν
1768 3114 1914 3174 οὗτος
1943 3111 2093 3184 ἐγγύς
2123 3129 2220 3162 που
2252 3109 2530 3179 τυγχάνων
2569 3115 2666 3167 τῆς
2695 3107 3110 3178 Θεσσαλονίκης)
3135 3108 3350 3178 ἐγένετο.

317 3199 414 3266 ξδ’.
447 3205 588 3256 Ἐπεὶ
613 3197 664 3254 δ’
687 3201 736 3236 ⁵³
767 3203 792 3252 6
827 3198 1080 3273 βασιλεὺς
1128 3211 1223 3258 την
1277 3199 1666 3259 Θεσσαλονίκην
1721 3221 1841 3254 κατ-

237 3293 436 3365 είληφε,
489 3295 612 3353 τούς
663 3287 746 3343 ἐπὶ
794 3297 854 3362 τῇ
915 3291 1138 3364 θυγατρὶ
1193 3294 1372 3362 Μαρίᾳ
1439 3292 1639 3363 γάμους
1713 3293 1843 3364 μετὰ

235 3390 338 3438 τοῦ
365 3384 482 3435 υἱοῦ
525 3388 618 3434 τοῦ
671 3376 932 3433 δεσπότου
999 3378 1222 3451 Μιχαὴλ
1274 3385 1600 3453 Νικηφόρον,
1647 3381 1700 3433 ὃν
1754 3385 1844 3433 καὶ

237 3472 510 3530 δεσπότην
565 3475 860 3543 τετίμηκεν,
913 3467 1321 3544 ἐκπεπλήρωκεν.
1382 3469 1465 3522 Ἐν
1523 3471 1729 3532 τούτοις
1786 3466 1846 3523 δὲ

234 3567 388 3623 ὄντος
411 3569 504 3614 τοῦ
549 3558 810 3633 βασιλέως
867 3562 1041 3632 γραφη
1092 3577 1173 3620 τις
1226 3561 1352 3632 πρὸς
1409 3557 1562 3610 αὐτὸν
1630 3558 1846 3632 ἐξεπέμ-

238 3654 354 3726 φθη
400 3652 545 3725 παρὰ
593 3657 692 3701 τῶν
750 3647 798 3700 ἐν
853 3655 962 3709 τοίς
1009 3656 1103 3709 τῆς
1145 3649 1386 3710 Βιθυνίας
1427 3652 1634 3722 μέρεσιν
1689 3653 1845 3701 ὄντων

239 3746 344 3796 καὶ
390 3741 458 3802 εἰς
500 3739 731 3812 φυὶακην
785 3735 912 3790 εἶναι
959 3744 1051 3789 τοῦ
1134 3740 1293 3789 τόπου
1363 3742 1844 3810 προστεταγμένων,

241 3836 324 3894 ὡς
366 3831 393 3884 6
449 3829 672 3902 Μιχαὴλ
738 3831 997 3900 Κομνηνός
1050 3827 1169 3898 (35)
1229 3825 1596 3897 Παλαιολόγος,
1645 3827 1726 3898 [Ρ.
1757 3827 1848 3899 74]

239 3923 306 3975 ὃν
356 3924 445 3972 καὶ
495 3922 652 3991 μέγαν
702 3915 1046 3970 κονοσταύλον
1092 3916 1204 3986 (36)
1260 3934 1392 3987 προς
1446 3923 1538 3967 τού
1589 3913 1851 3988 βασιλέως
1917 3962 1919 3966 .

238 4012 490 4066 Ἰωάννου
521 4009 548 4060 ὁ
595 4007 743 4079 λόγος
793 4009 1000 4079 φθάσας
1049 4006 1360 4076 τετιμῆσθαι
1423 3999 1689 4062 δεδήλωκε
1761 4009 1852 4056 καὶ

243 4104 352 4159 τὴν
401 4105 498 4160 τῆς
555 4097 766 4157 ἁπάσης
815 4097 1004 4155 ταύτης
1069 4098 1248 4166 χώρας
1297 4095 1576 4166 ἠγεμονίαν
1641 4092 1852 4166 ἐμπεπι-

249 4189 535 4257 στεῡσθαι,
563 4189 732 4259 φυγὰς
755 4189 922 4256 ᾤχετο
952 4188 1041 4236 καὶ
1081 4180 1164 4234 ἐπὶ
1210 4185 1297 4234 τόν
1349 4190 1447 4234 τῶν
1500 4182 1851 4255 Μουσουλμά-

245 4287 356 4341 νῶς
384 4277 538 4350 ἀπῄει
565 4284 759 4350 χῶρον.
793 4274 1092 4346 Ἐταράχθῆ
1141 4274 1254 4342 (37)
1313 4279 1435 4344 γοῦν
1504 4270 1587 4324 ἐπὶ
1651 4273 1855 4332 τούτοις

249 4371 276 4422 ό
346 4365 592 4440 βασιλεὺς
631 4365 706 4417 ὀύ
764 4371 981 4438 μικρῶς,
1043 4366 1130 4414 καί
1212 4381 1275 4434 με
1345 4361 1850 4436 προσκαλεσάμενος,

253 4481 282 4509 ε(
319 4455 536 4527 Ἕγνως,
573 4479 598 4504 υ
628 4457 744 4526 ἔφη,
777 4475 804 4502 (ι
833 4457 886 4504 τί
907 4456 1108 4523 γέγονεν
1141 4467 1155 4518 ;
1191 4473 1218 4501 ››
1247 4455 1348 4504 Καὶ
1379 4451 1553 4517 αὐτὸς,
1601 4473 1629 4502 ‹‹
1681 4447 1856 4503 Οὐδα-

251 4553 387 4622 μῶς,
425 4566 453 4595 »ι
478 4547 620 4616 ἔφην,
663 4564 692 4593 ‹‹
723 4539 764 4594 ὦ
797 4539 1038 4614 βασιλεῦ·
1072 4545 1124 4592 τί
1155 4536 1216 4593 δέ
1276 4539 1392 4592 ἐστι
1441 4559 1502 4592 το
1547 4542 1858 4612 προσφάτως

252 4637 598 4709 γεγενημένον
633 4649 645 4690 :
675 4655 703 4682 »
737 4637 795 4703 ⁸Ο
818 4627 876 4684 δὲ
909 4648 1088 4702 φησιν,
1131 4650 1151 4679 1
1187 4628 1244 4681 Ὀ
1295 4631 1459 4700 μέγας
1518 4627 1858 4688 κονοσταῡλος

330 4725 381 4759 ⁵³
411 4722 608 4792 ηὔχετο
635 4735 819 4792 usque
846 4719 926 4792 qd
955 4717 1149 4790 ἰγένετο
1181 4719 1260 4785 (in
1284 4719 1404 4785 ﬁne
1427 4716 1492 4788 ξι)
1519 4732 1630 4772 om.
1673 4718 1737 4770 D'

2022 3203 2108 3256 64.
2176 3198 2283 3254 Ubi
2333 3194 2779 3252 Tessalouicam
2846 3202 3092 3252 ventum
3173 3201 3280 3264 est,
3363 3199 3604 3271 nuptias

1948 3289 2086 3344 ﬁliae
2116 3303 2240 3342 suae
2265 3284 2454 3343 Mariae
2485 3300 2625 3340 cum
2668 3284 2793 3339 ﬁlio
2837 3284 3133 3340 Michaelis
3187 3285 3452 3358 despotae
3506 3288 3602 3343 Ni-

1951 3377 2234 3450 cephoro,
2278 3389 2461 3447 quem
2509 3379 2565 3428 et
2613 3371 2882 3444 despotze
2951 3389 3199 3431 munere
3279 3375 3604 3445 insignivit,

1954 3467 2227 3522 adornat.
2260 3463 2488 3519 Interea
2510 3463 2612 3534 qui
2647 3461 2931 3534 Bithyniae
2971 3467 3172 3536 partes
3229 3465 3599 3530 tutabantur,

1951 3557 2178 3628 quique
2198 3553 2259 3609 in
2298 3556 2486 3608 semet
2523 3551 2796 3607 locorum
2845 3553 3183 3610 custodiam
3232 3559 3602 3627 receperant,

1952 3644 2159 3702 litteris
2211 3642 2368 3698 datis
2414 3641 2761 3713 imperatori
2833 3641 3192 3712 signiﬁcant,
3262 3643 3604 3701 Michaelem

1956 3736 2327 3791 Comnenum
2353 3731 2772 3805 Palaeologum,
2804 3734 3010 3804 magni
3040 3734 3258 3790 stabuli
3289 3735 3524 3790 comitis
3575 3751 3611 3791 a

1955 3825 2183 3880 Joanne
2208 3823 2587 3895 imperatore,
2615 3827 2681 3877 ut
2711 3837 2896 3894 supra
2919 3828 3229 3878 narratum
3269 3821 3440 3895 143
3501 3829 3608 3889 est,

1957 3912 2124 3968 titulo
2151 3912 2641 3977 condecoratum,
2673 3912 2837 3968 etcui
2871 3911 3331 3968 universaeillius
3353 3911 3612 3981 regionis

1958 4004 2312 4076 praefectura
2357 4000 2549 4056 fuerat
2597 3999 2985 4068 demandata,
3041 4001 3116 4056 ad
3199 4003 3612 4056 Musulmanos

1961 4090 2322 4160 confugisse.
2356 4091 2549 4155 Quare
2591 4089 2804 4144 anxius
2857 4088 3181 4162 imperator
3235 4089 3439 4145 animo
3481 4105 3607 4146 non

1961 4181 2448 4237 levitermstuare.
2471 4182 2642 4234 Etme
2657 4177 2868 4246 accito,
2893 4181 3220 4249 «Tenesne,
3237 4200 3266 4230 »
3279 4179 3377 4250 ait,
3397 4202 3424 4230 «
3447 4177 3613 4252 quod

1965 4274 2196 4341 gestum
2221 4273 2311 4324 est
2331 4271 2360 4325 ?
2391 4289 2420 4318 »
2452 4270 2518 4324 Et
2548 4268 2694 4339 ipse,
2723 4288 2750 4316 «
2771 4270 3163 4340 Nequaquam
3189 4289 3240 4334 υ,
3273 4268 3390 4330 aio,
3443 4287 3474 4322 1
3509 4267 3616 4323 im-

1964 4365 2223 4434 perator.
2254 4357 2406 4424 Quid
2439 4361 2630 4413 autem
2657 4373 2864 4413 recens
2894 4358 3109 4414 accidit
3133 4359 3161 4414 ?
3189 4381 3217 4408 »
3255 4357 3356 4414 Ille
3395 4357 3616 4414 subdit:

1971 4472 1992 4501 ε
2029 4452 2278 4517 Magnus
2307 4462 2508 4504 comes
2531 4445 2750 4502 stabuli
2787 4446 2932 4518 fuga
2973 4463 3036 4502 se
3075 4447 3378 4520 surripuit,
3431 4452 3488 4504 et
3539 4445 3620 4502 ad

1967 4539 2378 4594 Musulmanos
2406 4537 2584 4592 venit.
2615 4535 2766 4602 Quid
2789 4535 2862 4591 de
2884 4536 2998 4592 hoc
3034 4538 3272 4592 animus
3305 4535 3622 4608 suggerit?

1970 4630 2058 4680 An
2087 4642 2158 4681 ex
2191 4625 2580 4683 Musulmanis
2621 4624 2877 4680 exercitu
2924 4625 3220 4680 conducto
3265 4624 3326 4680 in
3380 4629 3621 4679 nostras

1815 4717 1864 4752 ⁸³
1897 4718 1938 4770 D
1973 4733 1986 4770 :
2017 4714 2159 4786 Ἐπεὶ
2191 4711 2250 4786 δε
2277 4716 2302 4766 6
2330 4713 2574 4786 βασιλεὺς
2612 4718 2706 4771 τὴν
2757 4712 3146 4786 Θεσσαλονίκην
3206 4710 3468 4786 κατέλαβε,
3501 4714 3624 4786 τοὺς

255 4781 1111 4868 γάμουςπληροί,’καὶΑδεσπόῖην
1141 4781 1227 4842 τόν
1255 4781 1551 4868 Νικηφόρον
1586 4801 1875 4868 τετίμηκεν.
1898 4781 2110 4868 ’βξ-δ’
2140 4785 2282 4868 αὐτῷ
2317 4781 2492 4868 γραφὴ
2534 4785 2659 4868 ώςβ
2705 4783 3051 4868 ΠΙαλριιολόγος
3087 4782 3329 4868 ’Μιχαηλ
3360 4781 3402 4868 n6
3463 4785 3622 4868 ριέγρις

260 4850 607 4926 κονοσταυλοέ
630 4850 726 4924 την
755 4864 996 4917 Βιθυνίαν
1027 4857 1218 4915 διέπων
1241 4850 1589 4935 φυλας’ῷχετο
1610 4850 1728 4935 περὶ
1759 4863 1852 4918 την
1879 4866 1978 4910 τῶν
2009 4850 2452 4927 Μουσουλμάέων,
2476 4859 2566 4907 καὶ
2600 4853 2871 4930 ἐταράχθη
2904 4850 2988 4907 ἐπὶ
3013 4850 3222 4914 τούτοις
3260 4853 3288 4905 6
3354 4850 3619 4924 βασιλεύς.

1131 5074 1473 5146 Theodori
1521 5075 1771 5144 Dousa:
1820 5082 1886 5142 et
1931 5071 2182 5144 Leonis
2230 5070 2464 5139 Allatii
2513 5079 2714 5137 notas.

342 5272 454 5344 (45)
483 5269 542 5324 Ὀ
588 5267 813 5342 Μιχαὴλ
851 5268 877 5320 ὁ
925 5268 1206 5340 Kays-ima;
1277 5267 1588 5336 Gregoras,
1651 5281 1713 5338 p.
1776 5267 1865 5320 57.

268 5348 457 5486 AL(1:9;6)
491 5414 551 5467 Ὀ
591 5417 755 5485 μέγας
784 5409 1146 5486 -Κονόσταλος
1207 5409 1482 5486 Magnus,
1513 5422 1700 5486 comes
1748 5413 1871 5486 sta-‘-

275 5477 421 5542 ὁιιίί.
443 5477 978 5548 ’Κόντὸξωῑειιοτυω
1009 5487 1200 5551 conto,
1237 5486 1292 5534 et
1320 5477 1520 5551 comta
1548 5477 1870 5547 Gallorum)

273 5573 486 5627 comes,
512 5555 731 5609 σταύλον
776 5560 834 5610 et
895 5552 1163 5627 στοιῡλος,Δ
1188 5549 1319 5607 ’δὶγθ
1379 5549 1872 5627 στάϐλος-(ἱῖωᾳο-

274 5620 554 5685 Barbaris
586 5627 911 5685 stabulum.
950 5631 1036 5681 est
1086 5623 1266 5696 igitur
1317 5620 1714 5702 K021001010)»;
1751 5620 1874 5675 sive

1978 5260 2335 5322 Κονοσταῠλος
2389 5259 2495 5332 (ita
2561 5256 2776 5332 melius
2833 5270 3018 5330 quam
3091 5257 3434 5332 Κονόσταλοω
3523 5257 3629 5330 qui

1977 5334 2136 5389 italis
2164 5329 2572 5395 contestabite,
2609 5329 3214 5402 GalliscOnnestable.
3257 5329 3316 5383 ’0
3341 5334 3502 5402 μέγας
3535 5335 3630 5382 K0-

1977 5404 2258 5467 νοσταῦλος
2289 5419 2410 5474 non
2445 5407 2745 5474 postrema
2779 5401 3039 5474 dignitas
3072 5402 3132 5456 in
3182 5402 3405 5474 palatio
3445 5402 3628 5456 Greco

1981 5475 2106 5531 fuit.
2142 5473 2396 5531 Consule
2427 5472 2744 5530 Meursium
2779 5473 2836 5529 in
2880 5472 3200 5529 Clossario:
3237 5473 3448 5528 Dousa.

2055 5550 2166 5620 (37)
2202 5547 2529 5622 Ἐταράχθη.
2558 5547 2874 5618 Gregoras,
2900 5561 2958 5618 p-
2997 5548 3238 5602 57.ALL.
