4042 6214
580 297 718 353 H55

1864 290 2146 346 GEORGII
2177 289 2654 349 ACROPOLIT/E.

3745 308 3849 359 1156

576 420 867 490 irrumpet
919 415 1015 472 ille
1063 410 1370 486 provincia
1425 412 1452 466 ‘I
1509 433 1537 461 ››
1582 433 1608 461 (ι
1666 412 2025 483 Neutiquam
2078 413 2227 470 mihi

2338 412 2544 488 ἀπέδρα
2594 420 2683 468 καὶ
2736 414 2819 468 ἐπὶ
2872 417 2938 468 τὰ
2990 425 3089 469 τῶν
3144 418 3551 491 Μουσουλμάνων
3615 429 3848 497 κεχώρηκε,

576 509 872 571 videtur,o
893 507 1234 576 imperator,
1266 517 1405 556 eum
1425 500 1539 556 tale
1560 500 1707 573 quid
1733 508 2004 557 acturum
2032 519 2045 555 :
2074 502 2228 557 illius

578 599 737 654 enim
764 611 1007 652 sensum
1044 607 1155 661 ego
1194 599 1250 647 et
1297 606 1441 660 erga
1498 594 1800 646 Romanos
1858 607 2227 663 propensum

577 686 847 742 animum
864 683 1107 756 pulchre
1122 680 1327 736 calleo.
1350 702 1375 729 ››
1394 682 1455 735 Et
1479 680 1833 751 imperator:
1852 703 1877 729 ‹‹
1895 681 2226 745 Quamnam

576 791 717 845 ergo
743 774 823 828 ob
853 788 1101 829 causam
1124 770 1409 839 fugitivus
1449 769 1593 825 abiit
1622 769 1649 822 ‘?
1677 790 1705 819 ι»
1747 792 1768 819 ‹
1804 769 1993 840 Quod,
2052 791 2073 818 ι
2142 770 2227 825 in-

576 880 782 937 quam,
820 887 841 912 ε
874 867 938 917 ut
965 866 1028 917 tu
1062 860 1215 915 bene
1245 862 1419 925 nosti,
1464 858 1808 930 imperator,
1858 875 1978 914 non
2040 859 2226 916 semel

577 959 679 1009 aut
706 953 819 1014 bis,
845 951 952 1007 sed
981 950 1202 1022 saepius
1227 953 1407 1019 atque
1435 948 1652 1019 saepius
1704 950 2077 1005 atrocissima
2119 949 2229 1005 mi-

576 1042 838 1111 nabaris,
865 1042 923 1094 in
954 1053 1214 1110 eumque
1253 1036 1566 1093 iracundia
1579 1037 1927 1103 concitatus,
1953 1038 2227 1109 plurimis

577 1129 978 1194 audientibus,
1001 1133 1053 1182 te
1080 1126 1161 1181 illi
1190 1125 1397 1181 oculos
1428 1125 1789 1181 cffossurum
1815 1126 2111 1197 jactabas.
2147 1129 2225 1181 De

574 1219 668 1275 his
700 1218 795 1274 ille
824 1219 1035 1273 certior
1066 1216 1276 1281 factus,
1312 1231 1449 1270 cum
1480 1231 1516 1271 a
1537 1214 1739 1271 multis
1772 1215 2064 1288 quidquid
2078 1216 2228 1271 inter

572 1306 945 1380 loquendum
960 1306 1252 1361 diceretur
1265 1306 1644 1375 perdisceret,
1664 1304 1998 1376 angebatur
2023 1304 2227 1361 animo

575 1412 910 1467 poenasque
940 1394 1421 1461 exhorrescebal;
1458 1394 1698 1449 tandem
1722 1393 1897 1449 saluti
1941 1410 2063 1449 suae
2086 1394 2228 1462 fuga

576 1484 890 1540 consuluit.
927 1504 954 1532 ››
992 1505 1012 1532 ι
1060 1488 1121 1537 Et
1151 1487 1391 1553 propter
1419 1481 1585 1552 quid,
1629 1502 1657 1530 »
1706 1481 1835 1538 infit
1882 1483 2225 1554 imperator,

579 1596 606 1624 ι(
634 1574 695 1628 in
721 1572 945 1628 ditione
979 1577 1184 1627 nostra
1226 1575 1494 1626 moratus
1548 1587 1669 1626 non
1723 1576 1830 1639 est,
1879 1571 2015 1626 licet
2065 1570 2230 1628 mala

576 1662 707 1718 haec
736 1662 1044 1717 subiturus
1074 1660 1305 1725 fuisset,
1332 1661 1392 1715 in
1446 1660 1639 1716 alieno
1697 1661 1824 1717 solo
1865 1661 2124 1718 felicitati
2167 1664 2228 1718 in

578 1755 853 1806 materno
880 1749 1274 1806 infortunium
1307 1749 1626 1820 praeferens
1651 1749 1679 1805 ‘I
1707 1773 1734 1801 »
1769 1773 1789 1799 ι
1823 1750 2076 1807 Dedecet
2115 1751 2229 1807 hoc

576 1840 915 1898 humanum
943 1838 1239 1902 animum,
1270 1854 1306 1894 o
1336 1839 1659 1910 imperator
1692 1856 1705 1904 ;
1736 1839 1887 1895 dura
1930 1840 2229 1912 siquidem

576 1935 755 2000 atque
793 1943 1009 1999 aspera
1036 1926 1262 1999 perpeti
1287 1928 1579 1999 noxisque
1600 1928 1781 1983 variis
1798 1926 2067 1983 aﬂlictari
2085 1944 2229 1985 non-

578 2016 728 2072 nulli
768 2016 1009 2087 ingenio
1050 2015 1325 2071 validiori
1376 2032 1445 2071 ac
1500 2015 1674 2088 144
1724 2017 2000 2073 ferociori
2061 2024 2117 2073 et
2169 2018 2230 2073 in

574 2106 856 2162 humanae
888 2106 1022 2161 vitae
1070 2104 1329 2171 casibus,
1377 2110 1442 2160 ut
1496 2106 1580 2161 ita
1632 2106 1853 2173 dicam,
1907 2106 2227 2173 obdurato,

575 2195 951 2251 sustinebunt
984 2211 997 2249 :
1024 2195 1128 2250 sed
1161 2194 1294 2250 vitae
1320 2194 1512 2265 ipsius
1543 2194 1863 2251 discrimen
1923 2201 1977 2251 et
2022 2195 2229 2268 praeci-

576 2300 836 2355 puarum
877 2283 1143 2355 corporis
1209 2283 1470 2355 partium
1521 2283 2021 2355 imminutionem,
2081 2284 2231 2340 dum

576 2372 712 2445 quis
738 2372 849 2428 sibi
878 2374 1061 2441 timet,
1088 2372 1252 2428 haud
1268 2372 1498 2427 videtur
1516 2372 1641 2427 fieri
1655 2389 1833 2445 posse
1853 2379 1916 2429 ut
1935 2374 2229 2445 patienter

576 2462 746 2531 ferat,
774 2462 878 2518 sed
914 2479 1023 2534 pro
1056 2463 1188 2518 vitae
1224 2462 1485 2534 periculo
1512 2478 1776 2532 currens,
1810 2468 2107 2535 quantum
2164 2463 2229 2518 in

575 2567 637 2607 se
667 2558 776 2621 est,
801 2552 1053 2608 molesta
1082 2567 1152 2606 ac
1182 2551 1362 2607 noxia
1388 2550 1762 2621 subterfugit.
1809 2574 1838 2601 η
1900 2550 2000 2607 His
2056 2552 2229 2608 dictis

576 2639 872 2695 siluimus.
910 2642 975 2696 Et
1000 2646 1139 2711 post
1167 2640 1347 2696 breve
1374 2638 1659 2711 spatium,
1694 2663 1720 2688 ‹‹
1753 2639 1907 2705 Quid
1934 2645 2155 2707 autem,
2196 2661 2226 2690 ››

574 2730 654 2785 ait
684 2729 1028 2801 imperator,
1062 2751 1084 2778 ι
1114 2728 1424 2784 existimas
1455 2744 1592 2783 eum
1626 2727 1922 2785 facturum
1964 2733 1991 2785 ?
2024 2752 2051 2780 »
2097 2732 2228 2801 Ipse

573 2818 857 2890 respondi
891 2835 904 2873 :
934 2840 962 2867 «
988 2818 1265 2889 suspicor
1281 2834 1419 2873 eum
1452 2833 1570 2872 non
1601 2816 1706 2872 diu
1730 2817 1895 2889 apud
1912 2820 2225 2875 Persarum

571 2907 907 2980 principem
933 2912 1375 2963 commoratum
1390 2906 1743 2973 missurum,
1764 2912 1877 2963 uta
1907 2908 2225 2978 majestate

575 2998 681 3052 tua
710 2994 1171 3051 commissorum
1203 2994 1438 3050 veniam
1467 3000 1897 3067 consequatur,
1933 3000 2225 3067 tanquam

571 3085 676 3155 qui
703 3089 897 3156 speret
922 3084 1099 3139 etiam
1131 3083 1191 3139 in
1205 3084 1319 3139 hoc
1342 3083 1582 3154 negotio
1605 3082 1955 3139 auxiliarem
1976 3100 2227 3155 operam

574 3173 719 3229 dicti
747 3173 1032 3246 principis
1063 3189 1184 3229 non
1206 3172 1571 3242 defuturam,
1611 3178 1668 3229 et
1716 3173 1776 3229 in
1805 3174 2097 3229 veritatisc
2123 3190 2228 3229 on-

570 3261 975 3318 ﬁrmationem
1019 3267 1461 3318 sacramentum
1521 3262 1699 3317 etiam
1744 3268 2041 3334 eXposcet,
2097 3264 2229 3320 sine

572 3367 715 3424 quo,
753 3356 813 3406 ut
839 3352 1073 3423 opinor,
1106 3352 1457 3422 neutiquam
1490 3350 1569 3406 ad
1600 3355 1655 3405 te
1686 3352 1899 3406 veniet.
1928 3374 1956 3400 ››
1988 3354 2231 3425 Propter

570 3441 700 3496 haec
731 3440 1057 3511 imperator
1082 3439 1372 3507 turbatus,
1395 3439 1575 3495 rebus
1591 3439 1652 3495 in
1683 3439 1924 3495 incertis
1941 3456 2011 3497 ac
2030 3440 2230 3497 dubiis

572 3531 833 3600 agitatus
860 3548 877 3597 ;
911 3534 1047 3601 post
1068 3545 1297 3601 paucos
1330 3528 1458 3584 dies
1482 3547 1518 3585 a
1537 3529 1875 3586 cohortium
1897 3530 2230 3603 Bithynica-

572 3634 707 3674 rum
739 3622 795 3673 et
823 3618 1202 3688 Mesothyniae
1238 3617 1599 3688 praesidibus
1652 3618 1924 3690 epistolae
1981 3620 2060 3675 ad
2122 3622 2226 3676 im-

574 3712 912 3781 peratorem
947 3707 1102 3762 data:
1129 3711 1267 3762 sunt
1311 3723 1325 3775 ;
1355 3724 1490 3780 quae
1520 3715 1689 3765 erant
1715 3709 1985 3780 epistola:
2023 3709 2231 3780 magni

576 3796 800 3853 comitis
814 3796 1033 3852 stabuli
1051 3797 1126 3852 de
1146 3797 1397 3866 negotiis
1412 3802 1747 3869 pertractan
1757 3805 1843 3855 tes
1855 3799 1916 3854 in
1929 3800 2089 3855 hunc
2111 3801 2230 3856 fere

572 3886 847 3954 modum,
868 3885 945 3943 ad
965 3902 1461 3959 unumquemque
1489 3887 1720 3943 illorem
1749 3889 1984 3960 scriptae
2012 3906 2025 3944 :
2051 3911 2079 3939 «
2108 3892 2230 3961 Ego

572 3976 817 4050 quidem
842 3975 1295 4049 imperatorium
1335 3977 1613 4032 timorem
1667 3977 1872 4033 animo
1933 3977 2228 4043 volutans,

571 4066 928 4139 haerensque
967 4082 1041 4121 ne
1084 4081 1271 4137 quam
1303 4064 1567 4121 subirem
1608 4082 1855 4133 noxam,
1902 4066 2109 4134 fugam
2138 4083 2229 4123 ar-

570 4155 746 4227 ripui.
780 4158 893 4211 Vos
917 4160 1088 4211 caute
1112 4172 1182 4211 ac
1222 4154 1445 4210 fortiter
1474 4171 1676 4210 rerum
1695 4155 2043 4211 militarium
2069 4172 2230 4212 com-

571 4258 895 4298 missarum
914 4242 1085 4298 vobis
1105 4258 1313 4298 curam
1341 4243 1516 4312 agite.
1546 4242 1841 4299 Custodite
1865 4243 2103 4299 urbium
2135 4260 2226 4301 ac-

572 4331 937 4403 oppidorum
994 4330 1056 4386 in
1111 4335 1236 4387 tuto
1294 4332 1429 4398 sint,
1488 4332 1905 4404 universaeque
1969 4334 2228 4402 regionis

572 4419 841 4475 defensio
858 4436 928 4475 ac
944 4422 1487 4493 propugnaculum,
1502 4422 1587 4477 uti
1606 4423 1780 4477 moris
1793 4428 1899 4492 est,
1917 4422 2224 4493 procedat;

572 4515 627 4564 et
665 4509 1186 4581 quemadmodum
1208 4527 1470 4578 mecum,
1500 4511 1579 4565 ita
1592 4517 1897 4565 etrursum
1919 4526 2024 4566 vos
2043 4513 2226 4579 gerite

2336 509 2548 574 Τίγουν
2595 506 2699 576 ἄρα
2754 510 2873 579 περὶ
2925 513 3014 558 τοῦ
3068 510 3303 560 τοιούτου
3365 505 3586 580 διανοῇ;
3629 521 3719 582 μῶν
3760 521 3851 585 πρὸς

2337 593 2759 665 Μουσουλμάνων
2810 594 3229 669 προσλαϐόμενος
3281 600 3569 671 στράτευμα
3616 602 3715 653 καθ’
3763 605 3852 674 ta:-

2334 685 2485 757 τέρας
2514 688 2753 757 χωρήσει
2786 703 2966 757 χωρας
2995 702 3063 751 ;›
3098 708 3125 735 ‹‹
3154 682 3416 758 Οὐδαμῶς
3444 706 3529 759 μοι
3566 684 3692 742 δοκεῖ
3728 709 3855 743 romu-

2334 790 2442 841 τον,
2476 769 2514 822 ὦ
2542 770 2783 843 βασιλεῦ,
2815 795 2842 822 ››
2888 776 3010 845 ἑφην
3071 797 3092 824 ι
3143 774 3299 827 αὐτόν
3365 771 3745 849 δέαπράξασθαεο
3786 785 3852 839 τὴν

2333 862 2433 935 γὰρ
2463 866 2674 933 γνώμην
2705 869 2797 914 τοῦ
2824 859 3015 935 ἀνδρὸς
3056 862 3299 935 ἐπέγνων,
3351 870 3441 917 καὶ
3493 869 3548 917 τό
3586 875 3667 918 τοῦ
3710 876 3854 939 opmi-

2334 970 2493 1022 ματος
2549 950 2839 1023 ἐπίσταμαι
2910 950 3276 1025 φιλορώμαιον.
3339 972 3369 1002 η
3431 958 3527 1007 Καὶ
3576 955 3601 1006 6
3651 954 3852 1027 βασιλεὺς,

2336 1042 2519 1101 «Τίνος
2567 1036 2655 1092 οὖν
2707 1043 2869 1115 χάριν
2925 1044 3090 1114 φυγὰς
3144 1050 3245 1095 τῶν
3302 1045 3551 1115 ἡμετέρων
3602 1043 3767 1115 ἐγένετο
3802 1065 3855 1113 ς.

2334 1151 2362 1179 ιι
2390 1128 2511 1181 Ὀτι
2537 1148 2629 1202 περ
2655 1132 2788 1200 (38),
2823 1152 2853 1181 ››
2884 1132 3027 1202 ἔφην,
3061 1152 3082 1181 ι
3123 1134 3192 1194 ὡς
3216 1128 3396 1197 οἶσθα,
3443 1133 3482 1183 ὦ
3534 1131 3746 1204 βασιλεῦ,
3782 1136 3857 1207 οὐχ

2335 1218 2475 1280 άπαξ
2495 1214 2618 1270 οὐδε
2648 1214 2748 1283 δὶς,
2785 1217 2913 1271 ἀλλὰ
2949 1224 3039 1272 καὶ
3096 1223 3349 1293 μυριάκις
3399 1220 3615 1283 ἠπείλεις
3657 1223 3772 1293 άῦτῷ
3810 1228 3856 1276 τὰ

2337 1303 2611 1359 δεινότατα
2639 1312 2729 1359 καὶ
2757 1308 2982 1381 ὠργίζου
3031 1309 3146 1361 κατ’
3201 1309 3365 1363 αὐτοῦ
3424 1309 3667 1381 χαλεπῶς,
3716 1317 3787 1364 καὶ
3822 1312 3857 1365 ἐν

2335 1395 2520 1454 πλήθει
2548 1401 2767 1469 παρόντι
2802 1396 2997 1450 πολλῶν
3029 1400 3248 1471 ἶφασκες
3298 1398 3556 1471 έκπέμψαι
3611 1404 3690 1452 καὶ
3730 1400 3857 1473 ἐξορύ-

2338 1485 2424 1548 ξαι
2456 1488 2504 1538 οἱ
2533 1488 2650 1546 τοὺς
2691 1485 3000 1557 ὀφθαλμούς.
3050 1494 3229 1541 Ταῦτα
3272 1486 3463 1550 ἐκεῖνος
3519 1488 3739 1560 ἐμάνθανε
3777 1492 3857 1559 (39)

2337 1580 2427 1627 καὶ
2469 1593 2611 1649 παρα
2662 1573 2858 1627 πολλῶν
2910 1584 3010 1627 τῶν
3065 1576 3347 1649 λεγομένων
3393 1581 3565 1645 ἤκουε,
3628 1582 3707 1631 καὶ
3773 1574 3859 1630 ἐδέ-

2337 1681 2481 1715 κνετο
2510 1668 2604 1721 τὴν
2642 1662 2829 1735 ψυχήν
2855 1670 2944 1717 καὶ
2970 1660 3165 1717 έδειλία
3200 1670 3295 1725 τὴν
3354 1670 3605 1739 τιμωρίαν
3651 1672 3727 1719 καὶ
3763 1668 3858 1718 ἀπο·

2340 1761 2517 1825 φυγεῖν
2547 1751 2833 1805 έπέσπευσε
2862 1758 2956 1812 τὴν
2985 1760 3191 1813 ποινήν.
3221 1776 3250 1805 ››
3282 1776 3312 1805 ‹‹
3346 1759 3448 1809 Καὶ
3495 1752 3586 1808 διὰ
3623 1760 3686 1822 τί,
3730 1778 3754 1805 ιο
3796 1756 3859 1826 ἔφη

2339 1843 2365 1893 6
2397 1840 2669 1914 βασιλεὺς,
2702 1864 2730 1893 ιι
2784 1842 2878 1894 οὐκ
2935 1841 2983 1894 ἐν
3039 1851 3148 1904 τοῖς
3199 1845 3469 1919 ἡμετέροις
3518 1849 3859 1919 προσεκαρτέρει,

2341 1936 2430 1983 καὶ
2456 1931 2500 1982 εἰ
2540 1932 2720 1983 παθεῖν
2769 1930 2942 2003 ἔμελλε
2992 1934 3060 1983 τὰ
3113 1929 3260 1985 δεινὰ
3316 1933 3503 1997 ταῦτα,
3556 1941 3641 1994 τῆς
3687 1931 3756 1985 ixi
3804 1941 3862 1993 τῆς

2341 2016 2641 2082 ἀλλοδαπῆς
2690 2019 2975 2093 εὐπραγίας
3024 2025 3120 2080 τὸν
3175 2020 3227 2074 έν
3276 2029 3383 2082 τοῖς
3438 2022 3682 2094 ἰθαγενέσι
3734 2040 3860 2095 προτι·

2338 2118 2447 2182 μῶν
2480 2105 2854 2183 δυσπραγίανς
2887 2128 2917 2161 ν
2946 2132 2975 2160 ιι
3008 2110 3121 2163 Οὐκ
3150 2111 3265 2163 ἔστι
3294 2118 3453 2164 τοῦτο
3499 2110 3673 2184 ψυχῆς
3722 2107 3861 2183 ἀνθρω-

2336 2196 2574 2267 πένης,ὦ
2604 2196 2849 2271 βασιλεῦ,
2897 2202 3044 2251 Δεινά
3094 2202 3185 2272 μεν
3239 2202 3344 2275 γὰρ
3413 2202 3588 2253 παθεῖν
3639 2204 3715 2252 καὶ
3761 2216 3860 2271 περι-

2337 2294 2512 2339 πεσεῖν
2557 2294 2853 2362 συμφοραῖς
2899 2290 3024 2340 ἔνιοι
3075 2288 3136 2340 ἂν
3193 2290 3363 2341 ἱκανοὶ
3428 2296 3637 2361 φανῶσι,

2337 2379 2487 2449 τέρου
2511 2380 2843 2448 γεγενημένοι
2873 2381 3202 2450 φρονήματος
3224 2381 3319 2429 καὶ
3361 2373 3468 2429 οἷον
3520 2376 3664 2429 εἰπεῖν
3713 2374 3858 2449 ἀπροσ-

2337 2466 2536 2526 παθοῦς
2588 2464 2637 2516 ἐν
2701 2471 2809 2526 τοῖς
2864 2473 2955 2517 τοῦ
3005 2463 3129 2538 βίον
3190 2468 3522 2541 πράγμασινο
3577 2469 3632 2518 τό
3678 2461 3727 2517 δε
3781 2472 3858 2536 περὶ

2339 2553 2468 2626 αὐτῇ
2493 2561 2555 2626 τῇ
2606 2557 2712 2626 ζωῇ
2761 2550 2993 2607 δεδιέναι
3045 2560 3135 2608 καὶ
3184 2554 3620 2630 ἀκρωτηριασμὸν
3660 2562 3741 2606 τῶν
3781 2571 3858 2603 και·

2336 2646 2593 2717 ριωτέρων
2657 2652 2968 2715 σωματικῶν
3057 2652 3224 2717 μερῶν
3297 2641 3619 2718 προσδοκᾴν,
3682 2643 3858 2714 οὐμενοῦν

2338 2729 2510 2784 δοκέίν
2532 2752 2647 2784 τινα
2679 2732 2731 2784 ἐν
2769 2735 2974 2794 τούτοις
3028 2738 3454 2810 προσκαρτέρεῖν,
3504 2733 3624 2787 ἀλλὰ
3667 2736 3739 2784 τὸν
3780 2733 3857 2803 rupi

2335 2820 2524 2893 ψυχης
2566 2826 2768 2894 τρέχων
2822 2820 3181 2894 ἀποφυγγάνει
3234 2833 3340 2876 τῶν
3401 2820 3575 2877 δεινων
3621 2824 3707 2879 ὅση
3754 2816 3857 2872 δύνα-

2336 2930 2446 2981 μις.
2506 2934 2535 2961 ››
2591 2910 2750 2963 Ταῦτ’
2802 2910 3032 2973 εἰπόντες
3112 2918 3535 2985 σεσιωπὸκαμεν.
3610 2916 3697 2965 Καὶ

2340 2996 2546 3070 βραχὺν
2575 3021 2602 3048 ί(
2624 3001 2686 3054 Τί
2726 2995 2785 3051 δέ
2806 3001 2922 3064 οἷαν
2954 3021 2981 3049 ³³
3014 2999 3039 3052 ἀ
3066 2998 3323 3073 βασιλεὺς
3350 3001 3467 3073 ἔφη.
3503 3022 3529 3051 α
3561 3007 3719 3052 τοῦτον
3756 3002 3854 3051 ποιῆ-

2338 3106 2429 3139 σαι
2461 3104 2476 3154 ἲ
2506 3110 2533 3137 ))
2578 3088 2708 3158 Ἐγὼ
2739 3084 2798 3141 δε
2818 3090 2944 3161 ἔφην
2966 3092 3036 3151 ὡς
3075 3111 3103 3140 ι(
3135 3093 3343 3163 Μικρὸν
3380 3087 3705 3162 ὑπολαμϐάνω
3741 3086 3852 3158 παρὰ·

2334 3180 2420 3228 τὸν
2473 3179 2793 3251 Περσάρχην
2850 3183 3326 3254 προσκαρτερήσας
3399 3178 3666 3231 ἀποσταλεῖ
3712 3191 3855 3245 rapsa-

2339 3266 2478 3328 θείας
2526 3269 2653 3338 πρὸς
2699 3273 2792 3317 τοῦ
2859 3275 2955 3319 σου
3010 3270 3236 3340 κράτους
3290 3267 3593 3335 ἀξιωθῆναι,
3645 3269 3758 3337 ἔχων
3798 3264 3854 3312 καὶ

2335 3358 2424 3407 τὸν
2464 3358 2784 3428 Περσάρχην
2815 3354 2902 3408 ἐπὶ
2956 3364 3019 3429 τῇ
3068 3358 3317 3410 ὑποθέσει
3389 3355 3758 3431 μεσολαϐοῡντι,
3796 3351 3856 3410 ζι-

2336 3447 2488 3501 τήσει
2510 3440 2570 3497 δε
2601 3462 2660 3497 σε
2700 3446 2851 3519 ὅρκον
2901 3444 2970 3505 εἰς
3020 3450 3115 3504 τὴν
3171 3454 3264 3507 τῆς
3331 3444 3573 3507 ἀληθείας
3625 3442 3854 3518 βεϐαίωσιν,

2338 3528 2397 3584 οὗ
2427 3534 2546 3585 ἄνευ
2581 3532 2751 3586 οὐκέτι
2779 3553 2869 3606 μοι
2911 3530 3059 3586 δοκεῖ
3112 3537 3256 3609 παρὰ
3313 3539 3373 3589 σε
3422 3534 3697 3609 ἀφικέσθαι.
3738 3551 3759 3579 ι)
3800 3528 3855 3577 Ἐν

2337 3623 2542 3683 τούτοις
2574 3617 2634 3680 ἦν
2690 3627 3068 3696 τεταραγμένος
3122 3624 3149 3675 6
3212 3622 3486 3696 βασιλεὺς,
3537 3624 3583 3677 έν
3628 3615 3856 3694 ἀμφιϐόλοις

2336 3712 2616 3782 τυγχάνων
2642 3719 2747 3772 τοῖς
2790 3730 3116 3786 πραγμασιν.
3170 3711 3255 3774 Ὠς
3317 3710 3379 3767 δε
3424 3712 3533 3786 μετ’
3574 3710 3729 3782 ὀλίγας
3761 3704 3855 3760 τινάς

2338 3800 2535 3871 ἡμέρας
2571 3803 2769 3875 γραφαὶ
2791 3804 2924 3875 πρὸς
2970 3803 3058 3853 τὸν
3120 3798 3353 3873 βασιλέα
3416 3801 3721 3876 έπέμφθησαν
3767 3796 3854 3864 πρὸς

2337 3896 2436 3939 τῶν
2469 3892 2941 3964 στραταρχούντων
2994 3888 3041 3941 έν
3101 3891 3324 3964 Βιθυνίᾳ
3372 3896 3462 3945 καὶ
3511 3889 3778 3956 Μεσοθυνίᾳ,
3818 3878 3853 3930 *ί

2339 3971 2398 4031 δὲ
2426 3983 2622 4052 γραγαὶ
2652 3987 2742 4031 του
2787 3977 3133 4032 κονοσταύλου
3186 3980 3419 4052 μεγάλου
3475 3978 3731 4049 ἐτύγχανον
3770 3972 3852 4052 πένέῖ

2338 4049 2548 4126 αὖτοῄὺςῗ
2593 4064 2916 4140 περιλήψεως
2971 4049 3197 4139 ἔχουσαι
3248 4049 3415 4130 οὕτως
3493 4069 3631 4139 (πρὸς
3694 4064 3762 4113 ἕνα
3814 4049 3852 4106 δέ

2336 4156 2554 4208 ἕκαστον
2620 4164 2719 4207 τῶν
2773 4160 3018 4208 τοιουτων
3070 4156 3438 4232 έγεγραφήκει)
3507 4158 3573 4217 ὡς
3647 4152 3753 4219 Ἐγὼ

2336 4247 2422 4296 τὸν
2453 4242 2508 4295 εκ
2537 4251 2629 4295 τοῦ
2659 4242 2920 4316 βασιλέως
2950 4243 3105 4317 φόϐον
3137 4242 3214 4318 [ιλ
3247 4246 3345 4317 75]
3380 4243 3429 4297 έν
3475 4251 3534 4317 τῇ
3587 4235 3752 4315 καρδίᾳ
3783 4248 3850 4305 μου

2337 4336 2495 4405 ἔχων,
2545 4338 2635 4385 καὶ
2688 4329 2882 4395 δεδιὼς
2931 4338 3002 4407 μή
3069 4339 3118 4387 τί
3179 4354 3279 4387 που
3352 4337 3501 4388 πάθω
3555 4328 3715 4393 δεινὸν,
3755 4325 3847 4395 φυγῇ

2337 4420 2673 4495 ἔχρησάμην·
2724 4423 2871 4495 ὑμεῖς
2920 4418 2979 4475 δὲ
3027 4429 3283 4496 φρονίμως
3346 4443 3438 4485 κας
3511 4417 3739 4493 ἀνδρικῶς
3782 4416 3849 4462 τῶν

2338 4520 2726 4586 στρατιωτικῶν
2784 4511 3215 4584 έγχειρισθέντων
3276 4510 3401 4587 ὑμῖν
3442 4511 3729 4586 πραγμάτων
3772 4499 3848 4551 ἀπ’

573 4579 943 4670 Subscriptio
982 4615 1272 4669 magnum
1306 4599 1588 4655 comitem
1617 4598 1789 4671 145
1842 4599 2057 4657 stabuli
2088 4616 2225 4657 con-

2336 4603 2545 4672 έχεσθε,
2595 4621 2684 4654 και
2742 4603 2796 4652 αἱ
2848 4600 3072 4673 φυλακαὶ
3123 4611 3220 4653 τῶν
3262 4602 3543 4675 πολιχνίων
3583 4602 3663 4649 καὶ
3707 4594 3845 4644 ἄστεων

571 4687 839 4745 notabat.
884 4689 979 4744 His
1009 4688 1333 4761 imperator
1378 4688 1581 4744 litteris
1625 4689 1907 4760 inspectis
1952 4690 2225 4748 animum

570 4779 759 4834 utmio
792 4778 1015 4849 gaudio
1045 4778 1409 4834 exhilaratus
1432 4777 1814 4833 sermonibus
1846 4779 1995 4835 meis
2039 4779 2223 4836 ﬁdem

570 4868 866 4924 adhibuit.

2336 4688 2584 4763 ἀσφαλεῖς
2621 4690 2877 4758 ἑστῶσαν,
2907 4696 2998 4744 καὶ
3027 4692 3057 4749 ἡ
3091 4698 3186 4755 τῆς
3221 4691 3429 4752 ἀπάσης
3455 4696 3624 4762 χώρας
3664 4676 3841 4757 προσοχέ

2333 4784 2424 4832 καὶ
2478 4785 2803 4852 συντήρησις
2864 4780 2987 4852 παρ’
3042 4781 3185 4853 ὑμῶν
3233 4783 3303 4843 ὡς
3358 4782 3465 4840 ἔθος
3529 4774 3737 4850 γενέσθω,
3786 4764 3845 4853 καί

2333 4870 2506 4931 καθὼς
2553 4867 2823 4942 ἐπράττετε
2878 4868 2991 4942 μετ’
3039 4867 3183 4943 ἐμοῦ,
3234 4874 3325 4923 καὶ
3387 4864 3532 4929 αὖθις
3570 4868 3746 4918 ποιεῖτε.
3778 4858 3845 4906 Και

570 4958 599 5015 ἡ
636 4956 891 5030 ἐπιγραφὴ
918 4961 1006 5009 τὸν
1036 4961 1198 5030 μέγαν
1228 4954 1569 5009 κονοσταῦλον
1592 4957 1858 5030 ἐσήμαίνε.
1893 4958 2100 5020 Ταΰτάς
2127 4960 2153 5011 6
2184 4957 2432 5031 βασιλεὺς
2463 4960 2779 5032 θεασάμενος
2801 4960 2889 5019 τὰς
2929 4942 3130 5033 γραφὰς
3180 4958 3362 5035 ἱλαρῶς
3413 4955 3601 5013 διετέθη
3645 4950 3745 5022 πρὸς
3786 4942 3843 4996 τί*

570 5046 819 5099 ὑπόθεσιν
850 5051 937 5098 καὶ
963 5054 1073 5108 τοῖς
1097 5046 1273 5119 λόγοις
1301 5066 1401 5120 μου
1429 5045 1853 5118 ἐμπεπίστευκεν.

641 5172 728 5225 65.
762 5168 877 5225 Sed
910 5169 1057 5227 dum
1087 5170 1206 5227 huc
1235 5171 1422 5228 oratio
1458 5171 1752 5244 perducta
1775 5171 2227 5242 est,inhistoria

2338 5172 2423 5237 ξί.
2495 5173 2751 5227 Ἐνταῦθα
2810 5170 2869 5228 δε
2916 5174 2965 5211 ⁸⁸
3009 5180 3102 5227 τοῦ
3151 5179 3303 5246 λόγου
3382 5175 3624 5245 γενόμενοι
3692 5162 3745 5214 τὰ
3782 5160 3843 5210 τῖε

641 5258 689 5293 ⁸⁴
748 5259 859 5315 D.:
911 5258 1049 5313 Ἐπεὶ
1104 5257 1162 5313 δε
1212 5262 1238 5312 ό
1278 5260 1633 5333 Παλαιο).όγος
1679 5260 1727 5313 ἐν
1778 5268 1889 5323 τοῖς
1941 5262 2105 5325 οἰκοις
2149 5271 2250 5315 τῶν
2305 5267 2680 5339 Τουρκομάνων
2730 5262 2964 5338 ἀφίκετο,
3021 5265 3188 5337 τούτῳ
3216 5245 3223 5246 7
3256 5266 3325 5327 ὡς
3408 5262 3589 5338 έρμαίῳ
3658 5245 3841 5319 ἐντυχάν·

1544 5405 1865 5468 Theodori
1906 5404 2140 5467 Dousae
2172 5410 2235 5468 et
2262 5406 2496 5469 Leonis
2524 5407 2743 5469 Allatii
2770 5412 2961 5470 notae.

639 5553 895 5631 (38λξοτι
916 5575 1031 5631 περ.
1062 5558 1369 5627 Gregoras,
1402 5572 1462 5630 p.
1499 5561 1585 5613 57.
1614 5559 1730 5614 Nec
1779 5555 2017 5613 diversa
2074 5562 2210 5613 sunt

562 5641 701 5702 quae
734 5627 998 5686 Phranza
1026 5627 1481 5687 commemorat.
1530 5635 1665 5685 ALL.

2320 5559 2430 5630 (59)
2495 5564 2673 5611 Ταῦτα
2735 5557 2923 5620 ἐκεῖνος
2989 5556 3256 5616 έπάνθανε.
3339 5554 3713 5627 Pachymeres,
3758 5534 3831 5591 libo

2298 5642 2336 5697 ι,
2369 5645 2421 5687 c.
2451 5633 2504 5687 9.
2539 5632 2677 5689 ALL.
