4042 6214
226 287 368 344 H57

227 412 482 485 ἱστορίας,
523 410 589 470 ὡς
641 405 758 462 δεον
804 409 967 480 ἐστὶν,
1021 411 1413 486 ἐμπλατύνωμεν
1448 433 1460 446 ο
1493 413 1690 466 πολλῶν
1724 418 1826 490 γὰρ
1859 421 1900 470 Α

223 497 391 571 λόγων
438 499 564 562 ἄξια
614 501 680 551 τά
734 498 783 550 ἓν
835 508 898 574 τῇ
948 510 1084 576 φυγῇ
1125 507 1440 574 γεγενημένα
1489 511 1581 555 τοῦ
1614 509 1825 576 Κομνη-

222 596 313 641 νοῦ
339 587 558 660 Μιχαὴλ
603 586 846 660 ἐγεγόνει,
889 590 1033 644 Ἐπεὶ
1083 595 1185 668 γὰρ
1237 591 1390 654 οὗτος
1435 589 1483 644 ἐν
1537 600 1648 655 τοῖς
1685 592 1830 652 οἰκή-

223 697 363 751 μασι
391 687 490 730 τῶν
519 679 896 750 Τουρκομάνων
948 677 1160 754 ἀφίκετο
1221 683 1381 750 (ἔθνος
1431 678 1492 734 δε
1537 689 1688 735 τοῦτο
1719 691 1830 745 τοῖς

223 769 405 843 ἄκροις
461 768 626 842 ὁρίοις
675 775 772 818 τῶν
831 774 1041 844 Περσῶν
1093 765 1363 845 ἔφεδρεῡον
1423 776 1513 824 καὶ
1579 767 1828 844 ἀσπόνδῳ

223 860 374 929 μίσει
421 861 559 908 κατὰ
611 861 876 928 Ῥωμαίων
917 864 1187 931 χρώμενον
1245 864 1336 911 καὶ
1393 858 1654 932 ἁρπαγαῖς
1714 867 1831 923 ταῖς

223 944 282 998 ἐκ
319 949 513 1000 τούτων
549 953 739 1019 χαῖρον
797 951 886 999 καὶ
941 953 1051 1010 τοῖς
1079 946 1136 1000 ἐκ
1164 947 1397 1022 πολέμων
1453 949 1659 1011 σκύλοις
1684 953 1830 1004 ἑπευ-

223 1040 580 1110 φραινόμενον,
634 1039 725 1088 καὶ
788 1039 904 1088 τότε
958 1033 1025 1096 δὴ
1095 1035 1284 1110 μᾶλλον
1367 1040 1520 1092 ὁπότε
1602 1042 1671 1092 τὰ
1729 1048 1828 1092 τῶν

225 1129 440 1198 Περσῶν
479 1122 780 1197 ἐκυμαίνετο
827 1129 918 1177 καὶ
955 1133 1067 1187 ταῖς
1123 1125 1178 1178 ἐκ
1225 1134 1324 1179 τῶν
1363 1133 1646 1202 Ταχαρίων
1701 1127 1826 1201 ἐφόο

221 1207 337 1274 δοις
365 1210 814 1288 συνεταράττετο),
842 1221 916 1285 τῷ
970 1221 1218 1288 Κομνηνῷ
1249 1216 1473 1287 Μιχαὴλ
1524 1219 1593 1278 ὡς
1633 1217 1829 1290 ἑρμαίῳ

218 1301 525 1375 ἐντυχόντες
569 1307 697 1371 τινὶ,
761 1307 848 1355 καὶ
907 1303 1088 1376 λίχνον
1127 1307 1275 1378 ὄμμα
1316 1313 1425 1369 τοῖς
1453 1306 1615 1359 αὐτοῦ
1642 1305 1830 1360 ἕπεϐα-

216 1393 392 1457 λόντες
430 1395 728 1469 πράγμασι,
759 1394 930 1447 πάντα
972 1396 1038 1448 τὰ
1093 1394 1252 1447 αὑτοῦ
1284 1391 1636 1468 διηρπάκασι,
1685 1416 1831 1472 χρυ-

221 1487 339 1553 σὸν,
403 1483 648 1558 ἄργυρον,
701 1483 912 1550 ἵππους,
966 1484 1254 1556 ὑφάσματα
1303 1489 1394 1536 καὶ
1452 1485 1588 1537 αὐτὰ
1643 1481 1711 1543 δὴ
1763 1489 1830 1538 τὰ

215 1569 494 1644 ἐνδύματα
539 1572 612 1634 οἷς
663 1573 712 1623 οἰ
759 1571 920 1624 αὑτοῦ
959 1569 1278 1630 ἐνεδίδυντο.
1336 1578 1738 1648 Διαμερίσαντες
1768 1570 1828 1628 δε

216 1665 318 1714 καὶ
371 1663 564 1720 πάντας
613 1662 731 1720 τοὺς
801 1658 1139 1732 ἐφεπομὲνους
1223 1659 1385 1732 αὐτῷ,
1464 1662 1681 1725 ἕκαστος
1737 1666 1826 1715 τόν

1729 292 2071 349 ANNALES.

3453 299 3590 356 1158

1941 416 2307 484 enarranda,
2335 416 2417 472 uti
2433 433 2543 489 par
2558 422 2663 489 est,
2697 416 2940 474 uberius
2970 418 3425 490 progrediamur
3452 437 3466 475 :
3500 419 3588 475 di-

1936 521 2056 574 gna
2070 506 2230 562 enim
2255 507 2733 563 consideratione
2759 514 2896 564 sunt
2915 525 3049 580 quae
3065 511 3214 565 inter
3234 509 3587 578 fugiendum

1935 595 2197 652 Michaeli
2228 597 2533 652 Comneno
2558 597 2846 663 accidere,
2887 599 3135 669 quando
3155 599 3251 654 hic
3279 598 3356 654 ad
3377 601 3586 654 Turco-

1935 700 2258 741 manorum
2291 685 2464 742 sedes
2505 687 2795 758 pervenit.
2847 690 3000 743 Gens
3052 689 3165 744 ista
3202 688 3264 743 in
3307 689 3588 744 extremis

1936 775 2249 830 Persarum
2267 774 2606 831 conﬁnibus
2629 776 2872 841 assidet,
2898 777 3038 832 odio
3064 777 3353 832 adversus
3372 781 3587 835 Roma-

1936 877 2048 920 nos
2068 863 2420 920 inexorabili
2457 871 2640 937 atque
2670 865 3010 939 inexpiabili
3033 867 3257 936 furens,
3290 872 3344 923 et
3365 868 3589 940 rapinis

1935 969 2134 1010 eorum
2149 957 2207 1009 et
2222 953 2445 1009 bellicis
2461 953 2664 1026 spoliis
2690 954 3000 1010 admodum
3015 955 3287 1027 gaudens
3301 957 3589 1025 gestiens-

1935 1058 2075 1115 que.
2106 1043 2172 1099 Hi
2205 1048 2342 1098 tunc
2365 1042 2651 1115 temporis
2677 1043 3080 1114 potissimum,
3111 1060 3244 1100 cum
3279 1047 3589 1102 Persarum

1919 1147 2030 1188 res
2060 1131 2340 1188 titubaret
2383 1136 2440 1188 et
2480 1131 2907 1188 Tachariorum
2960 1134 3389 1205 irruptionibus
3443 1135 3588 1192 aﬂli-

1937 1226 2214 1284 ctaretus,
2247 1221 2307 1276 in
2357 1221 2696 1277 Michaelem
2731 1224 3104 1278 Comnenum
3143 1223 3387 1279 obvium
3429 1224 3589 1282 velut

1933 1309 1998 1366 in
2012 1309 2358 1364 thesaurum
2379 1325 2418 1380 q
2429 1307 2710 1364 uemdam
2728 1309 3078 1380 incidentes,
3093 1317 3147 1365 et
3158 1311 3363 1366 oculos
3376 1327 3588 1369 avaros

1933 1399 1996 1453 in
2021 1397 2177 1453 illius
2204 1397 2668 1469 suppellectilem
2693 1398 3097 1466 conjicientes,
3133 1400 3412 1456 universa
3431 1401 3589 1457 illius

1933 1488 2207 1559 praedam
2235 1491 2440 1555 agunt,
2475 1502 2714 1551 aurum,
2743 1492 3081 1556 argentum,
3107 1503 3317 1559 equos,
3345 1489 3584 1558 textilia,

1933 1574 2095 1646 ipsas
2125 1573 2302 1629 etiam
2325 1579 2540 1642 vestes,
2561 1573 2784 1646 quibus
2809 1574 3074 1645 quicum
3105 1589 3176 1629 eo
3207 1581 3376 1631 erant
3412 1575 3584 1649 146

1932 1661 2357 1718 induebantur.
2394 1661 2596 1718 Socios
2627 1677 2871 1734 quoque
2900 1661 3057 1717 illius
3085 1661 3309 1718 divisos
3331 1664 3588 1736 quisque

216 1753 618 1824 κατισχημίνον
684 1749 755 1812 εἰς
806 1749 998 1803 οἰκείαν
1055 1747 1291 1805 δουλείαν
1346 1752 1591 1824 ἠγάγετο.
1650 1752 1710 1805 Ὀ
1767 1748 1827 1805 δὲ

1935 1768 2075 1809 suos
2095 1752 2156 1808 in
2183 1751 2490 1824 propriam
2521 1751 2862 1807 servitutem
2901 1751 3170 1808 adduxit.
3199 1753 3442 1809 Michael
3463 1769 3588 1809 ser-

223 1843 494 1913 Κομνηνός
568 1837 792 1911 Μιχαὴλ
869 1843 1020 1912 μόγις
1069 1847 1256 1916 χεῖρας
1301 1843 1495 1894 τούτων
1535 1837 1826 1914 διεκφυγὼν

219 1934 319 1982 καὶ
373 1936 505 1984 Θεοῦ
554 1933 770 2004 προνοίᾳ
826 1924 1110 1991 διασωθεὶς
1149 1934 1342 2004 γυμνὸς
1395 1929 1628 1984 ἁπάντων
1682 1934 1828 2005 παρά

220 2023 321 2072 τόν
356 2020 677 2092 Περσάρχην
729 2015 960 2090 ἀφίκετο.
1005 2017 1064 2070 ’0
1122 2015 1181 2071 δὲ
1237 2019 1298 2072 οὐ
1360 2021 1496 2072 κατά
1523 2019 1702 2078 νέηλυν
1729 2041 1825 2093 φυ-

218 2105 374 2182 γάδα
399 2115 578 2161 τοῦτον
609 2103 820 2171 ἐδέξατο
853 2109 987 2175 (40),
1021 2105 1127 2160 ἀλλ’
1179 2107 1414 2182 ἀσμένως
1469 2109 1582 2162 λίαν
1625 2115 1825 2184 προσή-

219 2217 372 2252 κατο.
420 2195 499 2250 Τό
555 2215 612 2249 τε
669 2199 772 2271 γάρ
849 2195 1048 2270 εὐγενες
1094 2204 1186 2250 τοῦ
1248 2194 1438 2272 ἀνδρὸς
1489 2196 1824 2271 ἐμεμαθήκει,

221 2292 319 2340 καὶ
380 2287 560 2347 πάντες
642 2287 693 2338 οἱ
767 2286 901 2358 μετά
969 2293 1060 2338 τοῦ
1138 2289 1454 2362 Περσάρχου
1523 2295 1827 2360 μεγιστᾶνες

223 2374 485 2436 τελοῦντες
513 2377 571 2427 τό
611 2370 748 2436 εἶδος
804 2373 965 2426 αὐτοῦ
1022 2379 1112 2428 καὶ
1165 2378 1225 2428 τό
1271 2381 1511 2451 φρόνημα
1551 2378 1821 2450 τεθαυμά-

222 2484 379 2532 κασι,
417 2468 508 2518 καὶ
546 2465 572 2516 ὅ
619 2468 750 2536 φησί
780 2482 855 2524 τις
883 2471 982 2515 τῶν
1034 2462 1288 2527 παλαιῶν,
1328 2462 1632 2540 τυραννίδος
1682 2465 1827 2528 οἶξιον

230 2556 458 2628 ἔκριναν.
506 2553 590 2613 Εἰς
626 2553 830 2624 ὀλίγους
883 2551 986 2627 γάρ
1039 2552 1180 2624 αὐτῷ
1247 2552 1497 2616 ξυνιόντες
1558 2553 1744 2626 λόγους
1772 2552 1828 2606 ἔκ

235 2640 486 2717 βραχέων
511 2647 602 2703 τὴν
627 2650 714 2695 τοῦ
753 2639 940 2715 ἀνδρὸς
994 2641 1366 2714 ίπεγνώκεισαν
1409 2647 1780 2720 σταθηρότητα
1809 2665 1823 2678 θ

226 2735 326 2788 τήν
352 2750 405 2783 τε
448 2733 546 2806 γὰρ
595 2731 753 2783 αὐτοῦ
809 2735 1192 2804 στρατιωτικὴν
1239 2728 1583 2807 ἐτεκμήραντο
1635 2735 1827 2805 τέχνην

223 2824 319 2872 καὶ
396 2824 489 2879 τὴν
563 2817 612 2872 ἰν
676 2826 782 2880 τοῖς
835 2819 1080 2892 πολέμοις
1132 2817 1421 2894 ἀκρίϐειαν,
1481 2825 1572 2874 καὶ
1622 2823 1686 2882 ὡς
1733 2821 1828 2874 οὐκ

219 2905 400 2972 ἀδαὴς
453 2907 512 2960 ἂν
573 2911 651 2967 εἴη
702 2917 801 2961 τῶν
852 2913 1220 2982 προσηκόντων
1273 2907 1322 2961 ἓν
1377 2911 1603 2983 μάχαις.
1659 2911 1826 2984 Χάριν

218 3000 316 3071 μὲν
374 2993 460 3050 οὖν
516 3005 616 3049 τῶν
679 2995 1059 3072 ἐσκυλευμένων
1111 2997 1272 3050 αὐτοῦ
1346 3001 1668 3073 πραγμάτων
1733 3004 1824 3050 καὶ

216 3095 327 3140 τῶν
385 3083 865 3176 διαμεμερισμένων
944 3087 1212 3162 ὑπηρετῶν
1272 3091 1472 3176 γραφαὶ
1517 3094 1611 3140 τοῦ
1679 3087 1827 3140 σουλ·
1867 3121 1907 3176 c

215 3177 402 3247 τοίνου,
433 3175 479 3228 εἰ
504 3180 596 3228 καὶ
648 3175 716 3237 εἰς
740 3177 929 3247 μάτην,
959 3179 1284 3248 γεγένηνται,
1319 3175 1382 3226 ἵν’
1431 3173 1827 3248 ἔπισυναχθεῖεν

216 3267 297 3320 τὰ
339 3267 512 3319 πάντα
560 3269 650 3318 καὶ
700 3266 887 3328 πάντες
943 3269 1032 3317 καὶ
1071 3263 1451 3338 ἐπικομισθείεν
1480 3263 1641 3336 αὐτῷ.
1685 3264 1827 3318 Ἐπεὶ

220 3351 293 3409 δὲ
321 3355 406 3409 ἐπὶ
438 3354 596 3430 ξυροῦ
654 3352 823 3427 ἀκμῆς
849 3355 918 3406 τὰ
944 3363 1040 3416 τῆς
1089 3356 1277 3426 μάχης
1331 3357 1510 3426 σφίσιν
1557 3352 1828 3426 ἐφίστατο,

214 3473 303 3486 --
344 3445 395 3498 οἱ
443 3463 496 3498 τε
546 3445 650 3519 γὰρ
723 3446 988 3518 Ταχάριοι
1032 3445 1099 3496 τὰ
1145 3443 1303 3496 πλείω
1347 3450 1445 3505 τῆς
1501 3449 1680 3517 χώρας
1730 3450 1830 3496 τῶν

217 3532 655 3606 Μουσουλμάνων
707 3531 1010 3604 ληίσάμενοι
1070 3537 1188 3608 περὶ
1251 3534 1319 3584 τὰ
1369 3531 1573 3608 Ἃξαρα
1637 3531 1831 3606 ἄστρα-

218 3619 636 3692 τοπεὸεύσαντο,
677 3628 826 3676 πᾶσα
875 3617 934 3675 δε
974 3619 1171 3693 ἀνάγκη
1227 3617 1288 3680 ἦν
1343 3626 1433 3674 καὶ
1487 3625 1617 3696 πρὸς
1646 3623 1830 3694 μάχην

217 3715 358 3773 τοὺς
403 3715 610 3785 Πέρσας
681 3709 989 3769 ἀντιστῆναι
1059 3717 1164 3771 τοῖς
1237 3715 1544 3786 Ταχαρίοις.
1596 3714 1694 3764 Τὸν
1740 3713 1832 3784 μεν

220 3798 327 3856 οὖν
385 3803 646 3874 Κομνηνόν
679 3798 760 3872 [Ρ.
797 3798 890 3873 76]
948 3798 1174 3872 Μιχαὴλ
1232 3797 1304 3860 εἰς
1327 3800 1559 3872 ἡγεμόνα
1589 3799 1702 3871 (41)
1732 3808 1832 3852 τῶν

218 3898 565 3966 Χριστιανῶν
625 3891 1023 3964 στρατευμάτων
1073 3890 1124 3941 οἰ
1186 3892 1385 3961 Πέρσαι
1462 3885 1592 3941 εἶναι
1659 3885 1832 3942 διετά-

219 3980 409 4045 ξαντο.
434 3976 494 4032 Ὀ
537 3974 597 4032 δε
648 3977 760 4032 ἐπεὶ
811 3976 860 4030 ἐν
913 3973 1182 4051 ἀλλοδαπῇ
1252 3975 1531 4049 ἐτύγχανεν
1562 3976 1653 4045 ὢν,
1701 3995 1835 4050 συμ-

219 4075 428 4144 μαχεῑν
485 4071 574 4142 μεν
628 4065 1061 4140 Μουσουλμάνοις
1133 4064 1444 4150 ἀπευκταῖον
1503 4067 1700 4138 ἠγεῖτο,
1761 4071 1832 4139 μή

225 4175 384 4225 ποτε,
409 4160 478 4220 ὡς
520 4158 737 4229 ἔφασκεν
795 4175 962 4227 ουτος,
1022 4154 1073 4208 ἐν
1127 4158 1282 4229 μάχη
1337 4158 1496 4209 πεσόν
1543 4157 1602 4208 τὸ
1630 4153 1834 4219 εὐσεϐὲς

221 4247 370 4320 αἷμα
431 4247 623 4319 αἱμασι
686 4246 1098 4318 συνανακραθείη
1151 4244 1380 4306 ἀνοσίοις
1451 4249 1542 4298 καὶ
1598 4242 1832 4314 ἀσεϐέσι,

217 4338 418 4411 χάριτι
457 4331 516 4388 δέ
566 4335 679 4407 θείᾳ
734 4333 1081 4409 ἀναρρωσθεὶς
1138 4340 1229 4388 καὶ
1279 4342 1509 4407 γενναῖον
1568 4332 1833 4388 ἀναλαϐὼν

221 4429 476 4500 φρόνημα
538 4426 665 4497 πρὸς
729 4427 824 4482 τὴν
897 4425 1081 4495 μάχην
1139 4422 1429 4498 ἐξώρμησε.
1483 4426 1553 4477 Τό
1601 4426 1692 4496 μεν
1746 4417 1834 4476 οὖν

1933 1847 2126 1908 vatus,
2155 1840 2448 1913 spoliatus
2496 1840 2779 1896 omnibus
2805 1840 2880 1896 ad
2917 1842 3235 1898 Persarum
3255 1841 3588 1915 principem

1933 1930 2256 1996 confertur,
2278 1930 2380 2002 qui
2408 1945 2546 1985 eum
2577 1945 2700 1984 non
2739 1934 3033 2002 tanquam
3076 1931 3453 2000 transfugam
3484 1931 3589 1988 ad-

1931 2035 2152 2076 venam
2181 2020 2430 2092 excepit,
2459 2018 2566 2074 sed
2589 2035 2776 2091 quam
2807 2018 3244 2075 humanissime
3275 2020 3586 2076 hominem

1933 2109 2249 2182 amplexus
2296 2114 2386 2164 est
2427 2107 2559 2177 (viri
2598 2122 2866 2180 namque
2896 2107 3270 2164 nobilitatem
3307 2125 3586 2182 percepe-

1932 2200 2064 2268 rat),
2089 2203 2146 2254 et
2170 2213 2382 2254 omnes
2423 2198 2590 2266 regni
2617 2211 2894 2268 proceres
2942 2195 3139 2252 forma
3175 2196 3336 2253 illius
3383 2203 3441 2254 et
3491 2214 3589 2256 co-

1934 2286 2323 2356 gitationibus
2347 2285 2860 2357 obstupescentes,
2884 2285 3050 2357 quod
3077 2285 3465 2358 antiquorum
3487 2303 3588 2344 ne-

1935 2377 2057 2432 scio
2105 2377 2242 2449 quis
2279 2376 2529 2444 dixerat,
2577 2375 2830 2445 dignum
2871 2375 3126 2447 imperio
3168 2375 3517 2446 judicarunt
3571 2392 3586 2431 :

1933 2465 2483 2539 paululumetenim
2505 2480 2644 2520 cum
2661 2479 2732 2519 eo
2749 2464 3058 2535 congressi
3078 2479 3151 2520 ex
3166 2463 3406 2519 modico
3427 2463 3587 2519 illius

1934 2555 2117 2611 effatu
2147 2559 2494 2610 constantes
2533 2569 2604 2610 ac
2632 2550 2843 2610 ﬁrmos
2875 2553 3139 2608 hominis
3186 2568 3386 2609 mores
3428 2569 3590 2610 asse-

1935 2643 2050 2700 cuti
2081 2648 2240 2710 sunt,
2267 2642 2426 2697 unde
2447 2640 2602 2697 illius
2623 2657 2684 2697 1n
2715 2646 2839 2698 arte
2869 2641 3110 2698 militari
3136 2642 3494 2698 industriam
3533 2645 3592 2698 et

1934 2733 1996 2790 in
2017 2732 2195 2788 rebus
2215 2731 2441 2788 bellicis
2476 2731 2888 2801 sagacitatem,
2916 2747 3025 2787 nec
3054 2746 3176 2788 non
3197 2731 3258 2786 in
3293 2730 3589 2788 conﬂicti-

1935 2823 2052 2878 bus
2091 2819 2517 2893 experientiam
2572 2826 2979 2893 opportunam
3021 2820 3366 2890 conjectura
3409 2821 3590 2876 etiam

1935 2925 2316 2983 prospexere.
2349 2909 2529 2981 Igitur
2552 2925 2660 2980 pro
2677 2914 2852 2981 rapta
2877 2908 3237 2980 supellectile
3263 2909 3590 2980 divisisque

1934 2999 2179 3056 famulis
2208 2999 2634 3070 recuperandis
2654 2997 2898 3066 litteras,
2930 2999 3036 3052 etsi
3059 2997 3293 3062 frustra,
3319 2997 3590 3053 sultanus

1935 3088 2202 3155 dederat,
2233 3093 2298 3142 ut
2326 3086 2531 3142 omnia
2558 3085 2620 3140 in
2646 3102 2836 3141 unum
2865 3085 3174 3141 recollecta
3203 3085 3316 3157 ipsi
3339 3085 3592 3142 remitte-

1935 3183 2158 3236 rentur.
2179 3178 2394 3231 Verum
2417 3190 2556 3230 cum
2570 3174 2631 3228 in
2644 3173 3266 3230 extremodiscrimine
3280 3188 3374 3229 res
3399 3173 3592 3231 belica

1935 3272 2010 3333 et,
2046 3265 2215 3338 quod
2257 3265 2441 3327 aiunt,
2479 3263 2540 3319 in
2581 3262 2895 3319 novaculae
2929 3263 3056 3319 acie
3107 3268 3440 3318 versaretur
3467 3266 3592 3331 (Ta-

1937 3355 2123 3413 cbarii
2140 3353 2365 3427 quippe
2387 3352 2742 3425 plerumque
2765 3351 3206 3410 Musulmanicae
3227 3351 3467 3408 ditionis
3496 3369 3592 3410 oc-

1938 3448 2226 3515 cupatum
2277 3441 2684 3513 expilaverant
2713 3445 2770 3498 et
2797 3440 2962 3514 apud
2987 3446 3183 3497 Axara
3212 3445 3408 3506 castra
3435 3441 3594 3500 loca-

1937 3536 2190 3602 verant),
2235 3529 2698 3603 impellenteque
2743 3529 3093 3588 necessitate
3132 3533 3320 3586 Persae
3371 3529 3450 3586 ad
3487 3547 3596 3604 pu-

1939 3639 2122 3694 gnam
2141 3637 2282 3678 eum
2303 3620 2603 3678 Tachariis
2624 3619 3082 3676 instaurandam
3100 3625 3471 3690 urgerentur,
3500 3620 3596 3676 Mi-

1939 3711 2210 3770 chaelem
2233 3714 2607 3769 Comnenum
2637 3709 2980 3766 Christianis
3010 3710 3358 3766 cohortibus
3382 3709 3595 3783 praasi-

1939 3801 2079 3858 dere
2116 3800 2454 3857 decrevere.
2503 3799 2601 3855 Ille
2653 3799 2904 3856 extorris
2957 3803 3015 3855 et
3069 3798 3130 3854 in
3189 3798 3384 3855 aliena
3441 3803 3598 3857 terra

1939 3889 2227 3947 oberrans
2256 3888 2476 3944 auxilio
2509 3903 2618 3944 suo
2661 3887 3052 3945 Musulmanis
3084 3888 3399 3944 subvenire
3431 3887 3598 3944 nefas

1941 3995 2070 4036 esse
2093 3977 2373 4048 ducebat,
2419 3992 2494 4032 ne
2516 3977 2668 4033 inter
2685 3975 3108 4050 pugnandum,
3138 3981 3202 4032 ut
3230 3977 3329 4032 ille
3359 3992 3598 4032 asseve-

1938 4067 2136 4138 rabat,
2159 4066 2397 4139 piorum
2419 4064 2585 4138 147
2610 4064 3068 4137 sanguisimpiis
3082 4081 3152 4120 ac
3175 4064 3598 4120 consceleratis

1941 4155 2341 4227 sanguinibus
2377 4155 2835 4212 immisceretur.
2879 4154 2994 4211 Sed
3029 4154 3194 4210 enim
3225 4154 3428 4209 divino
3449 4170 3599 4226 praa-

1944 4245 2096 4302 sidio
2114 4243 2316 4310 fretus,
2331 4248 2389 4299 et
2400 4248 2642 4300 mentem
2656 4241 2913 4298 induens
2925 4257 3302 4312 generosam,
3326 4257 3600 4314 pugnam

1943 4333 2275 4392 committit.
2296 4335 2436 4389 Pars
2456 4333 2655 4404 itaque
2681 4331 2993 4401 exercitus,
3013 4347 3148 4402 quae
3175 4329 3288 4386 sub
3321 4331 3600 4386 Michaele

1943 4427 2250 4482 Comneno
2281 4438 2453 4480 armo
2482 4421 2788 4488 movebat,
2820 4419 3104 4476 adversos
3135 4419 3250 4475 sibi
3278 4421 3600 4477 'l‘acharios

221 4533 320 4588 τες
364 4515 428 4565 τά
474 4513 634 4565 αὐτοῦ
701 4508 1082 4586 διηρπάκασιν.
1157 4512 1320 4572 Οὗτος
1395 4509 1454 4564 δὲ
1492 4586 1499 4588 _
1537 4516 1708 4588 μόγις-
1768 4509 2059 4588 διαφυγὼν
2103 4516 2328 4588 ,γυμνός
2409 4516 2528 4588 περὶ
2608 4513 2696 4588 τόν
2779 4511 3098 4588 Περσάρχην
3151 4507 3374 4588 ἀφίκετο.
3539 4506 3600 4588 δὲ

225 4586 487 4658 ἀσμένωςΔ
528 4591 710 4636 τοῦτον
771 4579 1096 4658 προσήκατο,
1145 4589 1247 4658 Δειοιὶ.
1313 4586 1509 4656 γραφαὶ
1538 4579 1548 4584 ’
1579 4579 2018 4658 στίλλονταίὶνα
2061 4579 2523 4656 τόίέὼιυλευμέιὶα
2603 4580 2656 4646 ἐξ
2706 4579 2892 4658 Δαιξτοζυ
2958 4579 3355 4658 ἰπικομισθείεν
3400 4581 3596 4658 αὐτῷ.

227 4648 379 4712 Ἐπεὶ
436 4651 488 4710 δ’
545 4657 593 4708 οἱ
647 4648 913 4728 Ταχάριοι
979 4658 1045 4708 τὰ
1082 4648 1260 4728 ⁷πλείω
1320 4648 1442 4706 ’τῶν
1498 4655 1918 4728 Μουσουλμάνων
1986 4655 2249 4728 ἐληΐζοντο
2323 4648 2414 4706 καὶ
2493 4658 2611 4727 περὶ
2664 4654 2731 4704 τά
2775 4651 2980 4728 ’Ἃξαρα
3035 4648 3598 4728 ἐστ’ρατοπεὸευσαντο,

226 4730 256 4781 ὀ
318 4730 583 4800 Κομνηνὸς
637 4721 862 4800 Μιχαὴλ
933 4731 1022 4784 τὴν
1097 4727 1376 4800 ἠγεμονίαν
1446 4733 1545 4777 τῶν
1614 4721 1910 4799 Ῥωμάίκῶν
1987 4723 2198 4797 εἰληφὼς
2275 4721 2566 4800 στρατιῶν’
2615 4729 2703 4776 καὶ
2786 4721 2976 4800 χάριτι
3063 4721 3189 4800 θείᾳ.
3226 4721 3599 4800 ,ἀναρρωσθεὶς

226 4749 256 4781 o
320 4747 583 4800 λομνηνος
639 4747 735 4780 Mt“
762 4747 862 4785 αηΑ
933 4747 1022 4784 την
1097 4747 1376 4800 ηγεμονιαν
1446 4747 1545 4777 των
1630 4747 1910 4799 ι’ωμαεκων
1987 4747 2198 4797 ειΛηφως
2275 4747 2530 4800 στρατιων
2615 4747 2703 4776 και
2786 4747 2976 4797 χαριτι
3063 4747 3177 4794 euq:
3251 4747 3599 4796 αναρρωσσεις

225 4801 367 4873 πρὸς
446 4800 631 4872 μάχην
705 4747 990 4871 ἐξώρμησε,
1050 4803 1140 4850 καὶ
1195 4801 1312 4859 τοὺς
1371 4801 1676 4915 Τοὲχαρίους
1753 4803 2002 4866 νενίκηκε,
2087 4805 2286 4870 πρῶτος
2363 4800 2450 4848 τόν
2531 4804 2735 4868 πρῶτος
2813 4797 3007 4847 τούτων
3089 4792 3290 4915 falcis.
3362 4796 3462 4845 Καί
3524 4810 3603 4853 τις

229 4873 645 4915 Ἀιιυοανούοῃε
721 4873 779 4915 τὸ
851 4869 940 4915 ὑπ’
1007 4868 1164 4915 αὐτὸν
1258 4867 1420 4915 nulla
1455 4874 1524 4915 ὡν
1581 4869 1881 4915 στράτευμα
1951 4873 2064 4915 τοῖς
2122 4870 2416 4915 Ταγαοίοιε
2473 4873 2848 4915 ποοσώονιῃσε-
2899 4863 3082 4915 χάντεῦ
3121 4883 3168 4915 εν
3216 4881 3266 4915 οι
3327 4859 3601 4915 διώκοντες

229 4859 645 4944 ’Ᾰμυραχοιξρης
721 4859 810 4922 τὸ’
836 4859 940 4922 ’ὑπ’
977 4859 1164 4922 ἀὐτόν
1258 4859 1539 4922 συλλαϐῶν
1581 4869 1881 4944 στράτευμα
1951 4859 2064 4944 τοὶς
2122 4859 2848 4944 Ταχαρίοιςλπρόσώρμησε,
2899 4859 3168 4944 κάντειξθεν
3216 4865 3292 4944 οἰ.
3327 4859 3601 4944 διώκοντες

232 4931 487 5016 εφὲυορονῗ
526 4931 778 5016 Ἔπεπτον
843 4948 965 5012 γοῦν
1023 4944 1223 5015 Πέρσαι
1277 4945 1492 5016 συχνοί.
1553 4931 1732 5016 Μέχρι
1985 4939 2084 5016 οὖν.
2142 4931 2352 5011 μακρῶν
2420 4931 2798 5016 διαστημάτων
2832 4931 2841 4935 ’
2873 4939 2967 5016 τήν
2991 4931 3201 5016 ,δίωξιν
3223 4935 3296 5016 Δοἱ.
3335 4939 3606 5016 νενικηκό-

233 5002 315 5074 τες
365 5002 705 5071 ’πεποίηνταα
746 5002 1004 5084 γ’0’γοιίν
1081 5002 1390 5084 Κομνηνόρςζ
1433 5002 1686 5084 Μιχαὴλ“
1739 5002 1944 5084 συμϐἁν
2027 5002 2163 5084 οὗτὼ
2233 5002 2305 5079 τῷ
2332 5002 2632 5084 --μεγ-ίςτῳ’
2668 5002 3112 5084 στρατοπιᾷάρχη
3177 5012 3277 5084 ¹τῶν
3335 5011 3604 5084 Περσικῶν

237 5086 669 5163 στρατευμάτων,
732 5083 786 5137 ὃν
854 5075 1206 5163 τέεκλάρπακὶν
1277 5075 1460 5163 etaiam
1509 5075 1744 5163 ’Πέρσαι
1780 5075 1974 5149 κάλείν,
2029 5081 2203 5163 ξυνῄεΙι
2253 5075 2382 5132 καθ’
2443 5075 2600 5163 ζόὸξόν,
2653 5075 2743 5163 καί
2796 5075 3122 5163 ἐπορεξοντο,
3145 5075 3352 5163 πλείουνς
3405 5075 3605 5163 ἦμέρας

237 5138 556 5229 ἰφὲπομένων
637 5138 751 5229 τῶν,
810 5138 1085 5227 πολεμίων.
1145 5155 1284 5210 Ἐπεὶ
1343 5152 1402 5208 δε
1471 5157 1502 5214 ἠ
1561 5138 1653 5206 τδῦ
1707 5138 1981 5227 λεγομένου
2029 5138 2358 5229 πεκλάρπακι
2411 5151 2553 5203 οἰκία
2585 5138 2724 5229 ἶπερὶ
2787 5138 2898 5229 τὴν¹
2941 5150 3283 5222 Καστάμοναν
3310 5145 3392 5220 ἦν,
3442 5138 3607 5202 ἒκέῖσε

246 5227 281 5244 )—
375 5233 383 5242 Ι

237 5217 587 5300 ἐγεγόνεισαν.
617 5230 688 5282 Τό
719 5223 780 5280 δε
809 5235 909 5279 τῶν
931 5217 1200 5300 ’Ταχαοίων
1228 5229 1374 5299 γένος
1403 5232 1579 5279 πᾶσαν
1602 5230 1698 5284 τὴν
1728 5217 1838 5279 ὗπὸ
1857 5229 1976 5286 τοὺς
2005 5217 2448 5297 Μουσουλμάνους
2471 5217 2767 5296 κατέδραμε
2794 5226 2998 5295 χώραν.

1131 5349 1477 5419 Theodori
1525 5351 1777 5419 Dousae
1823 5361 1892 5421 et
1937 5347 2191 5418 Leonis
2238 5347 2474 5417 Allatii
2523 5355 2725 5416 notae.

317 5487 428 5558 (£0)
464 5484 659 5559 Τοῦτον
703 5479 938 5548 ἐδέξατο.
986 5489 1296 5557 Gregoras,
1349 5485 1458 5559 lib,
1509 5501 1590 5557 iu,
1643 5501 1713 5558 p.
1752 5489 1840 5543 58.

1950 5501 2010 5559 p.
2035 5485 2128 5543 58.
2161 5486 2244 5540 Ex
2274 5485 2534 5556 Gregora
2563 5497 2675 5540 sua
2698 5478 3222 5554 habuithhranza,
3264 5477 3371 5537 lib.
3418 5495 3458 5550 ι,
3501 5475 3606 5534 c.2

243 5558 694 5630 Pachymerius,
721 5573 781 5630 p.
812 5561 904 5616 25.
934 5563 1074 5617 ALL.
1439 5558 1442 5559 ⁷
1951 5558 2090 5614 ALL.

321 5629 428 5704 (41)
500 5633 598 5684 Τὸν
682 5629 948 5704 nam»
1027 5629 1095 5693 εἰς
1187 5631 1434 5704 ἡγεμόνα.
1525 5631 1840 5702 Gregoras,
