4042 6214
625 256 764 334 446.3

620 466 769 521 tium
800 464 1021 529 audivi,
1053 478 1176 536 qua
1200 461 1362 535 potui
1386 456 1692 529 diligentia
1742 455 1983 521 litteras,
2036 454 2260 527 quibus

618 571 753 628 quae
784 558 1104 609 evenerant
1150 550 1373 619 indico,
1445 548 1524 603 ad
1581 543 1921 601 Michaelem
1964 544 2260 599 Lascarim

615 644 782 699 mitto
811 642 905 697 cui
936 646 992 696 et
1014 640 1393 711 Pelagoniam
1428 651 1762 703 accessum,
1792 640 1855 689 ut
1876 650 1945 689 eo
1959 632 2259 705 profectus

612 738 669 787 et
696 730 957 786 amboin
982 745 1171 784 unum
1193 732 1497 789 coeuntes,
1516 725 1590 779 de
1612 723 1790 778 rebus
1819 738 1956 794 quae
1986 738 2106 793 prie
2136 738 2262 776 ma-

612 820 790 877 nibus
820 823 1004 880 erant.
1038 818 1355 873 consilium
1378 815 1682 871 iniremus.
1714 811 1908 866 Ambo
1933 826 2074 880 ergo
2098 810 2258 865 Pela-

615 909 857 980 goniam
897 907 1335 980 progredimur.
1370 904 1691 960 Nobiscum
1736 900 2033 955 Scuterius
2055 900 2259 971 Xyleas

615 999 966 1055 advenerat:
990 999 1032 1066 1
1050 998 1099 1068 5
1114 999 1156 1066 1
1178 1012 1315 1052 eum
1336 994 1487 1050 enim
1509 992 1761 1047 militiam
1792 992 2025 1045 doctum
2048 990 2252 1045 velsal-

616 1093 733 1144 tem
748 1091 1157 1143 Romanorum
1170 1084 1320 1157 parti
1331 1099 1429 1138 um
1446 1082 1737 1139 fautorem
1765 1079 2179 1135 existimabam
2192 1096 2259 1133 us

613 1176 1109 1250 quandoquidem
1143 1180 1199 1230 et
1226 1170 1901 1246 imperator'fheodorus
1932 1184 2051 1223 non
2095 1169 2262 1224 aliter

611 1269 685 1324 de
708 1285 779 1323 eo
811 1267 1106 1323 sentiebat
1137 1282 1314 1333 ;nam
1342 1264 1661 1319 militarem
1693 1261 1785 1316 ille
1829 1260 2258 1331 experientiam

607 1373 733 1430 prae
760 1373 822 1411 se
849 1355 1094 1410 ferebat.
1120 1352 1578 1423 ostentabatque
1597 1367 1658 1405 se
1677 1366 1816 1419 erga
1836 1350 2258 1419 imperatorem

608 1444 987 1516 reliquosque
1012 1446 1316 1498 Romanos
1369 1456 1494 1511 qua
1536 1439 1803 1493 maxima
1846 1435 2258 1492 benevolentia

608 1535 783 1591 afﬁci.
818 1532 1221 1591 Convenimus
1256 1548 1268 1597 ;
1301 1527 2125 1586 deliberavimusMichaelem
2151 1528 2252 1582 La-

609 1624 824 1679 scarim
857 1638 994 1677 cum
1027 1621 1311 1676 universa
1341 1617 1596 1674 militum
1619 1632 1823 1683 manu,
1846 1618 2251 1672 Romanorum

1823 240 2102 299 GEORGII
2129 241 2594 319 Acnorou'm

619 376 779 435 fecit.
806 378 926 447 Ego
955 375 1157 448 itaque
1185 370 1402 444 Prilapi
1430 369 1673 441 degens,
1699 370 1766 421 ut
1790 366 2052 438 primum
2094 366 2263 435 ﬂagi-
2294 370 2342 439 Α

3755 267 3848 337 “ei

2324 370 2562 439 tractim;
2630 368 2895 443 ἁλώσιμος
2975 371 3213 445 ἐγεγόνει.
3264 376 3545 431 Τούντεύθεν
3586 382 3645 444 εἰς
3684 382 3851 441 ἄποπτα.

2374 461 2490 507 σίαν
2526 458 2675 548 -(46Α)
2759 464 2975 536 φανερὰν
3042 465 3068 513 ό
3135 465 3352 536 Μιχαὴλ
3398 467 3662 541 ἐξωρμὴκει.
3716 474 3854 548 Ἔγωγε

2371 548 2459 616 μὲν
2490 543 2577 597 οὖν
2628 543 2827 619 διάγων
2892 556 3009 625 περὶ
3065 557 3151 603 τόν
3202 553 3452 628 Πρίλαπον
3503 564 3603 631 περὶ
3647 570 3717 612 τοῦ
3748 543 3854 634 νεοίξ-

2370 639 2587 706 νημένου
2620 633 2887 711 δράματος
2918 638 3241 714 ἐπεπύσμην.
3284 643 3365 703 Ὠς
3417 641 3546 716 εἶχον
3594 658 3696 719 γοῦν
3742 633 3855 703 στον-

2372 720 2473 785 δῆς
2502 729 2626 798 πρὸς
2690 747 2777 778 τον
2832 732 3104 802 Λάσκαριν
3148 732 3366 802 Μιχαὴλ.
3418 736 3660 793 επιστολὴν
3704 738 3855 813 Emma-

2371 832 2498 884 φειν,
2532 818 2597 866 τὰ
2645 816 3009 889 ξυμϐεϐηκότα
3048 824 3211 891 τούτῳ
3265 819 3358 874 διὰ
3416 828 3596 887 ταύτης
3621 822 3856 895 chlamida,

2368 902 2571 955 καὶέπὶ
2614 909 2708 963 την
2760 908 3073 978 Πελαγονίαν
3131 909 3357 982 ἀφῖχθαι
3403 922 3569 965 τουτον
3612 920 3856 989 γεοίραφηχα,

2369 1012 2437 1052 ως
2468 991 2527 1042 ἆν
2575 998 2665 1045 καὶ
2716 996 2871 1057 αὐτὸς
2915 995 3190 1069 ἀφιγμένος
3240 1000 3400 1052 ἐκεῖσε
3427 1009 3512 1053 καὶ
3563 1005 3692 1076 ἄμφω
3738 1008 3790 1067 εἰς
3828 1010 3857 1057 ἐι

2367 1087 2630 1151 γεγονότες
2674 1089 2791 1158 περὶ
2851 1095 2951 1136 τῶν
3033 1085 3126 1138 ἀνὰ
3178 1096 3365 1161 χεῖρας
3437 1092 3551 1163 ημῖν
3625 1100 3859 1167 πραγμάτων

2368 1174 2461 1226 την
2516 1170 2809 1242 ξυμϐουλὴν
2866 1178 3241 1247 ποιησαίμεθα.
3327 1180 3627 1252 Ξυνηλθομεν
3672 1192 3767 1253 γοῦν
3802 1190 3859 1235 καὶ

2367 1259 2521 1329 ἄμφω
2547 1258 2596 1310 ἐν
2622 1268 2681 1317 τῆ
2721 1261 3027 1335 Πελαγονίᾳ,
3069 1270 3158 1315 καὶ
3226 1265 3337 1337 μεθ’
3384 1269 3520 1339 ἡμῶν
3564 1276 3640 1321 καὶ
3676 1273 3697 1321 ό
3733 1272 3859 1331 Ξνὶέας

2367 1353 2686 1420 Σκουτέριος.
2778 1350 3217 1426 ’Υπελαμϐάνομεν
3291 1359 3391 1428 γὰρ
3471 1357 3611 1408 αὐτόν
3666 1360 3859 1428 οἱνθρωτσι

2368 1442 2737 1509 στρατιωτικόν
2799 1437 2929 1491 εἶναι
2991 1442 3020 1498 ἡ
3089 1441 3183 1492 κᾶν
3230 1443 3599 1519 ῥωμαιόφρονα·
3674 1454 3745 1499 καὶ
3794 1454 3859 1519 γὰρ

2364 1528 2506 1576 καὶὸ
2567 1525 2815 1599 βασιλεὺς
2872 1526 3142 1603 Θεόδωρος
3197 1532 3387 1590 πολλὴν
3439 1540 3545 1608 περὶ
3593 1536 3725 1588 α’)τοῦ
3770 1539 3860 1608 εἴκει

2363 1615 2642 1686 ὑπόληψιν,
2705 1625 3059 1691 στρατηγικὴν
3142 1641 3195 1673 τε
3268 1623 3418 1674 αὐτόν
3471 1625 3637 1696 αὐχεῖν
3672 1628 3861 1699 ἐμπειρία-ι

606 1728 820 1783 nempe
849 1726 917 1766 ac
948 1710 1323 1781 Scytharum,
1359 1724 1429 1762 ex
1462 1709 1676 1761 Beroem
1699 1705 1863 1767 locis,
1911 1704 2014 1758 ubi
2054 1710 2252 1760 castra

2361 1707 2451 1754 καὶ
2490 1709 2609 1778 περὶ
2649 1705 2803 1757 αύτόν
2859 1711 3044 1760 καὶτὰ
3080 1718 3177 1761 τῶν
3231 1710 3492 1783 Ῥωμαίων
3538 1717 3709 1764 εὔνοιαν
3739 1723 3859 1769 mti-

606 1800 962 1863 metabatur,
1021 1798 1332 1853 deﬂectere
1391 1801 1445 1851 et
1500 1795 1884 1862 Pelagoniam
1928 1794 2145 1848 advehi
2191 1795 2250 1849 in

604 1906 796 1962 eaque
826 1888 1080 1944 tentoria
1128 1886 1343 1941 locare.
1411 1884 1631 1939 Eodem
1680 1882 1864 1937 modo
1922 1883 2251 1938 Scuterium

605 1979 843 2051 Xyleam
874 1994 1013 2032 cum
1046 1991 1156 2030 suo
1187 1976 1469 2039 exercitu,
1502 1970 1881 2027 multitudine
1910 1970 2089 2039 longe
2124 1987 2251 2026 am-

601 2068 809 2141 pliore,
834 2064 1094 2122 Michaeli
1122 2062 1355 2119 Lascari
1367 2061 1650 2132 conjungi
1665 2065 1721 2115 et
1742 2060 1899 2115 circa
1916 2060 2249 2127 Pelagoniae

596 2157 731 2213 loca
758 2161 956 2211 castra
986 2169 1230 2226 ponere.
1259 2154 1447 2206 Locus
1479 2149 1557 2206 ad
1579 2148 1875 2206 Michaelis
1896 2150 2159 2221 despota!
2178 2166 2248 2206 ac

600 2248 918 2302 Servorum
948 2242 1027 2309 (hi
1054 2241 1215 2297 enim
1249 2241 1428 2296 etiam
1484 2255 1623 2295 cum
1667 2238 1923 2309 despota
1972 2237 2247 2294 Michaele

596 2335 793 2390 fcedus
838 2333 1113 2396 inierant)
1185 2331 1478 2403 impetum
1537 2328 2058 2399 comprimendum
2103 2329 2247 2384 satis

597 2422 852 2478 idoneus
889 2425 1069 2490 atque
1092 2424 1487 2491 opportunus,
1513 2422 1577 2472 ut
1602 2417 1965 2487 accepimus,
1984 2422 2127 2471 erat.
2150 2417 2245 2472 His

596 2511 835 2566 decreta
865 2524 927 2562 se
957 2507 1361 2578 completuros
1385 2504 1658 2577 pollicitis
1681 2504 1911 2573 relictis,
1945 2505 2076 2575 ipse
2107 2521 2245 2561 cum

596 2598 829 2655 decenti
857 2595 1151 2652 famulitio
1179 2601 1357 2666 atque
1386 2593 1622 2649 servitio
1672 2593 1994 2648 Achridam
2049 2594 2241 2658 venio,

597 2690 645 2745 si
666 2689 813 2745 forte
843 2686 1171 2759 potuissem
1200 2701 1295 2740 res
1346 2683 1759 2739 Albanitarum
1800 2683 2113 2753 corrigere.
2152 2684 2244 2739 Al-

594 2779 825 2835 banum
838 2792 959 2849 prae
968 2774 1246 2830 miseram
1260 2771 1655 2845 imperatoriae
1674 2787 1888 2826 mensae
1902 2772 2240 2841 praefectum

594 2866 887 2924 Isaacium
936 2867 1323 2934 Nestongum,
1380 2878 1516 2918 cum
1555 2860 1635 2916 illi
1699 2865 1896 2923 antea.
1945 2862 2241 2934 quidquid

592 2956 899 3027 agendum
933 2958 1088 3010 esset
1107 2952 1264 3009 circa
1289 2950 1888 3019 administrationem,
1914 2950 1974 3005 in
1992 2954 2240 3007 manda-

2366 1794 2490 1843 σθαι
2546 1798 2638 1851 τὴν
2719 1794 3026 1867 ἀκροτάτην.
3125 1798 3263 1851 Ἐπεὶ
3329 1801 3415 1852 οὖν
3467 1801 3719 1874 ξυνήειμεν,
3771 1801 3861 1853 ἐξον-

2360 1880 2655 1954 λευσοξμεθα
2703 1886 2917 1946 οὑτωσὶ,
2988 1890 3073 1938 τόν
3121 1890 3210 1959 μὲν
3276 1891 3543 1963 Λάσκαριν
3594 1891 3773 1962 Μιχαὴλ
3804 1890 3860 1939 ia-

2363 1970 2465 2023 ϐεῖν
2515 1976 2574 2023 τό
2628 1973 2715 2023 ὑπ’
2769 1974 2924 2026 αὐτόν
2979 1975 3114 2027 οἷπαν
3172 1976 3540 2052 στρατόπεδον,
3603 1986 3652 2031 τό
3703 2000 3744 2031 τε
3780 1980 3860 2030 Ῥω-

2359 2064 2547 2131 μαϊκόν
2577 2067 2666 2113 καὶ
2717 2066 2775 2114 τὸ
2824 2066 3090 2129 Σκυθικόν,
3146 2071 3235 2118 καὶ
3291 2065 3632 2139 ἀποχωρῆσαι
3678 2077 3753 2119 τῶν
3788 2073 3859 2139 περὶ
3938 2118 3939 2139 η

2359 2153 2453 2205 τὴν
2512 2150 2749 2225 Βέρροιαν
2805 2157 2993 2225 χώρων
3056 2152 3243 2225 (ἐκεῖσε
3296 2162 3385 2208 καὶ
3443 2160 3536 2230 γὰρ
3591 2156 3770 2210 imula
3804 2160 3860 2213 τὰς
3938 2222 3939 2227 η

2362 2242 2575 2308 σκηνὰς)
2641 2246 2730 2292 καὶ
2809 2240 2892 2293 ἐπὶ
2939 2247 3033 2300 τὴν
3088 2243 3403 2316 Πελαγονίαν
3448 2248 3661 2319 ὁρμῆσαι
3715 2245 3857 2296 κάκεῖσε
3938 2254 3939 2263 ‘

2361 2326 2828 2403 στρατοπεδεῦσαι.
2876 2333 3137 2394 Ὠσαύτως
3206 2341 3298 2387 καὶ
3335 2338 3359 2386 ὁ
3419 2335 3601 2398 Ξυλέας
3646 2342 3859 2406 Σκοντέριος

2360 2417 2441 2468 ἱνα
2464 2416 2593 2475 λάϐη
2629 2423 2685 2470 τὸ
2716 2420 2801 2471 ὑπ’
2833 2421 2988 2472 αὐτὸν
3039 2422 3174 2473 ἅπαν
3232 2444 3463 2499 στρατιω
3499 2430 3629 2477 τικόν
3661 2428 3857 2491 σύνταγμα

2357 2506 2537 2576 (ἐκεῖνο
2557 2510 2657 2583 γὰρ
2688 2509 2877 2581 μᾶλλον
2923 2511 2993 2571 εἰς
3049 2511 3241 2575 πλῆθος
3303 2515 3580 2590 ἠρίθμητο)
3631 2519 3705 2565 καὶ
3749 2511 3859 2564 σινςῷ

2358 2597 2529 2667 Θοιτῷ
2554 2601 2797 2671 Λάσκαρι
2835 2600 3077 2671 Μιχαὴλ,
3107 2608 3196 2653 καὶ
3274 2606 3527 2677 ἡνωμένος
3579 2606 3622 2657 ἐν
3667 2612 3751 2663 τοῖς
3788 2607 3859 2673 περὶ

2355 2691 2447 2743 τὴν
2547 2688 2859 2760 Πελαγονίαν
2939 2694 3121 2764 μέρεσι
3206 2691 3744 2766 στρατοπεδεύσασθαι.
3811 2690 3858 2740 Ἐν

2353 2773 2603 2847 ἐπικαίρῳ
2685 2780 2785 2851 γὰρ
2867 2778 2927 2850 ᾖν
2980 2781 3005 2829 ό
3062 2785 3217 2840 τόπος
3276 2781 3360 2833 ἐπὶ
3410 2788 3501 2841 τὴν
3550 2791 3632 2834 τοῦ
3681 2778 3858 2833 δεσπότου
3938 2816 3939 2845 ζ

2353 2865 2575 2935 Μιχαὴλ
2600 2871 2688 2917 καὶ
2715 2864 2797 2918 ἐπὶ
2827 2871 2921 2924 τὴν
2978 2876 3079 2919 τῶν
3136 2868 3357 2942 Σέρϐων,
3421 2874 3491 2932 ὡς
3549 2871 3791 2941 ἐπυθόμεθα
3812 2866 3856 2915 ὁτι
3938 2894 3939 2917 γ

2351 2957 2439 3003 καί
2522 2972 2664 3005 ουτοι
2751 2960 3052 3027 συμφώνους
3124 2956 3316 3027 λόγους
3374 2963 3497 3033 πρὸς
3550 2963 3626 3010 τὸν
3677 2954 3857 3009 δεσπῡτῐν

591 3046 661 3101 tis
678 3060 786 3118 pro
827 3058 994 3099 more
1011 3041 1310 3097 dedissem
1336 3058 1348 3096 :
1378 3045 1525 3096 nutu
1546 3055 1810 3111 namque
1842 3055 1976 3095 meo
2020 3040 2238 3098 similia

2350 3041 2571 3112 Μιχαὴλ
2610 3041 2929 3100 ἐπεποίηντο.
2990 3043 3245 3105 Ἐκείνους
3308 3051 3398 3119 μὲν
3464 3047 3547 3098 οὖν
3616 3045 3857 3115 ἐκπληρῶσαι

587 3133 793 3207 peragi
822 3132 1157 3203 injunctum
1172 3130 1364 3186 fuerat
1391 3129 1724 3195 ;ministros
1763 3128 1904 3182 item
1922 3133 1978 3183 et
1998 3130 2241 3200 publica

585 3226 999 3295 procurantes,
1030 3235 1140 3275 nec
1182 3234 1304 3274 non
1332 3218 1612 3273 ductores
1643 3218 2008 3272 exercituum
2036 3219 2241 3288 praefe-

585 3317 833 3383 ctosque
852 3309 1113 3377 urbium,
1133 3314 1436 3379 utcunque
1451 3307 1594 3362 mihi
1608 3306 2237 3377 libuissetpermutari.

588 3402 784 3458 Satius
808 3400 1008 3471 itaque
1035 3398 1177 3454 duxi
1208 3397 1511 3453 Albanum
1574 3397 1743 3468 152
1799 3396 1963 3452 abire
2009 3398 2087 3452 ad
2129 3398 2242 3453 loci

585 3490 1090 3555 emendationem,
1148 3503 1256 3541 nec
1302 3502 1425 3541 non
1465 3490 1521 3541 et
1566 3486 2053 3553 cognoscendum
2095 3487 2241 3558 quid

587 3576 1234 3647 mensaaimperatoriaa
1284 3574 1603 3646 praefectus
1641 3575 2031 3646 prmstitisset.
2088 3579 2239 3632 Prte-

589 3666 809 3722 fectum
831 3664 1173 3727 mensae,uti
1186 3664 1374 3735 potui,
1408 3663 1642 3719 Albano
1675 3663 1851 3717 eduxi
1882 3680 2057 3732 :gens
2078 3666 2239 3721 enim

590 3755 1009 3811 Albanitarum
1035 3752 1508 3823 conjurationem
1548 3751 1803 3807 inierant
1861 3756 2080 3807 etcum
2135 3755 2238 3809 de-

590 3845 808 3901 fectore
820 3841 1096 3900 Michaele
1118 3841 1367 3914 despota
1381 3857 1490 3896 con
1501 3840 1769 3912 spiraran
1782 3847 1816 3896 t.
1839 3842 1983 3896 Cum
2003 3841 2239 3900 turbata

588 3934 796 3991 omnia
829 3932 1277 4004 comperissem,
1326 3930 1532 3986 Debris
1578 3929 1893 3985 discedens
1949 3932 2236 4005 (namque

584 4024 787 4097 plures
806 4022 1035 4077 ibidies
1062 4037 1247 4094 quam
1279 4035 1432 4091 opus
1478 4025 1635 4074 esset
1682 4021 2075 4091 perstiteram)
2130 4038 2235 4076 un»

584 4113 766 4185 dique
817 4127 913 4167 me
994 4110 1270 4166 hostibus
1334 4108 1762 4176 ambientibus,
1794 4114 2027 4164 armata
2051 4126 2235 4165 manu

584 4201 908 4277 Achridam
938 4200 1102 4255 haud
1155 4199 1342 4254 multo
1406 4214 1544 4253 cum
1592 4197 1885 4253 famulatu
1932 4197 2234 4269 profectus

585 4305 743 4344 sum.
786 4288 990 4360 Ibique
1022 4287 1225 4368 oppidi
1253 4287 1587 4342 custodiam
1674 4302 1901 4341 mensae
1955 4288 2232 4358 praefecto

2349 3133 2415 3182 τὰ
2478 3130 2855 3203 βεϐουλευμένα
2924 3134 3332 3206 ὑπεσχημένους
3394 3136 3665 3197 κατελιπον,
3722 3133 3791 3201 ἐγὼ
3823 3127 3856 3180 δε

2350 3222 2478 3291 μετα
2504 3227 2595 3279 τῆς
2642 3223 3015 3293 προσηκούσης
3080 3223 3374 3297 ύπηρεσιας
3421 3245 3519 3296 μου
3567 3229 3651 3282 τὴν
3697 3215 3855 3292 Ἀχρίόα

2350 3308 2647 3375 κατέλαϐον,
2677 3313 2721 3361 εἷ
2740 3330 2849 3371 πως
2906 3309 2964 3360 ἆν
3031 3307 3315 3371 δυνηθείην
3373 3317 3437 3367 τὰ
3489 3323 3580 3366 τῶν
3633 3310 3855 3366 Ἀλϐανιτών

3230 3398 3292 3454 δὲ
3370 3402 3700 3465 ἐξαποστεῖλαι
3745 3399 3853 3449 ἐπιτὸ

2347 3484 2595 3539 Ἀλϐανον
2621 3491 2705 3538 τὸν
2754 3486 2837 3539 ἐπὶ
2887 3497 2977 3548 τῆς
3035 3488 3321 3561 βασιλικῆς
3379 3493 3627 3567 τραπέζης
3673 3488 3853 3543 Ἰσαάιιω

2352 3393 2773 3469 διορθώσασθαι.
2835 3398 3132 3472 Προῦλαϐον

2349 3580 2435 3627 τόν
2468 3582 2777 3647 Νεστόγγον,
2816 3578 3035 3649 ἓνταλμα
3078 3576 3199 3639 δούς
3266 3581 3407 3652 αὐτῷ
3470 3582 3577 3633 κατ’
3626 3583 3719 3639 ἔθος
3760 3594 3852 3647 περι·

2350 3664 2608 3736 λαμϐάνον
2638 3675 2729 3725 τῆς
2782 3669 3057 3739 ἡγεμονίας
3094 3669 3399 3741 περίληψιν.
3452 3670 3653 3743 ⁸Ωριστό
3696 3687 3764 3740 μοι
3799 3670 3852 3713 καὶ

2348 3756 2447 3827 γὰρ
2478 3753 2558 3806 ἐπ’
2587 3751 2763 3813 ἀδείας
2802 3758 2941 3826 ἔχειν
2962 3776 3027 3827 με
3091 3766 3315 3811 τοιαῦτα
3380 3768 3557 3825 ποιεῖν,
3610 3758 3851 3831 begs-“ma;

2347 3847 2436 3893 καὶ
2499 3839 2737 3914 δημόσια
2802 3840 3286 3917 διαπραττομένους
3376 3854 3465 3901 καὶ
3547 3846 3850 3915 στρατευμάτων

2345 3938 2756 4005 προϊσταμένους
2829 3939 2918 3985 καὶ
2983 3944 3172 4009 χωρῶν
3270 3939 3545 4010 ἠγεμονίαν
3598 3940 3850 4004 κεκτημένους

2347 4018 2702 4073 ἀνταλλάττειν
2728 4024 2799 4083 ὡς
2826 4020 2886 4073 ἂν
2917 4021 3225 4095 βουλοίμην.
3269 4026 3496 4099 Εἰλόμην
3557 4027 3635 4077 οὖν
3689 4021 3849 4074 ἀπελθεῖν
3936 4050 3937 4061 η

2344 4107 2427 4160 ἐπὶ
2447 4114 2506 4160 τὸ
2528 4108 2781 4163 ’Ἀλϐανόν
2835 4116 2924 4162 καὶ
2973 4120 3066 4173 τῆς
3088 4122 3183 4173 τῆς
3216 4120 3402 4187 χώρας
3428 4118 3579 4169 ἕνεκεν
3608 4110 3849 4184 διορθώσεως

2342 4218 2433 4249 και
2462 4206 2551 4249 τοῦ
2584 4201 2763 4271 μαθεῖν
2796 4219 2857 4271 με
2887 4204 2938 4251 τί
2968 4199 3026 4251 ἂν
3055 4202 3080 4252 ὁ
3111 4201 3194 4253 ἐπί
3223 4212 3320 4265 τῆς
3353 4203 3627 4277 βασιλικῆς
3667 4202 3847 4273 τραπέζης

2344 4293 2638 4346 πεποίηκεν.
2709 4289 2967 4342 Ἀπελθὼν
3014 4299 3139 4361 γοῦν
3190 4295 3279 4343 τὸν
3318 4298 3408 4365 μὲν
3465 4293 3545 4347 ἐπί
3594 4299 3673 4353 της
3716 4290 3846 4364 τραπέ-

582 4376 978 4441 committens,
1010 4381 1066 4431 et
1088 4379 1365 4446 Prespam
1394 4375 1737 4446 praeteriens
1771 4379 1826 4429 et
1854 4375 2019 4446 quod
2046 4376 2229 4445 vulgo

2349 4377 2462 4439 ζης,
2494 4380 2666 4438 καθὼς
2696 4377 2754 4429 ἂν
2787 4375 2931 4449 εἶχον
2961 4379 3172 4450 ἰσχύος,
3212 4390 3306 4433 τοῦ
3366 4381 3602 4436 Ἀλϐάνου
3649 4379 3845 4447 ἐξήγησιν.

584 4465 1055 4521 Siderocastrum
1082 4462 1315 4530 dicitur,
1338 4463 1638 4534 Prilapum
1667 4463 1934 4535 perveni,
1987 4471 2041 4520 et
2089 4470 2229 4521 tunc

580 4569 678 4610 me
699 4552 877 4609 veluti
894 4552 953 4607 in
982 4557 1222 4624 portum
1239 4550 1621 4623 tranquillum
1640 4556 1902 4607 ettutum
1931 4553 2229 4610 invectum

579 4659 710 4700 esse
734 4642 926 4698 rebar.
957 4641 1088 4698 Mihi
1109 4641 1291 4696 nihilo
1314 4640 1532 4699 minus.
1557 4639 1809 4711 aliisque
1853 4641 1957 4712 qui
2012 4659 2085 4697 ex
2123 4660 2227 4698 no-

579 4734 713 4791 stris
741 4732 966 4789 ibidem
983 4730 1566 4799 agebant,contraria
1578 4745 1843 4784 evenere.
1862 4731 2225 4802 Oppidorum

579 4825 738 4882 enim
764 4838 834 4879 ac
858 4820 1235 4878 castellorum
1266 4818 1675 4888 adjacentium
1693 4817 1935 4874 Michael
1965 4820 2228 4877 defector

579 4913 821 4975 Potitus,
848 4928 969 4965 uno
996 4916 1049 4965 et
1078 4909 1207 4964 solo
1235 4907 1464 4978 Prilapo
1478 4906 1909 4963 destituebatur
1932 4926 1945 4975 ;
1970 4910 2225 4983 ideoque
2260 4934 2263 4937 ν

578 5012 765 5068 quam
779 4998 1168 5070 cupidissime
1186 4996 1264 5052 ad
1277 4995 1422 5052 illud
1434 4995 1854 5068 occupandum
1871 4998 2187 5056 festinabat
2205 5019 2220 5058 :

576 5101 646 5142 eo
684 5088 902 5159 quippe
930 5088 1196 5151 subacto,
1230 5087 1357 5140 sine
1397 5084 1517 5140 ullo
1548 5085 1934 5141 incommodo
1981 5094 2221 5161 tutoque

571 5176 796 5231 circum
816 5178 972 5232 circa
1002 5175 1119 5231 alia
1166 5180 1397 5247 poterat
1448 5189 1807 5246 expugnare.
1866 5178 2064 5247 Neque
2118 5179 2221 5234 diu

565 5270 706 5338 post
724 5280 835 5322 nos
855 5281 1098 5337 quoque
1128 5264 1389 5321 defector
1418 5264 1662 5320 Michael
1689 5280 1827 5320 cum
1883 5280 1994 5320 suo
2054 5282 2217 5322 exer-

2346 4469 2692 4539 Προύφθασαν
2736 4470 2835 4540 γὰρ
2886 4472 2941 4519 τὸ
2998 4476 3095 4520 τῶν
3162 4469 3475 4523 Ἀλϐανιτῶν
3526 4472 3667 4531 ἔθνος,
3712 4486 3775 4518 και
3808 4462 3845 4511 τὰ

2340 4563 2435 4615 τῆς
2484 4555 2763 4630 ἀνταρσίας
2818 4556 3299 4629 ἐκπεπληρώκασιν·
3350 4561 3562 4620 ἅπαντες
3602 4562 3688 4631 γὰρ
3727 4549 3845 4617 ξυνέλ-

2342 4646 2425 4696 θον
2464 4654 2535 4715 τῷ
2566 4644 2835 4717 ἀποστάτῃ
2870 4642 3099 4719 δεσπότῃ
3143 4648 3379 4719 Μιχαὴλ.
3415 4650 3551 4702 Ἐπεί
3597 4653 3701 4720 γοῦν
3742 4641 3843 4696 criti;

2338 4734 2504 4806 ἑώρων
2536 4737 2602 4786 τα
2652 4738 2821 4787 πάντα
2868 4741 3163 4808 κυκώμενα,
3217 4736 3272 4788 ἐκ
3337 4748 3437 4790 τῶν
3462 4738 3642 4812 Δεϐρών
3684 4734 3829 4801 ἀπάρας

2338 4822 2566 4886 (πλείους
2592 4826 2692 4898 γὰρ
2729 4823 2893 4877 ἐκεῖσε
2926 4827 3123 4897 ἡμέρας
3167 4827 3196 4884 ἡ
3251 4824 3358 4880 ἔδει
3425 4824 3653 4885 διήνυσαο
3698 4824 3758 4894 [Ρ.
3780 4813 3840 4886 Ἱ9]

2333 4912 2503 4983 κύκλῳ
2568 4916 2665 4984 ’γὰρ
2724 4910 2866 4984 εἶχον
2941 4918 3060 4974 τούς
3139 4914 3442 4988 πολεμίους)
3521 4917 3640 4988 μετὰ
3683 4912 3840 4984 μετρίων

2332 5012 2481 5053 τινών
2532 4998 2733 5075 ἀνδρῶν
2787 5012 2884 5055 τῶν
2950 5002 3394 5076 ἐξυπηρετούντων
3451 5026 3536 5078 μοι
3592 5002 3691 5076 μεθ’
3726 4996 3839 5049 ὃπλων

2331 5092 2615 5163 κατείὶηφα
2661 5098 2753 5149 τὴν
2793 5089 3046 5165 Ἀκρίδα.
3128 5092 3349 5147 Κάκεῖσε
3412 5104 3533 5166 γοῦν
3572 5098 3646 5144 τὸν
3687 5089 3751 5141 ἐπί
3782 5090 3840 5137 τῆς

2330 5183 2591 5254 τραπέζης
2646 5179 2714 5241 εἰς
2784 5179 3004 5252 φυλακὴν
3074 5189 3165 5233 τοῦ
3235 5184 3466 5256 κάστρου
3515 5181 3664 5253 ἀφείς,
3705 5169 3839 5227 διαϐὰς

2328 5273 2421 5327 τὴν
2478 5272 2719 5343 Πρέσπαν
2798 5289 2888 5321 και
2956 5288 3015 5321 το
3075 5271 3210 5323 οὕτω
3299 5291 3409 5333 πως
3487 5266 3838 5341 ἐπονομαζομῖίον

1455 5387 1799 5456 Theodori
1848 5388 2099 5458 Dousae
2147 5402 2214 5459 et
2258 5392 2506 5465 Leonis
2555 5392 2786 5460 Allatii
2835 5404 3037 5462 nota.

636 5496 752 5575 (46)
775 5497 1081 5575 Τούντεῡθεν
1109 5495 1177 5557 εἰς
1204 5495 1553 5551 ἀποστασίαν.
1583 5495 1894 5565 Gregoras,
1933 5494 2037 5554 lib.
2070 5513 2147 5565 IlI,
2180 5514 2242 5572 p.

2349 5528 2373 5569 ›,
2397 5500 2604 5572 jejune
2646 5500 3001 5558 admodum.
3048 5501 3256 5559 Fusius
3294 5499 3715 5575 Pachymerius,
3754 5490 3829 5548 lib.

566 5587 611 5641 ι,
639 5586 693 5628 c.
726 5574 816 5628 30.
845 5575 984 5627 ALL.
