4042 6214
244 341 408 400 1169

1803 335 2129 399 ANNALES
2142 377 2157 396 .

3493 349 3638 407 1170

242 485 334 522 τον
356 462 709 538 Παλαιολόγον
748 466 834 521 καὶ
871 464 920 519 οἱ
970 466 1090 539 περὶ
1147 463 1231 520 τὸν
1292 460 1567 539 Λάσκαριν
1624 462 1845 535 Μιχαὴλ

1965 460 2306 535 Palmologo
2330 463 2390 521 et
2403 462 2681 523 Michaele
2696 463 2932 525 Lascari
2962 466 3151 534 erant,
3165 465 3311 529 talia
3338 469 3631 535 tulerunt.

241 552 425 611 τοιάδε
477 556 817 612 πεπόνθασιν.
870 555 1013 610 Ἐπεὶ
1068 557 1162 613 τὴν
1221 552 1360 608 λείαν
1420 550 1468 605 έν
1513 559 1576 625 τῇ
1636 550 1854 627 Βερῥοία

242 648 577 715 πεποίηνται,
607 650 725 720 περὶ
754 648 842 700 τόν
873 644 921 698 έν
981 640 1231 706 Βοδηνοίς
1293 649 1470 718 χῶρον
1524 639 1849 714 ἐσκήνωσαν,

244 735 439 810 ὁμαλόν
496 754 550 789 τε
606 738 729 789 ὄντα
779 738 869 788 καὶ
924 734 995 798 εἰς
1049 737 1243 809 τροφὴν
1306 733 1473 786 ἳππων
1552 735 1848 807 χρήσιμον.

239 824 303 879 '0
336 823 641 888 ἀποστάτης
668 821 727 880 δὲ
769 822 994 896 Μιχαὴλ
1042 824 1068 876 ό
1122 819 1388 885 δεσπότης
1454 821 1523 874 τὰ
1581 826 1671 874 τοῦ
1724 818 1850 872 Ῥω-

233 920 439 988 μαῑκοῦ
508 915 900 990 στρατεύματος
950 910 1181 986 ἀκριϐῶς
1258 910 1510 985 ἐγνωκώς,
1604 913 1695 962 καὶ
1777 908 1851 970 εἰς

235 1005 437 1059 ὁπόσον
466 1010 620 1058 τοῦτο
651 1003 943 1079 ἠρίθμηται
979 1006 1071 1055 καί
1126 1004 1196 1066 ὡς
1241 1000 1374 1062 πλὴν
1416 999 1599 1073 ὀλίγων
1637 1001 1698 1053 τὸ
1745 1004 1848 1053 πᾶν

234 1092 385 1148 ἐστιν
431 1092 675 1167 ἀνωφελὲς
751 1097 842 1146 καὶ
913 1090 1240 1166 ἀχρήσιμον,
1324 1088 1540 1163 ἐκλογὴν
1618 1090 1847 1148 ποιησά-

231 1203 394 1259 μενος
432 1182 533 1237 ἀπὸ
581 1186 774 1245 παντὸς
803 1183 964 1237 αὐτοῦ
1016 1188 1108 1235 τοῦ
1160 1182 1550 1255 στρατεύματος
1600 1182 1689 1232 καὶ
1738 1180 1847 1233 οἷον

231 1273 298 1339 έξ
331 1272 566 1329 ἁπάντων
597 1278 719 1337 τοὺς
755 1278 1019 1348 κρείττους
1046 1276 1291 1349 χωρίσας
1338 1275 1429 1326 καὶ
1477 1273 1545 1333 ὡς
1599 1270 1666 1332 εἰς
1725 1289 1847 1323 πεν-

228 1369 521 1427 τακοσίους
561 1363 748 1426 αὐτοὺς
810 1362 1136 1440 ἀριθμήσας,
1199 1366 1289 1418 καὶ
1354 1362 1647 1434 στρατηγόν
1722 1379 1844 1433 χει-

226 1453 531 1533 ροτονήσάς
554 1457 641 1507 τὸν
661 1455 809 1508 νόθον
839 1453 999 1507 αύτοῦ
1069 1454 1181 1506 υἱὸν
1233 1455 1320 1506 τόν
1375 1446 1648 1525 Θεόδωρον
1706 1450 1842 1521 (51),

228 1547 377 1600 κατὰ
402 1551 495 1599 τοῦ
523 1544 815 1618 Ῥωμαῖκοῦ
865 1545 1255 1620 στρατεύματος
1306 1545 1592 1615 πέπομφεν.
1643 1539 1845 1612 Ἔτυχε

232 1631 304 1689 δὲ
334 1642 407 1706 τῷ
449 1637 565 1688 τότε
612 1638 703 1688 καὶ
754 1635 780 1687 ὁ
819 1628 1156 1709 Λαμπαρδᾶς
1206 1630 1455 1692 Μανουὴλ
1496 1631 1626 1703 μετά
1669 1648 1841 1705 στρα-

227 1726 497 1797 τεύματος
528 1720 895 1800 συρφετώδους
943 1726 1030 1777 καὶ
1062 1717 1353 1795 ξύγκλυδος
1399 1722 1529 1793 πρὸς
1582 1725 1676 1773 τοῦ
1736 1716 1844 1793 βα-

1964 554 2220 612 Berroeee
2251 554 2458 613 omnia
2483 554 2813 629 depraedati
2832 555 2998 629 apud
3022 555 3293 614 Bodenos
3307 564 3508 618 castra
3536 561 3626 618 lo.

1965 646 2124 713 cant,
2155 642 2465 716 planitiem
2504 644 2759 702 fertilem
2782 644 3136 721 alendisque
3156 648 3326 721 equis
3352 652 3627 723 apprime

1962 732 2268 793 idoneam.
2329 732 2573 791 Michael
2630 735 2887 808 despota
2942 734 3207 792 defector
3285 736 3627 799 Romanum

1963 823 2234 895 militem,
2261 828 2525 898 quantus
2563 830 2736 888 esset,
2770 829 2826 883 et
2865 825 3024 884 illius
3071 842 3395 887 numerum
3446 831 3627 907 plane

1963 912 2210 984 callens,
2240 929 2313 970 ex
2348 913 2583 987 illisque
2614 919 2831 986 praeter
2849 930 3079 988 paucos
3108 916 3372 991 reliquos
3413 935 3627 977 omnes

1961 1017 2155 1077 neque
2180 1002 2316 1060 usui
2340 1018 2537 1076 neque
2566 1002 2669 1061 ulli
2698 1003 2862 1061 bono
2892 1020 3040 1076 esse,
3066 1020 3141 1061 ex
3180 1006 3458 1065 universo
3513 1025 3623 1067 suo

1959 1092 2224 1150 exercitu
2251 1092 2418 1150 electi
2438 1095 2495 1151 et
2522 1108 2595 1149 ex
2625 1094 2855 1152 cunctis
2885 1093 3335 1167 probatioribus
3383 1099 3625 1156 secretis

1960 1180 2268 1253 quingenti
2291 1198 2564 1249 numero,
2588 1181 2713 1239 ﬁlio
2740 1198 2849 1240 suo
2897 1183 3101 1257 spurio
3157 1184 3469 1244 Theodoro
3517 1188 3625 1245 du.

1959 1273 2120 1327 ctore
2146 1272 2466 1329 constituto
2488 1272 2549 1328 in
2580 1273 2881 1330 Romanas
2906 1272 3181 1330 cohortes
3205 1273 3487 1334 immittit.
3540 1280 3623 1340 Ea

1959 1358 2139 1415 etiam
2171 1363 2520 1433 tempestate
2552 1361 2781 1418 Manuel
2808 1362 3181 1435 Lampardas
3211 1379 3351 1423 cum
3398 1365 3619 1426 tumulv

1958 1448 2154 1504 tuario
2177 1464 2246 1505 ac
2259 1449 2571 1507 collectitio
2594 1450 2856 1508 exercitu
2877 1450 2955 1507 ab
2976 1451 3356 1523 imperatore,
3372 1457 3437 1510 ut
3478 1471 3617 1517 cum

1959 1535 2089 1592 aliis
2110 1536 2368 1595 ducibus
2396 1543 2849 1611 aggregaretur,
2882 1539 3148 1598 mittitur.
3166 1541 3279 1597 Sed
3295 1542 3456 1599 enim
3482 1543 3611 1616 ipse

1959 1640 2116 1695 aegre
2137 1625 2365 1685 ferebat
2400 1644 2504 1685 eos
2534 1628 2807 1703 praedam
2826 1628 3231 1703 praeripuisse,
3256 1631 3443 1687 semel
3462 1632 3613 1694 lucri

1957 1721 2262 1789 expertem
2280 1718 2469 1776 labori
2492 1734 2824 1792 superesse.
2850 1719 3091 1777 Interim
3120 1719 3269 1778 dum
3315 1721 3443 1777 haec
3459 1721 3613 1781 inter

231 1812 424 1877 σιλέως
458 1811 768 1876 ἀποσταλεὶς
820 1819 929 1875 τοῖς
982 1811 1272 1886 προσοῦσιν
1327 1813 1552 1884 ἡγεμόσι
1612 1816 1843 1885 συγκῦρ-

1959 1822 2023 1864 se
2055 1806 2694 1883 conferuntcopiarum
2725 1808 3024 1876 ductores,
3044 1808 3192 1867 viles
3239 1809 3611 1884 abjectaeque

228 1921 351 1975 σαι,
400 1906 491 1956 καὶ
541 1906 890 1976 κατεμέμφετο
948 1902 1134 1963 αὐτοὺς
1184 1903 1255 1964 ὡς
1310 1898 1662 1974 προλαϐόντας
1752 1903 1843 1953 καὶ

228 1994 336 2050 τήν
377 1990 514 2045 λείαν
567 1990 969 2065 ἕργασαμένους,
1024 1988 1258 2044 κάκεῖνον
1323 1985 1382 2045 δὲ
1430 1990 1648 2063 ἄμοιρον
1696 1992 1841 2060 γενέ-

234 2082 368 2135 σθαι
392 2088 485 2136 τοῦ
515 2077 758 2156 κέρδους.
790 2079 874 2134 Ἕν
903 2082 977 2143 οἷς
1029 2086 1155 2153 γοῦν
1205 2081 1273 2134 τὰ
1324 2085 1545 2133 τοιαῦτα
1603 2097 1838 2151 συνωμι-

223 2169 416 2225 λοῦντο
456 2173 507 2225 οἱ
546 2178 638 2225 τοῦ
691 2173 1082 2244 στρατεύματος
1144 2172 1413 2244 ἡγεμόνες,
1476 2170 1536 2223 τὸ
1590 2169 1691 2221 ὑπὸ
1747 2170 1837 2220 τόν

226 2257 569 2334 Λαμπαρδᾶν
596 2259 839 2320 Μανουὴλ
897 2256 1220 2337 συρφετώδες
1287 2260 1607 2335 στράτευμα,
1658 2256 1725 2310 ὧν
1786 2259 1838 2311 οἱ

224 2349 439 2413 πλείους
485 2349 788 2424 έπωχοῦντο
842 2349 1067 2425 φορϐάσι
1115 2354 1206 2404 καὶ
1283 2348 1430 2421 εἶχον
1507 2347 1671 2411 αύτὰς
1767 2348 1836 2401 τά

219 2436 468 2514 χρειώδη
522 2442 954 2514 πεφορτισμένας,
1005 2443 1077 2513 μή
1137 2446 1237 2493 τῶν
1319 2437 1484 2490 ἄλλων
1568 2438 1833 2511 ἡγεμόνων

224 2526 446 2583 εἰδότων
477 2532 683 2601 εἴχοντο
703 2537 800 2590 τῆς
828 2526 957 2583 ὁδοῦ
984 2537 1078 2591 τῆς
1110 2526 1545 2604 παραμειϐούσης
1585 2529 1644 2580 τὸ
1693 2527 1831 2580 ἄστυ

218 2624 329 2672 τῶν
380 2614 638 2688 Βοδηνῶν,
687 2622 775 2672 ἴνα
828 2621 1076 2693 πρότερον
1123 2625 1225 2671 τῶν
1299 2616 1464 2670 ἄλλων
1539 2612 1833 2676 διελθόντες

222 2706 370 2762 λείαν
406 2714 497 2763 καὶ
535 2708 675 2763 οὗτοι
726 2714 1058 2769 ποιήσαιντο.
1111 2709 1423 2767 Ξυνηντήκει
1474 2713 1600 2779 γοῦν
1655 2706 1830 2768 αὐτοῖς

218 2794 277 2849 έν
298 2804 362 2870 τῇ
395 2796 584 2853 κλείσει
612 2805 714 2853 τῶν
743 2796 792 2852 έν
820 2804 931 2861 τοῖς
962 2794 1212 2861 Βοδηνοῖς
1251 2797 1381 2873 ὀρῶν
1427 2800 1487 2851 τὸ
1541 2794 1829 2850 ἀποσταλεν

219 2889 362 2960 πρὸς
412 2894 505 2942 τοῦ
557 2884 860 2943 ἀποστάτου
918 2887 1143 2960 Μιχαὴλ
1196 2889 1499 2964 στράτευμα
1552 2888 1678 2961 πρὸς
1730 2889 1827 2945 την

215 2982 327 3028 τῶν
382 2974 647 3050 Ῥωμαίων
689 2977 1131 3051 καταπολέμησιν.
1195 2973 1419 3050 ’Ἄνδρες
1485 2981 1615 3048 γοῦν
1663 2994 1826 3051 στρα-

214 3071 410 3119 τιῶται
456 3072 681 3139 γενναῖοι
736 3066 1039 3140 ύψαύχισιν
1098 3067 1278 3128 ἵπποις
1332 3064 1677 3139 ἐποχούμενοι
1734 3069 1824 3119 καὶ

212 3160 334 3217 τοῖς
380 3154 555 3220 ὅπλοις
599 3159 961 3232 κατάφρακτοι
1017 3155 1403 3231 ἀνθρωπίσκοις
1478 3155 1824 3228 ξυντυχόντες
1852 3171 1894 3230 C

210 3240 433 3306 ἀόπλοις
496 3249 586 3298 καὶ
637 3244 870 3319 ἀγεννέσι
918 3250 1007 3299 καὶ
1050 3244 1282 3309 θηλείαις
1331 3247 1507 3306 ἵπποις
1572 3243 1822 3317 ἐφεζομέ-

206 3352 329 3397 νοις
355 3333 402 3387 έν
438 3333 624 3409 ἀκαρεί
682 3337 880 3400 πάντᾶς
945 3335 1225 3411 έτρέψαντο
1280 3337 1519 3398 τούτους.
1581 3330 1821 3408 Φυγάδες

202 3430 342 3497 γοῦν
379 3427 502 3479 ἔνιοι
539 3424 595 3479 έκ
660 3429 852 3481 τούτων
914 3430 1240 3501 γεγενημένοι
1322 3429 1413 3479 καὶ
1508 3426 1642 3498 πρὸς
1730 3426 1819 3477 τὸν

204 3517 482 3586 Κομνηνόν
538 3515 763 3588 Μιχαὴλ
819 3514 1089 3589 ἀφιγμένοι
1145 3513 1465 3588 ἀπήγγειλαν
1534 3521 1676 3585 αυτῷ
1750 3514 1821 3566 τὰ

202 3601 582 3676 ξυμϐάντα.’0
614 3601 674 3659 δε
706 3603 801 3658 ούκ
857 3603 1082 3681 tamen
1132 3612 1203 3677 τῷ
1260 3600 1529 3678 αἰφνιδίῳ,
1590 3602 1818 3679 ἰσχυρὸς

206 3688 277 3747 δὲ
317 3692 385 3744 ὢν
412 3697 508 3752 τὴν
549 3700 711 3771 χεῖρα
761 3698 851 3747 καὶ
903 3698 1000 3753 τὴν
1051 3698 1262 3767 γνώμην
1320 3690 1556 3766 ἀνδρεῖος
1603 3697 1694 3746 καὶ
1748 3693 1818 3745 τά

200 3782 436 3857 μάχιμα
472 3785 712 3860 ἔμπειρος
772 3782 1005 3857 (πολλοῖς
1073 3786 1175 3858 γὰρ
1238 3787 1327 3837 καὶ
1392 3787 1635 3857 πρότερον
1703 3788 1816 3844 τοίς

200 3869 508 3946 πολεμικοῖς
538 3872 951 3947 έγγεγύμναστο)
993 3872 1261 3936 ὁπλισθεὶς
1319 3878 1410 3926 καὶ
1466 3868 1599 3948 δόρυ
1645 3870 1813 3925 λαϐὼν

199 3964 401 4015 καὶτὸ
437 3966 830 4038 στρατιωτικὸν,
888 3965 1009 4038 ὅπερ
1050 3960 1112 4022 ἦν
1178 3963 1278 4015 ύπό
1352 3964 1441 4015 τὸν
1538 3963 1812 4037 Λάσκαριν

198 4050 437 4123 Μιχαὴλ
475 4051 530 4105 ἔκ
569 4052 930 4125 Παφλαγονίας
979 4055 1278 4127 ὡρμημένον
1335 4055 1425 4105 καὶ
1488 4051 1560 4115 εἰς
1624 4055 1813 4109 πεντή-

196 4159 367 4194 κοντα
414 4137 613 4217 ἄνδρας
663 4143 1014 4218 ἠριθμημένον
1073 4143 1256 4215 (ὶκιῖνο
1311 4145 1399 4194 καὶ
1470 4143 1571 4216 γὰρ
1656 4143 1811 4214 μόνον

198 4230 467 4303 ἐτύγχανε
513 4238 613 4284 τῶν
662 4230 826 4284 ἄλλων
862 4237 1091 4305 κρεῖττον
1144 4235 1235 4285 καὶ
1282 4230 1577 4303 πολεμῆσαι
1643 4226 1810 4283 δυνά-

196 4322 404 4393 μενον),
442 4321 579 4374 κατὰ
608 4328 708 4373 τῶν
748 4319 985 4374 ἐναντίων
1059 4321 1215 4393 ὁρμᾷ.
1296 4318 1357 4372 Ὀ
1401 4315 1463 4373 δι
1532 4320 1808 4387 Λάσκαρις

197 4408 453 4480 Μιχαὴλ,
511 4411 580 4473 ὡς
635 4409 823 4478 εἰώθει,
887 4410 947 4463 ού
1025 4411 1234 4484 θώρακα
1296 4407 1424 4463 ἀλλὰ
1492 4406 1806 4484 θωρακίδιον

197 4495 531 4564 ὑπενδυθεὶς,
579 4502 645 4562 ὡς
692 4498 753 4552 ἂν
797 4501 915 4573 ἔχοι
956 4496 1156 4576 ῥᾳδίως
1208 4500 1430 4572 φεύγειν,
1463 4497 1518 4552 έκ
1577 4498 1804 4572 πλαγίου
1845 4540 1887 4594 D

197 4595 307 4650 τῆς
335 4590 521 4662 μάχης
563 4586 625 4649 ἧν
667 4593 756 4642 καὶ
814 4588 1025 4642 έσκόπει
1078 4592 1139 4642 τὸ
1197 4592 1555 4662 γενησόμενον.
1606 4587 1665 4641 Ὀ
1713 4592 1803 4662 μὲν

198 4681 301 4732 ὀῦν
342 4682 603 4751 Κομνηνός
648 4677 870 4752 Μιχαὴλ
925 4684 999 4749 τῷ
1047 4683 1264 4753 πρώτως
1309 4676 1572 4755 ἐρχομένῳ
1622 4676 1807 4741 ξυναν-

197 4770 375 4828 τήσας
414 4765 593 4841 βάλλει
637 4776 710 4839 τῷ
757 4764 945 4843 δόρατι
995 4772 1086 4821 καὶ
1134 4768 1310 4843 ῥίπτει
1364 4774 1459 4830 τῆς
1516 4763 1802 4843 εφετρίδος·

197 4854 269 4917 ἧν
301 4852 362 4910 δὲ
394 4858 420 4909 ὁ
456 4858 634 4933 ῥηθεὶς
687 4863 780 4911 τοῦ
837 4856 1137 4912 ἀποστάτου
1207 4856 1431 4930 Μιχαὴλ
1493 4857 1638 4917 νόθος
1694 4857 1807 4919 υἱὸς

200 4942 495 5021 Θεόδωρος.
525 4954 628 5001 Τοῦ
654 4952 931 5021 πτώματος
976 4954 1099 5021 γοῦν
1142 4945 1373 5011 ἀναστὰς
1423 4945 1575 5007 οὗτος
1629 4964 1800 5020 προσ-

199 5034 401 5111 έδραμε
426 5045 500 5111 τῷ
528 5044 775 5111 Κομνηνῷ
813 5037 1056 5111 Μιχαὴλ,
1109 5037 1193 5113 [Ρ.
1247 5035 1341 5111 82]
1396 5040 1486 5091 καὶ
1540 5031 1802 5090 ἐδυσώπει

1954 1897 2237 1957 Manuelis
2261 1898 2614 1972 Lampardae
2640 1899 2933 1957 cohortes.
2969 1914 3039 1955 ex
3080 1898 3304 1972 quibus
3341 1899 3611 1975 plerique

1953 1986 2300 2060 gregalibus
2342 1987 2512 2061 equis
2557 2004 2761 2046 rerum
2823 1987 3302 2046 necessariarum
3378 1990 3608 2047 onustis

1954 2077 2345 2146 vehebantur,
2377 2076 2577 2135 insciis
2604 2078 2735 2136 aliis
2765 2078 3022 2134 ducibus
3050 2078 3224 2147 inter,
3255 2080 3421 2153 quod
3449 2079 3606 2140 ultra

1952 2166 2329 2224 Bodenorum
2343 2166 2638 2241 oppidum
2659 2167 3113 2233 extendebatur,
3136 2169 3511 2240 continuant,
3543 2174 3610 2230 ut

1949 2256 2078 2315 aliis
2110 2259 2437 2316 anteversis
2483 2258 2600 2331 ipsi
2632 2273 2875 2332 quoque
2911 2258 3183 2331 prmdam
3223 2275 3606 2333 praeoccupa-

1944 2350 2096 2406 rent.
2113 2346 2227 2403 Illis
2254 2346 2500 2405 obviam
2517 2347 2583 2404 ﬁt
2602 2348 2664 2404 in
2686 2347 3065 2406 Bodenorum
3106 2350 3148 2419 ι
3164 2348 3272 2421 57
3303 2349 3605 2409 montium

1944 2435 2220 2493 claustris
2243 2436 2540 2494 Michaelis
2562 2436 2877 2493 defectoris
2896 2452 3117 2506 agmen
3134 2438 3213 2495 ad
3242 2453 3603 2510 oppugnari.

1943 2526 2056 2584 dos
2086 2530 2389 2584 Romanos
2420 2526 2866 2585 transmissum.
2906 2526 3108 2600 Milites
3133 2543 3275 2599 ergo
3299 2527 3478 2585 fortes
3527 2544 3601 2586 ac

1943 2617 2186 2683 strenui,
2229 2617 2501 2691 superbis
2543 2616 2717 2690 equis
2778 2616 2930 2673 vecti
2984 2620 3039 2674 et
3092 2617 3277 2674 armis
3330 2617 3598 2692 undique

1941 2707 2113 2780 septi,
2145 2707 2585 2765 homunciones
2626 2707 2885 2764 inermes
2936 2722 3007 2763 ac
3049 2708 3317 2781 putidos,
3365 2708 3599 2782 equulis

1939 2796 2288 2865 insidentes,
2305 2795 2470 2854 nulla
2482 2811 2653 2854 mora
2667 2811 2879 2855 omnes
2892 2801 3060 2868 terga
3085 2802 3313 2854 vertere
3327 2812 3597 2868 coegere.

1940 2889 2025 2944 Ex
2054 2886 2147 2943 his
2172 2885 2468 2956 nonnulli,
2501 2887 2607 2960 qui
2662 2885 2779 2944 sibi
2825 2886 2969 2957 fuga
3034 2886 3477 2957 consuluerant,
3521 2887 3600 2943 ad

1940 2976 2285 3034 Michaelem
2320 2977 2693 3033 Comnenum
2748 2975 3164 3042 concedentes,
3216 2991 3599 3049 quascunque

1940 3065 2283 3123 acciderant
2336 3068 2639 3121 enarrant.
2692 3063 2790 3121 Ille
2842 3079 2906 3121 re
2954 3064 3196 3121 insolita
3256 3066 3437 3138 atque
3484 3064 3599 3121 im-

1940 3155 2187 3229 provisa
2206 3153 2454 3211 minime
2485 3156 2922 3225 consternatus,
2957 3154 3044 3210 vir
3095 3169 3283 3210 manu
3335 3152 3596 3222 validus,

1939 3248 2158 3303 natura
2193 3244 2383 3311 fortis,
2420 3243 2646 3301 militias
2692 3258 2919 3315 magna
2971 3243 3219 3300 scientia
3286 3248 3344 3300 et
3389 3243 3594 3300 animo

1939 3334 2167 3405 ingenti
2209 3332 2477 3401 celebris,
2537 3337 2829 3406 tanquam
2866 3332 2972 3406 qui
3036 3335 3092 3389 et
3144 3335 3322 3390 antea
3370 3330 3591 3405 praeliis

1930 3426 2342 3489 consueverat,
2372 3425 2665 3490 armatus,
2690 3421 2870 3479 hasta
2905 3425 3164 3495 arrepta,
3220 3426 3277 3480 et
3321 3419 3583 3492 agmine,

1927 3513 2095 3586 quod
2142 3511 2386 3570 Michael
2426 3511 2699 3569 Lascaris
2763 3528 2795 3568 e
2841 3511 3251 3585 Paphlogonia
3305 3511 3582 3579 duxerat,

1928 3600 2370 3675 quinquaginta
2390 3605 2620 3658 tantum
2676 3599 2995 3658 hominum
3049 3599 3350 3658 conducto
3400 3599 3577 3674 (illud

1926 3706 2191 3765 namque
2211 3690 2407 3747 solum
2436 3706 2711 3763 pugnam
2742 3690 3035 3747 sustinere
3065 3691 3150 3747 uti
3177 3690 3404 3748 ceeteris
3431 3706 3580 3763 prae-

1927 3781 2180 3839 stantius
2208 3781 2463 3855 poterat)
2490 3780 2553 3837 in
2576 3780 2781 3837 hostes
2810 3796 2981 3838 armo
3034 3786 3256 3839 movet.
3302 3781 3576 3839 Lascaris

1925 3871 2167 3929 Michael
2215 3886 2326 3944 pro
2381 3887 2492 3926 suo
2549 3885 2717 3927 more
2753 3885 2878 3927 non
2928 3870 3135 3935 lorica,
3166 3870 3273 3927 sed
3325 3869 3577 3928 loricula

1924 3960 2350 4026 circumdatus,
2384 3964 2449 4015 ut
2468 3958 2802 4032 expeditius
2849 3959 2912 4015 in
2937 3958 3145 4029 fugam
3173 3975 3304 4016 sese
3327 3959 3581 4031 conjice-

1921 4052 2031 4117 ret,
2065 4066 2096 4106 e
2122 4049 2307 4106 latere
2330 4064 2553 4121 pugnae
2582 4052 2865 4105 eventum
2886 4049 3188 4105 observat.
3207 4052 3279 4105 At
3332 4049 3582 4105 Comneo

1921 4153 2037 4196 nus
2068 4137 2311 4196 Michael
2344 4137 2539 4210 primo
2569 4136 2835 4193 hostium
2890 4136 3137 4193 obviam
3184 4136 3375 4194 factus
3404 4135 3580 4196 hasta

1918 4243 2273 4302 percussum
2317 4225 2530 4297 sagulo
2569 4224 2748 4300 pellit.
2797 4228 2935 4283 Erat
2957 4226 3009 4281 is
3042 4241 3227 4300 quem
3283 4225 3578 4294 diximus,

1920 4318 2213 4377 Michaelis
2232 4316 2547 4375 defectoris
2573 4316 2729 4373 ﬁlius
2773 4316 3013 4390 spurius
3056 4316 3423 4387 Theodorus,
3471 4317 3579 4390 qui

1918 4409 2097 4483 lapsu
2118 4408 2463 4466 sublevatus
2492 4406 2757 4464 Michaeli
2795 4407 3101 4465 Comneno
3158 4407 3571 4482 supplicatum

1918 4498 2100 4568 venit,
2142 4496 2467 4570 multisque
2505 4495 2703 4552 verbis
2744 4510 2820 4553 ne
2860 4496 2993 4553 neci
3032 4496 3363 4555 traderetur
3408 4495 3575 4554 efﬂa-

1919 4587 2168 4658 gitabat.
2206 4589 2354 4643 Eum
2396 4585 2642 4643 Michael
2678 4600 2875 4659 neque
2914 4586 3321 4657 cognoscebat
3368 4602 3572 4660 neque

1916 4678 2055 4750 quis
2077 4681 2232 4733 esset
2253 4675 2514 4744 sciebat;
2542 4690 2731 4749 quare
2758 4678 2960 4732 Turces
3012 4676 3256 4733 cuidam
3314 4675 3570 4732 traditus

1915 4766 2222 4825 occiditur‘.
2258 4765 2400 4821 Dein
2424 4764 2842 4836 Paphlagones
2890 4781 3110 4838 pugnae
3141 4765 3387 4821 comites
3426 4780 3567 4819 cum

1914 4854 2158 4927 reliquis
2170 4853 2558 4924 conﬂigentes
2584 4855 2627 4925 1
2644 4854 2759 4927 58
2776 4853 2928 4910 alius
2949 4853 3134 4909 alium
3155 4851 3562 4909 trucidebant:

1915 4943 2282 5017 tandemque
2323 4958 2531 5016 pugna
2581 4947 2847 5000 extrema
2890 4942 3189 4999 Michaelis
3241 4940 3565 4998 defectoris

1914 5034 2131 5093 milites
2152 5032 2309 5104 iuges
2328 5047 2393 5089 se
2404 5032 2642 5103 dedere,
2659 5031 2955 5089 Michaelis
2978 5031 3267 5089 Comneni
3283 5030 3493 5103 viginti
3509 5036 3568 5090 et

196 5186 278 5252 τῷ
308 5187 589 5267 στροξτηγῷ
615 5187 708 5267 τοῦ
734 5179 1034 5235 ἀποστάτου
1066 5176 1325 5255 Θεοδώρῳ
1348 5178 1613 5267 συρρήξας
1638 5177 1820 5252 βάλλει
1842 5185 2020 5232 τοῦτον
2050 5182 2142 5231 τοῦ
2165 5177 2441 5267 ἱππονικαὶ
2465 5177 2635 5265 ἱκέτην
2672 5176 2822 5261 ὑπὲρ,
2853 5182 2946 5229 τοῦ
2995 5179 3069 5263 μὴ
3130 5177 3295 5263 θανεῖν
3324 5170 3566 5262 δεχεται.

195 5245 582 5339 Παραδίδωσιν
610 5252 698 5305 οὖν
726 5261 906 5306 τοῦτον
944 5255 1158 5326 Τούρκῳ
1177 5245 1423 5324 τινι,’καὶ’
1442 5245 1497 5315 ὃς
1533 5245 1810 5324 πεφόνευκα
1837 5258 2036 5339 τοῦτον.
2070 5254 2171 5303 Καὶ
2201 5247 2479 5323 ἐτρέψαντο
2519 5251 2641 5310 τοὺς
2671 5245 2779 5301 τοῦ
2800 5245 3121 5303 ἀποστάτου.
3153 5246 3277 5302 Εἶτα
3316 5245 3562 5323 ἀφίκοντο

196 5321 333 5400 πρὸς
351 5328 437 5378 τόν
469 5324 753 5400 Πρίλαπον,
780 5330 870 5379 καὶ
901 5321 1081 5399 ὀλίγας
1103 5321 1295 5401 ἡμέρας
1325 5321 1726 5399 προσμείναντες
1764 5321 2118 5397 ὑπέστρεψαν.

1090 5501 1435 5572 Theodori
1482 5502 1734 5572 Dousae
1782 5509 1848 5570 et
1893 5498 2148 5571 Leonis
2194 5499 2434 5570 Allatii
2480 5507 2685 5570 notae.

274 5698 391 5773 (51)
423 5697 716 5779 Θεόδωρος.
743 5696 1159 5775 Pachymeres,
1190 5714 1253 5774 p.
1292 5702 1384 5769 26,
1421 5701 1601 5760 vocat
1625 5697 1845 5761 Manus]

1939 5714 1978 5771 ι,
2005 5699 2141 5755 ALL.
