  <div class='ocr_page' id='page_1' title='image "/cluster/home/n/w/nwhite01/storage/ocr_20150623/140/hvd.32044073502551/652.png"; bbox 0 0 4042 6214; ppageno 0'>
   <div class='ocr_carea' id='block_1_1' title="bbox 267 325 418 396">
    <p class='ocr_par' dir='ltr' id='par_1_1' title="bbox 267 325 418 396">
     <span class='ocr_line' id='line_1_1' title="bbox 267 325 418 396; baseline 0.007 -1"><span class='ocrx_word' id='word_1_1' title='bbox 267 325 418 396; x_wconf 70' lang='grc'><strong>1173</strong></span> 
     </span>
    </p>
   </div>
   <div class='ocr_carea' id='block_1_2' title="bbox 1807 317 2152 398">
    <p class='ocr_par' dir='ltr' id='par_1_2' title="bbox 1807 317 2152 398">
     <span class='ocr_line' id='line_1_2' title="bbox 1807 317 2152 398; baseline 0 -2"><span class='ocrx_word' id='word_1_2' title='bbox 1807 317 2152 398; x_wconf 68' lang='grc' dir='ltr'><strong>ΑΝΝᾹιΕε.</strong></span> 
     </span>
    </p>
   </div>
   <div class='ocr_carea' id='block_1_3' title="bbox 3508 319 3649 400">
    <p class='ocr_par' dir='ltr' id='par_1_3' title="bbox 3508 319 3649 400">
     <span class='ocr_line' id='line_1_3' title="bbox 3508 319 3649 400; baseline 0.021 -2"><span class='ocrx_word' id='word_1_3' title='bbox 3508 319 3649 400; x_wconf 62' lang='lat' dir='ltr'>iiii</span> 
     </span>
    </p>
   </div>
   <div class='ocr_carea' id='block_1_4' title="bbox 269 461 1873 541">
    <p class='ocr_par' dir='ltr' id='par_1_4' title="bbox 269 461 1873 537">
     <span class='ocr_line' id='line_1_4' title="bbox 269 461 1873 537; baseline -0.001 -19"><span class='ocrx_word' id='word_1_4' title='bbox 269 464 626 536; x_wconf 75' lang='grc' dir='ltr'><strong>σιτοφυλάκια</strong></span> <span class='ocrx_word' id='word_1_5' title='bbox 674 461 994 533; x_wconf 75' lang='grc' dir='ltr'><strong>ἀπάγουσιν.</strong></span> <span class='ocrx_word' id='word_1_6' title='bbox 1060 461 1147 525; x_wconf 85' lang='grc' dir='ltr'><strong>Ἐξ</strong></span> <span class='ocrx_word' id='word_1_7' title='bbox 1195 462 1392 537; x_wconf 76' lang='grc' dir='ltr'><strong>ἐρήμης</strong></span> <span class='ocrx_word' id='word_1_8' title='bbox 1439 472 1566 536; x_wconf 73' lang='grc' dir='ltr'><strong>γοῦν</strong></span> <span class='ocrx_word' id='word_1_9' title='bbox 1606 463 1873 536; x_wconf 67' lang='grc' dir='ltr'><strong>ἀνοίγουσι</strong></span> 
     </span>
    </p>
   </div>
   <div class='ocr_carea' id='block_1_5' title="bbox 1986 461 3650 541">
    <p class='ocr_par' dir='ltr' id='par_1_5' title="bbox 1997 465 3650 541">
     <span class='ocr_line' id='line_1_5' title="bbox 1997 465 3650 541; baseline 0.002 -20"><span class='ocrx_word' id='word_1_10' title='bbox 1997 466 2233 522; x_wconf 84' lang='lat' dir='ltr'>abesset</span> <span class='ocrx_word' id='word_1_11' title='bbox 2268 465 2441 537; x_wconf 78' lang='lat'><strong>160</strong></span> <span class='ocrx_word' id='word_1_12' title='bbox 2483 466 2798 530; x_wconf 84' lang='lat' dir='ltr'>exercitus,</span> <span class='ocrx_word' id='word_1_13' title='bbox 2843 469 3049 538; x_wconf 88' lang='lat' dir='ltr'>portas</span> <span class='ocrx_word' id='word_1_14' title='bbox 3097 465 3389 538; x_wconf 85' lang='lat' dir='ltr'>aperiunt.</span> <span class='ocrx_word' id='word_1_15' title='bbox 3438 468 3650 541; x_wconf 87' lang='lat' dir='ltr'><strong>Sicque</strong></span> 
     </span>
    </p>
   </div>
   <div class='ocr_carea' id='block_1_6' title="bbox 1581 553 1880 606">
    <p class='ocr_par' dir='ltr' id='par_1_6' title="bbox 1581 553 1880 606">
     <span class='ocr_line' id='line_1_6' title="bbox 1581 553 1880 606; baseline 0 0"><span class='ocrx_word' id='word_1_16' title='bbox 1581 557 1681 606; x_wconf 84' lang='lat' dir='ltr'>Kui</span> <span class='ocrx_word' id='word_1_17' title='bbox 1751 553 1880 606; x_wconf 73' lang='grc' dir='ltr'><strong>ἑάλω</strong></span> 
     </span>
    </p>
   </div>
   <div class='ocr_carea' id='block_1_7' title="bbox 266 639 1880 715">
    <p class='ocr_par' dir='ltr' id='par_1_7' title="bbox 266 639 1880 715">
     <span class='ocr_line' id='line_1_7' title="bbox 266 639 1880 715; baseline 0 -20"><span class='ocrx_word' id='word_1_18' title='bbox 266 643 412 696; x_wconf 81' lang='grc' dir='ltr'><strong>οὕτω</strong></span> <span class='ocrx_word' id='word_1_19' title='bbox 440 646 498 694; x_wconf 86' lang='grc' dir='ltr'><strong>τὸ</strong></span> <span class='ocrx_word' id='word_1_20' title='bbox 521 649 613 694; x_wconf 82' lang='grc' dir='ltr'><strong>τοῦ</strong></span> <span class='ocrx_word' id='word_1_21' title='bbox 644 639 911 714; x_wconf 84' lang='grc' dir='ltr'><strong>Πριλάπου</strong></span> <span class='ocrx_word' id='word_1_22' title='bbox 950 641 1107 703; x_wconf 83' lang='grc' dir='ltr'><strong>οἰστυ,</strong></span> <span class='ocrx_word' id='word_1_23' title='bbox 1151 641 1208 692; x_wconf 69' lang='grc' dir='ltr'><strong>οὐ</strong></span> <span class='ocrx_word' id='word_1_24' title='bbox 1239 640 1493 713; x_wconf 88' lang='grc' dir='ltr'><strong>πολεμίων</strong></span> <span class='ocrx_word' id='word_1_25' title='bbox 1554 641 1730 715; x_wconf 74' lang='grc' dir='ltr'><strong>ἀρετῇ,</strong></span> <span class='ocrx_word' id='word_1_26' title='bbox 1786 644 1880 695; x_wconf 66' lang='grc' dir='ltr'><strong>οὐκ</strong></span> 
     </span>
    </p>
   </div>
   <div class='ocr_carea' id='block_1_8' title="bbox 267 727 1879 804">
    <p class='ocr_par' dir='ltr' id='par_1_8' title="bbox 267 727 1879 804">
     <span class='ocr_line' id='line_1_8' title="bbox 267 727 1879 804; baseline 0 -21"><span class='ocrx_word' id='word_1_27' title='bbox 267 731 628 804; x_wconf 78' lang='grc' dir='ltr'><strong>ἀνοχυρότητι</strong></span> <span class='ocrx_word' id='word_1_28' title='bbox 662 733 844 792; x_wconf 81' lang='grc' dir='ltr'><strong>τόπου,</strong></span> <span class='ocrx_word' id='word_1_29' title='bbox 895 727 1022 779; x_wconf 78' lang='grc' dir='ltr'><strong>ἀλλὰ</strong></span> <span class='ocrx_word' id='word_1_30' title='bbox 1065 735 1128 801; x_wconf 78' lang='grc' dir='ltr'><strong>τῇ</strong></span> <span class='ocrx_word' id='word_1_31' title='bbox 1158 737 1258 780; x_wconf 87' lang='grc' dir='ltr'><strong>τῶν</strong></span> <span class='ocrx_word' id='word_1_32' title='bbox 1315 727 1551 801; x_wconf 77' lang='grc' dir='ltr'><strong>φυλάκων</strong></span> <span class='ocrx_word' id='word_1_33' title='bbox 1597 730 1879 804; x_wconf 79' lang='grc' dir='ltr'><strong>ἀϐελτηρίᾳ</strong></span> 
     </span>
    </p>
   </div>
   <div class='ocr_carea' id='block_1_9' title="bbox 265 817 1877 892">
    <p class='ocr_par' dir='ltr' id='par_1_9' title="bbox 265 817 1877 892">
     <span class='ocr_line' id='line_1_9' title="bbox 265 817 1877 892; baseline 0.001 -21"><span class='ocrx_word' id='word_1_34' title='bbox 265 825 369 872; x_wconf 80' lang='grc' dir='ltr'><strong>καὶ</strong></span> <span class='ocrx_word' id='word_1_35' title='bbox 431 818 668 890; x_wconf 76' lang='grc' dir='ltr'><strong>ἀπιστίᾳ.</strong></span> <span class='ocrx_word' id='word_1_36' title='bbox 731 821 832 869; x_wconf 78' lang='grc' dir='ltr'><strong>Καὶ</strong></span> <span class='ocrx_word' id='word_1_37' title='bbox 891 819 1042 889; x_wconf 77' lang='grc' dir='ltr'><strong>ἡμεῖς</strong></span> <span class='ocrx_word' id='word_1_38' title='bbox 1095 818 1414 890; x_wconf 82' lang='grc' dir='ltr'><strong>συνεάλωμεν</strong></span> <span class='ocrx_word' id='word_1_39' title='bbox 1463 823 1554 872; x_wconf 81' lang='grc' dir='ltr'><strong>καὶ</strong></span> <span class='ocrx_word' id='word_1_40' title='bbox 1611 817 1877 892; x_wconf 77' lang='grc' dir='ltr'><strong>δεσμῶται</strong></span> 
     </span>
    </p>
   </div>
   <div class='ocr_carea' id='block_1_10' title="bbox 264 893 1878 982">
    <p class='ocr_par' dir='ltr' id='par_1_10' title="bbox 264 893 1878 982">
     <span class='ocr_line' id='line_1_10' title="bbox 264 893 1878 982; baseline 0.002 -23"><span class='ocrx_word' id='word_1_41' title='bbox 264 913 581 981; x_wconf 67' lang='grc' dir='ltr'><strong>γεγόναμεν.</strong></span> <span class='ocrx_word' id='word_1_42' title='bbox 647 903 788 958; x_wconf 74' lang='grc' dir='ltr'><strong>Οὐδέ</strong></span> <span class='ocrx_word' id='word_1_43' title='bbox 824 893 926 980; x_wconf 60' lang='grc' dir='ltr'><strong>λγὰρ</strong></span> <span class='ocrx_word' id='word_1_44' title='bbox 976 911 1170 964; x_wconf 81' lang='grc' dir='ltr'><strong>ὤνησεν</strong></span> <span class='ocrx_word' id='word_1_45' title='bbox 1199 908 1335 979; x_wconf 83' lang='grc' dir='ltr'><strong>ἡμᾶς</strong></span> <span class='ocrx_word' id='word_1_46' title='bbox 1398 911 1457 960; x_wconf 90' lang='grc' dir='ltr'><strong>τὸ</strong></span> <span class='ocrx_word' id='word_1_47' title='bbox 1514 916 1604 968; x_wconf 85' lang='grc' dir='ltr'><strong>τῆς</strong></span> <span class='ocrx_word' id='word_1_48' title='bbox 1657 908 1878 982; x_wconf 76' lang='grc' dir='ltr'><strong>ἀκροπό-</strong></span> 
     </span>
    </p>
   </div>
   <div class='ocr_carea' id='block_1_11' title="bbox 266 993 1875 1071">
    <p class='ocr_par' dir='ltr' id='par_1_11' title="bbox 266 993 1875 1071">
     <span class='ocr_line' id='line_1_11' title="bbox 266 993 1875 1071; baseline 0 -20"><span class='ocrx_word' id='word_1_49' title='bbox 266 999 399 1060; x_wconf 77' lang='grc' dir='ltr'><strong>λεως</strong></span> <span class='ocrx_word' id='word_1_50' title='bbox 445 1000 688 1071; x_wconf 78' lang='grc' dir='ltr'><strong>φρούριον</strong></span> <span class='ocrx_word' id='word_1_51' title='bbox 722 1018 734 1030; x_wconf 79' lang='grc' dir='ltr'><strong>ο</strong></span> <span class='ocrx_word' id='word_1_52' title='bbox 767 999 934 1069; x_wconf 80' lang='grc' dir='ltr'><strong>πέτρα</strong></span> <span class='ocrx_word' id='word_1_53' title='bbox 981 999 1083 1071; x_wconf 71' lang='grc' dir='ltr'><strong>γὰρ</strong></span> <span class='ocrx_word' id='word_1_54' title='bbox 1131 993 1213 1066; x_wconf 81' lang='grc' dir='ltr'><strong>ἧν,</strong></span> <span class='ocrx_word' id='word_1_55' title='bbox 1253 1001 1340 1049; x_wconf 81' lang='grc' dir='ltr'><strong>καὶ</strong></span> <span class='ocrx_word' id='word_1_56' title='bbox 1389 996 1558 1056; x_wconf 83' lang='grc' dir='ltr'><strong>ἁλωτὴ</strong></span> <span class='ocrx_word' id='word_1_57' title='bbox 1610 995 1875 1052; x_wconf 76' lang='grc' dir='ltr'><strong>δεκαϐάθ-</strong></span> 
     </span>
    </p>
   </div>
   <div class='ocr_carea' id='block_1_12' title="bbox 266 1085 1871 1161">
    <p class='ocr_par' dir='ltr' id='par_1_12' title="bbox 266 1085 1871 1161">
     <span class='ocr_line' id='line_1_12' title="bbox 266 1085 1871 1161; baseline 0.002 -23"><span class='ocrx_word' id='word_1_58' title='bbox 266 1099 359 1160; x_wconf 77' lang='grc' dir='ltr'><strong>μῳ</strong></span> <span class='ocrx_word' id='word_1_59' title='bbox 435 1087 673 1159; x_wconf 75' lang='grc' dir='ltr'><strong>κλίμακι,</strong></span> <span class='ocrx_word' id='word_1_60' title='bbox 748 1089 885 1161; x_wconf 78' lang='grc' dir='ltr'><strong>εἴπερ</strong></span> <span class='ocrx_word' id='word_1_61' title='bbox 961 1085 1184 1159; x_wconf 72' lang='grc' dir='ltr'><strong>ἐπῄεσάν</strong></span> <span class='ocrx_word' id='word_1_62' title='bbox 1271 1105 1402 1148; x_wconf 88' lang='grc' dir='ltr'><strong>τινες</strong></span> <span class='ocrx_word' id='word_1_63' title='bbox 1473 1087 1871 1160; x_wconf 81' lang='grc' dir='ltr'><strong>πολεμήσοντες.</strong></span> 
     </span>
    </p>
   </div>
   <div class='ocr_carea' id='block_1_13' title="bbox 265 552 1494 626">
    <p class='ocr_par' dir='ltr' id='par_1_13' title="bbox 265 552 1494 626">
     <span class='ocr_line' id='line_1_13' title="bbox 265 552 1494 626; baseline 0.001 -20"><span class='ocrx_word' id='word_1_64' title='bbox 265 556 372 614; x_wconf 80' lang='grc' dir='ltr'><strong>τὰς</strong></span> <span class='ocrx_word' id='word_1_65' title='bbox 433 553 598 614; x_wconf 73' lang='grc' dir='ltr'><strong>πύλας</strong></span> <span class='ocrx_word' id='word_1_66' title='bbox 661 553 710 603; x_wconf 89' lang='grc' dir='ltr'><strong>οἱ</strong></span> <span class='ocrx_word' id='word_1_67' title='bbox 760 558 928 602; x_wconf 80' lang='grc' dir='ltr'><strong>ταῦτα</strong></span> <span class='ocrx_word' id='word_1_68' title='bbox 1004 552 1494 626; x_wconf 79' lang='grc' dir='ltr'><strong>προμελετήσαντες.</strong></span> 
     </span>
    </p>
   </div>
   <div class='ocr_carea' id='block_1_14' title="bbox 265 1175 1876 1253">
    <p class='ocr_par' dir='ltr' id='par_1_14' title="bbox 265 1175 1876 1253">
     <span class='ocr_line' id='line_1_14' title="bbox 265 1175 1876 1253; baseline 0.001 -23"><span class='ocrx_word' id='word_1_69' title='bbox 265 1177 424 1250; x_wconf 75' lang='grc' dir='ltr'><strong>Ἐνῇ</strong></span> <span class='ocrx_word' id='word_1_70' title='bbox 451 1181 539 1229; x_wconf 82' lang='grc' dir='ltr'><strong>καὶ</strong></span> <span class='ocrx_word' id='word_1_71' title='bbox 583 1179 769 1238; x_wconf 80' lang='grc' dir='ltr'><strong>νυκτὸς</strong></span> <span class='ocrx_word' id='word_1_72' title='bbox 822 1178 872 1228; x_wconf 80' lang='grc' dir='ltr'><strong>οἱ</strong></span> <span class='ocrx_word' id='word_1_73' title='bbox 930 1175 1176 1228; x_wconf 82' lang='grc' dir='ltr'><strong>τάναντία</strong></span> <span class='ocrx_word' id='word_1_74' title='bbox 1237 1182 1582 1250; x_wconf 78' lang='grc' dir='ltr'><strong>φρονήσαντες</strong></span> <span class='ocrx_word' id='word_1_75' title='bbox 1635 1180 1876 1253; x_wconf 78' lang='grc' dir='ltr'><strong>ἡμέτεροι</strong></span> 
     </span>
    </p>
   </div>
   <div class='ocr_carea' id='block_1_15' title="bbox 267 1264 1873 1340">
    <p class='ocr_par' dir='ltr' id='par_1_15' title="bbox 267 1264 1873 1340">
     <span class='ocr_line' id='line_1_15' title="bbox 267 1264 1873 1340; baseline 0.001 -22"><span class='ocrx_word' id='word_1_76' title='bbox 267 1265 571 1340; x_wconf 73' lang='grc' dir='ltr'><strong>ἐφορμῆσαι</strong></span> <span class='ocrx_word' id='word_1_77' title='bbox 599 1265 716 1317; x_wconf 82' lang='grc' dir='ltr'><strong>καθ’</strong></span> <span class='ocrx_word' id='word_1_78' title='bbox 747 1265 893 1337; x_wconf 78' lang='grc' dir='ltr'><strong>ἡμῶν</strong></span> <span class='ocrx_word' id='word_1_79' title='bbox 936 1264 1306 1324; x_wconf 78' lang='grc' dir='ltr'><strong>ἠϐουλήθησαν</strong></span> <span class='ocrx_word' id='word_1_80' title='bbox 1358 1269 1423 1326; x_wconf 82' lang='grc' dir='ltr'><strong>ὡς</strong></span> <span class='ocrx_word' id='word_1_81' title='bbox 1462 1269 1600 1340; x_wconf 73' lang='grc' dir='ltr'><strong>ἡμᾶς</strong></span> <span class='ocrx_word' id='word_1_82' title='bbox 1651 1287 1706 1319; x_wconf 83' lang='grc' dir='ltr'><strong>τε</strong></span> <span class='ocrx_word' id='word_1_83' title='bbox 1740 1267 1873 1320; x_wconf 77' lang='grc' dir='ltr'><strong>ἀπο-</strong></span> 
     </span>
    </p>
   </div>
   <div class='ocr_carea' id='block_1_16' title="bbox 264 1353 1875 1426">
    <p class='ocr_par' dir='ltr' id='par_1_16' title="bbox 264 1353 1875 1426">
     <span class='ocr_line' id='line_1_16' title="bbox 264 1353 1875 1426; baseline 0 -18"><span class='ocrx_word' id='word_1_84' title='bbox 264 1363 466 1408; x_wconf 76' lang='grc' dir='ltr'><strong>κτενεῖν</strong></span> <span class='ocrx_word' id='word_1_85' title='bbox 517 1359 607 1406; x_wconf 82' lang='grc' dir='ltr'><strong>καὶ</strong></span> <span class='ocrx_word' id='word_1_86' title='bbox 673 1357 738 1406; x_wconf 84' lang='grc' dir='ltr'><strong>τὰ</strong></span> <span class='ocrx_word' id='word_1_87' title='bbox 813 1356 960 1426; x_wconf 79' lang='grc' dir='ltr'><strong>ἡμῶν</strong></span> <span class='ocrx_word' id='word_1_88' title='bbox 1015 1353 1298 1417; x_wconf 79' lang='grc' dir='ltr'><strong>ξυλλαϐεῖν.</strong></span> <span class='ocrx_word' id='word_1_89' title='bbox 1377 1355 1519 1409; x_wconf 81' lang='grc' dir='ltr'><strong>Ἐπεὶ</strong></span> <span class='ocrx_word' id='word_1_90' title='bbox 1586 1353 1645 1409; x_wconf 70' lang='grc' dir='ltr'><strong>δὲ</strong></span> <span class='ocrx_word' id='word_1_91' title='bbox 1718 1357 1875 1418; x_wconf 72' lang='grc' dir='ltr'><strong>αὐτὸς</strong></span> 
     </span>
    </p>
   </div>
   <div class='ocr_carea' id='block_1_17' title="bbox 264 1442 1875 1517">
    <p class='ocr_par' dir='ltr' id='par_1_17' title="bbox 264 1442 1875 1517">
     <span class='ocr_line' id='line_1_17' title="bbox 264 1442 1875 1517; baseline 0.001 -21"><span class='ocrx_word' id='word_1_92' title='bbox 264 1449 429 1497; x_wconf 76' lang='grc' dir='ltr'><strong>ταυτὶ</strong></span> <span class='ocrx_word' id='word_1_93' title='bbox 495 1442 815 1514; x_wconf 72' lang='grc' dir='ltr'><strong>ἔπεγνώκειν,</strong></span> <span class='ocrx_word' id='word_1_94' title='bbox 869 1448 986 1495; x_wconf 82' lang='grc' dir='ltr'><strong>τότε</strong></span> <span class='ocrx_word' id='word_1_95' title='bbox 1066 1446 1154 1516; x_wconf 74' lang='grc' dir='ltr'><strong>μὲν</strong></span> <span class='ocrx_word' id='word_1_96' title='bbox 1241 1444 1454 1506; x_wconf 81' lang='grc' dir='ltr'><strong>ἑαυτοὺς</strong></span> <span class='ocrx_word' id='word_1_97' title='bbox 1519 1444 1875 1517; x_wconf 79' lang='grc' dir='ltr'><strong>ἐφυλαξάμεθα</strong></span> 
     </span>
    </p>
   </div>
   <div class='ocr_carea' id='block_1_18' title="bbox 261 1529 1874 1608">
    <p class='ocr_par' dir='ltr' id='par_1_18' title="bbox 261 1529 1874 1608">
     <span class='ocr_line' id='line_1_18' title="bbox 261 1529 1874 1608; baseline 0 -22"><span class='ocrx_word' id='word_1_98' title='bbox 261 1536 445 1595; x_wconf 78' lang='grc' dir='ltr'><strong>καθὼς</strong></span> <span class='ocrx_word' id='word_1_99' title='bbox 471 1529 531 1591; x_wconf 79' lang='grc' dir='ltr'><strong>ἧν</strong></span> <span class='ocrx_word' id='word_1_100' title='bbox 559 1533 684 1604; x_wconf 83' lang='grc' dir='ltr'><strong>ἡμῖν</strong></span> <span class='ocrx_word' id='word_1_101' title='bbox 730 1529 972 1598; x_wconf 86' lang='grc' dir='ltr'><strong>δυνατὸν,</strong></span> <span class='ocrx_word' id='word_1_102' title='bbox 1023 1531 1397 1604; x_wconf 76' lang='grc' dir='ltr'><strong>ἐπιλαμψάσης</strong></span> <span class='ocrx_word' id='word_1_103' title='bbox 1441 1530 1501 1586; x_wconf 68' lang='grc' dir='ltr'><strong>δὲ</strong></span> <span class='ocrx_word' id='word_1_104' title='bbox 1553 1536 1749 1608; x_wconf 79' lang='grc' dir='ltr'><strong>ἡμέρας</strong></span> <span class='ocrx_word' id='word_1_105' title='bbox 1801 1542 1874 1604; x_wconf 87' lang='grc' dir='ltr'><strong>τῷ</strong></span> 
     </span>
    </p>
   </div>
   <div class='ocr_carea' id='block_1_19' title="bbox 264 1621 1874 1696">
    <p class='ocr_par' dir='ltr' id='par_1_19' title="bbox 264 1621 1874 1696">
     <span class='ocr_line' id='line_1_19' title="bbox 264 1621 1874 1696; baseline 0 -20"><span class='ocrx_word' id='word_1_106' title='bbox 264 1623 542 1696; x_wconf 71' lang='grc' dir='ltr'><strong>ἀποστάτῃ</strong></span> <span class='ocrx_word' id='word_1_107' title='bbox 592 1621 815 1693; x_wconf 79' lang='grc' dir='ltr'><strong>Μιχαὴλ</strong></span> <span class='ocrx_word' id='word_1_108' title='bbox 885 1621 956 1684; x_wconf 77' lang='lat' dir='ltr'>ei;</span> <span class='ocrx_word' id='word_1_109' title='bbox 1009 1621 1302 1694; x_wconf 80' lang='grc' dir='ltr'><strong>ξυμφωνίας</strong></span> <span class='ocrx_word' id='word_1_110' title='bbox 1355 1622 1620 1686; x_wconf 86' lang='grc' dir='ltr'><strong>ξυνῆλθον.</strong></span> <span class='ocrx_word' id='word_1_111' title='bbox 1689 1623 1874 1677; x_wconf 75' lang='grc' dir='ltr'><strong>Κάκεῖ-</strong></span> 
     </span>
    </p>
   </div>
   <div class='ocr_carea' id='block_1_20' title="bbox 257 1708 1873 1790">
    <p class='ocr_par' dir='ltr' id='par_1_20' title="bbox 257 1708 1873 1790">
     <span class='ocr_line' id='line_1_20' title="bbox 257 1708 1873 1790; baseline 0 -23"><span class='ocrx_word' id='word_1_112' title='bbox 257 1733 352 1775; x_wconf 86' lang='grc' dir='ltr'><strong>νος</strong></span> <span class='ocrx_word' id='word_1_113' title='bbox 406 1717 494 1786; x_wconf 70' lang='grc' dir='ltr'><strong>μεν</strong></span> <span class='ocrx_word' id='word_1_114' title='bbox 542 1716 674 1787; x_wconf 87' lang='grc' dir='ltr'><strong>πρὸς</strong></span> <span class='ocrx_word' id='word_1_115' title='bbox 725 1714 862 1784; x_wconf 78' lang='grc' dir='ltr'><strong>ἡμᾶς</strong></span> <span class='ocrx_word' id='word_1_116' title='bbox 910 1708 1136 1764; x_wconf 78' lang='grc' dir='ltr'><strong>δέδωκεν</strong></span> <span class='ocrx_word' id='word_1_117' title='bbox 1201 1715 1380 1787; x_wconf 83' lang='grc' dir='ltr'><strong>ὅρκους</strong></span> <span class='ocrx_word' id='word_1_118' title='bbox 1442 1712 1735 1790; x_wconf 82' lang='grc' dir='ltr'><strong>ἐλευθέρους</strong></span> <span class='ocrx_word' id='word_1_119' title='bbox 1783 1718 1873 1788; x_wconf 74' lang='grc' dir='ltr'><strong>μεν</strong></span> 
     </span>
    </p>
   </div>
   <div class='ocr_carea' id='block_1_21' title="bbox 1992 554 3647 626">
    <p class='ocr_par' dir='ltr' id='par_1_21' title="bbox 1992 554 3647 626">
     <span class='ocr_line' id='line_1_21' title="bbox 1992 554 3647 626; baseline 0.002 -16"><span class='ocrx_word' id='word_1_120' title='bbox 1992 555 2210 626; x_wconf 87' lang='lat' dir='ltr'>Prilapi</span> <span class='ocrx_word' id='word_1_121' title='bbox 2255 554 2548 626; x_wconf 87' lang='lat' dir='ltr'><strong>oppidum</strong></span> <span class='ocrx_word' id='word_1_122' title='bbox 2595 571 2719 610; x_wconf 90' lang='lat' dir='ltr'><strong>non</strong></span> <span class='ocrx_word' id='word_1_123' title='bbox 2759 556 2974 613; x_wconf 89' lang='lat' dir='ltr'>virtute</span> <span class='ocrx_word' id='word_1_124' title='bbox 3032 555 3317 624; x_wconf 77' lang='lat' dir='ltr'>hostium,</span> <span class='ocrx_word' id='word_1_125' title='bbox 3370 572 3496 613; x_wconf 90' lang='lat' dir='ltr'><strong>non</strong></span> <span class='ocrx_word' id='word_1_126' title='bbox 3532 555 3647 614; x_wconf 93' lang='lat' dir='ltr'>loci</span> 
     </span>
    </p>
   </div>
   <div class='ocr_carea' id='block_1_22' title="bbox 1989 641 3645 718">
    <p class='ocr_par' dir='ltr' id='par_1_22' title="bbox 1989 641 3645 718">
     <span class='ocr_line' id='line_1_22' title="bbox 1989 641 3645 718; baseline 0.003 -20"><span class='ocrx_word' id='word_1_127' title='bbox 1989 642 2412 708; x_wconf 79' lang='lat' dir='ltr'><strong>imbecillitate,</strong></span> <span class='ocrx_word' id='word_1_128' title='bbox 2455 641 2561 698; x_wconf 89' lang='lat' dir='ltr'><strong>sed</strong></span> <span class='ocrx_word' id='word_1_129' title='bbox 2591 643 2913 700; x_wconf 82' lang='lat' dir='ltr'><strong>custodum</strong></span> <span class='ocrx_word' id='word_1_130' title='bbox 2949 644 3224 700; x_wconf 89' lang='lat' dir='ltr'>socordia</span> <span class='ocrx_word' id='word_1_131' title='bbox 3267 661 3338 700; x_wconf 92' lang='lat' dir='ltr'><strong>ac</strong></span> <span class='ocrx_word' id='word_1_132' title='bbox 3391 645 3645 718; x_wconf 84' lang='lat' dir='ltr'>perﬁdia</span> 
     </span>
    </p>
   </div>
   <div class='ocr_carea' id='block_1_23' title="bbox 1989 733 3642 804">
    <p class='ocr_par' dir='ltr' id='par_1_23' title="bbox 1989 733 3642 804">
     <span class='ocr_line' id='line_1_23' title="bbox 1989 733 3642 804; baseline 0.002 -18"><span class='ocrx_word' id='word_1_133' title='bbox 1989 737 2232 804; x_wconf 85' lang='lat' dir='ltr'>captum</span> <span class='ocrx_word' id='word_1_134' title='bbox 2262 737 2368 801; x_wconf 88' lang='lat' dir='ltr'>est,</span> <span class='ocrx_word' id='word_1_135' title='bbox 2415 736 2474 787; x_wconf 91' lang='lat' dir='ltr'><strong>et</strong></span> <span class='ocrx_word' id='word_1_136' title='bbox 2526 747 2637 787; x_wconf 90' lang='lat' dir='ltr'><strong>nos</strong></span> <span class='ocrx_word' id='word_1_137' title='bbox 2687 747 2808 788; x_wconf 87' lang='lat' dir='ltr'><strong>una</strong></span> <span class='ocrx_word' id='word_1_138' title='bbox 2847 748 2985 788; x_wconf 91' lang='lat' dir='ltr'><strong>cum</strong></span> <span class='ocrx_word' id='word_1_139' title='bbox 3041 738 3195 800; x_wconf 92' lang='lat' dir='ltr'>eo,et</span> <span class='ocrx_word' id='word_1_140' title='bbox 3248 733 3498 789; x_wconf 88' lang='lat' dir='ltr'><strong>vinculis</strong></span> <span class='ocrx_word' id='word_1_141' title='bbox 3527 739 3642 792; x_wconf 88' lang='lat' dir='ltr'>tra-</span> 
     </span>
    </p>
   </div>
   <div class='ocr_carea' id='block_1_24' title="bbox 1986 821 3636 894">
    <p class='ocr_par' dir='ltr' id='par_1_24' title="bbox 1986 821 3636 894">
     <span class='ocr_line' id='line_1_24' title="bbox 1986 821 3636 894; baseline 0.001 -16"><span class='ocrx_word' id='word_1_142' title='bbox 1986 821 2188 878; x_wconf 89' lang='lat' dir='ltr'>dimur</span> <span class='ocrx_word' id='word_1_143' title='bbox 2207 835 2230 892; x_wconf 86' lang='lat'>,&#39;</span> <span class='ocrx_word' id='word_1_144' title='bbox 2246 821 2467 894; x_wconf 87' lang='lat' dir='ltr'>quibus</span> <span class='ocrx_word' id='word_1_145' title='bbox 2489 836 2598 876; x_wconf 90' lang='lat' dir='ltr'><strong>nec</strong></span> <span class='ocrx_word' id='word_1_146' title='bbox 2616 821 2769 876; x_wconf 87' lang='lat' dir='ltr'>arcis</span> <span class='ocrx_word' id='word_1_147' title='bbox 2792 821 3102 878; x_wconf 83' lang='lat' dir='ltr'>castellum</span> <span class='ocrx_word' id='word_1_148' title='bbox 3126 823 3351 894; x_wconf 80' lang='lat' dir='ltr'><strong>profuit</strong></span> <span class='ocrx_word' id='word_1_149' title='bbox 3375 839 3390 878; x_wconf 87' lang='lat'><strong>:</strong></span> <span class='ocrx_word' id='word_1_150' title='bbox 3422 839 3636 880; x_wconf 87' lang='lat' dir='ltr'>saxum</span> 
     </span>
    </p>
   </div>
   <div class='ocr_carea' id='block_1_25' title="bbox 1984 911 3635 985">
    <p class='ocr_par' dir='ltr' id='par_1_25' title="bbox 1984 911 3635 985">
     <span class='ocr_line' id='line_1_25' title="bbox 1984 911 3635 985; baseline 0.002 -18"><span class='ocrx_word' id='word_1_151' title='bbox 1984 925 2250 984; x_wconf 86' lang='lat' dir='ltr'>namque</span> <span class='ocrx_word' id='word_1_152' title='bbox 2307 915 2451 974; x_wconf 87' lang='lat' dir='ltr'>erat,</span> <span class='ocrx_word' id='word_1_153' title='bbox 2501 916 2558 966; x_wconf 92' lang='lat' dir='ltr'><strong>et</strong></span> <span class='ocrx_word' id='word_1_154' title='bbox 2614 915 2964 982; x_wconf 86' lang='lat' dir='ltr'>expugnatu</span> <span class='ocrx_word' id='word_1_155' title='bbox 3017 911 3368 978; x_wconf 87' lang='lat' dir='ltr'>facilimum,</span> <span class='ocrx_word' id='word_1_156' title='bbox 3403 914 3450 967; x_wconf 90' lang='lat' dir='ltr'><strong>si</strong></span> <span class='ocrx_word' id='word_1_157' title='bbox 3498 914 3635 985; x_wconf 85' lang='lat' dir='ltr'>quis</span> 
     </span>
    </p>
   </div>
   <div class='ocr_carea' id='block_1_26' title="bbox 1983 999 3633 1071">
    <p class='ocr_par' dir='ltr' id='par_1_26' title="bbox 1983 999 3633 1071">
     <span class='ocr_line' id='line_1_26' title="bbox 1983 999 3633 1071; baseline 0.003 -15"><span class='ocrx_word' id='word_1_158' title='bbox 1983 1000 2191 1056; x_wconf 90' lang='lat' dir='ltr'>decem</span> <span class='ocrx_word' id='word_1_159' title='bbox 2246 999 2543 1071; x_wconf 89' lang='lat' dir='ltr'>graduum</span> <span class='ocrx_word' id='word_1_160' title='bbox 2593 999 2755 1056; x_wconf 86' lang='lat' dir='ltr'>scala</span> <span class='ocrx_word' id='word_1_161' title='bbox 2799 999 2945 1056; x_wconf 91' lang='lat' dir='ltr'>illud</span> <span class='ocrx_word' id='word_1_162' title='bbox 2986 1001 3234 1057; x_wconf 88' lang='lat' dir='ltr'>adortus</span> <span class='ocrx_word' id='word_1_163' title='bbox 3284 1000 3507 1057; x_wconf 84' lang='lat' dir='ltr'>fuisset.</span> <span class='ocrx_word' id='word_1_164' title='bbox 3569 1003 3633 1062; x_wconf 88' lang='lat' dir='ltr'>In</span> 
     </span>
    </p>
   </div>
   <div class='ocr_carea' id='block_1_27' title="bbox 1983 1089 3634 1163">
    <p class='ocr_par' dir='ltr' id='par_1_27' title="bbox 1983 1089 3634 1163">
     <span class='ocr_line' id='line_1_27' title="bbox 1983 1089 3634 1163; baseline 0 -17"><span class='ocrx_word' id='word_1_165' title='bbox 1983 1091 2149 1163; x_wconf 89' lang='lat' dir='ltr'>quod</span> <span class='ocrx_word' id='word_1_166' title='bbox 2181 1095 2381 1156; x_wconf 88' lang='lat' dir='ltr'>noctu,</span> <span class='ocrx_word' id='word_1_167' title='bbox 2412 1089 2516 1162; x_wconf 88' lang='lat' dir='ltr'><strong>qui</strong></span> <span class='ocrx_word' id='word_1_168' title='bbox 2551 1105 2623 1144; x_wconf 83' lang='lat' dir='ltr'><strong>ex</strong></span> <span class='ocrx_word' id='word_1_169' title='bbox 2660 1090 2877 1146; x_wconf 83' lang='lat' dir='ltr'>nostris</span> <span class='ocrx_word' id='word_1_170' title='bbox 2905 1089 3192 1146; x_wconf 88' lang='lat' dir='ltr'>adversus</span> <span class='ocrx_word' id='word_1_171' title='bbox 3230 1106 3342 1146; x_wconf 91' lang='lat' dir='ltr'><strong>nos</strong></span> <span class='ocrx_word' id='word_1_172' title='bbox 3394 1089 3634 1146; x_wconf 84' lang='lat' dir='ltr'>hostilia</span> 
     </span>
    </p>
   </div>
   <div class='ocr_carea' id='block_1_28' title="bbox 1982 1177 3635 1252">
    <p class='ocr_par' dir='ltr' id='par_1_28' title="bbox 1982 1177 3635 1252">
     <span class='ocr_line' id='line_1_28' title="bbox 1982 1177 3635 1252; baseline 0 -18"><span class='ocrx_word' id='word_1_173' title='bbox 1982 1179 2323 1243; x_wconf 85' lang='lat' dir='ltr'>induerant,</span> <span class='ocrx_word' id='word_1_174' title='bbox 2341 1178 2418 1234; x_wconf 88' lang='lat' dir='ltr'><strong>ad</strong></span> <span class='ocrx_word' id='word_1_175' title='bbox 2435 1194 2546 1234; x_wconf 90' lang='lat' dir='ltr'><strong>nos</strong></span> <span class='ocrx_word' id='word_1_176' title='bbox 2559 1177 2988 1234; x_wconf 91' lang='lat' dir='ltr'>interimendos</span> <span class='ocrx_word' id='word_1_177' title='bbox 3007 1185 3332 1251; x_wconf 89' lang='lat' dir='ltr'>nostraque</span> <span class='ocrx_word' id='word_1_178' title='bbox 3344 1178 3635 1252; x_wconf 90' lang='lat' dir='ltr'>rapienda</span> 
     </span>
    </p>
   </div>
   <div class='ocr_carea' id='block_1_29' title="bbox 1982 1267 3632 1340">
    <p class='ocr_par' dir='ltr' id='par_1_29' title="bbox 1982 1267 3632 1340">
     <span class='ocr_line' id='line_1_29' title="bbox 1982 1267 3632 1340; baseline -0.001 -16"><span class='ocrx_word' id='word_1_179' title='bbox 1982 1269 2258 1340; x_wconf 81' lang='lat' dir='ltr'>ingruere</span> <span class='ocrx_word' id='word_1_180' title='bbox 2299 1269 2569 1323; x_wconf 88' lang='lat' dir='ltr'>animum</span> <span class='ocrx_word' id='word_1_181' title='bbox 2627 1267 3010 1324; x_wconf 86' lang='lat' dir='ltr'>induxerant.</span> <span class='ocrx_word' id='word_1_182' title='bbox 3053 1270 3186 1324; x_wconf 66' lang='lat' dir='ltr'>Haec</span> <span class='ocrx_word' id='word_1_183' title='bbox 3243 1268 3437 1324; x_wconf 91' lang='lat' dir='ltr'>edocti</span> <span class='ocrx_word' id='word_1_184' title='bbox 3479 1272 3632 1335; x_wconf 90' lang='lat' dir='ltr'>tum,</span> 
     </span>
    </p>
   </div>
   <div class='ocr_carea' id='block_1_30' title="bbox 1983 1356 3638 1424">
    <p class='ocr_par' dir='ltr' id='par_1_30' title="bbox 1983 1356 3638 1424">
     <span class='ocr_line' id='line_1_30' title="bbox 1983 1356 3638 1424; baseline 0 -12"><span class='ocrx_word' id='word_1_185' title='bbox 1983 1359 2066 1412; x_wconf 88' lang='lat' dir='ltr'><strong>uti</strong></span> <span class='ocrx_word' id='word_1_186' title='bbox 2096 1357 2254 1412; x_wconf 88' lang='lat' dir='ltr'>vires</span> <span class='ocrx_word' id='word_1_187' title='bbox 2285 1361 2723 1424; x_wconf 84' lang='lat' dir='ltr'>concesserant,</span> <span class='ocrx_word' id='word_1_188' title='bbox 2756 1371 2868 1412; x_wconf 94' lang='lat' dir='ltr'><strong>nos</strong></span> <span class='ocrx_word' id='word_1_189' title='bbox 2908 1356 3360 1412; x_wconf 86' lang='lat' dir='ltr'>custodivimus.</span> <span class='ocrx_word' id='word_1_190' title='bbox 3393 1357 3506 1414; x_wconf 92' lang='lat' dir='ltr'>Sed</span> <span class='ocrx_word' id='word_1_191' title='bbox 3531 1356 3638 1412; x_wconf 91' lang='lat' dir='ltr'><strong>ubi</strong></span> 
     </span>
    </p>
   </div>
   <div class='ocr_carea' id='block_1_31' title="bbox 1982 1444 3638 1518">
    <p class='ocr_par' dir='ltr' id='par_1_31' title="bbox 1982 1444 3638 1518">
     <span class='ocr_line' id='line_1_31' title="bbox 1982 1444 3638 1518; baseline -0.001 -18"><span class='ocrx_word' id='word_1_192' title='bbox 1982 1445 2110 1500; x_wconf 89' lang='lat' dir='ltr'>dies</span> <span class='ocrx_word' id='word_1_193' title='bbox 2155 1446 2354 1516; x_wconf 68' lang='lat' dir='ltr'>coepit,</span> <span class='ocrx_word' id='word_1_194' title='bbox 2386 1461 2524 1500; x_wconf 90' lang='lat' dir='ltr'><strong>cum</strong></span> <span class='ocrx_word' id='word_1_195' title='bbox 2575 1444 2851 1501; x_wconf 80' lang='lat' dir='ltr'>Michaele</span> <span class='ocrx_word' id='word_1_196' title='bbox 2890 1444 3186 1501; x_wconf 88' lang='lat' dir='ltr'>defectore</span> <span class='ocrx_word' id='word_1_197' title='bbox 3225 1445 3302 1500; x_wconf 89' lang='lat' dir='ltr'><strong>ad</strong></span> <span class='ocrx_word' id='word_1_198' title='bbox 3330 1445 3638 1518; x_wconf 86' lang='lat' dir='ltr'>pactiones</span> 
     </span>
    </p>
   </div>
   <div class='ocr_carea' id='block_1_32' title="bbox 1981 1533 3638 1604">
    <p class='ocr_par' dir='ltr' id='par_1_32' title="bbox 1981 1533 3638 1604">
     <span class='ocr_line' id='line_1_32' title="bbox 1981 1533 3638 1604; baseline 0 -15"><span class='ocrx_word' id='word_1_199' title='bbox 1981 1535 2174 1591; x_wconf 88' lang='lat' dir='ltr'>venio.</span> <span class='ocrx_word' id='word_1_200' title='bbox 2206 1533 2302 1590; x_wconf 83' lang='lat' dir='ltr'>Ille</span> <span class='ocrx_word' id='word_1_201' title='bbox 2325 1535 2503 1589; x_wconf 89' lang='lat' dir='ltr'>etiam</span> <span class='ocrx_word' id='word_1_202' title='bbox 2529 1533 2928 1604; x_wconf 87' lang='lat' dir='ltr'>jurejurando</span> <span class='ocrx_word' id='word_1_203' title='bbox 2961 1551 3024 1590; x_wconf 92' lang='lat' dir='ltr'><strong>se</strong></span> <span class='ocrx_word' id='word_1_204' title='bbox 3056 1533 3432 1604; x_wconf 86' lang='lat' dir='ltr'>obligaverat</span> <span class='ocrx_word' id='word_1_205' title='bbox 3460 1549 3572 1590; x_wconf 91' lang='lat' dir='ltr'><strong>nos</strong></span> <span class='ocrx_word' id='word_1_206' title='bbox 3601 1549 3638 1590; x_wconf 93' lang='lat' dir='ltr'><strong>a</strong></span> 
     </span>
    </p>
   </div>
   <div class='ocr_carea' id='block_1_33' title="bbox 1981 1622 3638 1694">
    <p class='ocr_par' dir='ltr' id='par_1_33' title="bbox 1981 1622 3638 1694">
     <span class='ocr_line' id='line_1_33' title="bbox 1981 1622 3638 1694; baseline -0.001 -16"><span class='ocrx_word' id='word_1_207' title='bbox 1981 1639 2142 1679; x_wconf 83' lang='lat' dir='ltr'>noxa</span> <span class='ocrx_word' id='word_1_208' title='bbox 2159 1623 2460 1679; x_wconf 90' lang='lat' dir='ltr'>immunes</span> <span class='ocrx_word' id='word_1_209' title='bbox 2485 1628 2542 1678; x_wconf 89' lang='lat' dir='ltr'><strong>et</strong></span> <span class='ocrx_word' id='word_1_210' title='bbox 2563 1638 2700 1677; x_wconf 90' lang='lat' dir='ltr'><strong>cum</strong></span> <span class='ocrx_word' id='word_1_211' title='bbox 2713 1637 2775 1678; x_wconf 91' lang='lat' dir='ltr'><strong>re</strong></span> <span class='ocrx_word' id='word_1_212' title='bbox 2789 1622 3066 1678; x_wconf 88' lang='lat' dir='ltr'>familiari</span> <span class='ocrx_word' id='word_1_213' title='bbox 3075 1637 3186 1694; x_wconf 91' lang='lat' dir='ltr'><strong>pro</strong></span> <span class='ocrx_word' id='word_1_214' title='bbox 3195 1622 3425 1678; x_wconf 86' lang='lat' dir='ltr'>viribus</span> <span class='ocrx_word' id='word_1_215' title='bbox 3439 1622 3638 1678; x_wconf 89' lang='lat' dir='ltr'>salvos</span> 
     </span>
    </p>
   </div>
   <div class='ocr_carea' id='block_1_34' title="bbox 1983 1709 3633 1784">
    <p class='ocr_par' dir='ltr' id='par_1_34' title="bbox 1983 1709 3633 1784">
     <span class='ocr_line' id='line_1_34' title="bbox 1983 1709 3633 1784; baseline -0.001 -17"><span class='ocrx_word' id='word_1_216' title='bbox 1983 1717 2162 1784; x_wconf 88' lang='lat' dir='ltr'>atque</span> <span class='ocrx_word' id='word_1_217' title='bbox 2187 1711 2519 1767; x_wconf 88' lang='lat' dir='ltr'>incolumes</span> <span class='ocrx_word' id='word_1_218' title='bbox 2547 1710 2945 1782; x_wconf 58' lang='lat' dir='ltr'>imperatoria</span> <span class='ocrx_word' id='word_1_219' title='bbox 2974 1709 3184 1766; x_wconf 89' lang='lat' dir='ltr'>ditioni</span> <span class='ocrx_word' id='word_1_220' title='bbox 3237 1710 3633 1767; x_wconf 88' lang='lat' dir='ltr'>redditurum.</span> 
     </span>
    </p>
   </div>
   <div class='ocr_carea' id='block_1_35' title="bbox 259 1797 1873 1877">
    <p class='ocr_par' dir='ltr' id='par_1_35' title="bbox 259 1804 1873 1876">
     <span class='ocr_line' id='line_1_35' title="bbox 259 1804 1873 1876; baseline 0.001 -22"><span class='ocrx_word' id='word_1_221' title='bbox 259 1810 443 1855; x_wconf 78' lang='grc' dir='ltr'><strong>κακῶν</strong></span> <span class='ocrx_word' id='word_1_222' title='bbox 490 1807 580 1854; x_wconf 87' lang='lat' dir='ltr'><strong>xui</strong></span> <span class='ocrx_word' id='word_1_223' title='bbox 651 1804 782 1874; x_wconf 84' lang='grc' dir='ltr'><strong>μετά</strong></span> <span class='ocrx_word' id='word_1_224' title='bbox 862 1808 964 1852; x_wconf 88' lang='grc' dir='ltr'><strong>τῶν</strong></span> <span class='ocrx_word' id='word_1_225' title='bbox 1040 1805 1292 1876; x_wconf 77' lang='grc' dir='ltr'><strong>σφετέρων</strong></span> <span class='ocrx_word' id='word_1_226' title='bbox 1365 1805 1684 1875; x_wconf 75' lang='grc' dir='ltr'><strong>πραγμάτων</strong></span> <span class='ocrx_word' id='word_1_227' title='bbox 1730 1806 1873 1876; x_wconf 86' lang='grc' dir='ltr'><strong>παρὰ</strong></span> 
     </span>
    </p>
   </div>
   <div class='ocr_carea' id='block_1_36' title="bbox 1986 1797 3637 1877">
    <p class='ocr_par' dir='ltr' id='par_1_36' title="bbox 1986 1797 3637 1871">
     <span class='ocr_line' id='line_1_36' title="bbox 1986 1797 3637 1871; baseline -0.002 -15"><span class='ocrx_word' id='word_1_228' title='bbox 1986 1801 2077 1857; x_wconf 92' lang='lat' dir='ltr'>Sic</span> <span class='ocrx_word' id='word_1_229' title='bbox 2107 1816 2218 1856; x_wconf 90' lang='lat' dir='ltr'><strong>nos</strong></span> <span class='ocrx_word' id='word_1_230' title='bbox 2247 1799 2529 1871; x_wconf 90' lang='lat' dir='ltr'>pusillum</span> <span class='ocrx_word' id='word_1_231' title='bbox 2548 1798 2692 1854; x_wconf 87' lang='lat' dir='ltr'>illud</span> <span class='ocrx_word' id='word_1_232' title='bbox 2713 1803 2979 1855; x_wconf 89' lang='lat' dir='ltr'>castrum</span> <span class='ocrx_word' id='word_1_233' title='bbox 3000 1797 3368 1859; x_wconf 81' lang='lat' dir='ltr'>dedidimus.</span> <span class='ocrx_word' id='word_1_234' title='bbox 3387 1801 3637 1855; x_wconf 89' lang='lat' dir='ltr'>Verum-</span> 
     </span>
    </p>
   </div>
   <div class='ocr_carea' id='block_1_37' title="bbox 258 1887 1871 1964">
    <p class='ocr_par' dir='ltr' id='par_1_37' title="bbox 258 1887 1871 1964">
     <span class='ocr_line' id='line_1_37' title="bbox 258 1887 1871 1964; baseline 0 -20"><span class='ocrx_word' id='word_1_235' title='bbox 258 1899 362 1944; x_wconf 80' lang='grc' dir='ltr'><strong>τοῦ</strong></span> <span class='ocrx_word' id='word_1_236' title='bbox 419 1895 610 1964; x_wconf 79' lang='grc' dir='ltr'><strong>μέρους</strong></span> <span class='ocrx_word' id='word_1_237' title='bbox 661 1889 820 1941; x_wconf 75' lang='grc' dir='ltr'><strong>αὐτου</strong></span> <span class='ocrx_word' id='word_1_238' title='bbox 879 1888 949 1950; x_wconf 79' lang='grc' dir='ltr'><strong>εἰς</strong></span> <span class='ocrx_word' id='word_1_239' title='bbox 1023 1893 1116 1948; x_wconf 80' lang='grc' dir='ltr'><strong>τὴν</strong></span> <span class='ocrx_word' id='word_1_240' title='bbox 1174 1896 1357 1962; x_wconf 84' lang='grc' dir='ltr'><strong>χώραν</strong></span> <span class='ocrx_word' id='word_1_241' title='bbox 1403 1887 1734 1950; x_wconf 81' lang='grc' dir='ltr'><strong>διασωθῆναι</strong></span> <span class='ocrx_word' id='word_1_242' title='bbox 1780 1900 1871 1944; x_wconf 83' lang='grc' dir='ltr'><strong>τοῦ</strong></span> 
     </span>
    </p>
   </div>
   <div class='ocr_carea' id='block_1_38' title="bbox 263 1974 1873 2054">
    <p class='ocr_par' dir='ltr' id='par_1_38' title="bbox 263 1974 1873 2054">
     <span class='ocr_line' id='line_1_38' title="bbox 263 1974 1873 2054; baseline -0.001 -22"><span class='ocrx_word' id='word_1_243' title='bbox 263 1979 545 2054; x_wconf 81' lang='grc' dir='ltr'><strong>βασιλέως,</strong></span> <span class='ocrx_word' id='word_1_244' title='bbox 586 1981 732 2050; x_wconf 80' lang='grc' dir='ltr'><strong>ἡμεῖς</strong></span> <span class='ocrx_word' id='word_1_245' title='bbox 811 1974 872 2030; x_wconf 67' lang='grc' dir='ltr'><strong>δὲ</strong></span> <span class='ocrx_word' id='word_1_246' title='bbox 945 1981 1006 2030; x_wconf 83' lang='grc' dir='ltr'><strong>τὸ</strong></span> <span class='ocrx_word' id='word_1_247' title='bbox 1066 1983 1252 2053; x_wconf 79' lang='grc' dir='ltr'><strong>μικρὸν</strong></span> <span class='ocrx_word' id='word_1_248' title='bbox 1321 1979 1481 2031; x_wconf 81' lang='grc' dir='ltr'><strong>ἐκεῖνο</strong></span> <span class='ocrx_word' id='word_1_249' title='bbox 1535 1984 1667 2054; x_wconf 85' lang='grc' dir='ltr'><strong>πρὸς</strong></span> <span class='ocrx_word' id='word_1_250' title='bbox 1718 1979 1873 2031; x_wconf 76' lang='grc' dir='ltr'><strong>αὐτὸν</strong></span> 
     </span>
    </p>
   </div>
   <div class='ocr_carea' id='block_1_39' title="bbox 261 2067 1872 2144">
    <p class='ocr_par' dir='ltr' id='par_1_39' title="bbox 261 2067 1872 2144">
     <span class='ocr_line' id='line_1_39' title="bbox 261 2067 1872 2144; baseline -0.001 -22"><span class='ocrx_word' id='word_1_251' title='bbox 261 2068 650 2141; x_wconf 77' lang='grc' dir='ltr'><strong>ἁπολιλύκαμεν</strong></span> <span class='ocrx_word' id='word_1_252' title='bbox 679 2071 946 2141; x_wconf 77' lang='grc' dir='ltr'><strong>φρούριον.</strong></span> <span class='ocrx_word' id='word_1_253' title='bbox 1000 2067 1134 2120; x_wconf 83' lang='grc' dir='ltr'><strong>Ἀλλ’</strong></span> <span class='ocrx_word' id='word_1_254' title='bbox 1187 2076 1330 2120; x_wconf 82' lang='grc' dir='ltr'><strong>ὦσαν</strong></span> <span class='ocrx_word' id='word_1_255' title='bbox 1386 2070 1435 2121; x_wconf 84' lang='grc' dir='ltr'><strong>οἱ</strong></span> <span class='ocrx_word' id='word_1_256' title='bbox 1486 2071 1635 2144; x_wconf 87' lang='grc' dir='ltr'><strong>ὃρσοι</strong></span> <span class='ocrx_word' id='word_1_257' title='bbox 1687 2071 1872 2121; x_wconf 82' lang='grc' dir='ltr'><strong>τούτου</strong></span> 
     </span>
    </p>
   </div>
   <div class='ocr_carea' id='block_1_40' title="bbox 259 2154 480 2228">
    <p class='ocr_par' dir='ltr' id='par_1_40' title="bbox 259 2154 480 2228">
     <span class='ocr_line' id='line_1_40' title="bbox 259 2154 480 2228; baseline -0.009 -18"><span class='ocrx_word' id='word_1_258' title='bbox 259 2154 480 2228; x_wconf 78' lang='grc' dir='ltr'><strong>ψευδεῖς</strong></span> 
     </span>
    </p>
   </div>
   <div class='ocr_carea' id='block_1_41' title="bbox 259 2241 676 2307">
    <p class='ocr_par' dir='ltr' id='par_1_41' title="bbox 259 2241 676 2307">
     <span class='ocr_line' id='line_1_41' title="bbox 259 2241 676 2307; baseline 0.002 -8"><span class='ocrx_word' id='word_1_259' title='bbox 259 2261 387 2307; x_wconf 59' lang='lat' dir='ltr'>sou;</span> <span class='ocrx_word' id='word_1_260' title='bbox 415 2241 676 2306; x_wconf 80' lang='grc' dir='ltr'><strong>πεδήτας.</strong></span> 
     </span>
    </p>
   </div>
   <div class='ocr_carea' id='block_1_42' title="bbox 336 2330 1873 2408">
    <p class='ocr_par' dir='ltr' id='par_1_42' title="bbox 336 2330 1873 2408">
     <span class='ocr_line' id='line_1_42' title="bbox 336 2330 1873 2408; baseline -0.001 -21"><span class='ocrx_word' id='word_1_261' title='bbox 336 2335 400 2387; x_wconf 77' lang='grc' dir='ltr'>Ὀ</span> <span class='ocrx_word' id='word_1_262' title='bbox 455 2337 545 2406; x_wconf 61' lang='grc' dir='ltr'><strong>μὲν</strong></span> <span class='ocrx_word' id='word_1_263' title='bbox 589 2333 679 2386; x_wconf 77' lang='grc' dir='ltr'><strong>οὖν</strong></span> <span class='ocrx_word' id='word_1_264' title='bbox 720 2331 966 2405; x_wconf 84' lang='grc' dir='ltr'><strong>βασιλεὺς</strong></span> <span class='ocrx_word' id='word_1_265' title='bbox 995 2330 1268 2408; x_wconf 87' lang='grc' dir='ltr'><strong>Θεόδωρος</strong></span> <span class='ocrx_word' id='word_1_266' title='bbox 1323 2339 1442 2407; x_wconf 87' lang='grc' dir='ltr'><strong>περὶ</strong></span> <span class='ocrx_word' id='word_1_267' title='bbox 1496 2337 1690 2386; x_wconf 80' lang='grc' dir='ltr'><strong>τούτων</strong></span> <span class='ocrx_word' id='word_1_268' title='bbox 1746 2333 1873 2392; x_wconf 78' lang='grc' dir='ltr'><strong>ἀκη-</strong></span> 
     </span>
    </p>
   </div>
   <div class='ocr_carea' id='block_1_43' title="bbox 269 2421 1872 2497">
    <p class='ocr_par' dir='ltr' id='par_1_43' title="bbox 269 2421 1872 2497">
     <span class='ocr_line' id='line_1_43' title="bbox 269 2421 1872 2497; baseline 0.001 -22"><span class='ocrx_word' id='word_1_269' title='bbox 269 2429 412 2485; x_wconf 72' lang='grc' dir='ltr'><strong>κοὼς</strong></span> <span class='ocrx_word' id='word_1_270' title='bbox 440 2425 734 2475; x_wconf 80' lang='grc' dir='ltr'><strong>ὑπετόπασε</strong></span> <span class='ocrx_word' id='word_1_271' title='bbox 773 2425 863 2494; x_wconf 67' lang='grc' dir='ltr'><strong>μὲν</strong></span> <span class='ocrx_word' id='word_1_272' title='bbox 913 2427 1034 2497; x_wconf 78' lang='grc' dir='ltr'><strong>περὶ</strong></span> <span class='ocrx_word' id='word_1_273' title='bbox 1087 2421 1213 2495; x_wconf 74' lang='grc' dir='ltr'><strong>ἐμοῦ</strong></span> <span class='ocrx_word' id='word_1_274' title='bbox 1262 2422 1322 2474; x_wconf 77' lang='grc' dir='ltr'><strong>οὐ</strong></span> <span class='ocrx_word' id='word_1_275' title='bbox 1378 2423 1564 2490; x_wconf 82' lang='grc' dir='ltr'><strong>καλῶς,</strong></span> <span class='ocrx_word' id='word_1_276' title='bbox 1609 2426 1872 2497; x_wconf 85' lang='grc' dir='ltr'><strong>ανθρωπί-</strong></span> 
     </span>
    </p>
   </div>
   <div class='ocr_carea' id='block_1_44' title="bbox 265 2509 1871 2584">
    <p class='ocr_par' dir='ltr' id='par_1_44' title="bbox 265 2509 1871 2584">
     <span class='ocr_line' id='line_1_44' title="bbox 265 2509 1871 2584; baseline 0 -21"><span class='ocrx_word' id='word_1_277' title='bbox 265 2531 376 2572; x_wconf 82' lang='grc' dir='ltr'><strong>νοις</strong></span> <span class='ocrx_word' id='word_1_278' title='bbox 432 2509 490 2564; x_wconf 74' lang='grc' dir='ltr'><strong>δέ</strong></span> <span class='ocrx_word' id='word_1_279' title='bbox 545 2511 817 2583; x_wconf 66' lang='grc' dir='ltr'><strong>λογισμοῖς</strong></span> <span class='ocrx_word' id='word_1_280' title='bbox 894 2511 1136 2583; x_wconf 79' lang='grc' dir='ltr'><strong>ἑπόμενος</strong></span> <span class='ocrx_word' id='word_1_281' title='bbox 1219 2513 1561 2565; x_wconf 83' lang='grc' dir='ltr'><strong>ὑπετὸπασεν.</strong></span> <span class='ocrx_word' id='word_1_282' title='bbox 1628 2511 1718 2572; x_wconf 75' lang='grc' dir='ltr'><strong>Ὠς</strong></span> <span class='ocrx_word' id='word_1_283' title='bbox 1769 2515 1871 2584; x_wconf 71' lang='grc' dir='ltr'><strong>ογὰρ</strong></span> 
     </span>
    </p>
   </div>
   <div class='ocr_carea' id='block_1_45' title="bbox 277 2599 1874 2674">
    <p class='ocr_par' dir='ltr' id='par_1_45' title="bbox 277 2599 1874 2674">
     <span class='ocr_line' id='line_1_45' title="bbox 277 2599 1874 2674; baseline -0.001 -22"><span class='ocrx_word' id='word_1_284' title='bbox 277 2599 597 2672; x_wconf 69' lang='grc' dir='ltr'><strong>ἐμεμαθήκει</strong></span> <span class='ocrx_word' id='word_1_285' title='bbox 648 2603 761 2660; x_wconf 79' lang='grc' dir='ltr'><strong>τοὺς</strong></span> <span class='ocrx_word' id='word_1_286' title='bbox 826 2605 1094 2674; x_wconf 76' lang='grc' dir='ltr'><strong>κρείττους</strong></span> <span class='ocrx_word' id='word_1_287' title='bbox 1168 2607 1268 2651; x_wconf 89' lang='grc' dir='ltr'><strong>τῶν</strong></span> <span class='ocrx_word' id='word_1_288' title='bbox 1339 2603 1772 2672; x_wconf 73' lang='grc' dir='ltr'><strong>στρατηγούντων</strong></span> <span class='ocrx_word' id='word_1_289' title='bbox 1825 2599 1874 2651; x_wconf 72' lang='grc' dir='ltr'><strong>ἄν</strong></span> 
     </span>
    </p>
   </div>
   <div class='ocr_carea' id='block_1_46' title="bbox 273 2685 1872 2762">
    <p class='ocr_par' dir='ltr' id='par_1_46' title="bbox 273 2685 1872 2762">
     <span class='ocr_line' id='line_1_46' title="bbox 273 2685 1872 2762; baseline 0 -22"><span class='ocrx_word' id='word_1_290' title='bbox 273 2695 342 2761; x_wconf 72' lang='grc' dir='ltr'><strong>τῇ</strong></span> <span class='ocrx_word' id='word_1_291' title='bbox 406 2685 610 2761; x_wconf 75' lang='grc' dir='ltr'><strong>δυσμῇ,</strong></span> <span class='ocrx_word' id='word_1_292' title='bbox 659 2687 706 2740; x_wconf 72' lang='grc' dir='ltr'><strong>ἐν</strong></span> <span class='ocrx_word' id='word_1_293' title='bbox 768 2689 845 2751; x_wconf 83' lang='grc' dir='ltr'><strong>οἷς</strong></span> <span class='ocrx_word' id='word_1_294' title='bbox 899 2687 1100 2762; x_wconf 76' lang='grc' dir='ltr'><strong>ἒθάῤῥει</strong></span> <span class='ocrx_word' id='word_1_295' title='bbox 1151 2693 1241 2740; x_wconf 96' lang='lat' dir='ltr'><strong>xui</strong></span> <span class='ocrx_word' id='word_1_296' title='bbox 1287 2691 1353 2740; x_wconf 86' lang='grc' dir='ltr'><strong>τὰ</strong></span> <span class='ocrx_word' id='word_1_297' title='bbox 1402 2688 1585 2753; x_wconf 82' lang='grc' dir='ltr'><strong>πολλὰ,</strong></span> <span class='ocrx_word' id='word_1_298' title='bbox 1632 2690 1732 2742; x_wconf 79' lang='grc' dir='ltr'><strong>ὑπὸ</strong></span> <span class='ocrx_word' id='word_1_299' title='bbox 1786 2709 1872 2742; x_wconf 92' lang='grc' dir='ltr'><strong>τον</strong></span> 
     </span>
    </p>
   </div>
   <div class='ocr_carea' id='block_1_47' title="bbox 264 2776 1872 2851">
    <p class='ocr_par' dir='ltr' id='par_1_47' title="bbox 264 2776 1872 2851">
     <span class='ocr_line' id='line_1_47' title="bbox 264 2776 1872 2851; baseline 0.001 -22"><span class='ocrx_word' id='word_1_300' title='bbox 264 2776 576 2834; x_wconf 77' lang='grc' dir='ltr'><strong>ἀποστάτην</strong></span> <span class='ocrx_word' id='word_1_301' title='bbox 627 2777 850 2849; x_wconf 75' lang='grc' dir='ltr'><strong>Μιχαὴλ</strong></span> <span class='ocrx_word' id='word_1_302' title='bbox 917 2779 1253 2848; x_wconf 73' lang='grc' dir='ltr'><strong>γεγενῆσθαι,</strong></span> <span class='ocrx_word' id='word_1_303' title='bbox 1307 2780 1428 2838; x_wconf 83' lang='grc' dir='ltr'><strong>τούς</strong></span> <span class='ocrx_word' id='word_1_304' title='bbox 1483 2781 1573 2849; x_wconf 71' lang='grc' dir='ltr'><strong>μὲν</strong></span> <span class='ocrx_word' id='word_1_305' title='bbox 1626 2783 1716 2830; x_wconf 86' lang='lat' dir='ltr'><strong>xui</strong></span> <span class='ocrx_word' id='word_1_306' title='bbox 1771 2782 1872 2851; x_wconf 86' lang='grc' dir='ltr'><strong>πρὸ</strong></span> 
     </span>
    </p>
   </div>
   <div class='ocr_carea' id='block_1_48' title="bbox 261 2870 1872 2941">
    <p class='ocr_par' dir='ltr' id='par_1_48' title="bbox 261 2870 1872 2941">
     <span class='ocr_line' id='line_1_48' title="bbox 261 2870 1872 2941; baseline 0 -22"><span class='ocrx_word' id='word_1_307' title='bbox 261 2875 368 2919; x_wconf 81' lang='grc' dir='ltr'><strong>τῶν</strong></span> <span class='ocrx_word' id='word_1_308' title='bbox 421 2870 795 2937; x_wconf 75' lang='grc' dir='ltr'><strong>κατασχέσεων</strong></span> <span class='ocrx_word' id='word_1_309' title='bbox 847 2873 947 2918; x_wconf 86' lang='grc' dir='ltr'><strong>τῶν</strong></span> <span class='ocrx_word' id='word_1_310' title='bbox 997 2871 1272 2941; x_wconf 74' lang='grc' dir='ltr'><strong>φρουρίων,</strong></span> <span class='ocrx_word' id='word_1_311' title='bbox 1322 2870 1481 2936; x_wconf 74' lang='grc' dir='ltr'><strong>ἤγουν</strong></span> <span class='ocrx_word' id='word_1_312' title='bbox 1529 2871 1618 2919; x_wconf 83' lang='grc' dir='ltr'><strong>τὸν</strong></span> <span class='ocrx_word' id='word_1_313' title='bbox 1666 2870 1872 2919; x_wconf 76' lang='grc' dir='ltr'><strong>Σκουτὲ-</strong></span> 
     </span>
    </p>
   </div>
   <div class='ocr_carea' id='block_1_49' title="bbox 1983 1886 3634 1960">
    <p class='ocr_par' dir='ltr' id='par_1_49' title="bbox 1983 1886 3634 1960">
     <span class='ocr_line' id='line_1_49' title="bbox 1983 1886 3634 1960; baseline -0.002 -15"><span class='ocrx_word' id='word_1_314' title='bbox 1983 1894 2183 1945; x_wconf 87' lang='lat' dir='ltr'>tamen</span> <span class='ocrx_word' id='word_1_315' title='bbox 2208 1888 2638 1960; x_wconf 88' lang='lat' dir='ltr'>jusjurandum</span> <span class='ocrx_word' id='word_1_316' title='bbox 2669 1903 2810 1942; x_wconf 89' lang='lat' dir='ltr'><strong>cum</strong></span> <span class='ocrx_word' id='word_1_317' title='bbox 2834 1887 2929 1943; x_wconf 91' lang='lat' dir='ltr'>ille</span> <span class='ocrx_word' id='word_1_318' title='bbox 2949 1887 3171 1943; x_wconf 80' lang='lat' dir='ltr'>nefarie</span> <span class='ocrx_word' id='word_1_319' title='bbox 3204 1888 3483 1960; x_wconf 87' lang='lat' dir='ltr'>jurasset,</span> <span class='ocrx_word' id='word_1_320' title='bbox 3505 1886 3634 1942; x_wconf 86' lang='lat' dir='ltr'>fru-</span> 
     </span>
    </p>
   </div>
   <div class='ocr_carea' id='block_1_50' title="bbox 1984 1975 3633 2049">
    <p class='ocr_par' dir='ltr' id='par_1_50' title="bbox 1984 1975 3633 2049">
     <span class='ocr_line' id='line_1_50' title="bbox 1984 1975 3633 2049; baseline -0.002 -15"><span class='ocrx_word' id='word_1_321' title='bbox 1984 1984 2107 2034; x_wconf 88' lang='lat' dir='ltr'>stra</span> <span class='ocrx_word' id='word_1_322' title='bbox 2135 1978 2260 2048; x_wconf 87' lang='lat' dir='ltr'>fuit,</span> <span class='ocrx_word' id='word_1_323' title='bbox 2294 1975 2897 2049; x_wconf 89' lang='lat' dir='ltr'>quandoquidemille</span> <span class='ocrx_word' id='word_1_324' title='bbox 2916 1991 3028 2032; x_wconf 90' lang='lat' dir='ltr'><strong>nos</strong></span> <span class='ocrx_word' id='word_1_325' title='bbox 3048 1975 3303 2032; x_wconf 85' lang='lat' dir='ltr'>vinculis</span> <span class='ocrx_word' id='word_1_326' title='bbox 3323 1975 3633 2047; x_wconf 85' lang='lat' dir='ltr'>colligatos</span> 
     </span>
    </p>
   </div>
   <div class='ocr_carea' id='block_1_51' title="bbox 1982 2064 3032 2136">
    <p class='ocr_par' dir='ltr' id='par_1_51' title="bbox 1982 2064 3032 2136">
     <span class='ocr_line' id='line_1_51' title="bbox 1982 2064 3032 2136; baseline -0.003 -13"><span class='ocrx_word' id='word_1_327' title='bbox 1982 2069 2058 2123; x_wconf 90' lang='lat' dir='ltr'><strong>de</strong></span> <span class='ocrx_word' id='word_1_328' title='bbox 2087 2067 2220 2122; x_wconf 92' lang='lat' dir='ltr'>loco</span> <span class='ocrx_word' id='word_1_329' title='bbox 2251 2066 2310 2121; x_wconf 91' lang='lat' dir='ltr'><strong>in</strong></span> <span class='ocrx_word' id='word_1_330' title='bbox 2336 2066 2538 2121; x_wconf 90' lang='lat' dir='ltr'>locum</span> <span class='ocrx_word' id='word_1_331' title='bbox 2567 2064 3032 2136; x_wconf 85' lang='lat' dir='ltr'>transportabat.</span> 
     </span>
    </p>
   </div>
   <div class='ocr_carea' id='block_1_52' title="bbox 539 2152 3635 2232">
    <p class='ocr_par' dir='ltr' id='par_1_52' title="bbox 539 2152 3635 2232">
     <span class='ocr_line' id='line_1_52' title="bbox 539 2152 3635 2232; baseline -0 -25"><span class='ocrx_word' id='word_1_332' title='bbox 539 2178 552 2190; x_wconf 85' lang='lat'><strong>-</strong></span> <span class='ocrx_word' id='word_1_333' title='bbox 603 2155 841 2229; x_wconf 73' lang='grc' dir='ltr'><strong>ἐπίορκον</strong></span> <span class='ocrx_word' id='word_1_334' title='bbox 887 2159 990 2232; x_wconf 76' lang='grc' dir='ltr'><strong>γὰρ</strong></span> <span class='ocrx_word' id='word_1_335' title='bbox 1046 2157 1339 2229; x_wconf 76' lang='grc' dir='ltr'><strong>ὠμωμόκει.</strong></span> <span class='ocrx_word' id='word_1_336' title='bbox 1381 2155 1578 2230; x_wconf 78' lang='grc' dir='ltr'><strong>Ἔσχεν</strong></span> <span class='ocrx_word' id='word_1_337' title='bbox 1632 2155 1720 2210; x_wconf 81' lang='grc' dir='ltr'><strong>οὖν</strong></span> <span class='ocrx_word' id='word_1_338' title='bbox 1767 2159 1908 2230; x_wconf 79' lang='grc' dir='ltr'><strong>ἡμᾶς</strong></span> <span class='ocrx_word' id='word_1_339' title='bbox 1957 2156 2006 2208; x_wconf 73' lang='grc' dir='ltr'><strong>ἓν</strong></span> <span class='ocrx_word' id='word_1_340' title='bbox 2059 2153 2276 2228; x_wconf 82' lang='grc' dir='ltr'><strong>δεσμοῖς</strong></span> <span class='ocrx_word' id='word_1_341' title='bbox 2325 2158 2416 2206; x_wconf 77' lang='grc' dir='ltr'><strong>καὶ</strong></span> <span class='ocrx_word' id='word_1_342' title='bbox 2473 2152 2575 2206; x_wconf 78' lang='grc' dir='ltr'><strong>ἀπὸ</strong></span> <span class='ocrx_word' id='word_1_343' title='bbox 2626 2159 2810 2227; x_wconf 84' lang='grc' dir='ltr'><strong>χώρας</strong></span> <span class='ocrx_word' id='word_1_344' title='bbox 2851 2154 2922 2216; x_wconf 80' lang='grc' dir='ltr'><strong>εἰς</strong></span> <span class='ocrx_word' id='word_1_345' title='bbox 2989 2160 3172 2230; x_wconf 84' lang='grc' dir='ltr'><strong>χώραν</strong></span> <span class='ocrx_word' id='word_1_346' title='bbox 3224 2152 3635 2228; x_wconf 75' lang='grc' dir='ltr'><strong>μπαϐιϐαζομέ-</strong></span> 
     </span>
    </p>
   </div>
   <div class='ocr_carea' id='block_1_53' title="bbox 2058 2329 3640 2404">
    <p class='ocr_par' dir='ltr' id='par_1_53' title="bbox 2058 2329 3640 2404">
     <span class='ocr_line' id='line_1_53' title="bbox 2058 2329 3640 2404; baseline 0 -16"><span class='ocrx_word' id='word_1_347' title='bbox 2058 2333 2238 2402; x_wconf 88' lang='lat' dir='ltr'>Igitur</span> <span class='ocrx_word' id='word_1_348' title='bbox 2255 2333 2584 2404; x_wconf 88' lang='lat' dir='ltr'>imperator</span> <span class='ocrx_word' id='word_1_349' title='bbox 2609 2331 2976 2401; x_wconf 88' lang='lat' dir='ltr'>Theodorus,</span> <span class='ocrx_word' id='word_1_350' title='bbox 3003 2331 3079 2388; x_wconf 90' lang='lat' dir='ltr'><strong>de</strong></span> <span class='ocrx_word' id='word_1_351' title='bbox 3100 2331 3194 2388; x_wconf 85' lang='lat' dir='ltr'><strong>his</strong></span> <span class='ocrx_word' id='word_1_352' title='bbox 3208 2331 3423 2387; x_wconf 87' lang='lat' dir='ltr'>certior</span> <span class='ocrx_word' id='word_1_353' title='bbox 3441 2329 3640 2388; x_wconf 84' lang='lat' dir='ltr'>reddi-</span> 
     </span>
    </p>
   </div>
   <div class='ocr_carea' id='block_1_54' title="bbox 1983 2419 3634 2493">
    <p class='ocr_par' dir='ltr' id='par_1_54' title="bbox 1983 2419 3634 2493">
     <span class='ocr_line' id='line_1_54' title="bbox 1983 2419 3634 2493; baseline -0.002 -16"><span class='ocrx_word' id='word_1_354' title='bbox 1983 2427 2100 2485; x_wconf 86' lang='lat' dir='ltr'>tus,</span> <span class='ocrx_word' id='word_1_355' title='bbox 2130 2421 2204 2476; x_wconf 90' lang='lat' dir='ltr'><strong>de</strong></span> <span class='ocrx_word' id='word_1_356' title='bbox 2236 2435 2331 2476; x_wconf 90' lang='lat' dir='ltr'><strong>me</strong></span> <span class='ocrx_word' id='word_1_357' title='bbox 2359 2420 2606 2493; x_wconf 89' lang='lat' dir='ltr'>quidem</span> <span class='ocrx_word' id='word_1_358' title='bbox 2635 2419 2800 2475; x_wconf 89' lang='lat' dir='ltr'>haud</span> <span class='ocrx_word' id='word_1_359' title='bbox 2829 2420 3087 2489; x_wconf 89' lang='lat' dir='ltr'>ingenue</span> <span class='ocrx_word' id='word_1_360' title='bbox 3145 2419 3488 2492; x_wconf 83' lang='lat' dir='ltr'>suspicatus</span> <span class='ocrx_word' id='word_1_361' title='bbox 3524 2423 3634 2487; x_wconf 88' lang='lat' dir='ltr'>est,</span> 
     </span>
    </p>
   </div>
   <div class='ocr_carea' id='block_1_55' title="bbox 1969 2507 3636 2582">
    <p class='ocr_par' dir='ltr' id='par_1_55' title="bbox 1969 2507 3636 2582">
     <span class='ocr_line' id='line_1_55' title="bbox 1969 2507 3636 2582; baseline -0.003 -15"><span class='ocrx_word' id='word_1_362' title='bbox 1969 2510 2322 2582; x_wconf 80' lang='lat' dir='ltr'>suspicatus</span> <span class='ocrx_word' id='word_1_363' title='bbox 2370 2513 2461 2564; x_wconf 87' lang='lat' dir='ltr'><strong>est</strong></span> <span class='ocrx_word' id='word_1_364' title='bbox 2492 2513 2694 2564; x_wconf 84' lang='lat' dir='ltr'>tamen</span> <span class='ocrx_word' id='word_1_365' title='bbox 2741 2509 3023 2564; x_wconf 86' lang='lat' dir='ltr'>humanis</span> <span class='ocrx_word' id='word_1_366' title='bbox 3054 2507 3636 2564; x_wconf 88' lang='lat' dir='ltr'>considerationibus</span> 
     </span>
    </p>
   </div>
   <div class='ocr_carea' id='block_1_56' title="bbox 1981 2595 3632 2668">
    <p class='ocr_par' dir='ltr' id='par_1_56' title="bbox 1981 2595 3632 2668">
     <span class='ocr_line' id='line_1_56' title="bbox 1981 2595 3632 2668; baseline -0.001 -15"><span class='ocrx_word' id='word_1_367' title='bbox 1981 2596 2218 2653; x_wconf 90' lang='lat' dir='ltr'>ductus.</span> <span class='ocrx_word' id='word_1_368' title='bbox 2247 2598 2520 2668; x_wconf 85' lang='lat' dir='ltr'>Namque</span> <span class='ocrx_word' id='word_1_369' title='bbox 2570 2602 2635 2652; x_wconf 90' lang='lat' dir='ltr'><strong>ut</strong></span> <span class='ocrx_word' id='word_1_370' title='bbox 2663 2595 2854 2652; x_wconf 87' lang='lat' dir='ltr'>audiit</span> <span class='ocrx_word' id='word_1_371' title='bbox 2888 2596 3209 2653; x_wconf 89' lang='lat' dir='ltr'>ductorum</span> <span class='ocrx_word' id='word_1_372' title='bbox 3254 2595 3632 2666; x_wconf 88' lang='lat' dir='ltr'>celebriores,</span> 
     </span>
    </p>
   </div>
   <div class='ocr_carea' id='block_1_57' title="bbox 1981 2683 3638 2759">
    <p class='ocr_par' dir='ltr' id='par_1_57' title="bbox 1981 2683 3638 2759">
     <span class='ocr_line' id='line_1_57' title="bbox 1981 2683 3638 2759; baseline -0.001 -17"><span class='ocrx_word' id='word_1_373' title='bbox 1981 2687 2205 2759; x_wconf 88' lang='lat' dir='ltr'>quibus</span> <span class='ocrx_word' id='word_1_374' title='bbox 2224 2701 2408 2757; x_wconf 91' lang='lat' dir='ltr'>quam</span> <span class='ocrx_word' id='word_1_375' title='bbox 2424 2686 2685 2741; x_wconf 82' lang='lat' dir='ltr'>maxime</span> <span class='ocrx_word' id='word_1_376' title='bbox 2695 2685 2942 2754; x_wconf 88' lang='lat' dir='ltr'>ﬁdebat,</span> <span class='ocrx_word' id='word_1_377' title='bbox 2955 2685 3018 2740; x_wconf 92' lang='lat' dir='ltr'><strong>in</strong></span> <span class='ocrx_word' id='word_1_378' title='bbox 3045 2685 3361 2742; x_wconf 87' lang='lat' dir='ltr'>Occidente</span> <span class='ocrx_word' id='word_1_379' title='bbox 3373 2684 3554 2741; x_wconf 74' lang='lat' dir='ltr'>Micha</span> <span class='ocrx_word' id='word_1_380' title='bbox 3563 2683 3638 2740; x_wconf 91' lang='lat' dir='ltr'><strong>eli</strong></span> 
     </span>
    </p>
   </div>
   <div class='ocr_carea' id='block_1_58' title="bbox 1981 2773 3639 2846">
    <p class='ocr_par' dir='ltr' id='par_1_58' title="bbox 1981 2773 3639 2846">
     <span class='ocr_line' id='line_1_58' title="bbox 1981 2773 3639 2846; baseline -0.001 -16"><span class='ocrx_word' id='word_1_381' title='bbox 1981 2774 2264 2830; x_wconf 89' lang='lat' dir='ltr'>defectori</span> <span class='ocrx_word' id='word_1_382' title='bbox 2284 2773 2554 2843; x_wconf 79' lang='lat' dir='ltr'>cessisse,</span> <span class='ocrx_word' id='word_1_383' title='bbox 2588 2774 2807 2845; x_wconf 86' lang='lat' dir='ltr'>partim</span> <span class='ocrx_word' id='word_1_384' title='bbox 2833 2778 3161 2846; x_wconf 82' lang='lat' dir='ltr'>antequam</span> <span class='ocrx_word' id='word_1_385' title='bbox 3207 2773 3435 2846; x_wconf 89' lang='lat' dir='ltr'>oppida</span> <span class='ocrx_word' id='word_1_386' title='bbox 3455 2787 3639 2844; x_wconf 84' lang='lat' dir='ltr'>expu-</span> 
     </span>
    </p>
   </div>
   <div class='ocr_carea' id='block_1_59' title="bbox 1981 2861 3634 2934">
    <p class='ocr_par' dir='ltr' id='par_1_59' title="bbox 1981 2861 3634 2934">
     <span class='ocr_line' id='line_1_59' title="bbox 1981 2861 3634 2934; baseline -0.001 -16"><span class='ocrx_word' id='word_1_387' title='bbox 1981 2868 2311 2934; x_wconf 84' lang='lat' dir='ltr'>gnarentur</span> <span class='ocrx_word' id='word_1_388' title='bbox 2365 2861 2448 2917; x_wconf 92' lang='lat' dir='ltr'><strong>uti</strong></span> <span class='ocrx_word' id='word_1_389' title='bbox 2492 2862 2822 2918; x_wconf 87' lang='lat' dir='ltr'>Scuterium</span> <span class='ocrx_word' id='word_1_390' title='bbox 2869 2862 3130 2933; x_wconf 85' lang='lat' dir='ltr'>Xyleam,</span> <span class='ocrx_word' id='word_1_391' title='bbox 3162 2861 3492 2916; x_wconf 88' lang='lat' dir='ltr'>Manuelem</span> <span class='ocrx_word' id='word_1_392' title='bbox 3520 2863 3634 2917; x_wconf 83' lang='lat' dir='ltr'><strong>Ba-</strong></span> 
     </span>
    </p>
   </div>
   <div class='ocr_carea' id='block_1_60' title="bbox 262 2950 1873 3028">
    <p class='ocr_par' dir='ltr' id='par_1_60' title="bbox 262 2954 1872 3028">
     <span class='ocr_line' id='line_1_60' title="bbox 262 2954 1872 3028; baseline 0.001 -22"><span class='ocrx_word' id='word_1_393' title='bbox 262 2974 380 3028; x_wconf 86' lang='grc' dir='ltr'><strong>ριον</strong></span> <span class='ocrx_word' id='word_1_394' title='bbox 435 2954 647 3021; x_wconf 79' lang='grc' dir='ltr'><strong>Ξυλέαν,</strong></span> <span class='ocrx_word' id='word_1_395' title='bbox 691 2959 778 3006; x_wconf 88' lang='grc' dir='ltr'><strong>τὸν</strong></span> <span class='ocrx_word' id='word_1_396' title='bbox 823 2954 1080 3027; x_wconf 68' lang='grc' dir='ltr'><strong>Ῥαματάν</strong></span> <span class='ocrx_word' id='word_1_397' title='bbox 1133 2955 1400 3020; x_wconf 77' lang='grc' dir='ltr'><strong>Μανουὴλ,</strong></span> <span class='ocrx_word' id='word_1_398' title='bbox 1451 2960 1537 3008; x_wconf 88' lang='grc' dir='ltr'><strong>τὸν</strong></span> <span class='ocrx_word' id='word_1_399' title='bbox 1590 2956 1872 3027; x_wconf 83' lang='grc' dir='ltr'><strong>Πουλάχαν</strong></span> 
     </span>
    </p>
   </div>
   <div class='ocr_carea' id='block_1_61' title="bbox 1986 2950 3634 3028">
    <p class='ocr_par' dir='ltr' id='par_1_61' title="bbox 1986 2950 3634 3022">
     <span class='ocr_line' id='line_1_61' title="bbox 1986 2950 3634 3022; baseline -0.002 -15"><span class='ocrx_word' id='word_1_400' title='bbox 1986 2958 2207 3007; x_wconf 89' lang='lat' dir='ltr'>matam</span> <span class='ocrx_word' id='word_1_401' title='bbox 2237 2950 2560 3006; x_wconf 85' lang='lat' dir='ltr'>Pulacham</span> <span class='ocrx_word' id='word_1_402' title='bbox 2589 2951 2858 3022; x_wconf 86' lang='lat' dir='ltr'>aliosque</span> <span class='ocrx_word' id='word_1_403' title='bbox 2888 2950 3229 3020; x_wconf 88' lang='lat' dir='ltr'>nonnullos,</span> <span class='ocrx_word' id='word_1_404' title='bbox 3253 2950 3472 3021; x_wconf 87' lang='lat' dir='ltr'>partim</span> <span class='ocrx_word' id='word_1_405' title='bbox 3493 2953 3634 3020; x_wconf 89' lang='lat' dir='ltr'>post</span> 
     </span>
    </p>
   </div>
   <div class='ocr_carea' id='block_1_62' title="bbox 263 3041 1874 3117">
    <p class='ocr_par' dir='ltr' id='par_1_62' title="bbox 263 3041 1874 3117">
     <span class='ocr_line' id='line_1_62' title="bbox 263 3041 1874 3117; baseline 0.001 -21"><span class='ocrx_word' id='word_1_406' title='bbox 263 3050 359 3096; x_wconf 82' lang='lat' dir='ltr'><strong>xui</strong></span> <span class='ocrx_word' id='word_1_407' title='bbox 389 3043 570 3104; x_wconf 73' lang='grc' dir='ltr'><strong>ἄλλους</strong></span> <span class='ocrx_word' id='word_1_408' title='bbox 601 3049 766 3105; x_wconf 78' lang='grc' dir='ltr'><strong>ἐνίους</strong></span> <span class='ocrx_word' id='word_1_409' title='bbox 811 3052 909 3096; x_wconf 86' lang='grc' dir='ltr'><strong>τῶν</strong></span> <span class='ocrx_word' id='word_1_410' title='bbox 960 3047 1055 3096; x_wconf 79' lang='grc' dir='ltr'><strong>σὺν</strong></span> <span class='ocrx_word' id='word_1_411' title='bbox 1084 3044 1280 3115; x_wconf 77' lang='grc' dir='ltr'><strong>αὐτοῖς,</strong></span> <span class='ocrx_word' id='word_1_412' title='bbox 1337 3044 1489 3106; x_wconf 78' lang='grc' dir='ltr'><strong>αὖθις</strong></span> <span class='ocrx_word' id='word_1_413' title='bbox 1527 3041 1586 3097; x_wconf 76' lang='grc' dir='ltr'><strong>δε</strong></span> <span class='ocrx_word' id='word_1_414' title='bbox 1631 3049 1734 3096; x_wconf 80' lang='lat' dir='ltr'><strong>xui</strong></span> <span class='ocrx_word' id='word_1_415' title='bbox 1747 3048 1874 3117; x_wconf 78' lang='grc' dir='ltr'><strong>μετὰ</strong></span> 
     </span>
    </p>
   </div>
   <div class='ocr_carea' id='block_1_63' title="bbox 264 3132 1873 3206">
    <p class='ocr_par' dir='ltr' id='par_1_63' title="bbox 264 3132 1873 3206">
     <span class='ocr_line' id='line_1_63' title="bbox 264 3132 1873 3206; baseline 0 -22"><span class='ocrx_word' id='word_1_416' title='bbox 264 3135 366 3194; x_wconf 82' lang='grc' dir='ltr'><strong>τὰς</strong></span> <span class='ocrx_word' id='word_1_417' title='bbox 443 3136 816 3204; x_wconf 77' lang='grc' dir='ltr'><strong>κατασχέσεις,</strong></span> <span class='ocrx_word' id='word_1_418' title='bbox 878 3132 968 3185; x_wconf 82' lang='grc' dir='ltr'><strong>εἶτ’</strong></span> <span class='ocrx_word' id='word_1_419' title='bbox 1040 3132 1128 3184; x_wconf 79' lang='grc' dir='ltr'><strong>οὖν</strong></span> <span class='ocrx_word' id='word_1_420' title='bbox 1176 3138 1264 3184; x_wconf 88' lang='grc' dir='ltr'><strong>τὸν</strong></span> <span class='ocrx_word' id='word_1_421' title='bbox 1319 3133 1406 3185; x_wconf 78' lang='grc' dir='ltr'><strong>ἐπὶ</strong></span> <span class='ocrx_word' id='word_1_422' title='bbox 1471 3141 1562 3192; x_wconf 84' lang='grc' dir='ltr'><strong>τῆς</strong></span> <span class='ocrx_word' id='word_1_423' title='bbox 1613 3133 1873 3206; x_wconf 77' lang='grc' dir='ltr'><strong>τραπέζης</strong></span> 
     </span>
    </p>
   </div>
   <div class='ocr_carea' id='block_1_64' title="bbox 267 3220 1870 3292">
    <p class='ocr_par' dir='ltr' id='par_1_64' title="bbox 267 3220 1870 3292">
     <span class='ocr_line' id='line_1_64' title="bbox 267 3220 1870 3292; baseline -0.002 -16"><span class='ocrx_word' id='word_1_424' title='bbox 267 3223 536 3276; x_wconf 72' lang='grc' dir='ltr'><strong>Ἰσαάιιιον</strong></span> <span class='ocrx_word' id='word_1_425' title='bbox 621 3225 708 3272; x_wconf 88' lang='grc' dir='ltr'><strong>τὸν</strong></span> <span class='ocrx_word' id='word_1_426' title='bbox 781 3227 1099 3292; x_wconf 67' lang='lat' dir='ltr'><strong>Nam-677w,</strong></span> <span class='ocrx_word' id='word_1_427' title='bbox 1179 3221 1234 3273; x_wconf 88' lang='grc' dir='ltr'><strong>ὃν</strong></span> <span class='ocrx_word' id='word_1_428' title='bbox 1289 3221 1443 3281; x_wconf 75' lang='grc' dir='ltr'><strong>αὐτὸς</strong></span> <span class='ocrx_word' id='word_1_429' title='bbox 1495 3221 1566 3282; x_wconf 82' lang='grc' dir='ltr'><strong>εἰς</strong></span> <span class='ocrx_word' id='word_1_430' title='bbox 1617 3220 1870 3292; x_wconf 77' lang='grc' dir='ltr'><strong>φυλακὴν,</strong></span> 
     </span>
    </p>
   </div>
   <div class='ocr_carea' id='block_1_65' title="bbox 263 3306 1869 3386">
    <p class='ocr_par' dir='ltr' id='par_1_65' title="bbox 263 3306 1869 3386">
     <span class='ocr_line' id='line_1_65' title="bbox 263 3306 1869 3386; baseline 0 -24"><span class='ocrx_word' id='word_1_431' title='bbox 263 3312 409 3363; x_wconf 80' lang='grc' dir='ltr'><strong>καθὰ</strong></span> <span class='ocrx_word' id='word_1_432' title='bbox 451 3315 874 3386; x_wconf 72' lang='grc' dir='ltr'><strong>προίστορόκειν,</strong></span> <span class='ocrx_word' id='word_1_433' title='bbox 949 3309 1357 3368; x_wconf 76' lang='grc' dir='ltr'><strong>ἀποκατέστησα</strong></span> <span class='ocrx_word' id='word_1_434' title='bbox 1420 3319 1516 3371; x_wconf 84' lang='grc' dir='ltr'><strong>τῆς</strong></span> <span class='ocrx_word' id='word_1_435' title='bbox 1588 3306 1869 3384; x_wconf 82' lang='grc' dir='ltr'><strong>Ἀχρίδος,</strong></span> 
     </span>
    </p>
   </div>
   <div class='ocr_carea' id='block_1_66' title="bbox 263 3398 1874 3472">
    <p class='ocr_par' dir='ltr' id='par_1_66' title="bbox 263 3398 1874 3472">
     <span class='ocr_line' id='line_1_66' title="bbox 263 3398 1874 3472; baseline 0 -21"><span class='ocrx_word' id='word_1_436' title='bbox 263 3403 360 3452; x_wconf 77' lang='grc' dir='ltr'><strong>καὶ</strong></span> <span class='ocrx_word' id='word_1_437' title='bbox 387 3398 573 3461; x_wconf 80' lang='grc' dir='ltr'><strong>ἄλλους</strong></span> <span class='ocrx_word' id='word_1_438' title='bbox 610 3399 703 3451; x_wconf 74' lang='grc' dir='ltr'><strong>οὐκ</strong></span> <span class='ocrx_word' id='word_1_439' title='bbox 766 3398 969 3470; x_wconf 76' lang='grc' dir='ltr'><strong>ὀλίγους</strong></span> <span class='ocrx_word' id='word_1_440' title='bbox 1019 3407 1120 3451; x_wconf 83' lang='grc' dir='ltr'><strong>τῶν</strong></span> <span class='ocrx_word' id='word_1_441' title='bbox 1175 3404 1444 3472; x_wconf 76' lang='grc' dir='ltr'><strong>γνωρίμων</strong></span> <span class='ocrx_word' id='word_1_442' title='bbox 1471 3417 1526 3451; x_wconf 88' lang='grc' dir='ltr'><strong>τε</strong></span> <span class='ocrx_word' id='word_1_443' title='bbox 1562 3404 1652 3452; x_wconf 81' lang='grc' dir='ltr'><strong>καὶ</strong></span> <span class='ocrx_word' id='word_1_444' title='bbox 1681 3400 1874 3472; x_wconf 83' lang='grc' dir='ltr'><strong>ὀνομα-</strong></span> 
     </span>
    </p>
   </div>
   <div class='ocr_carea' id='block_1_67' title="bbox 269 3485 1875 3554">
    <p class='ocr_par' dir='ltr' id='par_1_67' title="bbox 269 3485 1875 3554">
     <span class='ocr_line' id='line_1_67' title="bbox 269 3485 1875 3554; baseline 0 -14"><span class='ocrx_word' id='word_1_445' title='bbox 269 3496 408 3540; x_wconf 83' lang='grc' dir='ltr'><strong>στῶν</strong></span> <span class='ocrx_word' id='word_1_446' title='bbox 469 3489 570 3540; x_wconf 79' lang='grc' dir='ltr'><strong>ὑπό</strong></span> <span class='ocrx_word' id='word_1_447' title='bbox 643 3492 729 3540; x_wconf 81' lang='grc' dir='ltr'><strong>τὸν</strong></span> <span class='ocrx_word' id='word_1_448' title='bbox 780 3487 1084 3546; x_wconf 77' lang='grc' dir='ltr'><strong>ἀποστάτην</strong></span> <span class='ocrx_word' id='word_1_449' title='bbox 1140 3488 1345 3548; x_wconf 81' lang='grc' dir='ltr'><strong>ἑκόντας</strong></span> <span class='ocrx_word' id='word_1_450' title='bbox 1391 3487 1614 3554; x_wconf 78' lang='grc' dir='ltr'><strong>τελέσαι,</strong></span> <span class='ocrx_word' id='word_1_451' title='bbox 1683 3485 1875 3540; x_wconf 85' lang='grc' dir='ltr'><strong>ἐδεδίει</strong></span> 
     </span>
    </p>
   </div>
   <div class='ocr_carea' id='block_1_68' title="bbox 264 3576 1870 3650">
    <p class='ocr_par' dir='ltr' id='par_1_68' title="bbox 264 3576 1870 3650">
     <span class='ocr_line' id='line_1_68' title="bbox 264 3576 1870 3650; baseline 0.001 -22"><span class='ocrx_word' id='word_1_452' title='bbox 264 3584 359 3628; x_wconf 86' lang='lat' dir='ltr'><strong>xui</strong></span> <span class='ocrx_word' id='word_1_453' title='bbox 395 3581 513 3650; x_wconf 84' lang='grc' dir='ltr'><strong>περὶ</strong></span> <span class='ocrx_word' id='word_1_454' title='bbox 539 3576 674 3648; x_wconf 79' lang='grc' dir='ltr'><strong>ἐμοὶ,</strong></span> <span class='ocrx_word' id='word_1_455' title='bbox 704 3582 774 3649; x_wconf 78' lang='grc' dir='ltr'><strong>μή</strong></span> <span class='ocrx_word' id='word_1_456' title='bbox 828 3595 950 3629; x_wconf 89' lang='grc' dir='ltr'><strong>ποτε</strong></span> <span class='ocrx_word' id='word_1_457' title='bbox 1007 3582 1097 3629; x_wconf 81' lang='lat' dir='ltr'><strong>xui</strong></span> <span class='ocrx_word' id='word_1_458' title='bbox 1159 3577 1317 3638; x_wconf 77' lang='grc' dir='ltr'><strong>αὐτὸς</strong></span> <span class='ocrx_word' id='word_1_459' title='bbox 1371 3579 1520 3628; x_wconf 85' lang='grc' dir='ltr'><strong>πάθω</strong></span> <span class='ocrx_word' id='word_1_460' title='bbox 1558 3580 1624 3629; x_wconf 78' lang='grc' dir='ltr'><strong>τὰ</strong></span> <span class='ocrx_word' id='word_1_461' title='bbox 1679 3579 1870 3649; x_wconf 62' lang='grc' dir='ltr'><strong>ὅμοιαι</strong></span> 
     </span>
    </p>
   </div>
   <div class='ocr_carea' id='block_1_69' title="bbox 263 3665 1874 3740">
    <p class='ocr_par' dir='ltr' id='par_1_69' title="bbox 263 3665 1874 3740">
     <span class='ocr_line' id='line_1_69' title="bbox 263 3665 1874 3740; baseline -0.001 -21"><span class='ocrx_word' id='word_1_462' title='bbox 263 3667 483 3740; x_wconf 76' lang='grc' dir='ltr'><strong>ἔθραττε</strong></span> <span class='ocrx_word' id='word_1_463' title='bbox 508 3686 598 3718; x_wconf 81' lang='grc' dir='ltr'><strong>και</strong></span> <span class='ocrx_word' id='word_1_464' title='bbox 617 3669 720 3740; x_wconf 72' lang='grc' dir='ltr'><strong>γὰρ</strong></span> <span class='ocrx_word' id='word_1_465' title='bbox 759 3670 848 3718; x_wconf 87' lang='grc' dir='ltr'><strong>τὸν</strong></span> <span class='ocrx_word' id='word_1_466' title='bbox 903 3666 1064 3718; x_wconf 77' lang='grc' dir='ltr'><strong>αὐτοῦ</strong></span> <span class='ocrx_word' id='word_1_467' title='bbox 1107 3665 1355 3738; x_wconf 70' lang='grc' dir='ltr'><strong>λογισμὸν</strong></span> <span class='ocrx_word' id='word_1_468' title='bbox 1402 3672 1460 3717; x_wconf 85' lang='grc' dir='ltr'><strong>το</strong></span> <span class='ocrx_word' id='word_1_469' title='bbox 1513 3666 1565 3728; x_wconf 83' lang='grc' dir='ltr'><em>ἐξ</em></span> <span class='ocrx_word' id='word_1_470' title='bbox 1621 3668 1874 3738; x_wconf 73' lang='grc' dir='ltr'><strong>ὑπογυίου</strong></span> 
     </span>
    </p>
   </div>
   <div class='ocr_carea' id='block_1_70' title="bbox 265 3751 1871 3829">
    <p class='ocr_par' dir='ltr' id='par_1_70' title="bbox 265 3751 1871 3829">
     <span class='ocr_line' id='line_1_70' title="bbox 265 3751 1871 3829; baseline 0 -23"><span class='ocrx_word' id='word_1_471' title='bbox 265 3753 477 3826; x_wconf 74' lang='grc' dir='ltr'><strong>συμϐὰν</strong></span> <span class='ocrx_word' id='word_1_472' title='bbox 508 3757 622 3827; x_wconf 72' lang='grc' dir='ltr'><strong>ἐμοὶ</strong></span> <span class='ocrx_word' id='word_1_473' title='bbox 654 3754 778 3829; x_wconf 87' lang='grc' dir='ltr'><strong>παρ’</strong></span> <span class='ocrx_word' id='word_1_474' title='bbox 823 3755 1004 3808; x_wconf 70' lang='grc' dir='ltr'><strong>αὐτοῦ.</strong></span> <span class='ocrx_word' id='word_1_475' title='bbox 1037 3756 1103 3805; x_wconf 83' lang='grc' dir='ltr'><strong>Οἱ</strong></span> <span class='ocrx_word' id='word_1_476' title='bbox 1157 3751 1215 3806; x_wconf 75' lang='grc' dir='ltr'><strong>δὲ</strong></span> <span class='ocrx_word' id='word_1_477' title='bbox 1244 3757 1310 3806; x_wconf 85' lang='grc' dir='ltr'><strong>τὰ</strong></span> <span class='ocrx_word' id='word_1_478' title='bbox 1361 3754 1477 3805; x_wconf 82' lang='grc' dir='ltr'><strong>κατ’</strong></span> <span class='ocrx_word' id='word_1_479' title='bbox 1529 3753 1614 3806; x_wconf 73' lang='grc' dir='ltr'><strong>ἐπὶ</strong></span> <span class='ocrx_word' id='word_1_480' title='bbox 1665 3753 1871 3829; x_wconf 76' lang='grc' dir='ltr'><strong>ἀκριϐέ-</strong></span> 
     </span>
    </p>
   </div>
   <div class='ocr_carea' id='block_1_71' title="bbox 264 3839 1874 3916">
    <p class='ocr_par' dir='ltr' id='par_1_71' title="bbox 264 3839 1874 3916">
     <span class='ocr_line' id='line_1_71' title="bbox 264 3839 1874 3916; baseline 0.002 -25"><span class='ocrx_word' id='word_1_481' title='bbox 264 3861 445 3916; x_wconf 82' lang='grc' dir='ltr'><strong>στερον</strong></span> <span class='ocrx_word' id='word_1_482' title='bbox 495 3841 780 3914; x_wconf 76' lang='grc' dir='ltr'><strong>ἐπιγνόντες</strong></span> <span class='ocrx_word' id='word_1_483' title='bbox 845 3839 1254 3915; x_wconf 77' lang='grc' dir='ltr'><strong>διισχυρίζοντο</strong></span> <span class='ocrx_word' id='word_1_484' title='bbox 1301 3846 1371 3914; x_wconf 84' lang='grc' dir='ltr'><strong>μὴ</strong></span> <span class='ocrx_word' id='word_1_485' title='bbox 1423 3843 1484 3894; x_wconf 86' lang='grc' dir='ltr'><strong>οἷν</strong></span> <span class='ocrx_word' id='word_1_486' title='bbox 1536 3861 1662 3894; x_wconf 86' lang='grc' dir='ltr'><strong>ποτε</strong></span> <span class='ocrx_word' id='word_1_487' title='bbox 1707 3849 1874 3894; x_wconf 81' lang='grc' dir='ltr'><strong>τοιοῦ-</strong></span> 
     </span>
    </p>
   </div>
   <div class='ocr_carea' id='block_1_72' title="bbox 257 3927 1872 4005">
    <p class='ocr_par' dir='ltr' id='par_1_72' title="bbox 257 3927 1872 4005">
     <span class='ocr_line' id='line_1_72' title="bbox 257 3927 1872 4005; baseline -0.001 -21"><span class='ocrx_word' id='word_1_488' title='bbox 257 3947 352 3984; x_wconf 84' lang='grc' dir='ltr'><strong>τον</strong></span> <span class='ocrx_word' id='word_1_489' title='bbox 379 3936 598 4002; x_wconf 66' lang='grc' dir='ltr'><strong>φανῆναί</strong></span> <span class='ocrx_word' id='word_1_490' title='bbox 635 3951 718 4003; x_wconf 85' lang='grc' dir='ltr'><strong>με.</strong></span> <span class='ocrx_word' id='word_1_491' title='bbox 773 3931 914 3984; x_wconf 84' lang='grc' dir='ltr'><strong>Ἐπεὶ</strong></span> <span class='ocrx_word' id='word_1_492' title='bbox 975 3927 1033 3983; x_wconf 75' lang='grc' dir='ltr'><strong>δὲ</strong></span> <span class='ocrx_word' id='word_1_493' title='bbox 1091 3937 1284 4005; x_wconf 83' lang='grc' dir='ltr'><strong>χρόνος</strong></span> <span class='ocrx_word' id='word_1_494' title='bbox 1330 3929 1596 4005; x_wconf 76' lang='grc' dir='ltr'><strong>παρερῥύη</strong></span> <span class='ocrx_word' id='word_1_495' title='bbox 1651 3933 1872 4002; x_wconf 81' lang='grc' dir='ltr'><strong>συχνὸς,</strong></span> 
     </span>
    </p>
   </div>
   <div class='ocr_carea' id='block_1_73' title="bbox 257 4017 1875 4093">
    <p class='ocr_par' dir='ltr' id='par_1_73' title="bbox 257 4017 1875 4093">
     <span class='ocr_line' id='line_1_73' title="bbox 257 4017 1875 4093; baseline 0 -21"><span class='ocrx_word' id='word_1_496' title='bbox 257 4025 357 4072; x_wconf 79' lang='grc' dir='ltr'><strong>καὶ</strong></span> <span class='ocrx_word' id='word_1_497' title='bbox 406 4029 506 4073; x_wconf 82' lang='grc' dir='ltr'><strong>τῶν</strong></span> <span class='ocrx_word' id='word_1_498' title='bbox 563 4023 922 4093; x_wconf 71' lang='grc' dir='ltr'><strong>ἐπερχομένων</strong></span> <span class='ocrx_word' id='word_1_499' title='bbox 981 4017 1258 4092; x_wconf 83' lang='grc' dir='ltr'><strong>δεσμώτην</strong></span> <span class='ocrx_word' id='word_1_500' title='bbox 1314 4018 1588 4087; x_wconf 85' lang='grc' dir='ltr'><strong>ἐμάνθανεν</strong></span> <span class='ocrx_word' id='word_1_501' title='bbox 1637 4017 1766 4072; x_wconf 84' lang='grc' dir='ltr'><strong>εἶναί</strong></span> <span class='ocrx_word' id='word_1_502' title='bbox 1812 4039 1875 4092; x_wconf 87' lang='grc' dir='ltr'><strong>με</strong></span> 
     </span>
    </p>
   </div>
   <div class='ocr_carea' id='block_1_74' title="bbox 257 4105 1876 4184">
    <p class='ocr_par' dir='ltr' id='par_1_74' title="bbox 257 4105 1876 4184">
     <span class='ocr_line' id='line_1_74' title="bbox 257 4105 1876 4184; baseline 0 -23"><span class='ocrx_word' id='word_1_503' title='bbox 257 4115 357 4162; x_wconf 77' lang='grc' dir='ltr'><strong>καὶ</strong></span> <span class='ocrx_word' id='word_1_504' title='bbox 417 4111 590 4184; x_wconf 76' lang='grc' dir='ltr'><strong>εἱρκτῇ</strong></span> <span class='ocrx_word' id='word_1_505' title='bbox 657 4108 1041 4182; x_wconf 82' lang='grc' dir='ltr'><strong>περικλείεσθαι</strong></span> <span class='ocrx_word' id='word_1_506' title='bbox 1087 4105 1413 4169; x_wconf 75' lang='grc' dir='ltr'><strong>ποδοκάκαις</strong></span> <span class='ocrx_word' id='word_1_507' title='bbox 1464 4127 1518 4160; x_wconf 85' lang='grc' dir='ltr'><strong>τε</strong></span> <span class='ocrx_word' id='word_1_508' title='bbox 1565 4114 1653 4160; x_wconf 82' lang='grc' dir='ltr'><strong>καὶ</strong></span> <span class='ocrx_word' id='word_1_509' title='bbox 1702 4128 1876 4181; x_wconf 80' lang='grc' dir='ltr'><strong>χειρο-</strong></span> 
     </span>
    </p>
   </div>
   <div class='ocr_carea' id='block_1_75' title="bbox 255 4193 1872 4272">
    <p class='ocr_par' dir='ltr' id='par_1_75' title="bbox 255 4193 1872 4272">
     <span class='ocr_line' id='line_1_75' title="bbox 255 4193 1872 4272; baseline -0.001 -22"><span class='ocrx_word' id='word_1_510' title='bbox 255 4193 455 4259; x_wconf 82' lang='grc' dir='ltr'><strong>πέδαις</strong></span> <span class='ocrx_word' id='word_1_511' title='bbox 489 4199 827 4269; x_wconf 80' lang='grc' dir='ltr'><strong>συνέχεσθαι,</strong></span> <span class='ocrx_word' id='word_1_512' title='bbox 891 4196 976 4269; x_wconf 86' lang='grc' dir='ltr'><strong>[Ρ.</strong></span> <span class='ocrx_word' id='word_1_513' title='bbox 1041 4197 1132 4268; x_wconf 65' lang='grc'><strong>84]</strong></span> <span class='ocrx_word' id='word_1_514' title='bbox 1189 4199 1368 4269; x_wconf 75' lang='grc' dir='ltr'><strong>ἠγάπα</strong></span> <span class='ocrx_word' id='word_1_515' title='bbox 1420 4217 1474 4249; x_wconf 86' lang='grc' dir='ltr'><strong>τε</strong></span> <span class='ocrx_word' id='word_1_516' title='bbox 1539 4201 1634 4255; x_wconf 76' lang='grc' dir='ltr'><strong>τὴν</strong></span> <span class='ocrx_word' id='word_1_517' title='bbox 1686 4198 1872 4272; x_wconf 86' lang='grc' dir='ltr'><strong>πρᾶξιν</strong></span> 
     </span>
    </p>
   </div>
   <div class='ocr_carea' id='block_1_76' title="bbox 1981 3036 3619 3112">
    <p class='ocr_par' dir='ltr' id='par_1_76' title="bbox 1981 3036 3619 3112">
     <span class='ocr_line' id='line_1_76' title="bbox 1981 3036 3619 3112; baseline -0.002 -15"><span class='ocrx_word' id='word_1_518' title='bbox 1981 3045 2306 3112; x_wconf 89' lang='lat' dir='ltr'>occupatas</span> <span class='ocrx_word' id='word_1_519' title='bbox 2349 3039 2550 3098; x_wconf 88' lang='lat' dir='ltr'>urbes,</span> <span class='ocrx_word' id='word_1_520' title='bbox 2580 3038 2760 3094; x_wconf 88' lang='lat' dir='ltr'>veluti</span> <span class='ocrx_word' id='word_1_521' title='bbox 2798 3054 3016 3094; x_wconf 64' lang='lat' dir='ltr'>mensae</span> <span class='ocrx_word' id='word_1_522' title='bbox 3053 3036 3392 3110; x_wconf 73' lang='lat' dir='ltr'>praefectum</span> <span class='ocrx_word' id='word_1_523' title='bbox 3451 3038 3619 3108; x_wconf 72' lang='grc' dir='ltr'><strong>ιθι</strong></span> 
     </span>
    </p>
   </div>
   <div class='ocr_carea' id='block_1_77' title="bbox 1983 3126 3628 3199">
    <p class='ocr_par' dir='ltr' id='par_1_77' title="bbox 1983 3126 3628 3199">
     <span class='ocr_line' id='line_1_77' title="bbox 1983 3126 3628 3199; baseline -0.002 -14"><span class='ocrx_word' id='word_1_524' title='bbox 1983 3130 2275 3185; x_wconf 80' lang='lat' dir='ltr'>Isaacium</span> <span class='ocrx_word' id='word_1_525' title='bbox 2315 3131 2702 3196; x_wconf 81' lang='lat' dir='ltr'>Nestongum,</span> <span class='ocrx_word' id='word_1_526' title='bbox 2765 3127 2862 3182; x_wconf 92' lang='lat' dir='ltr'><strong>cui</strong></span> <span class='ocrx_word' id='word_1_527' title='bbox 2897 3127 3046 3199; x_wconf 90' lang='lat' dir='ltr'>ipse,</span> <span class='ocrx_word' id='word_1_528' title='bbox 3083 3131 3146 3182; x_wconf 91' lang='lat' dir='ltr'><strong>ut</strong></span> <span class='ocrx_word' id='word_1_529' title='bbox 3170 3131 3349 3182; x_wconf 84' lang='lat' dir='ltr'>antea</span> <span class='ocrx_word' id='word_1_530' title='bbox 3365 3126 3628 3193; x_wconf 83' lang='lat' dir='ltr'>narravi,</span> 
     </span>
    </p>
   </div>
   <div class='ocr_carea' id='block_1_78' title="bbox 1982 3213 3638 3285">
    <p class='ocr_par' dir='ltr' id='par_1_78' title="bbox 1982 3213 3638 3285">
     <span class='ocr_line' id='line_1_78' title="bbox 1982 3213 3638 3285; baseline -0.002 -11"><span class='ocrx_word' id='word_1_531' title='bbox 1982 3216 2252 3274; x_wconf 73' lang='lat' dir='ltr'>Achridae</span> <span class='ocrx_word' id='word_1_532' title='bbox 2286 3215 2622 3272; x_wconf 86' lang='lat' dir='ltr'>custodiam</span> <span class='ocrx_word' id='word_1_533' title='bbox 2643 3215 3180 3283; x_wconf 89' lang='lat' dir='ltr'>demandaveram,</span> <span class='ocrx_word' id='word_1_534' title='bbox 3210 3213 3485 3285; x_wconf 88' lang='lat' dir='ltr'>aliosque</span> <span class='ocrx_word' id='word_1_535' title='bbox 3513 3228 3638 3270; x_wconf 91' lang='lat' dir='ltr'><strong>non</strong></span> 
     </span>
    </p>
   </div>
   <div class='ocr_carea' id='block_1_79' title="bbox 1984 3301 3634 3378">
    <p class='ocr_par' dir='ltr' id='par_1_79' title="bbox 1984 3301 3634 3378">
     <span class='ocr_line' id='line_1_79' title="bbox 1984 3301 3634 3378; baseline -0.002 -17"><span class='ocrx_word' id='word_1_536' title='bbox 1984 3320 2214 3378; x_wconf 87' lang='lat' dir='ltr'>paucos</span> <span class='ocrx_word' id='word_1_537' title='bbox 2240 3321 2311 3360; x_wconf 85' lang='lat' dir='ltr'><strong>ex</strong></span> <span class='ocrx_word' id='word_1_538' title='bbox 2327 3305 2588 3360; x_wconf 83' lang='lat' dir='ltr'>maxime</span> <span class='ocrx_word' id='word_1_539' title='bbox 2600 3303 2756 3359; x_wconf 90' lang='lat' dir='ltr'>notis</span> <span class='ocrx_word' id='word_1_540' title='bbox 2775 3307 2956 3375; x_wconf 86' lang='lat' dir='ltr'>atque</span> <span class='ocrx_word' id='word_1_541' title='bbox 2967 3302 3274 3360; x_wconf 87' lang='lat' dir='ltr'>nobilibus</span> <span class='ocrx_word' id='word_1_542' title='bbox 3299 3301 3634 3360; x_wconf 82' lang='lat' dir='ltr'>voluntarie</span> 
     </span>
    </p>
   </div>
   <div class='ocr_carea' id='block_1_80' title="bbox 1983 3389 3638 3464">
    <p class='ocr_par' dir='ltr' id='par_1_80' title="bbox 1983 3389 3638 3464">
     <span class='ocr_line' id='line_1_80' title="bbox 1983 3389 3638 3464; baseline -0.002 -13"><span class='ocrx_word' id='word_1_543' title='bbox 1983 3410 2045 3451; x_wconf 87' lang='lat' dir='ltr'><strong>se</strong></span> <span class='ocrx_word' id='word_1_544' title='bbox 2071 3393 2357 3450; x_wconf 89' lang='lat' dir='ltr'>defectori</span> <span class='ocrx_word' id='word_1_545' title='bbox 2380 3391 2743 3456; x_wconf 90' lang='lat' dir='ltr'>subdidisse,</span> <span class='ocrx_word' id='word_1_546' title='bbox 2772 3391 2847 3447; x_wconf 92' lang='lat' dir='ltr'><strong>de</strong></span> <span class='ocrx_word' id='word_1_547' title='bbox 2873 3407 2971 3450; x_wconf 90' lang='lat' dir='ltr'><strong>me</strong></span> <span class='ocrx_word' id='word_1_548' title='bbox 2995 3407 3240 3464; x_wconf 88' lang='lat' dir='ltr'>quoque</span> <span class='ocrx_word' id='word_1_549' title='bbox 3271 3389 3539 3458; x_wconf 86' lang='lat' dir='ltr'>timebat,</span> <span class='ocrx_word' id='word_1_550' title='bbox 3561 3407 3638 3448; x_wconf 91' lang='lat' dir='ltr'><strong>ne</strong></span> 
     </span>
    </p>
   </div>
   <div class='ocr_carea' id='block_1_81' title="bbox 1981 3480 3642 3556">
    <p class='ocr_par' dir='ltr' id='par_1_81' title="bbox 1981 3480 3642 3556">
     <span class='ocr_line' id='line_1_81' title="bbox 1981 3480 3642 3556; baseline -0.002 -17"><span class='ocrx_word' id='word_1_551' title='bbox 1981 3484 2128 3556; x_wconf 91' lang='lat' dir='ltr'>quid</span> <span class='ocrx_word' id='word_1_552' title='bbox 2161 3487 2459 3555; x_wconf 88' lang='lat' dir='ltr'>patrarem</span> <span class='ocrx_word' id='word_1_553' title='bbox 2513 3480 2737 3538; x_wconf 87' lang='lat' dir='ltr'>simile:</span> <span class='ocrx_word' id='word_1_554' title='bbox 2782 3480 2957 3536; x_wconf 84' lang='lat' dir='ltr'>anxie</span> <span class='ocrx_word' id='word_1_555' title='bbox 2986 3483 3145 3537; x_wconf 90' lang='lat' dir='ltr'>enim</span> <span class='ocrx_word' id='word_1_556' title='bbox 3175 3480 3335 3537; x_wconf 91' lang='lat' dir='ltr'>illius</span> <span class='ocrx_word' id='word_1_557' title='bbox 3365 3480 3642 3536; x_wconf 88' lang='lat' dir='ltr'>animum</span> 
     </span>
    </p>
   </div>
   <div class='ocr_carea' id='block_1_82' title="bbox 1983 3569 3638 3650">
    <p class='ocr_par' dir='ltr' id='par_1_82' title="bbox 1983 3569 3638 3650">
     <span class='ocr_line' id='line_1_82' title="bbox 1983 3569 3638 3650; baseline -0.001 -22"><span class='ocrx_word' id='word_1_558' title='bbox 1983 3571 2288 3642; x_wconf 89' lang='lat' dir='ltr'>turbabat,</span> <span class='ocrx_word' id='word_1_559' title='bbox 2318 3570 2484 3644; x_wconf 91' lang='lat' dir='ltr'>quod</span> <span class='ocrx_word' id='word_1_560' title='bbox 2513 3585 2706 3642; x_wconf 89' lang='lat' dir='ltr'>nuper</span> <span class='ocrx_word' id='word_1_561' title='bbox 2744 3569 2875 3647; x_wconf 75' lang='lat' dir='ltr'>ipse</span> <span class='ocrx_word' id='word_1_562' title='bbox 2929 3569 2991 3625; x_wconf 92' lang='lat' dir='ltr'><strong>in</strong></span> <span class='ocrx_word' id='word_1_563' title='bbox 3026 3587 3129 3650; x_wconf 80' lang='lat' dir='ltr'><strong>me</strong></span> <span class='ocrx_word' id='word_1_564' title='bbox 3174 3575 3638 3642; x_wconf 86' lang='lat' dir='ltr'>perpetraverat.</span> 
     </span>
    </p>
   </div>
   <div class='ocr_carea' id='block_1_83' title="bbox 1981 3658 3637 3732">
    <p class='ocr_par' dir='ltr' id='par_1_83' title="bbox 1981 3658 3637 3732">
     <span class='ocr_line' id='line_1_83' title="bbox 1981 3658 3637 3732; baseline -0.002 -14"><span class='ocrx_word' id='word_1_565' title='bbox 1981 3668 2256 3718; x_wconf 86' lang='lat' dir='ltr'>Attamen</span> <span class='ocrx_word' id='word_1_566' title='bbox 2288 3661 2364 3716; x_wconf 93' lang='lat' dir='ltr'><strong>de</strong></span> <span class='ocrx_word' id='word_1_567' title='bbox 2395 3676 2489 3716; x_wconf 92' lang='lat' dir='ltr'><strong>me</strong></span> <span class='ocrx_word' id='word_1_568' title='bbox 2512 3660 2812 3732; x_wconf 89' lang='lat' dir='ltr'>rebusque</span> <span class='ocrx_word' id='word_1_569' title='bbox 2842 3659 2992 3715; x_wconf 91' lang='lat' dir='ltr'>meis</span> <span class='ocrx_word' id='word_1_570' title='bbox 3041 3659 3410 3716; x_wconf 89' lang='lat' dir='ltr'>enucleatius</span> <span class='ocrx_word' id='word_1_571' title='bbox 3439 3658 3637 3715; x_wconf 91' lang='lat' dir='ltr'>edocti</span> 
     </span>
    </p>
   </div>
   <div class='ocr_carea' id='block_1_84' title="bbox 1982 3748 3642 3822">
    <p class='ocr_par' dir='ltr' id='par_1_84' title="bbox 1982 3748 3642 3822">
     <span class='ocr_line' id='line_1_84' title="bbox 1982 3748 3642 3822; baseline -0.002 -16"><span class='ocrx_word' id='word_1_572' title='bbox 1982 3767 2078 3806; x_wconf 93' lang='lat' dir='ltr'><strong>me</strong></span> <span class='ocrx_word' id='word_1_573' title='bbox 2099 3767 2401 3822; x_wconf 88' lang='lat' dir='ltr'>nusquam</span> <span class='ocrx_word' id='word_1_574' title='bbox 2435 3750 2612 3806; x_wconf 89' lang='lat' dir='ltr'>talem</span> <span class='ocrx_word' id='word_1_575' title='bbox 2670 3749 2938 3804; x_wconf 88' lang='lat' dir='ltr'>futurum</span> <span class='ocrx_word' id='word_1_576' title='bbox 2981 3748 3446 3805; x_wconf 89' lang='lat' dir='ltr'>contendebant.</span> <span class='ocrx_word' id='word_1_577' title='bbox 3504 3750 3642 3803; x_wconf 87' lang='lat' dir='ltr'>Post</span> 
     </span>
    </p>
   </div>
   <div class='ocr_carea' id='block_1_85' title="bbox 1983 3835 3637 3912">
    <p class='ocr_par' dir='ltr' id='par_1_85' title="bbox 1983 3835 3637 3912">
     <span class='ocr_line' id='line_1_85' title="bbox 1983 3835 3637 3912; baseline -0.003 -16"><span class='ocrx_word' id='word_1_578' title='bbox 1983 3845 2219 3912; x_wconf 86' lang='lat' dir='ltr'>tempus</span> <span class='ocrx_word' id='word_1_579' title='bbox 2252 3856 2371 3894; x_wconf 90' lang='lat' dir='ltr'><strong>non</strong></span> <span class='ocrx_word' id='word_1_580' title='bbox 2402 3837 2710 3894; x_wconf 92' lang='lat' dir='ltr'>modicum</span> <span class='ocrx_word' id='word_1_581' title='bbox 2743 3854 2816 3893; x_wconf 86' lang='lat' dir='ltr'>ex</span> <span class='ocrx_word' id='word_1_582' title='bbox 2845 3838 3223 3894; x_wconf 88' lang='lat' dir='ltr'>internuntiis</span> <span class='ocrx_word' id='word_1_583' title='bbox 3258 3853 3354 3893; x_wconf 90' lang='lat' dir='ltr'><strong>me</strong></span> <span class='ocrx_word' id='word_1_584' title='bbox 3384 3835 3637 3893; x_wconf 88' lang='lat' dir='ltr'>vinculis</span> 
     </span>
    </p>
   </div>
   <div class='ocr_carea' id='block_1_86' title="bbox 1983 3925 3639 3999">
    <p class='ocr_par' dir='ltr' id='par_1_86' title="bbox 1983 3925 3639 3999">
     <span class='ocr_line' id='line_1_86' title="bbox 1983 3925 3639 3999; baseline -0.003 -15"><span class='ocrx_word' id='word_1_585' title='bbox 1983 3927 2293 3984; x_wconf 86' lang='lat' dir='ltr'>addictum</span> <span class='ocrx_word' id='word_1_586' title='bbox 2321 3927 2555 3984; x_wconf 90' lang='lat' dir='ltr'>occludi</span> <span class='ocrx_word' id='word_1_587' title='bbox 2577 3942 2835 3994; x_wconf 84' lang='lat' dir='ltr'>carcere,</span> <span class='ocrx_word' id='word_1_588' title='bbox 2868 3926 3265 3999; x_wconf 90' lang='lat' dir='ltr'>compedibus</span> <span class='ocrx_word' id='word_1_589' title='bbox 3304 3925 3510 3997; x_wconf 91' lang='lat' dir='ltr'>pedes,</span> <span class='ocrx_word' id='word_1_590' title='bbox 3541 3940 3639 3980; x_wconf 90' lang='lat' dir='ltr'>ca-</span> 
     </span>
    </p>
   </div>
   <div class='ocr_carea' id='block_1_87' title="bbox 1982 4011 3639 4090">
    <p class='ocr_par' dir='ltr' id='par_1_87' title="bbox 1982 4011 3639 4090">
     <span class='ocr_line' id='line_1_87' title="bbox 1982 4011 3639 4090; baseline -0.003 -18"><span class='ocrx_word' id='word_1_591' title='bbox 1982 4018 2138 4090; x_wconf 89' lang='lat' dir='ltr'>pulis</span> <span class='ocrx_word' id='word_1_592' title='bbox 2161 4033 2380 4073; x_wconf 88' lang='lat' dir='ltr'>manus</span> <span class='ocrx_word' id='word_1_593' title='bbox 2407 4016 2654 4087; x_wconf 87' lang='lat' dir='ltr'>astringi</span> <span class='ocrx_word' id='word_1_594' title='bbox 2685 4029 3148 4084; x_wconf 85' lang='lat' dir='ltr'>recognoscens,</span> <span class='ocrx_word' id='word_1_595' title='bbox 3179 4013 3412 4069; x_wconf 86' lang='lat' dir='ltr'>facinus</span> <span class='ocrx_word' id='word_1_596' title='bbox 3431 4011 3639 4068; x_wconf 89' lang='lat' dir='ltr'>lauda-</span> 
     </span>
    </p>
   </div>
   <div class='ocr_carea' id='block_1_88' title="bbox 1981 4101 3638 4175">
    <p class='ocr_par' dir='ltr' id='par_1_88' title="bbox 1981 4101 3638 4175">
     <span class='ocr_line' id='line_1_88' title="bbox 1981 4101 3638 4175; baseline -0.003 -13"><span class='ocrx_word' id='word_1_597' title='bbox 1981 4123 2065 4172; x_wconf 91' lang='lat' dir='ltr'><strong>re,</strong></span> <span class='ocrx_word' id='word_1_598' title='bbox 2099 4105 2425 4162; x_wconf 83' lang='lat' dir='ltr'>humanius</span> <span class='ocrx_word' id='word_1_599' title='bbox 2447 4105 2505 4159; x_wconf 90' lang='lat' dir='ltr'><strong>in</strong></span> <span class='ocrx_word' id='word_1_600' title='bbox 2539 4119 2634 4160; x_wconf 93' lang='lat' dir='ltr'><strong>me</strong></span> <span class='ocrx_word' id='word_1_601' title='bbox 2687 4101 2864 4170; x_wconf 76' lang='lat' dir='ltr'>aﬂici,</span> <span class='ocrx_word' id='word_1_602' title='bbox 2897 4103 3094 4175; x_wconf 90' lang='lat' dir='ltr'>deque</span> <span class='ocrx_word' id='word_1_603' title='bbox 3139 4101 3320 4158; x_wconf 87' lang='lat' dir='ltr'>rebus</span> <span class='ocrx_word' id='word_1_604' title='bbox 3351 4101 3522 4169; x_wconf 89' lang='lat' dir='ltr'>meis,</span> <span class='ocrx_word' id='word_1_605' title='bbox 3561 4115 3638 4157; x_wconf 83' lang='lat' dir='ltr'><strong>ne</strong></span> 
     </span>
    </p>
   </div>
   <div class='ocr_carea' id='block_1_89' title="bbox 1984 4187 3634 4267">
    <p class='ocr_par' dir='ltr' id='par_1_89' title="bbox 1984 4187 3634 4267">
     <span class='ocr_line' id='line_1_89' title="bbox 1984 4187 3634 4267; baseline -0.004 -16"><span class='ocrx_word' id='word_1_606' title='bbox 1984 4195 2200 4267; x_wconf 88' lang='lat' dir='ltr'>aliquis</span> <span class='ocrx_word' id='word_1_607' title='bbox 2229 4193 2288 4249; x_wconf 91' lang='lat' dir='ltr'><strong>in</strong></span> <span class='ocrx_word' id='word_1_608' title='bbox 2318 4210 2422 4249; x_wconf 88' lang='lat' dir='ltr'><strong>eas</strong></span> <span class='ocrx_word' id='word_1_609' title='bbox 2466 4192 2866 4248; x_wconf 90' lang='lat' dir='ltr'>intruderetur</span> <span class='ocrx_word' id='word_1_610' title='bbox 2922 4191 3340 4262; x_wconf 89' lang='lat' dir='ltr'>damnumque</span> <span class='ocrx_word' id='word_1_611' title='bbox 3370 4187 3634 4258; x_wconf 84' lang='lat' dir='ltr'>inferret,</span> 
     </span>
    </p>
   </div>
   <div class='ocr_carea' id='block_1_90' title="bbox 255 4277 1873 4379">
    <p class='ocr_par' dir='ltr' id='par_1_90' title="bbox 255 4283 1871 4360">
     <span class='ocr_line' id='line_1_90' title="bbox 255 4283 1871 4360; baseline 0.001 -21"><span class='ocrx_word' id='word_1_612' title='bbox 255 4293 356 4340; x_wconf 82' lang='grc' dir='ltr'><strong>καί</strong></span> <span class='ocrx_word' id='word_1_613' title='bbox 380 4307 472 4359; x_wconf 88' lang='grc' dir='ltr'><strong>μοι</strong></span> <span class='ocrx_word' id='word_1_614' title='bbox 518 4288 956 4360; x_wconf 75' lang='grc' dir='ltr'><strong>προσφιλέστερον</strong></span> <span class='ocrx_word' id='word_1_615' title='bbox 994 4283 1307 4356; x_wconf 77' lang='grc' dir='ltr'><strong>διετέθειτο,</strong></span> <span class='ocrx_word' id='word_1_616' title='bbox 1353 4288 1602 4360; x_wconf 79' lang='grc' dir='ltr'><strong>ὁρισμοὺς</strong></span> <span class='ocrx_word' id='word_1_617' title='bbox 1656 4283 1714 4340; x_wconf 73' lang='grc' dir='ltr'><strong>δὲ</strong></span> <span class='ocrx_word' id='word_1_618' title='bbox 1762 4286 1871 4340; x_wconf 78' lang='grc' dir='ltr'><strong>ἐπε-</strong></span> 
     </span>
    </p>
   </div>
   <div class='ocr_carea' id='block_1_91' title="bbox 1986 4277 3626 4379">
    <p class='ocr_par' dir='ltr' id='par_1_91' title="bbox 1986 4277 3626 4354">
     <span class='ocr_line' id='line_1_91' title="bbox 1986 4277 3626 4354; baseline -0.004 -14"><span class='ocrx_word' id='word_1_619' title='bbox 1986 4285 2222 4341; x_wconf 88' lang='lat' dir='ltr'>decreta</span> <span class='ocrx_word' id='word_1_620' title='bbox 2250 4281 2550 4352; x_wconf 86' lang='lat' dir='ltr'>evulgare.</span> <span class='ocrx_word' id='word_1_621' title='bbox 2587 4283 2650 4336; x_wconf 88' lang='lat' dir='ltr'>Et</span> <span class='ocrx_word' id='word_1_622' title='bbox 2676 4281 2804 4337; x_wconf 71' lang='lat' dir='ltr'>haec</span> <span class='ocrx_word' id='word_1_623' title='bbox 2830 4279 3077 4354; x_wconf 90' lang='lat' dir='ltr'>quidem</span> <span class='ocrx_word' id='word_1_624' title='bbox 3113 4279 3198 4334; x_wconf 91' lang='lat' dir='ltr'><strong>sic</strong></span> <span class='ocrx_word' id='word_1_625' title='bbox 3241 4295 3304 4335; x_wconf 91' lang='lat' dir='ltr'><strong>se</strong></span> <span class='ocrx_word' id='word_1_626' title='bbox 3333 4277 3626 4334; x_wconf 85' lang='lat' dir='ltr'>habuere.</span> 
     </span>
    </p>
   </div>
   <div class='ocr_carea' id='block_1_92' title="bbox 254 4373 1873 4450">
    <p class='ocr_par' dir='ltr' id='par_1_92' title="bbox 254 4373 1873 4450">
     <span class='ocr_line' id='line_1_92' title="bbox 254 4373 1873 4450; baseline -0.001 -22"><span class='ocrx_word' id='word_1_627' title='bbox 254 4382 478 4434; x_wconf 78' lang='grc' dir='ltr'><strong>ποιὴκει</strong></span> <span class='ocrx_word' id='word_1_628' title='bbox 523 4378 800 4448; x_wconf 79' lang='grc' dir='ltr'><strong>κτημάτων</strong></span> <span class='ocrx_word' id='word_1_629' title='bbox 831 4380 950 4450; x_wconf 87' lang='grc' dir='ltr'><strong>πέρι</strong></span> <span class='ocrx_word' id='word_1_630' title='bbox 998 4384 1096 4427; x_wconf 84' lang='grc' dir='ltr'><strong>τῶν</strong></span> <span class='ocrx_word' id='word_1_631' title='bbox 1156 4375 1308 4446; x_wconf 82' lang='grc' dir='ltr'><strong>ἐμῶν,</strong></span> <span class='ocrx_word' id='word_1_632' title='bbox 1367 4373 1570 4447; x_wconf 82' lang='grc' dir='ltr'><strong>μηδένα</strong></span> <span class='ocrx_word' id='word_1_633' title='bbox 1610 4376 1873 4448; x_wconf 83' lang='grc' dir='ltr'><strong>τολμῆσαι</strong></span> 
     </span>
    </p>
   </div>
   <div class='ocr_carea' id='block_1_93' title="bbox 1987 4370 3360 4446">
    <p class='ocr_par' dir='ltr' id='par_1_93' title="bbox 1987 4370 3360 4446">
     <span class='ocr_line' id='line_1_93' title="bbox 1987 4370 3360 4446; baseline -0.004 -16"><span class='ocrx_word' id='word_1_634' title='bbox 1987 4371 2330 4446; x_wconf 85' lang='lat' dir='ltr'>Imperatori</span> <span class='ocrx_word' id='word_1_635' title='bbox 2352 4387 2495 4427; x_wconf 88' lang='lat' dir='ltr'>vero</span> <span class='ocrx_word' id='word_1_636' title='bbox 2531 4370 2842 4426; x_wconf 88' lang='lat' dir='ltr'>Theodoro</span> <span class='ocrx_word' id='word_1_637' title='bbox 2867 4387 2964 4428; x_wconf 90' lang='lat' dir='ltr'><strong>res</strong></span> <span class='ocrx_word' id='word_1_638' title='bbox 2986 4370 3068 4426; x_wconf 88' lang='lat' dir='ltr'><strong>ita</strong></span> <span class='ocrx_word' id='word_1_639' title='bbox 3088 4385 3360 4426; x_wconf 91' lang='lat' dir='ltr'>evenere.</span> 
     </span>
    </p>
   </div>
   <div class='ocr_carea' id='block_1_94' title="bbox 253 4453 3640 4537">
    <p class='ocr_par' dir='ltr' id='par_1_94' title="bbox 253 4453 3640 4537">
     <span class='ocr_line' id='line_1_94' title="bbox 253 4453 3640 4537; baseline -0.002 -20"><span class='ocrx_word' id='word_1_640' title='bbox 253 4461 410 4518; x_wconf 78' lang='grc' dir='ltr'><strong>ποδα</strong></span> <span class='ocrx_word' id='word_1_641' title='bbox 455 4483 506 4517; x_wconf 86' lang='grc' dir='ltr'><strong>τε</strong></span> <span class='ocrx_word' id='word_1_642' title='bbox 581 4463 757 4537; x_wconf 82' lang='grc' dir='ltr'><strong>βαλεῖν</strong></span> <span class='ocrx_word' id='word_1_643' title='bbox 824 4463 872 4515; x_wconf 83' lang='grc' dir='ltr'><strong>ἐν</strong></span> <span class='ocrx_word' id='word_1_644' title='bbox 931 4464 1108 4526; x_wconf 77' lang='grc' dir='ltr'><strong>αὐτοῖς</strong></span> <span class='ocrx_word' id='word_1_645' title='bbox 1161 4469 1250 4516; x_wconf 82' lang='grc' dir='ltr'><strong>καὶ</strong></span> <span class='ocrx_word' id='word_1_646' title='bbox 1326 4465 1522 4536; x_wconf 81' lang='grc' dir='ltr'><strong>ζημίαν</strong></span> <span class='ocrx_word' id='word_1_647' title='bbox 1579 4463 1898 4537; x_wconf 78' lang='grc' dir='ltr'><strong>ἐπεμϐαλεῖν.</strong></span> <span class='ocrx_word' id='word_1_648' title='bbox 1977 4468 2078 4518; x_wconf 82' lang='grc' dir='ltr'><strong>Καὶ</strong></span> <span class='ocrx_word' id='word_1_649' title='bbox 2137 4470 2302 4515; x_wconf 80' lang='grc' dir='ltr'><strong>ταῦτα</strong></span> <span class='ocrx_word' id='word_1_650' title='bbox 2344 4464 2433 4534; x_wconf 73' lang='grc' dir='ltr'><strong>μὲν</strong></span> <span class='ocrx_word' id='word_1_651' title='bbox 2476 4461 2643 4523; x_wconf 80' lang='grc' dir='ltr'><strong>αὕτως</strong></span> <span class='ocrx_word' id='word_1_652' title='bbox 2697 4462 2849 4533; x_wconf 76' lang='grc' dir='ltr'><strong>ἔσχε,</strong></span> <span class='ocrx_word' id='word_1_653' title='bbox 2906 4469 2979 4532; x_wconf 86' lang='grc' dir='ltr'><strong>τῷ</strong></span> <span class='ocrx_word' id='word_1_654' title='bbox 3019 4456 3078 4513; x_wconf 64' lang='grc' dir='ltr'><strong>δὴ</strong></span> <span class='ocrx_word' id='word_1_655' title='bbox 3121 4457 3334 4532; x_wconf 87' lang='grc' dir='ltr'><strong>βασιλεί</strong></span> <span class='ocrx_word' id='word_1_656' title='bbox 3381 4453 3640 4530; x_wconf 82' lang='grc' dir='ltr'><strong>Θεοδώρῳ</strong></span> 
     </span>
    </p>
   </div>
   <div class='ocr_carea' id='block_1_95' title="bbox 257 4552 1045 4625">
    <p class='ocr_par' dir='ltr' id='par_1_95' title="bbox 257 4552 1045 4625">
     <span class='ocr_line' id='line_1_95' title="bbox 257 4552 1045 4625; baseline 0.005 -22"><span class='ocrx_word' id='word_1_657' title='bbox 257 4552 449 4617; x_wconf 75' lang='grc' dir='ltr'><strong>ξυνέϐη</strong></span> <span class='ocrx_word' id='word_1_658' title='bbox 483 4554 618 4606; x_wconf 70' lang='grc' dir='ltr'><strong>οὕτω</strong></span> <span class='ocrx_word' id='word_1_659' title='bbox 651 4556 716 4605; x_wconf 82' lang='grc' dir='ltr'><strong>τὰ</strong></span> <span class='ocrx_word' id='word_1_660' title='bbox 740 4556 1045 4625; x_wconf 76' lang='grc' dir='ltr'><strong>πράγματα.</strong></span> 
     </span>
    </p>
   </div>
   <div class='ocr_carea' id='block_1_96' title="bbox 338 4638 1870 4714">
    <p class='ocr_par' dir='ltr' id='par_1_96' title="bbox 338 4638 1870 4714">
     <span class='ocr_line' id='line_1_96' title="bbox 338 4638 1870 4714; baseline -0.001 -20"><span class='ocrx_word' id='word_1_661' title='bbox 338 4641 432 4712; x_wconf 66' lang='grc' dir='ltr'><strong>ον’.</strong></span> <span class='ocrx_word' id='word_1_662' title='bbox 482 4641 541 4694; x_wconf 83' lang='grc' dir='ltr'><strong>Ὀ</strong></span> <span class='ocrx_word' id='word_1_663' title='bbox 591 4645 681 4714; x_wconf 74' lang='grc' dir='ltr'><strong>μὲν</strong></span> <span class='ocrx_word' id='word_1_664' title='bbox 721 4638 809 4693; x_wconf 75' lang='grc' dir='ltr'><strong>οὖν</strong></span> <span class='ocrx_word' id='word_1_665' title='bbox 840 4643 888 4676; x_wconf 71' lang='grc'><strong>³³</strong></span> <span class='ocrx_word' id='word_1_666' title='bbox 945 4649 1044 4692; x_wconf 84' lang='grc' dir='ltr'><strong>τῶν</strong></span> <span class='ocrx_word' id='word_1_667' title='bbox 1102 4641 1404 4714; x_wconf 76' lang='grc' dir='ltr'><strong>Βουλγάρων</strong></span> <span class='ocrx_word' id='word_1_668' title='bbox 1452 4643 1654 4714; x_wconf 79' lang='grc' dir='ltr'><strong>ἄρχων,</strong></span> <span class='ocrx_word' id='word_1_669' title='bbox 1703 4641 1728 4692; x_wconf 87' lang='grc' dir='ltr'><strong><em>ὁ</em></strong></span> <span class='ocrx_word' id='word_1_670' title='bbox 1775 4661 1870 4711; x_wconf 74' lang='grc' dir='ltr'><strong>γυ-</strong></span> 
     </span>
    </p>
   </div>
   <div class='ocr_carea' id='block_1_97' title="bbox 257 4728 1873 4804">
    <p class='ocr_par' dir='ltr' id='par_1_97' title="bbox 257 4728 1873 4804">
     <span class='ocr_line' id='line_1_97' title="bbox 257 4728 1873 4804; baseline -0.001 -21"><span class='ocrx_word' id='word_1_671' title='bbox 257 4728 609 4804; x_wconf 71' lang='grc' dir='ltr'><strong>ναικάδελφος</strong></span> <span class='ocrx_word' id='word_1_672' title='bbox 647 4731 808 4782; x_wconf 74' lang='grc' dir='ltr'><strong>αὐτου</strong></span> <span class='ocrx_word' id='word_1_673' title='bbox 858 4729 1102 4802; x_wconf 79' lang='grc' dir='ltr'><strong>Μιχαὴλ,</strong></span> <span class='ocrx_word' id='word_1_674' title='bbox 1163 4730 1216 4792; x_wconf 87' lang='grc' dir='ltr'><strong>ὃς</strong></span> <span class='ocrx_word' id='word_1_675' title='bbox 1266 4730 1455 4787; x_wconf 71' lang='grc' dir='ltr'><strong>πολλὴν</strong></span> <span class='ocrx_word' id='word_1_676' title='bbox 1521 4735 1612 4786; x_wconf 77' lang='grc' dir='ltr'><strong>τὴν</strong></span> <span class='ocrx_word' id='word_1_677' title='bbox 1677 4731 1873 4802; x_wconf 83' lang='grc' dir='ltr'><strong>ἔχθραν</strong></span> 
     </span>
    </p>
   </div>
   <div class='ocr_carea' id='block_1_98' title="bbox 260 4817 1875 4894">
    <p class='ocr_par' dir='ltr' id='par_1_98' title="bbox 260 4817 1875 4894">
     <span class='ocr_line' id='line_1_98' title="bbox 260 4817 1875 4894; baseline -0.002 -22"><span class='ocrx_word' id='word_1_678' title='bbox 260 4823 399 4873; x_wconf 75' lang='grc' dir='ltr'><strong>κατὰ</strong></span> <span class='ocrx_word' id='word_1_679' title='bbox 435 4839 489 4872; x_wconf 83' lang='grc' dir='ltr'><strong>τε</strong></span> <span class='ocrx_word' id='word_1_680' title='bbox 548 4821 704 4872; x_wconf 68' lang='grc' dir='ltr'><strong>αὑτοῦ</strong></span> <span class='ocrx_word' id='word_1_681' title='bbox 755 4828 848 4872; x_wconf 69' lang='grc' dir='ltr'><strong>τοῦ</strong></span> <span class='ocrx_word' id='word_1_682' title='bbox 890 4818 1132 4894; x_wconf 74' lang='grc' dir='ltr'><strong>’γαμϐροῦ⁹</strong></span> <span class='ocrx_word' id='word_1_683' title='bbox 1183 4824 1275 4870; x_wconf 81' lang='lat' dir='ltr'><strong>xui</strong></span> <span class='ocrx_word' id='word_1_684' title='bbox 1333 4817 1593 4890; x_wconf 77' lang='grc' dir='ltr'><strong>βασιλέως</strong></span> <span class='ocrx_word' id='word_1_685' title='bbox 1639 4821 1730 4869; x_wconf 79' lang='grc' dir='ltr'><strong>καὶ</strong></span> <span class='ocrx_word' id='word_1_686' title='bbox 1776 4826 1875 4869; x_wconf 86' lang='grc' dir='ltr'><strong>τῶν</strong></span> 
     </span>
    </p>
   </div>
   <div class='ocr_carea' id='block_1_99' title="bbox 256 4903 1876 4981">
    <p class='ocr_par' dir='ltr' id='par_1_99' title="bbox 256 4903 1876 4981">
     <span class='ocr_line' id='line_1_99' title="bbox 256 4903 1876 4981; baseline -0.001 -21"><span class='ocrx_word' id='word_1_687' title='bbox 256 4909 528 4981; x_wconf 79' lang='grc' dir='ltr'><strong>Ῥωμαίων</strong></span> <span class='ocrx_word' id='word_1_688' title='bbox 585 4907 842 4981; x_wconf 66' lang='grc' dir='ltr'><strong>ἇξέτρεφε,</strong></span> <span class='ocrx_word' id='word_1_689' title='bbox 897 4912 1027 4980; x_wconf 83' lang='grc' dir='ltr'><strong>πρὸς</strong></span> <span class='ocrx_word' id='word_1_690' title='bbox 1079 4916 1171 4959; x_wconf 75' lang='grc' dir='ltr'><strong>του</strong></span> <span class='ocrx_word' id='word_1_691' title='bbox 1236 4903 1663 4981; x_wconf 70' lang='grc' dir='ltr'><strong>πρωτεξαδέλφου</strong></span> <span class='ocrx_word' id='word_1_692' title='bbox 1716 4906 1876 4958; x_wconf 77' lang='grc' dir='ltr'><strong>αὐτοῦ</strong></span> 
     </span>
    </p>
   </div>
   <div class='ocr_carea' id='block_1_100' title="bbox 337 5085 596 5140">
    <p class='ocr_par' dir='ltr' id='par_1_100' title="bbox 337 5085 596 5140">
     <span class='ocr_line' id='line_1_100' title="bbox 337 5085 596 5140; baseline 0 0"><span class='ocrx_word' id='word_1_693' title='bbox 337 5085 596 5140; x_wconf 84' lang='grc' dir='ltr'><strong>⁶²Ι);</strong></span> 
     </span>
    </p>
   </div>
   <div class='ocr_carea' id='block_1_101' title="bbox 663 5082 1621 5170">
    <p class='ocr_par' dir='ltr' id='par_1_101' title="bbox 663 5082 1621 5170">
     <span class='ocr_line' id='line_1_101' title="bbox 663 5082 1621 5170; baseline 0.015 -35"><span class='ocrx_word' id='word_1_694' title='bbox 663 5085 722 5170; x_wconf 49' lang='lat'><strong>:1)</strong></span> <span class='ocrx_word' id='word_1_695' title='bbox 780 5082 986 5170; x_wconf 33' lang='grc' dir='ltr'><strong>δειτῶν</strong></span> <span class='ocrx_word' id='word_1_696' title='bbox 1041 5085 1349 5168; x_wconf 56' lang='grc' dir='ltr'><strong>Βουλγάρωξ</strong></span> <span class='ocrx_word' id='word_1_697' title='bbox 1403 5086 1621 5170; x_wconf 29' lang='grc' dir='ltr'><strong>..ἄρχωνν</strong></span> 
     </span>
    </p>
   </div>
   <div class='ocr_carea' id='block_1_102' title="bbox 263 5163 458 5232">
    <p class='ocr_par' dir='ltr' id='par_1_102' title="bbox 263 5163 458 5232">
     <span class='ocr_line' id='line_1_102' title="bbox 263 5163 458 5232; baseline -0.005 -23"><span class='ocrx_word' id='word_1_698' title='bbox 263 5163 434 5232; x_wconf 84' lang='grc' dir='ltr'><strong>μαίων</strong></span> <span class='ocrx_word' id='word_1_699' title='bbox 445 5200 458 5223; x_wconf 90' lang='grc'><strong>,</strong></span> 
     </span>
    </p>
   </div>
   <div class='ocr_carea' id='block_1_103' title="bbox 2051 4633 3640 4711">
    <p class='ocr_par' dir='ltr' id='par_1_103' title="bbox 2051 4633 3640 4711">
     <span class='ocr_line' id='line_1_103' title="bbox 2051 4633 3640 4711; baseline -0.004 -16"><span class='ocrx_word' id='word_1_700' title='bbox 2051 4644 2140 4698; x_wconf 88' lang='grc'><strong>73.</strong></span> <span class='ocrx_word' id='word_1_701' title='bbox 2169 4639 2565 4709; x_wconf 86' lang='lat' dir='ltr'>Bulgarorum</span> <span class='ocrx_word' id='word_1_702' title='bbox 2594 4639 2894 4711; x_wconf 87' lang='lat' dir='ltr'>princeps,</span> <span class='ocrx_word' id='word_1_703' title='bbox 2935 4637 3137 4693; x_wconf 84' lang='lat' dir='ltr'>uxoris</span> <span class='ocrx_word' id='word_1_704' title='bbox 3162 4635 3319 4692; x_wconf 87' lang='lat' dir='ltr'>illius</span> <span class='ocrx_word' id='word_1_705' title='bbox 3346 4635 3525 4692; x_wconf 81' lang='lat' dir='ltr'>frater</span> <span class='ocrx_word' id='word_1_706' title='bbox 3544 4633 3640 4690; x_wconf 83' lang='lat' dir='ltr'><strong>Mi-</strong></span> 
     </span>
    </p>
   </div>
   <div class='ocr_carea' id='block_1_104' title="bbox 1983 4726 3637 4800">
    <p class='ocr_par' dir='ltr' id='par_1_104' title="bbox 1983 4726 3637 4800">
     <span class='ocr_line' id='line_1_104' title="bbox 1983 4726 3637 4800; baseline -0.004 -16"><span class='ocrx_word' id='word_1_707' title='bbox 1983 4728 2172 4796; x_wconf 87' lang='lat' dir='ltr'>chael,</span> <span class='ocrx_word' id='word_1_708' title='bbox 2214 4728 2315 4800; x_wconf 90' lang='lat' dir='ltr'><strong>qui</strong></span> <span class='ocrx_word' id='word_1_709' title='bbox 2366 4727 2696 4784; x_wconf 87' lang='lat' dir='ltr'>simultates</span> <span class='ocrx_word' id='word_1_710' title='bbox 2743 4732 2800 4783; x_wconf 91' lang='lat' dir='ltr'><strong>et</strong></span> <span class='ocrx_word' id='word_1_711' title='bbox 2841 4726 3200 4796; x_wconf 90' lang='lat' dir='ltr'>inimicitias,</span> <span class='ocrx_word' id='word_1_712' title='bbox 3244 4739 3466 4796; x_wconf 88' lang='lat' dir='ltr'>easque</span> <span class='ocrx_word' id='word_1_713' title='bbox 3513 4737 3637 4778; x_wconf 90' lang='lat' dir='ltr'><strong>non</strong></span> 
     </span>
    </p>
   </div>
   <div class='ocr_carea' id='block_1_105' title="bbox 1984 4809 3634 4886">
    <p class='ocr_par' dir='ltr' id='par_1_105' title="bbox 1984 4809 3634 4886">
     <span class='ocr_line' id='line_1_105' title="bbox 1984 4809 3634 4886; baseline -0.006 -13"><span class='ocrx_word' id='word_1_714' title='bbox 1984 4818 2165 4884; x_wconf 91' lang='lat' dir='ltr'>leves,</span> <span class='ocrx_word' id='word_1_715' title='bbox 2197 4818 2329 4871; x_wconf 88' lang='lat' dir='ltr'>etin</span> <span class='ocrx_word' id='word_1_716' title='bbox 2343 4831 2631 4885; x_wconf 86' lang='lat' dir='ltr'>generum</span> <span class='ocrx_word' id='word_1_717' title='bbox 2649 4816 2775 4871; x_wconf 89' lang='lat' dir='ltr'>etin</span> <span class='ocrx_word' id='word_1_718' title='bbox 2792 4816 3216 4886; x_wconf 88' lang='lat' dir='ltr'>imperatorem</span> <span class='ocrx_word' id='word_1_719' title='bbox 3244 4817 3300 4867; x_wconf 89' lang='lat' dir='ltr'><strong>et</strong></span> <span class='ocrx_word' id='word_1_720' title='bbox 3329 4826 3454 4865; x_wconf 87' lang='lat' dir='ltr'><strong>rem</strong></span> <span class='ocrx_word' id='word_1_721' title='bbox 3466 4809 3634 4865; x_wconf 83' lang='lat' dir='ltr'>deni-</span> 
     </span>
    </p>
   </div>
   <div class='ocr_carea' id='block_1_106' title="bbox 1984 4897 3645 4977">
    <p class='ocr_par' dir='ltr' id='par_1_106' title="bbox 1984 4897 3645 4977">
     <span class='ocr_line' id='line_1_106' title="bbox 1984 4897 3645 4977; baseline -0.001 -20"><span class='ocrx_word' id='word_1_722' title='bbox 1984 4921 2102 4977; x_wconf 90' lang='lat' dir='ltr'><strong>que</strong></span> <span class='ocrx_word' id='word_1_723' title='bbox 2115 4906 2448 4959; x_wconf 82' lang='lat' dir='ltr'>Romanam</span> <span class='ocrx_word' id='word_1_724' title='bbox 2462 4903 2768 4972; x_wconf 85' lang='lat' dir='ltr'>gerebat,a</span> <span class='ocrx_word' id='word_1_725' title='bbox 2783 4901 3146 4958; x_wconf 92' lang='lat' dir='ltr'>consobrino</span> <span class='ocrx_word' id='word_1_726' title='bbox 3159 4915 3269 4955; x_wconf 91' lang='lat' dir='ltr'><strong>suo</strong></span> <span class='ocrx_word' id='word_1_727' title='bbox 3281 4897 3645 4955; x_wconf 87' lang='lat' dir='ltr'>Callimano-</span> 
     </span>
    </p>
   </div>
   <div class='ocr_carea' id='block_1_107' title="bbox 1674 5072 3634 5164">
    <p class='ocr_par' dir='ltr' id='par_1_107' title="bbox 1674 5072 3634 5164">
     <span class='ocr_line' id='line_1_107' title="bbox 1674 5072 3634 5164; baseline -0.003 -30"><span class='ocrx_word' id='word_1_728' title='bbox 1674 5077 2086 5164; x_wconf 58' lang='grc' dir='ltr'><strong>σγυναικάδελγος</strong></span> <span class='ocrx_word' id='word_1_729' title='bbox 2143 5087 2232 5132; x_wconf 79' lang='grc' dir='ltr'><strong>τοῦ</strong></span> <span class='ocrx_word' id='word_1_730' title='bbox 2298 5079 2459 5131; x_wconf 74' lang='grc' dir='ltr'><strong>αὐτοῦ</strong></span> <span class='ocrx_word' id='word_1_731' title='bbox 2517 5078 2764 5164; x_wconf 52' lang='grc' dir='ltr'><strong>Μιχαὴλ,</strong></span> <span class='ocrx_word' id='word_1_732' title='bbox 2817 5080 3013 5164; x_wconf 64' lang='grc' dir='ltr'><strong>ἔχθραν</strong></span> <span class='ocrx_word' id='word_1_733' title='bbox 3059 5072 3496 5164; x_wconf 39' lang='grc' dir='ltr'><strong>μὺιεῖχεωκατὰ</strong></span> <span class='ocrx_word' id='word_1_734' title='bbox 3517 5075 3634 5164; x_wconf 38' lang='grc' dir='ltr'><strong>ζῐξω,</strong></span> 
     </span>
    </p>
   </div>
   <div class='ocr_carea' id='block_1_108' title="bbox 561 5144 3633 5232">
    <p class='ocr_par' dir='ltr' id='par_1_108' title="bbox 561 5144 3633 5232">
     <span class='ocr_line' id='line_1_108' title="bbox 561 5144 3633 5232; baseline -0.003 -24"><span class='ocrx_word' id='word_1_735' title='bbox 561 5155 689 5208; x_wconf 76' lang='grc' dir='ltr'><strong>ἀλλὰ</strong></span> <span class='ocrx_word' id='word_1_736' title='bbox 771 5161 900 5228; x_wconf 85' lang='grc' dir='ltr'><strong>πρὸς</strong></span> <span class='ocrx_word' id='word_1_737' title='bbox 987 5166 1076 5210; x_wconf 85' lang='grc' dir='ltr'><strong>του</strong></span> <span class='ocrx_word' id='word_1_738' title='bbox 1152 5144 1577 5228; x_wconf 61' lang='grc' dir='ltr'><strong>πρωτεξαδελᾷιου</strong></span> <span class='ocrx_word' id='word_1_739' title='bbox 1609 5144 1617 5149; x_wconf 55' lang='grc'><em>’</em></span> <span class='ocrx_word' id='word_1_740' title='bbox 1653 5144 1814 5205; x_wconf 64' lang='grc' dir='ltr'><strong>οὖῦτου</strong></span> <span class='ocrx_word' id='word_1_741' title='bbox 1891 5144 2214 5232; x_wconf 82' lang='grc' dir='ltr'><strong>Καλλιμάνου</strong></span> <span class='ocrx_word' id='word_1_742' title='bbox 2294 5144 3117 5232; x_wconf 24' lang='grc' dir='ltr'><strong>ααιρίανἈπληγεὶςὶῃξτεθνὴδιέι.</strong></span> <span class='ocrx_word' id='word_1_743' title='bbox 3172 5144 3370 5230; x_wconf 53' lang='grc' dir='ltr'><strong>’0⁷⁷δέ</strong></span> <span class='ocrx_word' id='word_1_744' title='bbox 3442 5144 3633 5232; x_wconf 58' lang='grc' dir='ltr'><strong>Καλλιξ</strong></span> 
     </span>
    </p>
   </div>
   <div class='ocr_carea' id='block_1_109' title="bbox 265 5215 3638 5304">
    <p class='ocr_par' dir='ltr' id='par_1_109' title="bbox 265 5215 3638 5304">
     <span class='ocr_line' id='line_1_109' title="bbox 265 5215 3638 5304; baseline -0.002 -23"><span class='ocrx_word' id='word_1_745' title='bbox 265 5215 456 5304; x_wconf 39' lang='lat' dir='ltr'>licia“,</span> <span class='ocrx_word' id='word_1_746' title='bbox 497 5234 589 5286; x_wconf 75' lang='grc' dir='ltr'><strong>την</strong></span> <span class='ocrx_word' id='word_1_747' title='bbox 664 5215 855 5280; x_wconf 79' lang='grc' dir='ltr'><strong>ἐκείνου</strong></span> <span class='ocrx_word' id='word_1_748' title='bbox 886 5215 898 5219; x_wconf 41' lang='grc'>⁷</span> <span class='ocrx_word' id='word_1_749' title='bbox 944 5227 1112 5280; x_wconf 77' lang='grc' dir='ltr'><strong>λαϐὼν</strong></span> <span class='ocrx_word' id='word_1_750' title='bbox 1188 5215 1420 5297; x_wconf 32' lang='lat' dir='ltr'>iugem</span> <span class='ocrx_word' id='word_1_751' title='bbox 1487 5215 1584 5284; x_wconf 67' lang='grc' dir='ltr'><strong>τὴν</strong></span> <span class='ocrx_word' id='word_1_752' title='bbox 1659 5225 1965 5298; x_wconf 71' lang='grc' dir='ltr'><strong>Βουλγάρων</strong></span> <span class='ocrx_word' id='word_1_753' title='bbox 2043 5215 2218 5299; x_wconf 73' lang='grc' dir='ltr'><strong>ἀρχὴν</strong></span> <span class='ocrx_word' id='word_1_754' title='bbox 2284 5215 2651 5304; x_wconf 73' lang='grc' dir='ltr'><strong>ἐσφετερίζετο.</strong></span> <span class='ocrx_word' id='word_1_755' title='bbox 2683 5215 2694 5220; x_wconf 53' lang='grc'>⁷</span> <span class='ocrx_word' id='word_1_756' title='bbox 2729 5219 2865 5304; x_wconf 47' lang='grc' dir='ltr'><strong>’βλγ</strong></span> <span class='ocrx_word' id='word_1_757' title='bbox 2939 5221 2965 5271; x_wconf 84' lang='grc' dir='ltr'><strong><em>ὁ</em></strong></span> <span class='ocrx_word' id='word_1_758' title='bbox 3032 5219 3229 5304; x_wconf 41' lang='grc' dir='ltr'><strong>ΙΑΡωσος</strong></span> <span class='ocrx_word' id='word_1_759' title='bbox 3289 5215 3460 5304; x_wconf 67' lang='grc' dir='ltr'><strong>ῼῦρος</strong></span> <span class='ocrx_word' id='word_1_760' title='bbox 3507 5223 3638 5304; x_wconf 69' lang='grc' dir='ltr'><strong>μετὰ</strong></span> 
     </span>
    </p>
   </div>
   <div class='ocr_carea' id='block_1_110' title="bbox 269 5297 1507 5374">
    <p class='ocr_par' dir='ltr' id='par_1_110' title="bbox 269 5297 1507 5374">
     <span class='ocr_line' id='line_1_110' title="bbox 269 5297 1507 5374; baseline -0.005 -21"><span class='ocrx_word' id='word_1_761' title='bbox 269 5297 674 5374; x_wconf 80' lang='grc' dir='ltr'><strong>στρατευμάτων</strong></span> <span class='ocrx_word' id='word_1_762' title='bbox 725 5298 943 5350; x_wconf 83' lang='grc' dir='ltr'><strong>ἐπελθὼν</strong></span> <span class='ocrx_word' id='word_1_763' title='bbox 1004 5308 1075 5369; x_wconf 85' lang='grc' dir='ltr'><strong>τῷ</strong></span> <span class='ocrx_word' id='word_1_764' title='bbox 1125 5297 1355 5374; x_wconf 45' lang='grc' dir='ltr'><strong>Τρ-ινὸϐῳ</strong></span> <span class='ocrx_word' id='word_1_765' title='bbox 1414 5302 1507 5355; x_wconf 79' lang='grc' dir='ltr'><strong>τὴν</strong></span> 
     </span>
    </p>
   </div>
   <div class='ocr_carea' id='block_1_111' title="bbox 1217 5370 1229 5386">
    <p class='ocr_par' dir='ltr' id='par_1_111' title="bbox 1217 5370 1229 5386">
     <span class='ocr_line' id='line_1_111' title="bbox 1217 5370 1229 5386; baseline 0 -6"><span class='ocrx_word' id='word_1_766' title='bbox 1217 5370 1229 5386; x_wconf 63' lang='grc' dir='ltr'><strong>ο</strong></span> 
     </span>
    </p>
   </div>
   <div class='ocr_carea' id='block_1_112' title="bbox 1574 5291 3636 5377">
    <p class='ocr_par' dir='ltr' id='par_1_112' title="bbox 1574 5291 3636 5377">
     <span class='ocr_line' id='line_1_112' title="bbox 1574 5291 3636 5377; baseline -0.002 -29"><span class='ocrx_word' id='word_1_767' title='bbox 1574 5291 1836 5377; x_wconf 72' lang='grc' dir='ltr'><strong>θυγατέρα</strong></span> <span class='ocrx_word' id='word_1_768' title='bbox 1864 5291 2086 5377; x_wconf 59' lang='grc' dir='ltr'><strong>’τούτους</strong></span> <span class='ocrx_word' id='word_1_769' title='bbox 2110 5291 2230 5352; x_wconf 59' lang='grc' dir='ltr'><strong>’τὴν</strong></span> <span class='ocrx_word' id='word_1_770' title='bbox 2261 5291 2374 5377; x_wconf 39' lang='grc' dir='ltr'><strong>’του</strong></span> <span class='ocrx_word' id='word_1_771' title='bbox 2422 5291 2669 5377; x_wconf 42' lang='grc' dir='ltr'><strong>Μιχαηλ.</strong></span> <span class='ocrx_word' id='word_1_772' title='bbox 2703 5292 2954 5377; x_wconf 58' lang='grc' dir='ltr'><strong>σύζυγον,</strong></span> <span class='ocrx_word' id='word_1_773' title='bbox 3009 5291 3207 5376; x_wconf 72' lang='grc' dir='ltr'><strong>εἴληφεν</strong></span> <span class='ocrx_word' id='word_1_774' title='bbox 3238 5313 3250 5324; x_wconf 90' lang='grc'>·</span> <span class='ocrx_word' id='word_1_775' title='bbox 3287 5293 3315 5377; x_wconf 62' lang='grc' dir='ltr'><strong>ο</strong></span> <span class='ocrx_word' id='word_1_776' title='bbox 3343 5291 3445 5364; x_wconf 66' lang='grc' dir='ltr'><strong>γὰρ</strong></span> <span class='ocrx_word' id='word_1_777' title='bbox 3501 5291 3636 5377; x_wconf 76' lang='grc' dir='ltr'><strong>Καλ-</strong></span> 
     </span>
    </p>
   </div>
   <div class='ocr_carea' id='block_1_113' title="bbox 267 5347 3634 5443">
    <p class='ocr_par' dir='ltr' id='par_1_113' title="bbox 267 5347 3634 5443">
     <span class='ocr_line' id='line_1_113' title="bbox 267 5347 3634 5443; baseline -0.003 -20"><span class='ocrx_word' id='word_1_778' title='bbox 267 5351 397 5443; x_wconf 72' lang='grc' dir='ltr'><strong>λιμά</strong></span> <span class='ocrx_word' id='word_1_779' title='bbox 447 5355 932 5443; x_wconf 63' lang='grc' dir='ltr'><strong>οξπροπεφονευτο.</strong></span> <span class='ocrx_word' id='word_1_780' title='bbox 987 5357 1125 5422; x_wconf 73' lang='grc' dir='ltr'><strong>Ἐπεὶ</strong></span> <span class='ocrx_word' id='word_1_781' title='bbox 1167 5347 1229 5422; x_wconf 47' lang='grc' dir='ltr'><strong>’δ’</strong></span> <span class='ocrx_word' id='word_1_782' title='bbox 1283 5354 1475 5443; x_wconf 74' lang='grc' dir='ltr'><strong>ἕρημος</strong></span> <span class='ocrx_word' id='word_1_783' title='bbox 1525 5347 1817 5443; x_wconf 72' lang='grc' dir='ltr'><strong>ἐναπέλείθη</strong></span> <span class='ocrx_word' id='word_1_784' title='bbox 1882 5347 2202 5443; x_wconf 64' lang='grc' dir='ltr'><strong>δεληρονομου</strong></span> <span class='ocrx_word' id='word_1_785' title='bbox 2252 5367 2282 5423; x_wconf 80' lang='grc' dir='ltr'>ἡ</span> <span class='ocrx_word' id='word_1_786' title='bbox 2328 5374 2424 5443; x_wconf 56' lang='grc' dir='ltr'><strong>των</strong></span> <span class='ocrx_word' id='word_1_787' title='bbox 2481 5347 2785 5443; x_wconf 54' lang='grc' dir='ltr'><strong>ὧυλςγὰρων</strong></span> <span class='ocrx_word' id='word_1_788' title='bbox 2835 5347 3139 5443; x_wconf 42' lang='grc' dir='ltr'><strong>ἆρχὴ,.οἱ’</strong></span> <span class='ocrx_word' id='word_1_789' title='bbox 3170 5347 3494 5443; x_wconf 63' lang='grc' dir='ltr'><strong>προῦχοντες</strong></span> <span class='ocrx_word' id='word_1_790' title='bbox 3546 5366 3634 5414; x_wconf 88' lang='grc' dir='ltr'><strong>τὸν</strong></span> 
     </span>
    </p>
   </div>
   <div class='ocr_carea' id='block_1_114' title="bbox 269 5431 3634 5513">
    <p class='ocr_par' dir='ltr' id='par_1_114' title="bbox 269 5431 3634 5513">
     <span class='ocr_line' id='line_1_114' title="bbox 269 5431 3634 5513; baseline -0.004 -17"><span class='ocrx_word' id='word_1_791' title='bbox 269 5431 617 5513; x_wconf 11' lang='grc' dir='ltr'><strong>Τοίχουγυὶον</strong></span> <span class='ocrx_word' id='word_1_792' title='bbox 663 5431 1044 5494; x_wconf 68' lang='grc' dir='ltr'><strong>Κῶνσταντίνον</strong></span> <span class='ocrx_word' id='word_1_793' title='bbox 1099 5440 1168 5499; x_wconf 76' lang='grc' dir='ltr'><strong>εἰς</strong></span> <span class='ocrx_word' id='word_1_794' title='bbox 1225 5431 1526 5512; x_wconf 75' lang='grc' dir='ltr'><strong>τὸἀρχειν</strong></span> <span class='ocrx_word' id='word_1_795' title='bbox 1583 5440 1752 5490; x_wconf 67' lang='grc' dir='ltr'><strong>αὐτῶν</strong></span> <span class='ocrx_word' id='word_1_796' title='bbox 1796 5431 2118 5513; x_wconf 58' lang='grc' dir='ltr'><strong>ὁςνεδέξαντοί</strong></span> <span class='ocrx_word' id='word_1_797' title='bbox 2175 5435 2285 5513; x_wconf 60' lang='grc' dir='ltr'><strong>’ξνα</strong></span> <span class='ocrx_word' id='word_1_798' title='bbox 2336 5433 2395 5489; x_wconf 76' lang='grc' dir='ltr'><strong>δὲ</strong></span> <span class='ocrx_word' id='word_1_799' title='bbox 2437 5441 2526 5488; x_wconf 84' lang='lat' dir='ltr'><strong>xui</strong></span> <span class='ocrx_word' id='word_1_800' title='bbox 2544 5431 2941 5513; x_wconf 39' lang='lat' dir='ltr'><strong>_¢‘J&#39;1:poa&#39;w1:o;&#39;</strong></span> <span class='ocrx_word' id='word_1_801' title='bbox 2969 5434 3108 5506; x_wconf 67' lang='grc' dir='ltr'><strong>αὐτῷ</strong></span> <span class='ocrx_word' id='word_1_802' title='bbox 3146 5431 3220 5513; x_wconf 44' lang='lat' dir='ltr'><strong>ﬁ-</strong></span> <span class='ocrx_word' id='word_1_803' title='bbox 3248 5431 3390 5508; x_wconf 67' lang='grc' dir='ltr'><strong>ἀρχὴ</strong></span> <span class='ocrx_word' id='word_1_804' title='bbox 3434 5438 3634 5503; x_wconf 73' lang='grc' dir='ltr'><strong>γένοιτο</strong></span> 
     </span>
    </p>
   </div>
   <div class='ocr_carea' id='block_1_115' title="bbox 273 5501 3630 5592">
    <p class='ocr_par' dir='ltr' id='par_1_115' title="bbox 273 5501 3630 5592">
     <span class='ocr_line' id='line_1_115' title="bbox 273 5501 3630 5592; baseline 0 -27"><span class='ocrx_word' id='word_1_805' title='bbox 273 5501 409 5566; x_wconf 57' lang='lat' dir='ltr'>xui&quot;</span> <span class='ocrx_word' id='word_1_806' title='bbox 453 5511 646 5575; x_wconf 73' lang='grc' dir='ltr'><strong>δόξειεν</strong></span> <span class='ocrx_word' id='word_1_807' title='bbox 695 5512 794 5564; x_wconf 82' lang='grc' dir='ltr'><strong>ἀπο</strong></span> <span class='ocrx_word' id='word_1_808' title='bbox 837 5513 1182 5586; x_wconf 79' lang='grc' dir='ltr'><strong>κληρονομίας</strong></span> <span class='ocrx_word' id='word_1_809' title='bbox 1234 5501 1461 5584; x_wconf 52' lang='grc' dir='ltr'><strong>κρατεῖν,</strong></span> <span class='ocrx_word' id='word_1_810' title='bbox 1516 5514 1616 5582; x_wconf 82' lang='grc' dir='ltr'><strong>πρὸ</strong></span> <span class='ocrx_word' id='word_1_811' title='bbox 1664 5515 1751 5561; x_wconf 80' lang='grc' dir='ltr'><strong>τὸν</strong></span> <span class='ocrx_word' id='word_1_812' title='bbox 1802 5507 2029 5592; x_wconf 77' lang='grc' dir='ltr'><strong>βασιλέα</strong></span> <span class='ocrx_word' id='word_1_813' title='bbox 2070 5501 2680 5592; x_wconf 58' lang='grc' dir='ltr'><strong>νΘεόδωρον.πρεσϐείοιῦ</strong></span> <span class='ocrx_word' id='word_1_814' title='bbox 2732 5501 3088 5592; x_wconf 58' lang='grc' dir='ltr'><strong>πεπόμφασιν,</strong></span> <span class='ocrx_word' id='word_1_815' title='bbox 3141 5501 3630 5592; x_wconf 35' lang='grc' dir='ltr'><strong>ξναητῆνητίνρώττξν</strong></span> 
     </span>
    </p>
   </div>
   <div class='ocr_carea' id='block_1_116' title="bbox 273 5571 3629 5656">
    <p class='ocr_par' dir='ltr' id='par_1_116' title="bbox 273 5571 3629 5656">
     <span class='ocr_line' id='line_1_116' title="bbox 273 5571 3629 5656; baseline -0.003 -20"><span class='ocrx_word' id='word_1_816' title='bbox 273 5585 437 5636; x_wconf 70' lang='grc' dir='ltr'><strong>αὐτου</strong></span> <span class='ocrx_word' id='word_1_817' title='bbox 470 5587 726 5656; x_wconf 73' lang='grc' dir='ltr'><strong>θυγατέρα</strong></span> <span class='ocrx_word' id='word_1_818' title='bbox 765 5571 984 5656; x_wconf 74' lang='grc' dir='ltr'><strong>Εἰρηνην</strong></span> <span class='ocrx_word' id='word_1_819' title='bbox 1025 5571 1276 5655; x_wconf 64' lang='grc' dir='ltr'><strong>σῖνζιεύξιρ¹</strong></span> <span class='ocrx_word' id='word_1_820' title='bbox 1301 5592 1372 5653; x_wconf 76' lang='grc' dir='ltr'><strong>τῷ</strong></span> <span class='ocrx_word' id='word_1_821' title='bbox 1409 5591 1499 5634; x_wconf 72' lang='grc' dir='ltr'><strong>τοῦ</strong></span> <span class='ocrx_word' id='word_1_822' title='bbox 1539 5571 1766 5656; x_wconf 28' lang='grc' dir='ltr'><strong>ΑΤοίχου,</strong></span> <span class='ocrx_word' id='word_1_823' title='bbox 1794 5571 2008 5652; x_wconf 72' lang='grc' dir='ltr'><strong>ἔγγὸνην</strong></span> <span class='ocrx_word' id='word_1_824' title='bbox 2036 5577 2196 5632; x_wconf 83' lang='grc' dir='ltr'><strong>οὖσαν</strong></span> <span class='ocrx_word' id='word_1_825' title='bbox 2249 5571 2340 5632; x_wconf 70' lang='grc' dir='ltr'><strong>τοῦ</strong></span> <span class='ocrx_word' id='word_1_826' title='bbox 2403 5571 2586 5656; x_wconf 63' lang='grc' dir='ltr'><strong>’ᾼσάν.</strong></span> <span class='ocrx_word' id='word_1_827' title='bbox 2643 5571 2940 5652; x_wconf 72' lang='grc' dir='ltr'><strong>Ἐχώρισαν</strong></span> <span class='ocrx_word' id='word_1_828' title='bbox 2979 5573 3067 5630; x_wconf 80' lang='grc' dir='ltr'><strong>οὖν</strong></span> <span class='ocrx_word' id='word_1_829' title='bbox 3097 5581 3190 5636; x_wconf 83' lang='grc' dir='ltr'><strong>τὴν</strong></span> <span class='ocrx_word' id='word_1_830' title='bbox 3244 5576 3304 5635; x_wconf 81' lang='grc' dir='ltr'><strong>ἣν</strong></span> <span class='ocrx_word' id='word_1_831' title='bbox 3360 5571 3480 5646; x_wconf 82' lang='grc' dir='ltr'><strong>οἶχε</strong></span> <span class='ocrx_word' id='word_1_832' title='bbox 3533 5580 3629 5644; x_wconf 76' lang='grc' dir='ltr'><strong>γῦ-</strong></span> 
     </span>
    </p>
   </div>
   <div class='ocr_carea' id='block_1_117' title="bbox 274 5651 2647 5728">
    <p class='ocr_par' dir='ltr' id='par_1_117' title="bbox 274 5651 2647 5728">
     <span class='ocr_line' id='line_1_117' title="bbox 274 5651 2647 5728; baseline -0 -22"><span class='ocrx_word' id='word_1_833' title='bbox 274 5663 452 5726; x_wconf 73' lang='grc' dir='ltr'><strong>ναίιια,</strong></span> <span class='ocrx_word' id='word_1_834' title='bbox 475 5651 564 5708; x_wconf 81' lang='lat' dir='ltr'><strong>xui</strong></span> <span class='ocrx_word' id='word_1_835' title='bbox 589 5651 721 5728; x_wconf 73' lang='grc' dir='ltr'><strong>πρὸς</strong></span> <span class='ocrx_word' id='word_1_836' title='bbox 748 5651 834 5707; x_wconf 80' lang='grc' dir='ltr'><strong>τὸν</strong></span> <span class='ocrx_word' id='word_1_837' title='bbox 862 5653 1087 5726; x_wconf 80' lang='grc' dir='ltr'><strong>βασιλέα</strong></span> <span class='ocrx_word' id='word_1_838' title='bbox 1115 5651 1440 5710; x_wconf 72' lang='grc' dir='ltr'><strong>ἀπέστειλαν.</strong></span> <span class='ocrx_word' id='word_1_839' title='bbox 1475 5651 1624 5706; x_wconf 77' lang='grc' dir='ltr'><strong>Οὕτω</strong></span> <span class='ocrx_word' id='word_1_840' title='bbox 1639 5651 1776 5724; x_wconf 49' lang='grc' dir='ltr'><strong>⁷ἠοῦν</strong></span> <span class='ocrx_word' id='word_1_841' title='bbox 1801 5651 2073 5725; x_wconf 76' lang='grc' dir='ltr'><strong>ἠρέμησαν</strong></span> <span class='ocrx_word' id='word_1_842' title='bbox 2096 5655 2159 5705; x_wconf 82' lang='grc' dir='ltr'><strong>τὰ</strong></span> <span class='ocrx_word' id='word_1_843' title='bbox 2186 5659 2287 5703; x_wconf 85' lang='grc' dir='ltr'><strong>τῶν</strong></span> <span class='ocrx_word' id='word_1_844' title='bbox 2325 5651 2647 5724; x_wconf 82' lang='grc' dir='ltr'><strong>Βουλγὰρων.</strong></span> 
     </span>
    </p>
   </div>
  </div>
