4042 6214
239 299 270 356 1
283 299 391 362 189

1759 302 2105 372 ΔΝἩΔΒΕδ.

3476 311 3622 398 non

240 431 316 494 δή
351 453 510 502 τινος,
546 429 738 492 πολλῆς
775 437 870 492 τῆς
931 425 1129 491 ἡδονῆς
1181 428 1556 504 ἐμφορούμενον
1602 436 1692 484 καὶ
1742 430 1845 486 ἐπὶ·

1959 433 2010 490 ri
2027 448 2238 492 omnes
2248 439 2542 507 poterant.
2558 438 3086 506 Quemadmodum
3105 437 3290 506 enim,
3313 438 3462 510 dum
3483 439 3620 514 quis

239 532 444 597 χαῖρον
472 529 579 582 τοῖς
611 522 948 594 πράγμασιν.
977 518 1182 592 Ὥσπερ
1217 522 1316 591 γὰρ
1342 539 1421 581 τις
1481 518 1534 574 ἐκ
1589 525 1850 594 σκοτομή“

237 633 340 675 νης
396 612 614 686 βαθείας
705 611 814 678 (80)
905 609 979 670 εἰς
1021 611 1397 681 καθαρώτατον
1462 608 1612 668 ἡλίου
1665 614 1853 682 φέγγος

238 702 430 759 ἐπέλθῃ
455 705 486 759 ἦ
513 704 602 751 καὶ
629 697 730 750 ἀπο
762 695 1028 757 κλύδωνος
1084 697 1151 756 εὶς
1179 697 1406 767 γαλήνην
1435 698 1465 756 ἡ·
1536 698 1594 755 ἐκ
1653 707 1852 770 χειμῶ-

236 810 330 852 νος
387 789 457 851 εἰς
517 791 608 862 ἔαρ
676 789 706 846 ᾖ
766 785 832 845 εἰς
877 790 1118 857 νηνεμίαν
1158 784 1212 836 ἐκ
1273 784 1537 846 λαίλαπος,
1603 784 1705 850 κάκ
1755 795 1849 848 τῆς

235 879 434 939 πολλῆς
469 877 616 937 ἀνίας
661 877 1030 949 μεταμειφθιίη
1076 873 1143 934 εἰς
1182 870 1399 938 ἡδονήν,
1470 875 1632 936 οὕτως
1687 875 1848 932 ἃπαν-

234 988 331 1030 τες
370 966 678 1038 ἐπεγάνυντο
736 969 825 1016 καὶ
878 964 1127 1037 ἐσκίρτων
1176 963 1258 1035 ὑφ’
1318 959 1530 1028 ηδονῆς,
1593 972 1686 1028 τῆς
1722 985 1847 1038 προ-

232 1064 394 1133 τέρας
445 1055 833 1127 ἐπιλελησμένοι
877 1051 1230 1128 ἀλγεινοτὲρας
1277 1073 1367 1106 και
1415 1061 1601 1128 πικρᾶς
1653 1051 1848 1126 διαγωέ

232 1155 358 1219 γῆς.
401 1149 467 1199 Oi
497 1149 585 1216 μεν
617 1144 704 1196 οὖν
725 1142 773 1196 ἐν
802 1150 865 1200 τῆ
894 1149 1282 1195 Κωνσταντινου
1311 1142 1456 1195 πόλει
1485 1149 1704 1212 Λατῖνοι
1730 1143 1844 1214 (81)

233 1238 374 1289 κοιὶὸ
404 1236 454 1288 ἐν
480 1235 656 1294 αὐτοῖς
681 1235 831 1302 τάχα
877 1229 1168 1304 βασιλεύων
1211 1228 1518 1294 Βαλδουῖνος
1569 1232 1844 1307 πρεσϐείαν

237 1328 476 1378 ἔστειλαν
504 1326 630 1395 πρὸς
658 1325 746 1374 τόν
787 1319 1031 1394 βασιλέα,
1091 1321 1355 1392 ὑπέρογκά
1401 1341 1520 1374 τινα
1577 1325 1848 1384 ζητοῦντες

236 1419 334 1470 καὶ
401 1417 600 1466 ατόπων
685 1411 809 1463 ὂντα
856 1408 1025 1480 ἐγγύςο
1081 1418 1534 1482 καταφρονητικῶς
1580 1413 1681 1484 γὰρ
1732 1408 1848 1464 δια-

234 1506 470 1563 τεθέντες
497 1504 628 1577 πρὸς
663 1503 748 1552 τὸν
777 1497 1002 1572 βασιλέα
1031 1501 1100 1559 ὡς
1119 1505 1206 1550 νῦν
1268 1507 1330 1557 τῆ
1341 1519 1362 1562 ς
1412 1497 1590 1570 ἀρχῆς
1639 1499 1848 1572 ἁψάμε-

235 1613 332 1647 νον
365 1590 580 1664 βαρείας
609 1592 698 1650 τὰς
769 1589 1020 1649 ζητήσεις
1073 1585 1297 1640 ἐποίουν.
1357 1592 1458 1640 Καὶ
1500 1596 1702 1660 πρῶτον
1759 1593 1849 1661 μεν

240 1681 471 1754 ἤρξαντο
504 1677 605 1732 ἀπό
637 1686 730 1738 τῆς
760 1675 952 1738 πόλεως
996 1673 1382 1735 Θεσσαλονίκης
1437 1677 1700 1730 ποιεῖσθαι
1756 1682 1850 1740 τήν

239 1771 495 1835 ζήτησιν,
560 1767 642 1820 ἵνα
677 1767 935 1841 παράσχη
963 1767 1155 1822 ταύτην
1186 1767 1392 1825 τούτοις
1421 1765 1446 1816 ό
1487 1763 1732 1837 βασιλεύς
1761 1771 1851 1832 καὶ

238 1865 425 1912 πᾶσαν
455 1862 550 1914 τήν
579 1855 737 1912 οἰλλην
764 1859 946 1929 χώραν
997 1855 1134 1925 ἄχρι
1175 1858 1264 1906 καὶ
1311 1862 1402 1913 τῆς
1461 1859 1850 1920 Κωνσταντίνου

239 1947 430 2008 αὐτῆς.
457 1945 516 1998 Ὀ
571 1941 630 2000 δὲ
699 1941 945 2015 βασιλεὺς
999 1951 1097 1994 τῶν
1160 1944 1408 1994 τοιούτων
1468 1940 1853 2015 ἀκροασάμενος

239 2034 574 2108 ἀστειότερον
601 2035 728 2106 πρὸς
759 2037 888 2104 σφᾶς
935 2030 1125 2092 αὐτοὺς
1167 2034 1254 2082 τόν
1308 2029 1560 2101 ἀπόλογον
1612 2033 1852 2089 ἐποιήσα-

237 2143 325 2190 το,
352 2126 446 2184 ὡς.
477 2143 506 2175 ‹
525 2121 584 2176 ’Β
610 2120 760 2181 πόλις
782 2119 914 2177 αὕτη
935 2123 1126 2192 πατρίς
1140 2137 1241 2191 μου
1267 2120 1320 2172 οἷ
1336 2121 1669 2190 οντυγχάνει·
1724 2117 1852 2172 ἐκεῖ·

246 2231 312 2264 σε
339 2215 436 2286 γὰρ
465 2213 490 2264 ό
521 2210 644 2283 ἐμὸς
671 2213 840 2282 πατὴρ
875 2209 1196 2280 ἡγεμόνευεν,
1231 2209 1284 2260 ὃν
1327 2212 1412 2258 καὶ
1471 2210 1618 2280 ὑμεῖς
1673 2205 1852 2262 οἴδατε

240 2305 336 2354 τόν
367 2306 527 2373 μέγαν
573 2295 905 2371 δομέστικον.
956 2295 1109 2348 Ἀ).λά
1153 2300 1244 2348 καὶ
1293 2294 1341 2347 ἐν
1404 2295 1535 2356 αὐτῆ
1603 2293 1748 2358 οὗτος
1793 2301 1850 2351 τὸ

242 2390 347 2451 ζῆν
409 2389 766 2462 ἐξεμέτρησεν,
820 2391 910 2438 καὶ
958 2389 1017 2437 τὸ
1093 2393 1246 2456 σῶμα
1288 2384 1445 2438 αὑτοῦ
1497 2383 1660 2438 ἐκεῖσε
1707 2389 1852 2438 τέθα-

241 2499 400 2533 πται.
431 2485 548 2540 Πῶς
567 2477 652 2528 οὖν
701 2472 818 2528 δέον
866 2474 978 2526 ἐστι
1024 2476 1214 2530 ταύτην
1262 2478 1356 2532 τήν
1408 2473 1554 2526 πόλιν
1617 2475 1716 2535 ἔξω
1760 2483 1851 2536 τῆς

246 2566 377 2640 ἐμῆς
403 2565 680 2637 τυγχάνεὶν
712 2563 884 2638 ἀρχῆς
914 2581 928 2628 ;
963 2585 991 2613 ››
1017 2569 1194 2615 Ταῦτα
1219 2561 1496 2624 ἀκηκοότες
1525 2565 1574 2616 οἱ
1607 2563 1850 2638 πρέσϐεις

247 2657 682 2713 ὑποκνηστιῶσαν
720 2656 882 2724 ἔσχον
908 2655 1002 2710 τὴν
1051 2650 1231 2720 ἀκοὴν,
1286 2650 1367 2724 [Ρ.
1437 2652 1529 2722 90]
1582 2655 1646 2712 ὡς
1702 2655 1849 2724 τάχα

241 2746 366 2797 τινὰ
406 2751 505 2796 τῶν
563 2743 886 2815 ζητουμένων
941 2742 1201 2812 παράσχη
1255 2742 1458 2802 τούτοις
1495 2741 1522 2792 ό
1576 2738 1844 2812 βασιλεὺς,

241 2838 338 2886 καὶ
375 2830 744 2905 μεταϐαλόντες
765 2834 852 2883 τόν
881 2829 1051 2900 λόγον,
1081 2850 1109 2878 ‹‹
1139 2828 1362 2897 Οὐκοῦν,
1406 2852 1433 2878 ››
1500 2832 1714 2901 ἔφησαν,
1748 2852 1777 2879 ‹‹
1804 2831 1844 2882 ὧ

241 2921 488 2995 βασιλεῦ,
521 2926 918 2994 παραχώρησον
970 2921 1095 2992 ἡμῖν
1147 2917 1204 2970 ἐκ
1258 2927 1358 2970 τῶν
1425 2918 1616 2994 Σερῥῶν
1673 2921 1842 2972 αὐτῶν

237 3018 532 3082 κατασχεῖν
563 3011 631 3062 τὰ
661 3008 838 3065 λοιπὰ.
871 3031 898 3057 ››
933 3011 1034 3062 Καὶ
1065 3007 1090 3058 ό
1122 3004 1388 3080 βασιλεὺς,
1421 3029 1448 3057 ‹‹
1480 3004 1611 3060 Οὐδ’
1680 3008 1842 3068 αύτήν

238 3118 336 3171 μοι
371 3103 745 3173 προσήκουσαν
795 3097 980 3150 ποῖσθε
1031 3099 1126 3153 τὴν
1175 3095 1420 3156 ζήτησιν.
1471 3101 1690 3168 Πρώτως
1738 3099 1839 3172 γὰρ

239 3186 292 3240 ἐν
323 3187 451 3246 αὐτῆ
484 3189 612 3262 πρὸς
639 3193 732 3240 τοῦ
762 3190 1051 3258 μακαρίτου
1093 3181 1352 3256 βασιλέως
1399 3191 1490 3236 τοῦ
1545 3185 1680 3237 θείου
1741 3193 1842 3258 μού

237 3279 566 3350 ἡγεμονεύειν
617 3281 802 3348 χώρας
857 3273 1112 3349 ἠρξάμην,
1191 3277 1281 3324 καὶ
1340 3279 1560 3348 πρώτως
1614 3272 1662 3325 ἐν
1707 3275 1838 3333 αύτῆ

238 3365 639 3440 ἐστρατήγησα,
670 3369 760 3418 καὶ
786 3364 914 3437 φιλῶ
941 3367 1030 3415 τόν
1083 3367 1240 3415 -όπον
1299 3365 1363 3423 ὡς
1442 3365 1659 3424 σύνηθες
1724 3360 1843 3416 ἔδα-

1871 3157 1913 3214 G

236 3475 354 3528 φος.
387 3456 461 3509 Ού
491 3459 663 3528 χρεὼν
684 3461 808 3525 γοῦν
867 3449 991 3505 οὐδὲ
1039 3454 1233 3508 ταύτην
1296 3455 1390 3510 τὴν
1441 3451 1588 3505 πόλιν
1634 3452 1844 3504 καταλι-

235 3552 374 3598 πεῖν.
411 3566 433 3594 ›
469 3544 716 3617 Εὐχερῶς
743 3549 869 3614 γοῦν
915 3544 966 3593 οἱ
1015 3538 1258 3614 πρέσϐεις
1301 3538 1355 3591 ἐκ
1406 3545 1566 3593 τόπου
1615 3547 1845 3615 μετεπή-

236 3630 347 3686 δων
378 3633 446 3694 εἰς
475 3637 650 3702 τόπον,
690 3637 780 3683 καὶ
809 3627 976 3703 μηδὲν
998 3632 1220 3700 ἔχοντες,
1267 3628 1310 3680 εἰ
1367 3635 1456 3681 καὶ
1508 3650 1559 3681 τι
1618 3629 1841 3700 λάϐοιεν,

233 3721 448 3794 ἀγαπᾷν
475 3725 544 3784 ὡς
573 3717 941 3794 κερδήσαντες,
973 3723 1078 3786 καὶ,
1111 3738 1143 3772 ε
1188 3718 1259 3772 Ὢ
1311 3719 1550 3792 βασιλεῦ⁹
1605 3742 1633 3770 ››
1673 3718 1844 3771 ἀντεῖ-

233 3829 354 3880 πον,
389 3832 417 3860 ‹‹
449 3815 538 3863 καὶ
564 3806 658 3871 δός
687 3812 811 3882 ἡμῖν
851 3807 906 3860 ἐκ
937 3816 1027 3860 τοῦ
1056 3807 1272 3883 Βολεροῡ
1301 3809 1368 3860 τὰ
1395 3812 1587 3881 μέχρις
1618 3809 1785 3881 ἡμῶν.
1809 3827 1842 3862 ›

237 3901 393 3954 Καὶό
421 3897 668 3971 βασιλεὺς
712 3921 740 3948 ‹‹
797 3898 879 3950 Ἐν
948 3899 1152 3959 τούτοις
1200 3903 1304 3958 τοῖς
1370 3902 1547 3958 τόποις
1600 3897 1844 3958 πολλάκις

235 3989 520 4063 ἐθήρευσα,
551 3994 640 4040 καὶ
673 3984 872 4060 σχεδόν
900 3992 958 4039 τὸ
989 3987 1159 4049 καλῶς
1194 3989 1434 4059 χρᾶσθαι
1486 3994 1601 4049 ταῖς
1658 3989 1844 4061 θήραις

237 4077 293 4131 ἓν
321 4080 486 4149 τούτῳ
517 4079 814 4150 μεμάθηκα,
849 4081 937 4128 καὶ
965 4080 1024 4128 οὔ
1082 4095 1172 4148 μοι
1226 4081 1462 4150 κέκριται
1523 4075 1664 4138 άξιον
1717 4083 1843 4128 τοῦ-

233 4187 328 4220 τον
355 4167 556 4239 ἀφεῖναι
603 4169 688 4218 τόν
747 4174 945 4239 χῶρον,
1006 4167 1126 4217 ἔνθα
1177 4169 1267 4217 καὶ
1319 4164 1472 4218 πάλιν
1518 4163 1704 4236 ἀγαπῶ
1753 4167 1843 4223 θη-

229 4260 406 4332 ρεύειν
430 4261 520 4308 καὶ
549 4257 738 4328 ἄγραις
783 4255 927 4315 ζώων
972 4250 1282 4326 ἐφήδεσθαι,
1355 4275 1384 4303 ››
1431 4258 1494 4308 Τί
1540 4261 1664 4324 γοῦν
1715 4255 1842 4327 ἡμῖν

235 4341 415 4406 δίδως
448 4361 462 4411 ;
493 4362 526 4398 ›
553 4342 844 4416 ἀντέφησαν
875 4344 924 4395 οἱ
953 4341 1197 4415 πρέσϐεις
1222 4351 1293 4414 τῷ
1344 4341 1576 4415 βασιλεῖ.
1629 4365 1657 4392 ‹‹
1709 4343 1841 4416 Ἐγὼ

231 4438 350 4510 μὲν,
387 4457 415 4484 ››
443 4437 532 4506 ἔφη
574 4436 599 4486 ό
628 4432 894 4507 βασιλεὺς,
932 4454 960 4474 ιι
1015 4429 1185 4486 οὐδέν.
1252 4431 1384 4486 Ἀλλ’
1446 4436 1584 4508 εἴπερ
1652 4431 1842 4486 ἐθέλετε

229 4529 329 4583 τήν
369 4522 422 4586 ἐξ
451 4523 574 4596 ἐμοῦ
623 4523 832 4598 εἰρήνην
878 4519 1050 4573 λαϐεῖν
1094 4521 1286 4595 (καλῶς
1335 4523 1436 4596 γάρ
1491 4540 1555 4594 με
1618 4520 1840 4575 ἐπίστα-
1875 4512 1922 4570 Β

235 4617 354 4684 σθε,
387 4618 476 4666 καὶ
505 4619 598 4672 *ἣν
628 4612 681 4675 ἐξ
716 4611 840 4685 ἐμοῦ
864 4615 1048 4685 μάχην
1104 4611 1314 4681 ξυνίετε,
1384 4613 1540 4669 ἡνίκα
1583 4615 1678 4670 τὴν
1726 4613 1844 4684 ἠγε-

229 4709 420 4779 μονίαν
449 4705 686 4762 Βεθυνίας
732 4707 822 4753 καὶ
851 4706 1087 4776 Ταρσίας
1148 4702 1314 4772 εἶχον,
1367 4701 1500 4760 ὅπως
1553 4699 1674 4772 ὐμῒς
1721 4697 1846 4753 οἶδα

231 4792 631 4868 μαχέσασθαι),
684 4789 836 4842 ἐθελω
909 4793 1024 4850 τοὺς
1095 4787 1143 4840 ἐν
1201 4797 1260 4846 τῆ
1339 4788 1844 4843 Κωνστανινουπολιι

233 4885 491 4940 Λατίνους
511 4883 642 4953 πρὸς
669 4884 762 4938 τήν
815 4886 915 4930 τῶν
969 4877 1232 4950 Ῥωμαίων
1292 4877 1451 4930 τελεῖν
1517 4878 1693 4950 ἀρχὴν
1749 4898 1844 4950 με-

231 4968 368 5047 ρίδα
423 4973 512 5042 μεν
570 4973 664 5026 τήν
712 4968 768 5019 ὲκ
822 4974 916 5019 τού
964 4971 1285 5040 κομμερκίου
1343 4968 1457 5034 (82)
1509 4966 1698 5028 αὐτῶν,
1747 4972 1842 5026 τὴν

233 5059 487 5130 ἀνάλογον
518 5059 770 5118 ὡσαύτως
799 5052 1026 5120 εἴσοδον.
1073 5056 1135 5108 Εἰ
1181 5057 1347 5108 ταῦτά
1401 5075 1492 5128 μοι
1542 5064 1842 5132 παρασχεῖν

230 5150 586 5220 ύποσχοίητε,
620 5146 692 5208 εἰς
721 5145 922 5215 εἰρήνην
955 5149 1300 5218 συνέρχομαι.
1351 5145 1412 5198 Εἰ
1467 5140 1518 5197 δ’
1566 5144 1676 5213 οὖν,
1733 5144 1840 5198 ἀλλ’

1153 5269 1494 5337 Theodori
1543 5269 1796 5339 Dousaa
1841 5280 1911 5341 et

308 5416 425 5498 (8_0)
463 5418 553 5472 Ἐκ
607 5421 928 5491 σκοτομήνης
975 5379 1214 5498 βαθείας.
1274 5413 1726 5486 Pachymerius,
1771 5430 1836 5489 Ρ.

755 5561 858 5642 γὰρ
898 5557 946 5612 ἐν
1011 5568 1114 5642 τῇ..
1137 5557 1674 5642 Κωνσταντινουπόλει
1719 5563 1841 5614 Λει-

233 5638 390 5688 τινοι.
406 5630 872 5705 Ραοὴγωετίιιε,
909 5645 973 5704 p.
1010 5633 1139 5690 106.
1175 5635 1314 5687 ALL.

1961 537 1994 577 e
2025 521 2403 581 densissimis
2433 527 2693 584 tenebris
2724 527 2784 584 in
2815 527 3212 600 purissimum
3244 527 3388 594 solis
3435 525 3621 600 jubar

1960 625 2296 681 emergens,
2330 619 2434 670 aut
2462 631 2494 671 e
2525 621 2875 688 tempestate
2908 617 2970 672 in
3009 616 3332 689 tranquilla
3392 620 3496 688 aut
3548 631 3620 672 ex

1958 697 2152 754 hieme
2163 700 2226 754 in
2237 716 2489 758 vernum
2503 707 2606 760 aut
2617 719 2690 759 ex
2705 703 2967 775 procella
2978 704 3039 760 in
3055 704 3260 776 quieta
3281 705 3614 774 accesserit,

1958 791 2060 844 aut
2077 787 2254 844 etiam
2270 787 2576 860 ingentem
2593 807 2913 854 mairorem
2930 792 2992 848 in
3005 791 3296 870 gaudium
3321 796 3620 848 transmu-

1956 877 2183 944 taverit,
2197 877 2402 938 laetitia
2411 879 2700 950 differtur,
2715 881 2793 938 ita
2807 897 3011 938 omnes
3025 884 3331 953 voluptate
3350 880 3618 952 quadam

1955 964 2233 1042 perfundi
2255 971 2313 1028 et
2327 968 2552 1040 gaudio
2564 970 2858 1026 cumulari
2875 976 3052 1043 atque
3071 970 3323 1040 exsilire,
3356 970 3616 1028 miserri-

1954 1069 2056 1114 ma
2085 1054 2524 1130 deterrimaque
2555 1059 2769 1132 prioris
2824 1060 2954 1117 vitae
3010 1059 3239 1118 ratione
3296 1075 3328 1115 e
3377 1065 3617 1134 pectore

1951 1142 2260 1218 oculisque
2285 1152 2512 1206 amota.
2545 1147 2750 1214 Latini,
2789 1149 2896 1222 qui
2926 1147 3088 1204 CPoli
3133 1152 3321 1216 erant,
3375 1151 3433 1203 et
3495 1147 3595 1204 Bal

1953 1229 2176 1288 duinus
2199 1233 2440 1314 illorum
2467 1238 2806 1294 moderator
2827 1237 2907 1296 ad
2925 1237 3354 1310 imperatorem
3382 1236 3616 1306 legatos

1955 1322 2314 1392 praetumida
2341 1324 2627 1396 quadam
2653 1330 2710 1380 et
2727 1341 2880 1398 pene
2903 1325 3172 1384 absurda
3218 1326 3612 1398 quaeritantes

1955 1409 2265 1467 miserunt.
2280 1412 2688 1484 Contemptius
2712 1430 2978 1486 namque
3001 1429 3145 1484 erga
3165 1414 3611 1486 imperatorem,

1955 1503 2245 1569 tanquam
2301 1501 2406 1572 qui
2488 1507 2617 1557 tum
2680 1502 2946 1576 primum
3007 1502 3325 1574 imperium
3381 1518 3615 1558 assum-

1955 1592 2180 1659 pserat,
2212 1587 2424 1656 affecti,
2457 1589 2868 1646 immoderatis
2909 1589 3413 1658 postulationibus
3442 1605 3616 1668 urge-

1957 1676 2106 1734 bant
2138 1695 2152 1745 ;
2179 1682 2238 1734 et
2260 1676 2338 1734 ab
2367 1678 2500 1752 ipsa
2547 1678 2970 1736 Thessalonica
3013 1679 3251 1735 initium
3306 1678 3612 1744 facientes,

1959 1770 2025 1822 ut
2077 1782 2214 1824 eam
2296 1767 2408 1824 sibi
2481 1771 2540 1822 et
2620 1767 2915 1840 reliquam
2989 1784 3234 1824 omnem
3309 1768 3615 1840 regionem

1959 1855 2182 1929 Cpolim
2216 1872 2407 1930 usque
2448 1857 2775 1936 imperator
2823 1857 3194 1928 concederet,
3260 1856 3614 1930 poscebant.

1958 1944 2059 2000 His
2100 1945 2322 2002 auditis
2385 1945 2712 2018 imperator
2775 1961 3133 2018 responsum
3187 1945 3458 2018 lepidum
3523 1961 3616 2002 sa-

1955 2049 2030 2090 ne
2098 2049 2292 2108 neque
2356 2034 2744 2090 invenustum
2801 2033 2988 2092 dedit.
3051 2037 3194 2092 Eam
3241 2034 3462 2090 scilicet
3515 2049 3614 2089 ur-

1957 2121 2096 2178 bem
2110 2123 2200 2178 sui
2212 2123 2468 2194 patriam
2497 2125 2540 2194 ι
2552 2124 2603 2196 7
2615 2123 2668 2195 3
2687 2122 3144 2196 quodammodo
3157 2139 3286 2182 esse
3310 2142 3324 2190 ;
3343 2123 3405 2180 in
3426 2138 3498 2178 ea
3512 2136 3617 2194 pa-

1956 2215 2104 2266 trem
2158 2228 2358 2277 suum,
2411 2227 2592 2284 quem
2654 2212 2770 2285 ipsi
2825 2213 3050 2282 optime
3106 2215 3418 2276 noverant,
3475 2225 3614 2267 ma-

1957 2317 2145 2371 gnum
2169 2301 2566 2358 domesticum
2599 2301 3003 2375 principatum
3044 2300 3395 2372 obtinuisse,
3450 2299 3513 2356 in
3541 2313 3614 2381 ea

1954 2390 2088 2446 vitae
2108 2391 2292 2446 ﬁnem
2317 2390 2545 2455 fecisse,
2577 2390 2637 2446 in
2663 2406 2852 2464 eaque
2874 2389 3128 2446 cadaver
3167 2389 3323 2446 illius
3352 2388 3614 2462 sepnltu-

1955 2494 2036 2534 rae
2068 2479 2445 2536 mandatum.
2477 2479 2791 2544 Quomodo
2808 2479 3010 2550 itaque
3042 2494 3114 2544 ea
3138 2478 3284 2534 urbs
3306 2485 3472 2536 extra
3500 2497 3610 2553 po-

1955 2572 2226 2645 testatem
2283 2584 2482 2622 meam
2561 2566 2776 2622 fuerit?
2803 2567 3067 2622 Audiunt
3125 2567 3353 2636 legati:
3413 2569 3613 2628 adhuc

1954 2645 2156 2713 tamen
2179 2647 2411 2730 pruritu
2425 2657 2660 2712 aurium
2682 2655 2883 2728 aliqua
2904 2671 3336 2712 concessurum
3353 2655 3611 2730 impera-

1953 2750 2135 2802 torem
2154 2745 2798 2818 sperabant,etmutata
2808 2745 3076 2801 oratione
3081 2762 3134 2815 ,α
3149 2745 3351 2814 Igitur,
3380 2768 3407 2796 »
3423 2747 3608 2822 aiunt,

1952 2857 1979 2885 «
2011 2835 2356 2907 imperator,
2387 2834 2648 2890 concede
2679 2832 2856 2888 nobis
2887 2833 2964 2888 ab
2990 2834 3174 2890 Serris
3202 2835 3352 2907 ipsis
3379 2835 3614 2910 reliqua

1948 2925 2276 2996 possidere.
2303 2946 2330 2974 »
2361 2923 2768 2995 Etimperator
2791 2940 2803 2978 :
2830 2945 2858 2974 «
2881 2925 3081 2994 Neque
3104 2923 3264 2994 juste
3293 2939 3489 2997 neque
3511 2926 3616 2983 de.

1949 3019 2150 3068 center
2187 3013 2316 3068 haec
2347 3010 2688 3083 postulatis.
2718 3010 2983 3082 primum
3015 3010 3175 3066 enim
3201 3010 3260 3065 in
3287 3026 3360 3066 ea
3385 3027 3422 3067 a
3467 3011 3612 3070 bea-

1949 3107 2023 3156 tae
2038 3100 2713 3171 memoriaeqimperatore
2726 3101 2941 3170 patruo
2955 3113 3090 3152 meo
3100 3097 3214 3153 loci
3231 3099 3610 3158 dominatum

1950 3190 2157 3259 habui,
2181 3189 2294 3244 illic
2320 3187 2747 3243 dominationis
2785 3201 2934 3241 mere
2956 3185 3357 3252 exordia,illic
3387 3187 3608 3246 militiae

1950 3281 2147 3352 prima
2175 3277 2546 3333 incunabula
2579 3281 2672 3343 ;et
2687 3275 2820 3332 loco
2844 3280 3133 3348 tanquam
3174 3275 3452 3332 familiari
3480 3277 3608 3336 solo

1951 3369 2232 3424 delector.
2272 3365 2440 3422 Haud
2472 3366 2672 3438 itaque
2730 3364 2838 3420 erit
2884 3379 3082 3436 operae
3129 3365 3388 3438 pretium
3438 3365 3608 3424 illum

1953 3458 2240 3514 amittere.
2285 3478 2312 3506 »
2347 3454 2545 3524 Legati
2583 3453 2658 3509 de
2689 3457 2821 3509 loco
2851 3453 2913 3510 in
2942 3453 3144 3510 locum
3170 3453 3327 3510 facili
3367 3456 3609 3526 negotio

1955 3561 2293 3601 sermonem
2316 3547 2680 3612 convertere,
2716 3548 2771 3598 et
2808 3558 2948 3598 cum
2995 3542 3140 3598 nihil
3189 3542 3500 3611 haberent,
3559 3543 3609 3600 si

1952 3635 2100 3710 quid
2123 3634 2568 3707 impetrassent,
2608 3648 2679 3688 eo
2708 3636 3021 3688 contentos
3067 3647 3216 3700 esse,
3247 3649 3319 3689 ac
3349 3634 3397 3689 si
3425 3634 3610 3691 victo-

1950 3727 2099 3782 riam
2115 3724 2369 3779 fuissent
2382 3722 2682 3778 consecuti
2696 3765 2708 3776 .
2721 3723 2894 3788 Et,«0
2911 3723 3269 3794 imperator»
3284 3723 3606 3796 excipiunt,

1954 3836 1982 3866 ‹‹
2012 3813 2222 3870 saltem
2242 3811 2417 3867 nobis
2438 3827 2469 3865 e
2501 3809 2705 3867 Bolero
2721 3809 2800 3866 ad
2816 3815 3024 3866 nostra
3062 3809 3356 3882 permitte.
3391 3833 3419 3860 »
3459 3814 3608 3867 Tum

1953 3904 2297 3976 imperator,
2321 3923 2349 3950 ι(
2383 3900 2503 3954 Illis
2531 3900 2591 3955 in
2620 3899 2764 3954 locis
2785 3899 3113 3971 saepissime
3133 3899 3436 3955 venationi
3463 3915 3607 3972 ope-

1950 4008 2079 4048 ram
2104 3990 2262 4059 dedi,
2295 3995 2352 4046 et
2399 3987 2820 4043 venationibus
2849 4003 2970 4042 non
3027 3987 3181 4042 male
3240 3988 3324 4043 uti
3378 3987 3440 4042 in
3493 3987 3606 4042 illis

1951 4079 2302 4154 aprehendi.
2356 4078 2677 4148 Indignum
2742 4078 2944 4148 itaque
3011 4076 3243 4132 videtur
3290 4076 3436 4132 locis
3491 4075 3606 4132 illis

1949 4169 2310 4234 renuntiare,
2342 4167 2443 4222 ubi
2473 4183 2679 4222 rursus
2707 4164 3004 4222 venationi
3031 4164 3379 4220 incumbere
3417 4165 3606 4236 gestio

1952 4265 2008 4316 et
2036 4259 2298 4316 ferarum
2329 4255 2591 4329 capturis
2630 4254 2904 4310 animum
2952 4253 3269 4310 oblectare.
3325 4275 3355 4305 »
3411 4253 3606 4320 «Quid

1950 4348 2128 4420 igitur
2152 4347 2329 4403 nobis
2356 4345 2551 4402 donas
2571 4345 2599 4400 ?
2630 4367 2659 4394 »
2687 4342 2865 4414 legati
2903 4342 3246 4416 imperatori
3283 4341 3608 4416 responde-

1950 4443 2110 4494 runt.
2139 4456 2168 4490 α
2197 4439 2318 4508 Ego
2347 4433 2617 4507 quidem,
2646 4453 2676 4481 »
2696 4431 2826 4487 inﬁt
2852 4431 3198 4504 imperator,
3236 4453 3264 4482 «
3290 4430 3457 4486 nihil.
3492 4431 3604 4487 Sed

1953 4529 2001 4586 si
2025 4543 2236 4600 pacem
2259 4541 2332 4581 ex
2352 4539 2448 4579 me
2467 4522 2691 4578 habere
2712 4520 3128 4592 concupiscitis
3141 4519 3318 4592 (bene
3341 4535 3606 4592 namque

1951 4634 2049 4674 me
2075 4616 2346 4684 nostis,et
2363 4611 2509 4684 quid
2540 4609 2865 4683 pugnando
2889 4608 3126 4665 valeam
3153 4626 3167 4678 ;
3187 4609 3437 4682 jamque
3459 4609 3604 4664 satis

1952 4705 2239 4762 didicistis
2251 4719 2389 4760 cum
2406 4699 2685 4772 Bithyniae
2706 4700 2748 4768 ι
2760 4698 2809 4768 ⁵1
2823 4697 2878 4770 ﬁ.
2889 4698 3227 4770 Tarsiteque
3237 4713 3437 4753 rerum
3455 4697 3605 4768 poti-

1951 4805 2066 4860 rer,
2080 4803 2346 4861 quanam
2365 4786 2494 4856 ipse
2506 4784 2735 4840 ratione
2746 4781 2902 4838 bello
2921 4781 3287 4854 conﬂigam),
3301 4781 3439 4836 volo
3459 4781 3608 4836 Lati-

1951 4894 2084 4940 nos,
2112 4875 2217 4948 qui
2239 4873 2403 4946 Cpoli
2423 4877 2581 4938 sunt,
2597 4870 3134 4942 Romanoimperio
3151 4885 3276 4926 eam
3299 4885 3368 4924 ex
3383 4868 3603 4924 tributo

1951 4969 2184 5040 partem
2248 4959 2588 5034 persolvant
2641 4974 2777 5031 qua:
2828 4956 3166 5014 introitibus
3214 4955 3603 5029 proportione

1949 5052 2332 5127 respondeat.
2365 5052 2499 5105 Haec
2542 5048 2591 5102 si
2647 5052 2930 5120 prmstare
2985 5045 3336 5113 annueritis,
3387 5062 3602 5118 pacem

1951 5157 2290 5216 compono;
2314 5140 2405 5195 sin
2435 5137 2655 5205 minus,
2675 5149 2946 5209 pugnam
2961 5135 3150 5204 edico,
3172 5151 3310 5210 quae
3344 5137 3463 5192 Deo
3501 5152 3606 5204 au-

1955 5267 2207 5341 Leonis
2255 5261 2490 5333 Allatii
2535 5270 2740 5330 notae.

2017 5413 2130 5484 (82)
2152 5417 2263 5464 Τῶν
2293 5426 2597 5484 κομερκιων.
2638 5405 3160 5484 Commercz'orum.
3219 5405 3344 5484 Ἶρι
3395 5402 3604 5484 lingua

1947 5473 2075 5564 {qia
2092 5473 2388 5564 κομερκιοξ-
2408 5473 2921 5564 ὲὶγθηκομμίρκιον,
2969 5477 3406 5533 commercium.
3459 5473 3602 5530 Vide

1949 5551 2318 5616 Glossarium
2339 5551 2595 5610 Meursii.
2631 5552 2842 5608 Dousa.
