4042 6214
198 328 239 380 1
258 328 363 382 205

1730 324 2072 383 ANNALES.

3447 330 3585 386 1206

193 450 363 503 ἔθετο
398 470 413 484 ν
434 470 462 500 ‹‹
492 447 811 501 ’Υπετόπασε
841 469 869 496 ››
896 444 978 519 [Ρ.
1009 446 1101 520 97]
1140 450 1242 521 γὰρ
1309 447 1532 523 εἴρηκεν,
1586 469 1615 497 ‹‹
1674 449 1825 512 οὗτος

1932 450 2223 508 referebat
2251 470 2263 507 :
2302 474 2325 502 ι
2358 455 2556 526 Neque
2587 457 2744 513 enim
2769 456 3055 513 decorum
3078 456 3160 513 illi
3225 456 3585 517 videbantur

194 540 292 602 ὡς
316 539 376 592 οὐ
405 536 560 591 καλὸν
587 535 701 590 ἐστι
734 540 824 598 τὰς
853 536 990 599 κλεῖς
1048 556 1110 609 με
1158 547 1257 590 τῶν
1301 545 1393 600 τῆς
1446 537 1639 600 πόλεως
1700 559 1822 591 κατ-

192 630 364 700 έχειν
426 626 620 693 πυλῶν,
675 628 765 678 καὶ
813 622 907 678 διὰ
963 633 1131 678 ταῦτα
1182 626 1354 698 εἲληφε
1386 629 1578 687 ταύτας
1642 627 1818 691 αὐτὸς,

191 720 311 769 icui
332 712 368 769 δ
395 717 430 768 ἀ
455 721 608 768 τοῦτο
638 715 800 787 ἔγωγε
827 718 945 787 περὶ
972 718 1032 767 τό
1073 716 1217 789 ἔργον
1270 710 1535 772 ἀδυνατώ,
1598 737 1624 764 ››
1681 716 1820 769 Ἐπεὶ

190 802 311 858 οὖν
335 805 576 879 καθαρῶς
622 806 718 861 τὴν
764 810 856 856 τοῦ
907 804 1179 877 ἀνθρώπου
1223 802 1428 861 ἀπάτην
1489 802 1763 875 ἕπεγνὼκει
1792 806 1819 857 6

192 890 488 966 βασιλεὺς,
511 891 651 965 ἐξῄει
677 898 773 944 τοῦ
819 894 1000 944 τόπου.
1064 891 1197 947 Καθ’
1241 887 1364 945 ὀδόν
1406 888 1464 945 δε
1516 899 1654 966 τρεῖς
1694 897 1817 967 πρέο

196 981 363 1043 σϐεις
384 981 590 1054 εἰρήνην
617 979 886 1042 αἰτοῦντας
920 983 1049 1053 πρὸς
1069 983 1157 1033 τὸν
1215 979 1440 1054 βασιλέα
1493 982 1543 1033 οἰ
1601 984 1815 1035 Λατῖνοι

188 1074 575 1143 πεπόμφασιν.
632 1068 690 1122 ⁸0
745 1065 805 1122 δε
864 1066 1113 1142 βασιλεὺς
1173 1074 1423 1128 πεποίηκε
1475 1072 1687 1139 ταύτην,
1748 1070 1815 1131 εἰς

1932 554 2120 612 penes
2152 557 2265 605 me,
2298 564 2324 590 »ι
2351 541 2547 599 aiebat
2576 543 2690 614 ille,
2727 568 2755 595 ‹‹
2788 545 2985 603 claves
3016 545 3180 603 urbis
3210 561 3363 617 esse,
3420 546 3589 604 ideo-

1929 645 2047 701 que
2079 645 2181 685 eas
2211 630 2475 695 abstulit,
2508 638 2566 689 et
2594 650 2738 705 ergo
2769 650 2922 707 opus
2948 634 3229 707 perﬁcere
3255 651 3512 709 nequeo.
3554 660 3583 689 η

1931 716 2022 775 Sic
2048 716 2253 774 fraude
2282 719 2543 776 hominis
2573 722 2750 793 plane
2781 722 3013 780 detecta
3068 725 3396 797 imperator
3452 725 3587 783 loco

1927 806 2244 875 egreditur.
2282 811 2343 864 in
2366 809 2575 867 itinere
2605 816 2722 867 tres
2750 812 2926 883 legati
2953 828 2989 869 a
3021 812 3237 870 Latinis
3261 813 3338 869 ad
3397 814 3584 887 impe-

1923 900 2183 952 ratorem
2208 897 2375 953 missi
2406 914 2618 971 pacem
2640 906 2880 972 petunt:
2903 917 3088 974 quam
3106 902 3220 959 illis
3251 907 3579 975 imperator

1922 999 2046 1040 non
2070 1001 2190 1041 uno
2210 987 2469 1059 amplius
2485 1004 2646 1045 anno
2669 990 2977 1057 concessit,
2996 1007 3135 1048 cum
3152 1007 3247 1048 res
3271 1007 3480 1049 eorum
3510 991 3572 1048 in

1920 1078 2249 1131 extremum
2277 1076 2406 1146 jam
2429 1076 2748 1134 discrimen
2767 1077 3135 1137 adduxisset.

190 1162 453 1213 ἐνιαυτόν
485 1156 544 1212 δε
572 1164 663 1211 καὶ
719 1163 872 1231 μόνον
927 1160 1035 1221 ἕνα,
1083 1158 1131 1211 έν
1191 1166 1351 1230 στενῷ
1392 1156 1587 1233 κομιδῆ
1639 1158 1948 1233 ἓπισφέγξας
1974 1166 2176 1225 τούτοις
2199 1166 2263 1217 τὰ
2298 1167 2603 1239 πράγματα.

289 1244 398 1303 πό.
432 1250 760 1321 Διαπεράσας
795 1255 921 1319 γοῦν
977 1249 1027 1283 ⁷³
1084 1248 1111 1300 6
1165 1245 1411 1322 βασιλεὺς
1456 1252 1543 1301 τόν
1606 1248 1816 1306 Ἑλλήσ-

192 1357 401 1391 ποντον
426 1340 490 1390 τὰ
536 1347 637 1390 τῶν
705 1342 894 1409 Πηγῶν
941 1335 1189 1390 κατελαϐε
1244 1341 1398 1412 μέρη,
1450 1336 1660 1390 κάκεῖσε
1724 1340 1816 1399 τας

199 1424 501 1501 διατριϐὰς
565 1425 807 1482 ἐποιεῖτο.
858 1426 1000 1480 Ἐπεὶ
1062 1423 1122 1479 δε
1174 1427 1200 1478 6
1257 1433 1351 1478 τοῦ
1407 1429 1580 1500 θέρους
1628 1431 1816 1500 παρῄει

192 1516 421 1590 καιρός,
454 1515 581 1569 ἀλλά
609 1534 668 1588 γε
720 1511 789 1574 δὴ
848 1521 938 1569 καὶ
995 1517 1020 1567 6
1076 1524 1173 1578 τῆς
1230 1515 1432 1591 ὀπώρας
1488 1514 1664 1591 έρρύη,
1719 1524 1818 1568 τῶν

194 1609 464 1659 τοιούτων
494 1606 697 1679 ἀπάρας
724 1610 914 1679 χώρων
942 1607 1069 1679 πρὸς
1101 1609 1194 1663 τὴν
1246 1603 1299 1667 ἐξ
1345 1606 1490 1665 ἱθους
1549 1604 1663 1677 (98)
1708 1611 1820 1665 τοῖς

198 1692 527 1769 βασιλεῦσιν
558 1695 720 1747 οὖσαν
755 1692 1069 1762 ἀνάπαυσιν,
1124 1691 1177 1756 έξ
1223 1694 1342 1745 ὅτου
1394 1702 1489 1755 τῆς
1548 1699 1819 1746 Κωνσταν-

194 1788 358 1838 τίνου
423 1788 701 1856 γεγόνασιν
762 1784 1051 1855 ὑπερόριοι,
1135 1786 1449 1840 κατηντήκει
1522 1785 1581 1834 τό
1673 1784 1819 1855 Νύμ-

198 1891 385 1944 φαιον.
445 1871 564 1944 Ἔμὶ
614 1868 676 1924 δε
724 1874 851 1945 πρὸς
910 1870 997 1922 τὸν
1049 1871 1291 1944 ἄρχοντα
1346 1879 1442 1930 τῆν
1514 1869 1816 1942 Βουλγάρων

198 1974 608 2023 Κωνσταντῖνον
679 1966 909 2043 πρέσϐυν
992 1965 1330 2040 ἐκπέπομφεν.
1412 1966 1623 2040 Ἀπῄειν
1691 1974 1815 2040 γοῦν

195 2060 343 2134 πρὸς
371 2057 548 2123 αὐτὸν,
580 2061 670 2110 καὶ
700 2050 985 2110 διεϐίϐασα
1017 2055 1127 2130 μετ’
1155 2056 1316 2108 αὐτοῦ
1375 2057 1570 2130 ἡμέρας
1622 2058 1769 2118 τινὰς
1797 2075 1809 2088 ·

204 2149 402 2220 ἔτυχον
420 2149 522 2222 γὰρ
544 2149 661 2199 τότε
689 2150 779 2198 καὶ
823 2147 1126 2219 ἑορτάσιμοι
1172 2153 1265 2198 τοῦ
1314 2152 1548 2220 Χριστοῦ
1601 2146 1813 2219 ἡμέραι,

207 2240 249 2296 ἧ
287 2255 344 2290 τε
381 2245 481 2289 τῶν
534 2234 802 2308 γενεθλίων
854 2240 945 2287 καὶ
1012 2236 1044 2293 ἠ
1104 2235 1196 2287 τοῦ
1254 2233 1642 2308 βαπτίσματος.
1766 2235 1815 2286 οἱ

207 2333 316 2379 τῶν
398 2324 703 2398 Βουλγάρων
779 2324 1035 2397 ἄρχοντες
1100 2322 1487 2398 λαμπρύνονται
1561 2322 1810 2396 μάλιστα,

210 2419 307 2467 καὶ
326 2412 556 2467 ἐϐούλετο
585 2415 611 2466 6
645 2421 744 2466 τῶν
764 2411 1070 2485 Βουλγάρων
1116 2413 1300 2486 ἄρχων
1357 2417 1472 2465 τότε
1535 2418 1814 2465 Κωνσταν-

212 2509 354 2563 τίνος
386 2506 560 2575 σφίσιν
606 2501 785 2564 αὐτοῖς
843 2501 1072 2554 σύνεῖναι
1128 2504 1262 2573 καμε
1320 2505 1411 2553 xui.
1457 2502 1642 2558 θεατὴν
1680 2504 1812 2572 γενέ-

220 2592 350 2644 σθαι
402 2599 501 2643 τῶν
551 2589 878 2663 τελουμένων.
944 2593 1023 2642 Τὰ
1058 2593 1481 2665 προστεταγμένα
1544 2608 1635 2662 μοι
1688 2597 1814 2660 γοῦν

213 2679 603 2753 πληρώσαςτοῦ
625 2677 874 2752 Τρινόϐου
927 2677 1114 2751 ἐξῄειν,
1170 2684 1260 2730 καὶ
1314 2682 1440 2754 πρὸς
1503 2681 1596 2730 τόυ
1646 2676 1813 2751 βασι-

210 2764 305 2821 λέα
334 2766 516 2841 ἀπῄειν
546 2766 595 2820 ἐν
656 2776 728 2820 τῶ
778 2772 1038 2841 Νυμφαίῳ
1098 2763 1371 2839 διάγοντα.
1435 2766 1634 2820 Ἐκείσε
1687 2774 1813 2838 γοῦν

210 2856 241 2909 ὀ
296 2855 546 2931 βασιλεὺς
593 2862 963 2933 παρεχείμεσε,
1023 2861 1113 2910 καὶ
1197 2855 1583 2929 ἐπιλάμψαντος
1665 2854 1813 2930 ἔαρος

209 2952 307 2998 τοῦ
358 2950 637 3019 Νυμφαίου
686 2944 844 3019 ἒξῄει,
889 2951 984 3004 τὴν
1029 2945 1272 3019 λαμπρὰν
1332 2953 1429 3005 τῆς
1483 2943 1812 3006 ἀναστάσεως

207 3041 310 3087 τοῦ
370 3039 555 3111 κυρίου
597 3036 793 3110 ἡμέραν
859 3036 1218 3110 προεορτάσας
1260 3052 1309 3086 εν
1386 3041 1459 3104 τῷ
1532 3037 1807 3106 Νυμφαίῳ.

207 3122 438 3199 Ἡμέρας
469 3121 529 3177 δὲ
579 3142 722 3186 τινας
773 3122 822 3176 ἐν
881 3132 992 3186 τοῖς
1048 3122 1281 3185 Φλεϐἰοις
1324 3119 1664 3188 διαϐιϐάσας,
1727 3121 1810 3175 ἐπὶ

208 3218 371 3265 τόπον
427 3213 563 3265 οὓτω
605 3232 711 3274 πως
765 3211 1209 3286 ἐπονομαζόμενον
1268 3211 1599 3283 κλυζομένην
1659 3208 1809 3264 ἀπελ-

213 3302 316 3353 θὼν
354 3298 574 3364 έπήξατο
616 3303 711 3364 τὰς
768 3304 979 3362 σκηνὰς.
1032 3302 1229 3355 Ἐκείσε
1275 3304 1363 3352 καὶ
1417 3303 1520 3374 γὰρ
1568 3299 1811 3352 εἰώθασιν

206 3392 262 3443 οἱ
293 3387 529 3462 βασιλεῖς
569 3397 660 3442 τοῦ
724 3394 999 3463 Νυμφαίου
1044 3388 1258 3452 έξιόντες
1311 3386 1663 3463 χρονοτριϐεῖν
1722 3392 1813 3441 καὶ

206 3480 270 3530 τό
300 3477 449 3530 πλέον
473 3485 566 3531 τοῦ
596 3477 798 3553 έαρινοῦ
853 3476 1188 3553 παραμείϐειν
1244 3484 1448 3552 καιροῦ*
1511 3477 1537 3529 6
1600 3496 1654 3529 τε
1707 3479 1809 3550 γὰρ

205 3570 370 3629 τόπος
414 3562 600 3629 πεδιὰς
660 3566 794 3629 ἄπας
848 3572 939 3620 καὶ
976 3571 1168 3641 χόρτον
1232 3564 1618 3640 προϐεϐλημένη
1692 3565 1814 3619 πολ-

204 3654 320 3717 λοῖς
380 3653 639 3729 ἀρκοῦντα
702 3663 813 3720 τοῖς
891 3658 1089 3723 ἵπποις,
1161 3654 1483 3730 κατάρρυτος
1560 3651 1619 3708 δε
1682 3675 1810 3727 τυγ-

207 3745 366 3816 χάνει
420 3749 510 3797 καὶ
560 3740 774 3811 ὒδασιν,
844 3745 1003 3817 ἐγγὺς
1079 3740 1140 3797 δὲ
1220 3746 1380 3796 αὑτοῦ
1457 3750 1638 3816 κώμας
1699 3746 1812 3817 ῖχνι

204 3830 405 3895 πολλὰς
451 3838 542 3886 καὶ
599 3833 792 3897 πόλεις,
860 3832 913 3897 ἐξ
969 3834 1039 3885 ὧν
1096 3829 1296 3904 δαψιλῆ
1356 3834 1692 3891 καθειστήκει
1745 3837 1811 3886 τὰ

208 3921 451 3995 Canupr
497 3920 694 3974 Ἐκεῐσε
741 3924 843 3997 γὰρ
898 3924 1036 3981 ὄντος
1112 3928 1206 3972 τοῦ
1277 3918 1537 3993 βασιλέως
1622 3925 1713 3973 καὶ
1782 3922 1810 3972 ό

211 4007 646 4083 σεϐαστοκράτωρ
733 4011 760 4061 6
859 4014 1127 4084 Τορνίκιος
1221 4007 1277 4060 έκ
1382 4017 1477 4071 τῆς
1578 4014 1809 4062 Νικαέων

208 4093 593 4169 ὶπιδεδήμηκε,
627 4102 717 4149 καὶ
745 4093 821 4149 δι’
877 4096 1040 4169 ὄχλου
1097 4104 1160 4169 τῇ
1222 4094 1434 4170 βασιλεῖ
1488 4100 1663 4168 γέγονε
1716 4092 1810 4149 διὰ

205 4204 298 4238 τον
326 4187 932 4260 προπατριαρχεύσαντα
962 4187 1249 4258 Ἀρσένιον.
1286 4184 1346 4238 Ὀ
1402 4187 1504 4259 ’γὰρ
1556 4204 1807 4260 πατριαρ-

204 4276 369 4344 χικὸς
419 4271 641 4347 έχήρευε
696 4275 893 4347 θρόνος,
969 4282 1061 4326 τοῦ
1111 4276 1595 4346 πατριαχεύσαντος
1647 4279 1809 4331 Νικη-

1997 1252 2082 1308 84.
2116 1254 2297 1323 Igitur
2326 1254 2650 1327 imperator
2676 1255 3124 1328 Hellespontum
3178 1261 3342 1315 trans
3402 1258 3573 1331 abiit,

1925 1346 1980 1396 et
2012 1344 2297 1410 Pegarum
2327 1350 2544 1415 partes,
2578 1343 2683 1400 ubi
2720 1346 2886 1417 187
2914 1361 3116 1402 moras
3142 1346 3432 1416 trahebat,
3461 1363 3566 1403 oc-

1925 1436 2125 1501 cupat.
2156 1431 2300 1486 Cum
2328 1447 2466 1487 vero
2488 1436 2669 1488 testas
2696 1433 3092 1506 praeterlapsa
3106 1432 3315 1492 fuisset
3336 1451 3573 1492 necnon

1925 1519 2197 1575 autumni
2218 1525 2458 1592 tempus
2483 1521 2861 1591 excurrisset,
2913 1522 3053 1579 inde
3114 1522 3432 1579 discedens
3492 1524 3575 1581 ad

1924 1607 2663 1682 quietemimperatoribus
2690 1609 2765 1667 de
2790 1626 2977 1679 more,
3005 1627 3075 1667 ex
3112 1626 3185 1668 eo
3241 1628 3364 1685 quo
3412 1612 3576 1686 Cpoli

1926 1702 2189 1753 extorres
2224 1702 2494 1769 tempore
2558 1699 2942 1769 oberrabant,
2971 1700 3355 1762 destinatam.
3388 1703 3572 1772 Nym-

1925 1787 2166 1860 phaeum
2192 1788 2480 1861 pervenit.
2509 1790 2592 1845 Me
2620 1803 2801 1861 porro
2830 1788 2909 1846 ad
2941 1789 3401 1847 Constantinum
3442 1790 3575 1847 Bul-

1924 1890 2205 1944 garorum
2240 1876 2563 1948 principem
2595 1877 2856 1950 legatum
2890 1878 3082 1935 mittit.
3112 1878 3265 1945 Abii,
3324 1884 3381 1935 et
3430 1894 3574 1935 cum

1921 1979 1993 2019 eo
2018 1980 2126 2036 per
2152 1963 2385 2036 aliquos
2408 1965 2535 2021 dies
2554 1969 2825 2021 versatus
2854 1982 3010 2035 sum,
3036 1969 3306 2038 Namque
3325 1982 3398 2022 ea
3418 1972 3570 2022 tem-

1920 2058 2144 2128 pestate
2174 2054 2303 2110 festi
2337 2055 2461 2110 dies
2484 2054 2695 2111 Christi
2724 2055 3018 2112 natalium
3043 2055 3122 2112 ad
3163 2056 3566 2128 baptismatis,

1920 2141 2142 2214 quibus
2164 2141 2553 2210 Bulgarorum
2586 2144 2886 2216 principes
2914 2142 3427 2213 magnificentiam
3471 2158 3570 2200 os-

1920 2234 2168 2296 tentant,
2198 2229 2656 2287 celebrabantur
2677 2249 2696 2302 ;
2721 2230 2976 2304 ideoque
3001 2231 3390 2302 Bulgarorum
3411 2231 3571 2305 prin-

1921 2334 2061 2390 ceps
2094 2319 2537 2385 Constantinus,
2564 2325 2628 2375 ut
2646 2336 2782 2375 cum
2805 2318 2889 2375 eis
2906 2325 3047 2376 tunc
3061 2320 3336 2377 oculatus
3358 2335 3569 2377 eorum

1920 2422 2056 2479 quae
2084 2407 2308 2463 ﬂebant
2337 2413 2637 2480 spectator
2664 2408 2961 2476 adessem,
2993 2409 3267 2480 cogebat.
3294 2409 3573 2471 Mandata

1922 2495 2122 2568 itaque
2140 2496 2286 2552 mihi
2301 2497 2585 2569 imposita
2604 2502 2922 2554 exsecutus
2943 2496 3201 2554 Trinobo
3225 2514 3393 2555 exeo.
3415 2502 3474 2554 et
3493 2497 3571 2555 ad

1921 2584 2341 2656 imperatorem
2371 2591 2513 2640 tunc
2545 2585 2853 2658 Nymphtei
2886 2590 3289 2654 cunctantem,
3340 2586 3403 2642 in
3448 2602 3572 2660 quo

1921 2678 1978 2728 et
1997 2672 2433 2741 hibernaverat,
2452 2690 2549 2729 me
2570 2673 2837 2731 confero.
2857 2678 3098 2731 Ineunte
3112 2690 3249 2732 vere
3268 2674 3366 2732 ille
3386 2678 3575 2748 Nym-

1921 2761 2096 2833 phaeo
2122 2762 2441 2831 egreditur,
2461 2762 2627 2835 prius
2651 2761 2874 2819 ibidem
2895 2763 3033 2819 laeto
3051 2780 3122 2819 ac
3144 2763 3462 2837 splendido
3480 2779 3574 2821 re-

1920 2850 2300 2906 surrectionis
2333 2851 2650 2906 Dominicas
2680 2851 2777 2907 die
2824 2851 3257 2909 concelebrato.
3320 2855 3389 2910 Et
3420 2852 3573 2931 .dies

1921 2937 2150 3009 aliquot
2171 2937 2423 2993 Phlebiis
2453 2939 2607 3009 egit;
2630 2939 2769 2995 inde
2797 2940 2873 2995 ad
2898 2940 3098 2996 locum
3154 2940 3571 3012 Clyzomenem

1874 3008 2146 3082 idictum
2185 3028 2430 3082 veniens
2485 3008 2743 3083 tentoria
2792 3027 3044 3085 collocat
3094 3045 3108 3083 :
3165 3008 3432 3101 namque
3482 3027 3570 3087 ibi

1919 3115 2250 3187 Nymphaeo
2274 3121 2560 3171 exeuntes
2588 3121 2823 3187 tempus
2853 3120 3157 3171 conterere
3176 3121 3233 3171 et
3260 3115 3418 3171 veris
3442 3114 3566 3186 ple-

1916 3218 2174 3274 rumque
2204 3218 2380 3271 agere
2400 3204 2790 3275 imperatores
2810 3209 3143 3259 sueverant.
3172 3205 3434 3276 Campus
3456 3218 3566 3259 un-

1918 3291 2099 3364 dique
2130 3290 2370 3363 planitie
2389 3292 2664 3359 excurrit,
2693 3307 2842 3363 agro
2861 3291 3031 3349 fertili
3058 3297 3238 3366 atque
3279 3292 3564 3360 herboso,

1918 3381 2022 3454 qui
2049 3382 2324 3452 plurimis
2345 3381 2515 3454 equis
2553 3381 2729 3453 188
2751 3380 2980 3437 alendis
3032 3380 3350 3448 suffecerit,
3391 3382 3567 3455 aquis

1918 3470 2165 3540 irriguo.
2181 3476 2238 3525 et
2264 3469 2587 3526 multorum
2607 3472 2878 3526 vicorum
2897 3486 2968 3527 ac
2990 3470 3229 3528 urbium
3244 3471 3565 3540 vicinitate;

1921 3559 2081 3614 unde
2101 3559 2239 3615 vitae
2260 3560 2597 3617 necessaria
2609 3559 2921 3617 afﬂuenter
2931 3560 3408 3634 suppeditantur,
3429 3575 3570 3634 per-

1920 3654 2282 3719 opportuno.
2308 3651 2370 3702 In
2400 3663 2472 3703 eo
2510 3664 2649 3704 cum
2698 3652 2857 3705 esset
2902 3649 3249 3722 imperator,
3299 3649 3570 3706 sebasto-

1920 3742 2118 3792 crator
2144 3735 2448 3792 Tornicius
2477 3737 2669 3794 Nicaea
2694 3737 2987 3795 accedens
3008 3754 3117 3811 pro
3151 3738 3570 3812 expatriarcha

1920 3825 2170 3882 Arsenio
2199 3824 2469 3881 modeste
2488 3830 2906 3898 imperatorem
2936 3833 3128 3898 rogat,
3168 3827 3567 3900 patriarchale

1919 3912 2217 3985 siquidem
2241 3913 2459 3968 solium
2491 3914 2821 3986 Nicephoro
2848 3916 3205 3988 patriarcha,
3235 3916 3339 3988 qui
3367 3917 3429 3972 in
3459 3930 3569 3987 pa-

1919 4002 2134 4058 triarcb
2141 4002 2231 4057 ale
2244 4002 2479 4058 culmen
2492 4018 2564 4057 ex
2581 4003 2874 4074 Ephesino
2886 4004 3263 4077 metropolita
3282 4003 3567 4060 ascende-

1918 4097 2028 4157 rat,
2044 4108 2113 4147 ex
2132 4097 2364 4147 terreno
2380 4092 2455 4147 ad
2475 4091 2740 4148 caelestia
2758 4098 3202 4165 promoto,cum
3214 4108 3324 4149 nec
3335 4093 3566 4164 integro

1916 4196 2079 4236 anno
2094 4180 2517 4252 patriarcbatui
2532 4180 3119 4252 praefuisset,sessore
3130 4180 3566 4238 destituebatur

1917 4271 2203 4325 Arsenius
2232 4269 2309 4323 ad
2341 4270 2701 4341 imperatore
2727 4269 3046 4327 Theodoro
3066 4271 3123 4326 in
3154 4270 3563 4343 patriarcham

204 4365 389 4435 φόρου,
453 4361 509 4424 ὃς
574 4360 675 4413 ἀπὸ
733 4371 829 4422 τῆς
884 4363 1102 4433 Ἐφέσου
1161 4362 1232 4423 εἰς
1278 4365 1361 4413 τόν
1417 4365 1808 4435 πατριαρχικόν

1922 4358 2105 4414 fuerat
2135 4359 2375 4423 electus,
2403 4358 2488 4413 vir
2516 4364 2571 4413 et
2594 4358 2774 4416 verbo
2800 4366 2858 4416 et
2875 4374 3056 4432 opere
3092 4375 3280 4433 quam
3335 4359 3565 4417 dexter-

204 4451 448 4522 μετετέθη
508 4452 706 4524 θρόνον,
754 4448 1046 4525 ἀπάραντος
1110 4460 1210 4502 τῶν
1266 4445 1465 4502 ἐνθένδε
1546 4469 1676 4523 προς
1743 4454 1808 4503 τὰ

206 4538 444 4609 οὐράνια,
477 4535 616 4611 μηδε
641 4539 712 4601 εἰς
736 4539 849 4592 ὅλον
874 4536 1074 4610 σχεδόν
1105 4538 1335 4593 ἐνιαυτόν
1385 4546 1477 4590 του
1534 4557 1798 4612 πατριαρο

204 4636 372 4703 χικου
392 4626 781 4688 ἀπολούσαντος
836 4629 1039 4702 θρόνου,
1096 4626 1155 4679 Ὀ
1209 4624 1268 4679 δε
1320 4627 1593 4687 Ἀπσένιος
1652 4628 1807 4689 αὖτος

208 4712 272 4775 ἦν
301 4714 712 4789 προϐεϐλημένος
765 4715 836 4777 εἰς
892 4719 980 4767 τὸν
1031 4718 1389 4790 πατριαχικὸν
1449 4716 1626 4787 θρόνον
1682 4720 1808 4789 πρὸς

204 4811 301 4857 τοῦ
331 4801 591 4876 βασιλέως
624 4799 924 4876 Θεοδώρου,
959 4802 1086 4878 ἀνὴρ
1127 4806 1217 4854 καὶ
1278 4802 1344 4863 εἰς
1397 4801 1548 4874 λόγον
1600 4807 1689 4855 καὶ
1741 4802 1808 4864 εἰς

204 4891 397 4967 πρᾶξιν
425 4894 875 4965 πανευφυέστατος
902 4896 1036 4960 (99),
1090 4895 1179 4943 καὶ
1242 4889 1397 4963 λόγον
1443 4890 1675 4962 μάλιστα
1723 4898 1807 4944 τόν

1916 4450 2128 4511 rimus,
2155 4452 2211 4503 et
2239 4463 2513 4503 sermone
2546 4448 2870 4521 praecipue,
2896 4449 2997 4521 qui
3034 4455 3252 4506 natura
3302 4449 3563 4506 inditur:

1915 4552 2182 4608 namque
2201 4537 2304 4608 qui
2324 4536 2657 4593 eruditione
2672 4544 3303 4611 comparatur,parum
3317 4539 3566 4595 omnino

1915 4626 2356 4693 degustaverat.
2393 4625 2621 4681 Etenim
2646 4642 2786 4682 cum
2824 4626 3117 4684 nonnulla
3163 4643 3238 4683 ex
3282 4626 3566 4700 encycliis

1915 4714 2371 4787 philosophatus
2424 4715 2857 4787 perdidicisset,
2917 4731 2992 4772 ne
3048 4716 3267 4772 horum
3323 4716 3563 4788 penitus

1916 4804 2258 4873 inexpertus
2322 4802 2663 4871 haberetur,
2717 4819 2913 4876 neque
2959 4819 3033 4860 ea
3083 4805 3384 4875 ignorare,
3422 4818 3561 4876 quas

1918 4894 2048 4958 ipse
2078 4888 2373 4958 negligere
2387 4890 2495 4944 sibi
2511 4890 2571 4945 in
2586 4891 2790 4947 animo
2802 4896 3215 4963 proposuerat,
3244 4890 3558 4964 videretur,

278 4990 330 5024 ⁷⁸
356 4991 397 5045 D
426 5005 441 5044 :
474 4987 629 5042 Ἧκεν
659 4988 746 5064 οὖν
781 4988 854 5050 εἰς
890 4991 1094 5059 Πηγὰς,
1125 4984 1238 5039 εἶτα
1257 4991 1406 5064 ,πρὸς
1446 4991 1719 5064 Νυμφαιον
1778 4984 1871 5047 ἧκε
1919 4993 2007 5040 καὶ
2058 4989 2177 5058 περὶ
2220 4984 2571 5064 Κλαζομένιον,
2631 4987 2690 5064 ου
2757 4983 2846 5064 ἦξε
2896 4992 2986 5039 καὶ
3042 4988 3069 5038 6
3126 4986 3560 5064 σεϐαστοκράτωρ

203 5066 495 5133 Τορνίκιος,
522 5065 612 5111 καὶ
652 5056 726 5112 δι’
754 5059 917 5131 ὄχλου
937 5055 1114 5132 γέγονε
1144 5067 1215 5128 τῷ
1246 5055 1456 5130 βασιλεῖ
1488 5055 1692 5133 διά’τόν
1740 5055 2242 5133 πατριαρχευσαντα
2298 5055 2585 5133 Ἀρσένιοντ
2645 5059 2672 5109 6
2721 5060 2845 5133 76:6
2882 5061 3270 5133 πατριαρχικός
3340 5055 3563 5133 έχήρεῦε

207 5116 409 5206 θρόνος,
442 5116 543 5206 τόιξ
561 5116 1086 5206 πατριαρῖίεύσάνξος
1108 5116 1437 5206 Νωὶηξδρου,
1463 5130 1514 5190 ὃς
1529 5128 1642 5206 ,ἀπὸ
1675 5139 1765 5191 τῆς
1793 5116 2013 5203 Ἐἶγέάοῖ
2028 5129 2095 5206 εἰς
2121 5116 2887 5206 τόνπατριαρχικόνμετετέθη
2922 5116 3562 5206 θρόνονξ’ἀπάραν⁴ἷος’τῶν

432 5198 564 5276 μηδ’
594 5184 706 5276 ὄλδν
737 5184 968 5276 ένῖἀυτ-ὸν
1001 5184 1395 5276 διαρκέσαίιξος.
1418 5184 1576 5254 ”ο’δξ
1600 5184 1867 5274 Ἀρσένιοξ
1886 5184 2180 5276 προεκληθη
2211 5196 2313 5252 ἀπὸ
2333 5184 2715 5273 τοῦβασιηως
2742 5184 3042 5274 Θεοδώρου,
3075 5184 3128 5265 δὲ
3179 5184 3379 5276 ἔχθραν
3426 5184 3566 5276 ’ἔσχε

203 5278 342 5327 κατὰ
363 5268 456 5326 του
477 5272 761 5346 βασιλέως.
782 5278 872 5326 καὶ
895 5268 1104 5344 ἀνήχθη
1123 5268 1277 5333 αὖθις
1297 5271 1351 5323 Ἀ
1358 5276 1577 5345 ρσένιος.

1101 5403 1447 5472 Theodori
1498 5405 1748 5473 Dousa}
1796 5416 1863 5473 et
1908 5404 2163 5474 Leonis
2200 5404 2433 5473 Allatii
2469 5415 2674 5474 notas.

278 5558 396 5637 (αξξ)
420 5561 526 5637 Τρν
547 5557 601 5622 ἐξ
628 5558 790 5637 ἔθους.
814 5558 1128 5637 Gregoras,
1150 5572 1210 5629 p.
1236 5556 1322 5612 81.
1347 5561 1482 5637 ALL.
1529 5626 1540 5637 .

279 5631 396 5701 (99)
450 5632 924 5707 ηανευφυέστατος.
993 5631 1283 5699 Gregoras
1336 5631 1654 5684 Arsenium
1694 5641 1810 5682 usu

1914 5572 2116 5628 rerum
2142 5561 2233 5613 est
2252 5556 2332 5628 im
2342 5555 3025 5628 periiadministratione
3044 5571 3156 5612 nec
3176 5572 3315 5613 cum
3339 5555 3565 5612 fossore

1916 5627 2163 5700 quidem
2193 5626 2624 5684 conferendum
2654 5626 2849 5697 tradit,
2888 5640 2946 5699 p.
2983 5631 3071 5683 66.
3107 5633 3244 5683 ALL.
