4042 6214
196 288 341 349 1217
1765 289 1849 348 ΑΝ

1944 286 2090 347 .LES
3426 282 3559 352 1218

194 418 264 467 Et
289 408 350 465 δὲ
374 410 430 477 ἒξ
454 408 799 480 οἱουδήτινος,
844 408 1131 488 δυναμένου
1180 408 1241 468 δὲ
1291 414 1611 489 συγγράφειν
1670 432 1798 490 προ-
1827 417 1849 471 1

1950 417 1968 471 t
1997 412 2208 470 decem
2232 411 2604 486 precationes
2629 411 3558 491 conscribo,quamlibetproprio

196 501 335 556 ﬂeto
358 505 453 561 τήν
480 499 737 575 βούλησιν
777 500 1135 562 Exaudiebant
1173 522 1280 571 σοι,
1339 499 1457 556 ἰδού
1512 521 1598 556 σοι
1644 502 1799 566 αὐτὸς

1916 505 2272 573 argumento
2300 500 2678 576 locupletem.

193 596 293 652 τὴν
334 591 543 652 θέλησιν
573 589 942 667 ἀποπλήσαιμι
986 598 1078 647 καὶ
1137 595 1229 655 τὰς
1286 593 1452 666 εὐχάς
1509 612 1595 647 σοι
1652 590 2042 668 συγγράψαιμι.
2096 614 2125 643 ››
2190 587 2377 655 Ἔδοξε
2422 599 2653 666 κρεῖττον
2713 582 2865 646 τοῦτο
2918 601 2990 666 τῷ
3049 593 3278 669 βασιλεῖ,
3328 601 3418 651 καὶ
3464 606 3562 661 τῆς

193 689 427 756 ταχινῆς
457 677 669 736 εἰσόδου
709 683 799 744 τὰς
826 683 916 735 ὑπ’
945 682 1070 757 ὶμοῦ
1094 684 1515 758 ποιήθήσομένας
1534 683 1814 760 προείλετο.
1844 683 1978 755 Ἐγὼ
2007 684 2098 755 μὶν
2127 677 2215 734 οὖν
2246 680 2392 742 εὐθὺς
2441 680 2658 754 ἡψάμην
2705 689 2794 735 τοῦ
2845 684 3022 757 ἔργου,
3051 690 3143 738 καὶ
3197 688 3339 740 οὔπω
3393 688 3563 764 ἡμέρα

194 776 392 847 παρῄει
420 770 511 831 ὅλη
543 777 634 825 καὶ
651 771 762 839 νὺξ,
795 776 886 826 καὶ
915 768 1045 826 δέκα
1081 775 1207 848 πρὸς
1235 780 1346 836 ταῖς
1366 778 1513 848 τρισὶ
1549 771 1958 848 συνεγραψάμην
1991 770 2177 843 εὐχὰς,
2205 768 2431 827 ἑκάστην
2461 769 2646 822 οἰκεῖον
2668 771 2899 843 ἔχουσαν
2927 774 3015 825 τὸν
3043 778 3256 830 σκοπόν.

278 880 387 921 πη.
442 859 702 915 Κατεθλαϐε
738 862 852 935 (21)
908 869 1034 935 γοῦν
1077 863 1103 916 ὁ
1153 862 1489 939 αὐτοκράτωρ
1537 866 1601 923 τὴ
1667 866 1805 916 κων-

203 955 502 1009 σταντίνου.
545 948 1136 1027 Τεσσαρεσκαιδεκάτην
1210 948 1303 1026 ἦγε
1358 971 1473 1021 τοτε
1523 953 1549 1004 ό
1606 954 1806 1024 Αὔγου-

203 1055 349 1102 στος.
431 1035 691 1093 Εὶσελθεῖν
768 1046 891 1114 γοῦν
944 1040 1018 1104 εἰς
1097 1044 1189 1099 τήν
1266 1038 1808 1101 Κωνστηντινούπολιν

198 1127 299 1180 οὐκ
364 1127 588 1188 ἠθέλησε
642 1132 737 1190 τὴν
807 1129 970 1190 αὐτὴν
1027 1131 1242 1207 ἡμέραν,
1310 1127 1437 1184 ἀλλά
1474 1132 1564 1193 τὰς
1620 1132 1810 1191 σκηνὰς

188 1216 261 1271 ἄν
288 1225 352 1289 τῇ
383 1224 513 1292 μονῇ
546 1226 639 1272 τοῦ
697 1216 993 1294 Κοσμιδὶου
1060 1218 1308 1291 ἐπήξατο,
1347 1228 1409 1295 τῇ
1444 1221 1583 1294 οἶγχι
1614 1215 1810 1273 διακει-

197 1310 328 1381 μένῃ
398 1315 498 1361 τῶν
552 1311 873 1386 Βλαχερνῶν.
932 1307 1128 1364 Ἐκετσε
1162 1317 1289 1383 γοῦν
1352 1306 1387 1364 δ
1393 1311 1809 1385 ιανυκτερεύσας,

200 1398 359 1450 έωθεν
432 1395 658 1460 ἀναστὰς
730 1403 823 1459 τήν
898 1398 971 1463 εἰς
1068 1399 1611 1454 Κωνσταντινούπολιν
1706 1400 1807 1453 εἷσ-

1986 860 2075 915 88.
2106 858 2433 932 lmperator
2463 857 2697 916 decimo
2744 865 2962 934 quarto
2992 864 3244 933 Augusti
3270 863 3365 922 die
3405 865 3563 940 Cpo-

1914 949 2019 1007 lim
2036 948 2306 1023 pervenit
2337 964 2351 1016 ;
2379 962 2577 1025 neque
2615 948 2715 1005 illo
2737 950 2951 1007 eodem
2972 951 3069 1008 die
3106 952 3320 1010 urbem
3340 955 3562 1027 introit,

1918 1038 2024 1096 sed
2058 1038 2225 1113 apud
2250 1036 2531 1094 Cosmidii
2553 1039 2984 1096 monasterium
3003 1056 3191 1115 prope
3202 1043 3565 1103 Blachernas

1915 1128 2171 1187 tentoria
2189 1126 2369 1186 locat.
2408 1125 2494 1183 lbi
2524 1143 2662 1184 cum
2693 1132 3120 1202 pernoctasset,
3170 1137 3412 1204 postero
3469 1134 3564 1190 die

1921 1217 2151 1291 Cpolim
2175 1216 2290 1274 hoc
2303 1217 2955 1290 apparatuingreditur.
2974 1221 3197 1277 Etcum
3225 1222 3567 1294 patriarcha

1921 1306 2171 1363 Arsenio
2201 1307 2444 1363 absente
2471 1305 2968 1379 precationesilla
2981 1309 3264 1366 omnibus
3277 1311 3567 1370 audienti-

1922 1397 2037 1454 bus
2063 1394 2365 1468 aprasule
2393 1395 2713 1452 rccitanda
2735 1401 2952 1465 essent,
2970 1398 3161 1470 Cyzici
3187 1402 3565 1474 metropolita

201 1482 330 1540 ὁδον
380 1486 495 1561 (22)
542 1486 900 1563 ἀπειργάσατο
948 1493 1136 1565 τρόπον
1187 1497 1439 1546 τοιοῦτον.
1494 1488 1635 1544 Ἐπεὶ
1687 1484 1748 1542 δὲ
1788 1482 1811 1533 ό

1944 1484 2229 1557 Ieorgius,
2243 1501 2423 1557 quem
2442 1484 2670 1541 Clidam
2683 1486 3207 1560 cognominabant,
3221 1504 3570 1561 quaneces-

203 1578 300 1649 μὲν
356 1578 698 1652 πατριάρχης
756 1578 1019 1653 Ἀρσένιος
1081 1580 1139 1633 οὗ
1197 1586 1388 1654 παρῆν,
1432 1574 1542 1632 ἔδει
1591 1574 1651 1631 δὲ
1706 1578 1810 1652 ἄρα

202 1672 313 1718 τῶν
363 1684 478 1719 τινα
526 1665 813 1742 ἀρχιερέων
869 1669 964 1731 τὰς
1007 1667 1168 1742 εὐχὰς
1197 1668 1269 1733 εἰς
1312 1667 1530 1728 ἐπήκοον
1573 1665 1807 1735 ἐξειπεῖν,

202 1752 239 1807 6
269 1762 364 1816 τῆς
412 1755 646 1817 Κυζίκου
704 1756 817 1828 (23)
873 1756 1260 1833 μητροπολίτής
1316 1763 1588 1832 Γεωργιος,
1623 1756 1677 1809 ὃν
1723 1761 1813 1809 καὶ

215 1840 445 1898 Κλειδᾶν
490 1846 879 1920 κατωνόμαζον,
940 1846 1165 1921 ἐπλήρου
1212 1851 1306 1906 τήν
1365 1852 1572 1925 χρείαν,
1626 1851 1716 1900 καὶ
1747 1844 1818 1907 εἰς

210 1934 305 1987 ἕνα
349 1941 448 1987 τῶν
506 1937 718 2010 πύργων
772 1943 873 1989 τῶν
923 1944 1015 1997 τῆς
1088 1941 1353 2011 Χρυσείας
1418 1935 1631 2005 ἀναϐὰς,
1680 1938 1820 2009 ἔχων

214 2021 336 2099 μεθ’
360 2022 547 2077 ἑαυτοῦ
577 2027 746 2078 καὶτὸ
776 2033 867 2087 τῆς
915 2028 1172 2080 Θεοτόκου
1235 2024 1517 2100 ἕκτύπωμα
1570 2027 1629 2078 τό
1686 2022 1821 2078 οὕτω

224 2132 338 2176 πως
407 2110 463 2166 ἐκ
526 2120 617 2176 τῆς
665 2122 823 2187 μονῆς
881 2117 1352 2192 παρωνομασμένον
1411 2123 1510 2169 τῶν
1554 2110 1818 2188 Ὀδηγῶν,

222 2202 300 2264 εἰς
354 2200 588 2262 ἕπήκοον,
626 2202 867 2257 ἁπάντων
941 2203 1328 2280 ἀπεστομάτισε
1373 2207 1464 2268 τὰς
1531 2204 1709 2278 εὐχάς.
1762 2201 1822 2258 Ὁ

218 2294 314 2367 μὲν
379 2300 466 2346 οῦν
517 2291 854 2370 αὐτοκράτωρ
904 2299 998 2354 τήν
1059 2294 1358 2372 καλύπτραν
1400 2292 1670 2348 ἀποϐαλὼν
1732 2293 1824 2348 καὶ

216 2384 348 2455 γόνυ
367 2380 539 2444 κλίνας
584 2384 734 2437 ἔπεσε
770 2388 968 2458 χαμαὶ,
1000 2388 1089 2437 καὶ
1117 2385 1302 2446 πάντες
1354 2378 1413 2438 δὲ
1456 2385 1505 2437 οἱ
1548 2386 1643 2437 σὺν
1682 2382 1823 2455 αὐτῷ

220 2473 440 2526 ὄπισθεν
460 2471 621 2525 αὐτοῦ
646 2470 730 2526 ἐπὶ
758 2477 884 2545 γόνυ
905 2477 1209 2529 κατέπεσον.
1257 2473 1396 2527 Ἐπεὶ
1447 2469 1506 2526 δι
1557 2473 1588 2532 ἡ
1642 2476 1819 2547 πρώτη

250 2565 350 2612 τῶν
386 2558 553 2632 εὐχῶν
581 2558 928 2616 ἐκτετέλεσται
955 2563 1045 2615 καὶ
1071 2563 1096 2615 ό
1149 2558 1392 2624 διάκονος
1448 2560 1675 2635 ὶσήμηνε
1728 2565 1823 2622 τήν

239 2645 520 2724 ἀνέγερσιν,
562 2652 742 2714 πάντες
800 2649 1204 2713 ἀναστάντεςτό
1264 2654 1421 2728 Κύριε
1475 2650 1705 2725 ἐλέησον,
1753 2651 1825 2715 εἰς

229 2735 413 2791 ἑκατόν
450 2737 856 2814 ἀριθμήσαντες,
917 2739 1224 2801 ἐπεϐόησαν.
1283 2747 1384 2797 Καὶ
1438 2744 1634 2795 τούτων
1690 2758 1824 2794 τετε-

222 2824 479 2901 λεσμένων
531 2831 663 2903 πρὸς
734 2838 827 2883 τοῦ
887 2828 1168 2907 ἀρχιερέως
1214 2836 1304 2884 καὶ
1358 2827 1505 2893 αὖθις
1546 2830 1694 2907 ἑτέρα
1746 2848 1825 2892 τις

222 2916 518 2992 ἆξεφυνῂθη
550 2917 823 2992 εὐχή.Ὠς
872 2918 921 2972 ἓν
954 2928 1017 2994 τῇ
1074 2926 1252 2995 πρώτῃ
1310 2927 1452 2994 γοῦν,
1511 2925 1600 2974 καὶ
1659 2918 1709 2973 ἕν
1759 2926 1821 2992 τῇ

232 3002 453 3081 δευτέρᾳ
506 3011 801 3081 γεγένηται,
882 3014 973 3062 καὶ
1065 3010 1199 3064 οὕτω
1254 3030 1365 3073 πως
1438 3006 1828 3086 διαπέπρακται

227 3100 395 3170 μέχρι
448 3102 539 3151 καὶ
597 3097 1022 3173 συμπληρώσεως
1066 3107 1165 3153 τῶν
1233 3099 1359 3153 ὅλων
1442 3098 1633 3172 εὐχῶν.
1688 3098 1829 3153 Ἐπεὶ

224 3194 354 3260 γοῦν
384 3187 578 3241 οὑτωσί
640 3207 746 3250 πως
790 3190 856 3242 τά
908 3197 1001 3250 τῆς
1054 3188 1380 3266 ἱεροπραξίας
1430 3191 1620 3250 ταύτης
1677 3189 1828 3261 γεγέ-

226 3295 412 3342 νηται,
480 3277 768 3351 θεοπρεπῶς
833 3277 1022 3352 μᾶλλον
1100 3278 1130 3338 ἣ
1214 3275 1507 3351 βασιλικῶς
1590 3282 1683 3338 τὴν
1737 3285 1830 3339 τῆς

228 3369 500 3442 Χρυσείας
552 3364 719 3425 πύλην
785 3366 1018 3427 εἰσῆλθεν
1066 3368 1092 3420 ὁ
1136 3364 1384 3441 βασιλεὺς
1444 3387 1458 3402 υ
1511 3370 1664 3431 πεζός
1727 3369 1828 3442 γὰρ

229 3452 473 3523 ἐϐάδιξε,
497 3460 799 3531 προήρχετο
857 3452 917 3510 δὲ
945 3459 1128 3510 τούτου
1166 3464 1259 3520 τῆς
1299 3461 1624 3532 Θεομήτορος
1652 3456 1768 3530 (24)
1795 3458 1826 3515 ἡ

230 3545 408 3601 εἰκών.
462 3548 640 3620 Μέχρι
668 3550 759 3620 μέν
789 3564 877 3599 ουν
914 3553 1010 3609 τῆς
1057 3552 1148 3601 τοῦ
1200 3542 1450 3600 Στουδίου
1487 3552 1645 3621 μονῆς
1684 3545 1833 3600 itm).-

235 3636 366 3704 θὼν,
446 3636 610 3688 ἂκεῖσε
677 3639 770 3695 τὴν
828 3635 1001 3690 εἰκόνα
1052 3636 1349 3690 καταλιπὼν
1399 3644 1492 3698 τῆς
1543 3637 1833 3710 ὑπεράγνου

233 3725 455 3800 Μητρός
481 3731 573 3778 τοῦ
615 3731 777 3795 chi},
816 3723 1000 3790 ἐπιϐὰς
1045 3735 1138 3780 τοῦ
1179 3726 1338 3780 ἵππου
1391 3723 1475 3779 ἐπὶ
1515 3728 1573 3778 τὸ
1603 3734 1705 3789 τῶς
1748 3744 1837 3779 σο-

238 3816 367 3887 φίας
421 3820 513 3866 τοῦ
583 3819 717 3867 Θεοῦ
774 3812 983 3887 ἀφίκετο
1028 3818 1231 3887 τέμενος
1279 3815 1414 3885 (25).
1469 3813 1665 3869 Ἐκεῑσε
1712 3821 1840 3887 γοῦν

234 3908 317 3972 τῷ
376 3905 607 3975 Δεσπότῃ
684 3909 901 3977 Χριστῷ
957 3908 1346 3977 προσκυνήσας,
1408 3905 1498 3956 καὶ
1551 3906 1617 3957 τὰ
1670 3896 1843 3957 εἰκότα
1874 3904 1905 3918 ’³

240 3993 417 4065 τούτῳ
447 3990 867 4068 εὐχαριστήσας,
896 3991 980 4046 ἐπὶ
1040 3997 1099 4046 τὸ
1129 3998 1262 4067 μέγα
1311 3998 1622 4053 κατηντήκει
1680 3993 1844 4047 παλά-

243 4099 382 4136 τιον.
435 4080 519 4134 Ἐν
586 4081 874 4157 εὐφροσύνῃ
931 4089 1057 4154 γοῦν
1106 4087 1196 4136 καὶ
1250 4078 1489 4157 θυμηδίᾳ
1537 4081 1696 4156 πολλῇ
1755 4087 1845 4136 καὶ

242 4168 450 4242 ἀπλέτῳ
523 4176 674 4247 χαρᾷ
744 4174 804 4224 τό
862 4171 1146 4245 Ῥωμαϊκὸν
1242 4180 1317 4244 τῷ
1390 4176 1506 4226 τότε
1572 4176 1848 4245 γεγένηται

1932 1574 2092 1632 saria
2116 1572 2619 1648 erantsupplevit:
2640 1590 2779 1632 nam
2794 1575 2855 1631 in
2871 1590 3058 1633 unam
3072 1593 3142 1633 ex
3165 1594 3360 1636 aurea
3381 1586 3569 1653 porta

1924 1662 2190 1724 turribus
2219 1663 2570 1735 ascendens,
2601 1678 2927 1738 secumque
2954 1665 3220 1739 Deipara
3240 1667 3570 1739 imaginem

1921 1770 1993 1811 ex
2005 1752 2363 1811 monasterio
2378 1751 2749 1823 Hodegorum
2763 1754 3308 1825 gestans,omnibus
3323 1758 3570 1816 audien-

1924 1844 2085 1901 tibus
2108 1843 2483 1917 precationes
2504 1842 2788 1900 recitavit.
2820 1844 3394 1919 lnterimimperator
3414 1849 3571 1921 capi~

1925 1932 1999 1991 tis
2022 1937 2369 2004 tegumento
2406 1931 2571 2002 regio
2597 1930 2869 2004 deposito
2905 1930 3196 2008 ﬂexisque
3219 1936 3473 2007 genibus
3508 1938 3572 1996 in

1926 2026 2144 2079 terram
2170 2020 2553 2095 provolvitur,
2602 2018 2769 2094 197
2807 2037 3139 2097 omnesque
3176 2025 3444 2098 quicum
3498 2043 3571 2085 eo

1928 2115 2098 2169 erant
2123 2113 2257 2184 post
2279 2126 2417 2167 eum
2439 2110 2497 2166 in
2526 2125 2726 2181 genua
2750 2111 3174 2182 procumbunt.
3216 2114 3329 2171 Sed
3371 2130 3576 2189 preca-

1930 2202 2160 2259 tionum
2192 2201 2389 2273 prima
2416 2199 2605 2267 ﬁnita,
2646 2199 2935 2257 diaconus
2962 2200 3176 2260 indixit
3196 2208 3261 2261 ut
3299 2220 3574 2277 assurge-

1927 2293 2076 2347 rent.
2107 2289 2326 2345 Omnes
2357 2292 2605 2355 stantes,
2629 2288 2944 2357 «Domine,
2977 2290 3328 2361 miserere,»
3354 2298 3575 2350 centies

1928 2382 2313 2436 numerantes
2335 2375 2766 2434 acclamarunt.
2792 2377 2890 2434 His
2910 2378 3092 2436 ﬁnitis
3120 2395 3157 2437 a
3180 2381 3433 2454 prasule
3453 2398 3579 2439 rur-

1932 2485 2035 2525 sus
2059 2466 2174 2524 alia
2191 2465 2453 2540 precatio
2471 2467 2830 2523 enuntiatur.
2858 2468 3066 2542 Itaque
3091 2475 3157 2526 ut
3175 2471 3237 2526 in
3257 2472 3476 2543 prima,
3498 2471 3581 2529 ita

1929 2554 1994 2615 in
2041 2555 2309 2613 secunda
2338 2560 2396 2612 et
2440 2554 2501 2612 in
2531 2555 2666 2613 aliis
2694 2555 2921 2614 factum
2960 2562 3066 2631 est,
3098 2563 3155 2616 et
3183 2560 3266 2617 sic
3298 2559 3580 2634 deinceps

1931 2661 2123 2720 usque
2145 2644 2221 2703 ad
2243 2644 2542 2716 integrum
2570 2646 2983 2718 precationum
3004 2649 3265 2705 omnium
3290 2649 3581 2708 recitatio-

1931 2746 2072 2794 nem
2094 2732 2282 2792 sacris
2306 2734 2749 2807 precationibus
2775 2736 3269 2811 caremoniisque
3288 2738 3410 2795 fine
3428 2736 3586 2812 posi-

1933 2830 2015 2897 to,
2050 2828 2169 2883 Deo
2216 2824 2412 2896 magis
2460 2825 2908 2882 convenientius
2935 2842 3122 2900 quam
3150 2828 3297 2898 regi,
3346 2832 3586 2901 portam

1936 2932 2182 2976 auream
2234 2915 2558 2989 imperator
2611 2915 2942 2987 ingreditur
2983 2935 2997 2974 :
3035 2918 3222 2992 pedes
3262 2919 3587 2992 imperator

1937 3010 2241 3081 praeunte
2286 3003 2391 3060 Dei
2434 3005 2627 3061 Matris
2654 3003 2918 3076 imagine
2947 3006 3460 3078 proﬁciscebatur.
3497 3005 3587 3062 Ad

1941 3094 2129 3155 Studii
2163 3092 2594 3151 monasterium
2614 3098 2862 3150 ventum
2886 3098 2997 3152 est.
3022 3098 3102 3153 Eo
3130 3096 3192 3152 in
3219 3095 3353 3153 loco
3373 3096 3589 3153 imma-

1939 3183 2318 3242 culatissima
2333 3181 2433 3239 Dei
2448 3182 2645 3239 Matris
2669 3182 2931 3254 imagine
2951 3183 3155 3242 relicta
3174 3200 3397 3259 equum
3419 3200 3590 3242 cons-

1939 3272 2201 3331 cendens
2252 3271 2333 3327 ad
2384 3270 2692 3344 sapientia
2746 3272 2845 3328 Dei
2884 3273 3174 3347 templum
3215 3275 3506 3347 pervenit,
3534 3278 3593 3332 et

1941 3362 2171 3421 Christo
2202 3360 2457 3418 Domino
2484 3360 2755 3429 adorato,
2780 3361 3101 3436 gratiisque
3124 3363 3208 3421 uti
3230 3380 3340 3436 par
3355 3368 3484 3422 erat
3504 3379 3593 3422 re-

1941 3451 2182 3521 latis,ad
2197 3465 2489 3525 magnum
2502 3449 2793 3524 palatium
2810 3451 3598 3525 appellit.Exsultationeita-i

1942 3557 2061 3616 que
2081 3546 2138 3598 et
2163 3541 2389 3612 ingenti
2413 3540 2616 3598 latitia
2645 3541 3101 3600 etinenarrabili
3126 3541 3347 3614 gaudio
3381 3546 3596 3603 Roma-

1945 3646 2165 3688 norum
2219 3629 2417 3688 omnis
2464 3645 2643 3687 sexus
2671 3630 2931 3705 repletus
2969 3631 3279 3704 gestiebat.
3326 3637 3598 3709 Namque

1947 3720 2053 3794 qui
2073 3736 2193 3777 non
2210 3718 2450 3779 saltaret
2468 3719 2556 3775 vel
2575 3719 2949 3777 ludibundus
2970 3722 3226 3780 exsiliret
3248 3738 3429 3782 nemo
3450 3730 3596 3796 erat,

1948 3816 2130 3869 tanta
2156 3810 2243 3867 rei
2263 3824 2581 3869 assensum
2609 3810 2710 3867 vix
2728 3814 3027 3884 prastans
3048 3818 3291 3887 propter
3314 3814 3602 3886 improvi-

1953 3917 2091 3957 sum
2118 3915 2271 3973 opus
2300 3898 2901 3972 etsuperaﬂluentem
2930 3900 3316 3975 voluptatem.
3348 3904 3602 3969 Quando

1953 4005 2098 4048 vero
2127 3993 2185 4047 et
2205 3989 2555 4062 patriarcha
2584 3988 3042 4061 ingrediendum
3067 3995 3192 4047 erat
3218 3991 3450 4063 Cpolim
3464 3995 3604 4065 post

1954 4078 2386 4137 nonnullorum
2414 4078 2647 4136 dierum
2684 4092 3025 4150 excursum,
3057 4079 3436 4137 sermonibus
3464 4096 3603 4139 sua-

1958 4168 2348 4242 sionibusque
2377 4167 2676 4226 adductus
2703 4168 2903 4226 introit
2920 4168 3245 4242 imperator
3268 4169 3335 4226 in
3365 4184 3606 4228 sacram

234 4259 542 4335 πλήρωμα·
575 4244 747 4321 οόδεὶς
768 4262 871 4336 γὰρ
914 4244 974 4319 ἧν
1019 4262 1045 4314 ὁ
1097 4265 1168 4335 μή
1222 4269 1446 4336 σκιρτῶν
1484 4280 1541 4314 τε
1720 4260 1844 4333 103]

1956 4259 2207 4331 regiam,
2250 4272 2490 4329 magna
2546 4257 2853 4330 sapientia
2901 4257 3255 4330 sacrarium,
3302 4274 3374 4316 ac
3411 4259 3609 4317 cathe-

236 4353 339 4403 καὶ
412 4345 752 4423 ἀγαλλόμενος
831 4352 923 4401 καὶ
993 4357 1184 4427 μικροῦ
1261 4346 1370 4403 δεῖν
1449 4358 1520 4421 τῷ
1579 4350 1850 4426 πράγματι

243 4435 484 4491 ἀπιστῶν
536 4433 632 4491 διὰ
697 4440 756 4490 τὸ
832 4434 1234 4512 ἀπροσδόκητον
1290 4446 1382 4492 τοῦ
1444 4441 1598 4513 ἔργον
1651 4444 1741 4492 καὶ
1793 4442 1850 4493 τὸ

242 4524 565 4600 ὑπερϐάλλον
619 4534 716 4588 τῆς
769 4520 989 4590 ἡδονῆς.
1043 4527 1181 4581 Ἐπεὶ
1229 4523 1288 4580 δὲ
1330 4522 1436 4580 ἔδει
1493 4530 1586 4579 καὶ
1636 4529 1695 4579 τό
1753 4546 1853 4581 πα-

242 4617 515 4695 τριάρχην
594 4613 729 4677 ἐντὸς
806 4616 1046 4688 γενέσθαι
1102 4615 1220 4689 (26)
1275 4623 1373 4679 τῆς
1438 4620 1849 4689 Κωνσταντίνου,

1960 4347 2134 4406 dram
2155 4346 2422 4421 pontiﬁci
2441 4346 2937 4419 consignandam.
2975 4346 3149 4421 198
3180 4350 3326 4405 Cum
3354 4350 3610 4424 impera—

1960 4442 2085 4496 tore
2105 4452 2317 4494 omnes
2336 4436 2397 4493 in
2419 4435 2809 4509 dignitatibus
2831 4438 3201 4495 constitutiet
3220 4438 3610 4511 patriciorum

1960 4527 2248 4602 pracipui
2277 4530 2334 4584 et
2361 4525 2536 4600 plebe
2564 4525 2845 4584 universa
2868 4530 3221 4586 accurrerat.
3242 4527 3329 4584 lbi
3356 4528 3614 4601 impera-

1962 4622 2053 4675 tor
2077 4632 2322 4674 manum
2343 4615 2698 4690 patriarcha
2728 4616 3059 4683 continens,
3084 4638 3112 4667 ‹‹
3139 4618 3290 4675 Tene
3321 4638 3368 4685 ι,
3395 4615 3609 4690 inquit,

1122 4736 1466 4809 Theodori
1515 4737 1766 4809 Dousa
1815 4750 1882 4810 et
1926 4740 2178 4812 Leonis
2226 4739 2461 4809 Allatii
2511 4749 2713 4809 nota.

328 4854 448 4930 (2i)
487 4853 743 4911 KarﬂaGt
769 4853 913 4928 γοῦν.
944 4855 1365 4930 Pachymeres,
1395 4870 1456 4930 p_.
1494 4859 1612 4930 HQ.
1646 4864 1782 4930 ᾼιι.

328 4922 447 5000 (22)
482 4931 587 5000 Τήν
617 4932 687 4989 είς
739 4922 1274 4983 Κωνσταντινοῦπολιν
1304 4922 1535 4985 εἴσοδον.
1576 4926 1726 4985 Belle
1756 4925 1856 4985 ad-

255 4999 514 5070 modum
543 4999 674 5055 hac
705 5000 911 5055 omnia
941 5002 1249 5070 Gregoras.
1281 5003 1419 5058 ALL.

356 5072 449 5145 '23)
484 5068 542 5123 Ὀ
564 5078 670 5145 τῆς
700 5070 950 5131 Κυζίκου.
981 5068 1393 5145 Pachymeres.
1446 5084 1511 5141 p.
1554 5072 1854 5145 £60.__ALL.

357 5140 444 5213 34)
467 5144 670 5218 ξΓούτου
696 5140 1174 5218 τῶςΘεομήτοροξ,
1206 5140 1639 5218 Pachylﬁeres,_
1660 5140 1762 5218 lib_.
1797 5156 1854 5208 ll,

259 5230 314 5272 c.
333 5211 395 5294 3i
411 5211 434 5272 .’
452 5212 871 5294 Gregorasdib.
893 5211 1347 5294 1v,_p.87._l_dque
1367 5211 1502 5293 ante
1518 5211 1861 5293 Michaelem

257 5289 400 5369 post
448 5283 851 5369 Justinianum
880 5283 1299 5369 et'Heracliun‘z
1329 5283 1560 5356 primus
1586 5283 1860 5369 omnium

259 5353 693 5426 imperatorum
722 5360 923 5426 egerat
941 5356 1206 5412 Joannes
1247 5353 1609 5426 Comnenus,
1643 5353 1692 5409 si
1709 5353 1862 5410 ﬁdes

267 5424 617 5486 adhibenda
632 5431 721 5482 est
733 5424 948 5485 Joanni
968 5427 1537 5496 Cinnamo,Histoz'.,
1550 5424 1657 5483 lib.
1677 5429 1861 5483 LALL.

341 5502 453 5574 (ξεῖ)
486 5505 613 5574 ιῖφξ
657 5500 717 5550 τό
745 5505 839 5574 τῆς
888 5502 1069 5574 mia;
1096 5506 1189 5574 ῖοῡ
1220 5506 1354 5574 θεοῦ
1400 5495 1610 5574 ἀφίκεῖο
1639 5499 1860 5574 rienes-

270 5567 479 5653 Multa_
496 5567 572 5626 dé
596 5568 712 5653 hoc
737 5567 969 5653 templo
1012 5585 1050 5628 a
1088 5567 1759 5653 Justiniano'extructq
1779 5567 1866 5650 di-

267 5655 412 5703 xere
441 5640 627 5703 Graeci
654 5643 710 5700 et
748 5637 959 5714 Latini,
1007 5643 1216 5709 omnia
1240 5645 1446 5706 tamen
1470 5637 1629 5704 intra.
1670 5637 1867 5713 digni-

1965 4860 2147 4914 tatem
2180 4874 2199 4928 :4
2224 4855 2538 4913 molimina
2558 4853 3051 4928 enimomnium
3083 4851 3145 4910 in
3173 4852 3438 4928 dicendo
3458 4869 3614 4928 opus

1967 4926 2472 4999 superabanlpse
2500 4925 2793 4999 Michaelis
2834 4924 2999 4980 Pselli
3024 4923 3444 4982 fecundissimi
3472 4923 3615 4983 scrio

1966 4993 2172 5076 ptoris
2207 4997 2270 5053 in
2313 4993 2476 5052 idem
2534 4993 2825 5076 templum
2868 4998 3213 5076 terramotn
3259 5000 3615 5076 quassatum

1966 5065 2405 5140 disjectumque
2430 5065 2782 5140 monodiam
2810 5065 3344 5140 adhueineditam,
3366 5068 3614 5140 dignam

1970 5136 2170 5197 tamen
2221 5136 2357 5212 qua
2412 5137 2675 5213 _lega_tur_
2706 5136 2786 5193 ab
2835 5137 3138 5213 omnibus,
3193 5136 3494 5213 dabimus,
3552 5144 3618 5198 ut

1968 5181 2521 5290 $232“g_£_§...;9d9£
2536 5208 2717 5290 tineis
2749 5223 2964 5290 exesus
2989 5181 3617 5290 madorequef‘lacerus

1970 5280 2398 5356 suppeditabit.
2439 5283 2567 5336 Non
2616 5280 2725 5356 erit
2765 5279 3328 5356 injucunduslabor
3355 5283 3507 5356 inter
3535 5282 3618 5356 la-

1971 5349 2357 5438 crj’inaSLEte
2387 5356 2481 5438 τήν
2509 5360 2601 5438 τῆς
2634 5349 2789 5438 ἀγίας
2820 5349 3360 5438 Σιριαςσύμπτωσιν.
3382 5352 3485 5438 "II?
3515 5354 3621 5438 ἄρα

1970 5423 2099 5484 κ.’τ.
2129 5425 2178 5480 λ.
2204 5425 2425 5482 Exstat
2444 5425 2603 5481 inter
2632 5423 2827 5494 Opera
2854 5425 3046 5483 Pselli
3077 5423 3294 5482 nostra
3324 5423 3614 5484 editionis.

1986 5497 2126 5555 Vide
2153 5503 2294 5554 (om.
2322 5495 2525 5552 CXXII.

2044 5568 2158 5642 (26)
2199 5563 2421 5645 ’Exci_§‘s
2459 5563 2569 5621 ἔδει
2597 5569 2799 5645 κοιιᾼτὸν
2828 5569 3168 5645 πατριάρχην
3202 5564 3337 5631 bro;
3356 5567 3616 5642 γενέσθαι.

1975 5637 2286 5714 Gregoras,
2315 5637 2420 5709 lib,
2450 5655 2526 5713 IV,
2555 5653 2617 5714 p.
2649 5642 2739 5699 88.
2762 5645 2895 5699 ALL.

4030 1116 4031 1201 ι

4026 1208 4031 1281 i

4030 1542 4031 1619 ι

4030 1652 4031 1717 ι
