4042 6214
575 245 716 303 1219

573 393 595 421 ι
635 372 921 428 thronum
952 374 1144 437 tuum,
1178 369 1443 431 domine.
1494 370 1552 422 et
1588 380 1626 421 a
1670 379 1796 437 qua
1825 361 2031 420 tandiu
2058 362 2225 420 aber-

565 460 735 527 rasti,
786 459 1069 516 cathedra
1112 458 1325 515 fruere.
1363 478 1390 506 »
1424 456 1516 513 Sic
1547 454 1726 510 etiam
1758 451 2112 525 patriarchae
2143 451 2223 509 ab

564 548 924 621 imperatore
964 547 1300 621 provisum.

2085 238 2425 296 ANNALES.
3738 256 3825 309 ιω

2336 365 2468 434 μετά
2498 359 2847 436 παραδρομὴν
2871 383 3022 416 τινων
3079 365 3280 437 ἡμερῶν
3338 363 3505 435 λόγοις
3544 372 3615 419 καὶ
3657 377 3704 441 τῇ
3738 382 3831 448 παρὰ

2334 453 2524 504 τούτων
2559 453 2730 504 πειθοῖ
2775 451 3002 522 εἰσῆλθε,
3049 457 3140 506 καὶ
3194 454 3219 504 6
3264 450 3512 526 βασιλευς
3558 456 3617 517 εἰς
3658 462 3705 510 τὸ

2331 540 2554 600 ἀπῆλθεν
2610 538 2911 615 ἀνάκτορον,
2971 545 3027 594 τό
3080 550 3175 604 τῆς
3221 542 3449 615 μεγάλης
3495 551 3834 619 σοφίαςτέμινος,
3914 538 3915 549 “

567 638 630 691 ἵν’
690 636 966 710 ἐγχειρίσῃ
1014 638 1108 695 τὴν
1162 631 1425 708 καθέδραν
1477 641 1550 704 τῷ
1611 630 1867 706 ἀρχιερεῖ.
1923 634 2024 684 Καὶ
2077 631 2427 704 συνήθροιστο
2482 631 2614 703 μετά
2680 637 2771 681 τοῦ
2847 628 3109 703 βασιλέως
3166 636 3253 684 καὶ
3319 640 3418 684 τῶν
3471 631 3514 685 ἐν
3563 634 3673 686 τελει
3709 657 3836 702 παντες
3916 658 3917 715 ι

564 732 653 779 καὶ
707 734 806 777 τῶν
861 724 1128 800 ἀρχόντων
1184 727 1233 777 οἱ
1272 728 1544 797 πρόκριτοι
1596 725 1685 773 καὶ
1730 725 1879 774 πᾶσα
1914 718 2127 779 πληθύς.
2161 718 2219 772 Ὀ
2258 718 2509 792 βασιλεὺς
2540 714 2599 770 δὲ
2648 727 2743 779 τῆς
2780 723 2959 794 χειρὸς
3004 727 3097 773 τοῦ
3150 724 3484 794 πατριάρχου
3542 721 3824 797 ἐπιλαϐόμενος

564 836 592 864 ‹‹
626 812 821 887 Ἔχεις,
858 837 885 863 υ
918 819 1073 886 φησι,
1108 816 1193 865 τὸν
1246 814 1422 885 θρόνον
1476 830 1590 879 σου,
1634 805 1884 869 δέσποτα,
1918 812 2007 859 καὶ
2055 807 2115 858 οὗ
2146 826 2279 868 τινος
2335 806 2392 859 ἐκ
2421 826 2623 881 μακρου
2652 806 2952 880 ἐστέρησαι.
2998 813 3129 861 Νυνὶ
3168 817 3265 870 τῆς
3308 806 3559 885 καθέδρας
3586 810 3785 869 ἀπόλαυε,
3820 791 3835 860 .3

566 908 664 957 Καὶ
724 904 859 955 οὕτω
900 907 991 976 μεν
1038 908 1129 955 καὶ
1156 902 1242 955 ἐπὶ
1294 910 1366 972 τῷ
1421 900 1728 973 πατριάρχῃ
1776 900 1842 949 τὰ
1870 904 1961 949 τοῦ
1993 894 2253 969 βασιλέως
2287 895 2497 958 ξυνέϐη.

633 995 722 1048 89.
762 995 844 1047 Ea
873 995 1223 1064 tempestate
1270 989 1506 1056 accidit,
1538 986 1705 1060 quod
1739 1002 1858 1043 non
1892 985 2152 1041 alienum
2184 1002 2222 1043 a

562 1081 905 1137 narratione
923 1096 1059 1136 mea
1084 1095 1215 1135 esse
1235 1078 1464 1134 ducens
1480 1076 1575 1133 hic
1587 1076 1807 1147 scripto
1824 1074 2216 1144 consignabo.

564 1169 903 1226 Orationem
929 1168 1004 1225 de
1030 1173 1269 1241 recepta
1299 1166 1462 1240 Cpoli
1486 1180 1969 1237 composueram.
1998 1164 2220 1221 Oratio-

562 1256 653 1312 nis
680 1261 1127 1326 argumentum,
1161 1256 1321 1313 circa
1345 1253 1707 1327 principium
1737 1252 1941 1322 gratiae
1964 1255 2083 1309 Deo
2109 1268 2219 1324 pro

559 1344 959 1401 beneﬁcentia
988 1359 1131 1414 erga
1153 1347 1456 1401 Romanos
1488 1348 1543 1398 et
1572 1340 1953 1397 misericorde
1977 1357 2087 1396 suo
2117 1357 2218 1397 au-

560 1433 702 1489 xilio
724 1448 795 1489 ac
816 1432 1147 1505 patrocinio
1173 1432 1420 1487 rcdditze
1446 1450 1459 1486 ε
1486 1431 1677 1485 inerat
1702 1434 1758 1484 et
1787 1429 2038 1484 orationi
2069 1445 2216 1500 prae-

560 1524 647 1576 ter
674 1520 1050 1592 imperatoris
1101 1520 1401 1592 praeconia
1450 1518 1529 1574 ad
1559 1516 1837 1574 eumdem
1888 1516 2216 1586 gratiarum

561 1608 715 1664 actio
749 1625 763 1661 :
795 1608 907 1662 sub
939 1607 1100 1663 calce
1124 1607 1463 1664 adhortatio
1490 1611 1552 1661 ut
1570 1604 1945 1660 Andronicus
1971 1608 2219 1661 Comne—

560 1712 677 1752 nus
727 1696 959 1769 primus
992 1696 1369 1769 imperatoris
1407 1696 1566 1751 ﬁlius
1593 1711 1730 1750 cum
1772 1694 2131 1766 imperatore
2159 1699 2216 1751 et

559 1791 727 1859 patre
752 1786 810 1841 in
841 1786 1359 1842 administratione
1390 1785 1806 1841 advocaretur.
1848 1787 1966 1840 Hoc
1998 1785 2215 1841 multos

560 1879 618 1930 et
646 1875 1025 1947 potissimum
1058 1873 1452 1945 dignitatibus
1497 1873 1800 1945 praeditos,
1842 1873 2063 1945 quibus
2093 1888 2214 1929 non

558 1978 626 2019 ex
657 1963 947 2031 sententia
988 1980 1081 2020 res
1113 1962 1513 2030 successisset,
1548 1961 1829 2033 fugiebat.
1873 1967 1945 2018 At
1973 1978 2046 2018 ex
2075 1979 2213 2018 nos-

558 2051 687 2120 tris,
718 2052 820 2125 qui
851 2052 1080 2125 primas
1110 2051 1483 2121 obtinebant,
1531 2050 1793 2107 Joannes
1824 2065 2043 2122 nempe
2086 2051 2215 2106 des-

556 2145 699 2213 pota
726 2141 1102 2214 imperatoris
1144 2142 1345 2211 frater,
1372 2146 1430 2196 et
1469 2155 1639 2196 socer
1668 2138 1822 2195 illius
1848 2140 2215 2197 sebastocra-

555 2233 647 2286 tor
664 2230 969 2287 Tornicius
990 2230 1158 2302 (nam
1187 2234 1387 2287 Caesar
1407 2227 2021 2301 Strategopulus,licet
2041 2229 2214 2285 ades-

556 2324 664 2387 set,
712 2318 789 2374 de
836 2319 932 2374 his
983 2320 1231 2376 omnino
1274 2317 1505 2374 nullam
1549 2333 1758 2373 curam
1801 2317 2209 2389 suscipiebat),

555 2406 931 2479 propositum
982 2407 1325 2477 ignorantes
1371 2413 1427 2462 et
1465 2404 1763 2477 postulata
1800 2405 2211 2477 problematis,

554 2494 977 2567 imperatorem
1007 2493 1086 2550 ad
1098 2495 1430 2550 orationem
1453 2492 1819 2548 audiendam
1846 2493 2206 2566 compulere.

553 2584 882 2656 Imperator
927 2599 1083 2654 aegre
1113 2583 1339 2639 ferebat
1369 2602 1381 2638 :
1411 2583 1540 2654 jam
1591 2583 1751 2639 enim
1801 2583 1914 2638 sub
1966 2584 2208 2640 meridie

555 2671 698 2728 solis
730 2671 882 2730 radii
930 2671 1308 2743 ingruebant,
1345 2676 1402 2727 et
1426 2671 1663 2745 prandii
1683 2671 1834 2727 hora
1862 2671 2107 2728 abierat.

2398 984 2504 1043 πθ’.
2531 984 2759 1056 Ἐγένετο
2788 982 2848 1038 δε
2876 990 2991 1040 τότε
3019 991 3111 1038 καί
3149 1007 3202 1040 τι
3250 995 3508 1055 τοιοῦτον,
3555 989 3578 1041 ὀ
3623 996 3682 1062 μή
3727 1011 3839 1065 rapa.

2328 1070 2511 1127 δοῦναι
2561 1081 2732 1148 γραφῇ
2785 1083 2883 1127 τῶν
2952 1076 3011 1127 οὐ
3066 1072 3284 1129 δεόντων
3350 1076 3672 1150 ἐλογισάμην.
3729 1088 3841 1150 Λόγοι

2327 1161 2408 1216 ἐπὶ
2451 1171 2513 1236 τῇ
2569 1162 2847 1238 ωαρῥύσει
2904 1171 2999 1226 τῆς
3066 1171 3458 1219 Κωνσταντίνου
3503 1167 3843 1243 σωεγραψάμιυ,

2330 1257 2428 1304 Καὶ
2458 1253 2483 1303 6
2518 1255 2710 1314 σκοπὸς
2738 1260 2829 1304 τοῦ
2862 1252 3015 1325 λόγου
3061 1258 3196 1306 κατὰ
3246 1258 3343 1317 τὰς
3392 1254 3567 1330 ἀρχάς
3607 1256 3843 1328 εὐχαριστία

2326 1342 2386 1398 ἦν
2434 1344 2560 1413 πρὸς
2615 1344 2742 1395 Θεὸν
2792 1350 2882 1402 τῆς
2932 1346 3061 1415 πρὸς
3108 1342 3397 1417 Ῥωμαίους
3454 1347 3630 1396 τούτου
3658 1342 3841 1417 ἀγαθουρ-

2323 1437 2446 1503 γίας
2482 1437 2573 1483 καὶ
2618 1440 2712 1494 τῆς
2769 1432 3136 1504 εὐσπλάγχνου
3194 1431 3520 1509 κηδεμονίας
3578 1442 3659 1488 καὶ
3703 1435 3840 1494 ἀντιλέ-

2324 1519 2481 1592 ψεως,
2511 1522 2971 1595 συνανεκεράννυτο
3002 1518 3062 1574 δε
3085 1530 3155 1593 τῷ
3194 1522 3333 1595 λόγῳ
3380 1528 3472 1576 καὶ
3527 1524 3728 1596 (Sacrata

2324 1612 2410 1661 τὸν
2439 1607 2663 1681 βασιλέα
2709 1609 3140 1684 εὖχαριστὴριος.
3188 1611 3245 1664 Ἠ
3278 1608 3340 1665 δὲ
3372 1611 3459 1665 ἐπὶ
3486 1613 3611 1665 τέλει
3648 1621 3722 1665 τοῦ
3740 1614 3841 1683 λόγον

2325 1696 2541 1760 ἀξίωσις
2569 1700 3078 1772 συναναγορευθῆναι
3117 1709 3189 1771 τῷ
3235 1699 3452 1774 βασιλεί
3507 1707 3594 1754 καὶ
3634 1708 3764 1776 πατρὶ
3790 1706 3841 1753 τοι

2323 1785 2584 1859 βασιλέως
2631 1796 2924 1862 πρωτογενῆ
2979 1784 3171 1854 παῖδα,
3233 1794 3321 1842 τόν
3384 1794 3640 1864 Κομνηνόν
3687 1787 3839 1864 Ἀνδα-

2320 1895 2478 1929 νιχον.
2555 1882 2719 1928 Ἰὀυτο
2795 1873 3032 1930 ἐλάνθανε
3087 1882 3206 1938 τοὺς
3249 1878 3495 1943 πολλοὺς,
3551 1886 3634 1931 καὶ
3679 1880 3841 1950 μιῦιπι

2321 1973 2417 2015 τῶν
2472 1962 2522 2015 ἐν
2564 1964 2714 2030 τέλει,
2765 1965 2841 2026 οἷς
2890 1971 2978 2017 καὶ
3031 1967 3089 2017 οὑ
3143 1970 3280 2020 κατά
3330 1974 3544 2041 γνώμην
3595 1969 3768 2040 ὑπῆρχε
3802 1972 3837 2021 τὸ

2320 2060 2555 2125 πρᾶγμα.
2628 2055 2694 2105 Οἱ
2770 2057 2860 2126 μεν
2908 2057 3228 2128 προῦχοντες
3309 2066 3414 2108 τῶν
3462 2060 3719 2130 ἡμετέρων,
3753 2059 3772 2107 ό
3809 2076 3840 2109 τε

2322 2140 2853 2205 δεσπότηςἸωοὲννης
2883 2145 2909 2195 6
2957 2151 3048 2196 τοῦ
3097 2143 3357 2218 βασιλέως
3406 2142 3706 2219 αὖτοίδελφος
3746 2148 3838 2197 καὲὸ

2319 2234 2561 2308 πενθερὸς
2615 2235 2803 2285 τούτου
2853 2234 2879 2284 6
2933 2233 3371 2310 σεϐαστοχροίτωρ
3428 2226 3682 2310 Τορνίχιος
3722 2237 3757 2303 (ὁ
3776 2238 3838 2307 γὰρ

2324 2328 2528 2396 Καῖσαρ
2562 2322 3043 2396 Στρατηογόπουλος,
3072 2329 3161 2375 ιαὶ
3192 2324 3237 2377 εἰ
3278 2333 3458 2399 παρῆν
3502 2324 3550 2377 ἐν
3592 2332 3685 2385 τοῖς
3727 2326 3839 2375 τοιον-

2317 2430 2442 2480 τοις,
2498 2407 2616 2463 οὐδ’
2669 2409 2793 2471 ὅλως
2870 2408 2983 2483 εἶχε
3036 2417 3155 2488 περὶ
3206 2416 3411 2471 τούτων
3491 2409 3750 2489 φροντίδα),
3785 2414 3838 2462 τὰρ

2320 2503 2513 2552 σκοπόν
2558 2498 2856 2571 ἀγνοοῦντες
2886 2505 2973 2551 καὶ
3003 2505 3096 2559 τὴν
3146 2499 3369 2565 ἀξίωσιν
3410 2510 3503 2555 τοῦ
3558 2500 3839 2577 προϐλήματκ

2316 2589 2621 2661 ἠνάγκασαν
2678 2592 2764 2640 τόν
2832 2586 3058 2663 βασιλέα
3104 2589 3181 2642 ἐπ’
3239 2590 3493 2668 ἀκροάσει
3544 2593 3751 2662 γενέσθαι
3782 2596 3838 2639 τοῦ

2313 2676 2491 2749 λόγου.
2522 2678 2579 2730 Ὀ
2630 2674 2689 2730 δὲ
2743 2676 2993 2750 βασιλεὺς
3044 2675 3423 2751 ἐδυσχέραινεν
3463 2701 3476 2712 ·
3503 2675 3605 2738 ἤδη
3659 2685 3741 2751 γὰρ
3780 2695 3837 2749 με’

2316 2766 2605 2841 σημϐρινάς
2674 2765 2930 2838 (27)]τάς
2984 2764 3191 2829 ἀκτῖνας
3247 2770 3272 2819 6
3314 2768 3460 2830 ἣλιος
3515 2768 3691 2836 ἔϐαλλε,
3738 2766 3835 2817 χιιὶὸ

2312 2864 2404 2908 τοῦ
2431 2855 2647 2930 ἀρίστου
2677 2859 2868 2930 παρῄει
2907 2861 3112 2930 καιρός.

1436 3025 1775 3094 Theodori
1823 3026 2074 3094 Dousae
2123 3039 2191 3093 et
2234 3025 2486 3095 Leonis
2535 3027 2766 3096 Allatii
2814 3038 3023 3101 notae.

621 3222 733 3294 (27)
773 3219 915 3279 Ἤδη
946 3224 1048 3294 γὰρ
1078 3218 1457 3295 μισημϐρινάς.
1488 3219 1934 3293 Pachymerius,
1962 3237 2021 3293 p.
2060 3222 2179 3289 161,
2210 3227 2348 3279 ALL.

552 3499 3827 3540 ψ

1726 3753 2390 3897 ADDEN
2405 3754 2702 3898 DA.

1879 4266 2545 4363 MONITUM.

591 4672 811 4726 Auctor
839 4667 1143 4741 sequentis
1196 4666 1459 4724 Encomii
1490 4666 1835 4740 simpliciter
1877 4669 2119 4726 Nicetes
2147 4669 2226 4727 ab
2262 4669 2489 4728 editore
2518 4677 2785 4742 vocatur,
2815 4673 2962 4747 quin
3004 4673 3121 4730 alio
3165 4676 3412 4731 nomine
3465 4671 3812 4740 distinguatur.

523 4758 672 4823 Quia
698 4762 899 4814 autem
933 4759 987 4814 S.
1022 4755 1264 4814 Michael
1294 4760 1584 4829 patronus
1615 4761 1741 4812 erat
1770 4757 2010 4821 Chonae,
2051 4759 2256 4830 patria:
2286 4760 2502 4815 Nicetze
2530 4762 2882 4829 Acominati,
2915 4767 2970 4817 et
3001 4763 3297 4819 scribendi
3330 4779 3519 4834 genus
3546 4761 3615 4817 ad
3635 4759 3812 4815 aetatem

520 4845 702 4917 hujus
742 4847 953 4903 Nicette
983 4846 1153 4903 facile
1183 4844 1449 4915 refertur,
1482 4844 1616 4901 ideo
1646 4845 1761 4901 hoc
1790 4847 2150 4918 opusculum
2181 4848 2460 4920 operibus
2491 4850 2620 4919 ejus
2646 4851 2946 4906 accenseri
2976 4865 3156 4924 posse
3187 4854 3543 4918 censuimus,
3589 4850 3746 4905 donec
3764 4855 3811 4893 ex

522 4936 784 5008 antiquis
809 4936 1118 4993 codicibus
1143 4936 1388 5011 probari
1413 4936 1605 5009 possit
1632 4950 1741 4992 nos
1768 4950 2087 5009 perperam
2119 4942 2221 4992 aut
2250 4937 2461 4994 merito
2487 4936 2548 4993 id
2573 4938 2807 4995 fecisse.
2843 4941 2995 4995 Enn".
