4042 6214
261 263 396 317 1221

1054 258 1326 316 ΝῙΟΕΤᾹΞ
1365 261 1713 317 LAUDATIO
1755 262 1854 319 SS.
1893 261 2265 332 MICHAELIS
2307 263 2400 321 ET
2437 263 2824 323 GABRIELIS.

3478 269 3618 325 1222

257 381 3615 424 Μ

1467 545 2393 718 ΝΙΚΗΤΑ

681 843 1292 933 ΕΓΚΩΜΙΟΝ
1357 845 1532 931 ΕΙΣ
1589 844 1866 931 ΤΟΥΣ
1924 845 2340 934 ΛΓΙΟΥΣ
2397 848 3214 940 ΑΡΧΑΓΓΕΛΘΥΣ

1065 1056 1697 1178 ΜΙΧΑΗΛ
1776 1061 2052 1178 ΚΑΙ
2132 1060 2809 1182 ΓΑΒΡΙΗΛ

1471 1469 2407 1635 NICETXE

587 1775 1241 1867 LAUDATIO
1305 1770 1622 1864 SANC
1649 1771 2085 1864 TOBUM
2142 1770 3292 1870 ARCHANGELORUM

678 1999 1723 2138 MICHAELIS
1806 1999 2040 2134 ET
2122 1999 3198 2140 GABRIELIS.

632 2236 848 2308 (Edidit
875 2241 934 2293 et
965 2237 1271 2294 Latinitate
1293 2236 1541 2293 donavit
1565 2238 1766 2291 Petrus
1786 2232 2093 2303 Possinus,
2127 2235 2258 2292 Soc.
2293 2234 2456 2292 Jesu.
2483 2267 2553 2276 —
2575 2235 2802 2293 Tolosa:
2834 2241 2993 2304 1637,
3023 2237 3232 2310 1η-12.)

262 2508 476 2575 Νικὴτα
548 2499 735 2575 δούλου
817 2502 993 2560 Ἰησοῦ
1080 2511 1334 2575 Χριστοῦ,

343 2572 592 2648 ἑγκωμιον
675 2574 744 2648 εἰς
820 2578 939 2648 τοὺς
1025 2572 1208 2646 ἁγίους
1306 2572 1683 2648 ἀρχαγγέλους,
1755 2572 1865 2625 7M:-

343 2644 487 2715 χαηλ
515 2651 601 2697 καὶ
630 2644 878 2720 Γαϐριὴλ.

339 2767 559 2840 Μιχαὴλ
597 2767 814 2820 ἐπαινῶν
841 2773 928 2821 τὸν
977 2767 1206 2842 Γαϐριὴλ
1259 2768 1599 2842 ἐπαινέσομαι
1629 2789 1641 2800 ·
1677 2770 1866 2819 ταυτὸν

261 2859 367 2929 γὰρ
406 2857 629 2929 Μιχαὴλ
667 2863 756 2910 καὶ
795 2857 1024 2932 Γαϐριὴλ
1062 2857 1282 2910 ἐπαινεῖν
1325 2880 1338 2892 ·
1381 2860 1460 2911 ὅτι
1511 2858 1623 2918 ὅλος
1658 2856 1706 2909 ἐν
1745 2856 1864 2927 ὅλῳ,

271 2947 508 3019 ἑκάτερος
577 2945 625 2998 ἐν
705 2947 946 3022 ἐκατέρῳ,
1026 2954 1298 3020 συμφωνίᾳ
1376 2967 1430 2999 τε
1465 2954 1692 3019 γνώμης,
1777 2950 1866 2997 καὶ

261 3037 469 3106 φύσεως
523 3037 838 3093 καθέστηκεν
921 3035 1176 3108 ἰσοτιμίᾳ.
1265 3035 1452 3108 ’Ἄμφω
1539 3033 1597 3088 δὲ
1653 3040 1866 3098 τούτους

259 3122 503 3191 ἐπαινῶν,
558 3124 627 3184 εἰς
698 3129 827 3178 Θεὸν
882 3123 1074 3177 ἀνοὶσω
1127 3127 1214 3176 τὸν
1271 3127 1474 3177 ἔπαινον
1505 3146 1517 3158 ο
1551 3126 1631 3176 ὅτι
1690 3131 1864 3177 πᾶσαν

258 3217 416 3264 αυτοὶ
445 3216 538 3269 τὴν
586 3212 944 3285 μεγαλοπρεπῆ
1001 3222 1096 3273 τῆς
1139 3215 1392 3287 θεαρχίας
1443 3209 1601 3275 δόξαν
1654 3211 1701 3263 ἐν
1750 3213 1864 3265 ἑαυ-

257 3309 375 3360 τοίς
405 3303 595 3372 ἔχουσι
630 3301 1012 3374 συνειληφότες.
1073 3304 1307 3374 Νεύματί
1363 3305 1460 3376 γὰρ
1521 3300 1732 3376 ἀχρόνῳ
1783 3303 1860 3373 (1)

255 3397 472 3462 πρώταν
502 3389 614 3462 ἅμα
641 3399 752 3451 τοῖς
787 3395 924 3452 νόοις
952 3390 1088 3453 ὅλοις
1117 3393 1142 3442 ὁ
1172 3399 1286 3451 νοῦς
1311 3392 1336 3442 ὁ
1379 3399 1583 3463 πρῶτος
1632 3392 1862 3448 ὑποστὴο

259 3497 386 3546 σας,
417 3485 653 3550 πρώτους
694 3475 753 3531 δὲ
809 3481 1020 3540 τούτους
1075 3487 1137 3552 τῇ
1176 3479 1316 3542 τάξει
1357 3487 1683 3538 καταστῆναι
1732 3478 1861 3551 βου-

252 3566 458 3631 ληθεὶς,
497 3575 605 3629 πὼς
645 3565 706 3618 ἂν
762 3567 926 3629 ἄλλως
983 3577 1072 3628 τῆς
1111 3568 1474 3642 ὑπερεχούσης
1528 3565 1696 3630 δόσης
1746 3588 1864 3642 μετ-

254 3653 428 3708 έδωκε
469 3660 558 3707 καὶ
613 3654 978 3729 λαμπρότητος
1029 3659 1059 3716 ἦ
1129 3657 1380 3730 καλλίστῃ
1449 3663 1538 3710 καὶ
1600 3657 1861 3732 ἀκροτάτη

253 3746 393 3818 πρὸς
477 3743 632 3796 αὑτὸν
699 3751 1043 3819 κεχρημένοις
1096 3747 1368 3819 ὁμοιότητι
1427 3763 1441 3813 ;
1493 3746 1631 3799 Ἐπεὶ
1677 3743 1736 3798 δὲ
1791 3755 1864 3818 τῷ

1417 2511 1507 2555 τοῦ
1561 2501 1864 2574 φιλοσόφου,

1979 2500 2197 2556 Νίιιειεθ
2207 2503 2510 2558 serviJesu
2535 2502 2784 2570 Christi,
2810 2502 3178 2574 philosophi,
3205 2503 3478 2561 laudatio
3488 2520 3628 2566 san-

2048 2578 2280 2628 ctorum
2301 2574 2824 2643 Archangelorum
2870 2575 3188 2632 Michaelis
3217 2581 3274 2631 et
3315 2575 3613 2634 Gabrielz's

2046 2765 2386 2823 Michaelem
2406 2766 2664 2824 laudans
2689 2767 3020 2824 Gabrielem
3037 2783 3284 2841 quoque
3310 2769 3579 2827 laudabo
3610 2789 3625 2824 :

1974 2853 2209 2910 laudari
2240 2856 2467 2927 quippe
2499 2856 2644 2912 alter
2689 2855 2928 2912 illorum
2952 2858 3180 2929 nequit,
3205 2863 3266 2913 ut
3279 2857 3414 2913 laus
3445 2859 3629 2916 etiam

1974 2942 2051 2998 ad
2079 2943 2332 2998 alterum
2357 2943 2572 2998 eadem
2620 2959 2743 2999 non
2773 2944 3066 3016 pertineat
3099 2961 3112 2998 :
3144 2960 3285 3000 cum
3315 2944 3447 3001 illos
3474 2945 3628 3002 invi-

1975 3045 2105 3086 cem
2163 3031 2486 3086 consensio
2519 3030 2886 3101 judiciorum
2937 3037 2994 3086 et
3031 3031 3344 3103 aequalitas
3391 3036 3626 3088 naturae

1972 3122 2186 3174 mutuo
2261 3118 2502 3174 vinculo
2558 3118 2998 3189 conjunctionis
3059 3119 3284 3175 intimae
3350 3121 3616 3191 copulet.

1973 3206 2203 3262 Ambos
2246 3223 2425 3279 porro
2453 3207 2634 3262 hosce
2657 3206 2916 3262 laudans
2958 3207 3146 3263 Deum
3189 3223 3436 3280 quoque
3465 3223 3628 3266 com-

1972 3296 2257 3351 munione
2277 3296 2406 3366 ejus
2438 3296 2636 3351 laudis
2661 3295 2990 3367 amplectar
3021 3313 3034 3350 :
3061 3296 3222 3368 quod
3256 3311 3502 3354 omnem
3531 3297 3630 3358 isti

1972 3382 2483 3453 magniﬁcentiam
2525 3385 2744 3441 divinae
2774 3383 2978 3453 glorise
3021 3385 3523 3457 comprehensam
3563 3387 3628 3444 in

1973 3487 2035 3527 se
2063 3477 2504 3544 repraesentem.
2539 3476 2684 3530 Cum
2715 3475 2875 3530 enim
2915 3489 3019 3530 eos
3055 3476 3322 3546 primum
3347 3475 3627 3548 omnipo-

1972 3561 2116 3616 tenti
2145 3567 2294 3617 nutu
2323 3567 2460 3618 ante
2487 3578 2668 3618 omne
2713 3568 2953 3636 tempus
2981 3579 3122 3620 cum
3165 3563 3294 3620 aliis
3325 3564 3505 3621 simul
3540 3564 3630 3622 in-

1973 3649 2305 3719 telligentiis
2327 3651 2605 3723 princeps
2633 3651 3372 3722 intelligentialcondiderit
3389 3669 3461 3710 eo
3487 3667 3629 3711 con-

1975 3739 2103 3795 silio
2132 3745 2197 3795 ut
2225 3740 2629 3813 principatum
2655 3758 2692 3798 a
2717 3757 2782 3798 se
2809 3758 2932 3799 una
2960 3742 3021 3798 in
3051 3757 3262 3798 omnes
3291 3742 3510 3800 deinde
3539 3759 3630 3800 re-

257 3835 430 3904 ὀμοίῳ
457 3837 515 3885 τὸ
572 3835 746 3906 ὅμοιον
799 3836 914 3886 κατ’
964 3833 1240 3907 ἀναλογίαν
1279 3844 1375 3898 τῆς
1425 3837 1732 3907 ὁμοιότητος
1783 3838 1865 3888 ἑν-

1979 3827 2167 3900 liquas
2216 3829 2588 3886 obtinerent:
2618 3846 2742 3886 non
2789 3837 3063 3888 ornasset
3102 3831 3234 3887 illos
3267 3847 3412 3888 sane
3462 3837 3629 3889 tanta

258 3924 536 3996 θεωρεῖται
564 3943 576 3955 ο
619 3926 696 3980 εἰη
730 3923 836 3974 δινό
881 3927 1075 3976 τούτων
1125 3927 1324 3985 ἔπαινος
1374 3931 1466 3976 τοῦ
1518 3927 1586 3985 ὡς
1643 3923 1692 3976 ἐν
1753 3923 1866 3978 ἐσό-

254 4029 446 4082 πτροις
531 4011 707 4073 αὐτοῖς
797 4009 1146 4075 ἀκηλιδώτοις
1225 4012 1626 4088 ἔνθεωρουμένου
1709 4021 1863 4069 Θεοῦ.

257 4101 400 4153 Θεὸν
441 4095 498 4152 δὲ
528 4099 747 4152 ἐπαινῶν
801 4108 934 4155 Θεοῦ
973 4121 1064 4173 μοι
1099 4098 1183 4154 δεῖ
1208 4106 1506 4177 παρουσίας
1535 4105 1604 4164 ὡς
1631 4105 1865 4175 πνεύμα-

254 4209 354 4249 τος
379 4194 467 4241 καὶ
506 4193 694 4260 φωτὸς,
746 4193 806 4242 τὸ
858 4194 968 4262 μὲν,
1031 4192 1113 4243 ἶνα
1158 4191 1428 4265 λαμπρύνῃ
1490 4196 1580 4244 καὶ
1629 4213 1864 4264 καταφω-

255 4281 391 4349 τίζῃ
421 4281 508 4328 τὸν
538 4279 781 4352 ἡμέτερον
823 4286 960 4348 νοῦν,
1017 4284 1104 4331 καὶ
1163 4287 1343 4332 τοῦτον
1404 4281 1625 4352 θεωριῶν
1678 4279 1868 4355 ἀκραι-

257 4367 562 4439 φνεο-τοὶτων
613 4365 832 4441 ἀποτελῇ
896 4371 1082 4443 θεωρὸν
1115 4389 1128 4401 ·
1161 4373 1220 4420 τὸ
1272 4377 1474 4442 πνεῦμα
1506 4367 1565 4422 δὲ
1593 4371 1768 4437 πάλιν,
1799 4369 1866 4422 ἶν’

259 4458 444 4518 ὥσπερ
487 4453 687 4528 ὀργάνῳ
733 4461 836 4509 τινὶ
886 4455 1080 4528 λογικῷ
1130 4465 1193 4530 τῇ
1245 4454 1454 4530 διανοίᾳ
1503 4462 1594 4510 καὶ
1645 4459 1864 4532 γλώσσῃ

260 4535 626 4609 χρησάμενον,
680 4539 812 4610 πρὸς
865 4534 1052 4610 ἀκριϐῆ
1129 4547 1226 4589 τῶν
1295 4539 1649 4609 θεωρουμένων
1710 4539 1868 4612 ἑρμη-

259 4627 406 4676 νείαν
455 4631 570 4684 ταῖς
624 4629 912 4696 πανσόφοις
985 4625 1145 4678 αὐτοῦ
1211 4628 1538 4678 κατευθύνειν
1596 4625 1869 4698 ἐμπνεύσα-

264 4732 378 4764 σιν.
409 4711 580 4784 ⁷ῼτινι
608 4715 739 4784 μετὰ
777 4709 864 4765 οὖν
913 4713 1110 4787 ὑπῆρξε
1165 4718 1292 4787 πρὸς
1336 4721 1434 4766 πᾶν
1496 4713 1682 4787 ἀρετῆς
1735 4711 1870 4776 εἶδος

262 4804 689 4874 καταρτιζομένῳ
767 4807 856 4854 καὶ
933 4805 1326 4876 κατορθουμένῳ
1408 4805 1869 4877 χειραγωγηθῆναι

264 4893 360 4964 μὲν
392 4886 485 4941 διὰ
517 4887 638 4962 βίου
669 4895 799 4964 πρὸς
829 4893 1063 4966 θεωρίαν,
1099 4891 1152 4943 ἐκ
1185 4895 1401 4964 θεωρίας
1444 4889 1503 4944 δὲ
1551 4896 1683 4966 πρὸς
1740 4894 1868 4944 θεω-

264 4983 386 5050 ρίαν
437 4977 732 5048 υψωθῆναι,
778 4985 865 5032 καὶ
919 4980 1037 5032 ὅλου
1090 4984 1179 5047 μὲν
1231 4987 1327 5032 τοῦ
1404 4978 1720 5053 βλεπομένου
1778 4985 1868 5032 κό-

267 5085 430 5138 σμου,
478 5072 568 5120 καὶ
615 5076 710 5129 τῆς
761 5067 809 5120 ἐν
867 5069 1006 5139 αὐτῷ
1055 5073 1406 5141 ματαιότητος
1463 5075 1553 5122 καὶ
1609 5069 1867 5142 ἀκοσμίας

1975 3917 2162 3988 gloria
2191 3922 2422 3990 quanta
2443 3919 2521 3974 ad
2546 3923 2672 3975 tam
2701 3919 3088 3976 excellentem
3117 3919 3470 3990 dignitatem
3500 3935 3630 3976 sus-

1975 4006 2283 4062 tinendam
2339 4023 2493 4079 opus
2569 4011 2677 4078 est,
2737 4008 2856 4064 nisi
2910 4007 3379 4080 pulcherrimam
3422 4007 3485 4063 in
3541 4007 3628 4064 eis

1973 4095 2308 4166 quamdam
2330 4099 2386 4150 et
2409 4095 2906 4167 perfectissimam
2932 4096 3025 4152 sui
3053 4095 3506 4152 similitudinem
3529 4111 3629 4152 ex-

1973 4182 2309 4254 pressisset.
2359 4186 2682 4254 Postquam
2728 4189 2932 4240 autem
2964 4183 3156 4240 simile
3199 4183 3261 4239 in
3301 4182 3475 4239 simili
3519 4199 3625 4253 pro

1976 4269 2380 4326 similitudinis
2410 4271 2638 4327 ratione
2659 4271 2938 4338 cernitur,
2965 4271 3100 4328 laus
3121 4271 3325 4344 utique
3350 4288 3484 4345 quae
3511 4271 3626 4330 illis

1975 4375 2214 4432 cunque
2261 4360 2569 4427 tribuetur,
2606 4361 2706 4418 Dei
2752 4377 3020 4434 quoque,
3051 4361 3226 4433 cujus
3254 4360 3336 4417 illi
3367 4361 3630 4434 speciem

1977 4449 2358 4521 speculorum
2416 4449 2609 4505 instar
2660 4451 3207 4507 mundissimorum
3262 4451 3627 4522 exprimunt,

1975 4539 2220 4610 propria
2250 4539 2572 4610 putabitur.
2605 4542 2790 4596 Deum
2821 4555 3002 4612 porro
3037 4538 3311 4596 laudanti
3357 4539 3459 4596 Dei
3479 4539 3631 4597 mihi

1973 4628 2103 4698 jam
2125 4629 2444 4699 praesentia
2471 4628 2663 4700 ipsius
2689 4644 2842 4700 opus
2867 4635 2978 4701 est,
2999 4633 3206 4700 utpote
3227 4632 3286 4684 et
3313 4628 3554 4700 spiritus
3572 4633 3630 4684 et

1977 4714 2219 4770 luminis
2247 4732 2261 4770 :
2287 4715 2514 4771 lumine
2537 4715 2778 4786 indigeo
2803 4732 2925 4787 quo
2947 4731 3119 4770 mens
3148 4715 3470 4770 illustretur
3491 4729 3630 4769 mea

1978 4807 2035 4857 et
2070 4803 2527 4872 purissimarum
2574 4803 2680 4859 ﬁat
2725 4799 3304 4874 con'templationum
3338 4817 3625 4872 compos;
3710 4831 3720 4839 η

1972 4906 2185 4946 rursus
2211 4906 2353 4945 vero
2380 4890 2588 4962 spiritu
2617 4893 2722 4962 qui
2749 4896 2946 4947 mente
2975 4891 3301 4960 linguaque
3331 4903 3468 4946 mea
3495 4892 3628 4946 tan-

1975 4993 2164 5050 quam
2191 4979 2602 5034 instrumentis
2625 4984 2800 5034 utens
2833 4979 2914 5034 ad
2939 4977 3231 5051 liquidam
3261 4977 3629 5051 contempla-

1975 5067 2135 5122 tione
2178 5072 2598 5139 perceptarum
2641 5080 2842 5122 rerum
2888 5066 3348 5139 explicationem
3385 5067 3510 5124 suis
3538 5083 3631 5126 sa-

265 5155 675 5230 ῠπεραναϐῆναι,
725 5156 860 5218 ἐντὸς
914 5155 974 5210 δέ
1028 5166 1120 5218 τῆς
1168 5159 1524 5232 ὑπερκοσμίου
1580 5167 1680 5210 τῶν
1721 5161 1865 5211 θείων

1979 5155 2364 5228 pientissimis
2391 5155 2887 5228 inspirationibus
2918 5155 3162 5228 dirigat.
3223 5157 3376 5215 Sane
3406 5157 3456 5214 si
3492 5159 3630 5232 quis

349 5349 690 5430 {timeam}
735 5354 836 5426 γὰρ
885 5350 1115 5426 ἀχρὸνῳ,
1160 5357 1272 5408 etc.
1313 5354 1477 5430 _Hinc
1506 5352 1870 5430 intelligitur

276 5421 648 5478 existimasse
659 5421 820 5480 hune
836 5421 1142 5480 auctorem
1155 5421 1403 5492 angelos
1419 5426 1555 5480 ante
1567 5421 1868 5481 mundum

278 5497 334 5567 et
361 5497 495 5567 ante
524 5508 704 5567 omne
728 5504 966 5567 tempus
995 5493 1289 5567 conditos,
1319 5510 1440 5567 qua
1464 5494 1527 5551 in
1558 5496 1870 5567 sententia

273 5561 541 5636 plerique
569 5564 714 5622 olim
762 5561 1113 5624 sanctorum
1157 5561 1418 5635 fuerunt,
1457 5570 1519 5624 et
1550 5565 1706 5624 inter
1736 5565 1865 5640 eos,
1971 5595 1980 5604 -

1975 5352 2144 5427 quod
2189 5353 2452 5427 Nicetam
2482 5352 2647 5427 hunc
2679 5352 2897 5426 opinor
2923 5351 3225 5427 praecipue
3261 5353 3468 5427 movit,
3499 5368 3633 5410 san-

1973 5423 2075 5496 tiis
2105 5424 2422 5495 Gregorius
2447 5423 2869 5496 Nazianzenus,
2893 5423 3274 5496 oratione:38.
3299 5423 3406 5482 Illa
3427 5428 3632 5486 tamen

1971 5495 2182 5570 opinio
2209 5494 2414 5554 minus
2443 5496 2626 5554 hodie
2645 5495 2940 5569 theologis
2962 5494 3274 5570 probatur.
