4042 6214
586 301 724 363 1223

3605 0 3786 14 ,τν-Ῠτ
3817 0 3824 6 _

2077 272 2434 340 ADDENDA.
3741 279 3836 343 in;

585 431 760 486 fuerit
803 427 1008 484 divina
1052 423 1320 498 quadam
1352 432 1541 475 manu
1588 413 1665 470 ad
1709 423 1952 467 omnem
2006 405 2236 462 virtutis

2342 408 2468 459 νόων
2519 407 2776 464 θειότητος
2849 404 3217 475 χρηματίσαι.
3263 403 3361 454 Καὶ
3415 400 3739 476 λαμπρυνέσθω
3785 415 3842 464 μέλ
3932 439 3933 498 1

585 534 864 576 normam
892 495 1324 573 conformatus,
1355 508 1432 565 ad
1455 518 1721 575 unguem
1741 501 1933 556 factus
1962 495 2234 569 quidam,

587 607 926 665 ofﬁciorum
974 602 1248 660 omnium
1302 594 1609 668 diligentia
1661 593 1924 656 exactus,
1991 585 2096 658 qui
2165 599 2238 641 ea

586 697 892 754 sanctitate
925 693 1054 750 vitae
1082 691 1160 748 ad
1190 683 1756 759 contemplationem
1807 675 2233 744 manuductus,

583 803 689 862 per
710 786 840 856 ejus
871 782 1092 854 gradus
1120 780 1198 836 ad
1236 795 1370 835 eam
1402 793 1464 830 se
1487 771 1716 830 attollat
1746 767 2006 839 denique
2034 779 2237 821 arcem

583 876 798 932 mentis
823 891 895 931 ac
916 871 1165 938 consilii,
1191 874 1256 926 ut
1280 868 1436 924 illinc
1468 861 1768 921 mundum
1789 870 2033 914 omnem
2051 853 2235 910 istum

585 963 1014 1038 aspectabilem
1065 962 1314 1034 ejusque
1371 954 1638 1014 fallacias
1687 966 1756 1006 ac
1790 946 2084 1003 vanitates
2117 943 2236 1000 alte

585 1069 1007 1128 supergressus
1037 1031 1345 1123 despiciat,
1381 1045 1658 1102 admotus
1695 1043 1894 1094 autem
1927 1031 2123 1099 choris
2154 1032 2237 1088 di-

582 1145 863 1200 vinarum
895 1121 1180 1198 mentium
1213 1133 1675 1194 familiaritatem
1707 1144 1845 1184 cum
1893 1129 2060 1180 tanta
2109 1121 2235 1178 illa-

583 1250 720 1291 rum
750 1232 1107 1288 sublimitate
1139 1245 1209 1286 ac
1238 1224 1555 1300 splendore
1584 1218 2001 1276 beatissimam
2028 1226 2232 1268 coram

2347 495 2495 554 οὗτος
2540 495 2627 545 τὸν
2705 499 2822 544 νοῦν
2873 498 2984 552 ταῖς
3055 491 3494 563 ὑπερφαεστάταις
3538 507 3844 566 μαρμαρυγαῖς.

2344 582 2673 655 ἐπιλαμπέτω
2742 577 2800 633 δὲ
2857 586 2946 632 καὶ
2999 579 3170 642 οὒλοις
3225 582 3308 632 τὸν
3363 585 3605 652 φωτισμὸν
3632 603 3642 614 ·
3670 559 3846 658 χάὶπδάγξ

2343 690 2475 745 μασι
2535 668 2878 723 πανευσεϐέσι
2925 673 3014 722 καὶ
3051 674 3281 742 νοήμασι
3338 674 3630 740 πανευαγέσι
3654 677 3727 730 τὴν
3753 675 3847 728 ἱερέα

2344 759 2652 818 Ἐκκλησίαν
2701 757 3091 831 καταγλαῑζέτω
3156 762 3244 810 καὶ
3296 763 3658 830 κατατερπέτω,
3720 731 3849 831 {logi/,3

2343 847 2404 903 δέ
2449 852 2642 902 τούτων
2699 848 2953 907 ἑστηκετω
3011 851 3155 910 ὅστις
3187 849 3433 910 τοιαύτης
3465 845 3751 902 ἀπολείπεται
3777 817 3852 922 ,μει-

2342 944 2668 1015 καριότητος,
2721 943 2811 991 καὶ
2863 939 2891 998 ἡ
2946 947 3045 990 τῶν
3083 940 3272 990 ἄνωθεν
3320 941 3472 1010 μόνον
3524 936 3760 1009 ἀκροάσθω
3786 961 3852 1011 φω-

2343 1039 2460 1095 νῶν,
2494 1033 2536 1081 εἳ
2565 1047 2698 1090 τινος
2718 1029 2821 1104 ἄρα
2859 1032 3107 1089 συνέσεως
3153 1030 3388 1100 μετέχοι,
3445 1027 3473 1085 ἡ
3526 1024 3651 1099 μηδὲ
3693 1032 3851 1096 τοὺτων,

2346 1120 2414 1179 ὡς
2495 1119 2662 1176 πάντη
2741 1115 2961 1190 βέϐηλος
3039 1120 3129 1168 καὶ
3172 1123 3442 1189 μυστικῶν
3505 1114 3672 1188 λογίων
3709 1115 3853 1180 ἀνάξιος

2347 1206 2661 1280 ἐλεγχέσθω.

586 1328 642 1380 et
671 1323 944 1379 cominus
991 1322 1256 1390 usurpet,
1307 1318 1498 1371 macte
1547 1312 1595 1366 is
1639 1308 1902 1382 primum
1946 1303 2060 1358 ista
2089 1299 2362 1356 felicitate
2393 1297 2482 1367 sit,
2518 1301 2574 1352 et
2614 1296 2675 1351 in
2730 1293 3050 1368 complexu
3097 1297 3274 1350 tantm
3321 1291 3524 1364 glorias
3566 1293 3784 1363 gaudeat
3818 1295 3854 1351 in

587 1413 724 1468 sinu
752 1431 763 1464 :
800 1417 924 1467 tum
951 1409 1130 1480 hujus
1168 1424 1292 1462 suae
1324 1408 1498 1461 tantm
1547 1381 1696 1455 lucris
1740 1409 1986 1451 usuram
2042 1391 2308 1462 aliquam
2357 1391 2413 1442 et
2440 1385 2641 1441 radios
2675 1384 2804 1440 aliis
2835 1382 3152 1456 impertiat,
3186 1381 3575 1455 Ecclesiaaque
3604 1399 3756 1439 sacrae
3779 1400 3856 1457 qua

586 1508 746 1558 recta
803 1473 1132 1565 sentiendo,
1187 1511 1310 1568 qua
1367 1492 1661 1564 sapienter
1719 1482 2051 1554 excogitata
2089 1480 2183 1552 pie
2225 1475 2601 1550 proferendo,
2651 1480 2708 1531 et
2754 1475 3134 1547 splendorem
3178 1473 3257 1529 ad
3308 1479 3585 1530 ornatum
3632 1473 3798 1530 afferat
3823 1481 3859 1530 et

588 1593 847 1646 fructum
896 1587 974 1643 ad
1001 1562 1388 1657 voluptatem.
1439 1562 1656 1636 Procul
1685 1575 1824 1632 hinc
1874 1575 2072 1627 autem
2125 1584 2185 1623 se
2216 1570 2597 1622 summoveat
2625 1581 2806 1638 quem
2855 1564 3036 1635 hujus
3069 1569 3190 1619 tam
3239 1562 3429 1618 beatae
3463 1562 3639 1635 copim
3680 1562 3856 1618 facultas

588 1679 788 1735 deﬁcit
818 1696 831 1733 ε
866 1682 922 1732 et
947 1680 1051 1732 aut
1082 1691 1142 1730 se
1175 1675 1252 1729 ad
1284 1668 1618 1744 captandos
1668 1663 1993 1720 emlestium
2023 1673 2241 1714 vocum
2280 1670 2480 1720 sonos,
2515 1652 2768 1710 modesti
2811 1652 3021 1708 silentii
3052 1651 3248 1723 quiete
3288 1657 3627 1723 componat,
3670 1651 3709 1705 si
3733 1668 3856 1724 quem

589 1785 660 1825 ea
699 1767 1058 1824 demissione
1086 1765 1146 1819 in
1180 1777 1356 1818 suam
1387 1759 1534 1816 forte
1563 1753 1960 1812 humilitatem
2002 1751 2180 1820 queat
2217 1745 2437 1801 altioris
2469 1743 2770 1815 sapientiae
2802 1740 3063 1797 rivulum
3094 1740 3358 1797 derivare
3389 1757 3401 1794 :
3437 1741 3526 1796 sin
3556 1756 3625 1794 ne
3657 1741 3747 1796 hoc
3775 1743 3856 1812 qui-

589 1857 728 1914 dem
757 1860 1067 1929 expectare
1097 1851 1362 1913 sustinet,
1415 1854 1542 1904 tum
1572 1847 1620 1901 is
1652 1855 2007 1900 arcanorum
2051 1850 2394 1893 sermonum
2436 1831 2718 1902 indignus
2749 1829 3129 1894 conscientia,
3176 1833 3240 1884 ut
3281 1829 3557 1902 impurus
3585 1843 3784 1901 prorsus
3812 1844 3854 1883 ac

587 1947 880 2022 profanus
907 1943 1155 2017 quidam
1183 1940 1496 1997 habeatur.

659 2036 1017 2108 Principium
1046 2047 1225 2106 porro
1252 2026 1543 2084 sermonis
1573 2023 1726 2079 Deus
1755 2022 1806 2078 is
1835 2019 1957 2093 qui,
2001 2023 2066 2073 ut
2094 2030 2231 2071 cum
2270 2007 2313 2063 Β

587 2107 880 2198 scriptura
926 2124 1160 2195 loquar,
1214 2133 1408 2190 neque
1452 2114 1686 2171 initium
1732 2111 1984 2178 dierum,
2017 2107 2232 2177 {neque

587 2216 770 2270 ﬁuem
797 2213 934 2269 vitae
962 2211 1164 2278 habet,
1198 2208 1302 2266 sed
1331 2207 1409 2262 ab
1457 2204 1624 2260 omni
1655 2199 1979 2257 aeternitate
2009 2197 2068 2252 in
2099 2211 2235 2250 om-

587 2320 726 2359 nem
753 2300 1210 2374 perpetuitatem
1239 2293 1523 2367 temporis
1551 2304 1786 2362 semper
1812 2277 1919 2343 est.
1955 2284 2065 2351 Qui
2096 2297 2234 2339 cum

585 2391 785 2448 bonus
831 2390 922 2454 sit,
960 2392 1081 2456 aut,
1135 2390 1198 2441 ut
1235 2383 1482 2457 propius
1530 2397 1657 2436 rem
1697 2377 1876 2434 verbo
1925 2388 2232 2445 assequar,

587 2482 719 2555 ipsa
737 2479 994 2546 bonitas,
1022 2480 1077 2534 et
1092 2472 1370 2548 perennis
1390 2467 1670 2529 bonitatis
1698 2467 1851 2536 fons,
1884 2464 2087 2536 utique
2114 2475 2237 2517 non

589 2570 796 2626 debuit
842 2568 902 2622 in
947 2565 1260 2623 solitudine
1307 2572 1752 2623 consenescere,
1804 2559 1907 2610 aut
1953 2550 2234 2608 bonitatis

591 2657 848 2732 propriae
891 2655 1116 2711 deliciis
1146 2651 1304 2708 solus
1335 2650 1468 2706 frui.
1512 2651 1710 2718 Neque
1741 2643 1900 2699 enim
1931 2641 1992 2696 id
2022 2644 2239 2696 natura

585 2748 736 2804 boni
759 2745 998 2818 patitur,
1034 2760 1095 2798 se
1121 2746 1184 2798 ut
1213 2755 1402 2796 unum
1431 2739 1751 2802 intueatur,
1773 2746 1966 2803 neque
2007 2729 2137 2800 ejus
2178 2727 2238 2782 in

589 2853 712 2908 quo
741 2835 894 2891 inest
925 2830 1187 2889 utilitatis
1215 2829 1340 2885 vim
1387 2821 1819 2882 circumscribit
1847 2834 2023 2874 suam
2060 2815 2237 2871 bene-

587 2905 846 2982 ficentia.
879 2925 1198 2979 Summum
1236 2917 1414 2988 igitur
1441 2914 1670 2970 bonum
1701 2907 2035 2982 oportebat,
2069 2905 2140 2961 ad
2177 2919 2238 2960 se

594 3013 966 3074 adducendis
1005 3012 1064 3067 in
1114 3024 1295 3081 seque
1343 3001 1689 3073 colligendis
1731 2999 1910 3056 rebus
1956 2993 2238 3052 omnibus

592 3102 1061 3162 redundantiam
1090 3094 1449 3171 profusionis
1470 3108 1593 3148 sum
1633 3089 1958 3155 declarare,
2001 3084 2236 3140 institu-

588 3198 842 3266 tumque
869 3191 928 3247 in
955 3205 1024 3246 eo
1054 3192 1280 3245 naturaa
1327 3188 1521 3240 tenere
1563 3178 1822 3254 propria:
1858 3195 1871 3234 :
1914 3175 2085 3245 cujus
2111 3173 2234 3229 sin-

591 3264 814 3355 gularis
865 3281 1062 3336 unitas
1119 3276 1238 3332 vim
1290 3272 1474 3330 habet
1536 3267 1873 3325 mirabilem
1929 3264 1990 3320 in
2045 3277 2235 3317 unum

590 3372 796 3430 omnia
825 3366 1148 3427 conﬂandi.
1184 3365 1322 3436 Ejus
1347 3362 1548 3434 itaque
1570 3355 1987 3416 conciliatione
2017 3350 2234 3408 coelum

589 3468 756 3520 terrae
792 3460 1180 3531 conjunctum
1223 3457 1334 3509 est.
1367 3449 1614 3513 (Icelum,
1661 3447 1934 3518 inquam,
1968 3441 2091 3496 sive
2130 3438 2236 3511 qui

591 3552 704 3608 alio
748 3528 944 3618 magis
972 3543 1214 3618 proprio
1269 3536 1668 3612 appellandus
1697 3538 1784 3590 est
1813 3531 2053 3589 nomine
2101 3528 2233 3584 uni-

587 3654 796 3696 versus
851 3617 1000 3692 ordo
1053 3633 1543 3702 incorporearum
1597 3622 1906 3685 mentium,
1963 3619 2039 3676 ab
2088 3617 2236 3674 anti-

588 3725 900 3800 quioribus
940 3718 1230 3789 theologis
1275 3717 1336 3772 in
1373 3720 1488 3771 tres
1535 3710 1899 3770 hierarchias
1947 3706 2236 3764 trifariam

589 3797 942 3874 distributus
973 3813 1084 3867 est.
1153 3807 1346 3864 Prima
1389 3803 1636 3876 quidem
1679 3800 1948 3857 omnium
1989 3797 2115 3852 aliis
2146 3811 2236 3851 or-

587 3907 725 3964 dine
754 3903 995 3960 inferior
1019 3915 1092 3955 ex
1117 3896 1335 3954 sanctis
1361 3892 1608 3963 angelis,
1657 3895 1783 3947 tum
1824 3905 1897 3945 ex
1930 3885 2237 3942 sanctiori-

585 3997 701 4054 bus
760 3988 1162 4060 Archangelis.
1237 3983 1500 4056 Denique
1569 3997 1642 4036 ex
1719 3974 2232 4050 praestantioribus

586 4085 852 4156 utrisque
880 4081 995 4137 illis
1054 4073 1489 4146 Principatibus
1538 4068 1836 4126 concinna
1884 4063 2233 4137 gradatione

587 4154 934 4232 continuata
960 4167 1106 4224 serie
1151 4162 1543 4221 constituitur.
1576 4158 1774 4214 Altera
1802 4171 1942 4210 vero
1967 4154 2074 4208 hac
2101 4167 2232 4223 pro-

586 4265 746 4320 xime
772 4259 1041 4332 superior
1084 4271 1155 4311 ex
1208 4251 1456 4309 excelsis
1502 4245 1915 4310 Potestatibus,
1955 4240 2235 4298 excelsio-

588 4352 753 4409 ribus
785 4329 1129 4414 Virtutibus,
1161 4348 1218 4399 et
1251 4341 1512 4412 utrisque
1553 4337 1679 4393 istis
1704 4332 2003 4406 prioribus
2040 4329 2233 4399 digni-

590 4441 724 4499 tatis
755 4438 964 4495 ordine
993 4429 1510 4490 Dominationibus
1557 4427 1708 4481 inter
1739 4439 1802 4478 se
1858 4420 2114 4477 invicem
2144 4434 2235 4474 or-

588 4528 810 4586 dinatis
840 4527 1090 4582 constat.
1141 4519 1330 4576 Tertia
1375 4518 1621 4574 demum
1672 4529 1808 4585 quae
1859 4513 1916 4566 et
1961 4508 2235 4565 omnium

589 4634 875 4694 suprema
902 4612 1115 4687 triplici
1155 4611 1298 4667 item
1341 4606 1551 4664 ordine
1577 4601 1904 4660 coniicitur.
1958 4597 2226 4654 Primum

588 4726 799 4770 eorum
861 4706 1203 4764 divinorum
1319 4697 1640 4770 spirituum
1685 4691 1790 4764 qui
1857 4687 2236 4761 appellantur

2415 2011 2584 2086 Ἀρχὴ
2621 2004 2979 2081 diro-31670:;
3012 2011 3161 2078 Θεὸς,
3209 2007 3262 2069 ὃς
3317 2003 3423 2060 οὔτ’
3484 2007 3650 2081 ἀρχὴν
3697 2007 3852 2079 ἡμερῶν,

2343 2103 2458 2153 οὔτε
2486 2101 2626 2162 ζωῆς
2656 2099 2796 2162 τελος
2819 2102 2974 2170 ἔχων,
3007 2101 3143 2150 κατὰ
3162 2101 3254 2156 τὴν
3298 2101 3509 2170 Γραφήν
3543 2117 3554 2129 ·
3610 2097 3670 2146 ὧν
3715 2092 3760 2146 τῖε
3793 2094 3852 2157 cxi,

2344 2185 2526 2247 ἐπειδὴ
2570 2187 2763 2259 ἀγαθὸς
2817 2184 2898 2252 ἦν,
2958 2188 2986 2246 ἦ
3045 2191 3158 2258 τόγε
3217 2185 3430 2259 ἀκριϐὲς
3479 2185 3646 2255 εἰπεῖν,
3699 2183 3854 2252 aiter/a-

2346 2280 2520 2347 θότης,
2562 2281 2649 2328 καὶ
2681 2275 2998 2336 ἀνέκλειπτος
3048 2275 3376 2347 ἁγαθὸτητος
3429 2281 3591 2346 πηγὴ,
3639 2273 3719 2324 οὐκ

2342 2365 2422 2420 λιν
2512 2368 2616 2441 ἄρα
2671 2371 2960 2438 μονώτατος
3034 2361 3182 2430 εἶναι,
3242 2368 3334 2416 καὶ
3393 2369 3548 2436 μόνος
3606 2371 3689 2424 τῆς
3734 2360 3856 2416 siuti;

2346 2455 2668 2528 ἀγαθὸτητος
2709 2458 3039 2530 κατάτρυφᾲν
3073 2475 3085 2488 ·
3115 2453 3208 2506 οὐκ
3265 2451 3408 2506 ἴδιον
3441 2456 3542 2527 γὰρ
3584 2451 3754 2522 ἀγαθοῦ
3782 2453 3857 2518 τρες

2346 2545 2524 2598 ἑαυτὸν
2556 2550 2706 2618 μόνον
2747 2543 3098 2618 ἐπεστράφθαι
3128 2565 3139 2576 ·
3173 2543 3232 2595 οὐ
3270 2547 3640 2618 χρηστότητος
3684 2548 3740 2609 τῷ
3785 2541 3856 2590 ττι-

2346 2655 2438 2693 την
2521 2637 2698 2706 ἔχοντι
2773 2639 2910 2707 μόνῳ
2978 2633 3415 2708 περιγράφεσθαι.
3491 2637 3747 2702 Τοιγαροῦν
3795 2623 3853 2678 ἔδει

2347 2724 2699 2782 πληθύνεσθαι
2746 2727 2804 2775 τὸ
2863 2721 3055 2794 ἀγαθὸν
3104 2721 3152 2773 ἐν
3199 2729 3259 2793 τῇ
3323 2729 3422 2772 τῶν
3476 2723 3793 2795 παραγομένων
3828 2714 3852 2764 ἐι

2349 2813 2512 2884 ἑαυτῷ
2565 2812 2760 2870 πληθύῑ
2812 2819 2902 2873 τῆς
2952 2812 3184 2864 ἑνοποιοῦ
3235 2818 3337 2863 τῶν
3393 2810 3518 2862 ὅλων
3574 2805 3778 2880 οὐδαμῶς
3812 2804 3854 2863 ἐξ·

2349 2905 2620 2976 ιστάμενον
2660 2902 2912 2962 ἐνότητος.
2965 2904 3058 2953 Διὰ
3105 2907 3256 2953 τοῦτο
3319 2899 3541 2973 οὐρανὸς
3568 2906 3853 2974 reprimam

2345 3000 2435 3065 γῆ.
2467 2991 2698 3066 Οὗρρνὸς
2727 2994 2815 3064 μὲν
2874 2994 2974 3043 εἴτε
3019 2997 3332 3064 κυριώτερον
3379 2989 3674 3062 ὁνομαστέος
3717 2987 3736 3037 ὁ
3773 2986 3852 3052 τᾶρ-

2344 3102 2446 3144 πας
2498 3077 2789 3153 διάκοσμος
2869 3089 2967 3133 τῶν
3029 3078 3319 3152 ἀσωμάτων
3405 3082 3550 3133 νόων.
3595 3075 3679 3136 Ὃς
3725 3069 3774 3130 δὲ
3801 3073 3852 3120 Hi

2343 3174 2485 3247 παρὰ
2541 3178 2647 3233 τοῖς
2705 3179 2804 3223 τῶν
2858 3170 3102 3242 θεολόγων
3160 3167 3534 3243 πρεσϐυτέροις
3578 3170 3706 3242 τρισὶ
3744 3160 3854 3214 διατέ-

2343 3282 2529 3314 τακται
2575 3256 2861 3334 τριαὸικώς
2888 3261 3186 3334 ἱεραρχίαις
3219 3280 3230 3292 ·
3255 3264 3357 3332 μία
3413 3262 3502 3331 μεν
3553 3261 3636 3309 καὶ
3689 3262 3765 3306 τὼν
3798 3249 3852 3300 ὧ.-

2279 3350 2438 3443 Ελων
2485 3353 2562 3421 (2)
2618 3358 2680 3423 τῇ
2738 3349 2879 3412 τάξει
2931 3345 3334 3422 καταδεεστέρα,
3408 3356 3470 3420 τῇ
3526 3345 3578 3400 ἐκ
3636 3352 3719 3396 τῶν
3763 3343 3852 3410 ἱερῶν

2344 3440 2590 3514 ἀγγέλων,
2641 3445 2730 3493 καὶ
2807 3448 2905 3492 τῶν
2958 3442 3232 3515 ἱερωτὲρων
3293 3436 3646 3514 ἀρχαγγέλων,
3690 3437 3760 3484 καὶ
3794 3436 3852 3479 τις,

2343 3532 2468 3605 ὑπὲρ
2502 3529 2690 3592 αὐτοὺς
2729 3527 2909 3604 ἄρχων
2965 3528 3012 3580 ἐν
3061 3528 3284 3602 ἀρμονὶῳ
3341 3547 3547 3599 στοιχῳ
3596 3525 3851 3578 συνεστῶτι·

2347 3614 2566 3694 δευτέρα
2596 3615 2767 3671 δὲκαὶ
2806 3619 2931 3693 ὑπερ
2968 3617 3129 3675 αὐτὴν
3177 3625 3237 3689 τῇ
3293 3614 3350 3668 ἐκ
3419 3625 3516 3668 τῶν
3573 3607 3855 3684 scutatis.

2348 3718 2493 3776 σιῶν,
2543 3713 2632 3760 καὶ
2680 3717 2778 3761 τῶν
2819 3707 3148 3781 ὑψηλοτέρων
3197 3703 3491 3778 δυνάμεων,
3537 3709 3619 3756 καὶ
3661 3709 3741 3754 τῶν
3774 3697 3851 3762 νπὲρ

2345 3796 2567 3860 ἐκείνους
2623 3803 2943 3873 κυριοτητων
2992 3801 3331 3869 τεταγμένων.
3395 3800 3541 3869 τρίτη
3580 3790 3633 3845 δὲ
3677 3794 3748 3842 καὶ
3777 3784 3854 3836 ἀνω-

2343 3889 2479 3940 τάτω
2561 3896 2740 3940 πασῶν
2785 3895 2846 3959 τῇ
2904 3885 2958 3938 ἐκ
3016 3894 3116 3936 τῶν
3167 3887 3311 3937 θείων
3365 3885 3673 3956 καλουμένων
3728 3878 3852 3949 θρόνων

2344 3982 2433 4028 καὶ
2483 3986 2581 4029 τῶν
2651 3978 2912 4050 θειοτέρων
2972 3973 3148 4035 αὐτοῖς
3196 3973 3486 4048 Χερουϐὶμ,
3539 3976 3622 4024 καὶ
3662 3977 3741 4020 τι»
3772 3965 3851 4014 θειο-

2344 4068 2510 4118 τάτων
2563 4066 2737 4125 πάσης
2819 4063 3011 4126 τάξεως
3076 4066 3528 4137 συγκεκροτημένπβ
3572 4059 3774 4131 Σεθαφίμ”
3814 4050 3852 4098 Ἥ

2346 4160 2670 4228 πρώτωςμέν
2722 4158 2810 4206 καὶ
2863 4152 3068 4225 ἁμέσως
3114 4154 3212 4205 ὑπὸ
3261 4162 3359 4214 τῆς
3407 4152 3719 4224 ἀγαθαρχίας
3749 4143 3852 4193 «ﬁt;

2345 4241 2696 4316 ἀγαθυνομένη
2751 4244 3208 4315 καταστράπτεται
3277 4263 3290 4274 ο
3361 4247 3486 4313 προς
3537 4243 3623 4298 τὰς
3669 4227 3852 4286 emitit-

2344 4337 2493 4394 κυίας
2542 4329 2600 4384 δὲ
2644 4341 2742 4384 τῶν
2795 4331 2983 4394 τάξεων
3039 4333 3130 4383 τάν
3184 4326 3518 4388 ἁκτινοειὸεῖς
3569 4318 3852 4395 διαπορθμεᾶει

2346 4429 2442 4473 τῶν
2477 4429 2754 4494 φωτισμῶν
2787 4417 3006 4494 δωρεάς.
3065 4419 3232 4480 Οὗτος
3270 4422 3360 4491 μὲν
3415 4421 3442 4470 ὁ
3481 4422 3626 4477 ὄντως
3667 4414 3722 4462 ὢν
3752 4406 3852 4478 οὐρα-

2348 4511 2450 4580 νὸς,
2517 4509 2601 4560 οἶα
2651 4510 2829 4580 θρόνος
2894 4508 3178 4580 ὑπέρτατος
3227 4513 3298 4576 τῷ
3347 4505 3575 4576 ’Υψίστῳ
3623 4493 3850 4552 xaris-iisin-

2347 4616 2491 4655 σται.
2520 4597 2577 4650 Ἠ
2611 4606 2677 4668 γῆ
2727 4595 2786 4649 δὲ
2829 4596 2968 4666 αὐτῷ
3017 4591 3306 4649 ὑποπόδιον
3361 4593 3603 4664 ἀνάλογον
3649 4581 3850 4641 ὑποϐέῶει

2344 4706 2429 4738 ται
2453 4695 2524 4758 τῷ
2557 4688 2740 4761 θρόνῳ.
2773 4691 2874 4744 Γῆν
2905 4681 2964 4737 δέ
2995 4705 3128 4758 φημι
3164 4691 3252 4736 νῦν
3306 4692 3406 4736 τῶν
3463 4682 3702 4738 aio-0min
3734 4669 3850 4740 σωμά-

585 4799 820 4871 Throni,
849 4794 1213 4854 diviniorum
1239 4786 1456 4846 deinde
1486 4781 1802 4839 Cherubim
1848 4798 1861 4848 ;
1931 4759 2236 4850 postremo

2346 4795 2444 4828 των
2516 4779 2608 4834 τὴν
2680 4771 3058 4846 διακόσμησιν,
3134 4773 3164 4832 ἢ
3226 4769 3459 4848 δεύτερος
3529 4774 3702 4840 κόσμος
3737 4759 3849 4812 ὑλικὰς

2417 4870 2423 4871 κ
2522 4867 2532 4871 -
2883 4869 2890 4871 .
2960 4867 2978 4871 ..
3198 4867 3208 4871 -
3281 4864 3293 4871 ε
3351 4867 3357 4871 .
3632 4851 3742 4871 1ι⁶,ἴθ
3779 4849 3848 4871 -.Ἶρι

585 4865 948 4949 ἱηῑοῐοῖεῑο
994 4897 1211 4955 genere
1299 4871 1814 4934 divinissimorum
1901 4865 2235 4938 Seraphim.

588 4982 783 5038 Prima
821 4954 1094 5035 omnium
1123 4968 1464 5045 proximam
1499 4962 1893 5032 intimamque
1936 4954 2236 5029 primariae

589 5068 870 5124 bonitatis
897 5044 1418 5137 participationem
1438 5051 1599 5110 ducit
1631 5069 1644 5107 :
1688 5063 1878 5121 eaque
1912 5044 2232 5120 perficitur.

590 5158 738 5213 Tum
785 5134 965 5225 hujus
1020 5152 1332 5220 fulgurans
1391 5143 1572 5202 radiis
1621 5141 1684 5196 in
1749 5137 1898 5194 alios
1955 5134 2238 5207 deinceps

593 5245 994 5319 subjectarum
1030 5236 1502 5296 bierarchiarum
1541 5229 1780 5288 ordines
1829 5227 2114 5284 haustum
2165 5238 2238 5280 ex

663 5428 742 5558 (l2)
766 5430 879 5480 Μία
926 5423 1013 5496 μὶν
1067 5426 1164 5470 τῶν
1226 5413 1407 5468 ἄλλων.
1458 5416 1569 5466 Μία
1611 5409 1726 5466 hoc
1792 5407 1923 5464 loc-0
1975 5403 2238 5477 primam

663 5505 749 5558 .et
781 5516 793 5554 :
827 5494 994 5558 quod
1013 5487 1301 5558 exemplis
1349 5501 1422 5540 ex
1468 5481 2073 5558 Hebraaaﬁraecaque
2127 5475 2238 5558 lin-

591 5475 749 5560 vaie't
1013 5487 1301 5570 esemplis
1349 5501 1436 5570 ex.
1468 5483 1712 5570 Hebraea
1733 5475 2238 5570 JGraecaqunemlin-

593 5545 1132 5648 multi
1169 5545 1474 5648 astruulnt.‘
1503 5551 1636 5648 lt‘llihi
1656 5551 1890 5631 videtur
1944 5545 2123 5604 etiam
2151 5545 2236 5604 lo-

593 5621 1064 5707 gutus—ad—hunc
1093 5629 1347 5693 modum
1371 5625 1658 5697 Catullus,
1687 5621 1876 5697 epigr.
1913 5637 1929 5673 ι
1953 5635 1967 5678 :

2346 4870 2433 4918 καὶ
2511 4867 2763 4939 ὁρώμενος
2811 4869 2900 4916 καὶ
2955 4867 3088 4930 ἔστι,
3128 4867 3217 4916 καὶ
3267 4864 3580 4935 ὠνόμασται.
3632 4851 3742 4908 Ἀλλ’
3775 4849 3848 4899 οὔτε
3932 4919 3933 4922 η

2346 4961 2433 5006 νῦν
2477 4958 2595 5028 περὶ
2643 4955 2829 5006 τούτου
2889 4950 3198 5011 διαληπτέον
3259 4947 3349 5020 δὴ,
3404 4954 3518 5003 οὔτε
3559 4945 3614 5001 δὲ
3660 4945 3751 5016 περὶ
3791 4935 3848 4984 τσῦ

2346 5050 2532 5100 νοητοῦ
2623 5046 2710 5094 καὶ
2792 5047 2999 5118 πρώτου
3070 5044 3269 5114 κόσμου
3345 5043 3532 5100 παντὸς
3585 5033 3846 5108 φιλοσοφῆσαι
3932 5057 3933 5104 ξ

2347 5136 2528 5206 καιρός
2561 5152 2574 5164 ’
2603 5129 2827 5204 Μιχαὴλ
2857 5127 2916 5183 δὲ
2945 5134 3035 5183 καὶ
3066 5129 3294 5205 Γαϐριὴλ
3348 5129 3396 5182 οἰ
3450 5128 3763 5202 τρισμέγιστοι
3789 5126 3846 5182 μευ
3932 5143 3933 5194 1

2347 5222 2678 5296 γαλοπρεπὴς
2730 5223 2853 5293 ἡμῖν
2917 5225 3141 5292 σήμερον
3212 5221 3452 5280 ὑπόθεσις
3535 5207 3844 5289 προϐέϐληνται,
3932 5243 3933 5276 ς

2489 5401 2622 5458 Jam
2654 5405 2778 5456 tum
2809 5416 2943 5457 cum
2969 5414 3150 5456 ausus
3176 5413 3233 5455 es
3275 5413 3428 5453 unus
3466 5395 3718 5452 Italorum

2492 5475 2669 5530 Omne
2693 5487 2883 5529 aevum
2914 5473 3069 5528 tibus
3098 5471 3402 5540 explicare
3429 5465 3651 5528 chartis,
3683 5459 3769 5516 etc.

2347 5545 2474 5615 Quo
2495 5544 2652 5619 loco,
2680 5559 2859 5612 unus,
2883 5543 3118 5604 videtur
3137 5556 3285 5611 esse,
3322 5541 3569 5613 primus.
