4042 6214
161 326 296 385 1225
974 334 1239 396 ΝΙΟΕΊῈ
1266 333 1639 399 LAUDATIO
1662 334 1703 397 S

1817 339 2172 401 IICHAELIS
2209 340 2295 403 ΕΤ
2321 346 2708 405 GABBIELIS.
3389 350 3529 413 1226

143 452 316 515 οίτῆς
360 451 754 551 ἀρχαγγελικῆς
809 460 900 532 μὲν
949 461 1142 526 τάξεως
1198 460 1490 542 ίδιαιτέρως
1536 466 1704 541 usus,

1817 466 1999 541 LipSO
2042 468 2206 527 fonte
2235 469 2438 529 lumen
2470 471 2730 544 gratuita
2786 470 3329 531 communicatione
3387 493 3531 551 pro-

140 560 245 613 χαι
274 548 363 597 καὶ
417 546 598 607 πάσης
651 543 711 600 δε
762 556 863 601 τῶν
947 552 1092 604 θείων
1161 551 1386 627 ἀγγέλων
1434 558 1704 631 πανάριστι

1862 562 2065 630 pagat.
2098 559 2325 617 Caelum
2350 561 2467 619 hoc
2484 543 2709 619 verum
2746 560 3035 618 nimirum
3074 577 3282 632 unum,
3317 543 3525 625 ac'tali

145 626 460 705 δημαγωγοὶ
481 642 865 710 χοροστασίας,
889 641 938 693 οἰ
965 648 1059 693 τοῦ
1123 652 1311 701 νοητοῦ
1364 650 1565 720 κόσμου
1620 667 1704 700 παι

1860 626 2117 719 dignum
2154 649 2400 708 nomine
2441 657 2733 726 tanquam
2751 666 3070 725 supremus
3088 653 3339 726 quidam
3362 656 3525 714 thro-

142 721 232 781 τὸς
277 718 362 775 οἶά
390 742 519 784 τινες
578 723 834 801 ὀφθαλμοὶ
895 730 1292 786 θεοπτικώτατοι
1352 740 1441 788 καὶ
1487 755 1704 808 φωταυγ.

1857 718 1973 792 nus
2014 736 2315 796 Altissimo
2352 718 2728 813 praeparatus
2752 718 2845 797 est
2859 743 3036 798 Terra
3063 718 3203 798 vero
3234 748 3524 817 tanquam

145 824 353 879 στατοι,
380 811 785 887 προϐεϐλημένοι
812 812 885 870 δι’
917 818 984 870 ὧν
1046 818 1128 873 ἐπὶ
1184 828 1360 876 πᾶσαν
1411 825 1509 900 6ρᾴ
1561 827 1704 899 Κύριι

1860 825 2193 884 scabellum
2219 811 2434 899 aptum
2480 811 2816 887 humilitate
2871 845 2983 887 sua
3019 831 3098 889 ad
3145 848 3328 889 usum
3354 811 3522 891 -tam

138 900 233 957 την
269 908 393 971 γῆν.
422 907 729 978 Ιῐροαιρέσει
759 907 862 982 γὰρ
904 905 1221 981 ἁγαθοτάτη,
1250 915 1340 966 καὶ
1376 917 1493 975 νοὸς
1547 912 1704 990 ἁχράη

1856 913 2052 989 vilem,
2086 916 2425 990 subjectum
2453 918 2536 975 illi
2563 919 2779 977 throno
2836 922 2947 976 est.
3015 922 3254 978 Terram
3315 926 3518 980 autem

132 1003 246 1091 τοις
299 991 507 1063 ἒφέσεσι
560 996 689 1067 πρὸς
733 999 829 1055 τὴν
888 998 1140 1071 θεαρχίαν
1187 999 1377 1073 μᾶλλον
1440 1011 1539 1057 τῶν
1578 1004 1704 1058 ἄλλα

1853 1017 2014 1062 nunc
2044 1006 2281 1081 appello
2332 1007 2784 1066 universitatem
2832 1024 3073 1065 omnem
3131 1010 3515 1069 sensibilium

130 1083 519 1153 ἀνατεταμένοι,
576 1087 666 1135 καὶ
713 1087 843 1160 πρὸς
901 1090 995 1145 τὴν
1064 1084 1222 1153 δόξαν
1261 1092 1426 1155 αὐτῆς
1479 1091 1704 1147 ἕντονώτι

1851 1107 2171 1169 corporum
2201 1115 2214 1167 ;
2240 1113 2376 1172 qua:
2400 1096 2705 1155 secundus
2734 1097 3000 1155 mundus
3068 1101 3392 1159 materialis
3445 1106 3502 1158 et

127 1183 217 1240 ρον
249 1174 575 1243 κεκινημένοι
601 1178 694 1236 τῆς
756 1171 1001 1227 ἀνωτάτω
1053 1178 1177 1253 παρ’
1233 1179 1397 1244 αὐτῆς
1436 1182 1704 1247 καταξιοῡι

1847 1185 2225 1256 aspectabilis
2253 1171 2426 1245 etest
2466 1194 2522 1245 et
2590 1186 2945 1261 appellatur.
2991 1184 3210 1247 Verum
3262 1190 3337 1247 de
3389 1191 3507 1248 hoc

125 1275 211 1349 ται
236 1268 423 1332 τιμῆς,
463 1262 513 1313 οἱ
539 1258 752 1317 δυνατοὶ
793 1264 949 1338 ἰσχῦι
1004 1274 1229 1328 ποιῆσαι
1276 1274 1335 1324 τὸ
1392 1270 1589 1347 θελημα
1644 1294 1701 1329 το

1846 1275 2076 1330 mundo
2106 1276 2483 1349 capessenda
2511 1258 2695 1333 modo
2723 1276 2901 1333 nobis
2933 1278 3202 1335 tractatio
3228 1293 3348 1336 non
3396 1285 3505 1337 est.

124 1339 378 1414 δυνατοῦ,
410 1348 457 1401 οἱ
490 1354 691 1405 συνετοὶ
710 1357 898 1412 νοῆσαι
938 1358 997 1409 τὸ
1061 1354 1307 1431 βούλημα
1350 1367 1440 1413 τοῦ
1497 1371 1704 1416 συνετοῦ

1844 1364 1924 1418 Ne
1955 1339 2219 1435 primum
2266 1364 2437 1422 illum
2510 1365 2759 1438 quidem
2816 1365 3264 1440 intelligibilem,
3317 1383 3506 1441 quam

118 1434 314 1506 μᾶλλον
365 1432 424 1490 δὲ
475 1445 567 1491 τοῦ
618 1444 708 1494 καὶ
770 1438 1041 1515 δυνάμεως
1114 1448 1291 1510 πάσης
1335 1453 1426 1501 καὶ
1483 1454 1704 1504 συνέσεω

1840 1432 2165 1525 late-patet,
2198 1432 2552 1511 universum
2574 1454 2889 1527 complecti
2927 1432 3358 1529 disputatione-
3387 1474 3502 1516 va-

119 1525 426 1599 ὑπερέκεινα
482 1527 852 1604 θεωρουμένου.
922 1530 1080 1587 Οὗτοι
1122 1532 1181 1589 δὲ
1237 1544 1324 1589 νῦν
1381 1540 1429 1590 οἱ
1493 1539 1701 1612 μεγαλώ

1840 1546 1954 1598 cat.
1999 1542 2343 1599 Orationem
2373 1543 2598 1616 quippe
2627 1525 2899 1600 nostram
2960 1525 3202 1602 omnem
3262 1545 3499 1603 hodier-

115 1633 291 1688 νυμοε,
354 1618 402 1669 οἱ
458 1613 764 1692 ἀγιώνυμοι,
819 1630 891 1694 τῷ
934 1623 1164 1698 ἡμετέρῳ
1220 1623 1356 1699 λογῳ
1405 1632 1704 1702 προκείμενο

1838 1645 1982 1687 nam
2012 1631 2172 1689 hanc
2202 1632 2280 1689 ad
2305 1647 2369 1689 se
2393 1613 2787 1704 ija—mdudum
2844 1634 3088 1706 rapiunt
3139 1634 3498 1706 Archangeli

120 1708 338 1776 σκοπὸς,
370 1706 518 1760 αὐτοὶ
547 1706 607 1760 ἃν
646 1712 1042 1783 καθηγησαιντο
1084 1717 1213 1789 πρὸς
1267 1714 1440 1771 αὐτόν.
1497 1718 1573 1770 Οὐ
1623 1720 1724 1794 γὰρ

116 1800 245 1871 πρὸς
275 1798 426 1869 ἡμῶν
481 1806 577 1860 τῆς
647 1807 746 1852 τῶν
802 1803 945 1855 θείων
1002 1803 1443 1880 μεγαλοπρεπείας
1508 1805 1723 1881 ἐφικνεῖ-

120 1886 243 1938 σθαι
300 1882 421 1939 οὐδ’
460 1884 687 1951 ἐπαίνοις
748 1892 1074 1965 χαρίζεσθαι
1144 1902 1252 1957 τοῖς
1311 1893 1500 1971 ἀπείρῳ
1551 1902 1722 1972 μέτρῳ

118 1972 319 2047 σχεδὸν
374 1979 461 2029 τὸν
504 1987 603 2031 τῶν
678 1977 958 2056 ἀνθρώπων
1047 1983 1525 2059 ὑπεραναϐεϐηκόσι
1581 1997 1716 2045 νοῦν.

115 2064 248 2118 Ἀλλ’
280 2064 454 2128 αὐτοῖς
495 2066 705 2133 ἐκείνοις
764 2079 856 2124 τοῦ
912 2079 1001 2125 νοῦ
1057 2079 1146 2127 καὶ
1189 2074 1345 2147 λόγου
1393 2077 1721 2152 καθηγεμὸσι

113 2159 431 2230 κεχρημένοι
459 2156 651 2211 οἰκείαν
697 2157 870 2222 αὐτοῖς
932 2158 1040 2221 ἤδη
1098 2167 1193 2223 τὴν
1238 2168 1451 2238 αἳνεσιν,
1505 2168 1570 2228 ὡς
1617 2187 1720 2241 εφιο

112 2249 255 2317 κτὸν,
342 2245 758 2324 ἐξεργαζὼμεθα·
810 2250 868 2303 οὐ
921 2256 1015 2312 τὴν
1075 2251 1373 2326 ἀγγελικὴν,
1427 2254 1540 2318 ἣτις
1595 2262 1720 2312 ποτέ

110 2336 244 2410 ἔστι,
308 2348 462 2419 φύσιν
557 2346 1126 2424 πολυπραγμονοῦντες,
1243 2351 1508 2427 ἀνέφικτον
1590 2357 1716 2433 γὰρ,

109 2430 296 2486 ἀλλ’ἐκ
325 2442 419 2498 τῆς
448 2436 691 2500 ποικίλης
718 2437 975 2513 ἐνεργείας
1022 2441 1053 2501 ἣ
1107 2437 1379 2505 διακονίας
1424 2447 1512 2496 τόν
1577 2430 1716 2498 αἶνον

105 2522 405 2595 ὑφαίνοντες
446 2527 513 2578 τὰ
578 2532 695 2603 περὶ
765 2536 856 2590 τῆς
903 2529 1070 2582 αὐτῶν
1118 2530 1303 2595 οὐσίας
1358 2532 1451 2586 οὐκ
1504 2532 1714 2599 ἀπεικὸς

108 2611 225 2666 ἐστι
275 2618 663 2689 τεκμαίρεσθαι,
720 2615 750 2679 ἣ
820 2617 1083 2694 σύδρομος
1134 2621 1218 2676 ἰπὶ
1287 2627 1455 2678 τούτω
1507 2629 1715 2700 τυγχά-

104 2722 274 2756 νουσα
314 2712 377 2763 τῆ
430 2704 651 2781 ἐνεργείᾳ
705 2702 779 2760 δι’
837 2707 999 2774 αὐτῆς
1057 2711 1225 2786 ἠρέμα
1284 2715 1707 2791 καταθεωρεῖται.

106 2799 200 2845 Οτι
229 2794 322 2866 μεν
353 2789 488 2847 οὖνὸ
528 2799 660 2859 Θεὸς
714 2794 980 2870 ἂγίννητος
1046 2805 1136 2853 καὶ
1197 2800 1428 2867 ἀναίτιος
1474 2806 1541 2856 ὧν
1584 2825 1712 2859 παν-

103 2886 190 2945 τὸς
211 2882 506 2946 αἱῶνοςκαὶ
543 2890 740 2961 χρόνου
776 2891 1055 2951 καὶπάσης
1112 2885 1172 2944 δε
1226 2896 1445 2956 κτίσεως
1504 2893 1707 2968 ὀπτωμέ-

103 2990 195 3033 νης
223 2971 383 3035 αὐτὸς
410 2972 552 3026 ἐστιν
584 2977 614 3035 ἦ
667 2981 1002 3055 πρωτουργὸς
1062 2978 1456 3053 αἰτία,Μιχαήλ
1510 2979 1569 3036 δε
1616 2989 1706 3038 καὶ

104 3061 334 3138 Γάϐριήλ
364 3066 724 3141 στρατιάρχαι
749 3075 847 3120 τῶν
914 3069 1058 3121 θείων
1100 3069 1188 3123 ὑπ’
1230 3070 1389 3123 αὐτοῦ
1452 3077 1705 3133 κατέστη-

104 3170 196 3204 σαν
224 3150 476 3226 ἰιγγελὼν,
515 3153 573 3206 οὐ
630 3163 852 3233 μακροῖς
896 3154 1035 3211 ἔστιν
1092 3155 1461 3214 ἀποδεικνύναι
1507 3160 1699 3236 λόγόις,

97 3246 270 3296 πίστει
330 3239 391 3296 δε
453 3262 581 3316 μονη
658 3252 721 3304 τῆ
778 3248 949 3308 πάσης
1003 3244 1320 3313 ἀποδείξεως
1371 3248 1703 3328 ἔνεργεστέρᾳ

95 3336 180 3384 καὶ
227 3329 542 3406 βεϐαιοτέρα
593 3336 742 3387 ταῦθ’
818 3334 1019 3400 ἑαυτοῖς
1054 3338 1429 3412 ὑποτιθέμενοι,
1507 3341 1697 3395 ἄνωθεν

95 3415 149 3473 δε
183 3428 255 3492 τῷ
280 3419 423 3494 λόγῳ
478 3428 593 3485 ταῖς
648 3424 805 3498 ἱεραῖς
870 3425 1124 3499 ἑπομένως
1197 3436 1423 3502 γραφαῖς
1476 3425 1696 3504 διαλαμ-

95 3509 315 3573 ϐάνοντες
372 3515 461 3572 τὰς
538 3512 858 3586 λειτουργίας
916 3515 1103 3586 αὐτῶν,
1154 3518 1247 3571 εἴτ’
1296 3515 1383 3570 οὖν
1411 3518 1687 3595 ἐνεργείας.

1836 1726 1922 1780 ter
1951 1721 2197 1778 maximi
2224 1720 2468 1779 Michael
2497 1726 2555 1779 et
2590 1721 2824 1780 Gabriel
2860 1741 2873 1793 ;
2929 1729 3355 1794 argumentum
3408 1723 3499 1781 die

1834 1810 2009 1867 cendi
2042 1810 2432 1883 magniﬁcum
2464 1811 2524 1868 in
2550 1811 2760 1885 primis
2810 1812 3224 1885 Archangelici
3268 1813 3495 1871 ordinis

1830 1898 2125 1957 individui
2164 1902 2349 1958 duces
2379 1904 2437 1958 et
2469 1900 2727 1957 universi
2752 1900 3097 1959 divinorum
3137 1902 3492 1974 angelorum

1832 1989 1998 2047 chori
2036 1990 2447 2048 moderatores
2475 1991 2705 2064 optimi.
2738 1990 3056 2066 Mundique
3109 1994 3240 2066 ejus
3291 1991 3490 2050 omnis

1830 2079 2003 2151 cujus
2033 2081 2237 2137 animo
2268 2080 2431 2137 cerni
2472 2079 2598 2137 solo
2640 2081 2868 2153 species
2919 2085 3113 2154 potest
3160 2081 3321 2138 velut
3366 2081 3490 2138 duo

1829 2170 2080 2243 quidam
2101 2169 2258 2227 oculi
2287 2169 2661 2240 lucidissimi,
2686 2169 2765 2227 ad
2804 2171 2907 2228 Dei
2955 2186 3147 2245 usque
3192 2172 3489 2228 visionem

1828 2274 1995 2316 acres
2024 2275 2269 2316 omnem
2296 2259 2358 2316 in
2398 2264 2633 2331 partem
2663 2259 2870 2316 intenti
2923 2277 2936 2315 :
2995 2260 3220 2333 quibus
3274 2260 3487 2317 orbem

1827 2352 2120 2405 terrarum
2145 2349 2495 2406 universum
2534 2347 2786 2420 despicit
2839 2352 3011 2405 Deus.
3060 2350 3269 2407 Libera
3321 2349 3485 2405 enim

1820 2438 1950 2511 jam
1999 2455 2037 2495 a
2077 2438 2372 2512 principio
2432 2436 2510 2493 ab
2568 2451 2641 2494 ea
2684 2438 3168 2496 constantissima
3196 2438 3482 2495 electione

1825 2527 2011 2585 animi
2044 2534 2101 2585 et
2124 2528 2373 2584 isncerae
2403 2526 2622 2582 mentis
2651 2526 2960 2584 amoribus
3009 2527 3345 2601 purissimis
3402 2525 3484 2583 ad

1821 2614 2377 2689 divinaemajestatis
2412 2615 2788 2673 adorandam
2801 2616 3212 2674 excellentiam
3233 2630 3478 2689 promo-

1823 2705 2204 2780 vendamque
2236 2704 2490 2776 gloriam
2516 2703 2827 2762 intentiore
2841 2721 3027 2778 quam
3042 2706 3235 2763 caeteri
3278 2703 3476 2785 studio

1821 2795 2437 2869 convcrsinsupremis
2480 2795 2810 2852 honoribus
2861 2795 2940 2853 ab
3003 2812 3075 2853 ea
3130 2794 3342 2853 merito
3374 2784 3478 2849 Wdi-

1819 2891 2100 2959 gnantur.
2133 2883 2215 2942 Illi
2246 2889 2517 2959 potentes
2546 2885 2756 2942 virtute
2777 2884 2856 2941 ad
2875 2884 3219 2942 faciendam
3256 2888 3473 2941 volun-

1818 2980 1999 3033 tatem
2050 2974 2332 3047 potentis.
2404 2973 2490 3029 Illi
2547 2973 2847 3047 sapientes
2880 2974 2956 3031 ad
3015 2972 3474 3043 intelligendum

1813 3063 2123 3122 consilium
2156 3061 2439 3136 sapientis
2484 3068 2637 3118 :aut
2688 3063 2818 3135 ejus
2876 3061 3075 3137 potius
3140 3076 3321 3135 quem
3366 3059 3473 3133 qui

1813 3154 2296 3227 contemplantur
2315 3152 2564 3226 propius
2599 3153 2868 3225 potentia
2891 3152 3308 3226 sapientiaque
3343 3166 3470 3207 oms

1810 3244 1873 3303 ni
1899 3242 2270 3319 superiorem
2299 3241 2504 3299 vident
2522 3257 2675 3298 esse.
2732 3240 2818 3298 Illi
2868 3256 3091 3315 magno
3139 3245 3469 3313 sanctoque

1809 3334 2074 3408 insignes
2129 3332 2396 3389 nomine.
2446 3331 2563 3403 Ipsi
2619 3347 2839 3405 scopus
2895 3331 3184 3389 orationis
3215 3335 3455 3388 nostrae.

1812 3425 2019 3494 Iidem,
2052 3439 2225 3496 spero
2274 3420 2572 3494 equidem,
2630 3435 2766 3478 eam
2814 3421 2894 3479 ad
2949 3438 3012 3478 se
3065 3420 3323 3493 dirigent
3389 3433 3466 3476 ne

1812 3515 2065 3573 aberret.
2107 3515 2329 3570 Natura
2355 3511 2515 3568 enim
2542 3526 2613 3567 ac
2640 3511 2919 3568 facultate
2948 3516 3158 3568 nostra
3183 3509 3457 3582 superius

95 3606 171 3657 est
196 3600 519 3675 quiddam,
551 3601 632 3659 ad
655 3602 999 3663 divinarum
1028 3622 1230 3665 rerum
1251 3609 1757 3679 magniﬁcentiam
1785 3604 2051 3679 aspirare
2080 3620 2093 3659 :
2143 3608 2248 3659 aut
2302 3600 2594 3657 demereri
2627 3600 2925 3675 nobisque
2950 3600 3218 3673 obligare
3245 3597 3433 3655 lauda

95 3689 239 3747 tione
268 3696 485 3747 nostra
509 3692 965 3763 supernasillas
1019 3700 1269 3764 mentes,
1328 3713 1589 3770 quarum
1637 3704 1726 3756 est
1769 3693 2001 3752 inﬁnito
2045 3690 2315 3765 quodam
2370 3688 2683 3746 intervallo
2728 3706 2918 3763 supra
2967 3689 3307 3747 humanum
3365 3702 3460 3744 cae

95 3784 186 3851 put
204 3778 370 3837 elata
395 3781 761 3853 praestantia.
785 3782 900 3839 Sed
929 3782 1077 3856 ipsis
1107 3783 1221 3841 illis
1245 3786 1620 3856 cogitationis
1662 3794 1721 3845 et
1768 3783 2058 3844 orationis
2108 3780 2201 3837 usi
2226 3779 2487 3836 ducibus
2554 3785 2766 3836 exacta
2808 3779 2887 3837 ad
2942 3792 3153 3837 eorum
3204 3778 3456 3835 ductum

95 3872 138 3924 at
162 3862 394 3926 directa
418 3874 671 3943 utraque
692 3886 801 3943 pro
831 3877 1045 3928 nostrae
1078 3872 1376 3932 facultatis
1400 3876 1650 3934 modulo
1676 3875 1873 3951 potius
1926 3887 2113 3946 quam
2179 3885 2289 3944 pro
2331 3870 2573 3926 illorum
2627 3870 2838 3927 merito
2879 3868 3293 3927 laudationem
3340 3868 3463 3923 ela-

95 3958 393 4015 boremus.
428 3959 571 4025 Quae
594 3958 763 4016 nulla
811 3959 1060 4032 quidem
1106 3962 1169 4019 in
1204 3963 1407 4021 subtili
1443 3971 1672 4023 natura:
1719 3961 2006 4034 angelicae
2054 3959 2492 4032 disquisitione,
2542 3957 2739 4032 qualis
2778 3959 3023 4015 tandem
3072 3959 3167 4026 sit,
3222 3957 3459 4013 curiose

96 4046 542 4115 :onﬂictabitur,
565 4047 624 4104 id
646 4047 807 4105 enim
836 4048 1055 4108 frustra
1084 4058 1401 4110 conaretur
1419 4054 1685 4128 quidem,
1719 4052 1835 4111 nisi
1866 4051 1916 4107 si
1938 4048 2088 4124 quid
2114 4064 2321 4106 eorum
2352 4064 2421 4104 ex
2461 4048 2645 4104 variis
2707 4048 2994 4121 operibus
3062 4045 3243 4105 laude
3303 4044 3462 4101 velut

95 4135 490 4203 contexenda,
532 4151 605 4192 ex
630 4136 685 4193 vi
705 4153 840 4210 quae
872 4136 934 4193 in
958 4137 1030 4195 iis
1059 4142 1319 4199 cernitur
1364 4143 1444 4201 ad
1496 4143 1898 4215 cognitionem
1943 4142 2075 4213 ejus
2133 4154 2269 4212 quae
2332 4137 2498 4194 illam
2545 4138 2809 4195 continet
2846 4143 3027 4212 atque
3083 4135 3299 4194 exserit
3348 4148 3459 4192 nae

95 4230 234 4283 turie
272 4224 389 4282 niti
413 4225 703 4298 paulatim
732 4227 1096 4298 suspicando
1139 4235 1319 4304 atque
1367 4233 1722 4291 aestimando
1772 4229 2167 4308 potuerimus.
2195 4237 2277 4284 Ac
2335 4228 2600 4299 primum
2650 4225 2898 4300 quidem
2940 4240 3248 4281 summum
3290 4222 3459 4279 illum

95 4329 283 4385 neque
304 4318 555 4388 parente
579 4314 849 4385 genitum
877 4331 1076 4389 neque
1098 4318 1376 4379 effectum
1436 4339 1640 4390 causa,
1694 4329 1799 4382 aut
1844 4338 1876 4379 e
1930 4317 2226 4394 principio
2283 4317 2607 4374 excitatum
2662 4331 2795 4371 esse
2856 4330 3168 4389 quoquam
3231 4316 3455 4370 Deum:

95 4406 413 4461 Auctorem
441 4418 580 4460 vero
605 4404 807 4477 ipsum
838 4410 1018 4478 atque
1048 4407 1385 4468 effectorem
1415 4416 1542 4469 tum
1564 4413 1676 4470 aevi
1695 4412 1894 4470 omnis
1920 4426 1992 4467 ac
2012 4407 2317 4481 temporis,
2377 4411 2506 4463 tum
2555 4405 2957 4462 universitatis
3022 4402 3217 4461 omnis
3273 4402 3457 4474 hujus

95 4492 299 4550 mundi
328 4491 583 4566 duplicis
612 4494 837 4567 quique
867 4510 1048 4552 sensu
1075 4497 1388 4556 oculorum
1416 4502 1643 4575 quique
1684 4500 2041 4575 cogitatione
2098 4497 2391 4553 mentium
2441 4495 2783 4568 percipitur.
2840 4498 3049 4551 Porrro
3114 4492 3457 4551 Michaelem

96 4586 141 4639 3t
167 4579 510 4639 Gabrielem
533 4581 785 4639 caelestis
815 4584 1168 4654 angelorum
1198 4588 1400 4645 milita;
1448 4607 1711 4648 summos
1743 4594 2134 4663 Imperatores
2167 4586 2245 4643 ab
2299 4586 2431 4658 ipso
2479 4600 2609 4641 esse
2662 4584 3037 4651 constitutos,
3070 4581 3268 4638 verbis
3321 4580 3459 4654 qui-

96 4670 223 4728 iem
245 4676 310 4729 et.
330 4671 703 4742 argumentis
730 4672 1002 4745 pluribus
1028 4676 1355 4748 approbari
1372 4680 1597 4752 nequit.
1625 4685 1706 4737 Ac
1735 4695 1810 4736 ne
1839 4692 2081 4735 necesse
2134 4674 2381 4749 quidem
2432 4679 2539 4743 est,
2610 4690 2749 4731 cum
2789 4674 2915 4731 haec
2968 4671 3135 4729 omni
3207 4670 3457 4725 demond

95 4761 373 4817 stratione
423 4759 725 4817 efﬁcacior
774 4761 1104 4836 certiorque
1154 4765 1308 4823 ﬁdes
1358 4766 1590 4826 doceat.

1677 4768 1859 4839 Cujus
1901 4765 2080 4822 unius
2127 4780 2238 4836 par
2291 4768 2396 4834 cst,
2448 4763 2803 4820 auctoritate
2856 4760 3151 4835 persuasi,
3206 4758 3455 4829 ejusque

96 4849 166 4905 rei
194 4848 547 4907 assensione
577 4850 912 4920 constituta,
946 4857 1223 4912 cameram
1264 4856 1350 4914 sic
1387 4857 1635 4915 demum
1653 4856 2035 4914 instituamus
2083 4851 2625 4909 considerationem
2674 4856 2739 4907 ut
2795 4866 2831 4907 a
2872 4850 3068 4922 primo
3114 4848 3251 4919 ipso
3291 4858 3457 4916 repe-

95 4937 256 4997 titam
285 4937 485 5011 capite
512 4954 621 5012 per
644 4955 954 4998 sacrorum
984 4952 1420 5018 consequenter
1442 4947 2012 5007 commentariorum
2037 4941 2254 4999 seriem
2285 4956 2530 4998 omnem
2569 4955 2779 4996 eorum
2805 4936 3126 4995 functionis
3176 4932 3450 5005 alicujus,

95 5034 186 5085 ωε
210 5027 549 5085 efﬁcientia
580 5028 937 5088 memoriam
960 5047 1420 5107 persequamur.

152 5125 284 5179 Θεος
313 5116 381 5170 ὢν
407 5115 508 5189 ἀεὶ,
535 5120 667 5171 κατὰ
711 5121 771 5171 τὸ
842 5121 974 5174 θεῖον
1014 5120 1186 5195 λογιον
1236 5123 1416 5195 ἐκεῖνο,
1463 5129 1692 5195 κάθηται

95 5206 165 5261 ἐπὶ
187 5209 376 5263 θοὸνου
405 5207 558 5280 ἁγίου
588 5207 768 5265 αὐτοῦ.
790 5207 857 5261 Ὀ
877 5214 930 5263 τί
986 5231 1109 5266 ποτε
1159 5210 1227 5274 δὴ
1286 5220 1382 5276 τὴν
1430 5215 1690 5293 καθέδραν

95 5299 280 5356 ταύτην
310 5315 514 5355 νοητεον
551 5295 754 5371 ςΟἶμαι
781 5294 840 5352 δε
874 5303 967 5360 τὴν
1026 5300 1291 5378 ἀραρότως
1347 5310 1438 5360 καὶ
1492 5306 1683 5382 ἀμετα-

95 5386 245 5449 δὲτως
275 5384 361 5440 ἐπὶ
387 5395 482 5450 τῆς
512 5386 707 5451 οἰκείας
725 5388 888 5442 αὐτοῦ
938 5386 1100 5455 δόξης
1143 5389 1355 5468 ἰδρυσιν
1384 5401 1474 5451 καὶ
1497 5402 1678 5471 μονήν.

95 5481 162 5529 tsi
186 5484 264 5547 τῷ
296 5475 377 5531 ἐπὶ
408 5479 589 5552 Θρόνου
620 5474 831 5538 δηλαδὴ
863 5482 1156 5556 καθημένῳ,
1205 5486 1291 5538 οἶα
1356 5483 1421 5547 δὴ
1476 5486 1687 5561 βασιλεῖ

95 5565 318 5640 εεγοὶλῳ,
360 5570 480 5630 τοὺς
555 5563 879 5643 δορυφόρους
932 5574 1270 5649 παρεστάναι.
1329 5580 1416 5631 Δεῖ
1453 5584 1525 5650 τῷ
1593 5585 1688 5642 τῆς

95 5652 207 5720 ῑλης
236 5659 460 5721 κτίσεως
490 5652 807 5719 δεσπόζοντι
844 5661 910 5713 τὰ
938 5670 1039 5713 τῶν
1058 5666 1361 5741 κτισμάτων
1435 5666 1693 5728 κάλλιστοι

514 5757 760 5832 Panos.
800 5757 903 5825 Gn.
932 5759 1085 5825 CXL.

1870 5124 2027 5181 Deus
2053 5124 2333 5187 aeternus,
2381 5118 2555 5191 juxta
2606 5116 2877 5175 divinum
2919 5114 3068 5174 illud
3116 5113 3448 5185 oraculum,

1798 5213 1962 5273 sedet
1989 5227 2169 5287 super
2235 5211 2520 5268 thronum
2572 5212 2848 5266 sanctum
2902 5223 3102 5265 suum.
3149 5206 3453 5274 Quidnam

1796 5308 1953 5364 hanc
1964 5318 2092 5361 esse
2106 5300 2355 5361 tandem
2372 5298 2706 5358 sessionem
2723 5297 3150 5357 arbitrabimur
3170 5299 3199 5357 ?
3219 5298 3451 5354 Firmis-

1791 5395 2013 5454 simam
2033 5392 2249 5467 opinor
2267 5389 2437 5448 illam
2465 5392 2645 5462 atque
2674 5387 3116 5448 immutabilem
3143 5403 3268 5447 una
3310 5402 3454 5444 sem-

1791 5499 1902 5560 per
1926 5483 1990 5541 in
2012 5480 2306 5541 sententia
2335 5478 2729 5537 constantiam
2746 5482 2803 5537 et
2836 5495 3096 5539 moram.
3162 5481 3293 5535 iam
3350 5492 3450 5533 su-

1794 5588 1905 5649 per
1967 5573 2252 5631 thronum
2318 5568 2551 5628 sedenti
2606 5573 2841 5643 oportet
2896 5585 3115 5643 nempe
3158 5573 3451 5641 tanquam

1797 5677 2025 5739 magno
2051 5662 2196 5737 Regi
2210 5658 2492 5724 satellites
2526 5673 2839 5734 apparere.
2859 5660 3103 5735 Oportet
3113 5658 3449 5717 creaturam

2914 5769 3013 5836 39.
