4042 6214
696 262 840 335 1227

2220 269 2574 330 ADDENDA.

3813 288 3905 341 £229

702 394 807 452 uni
829 392 1106 450 omnium
1135 407 1333 448 rerum
1364 393 1617 450 Domino
1639 394 2071 466 pulcherrimas
2140 409 2298 450 earui

2290 411 2349 450 m
2383 401 2427 451 A
2457 408 2731 470 προσεχῶς
2781 405 3185 477 παρεστηκέναι.
3257 406 3342 463 Τίς
3395 403 3473 454 οὖν
3515 411 3575 474 τῷ
3618 412 3688 455 τοῦ
3723 406 3882 477 Ὑψίστου

703 497 977 553 quasque
1006 486 1221 552 praesto
1261 495 1497 552 semper
1530 486 1584 537 et
1634 497 1835 538 coram
1896 484 2153 538 adstare.
2212 483 2354 547 Quis

702 570 879 640 igitur
916 569 993 625 ad
1043 568 1330 624 Altissimi
1375 569 1656 626 thronum
1719 572 1990 644 proxime
2052 570 2355 626 excubat?

705 658 845 723 Quis
870 657 1123 712 idoneus
1155 656 1433 712 inventus
1465 664 1555 713 est
1579 660 1681 732 qui
1745 660 1822 716 ad
1881 661 2010 730 ejus
2078 658 2355 713 sublimi-

704 750 821 802 tate
850 745 1171 801 inaccessas
1218 747 1548 817 majestatis
1603 748 1880 804 intimum
1938 765 2007 803 ac
2065 747 2356 804 familiare

704 836 1500 907 ministeriumquotidianus
1531 837 1914 894 adhiberetur
1975 836 2213 895 Michael
2262 837 2357 891 hic

703 924 989 981 nimirum
1016 929 1072 979 et
1137 923 1371 981 Gabriel
1410 932 1514 982 est.
1574 927 1640 981 Hi
1681 943 1977 1000 supremas
2027 925 2357 995 majestatis

709 1016 1042 1086 stipatores.
1076 1015 1143 1070 Hi
1212 1015 1486 1071 doctores
1555 1018 2129 1089 sapientissimarum
2192 1034 2355 1074 men-

710 1102 873 1161 tium.
908 1106 974 1159 Et
992 1104 1053 1159 in
1079 1120 1212 1160 arce
1236 1106 1505 1176 quadam
1528 1106 1885 1161 excellentia:
1904 1105 2117 1177 majori
2149 1122 2358 1179 quam“

705 1193 821 1249 dici
850 1193 1039 1265 possit
1087 1209 1338 1250 excessu
1427 1194 1790 1250 celsitudinis
1858 1211 2040 1267 supra
2113 1211 2355 1251 omnem

707 1286 1042 1337 creatarum
1067 1297 1266 1337 rerum
1281 1284 1511 1355 apicem
1527 1283 1816 1351 collocati,
1843 1284 1987 1338 Hinc
2011 1300 2141 1353 jam
2185 1300 2355 1338 mun-

709 1371 772 1427 di
798 1370 1072 1427 conditor
1101 1370 1398 1443 reliquum
1454 1372 1535 1427 ad
1573 1388 1727 1443 opus
1769 1372 2132 1441 aggreditur.
2190 1373 2358 1429 Creat

707 1460 925 1516 ccelum
957 1463 1012 1514 et
1039 1459 1253 1516 fundat
1284 1465 1521 1516 terram.
1555 1462 1725 1517 Lucis
1780 1468 2060 1516 naturam
2108 1464 2352 1534 promit,

710 1553 768 1606 et
794 1549 1071 1605 tenebras
1104 1548 1384 1605 discernit
1410 1567 1445 1606 a
1472 1550 1720 1607 lumine.
1761 1550 1981 1604 Deinde
2013 1549 2354 1605 firmamen-

2460 483 2767 560 παρεδρευει
2810 492 2971 562 θρόνῳ
3000 495 3132 561 ,Τίς
3194 498 3293 541 τῶν
3357 492 3535 541 πάντων
3576 491 3769 562 ἐγγύτατα
3812 518 3884 568 τις»

2464 593 2587 625 σιων
2645 584 2715 646 τῷ
2802 576 3070 652 ἀπροσίτῳ
3170 580 3446 653 θεοπρεπῶς
3511 598 3557 631 τε
3612 578 3811 654 λειτορτιεῐν
3840 606 3888 652 ιιι

2466 660 2685 724 ἀεννάως
2748 661 3087 717 διατέτακται
3121 685 3133 734 ;
3168 666 3232 719 ’Ἡ
3302 663 3449 725 δῆλον
3516 668 3583 718 ὅτι
3636 672 3796 739 Μιχαὴλ
3842 695 3887 723 ιιι

2464 750 2711 823 Γαϐριὴλ,
2766 756 2814 805 οἱ
2864 764 2952 817 τῆς
3010 757 3299 830 ὑπερτάτης
3360 755 3664 828 μεγαλοσύνης
3698 754 3887 831 ἄορνοςρξί,

2463 844 2511 891 οἱ
2538 851 2882 916 μυσταγωγοὶ
2936 854 3034 897 τῶν
3088 847 3385 921 ὑπερσοφων
3425 851 3556 910 νοων,
3619 852 3690 898 καὶ
3731 857 3792 907 τῆς
3830 852 3889 909 ἴρξς

2463 934 2681 990 κτίσεως
2788 931 3075 1008 ἁφράστοις
3172 936 3447 1009 ὑπεροχαῖς

2466 1017 2715 1072 Ἀπτεται
2761 1021 2938 1074 λοιπον
2989 1022 3213 1075 ἐντεῦθεν
3299 1033 3387 1083 τῆς
3451 1031 3539 1074 τῶν
3581 1028 3791 1095 γινομένων
3825 1046 3889 1095 7m-

3546 936 3889 1007 ὐπερανῳκιεμιτηι,

2469 1126 2593 1168 σεως
2645 1110 2670 1159 ὁ
2720 1115 3098 1185 γενεσιουργός
3194 1119 3332 1164 ποιιί
3382 1112 3594 1185 οὐρανὸν,
3659 1118 3728 1162 καὶ
3769 1114 3891 1182 Graiis?

2465 1206 2584 1267 γῆνο
2640 1201 2865 1271 παράγει
2947 1204 3108 1271 φωτὸς
3179 1200 3379 1267 ουσίαν,
3431 1206 3513 1253 καὶ
3563 1205 3711 1260 σκότος
3748 1197 3890 1273 διακονῇ

2467 1289 2651 1355 φωτός.
2686 1282 2813 1339 Εἶτα
2838 1293 3101 1362 περιτείνει
3146 1292 3201 1340 τὸ
3262 1294 3531 1362 στερέωμα.
3581 1293 3666 1340 Καὶ
3709 1293 3775 1348 τὰς
3813 1287 3891 1337 Exi:-

2469 1393 2593 1435 σους
2616 1383 2712 1426 νῶν
2756 1373 2984 1439 ὑδάτων,
3041 1376 3101 1438 οἷς
3156 1381 3246 1449 μὲν
3293 1380 3517 1451 ὑπεράνω
3554 1384 3633 1429 τοῦ
3676 1396 3891 1448 στερουμιτςς

2465 1463 2784 1538 μετεωρίζει,
2841 1463 2901 1526 οἷς
3000 1461 3059 1517 δὲ
3122 1472 3232 1527 τοῖς
3317 1476 3542 1518 κενεῶσιν
3590 1465 3890 1538 ἐκαποχρίνιετίς

2464 1558 2583 1620 γῆς.
2634 1550 2850 1605 Ἔπειτα
2900 1563 3068 1625 φυτῶν
3109 1560 3198 1606 καὶ
3251 1555 3391 1615 ζωων
3439 1556 3528 1615 τὰς
3574 1550 3825 1613 παντοδαπὰς
3854 1553 3891 1602 δὲ·

717 1643 840 1694 tum
868 1637 1148 1703 extendit,
1182 1643 1236 1693 et
1265 1639 1520 1709 abyssos
1553 1655 1873 1711 aquarum,
1917 1655 2072 1711 quas
2139 1639 2311 1710 partit

2299 1657 2353 1694 In
2396 1638 2436 1690 Β
2469 1643 2588 1699 σίας
2626 1645 2714 1691 καὶ
2740 1643 2939 1713 μορφὰς
2969 1641 3104 1713 λογῳ
3135 1650 3225 1702 τῆς
3253 1650 3353 1714 γῆς
3381 1647 3468 1694 καὶ
3493 1650 3575 1693 τοῦ
3631 1638 3778 1702 ὕδατος
3802 1641 3891 1701 ἐξενι-

713 1743 897 1799 supra
918 1726 1375 1783 fundamentum
1403 1728 1731 1799 suSpen’lit,
1758 1727 1973 1799 partim
2006 1726 2159 1783 infra
2189 1735 2355 1783 terrae

715 1815 1060 1888 superﬁcies
1091 1816 1149 1869 in
1180 1832 1471 1872 cavernas
1496 1823 1551 1872 et
1580 1816 1896 1885 voragines
1930 1816 2133 1886 rejicit.
2198 1816 2359 1872 Plan-

714 1911 910 1962 tarum
941 1904 1156 1960 deinde
1197 1911 1253 1960 et
1302 1906 1654 1961 animalium
1701 1905 1898 1961 varias
1952 1922 2131 1960 omne
2172 1922 2360 1975 genus

712 1998 959 2051 naturas
981 1998 1037 2049 et
1066 1995 1315 2065 species,
1346 1995 1439 2050 vel
1464 2010 1534 2051 ex
1567 2002 1741 2061 terra,
1779 1996 1865 2050 vel
1898 2011 1968 2050 ex
2024 2011 2186 2067 aqua
2240 2011 2356 2050 ver-

711 2083 791 2140 bo
816 2082 1048 2138 excitat.
1076 2085 1291 2153 Magna
1343 2091 1627 2155 praeterea
1661 2083 1983 2139 luminaria
2039 2088 2363 2138 astrorum-

711 2189 829 2245 que
886 2188 1161 2243 sparsam
1208 2173 1324 2229 late
1381 2173 1818 2228 multitudinem
1896 2171 2359 2243 pulcherrimum

712 2260 842 2316 orbi
864 2265 983 2319 toto
1015 2262 1332 2334 explicavit
1353 2261 1783 2334 spectaculum,
1818 2261 2097 2333 idemque
2129 2261 2363 2332 sapien-

714 2349 805 2404 tiae
846 2365 915 2404 ac
940 2351 1252 2421 potestatis
1293 2367 1418 2405 suae
1445 2350 1676 2420 insigne
1698 2355 2177 2405 monumentum.
2211 2350 2361 2413 Quo-

710 2452 857 2493 nam
884 2438 1061 2510 igitur
1090 2439 1285 2494 oﬂicio
1316 2439 1607 2494 conditori
1662 2456 1753 2494 res
1794 2438 2040 2495 conditae
2106 2438 2358 2505 gratiam

709 2526 1043 2598 rependant
1068 2527 1096 2582 ?
1125 2526 1484 2582 Laudatione
1516 2542 1637 2581 una
1668 2526 1747 2581 ob
1785 2525 2141 2597 totperfecta
2155 2540 2357 2597 opera.

712 2630 1008 2689 sacroque
1038 2615 1267 2686 hymno
1286 2615 1471 2670 mixto
1511 2631 1581 2670 ex
1604 2621 1895 2671 concentu
1923 2614 2195 2669 omnium
2219 2630 2357 2668 cum

712 2703 1224 2760 sanctissimarum
1242 2708 1532 2759 mentium
1552 2703 1914 2775 symphonia
1927 2702 2198 2758 confuso.
2218 2703 2260 2767 Ο
2272 2704 2357 2756 uis

708 2798 910 2849 autem
943 2793 1122 2864 hujus
1160 2793 1375 2848 cantici
1409 2792 1655 2847 modum
1671 2797 1949 2847 ettonum
1983 2791 2149 2863 praeit
2174 2790 2356 2855 ?Quis

2469 1722 2693 1779 δίδωσιν
2727 1729 2801 1781 Οὐ
2831 1737 2997 1781 ταῦτα
3053 1728 3111 1782 δὲ
3177 1736 3348 1803 μόνον,
3400 1736 3659 1803 φωστὴρων
3697 1727 3741 1781 δὲ
3782 1730 3893 1799 51.72%.

2466 1822 2555 1867 καὶ
2578 1816 2803 1890 ἀστέρων
2840 1818 3009 1877 πλήθη
3039 1839 3092 1871 τε
3146 1822 3258 1872 κατ’
3305 1819 3512 1893 οὐρανὸν
3555 1826 3633 1872 καὶ
3670 1818 3803 1875 καλλι,
3836 1818 3895 1869 πῖιξα

2470 1906 2545 1957 θει
2577 1910 2822 1966 συνέσεως
2853 1913 2942 1959 καὶ
2989 1907 3175 1979 ἰσχύος
3225 1907 3519 1981 ἐπορίσατο.
3565 1914 3641 1968 Τίς
3684 1908 3750 1958 0'}:
3788 1908 3805 1961 ἡ

2467 1993 2634 2045 αὐτῶν
2662 1994 2852 2066 ἀμοιϐὴ
2910 2004 2981 2066 τῷ
3027 2006 3216 2070 ποιητῇ
3252 2015 3267 2065 ;
3299 2002 3497 2059 Αἵνεσις
3571 1996 3643 2049 ἐπὶ
3687 2004 3766 2057 τοῖς
3792 2012 3895 2065 70ῧὶιῦ

2670 2088 2758 2134 καὶ
2812 2084 2968 2147 ὕμνος
3011 2088 3145 2157 ἱερὸς
3225 2093 3334 2146 τοῖς
3393 2090 3635 2159 πανιέροις
3678 2090 3895 2155 συγκροτεῇι

2469 2189 2623 2232 νοοις.
2656 2177 2744 2232 Τίς
2773 2175 3032 2244 κατάρχει
3079 2181 3175 2235 τῆς
3227 2178 3474 2236 τοιαύτης
3501 2174 3707 2232 αἰνέσεως
3732 2192 3743 2235 ;
3768 2174 3893 2229 rem:

2468 2102 2593 2147 νοις,

2470 2261 2604 2310 ἔνθεν
2663 2260 2818 2331 ὕμνον
2884 2270 2956 2331 τῷ
3013 2263 3356 2336 ὑπερυμνήτῳ
3414 2260 3893 2337 προοιμιαζομινομῠ-’ί

2469 2349 2633 2408 οἱτῆς
2673 2346 2966 2419 ἀγγελικῆς,
3026 2353 3094 2412 ὡς
3152 2351 3308 2419 εἰκὸς,
3374 2354 3719 2424 καθηγούμενοι
3757 2365 3894 2420 10.5m-

2472 2441 2590 2498 σίας
2616 2454 2627 2501 ;
2660 2437 2781 2509 Οὐχ
2807 2441 2855 2489 οἱ
2886 2437 3182 2513 ὑπερφερεῖς
3214 2437 3452 2493 διάκονοι
3503 2450 3588 2503 τῆς
3618 2436 3894 2511 θεαρχίιςξθλι

2468 2528 2516 2576 οἱ
2570 2531 2787 2599 πρώτως
2834 2537 2933 2579 τῶν
2984 2547 3199 2601 πρωτων
3283 2529 3574 2603 ἐλλάμψεων
3635 2527 3894 2603 ὑπερπλησᾹὲ

2466 2633 2563 2678 νοι,
2597 2620 2686 2667 καὶ
2743 2624 2841 2666 τῶν
2898 2618 3044 2669 θείων
3093 2617 3314 2689 εὐλόγως
3369 2621 3624 2691 apicum
3670 2625 3809 2690 πρῶτοι
3838 2612 3896 2660 κέ.

2467 2709 2772 2773 η’γήσαντος
2806 2704 2959 2757 Ἀλλὰ
3005 2712 3325 2777 μετενεκτέον
3388 2710 3559 2760 λοιπὸν
3603 2711 3676 2759 τόν
3720 2705 3819 2775 λογον
3852 2695 3895 2748 ιέί

2466 2788 2759 2863 βαδίζοντα
2784 2797 2911 2866 πρὸς
2937 2796 3001 2845 τὰ
3024 2794 3159 2857 ἑξῆς.

706 2881 836 2952 ejus
874 2881 1156 2938 carminis
1180 2881 1340 2954 quod
1374 2881 1434 2936 in
1454 2880 1697 2937 laudem
1720 2881 1963 2951 majoris
2002 2880 2167 2935 omni
2198 2879 2376 2933 laude
2410 2880 2505 2933 Dei
2538 2881 2767 2936 canitur
2795 2882 3093 2937 modulari
3116 2889 3376 2955 occupat
3432 2886 3697 2958 prommia
3740 2882 3896 2934 Muret

706 2971 820 3026 illis
861 2988 969 3027 suo
1008 2972 1221 3027 merito
1248 2972 1409 3027 chori
1445 2970 1814 3043 principibus
1845 2970 2116 3040 angelici.
2146 2969 2259 3024 illis
2311 2967 2784 3041 prtecellentibus
2857 2971 2952 3026 Dei
3019 2971 3320 3044 ministris,
3374 2975 3485 3030 illis
3540 2976 3802 3047 primarum
3836 2966 3897 3020 illi“

704 3062 1058 3116 strationum
1102 3060 1200 3115 Dei
1221 3059 1609 3133 participibus
1635 3059 1749 3115 hoc
1780 3058 2161 3114 tribuendum
2191 3061 2280 3113 est
2319 3062 2377 3112 ut
2407 3055 2468 3110 in
2504 3057 2601 3112 Dei
2632 3059 3021 3115 concinendis
3046 3060 3331 3116 laudibus
3375 3064 3612 3119 musicae
3649 3060 3773 3117 omni
3798 3053 3895 3110 mode-

702 3154 907 3206 rentur
935 3153 963 3203 ?
990 3152 1204 3204 Verum
1244 3155 1447 3205 tamen
1475 3148 1837 3204 reducamus
1859 3148 1919 3203 iu
1950 3148 2110 3204 viam
2149 3146 2505 3212 orationem,
2542 3153 2597 3200 et
2630 3154 2842 3219 sponte
2863 3148 3146 3221 deinceps
3200 3166 3310 3206 sua
3358 3158 3725 3224 perrecturam
3766 3147 3815 3202 ad
3842 3142 3899 3197 ﬁt“?

705 3254 828 3311 qua
849 3238 1243 3294 dimittamus.

774 3329 963 3383 Homo
994 3328 1171 3396 igitur
1204 3327 1302 3382 Dei
1333 3343 1516 3382 manu
1568 3325 1640 3381 ad
1710 3326 1968 3382 auctoris
2027 3326 2351 3395 imaginem
2388 3328 2426 3379 C

702 3415 1113 3472 conformatus
1153 3415 1214 3470 in
1233 3416 1512 3487 paradiso
1542 3414 1639 3470 Dei
1674 3414 2000 3470 collocatus
2052 3419 2161 3471 est.
2209 3415 2350 3470 Inde

700 3503 782 3559 illi
810 3504 1036 3560 ibidem
1067 3504 1314 3559 edicitur
1344 3520 1616 3577 quosque
1668 3504 1891 3559 fructus
1944 3503 2032 3558 fas
2096 3504 2171 3559 sit
2227 3519 2349 3559 car-

702 3606 860 3661 pere,
884 3607 1161 3664 quosque
1192 3591 1359 3646 nefas
1383 3597 1711 3647 attrectare.
1776 3592 1965 3657 Quam
2024 3597 2086 3646 ut
2131 3590 2225 3646 ille
2274 3591 2347 3647 Ie-

700 3693 837 3749 gem
874 3679 1089 3736 infelici
1112 3680 1307 3752 gustui
1339 3680 1706 3752 posthabuit,
1758 3681 1968 3736 eadem
2015 3681 2097 3737 illi
2150 3682 2345 3736 vinde-

698 3768 819 3825 mia
838 3785 973 3841 quaa
1000 3768 1508 3842 praevaricationis
1566 3785 1746 3824 uvam
1806 3786 2137 3842 praseocem
2176 3770 2344 3826 obtu-

692 3855 857 3919 lerat.
892 3875 1135 3931 poenam
1162 3874 1405 3931 quoque
1427 3863 1778 3930 praesentem
1837 3859 2026 3915 exsilii
2073 3876 2145 3915 ex
2210 3860 2342 3915 loco

692 3948 1104 4004 amoenissima
1136 3946 1450 4003 tristissimi
1496 3948 1851 4020 propinavit.
1912 3949 2198 4021 Deinceps
2252 3949 2339 4004 illi

688 4037 1007 4107 paradisus
1021 4036 1333 4093 clauditur.
1350 4042 1437 4109 Ap
1445 4036 1621 4108 positi
1635 4036 1814 4092 clavis
1825 4037 1956 4093 loco
1995 4038 2309 4093 Cherubim
2322 4083 2336 4107 ,

684 4141 795 4181 nec
824 4127 1103 4192 inermes,
1139 4127 1242 4182 sed
1276 4127 1487 4181 muniti
1514 4126 1713 4195 gladio
1750 4128 2007 4184 versatili
2052 4134 2109 4184 et
2164 4129 2332 4184 ﬂam-

685 4228 820 4269 meo
850 4232 1030 4287 quem
1071 4231 1191 4271 non
1224 4215 1407 4270 alium
1435 4215 1705 4270 fuisseab
1736 4217 1983 4287 ecquod
2006 4216 2328 4273 laudamus

682 4302 958 4372 equidem
986 4304 1338 4359 crediderim
1371 4321 1383 4357 :
1418 4304 1494 4359 ab
1526 4304 1657 4367 hoc,
1682 4305 1953 4376 inquam,
1994 4306 2328 4377 praecellen-

680 4389 912 4446 tissimo
940 4392 1464 4463 intelligentiarum
1490 4393 1619 4464 pari
1651 4394 1939 4448 virtutum
1998 4395 2324 4452 cmlestium

679 4479 853 4550 quasi
882 4480 1118 4550 fastigio
1148 4488 1205 4536 et
1251 4480 1709 4553 complemento.
1750 4482 1851 4537 Cui
1884 4482 1963 4539 ob
2013 4483 2324 4541 scindendi

675 4567 921 4640 quidem
952 4571 1140 4626 aciem
1194 4576 1249 4626 et
1304 4570 1566 4626 hostium
1622 4572 2137 4628 conficiendorum
2201 4576 2321 4631 vim

668 4659 997 4731 romphaea;
1025 4676 1245 4715 nomen
1272 4659 1567 4714 convenit.
1603 4662 1823 4715 Natura
1854 4677 1991 4716 vero
2023 4663 2189 4734 quod
2248 4665 2321 4720 sit

667 4747 844 4817 ignea
856 4756 911 4804 et
924 4749 1185 4805 materias
1200 4747 1505 4802 deterioris
1530 4748 1844 4821 noxiteque
1857 4753 2318 4823 comsumptrice

664 4830 969 4899 aptissime
1003 4830 1081 4884 illi
1126 4829 1477 4900 adjunctum
1541 4844 1782 4900 quoque
1835 4830 2094 4901 quadrat
2143 4832 2317 4888 ﬂam-

665 4923 832 4963 meae.
862 4911 1002 4976 Quae
1028 4909 1193 4981 quod
1220 4908 1433 4964 dicitur
1460 4909 1770 4975 Versatilis,
1835 4925 1906 4965 eo
1957 4910 2154 4967 valere
2216 4930 2314 4968 su-

663 4994 858 5063 spicor
886 5004 950 5053 ut
979 4998 1057 5053 ad
1102 5014 1346 5053 omnem
1391 4996 1766 5065 cogitationis
1824 5005 2054 5055 motum
2104 5017 2310 5071 prom-

658 5081 929 5149 ptissima
961 5086 1473 5141 velocissimarum
1501 5088 1791 5142 mentium
1821 5089 2117 5154 alacritas,
2139 5113 2166 5139 ››
2181 5095 2307 5147 tum

657 5167 736 5222 ad
765 5186 1188 5245 quemcunque
1219 5180 1430 5232 nutum
1466 5176 1695 5232 domini
1725 5178 2174 5249 expeditissima
2220 5180 2304 5237 fa-

652 5256 913 5316 cilitaset
978 5262 1212 5330 agilitas
1270 5265 1578 5321 celerrima
1633 5267 1994 5335 designetur.
2073 5271 2303 5334 Quibus

648 5350 1053 5406 commendati
1086 5352 1324 5409 dotibus
1355 5357 1707 5427 Archangeli
1739 5357 1798 5411 in
1829 5358 2088 5413 eundem
2143 5362 2299 5417 ordi-

646 5450 786 5492 nem
822 5454 961 5494 cum
988 5440 1303 5498 Cherubim
1335 5445 1413 5500 ad
1443 5451 1630 5517 portas
1654 5445 1919 5517 paradisi
1961 5449 2297 5510 custodiam

642 5526 884 5603 ascripti
910 5533 1070 5602 sunt,
1101 5546 1223 5604 quo
1281 5548 1405 5589 non
1451 5537 1688 5589 tantum
1744 5537 1982 5590 strenue
2054 5539 2294 5607 perfun-

2534 3324 2836 3399 Ἀνθρωπος
2867 3332 3038 3380 τοίνυν
3067 3336 3212 3404 χειρὶ
3243 3339 3381 3385 Θεοῦ
3442 3338 3528 3385 καὶ
3567 3332 3703 3384 εἰκόνι
3741 3324 3898 3399 μορονὲἱς

2462 3413 2511 3465 ἐν
2570 3412 2875 3488 παραδείσῳ
2918 3421 3141 3471 τέθειται
3213 3428 3371 3477 Θεοῦ,
3438 3422 3643 3475 Ἐκεῖθεν
3680 3414 3895 3485 mitti-3:47?

2460 3505 2490 3561 ἡ
2552 3502 2722 3562 ἐντολὴ
2786 3505 2851 3557 ὧν
2902 3527 2955 3559 τε
3005 3518 3216 3582 καρπῶν
3280 3512 3621 3583 μεταληπτέον
3688 3512 3756 3560 καὶ
3808 3498 3894 3567 οὖὲἶ

2458 3597 2803 3666 προσαπτέον.
2852 3596 2993 3648 Ἐπεὶ
3052 3593 3112 3649 δὲ
3162 3602 3359 3657 ταύτην
3416 3598 3604 3662 ἡδονῆς
3656 3593 3829 3669 {magne
3858 3606 3896 3633 τευ

2458 3686 2605 3751 κρᾶς,
2647 3685 2845 3754 καρπὸν
2876 3683 3219 3756 παραϐάσεως
3257 3695 3350 3739 ⁸1ὀιί
3395 3685 3700 3763 παραδείσου
3740 3688 3803 3739 τὴν
3836 3680 3896 3741 έκέθ

2454 3766 2545 3837 ψιν
2594 3768 2802 3844 ὲτρύγα.
2863 3772 3095 3825 κλείεται
3146 3771 3206 3827 δὲ
3255 3775 3485 3829 λοιπόνὸ
3514 3772 3782 3849 παράδεισος
3819 3766 3885 3815 πτὲ

2457 3856 2603 3917 Κλεὶς
2634 3855 2692 3910 δε
2717 3862 2780 3911 τὰ
2819 3861 3083 3935 Χερουϐὶμ
3127 3863 3285 3936 ἑτάγη
3346 3866 3407 3918 οὗ
3458 3872 3602 3939 μονα,
3652 3862 3750 3913 ἀλλὰ
3788 3860 3842 3907 σὰν
3868 3856 3894 3899 τέ

2453 3952 2787 4020 στρεφομένη,
2846 3951 2907 4007 ἦν
2989 3951 3081 4003 οὐκ
3143 3952 3299 4011 ἄλλην
3369 3952 3515 4028 οἶμαί
3567 3972 3669 4006 τινα
3717 3952 3896 4021 κυρίως-ιω

2446 4039 2676 4087 νοεῖσθαι
2707 4037 2735 4095 ἦ
2794 4043 2887 4095 τὴν
2935 4047 3023 4090 νῦν
3106 4042 3449 4115 ὑποκειμένην
3526 4044 3588 4103 εἰς
3656 4044 3819 4092 ἔπαινον.
3852 4034 3894 4076 τ’έτο

2443 4123 2690 4196 οὐρανίων
2747 4123 3013 4199 δυνάμεων
3045 4134 3139 4187 τὴν
3193 4129 3475 4205 κορωνίδα,
3526 4138 3612 4190 τὴν
3657 4118 3897 4200 tinguiti-

2442 4230 2535 4269 την
2565 4222 2665 4264 τῶν
2695 4220 2820 4266 νόων
2852 4214 3135 4291 ξυνωρίδα,
3188 4218 3447 4293 Ῥομφαία
3639 4218 3712 4270 οὖν
3754 4217 3799 4271 ὡς
3833 4222 3893 4275 τρῖ·

2439 4309 2557 4361 τικη
2610 4304 2814 4376 λέγεται
2872 4314 2962 4359 καὶ
3010 4318 3109 4360 τῶν
3160 4309 3401 4363 ἐναντίων
3446 4309 3738 4386 διαιρετικὴ·
3779 4302 3891 4373 νὶηοτ

2440 4386 2500 4442 δέ
2538 4394 2607 4453 ὡς
2631 4399 2821 4466 πυρίνη
2853 4399 2947 4453 τὴν
2979 4400 3133 4469 φύσιν
3178 4403 3266 4450 καὶ
3321 4408 3414 4460 τῆς
3465 4405 3682 4473 χείρονος
3734 4392 3818 4446 ὗλτς
3851 4400 3890 4475 κέ

2435 4481 2715 4554 μοχθηρᾶς
2769 4481 3136 4546 ἔξαναλωτική·
3211 4493 3527 4561 στρεφομένη
3591 4483 3645 4540 δὴ
3706 4484 3833 4551 τυχὸν,
3863 4484 3891 4523 κς

2435 4575 2691 4640 ταχίστη,
2754 4576 2842 4624 καὶ
2908 4572 3021 4624 λίαν
3096 4579 3190 4632 τὴν
3254 4579 3434 4648 νοερὰν
3486 4582 3675 4633 κίνησιν
3727 4571 3889 4635 ὥστροῖῖέ

2432 4662 2561 4731 πρὸς
2609 4663 2701 4717 τὴν
2781 4669 2873 4712 τοῦ
2934 4668 3255 4716 Δεσποτικοῦ
3322 4668 3567 4737 νεύματος
3600 4663 3829 4735 περαίνειν.
3857 4644 3885 4693 Ἦ

2428 4754 2538 4806 τοῖς
2606 4748 2869 4822 Χ⁶Ρ⁰υϐιμ
2915 4749 3126 4812 ἐκείνοις
3185 4754 3458 4826 ὁμοταγώς
3517 4754 3702 4805 ἑστῶσα
3748 4749 3811 4799 rt?
3843 4753 3885 4785 τε)

2426 4833 2754 4909 παραδείσου
2783 4840 2938 4911 θύραν
2966 4841 3219 4912 ἐπιτηρεῖ,
3252 4842 3328 4903 οἷς
3356 4845 3449 4914 μὶν
3480 4846 3571 4900 τὴν
3614 4832 3775 4893 εἴσοδον
3817 4827 3885 4877 θῖν’

2422 4934 2699 5000 χωροῦσα,
2732 4928 2762 4985 ἦ
2795 4925 3141 4993 ὁδοποιοῦσα,
3201 4927 3277 4993 οἷς
3327 4928 3537 4990 δηλαδὴ
3591 4920 3883 4982 eruditi?”
3916 4954 3917 5000 ξ

2421 5031 2513 5073 πος
2550 5011 2762 5075 χηλίδος
2783 5035 2836 5067 τε
2865 5019 3041 5079 πάσης
3070 5023 3159 5070 καὶ
3202 5019 3379 5092 ῥύπων
3429 5024 3487 5072 τὸ
3542 5018 3683 5091 βάθος
3726 5006 3882 5092 σαρκαῇ

2418 5103 2795 5176 καθηραμίνος·
2863 5105 2938 5166 οἷς
3013 5101 3073 5159 δὶ
3115 5088 3267 5159 πάλιν
3343 5088 3577 5183 φραγρς
3646 5088 3879 5183 ἀδιέξοδἣὲ

2414 5192 2661 5265 μάχαιρα
2689 5188 2940 5265 δίστομος
2970 5197 3397 5266 προσαπαντῶσα
3426 5196 3505 5259 οἷς
3553 5195 3637 5248 οὐκ
3689 5188 3772 5251 ἰξὺν
3813 5180 3877 5231 ἀπ

2412 5288 2509 5330 τῶν
2549 5278 2831 5351 ἀψαύστων
2862 5281 3175 5353 ἐπιψαῦσαι.
3209 5284 3349 5339 Ἐπεὶ
3379 5283 3442 5339 δε
3479 5288 3600 5358 μετὰ
3638 5286 3771 5333 ταῦτα
3803 5274 3879 5321 ῖέῖί

2408 5370 2499 5439 μὲν
2554 5368 2687 5443 σὰρξ
2742 5375 2835 5429 τὴν
2883 5369 3006 5425 ὁδὸν
3063 5373 3224 5435 αὐτῆς
3270 5374 3319 5427 ἓν
3372 5379 3626 5450 προσώπῳ
3670 5370 3775 5421 Θεοῦ
3812 5370 3876 5406 στ’

2406 5456 2626 5531 ἐφθειρεν
2666 5458 2749 5512 ἐπὶ
2780 5468 2872 5523 τῆς
2899 5469 3022 5532 γῆς,
3047 5469 3195 5518 πᾶσα
3222 5461 3281 5517 δε
3323 5461 3530 5517 διάνοια
3576 5452 3739 5533 κομιδῆ
3786 5458 3876 5517 79°"

2403 5546 2564 5602 ἔκειτο
2589 5557 2651 5610 τῆ
2702 5554 2944 5625 πονηρίᾳ,
2985 5553 3044 5605 οὐ
3094 5549 3301 5608 δίκαιον
3356 5551 3526 5616 ἔδοξεν
3582 5553 3653 5603 ἔτι
3690 5542 3877 5602 rem.“
