4042 6214
120 296 281 375 uss

1100 303 1370 377 Nisam
1397 310 1752 377 LAUDATIO
1790 316 1891 376 ss.
1909 316 2278 378 menaeus
2304 322 2390 379 ET
2420 322 2817 381 GABRIELIS.

3365 316 3502 386 1236

123 447 269 497 Θεοῦ
295 444 459 514 μένειν
489 437 538 492 ἄν
563 440 766 504 αὐτοῖς.
812 440 965 495 Ὀθεν
1015 447 1109 502 τὴν
1161 444 1285 503 ὅλην
1337 442 1538 517 ἂθροως
1579 462 1741 497 κατα-

1852 452 2074 512 guntur
2094 458 2361 512 munere,
2410 446 2517 502 sed
2563 447 2741 503 etiam
2799 445 3113 519 sapienter.
3169 449 3315 507 Sunt
3338 451 3499 507 enim

120 530 299 583 λῦσαι
334 538 455 601 γῆν,
487 535 578 583 καὶ
606 536 708 583 πᾶν
736 526 795 583 δὲ
814 534 873 583 τὸ
901 535 1095 595 ταύτης
1127 532 1407 605 ἀνάστημα
1462 540 1552 586 τοῦ
1609 540 1743 585 Θεοῦ

127 618 458 692 βουλομένου
487 618 957 694 καταστρέψασθαι
985 618 1034 672 ἇν
1071 626 1215 695 χειρί
1273 640 1403 694 φασι
1455 630 1557 674 τῶν
1608 620 1747 692 ὑψη-

120 708 236 762 λῶν
268 711 460 762 τούτων
492 704 783 781 δυνάμεων,
842 712 967 771 τούς
1020 730 1075 764 τε
1132 718 1232 763 τῶν
1289 711 1519 786 οὐρανῶν
1583 730 1744 763 κατα-

123 800 334 871 ράκτας
388 798 579 850 ἄνωθεν
636 796 1052 872 καταρραγῆναι,
1124 802 1216 861 τάς
1286 819 1339 853 τε
1418 804 1590 872 πηγὰς
1640 807 1742 853 τῶν

124 886 389 940 ἀϐύσσων
415 888 643 939 κάτωθεν
690 886 1068 962 ἀναρραγῆναι.
1126 886 1220 950 Οἷς
1274 888 1486 950 ἁπάσης
1550 892 1744 965 σαρκός

121 979 566 1046 καταπνιγείσης,
597 980 748 1048 μόνον
790 980 878 1029 τόν
951 973 1158 1030 δίκαιον
1201 986 1315 1039 ταῖς
1362 981 1557 1031 τούτων
1617 997 1743 1053 προ-

120 1069 304 1125 νοίαις
362 1063 410 1117 ἒν
482 1063 688 1136 κιϐωτῷ
748 1064 924 1127 ξυλίνη
990 1072 1299 1140 πανοικεσίᾳ
1357 1064 1740 1127 διασώζεσθαι.

127 1153 400 1208 Ἐντεῦθεν
465 1156 700 1207 κάτεισιν
773 1158 864 1227 μεν
919 1155 1192 1230 οὐρανόθεν
1222 1158 1247 1208 ό
1280 1158 1471 1229 Κύριος
1504 1154 1590 1209 ἰπὶ
1648 1159 1742 1215 τήν

125 1251 262 1313 γῆν.
292 1240 542 1302 ’Δλλὰτίς
578 1244 609 1301 ἡ
660 1238 890 1305 κάθοδος
934 1250 1027 1295 τοῦ
1078 1248 1165 1298 τὸν
1223 1245 1436 1317 οὐρανόν
1488 1246 1603 1297 κατ’
1661 1245 1745 1301 οὐ-

133 1335 265 1384 σίαν
293 1336 383 1384 καὶ
419 1335 514 1389 την
563 1338 664 1402 γῆν
713 1330 1113 1404 πεπληρωκότος
1142 1348 1157 1400 ;
1182 1332 1248 1385 ’0
1291 1335 1438 1405 τάχα
1494 1337 1589 1391 τὴν
1632 1331 1743 1386 ἄπι-

132 1428 277 1492 φανῆ
316 1427 417 1472 τῶν
437 1418 522 1472 ἰπὶ
546 1426 647 1491 γῆς
689 1422 849 1495 ἔργων
897 1421 1059 1474 αὐτοῦ
1105 1426 1443 1495 καινοτομίαν
1491 1429 1627 1477 Θιοῠ
1677 1431 1739 1481 τῆ

131 1515 317 1582 Γραφῆ
364 1507 657 1563 κατάϐασιν
715 1508 960 1584 εἰρῆσθαι
992 1527 1007 1577 ;
1042 1513 1260 1564 Ka’ruat
1314 1515 1486 1564 τοίνυν
1531 1518 1602 1569 πῆ
1653 1513 1743 1583 μὲν

1851 531 2075 604 quibus
2105 532 2335 589 aditum
2366 536 2725 607 permittant,
2754 540 2811 591 et
2850 536 3009 591 viam
3064 537 3304 594 faciant.
3340 542 3499 605 Quo-

1850 636 1985 677 rum
2013 621 2502 680 videlicetdivina
2530 624 2816 696 quaedam
2847 632 3006 682 secta
3030 631 3118 683 est
3146 633 3203 683 et
3240 628 3497 686 caelestis

1851 708 2138 765 institutio
2175 710 2508 769 innocentis
2572 713 2726 779 vita,
2784 712 2924 769 labe
2984 721 3296 787 segregata
3335 718 3500 775 omni

1851 799 2084 871 illisque
2149 799 2303 857 adeo
2368 801 2515 874 ipsis
2582 807 2946 875 perpurgata
3009 804 3288 861 sordibus
3352 823 3500 879 qua-

1850 904 1986 944 rum
2012 903 2141 944 esse
2164 889 2334 958 solet,
2398 890 2457 945 in
2524 890 2857 947 humilitate
2917 892 3228 949 tardorum
3290 909 3501 967 corpo-

1850 993 1985 1034 rum
2043 982 2335 1050 tanquam
2392 979 2454 1034 in
2512 980 2748 1036 sentina
2801 980 2970 1035 locus
3028 982 3325 1053 proprius.
3386 984 3500 1039 Illis

1849 1081 1992 1123 vero
2030 1081 2238 1122 rursus
2275 1067 2500 1125 vallum
2566 1068 2971 1141 insuperabile
3038 1086 3274 1127 moram
3298 1071 3506 1143 objicit

1850 1156 2292 1224 necessariam;
2337 1159 2432 1213 vel
2471 1158 2517 1213 si
2585 1163 2793 1215 contra
2847 1159 3136 1230 pergendi
3198 1160 3503 1217 obstinent

1851 1243 2190 1316 audaciam,
2232 1262 2455 1319 anceps
2496 1262 2818 1303 occurrens
2856 1247 3093 1318 gladius
3162 1249 3501 1321 periculum

1852 1333 2102 1390 intentat
2128 1350 2678 1408 praesens,quorum
2699 1336 3006 1409 cupiditati
3030 1337 3107 1393 ad
3127 1339 3500 1410 carpendum

1850 1420 2080 1492 lignum
2106 1424 2356 1480 vetitum
2393 1429 2616 1480 temere
2647 1424 2934 1497 praecipiti
2967 1424 3129 1495 juste
3166 1426 3363 1483 aditus
3403 1443 3502 1483 ne-

1851 1516 2043 1582 gatur,
2079 1513 2148 1568 Ut
2184 1517 2385 1568 autem
2414 1513 2612 1568 omnis
2649 1512 2867 1570 deinde
2896 1528 3036 1569 caro
3075 1513 3136 1570 in
3177 1521 3503 1589 conspectu

126 1603 245 1658 τοίς
297 1597 364 1658 εἰς
429 1596 645 1673 οὐρανόν
695 1601 791 1656 τὴν
844 1596 1096 1651 ἀνάϐασιν
1156 1598 1522 1671 οἰκοκομοῦσιν
1560 1597 1741 1668 ἀλογί-

1852 1600 1954 1656 Dei
1984 1600 2145 1656 viam
2168 1617 2343 1657 suam
2382 1601 2646 1674 corrupit
2683 1617 2864 1673 super
2906 1607 3141 1673 terram,
3185 1605 3502 1676 omnisque

127 1706 272 1748 στως
322 1690 417 1745 την
463 1686 709 1758 γλῶσσαν
772 1691 1266 1761 καταμεριούμενος,
1317 1696 1389 1749 πῆ
1442 1685 1503 1741 δί
1544 1687 1741 1751 ξενιζό-

122 1794 283 1848 μενος
374 1773 819 1850 ἅνθρωποπρεπῶς
912 1778 1056 1851 παρὰ
1127 1786 1199 1848 τῷ
1277 1775 1520 1850 ’Δϐραάμ
1546 1792 1559 1806 ³
1633 1773 1744 1831 εἶτα

123 1869 264 1938 πυρί
291 1868 380 1918 καὶ
421 1865 540 1938 θείῳ
584 1868 703 1925 τοὺς
756 1862 1029 1936 ἀθεμίτους
1084 1863 1330 1929 ἀπολλύς.
1385 1867 1741 1938 Συγκατέρχτ

121 1974 222 2007 ται
250 1955 415 2026 τούτῳ
440 1952 663 2023 Μιχαὴλ
694 1958 784 2006 καὶ
841 1951 1089 2029 Γαϐριὴλ,
1141 1952 1200 2008 οὐ
1247 1960 1338 2014 τῆς
1395 1951 1743 2026 Ἀϐραμιαίας

121 2047 287 2117 μόνον
377 2046 465 2097 καὶ
528 2040 673 2103 ξένης
753 2041 921 2104 ξενίας
999 2041 1192 2104 ἐκείνης
1252 2049 1615 2104 κοινωνοῦντες
1667 2050 1741 2113 τῷ

123 2136 393 2205 Δεσπότῃ,
451 2129 582 2187 ἀλλὰ
666 2135 757 2185 καί
809 2135 967 2187 παντὶ
1024 2133 1142 2203 θείῳ
1201 2131 1515 2203 κελεύσματι
1567 2132 1742 2205 θεαρί-

131 2240 278 2282 στως
337 2222 734 2294 ὑπουργοῦντις.
804 2220 1179 2293 Διαμερίζουσι
1263 2223 1352 2293 μὶν
1417 2221 1535 2277 ἔθνη
1606 2220 1743 2279 κατὰ

127 2310 384 2382 γλώσσας
412 2328 467 2367 τε
494 2314 585 2363 καὶ
614 2308 796 2381 φυλάς·
829 2308 1070 2371 ἰκάστοις
1128 2305 1188 2363 δὲ
1235 2311 1428 2364 τούτων
1497 2306 1742 2381 ἀγγέλους

134 2400 353 2473 ἐφόρους
409 2397 764 2470 ἐφιστάνουσι,
851 2402 942 2457 καὶ
993 2394 1306 2471 κηδεμόνας.
1357 2403 1456 2452 Καὶ
1502 2398 1744 2472 ῥυόμενοι

136 2492 237 2562 μεν
273 2495 656 2561 περιποιοῦνται
732 2492 822 2543 καὶ
872 2488 1133 2549 σώζουσιν
1203 2486 1291 2550 οὓς
1362 2482 1670 2540 ἐδικαίωσεν
1717 2487 1743 2538 ό

142 2580 297 2647 Θεὸς,
324 2580 743 2649 καταστρέφουσι
788 2573 847 2629 δε
894 2581 985 2629 καὶ
1030 2584 1372 2635 κατασπῶσιν
1403 2574 1491 2638 οὓς
1541 2571 1746 2636 ἔνδικος

140 2664 396 2736 Ὑψίστου
498 2664 666 2737 ψῆφος
752 2661 972 2719 ἕκδίωσι
1055 2664 1409 2739 πανωλεθρίῳ.
1505 2662 1744 2737 ’Δϐραὰμ

135 2754 372 2809 ἐντεῦθεν
408 2755 661 2827 ὑγίασται
693 2758 821 2826 Θεῷ,
862 2750 935 2807 δι’
966 2753 1021 2807 ὃν
1065 2759 1155 2809 καὶ
1198 2755 1226 2807 ό
1254 2756 1458 2827 ἔκγονος
1513 2753 1746 2809 ἄπαινεί-

131 2864 227 2899 ται
248 2841 477 2916 Ἰσραήλ.

1849 1688 2130 1762 cogitatio
2152 1689 2229 1745 ad
2262 1689 2491 1746 malum
2528 1690 2751 1762 impetu
2782 1690 3012 1757 ruebat,
3036 1706 3157 1747 non
3198 1696 3287 1748 est
3304 1692 3501 1748 visum

1849 1780 2320 1833 consentaneum
2351 1782 2582 1833 tantam
2612 1777 2763 1834 inter
2801 1777 3202 1850 corruptelam
3246 1779 3348 1835 Dei
3378 1780 3502 1851 Spi-

1847 1864 2029 1922 ritum
2058 1865 2119 1921 in
2151 1865 2394 1921 homine
2437 1881 2811 1937 permanere.
2865 1866 3030 1923 Unde
3078 1883 3217 1923 cum
3244 1867 3345 1924 illa
3386 1872 3501 1925 Deo

1849 1953 2080 2011 sederet
2135 1954 2447 2021 sententia,
2508 1959 2728 2011 terram
2783 1954 3105 2011 delendam
3161 1956 3501 2013 universam

1846 2048 2077 2115 quanta
2100 2046 2189 2099 est
2207 2047 2265 2099 et
2292 2057 2537 2099 omnem
2567 2043 2619 2114 ej
2631 2059 2698 2100 us
2731 2042 3078 2115 superbiam
3099 2043 3497 2112 obruendam,

1848 2128 2200 2187 sublimium
2229 2130 2443 2187 harum
2471 2131 2754 2189 virtutum
2790 2134 3037 2203 putatur
3065 2147 3214 2189 usus
3234 2132 3501 2190 ministe-

1845 2220 1935 2276 rio
1961 2219 2040 2277 ad
2059 2223 2393 2277 cataractas
2416 2218 2705 2277 cmlorum
2744 2220 3203 2292 perfringendos
3244 2221 3502 2294 desuper

1848 2312 1906 2365 et
1943 2307 2021 2365 ad
2059 2306 2265 2380 abyssi
2297 2306 2492 2364 fontes
2529 2307 2685 2365 infra
2720 2308 3113 2380 rumpendas.
3156 2310 3239 2367 Ex
3274 2309 3500 2382 quibus

1847 2412 2146 2470 aquarum
2184 2395 2559 2454 redundante
2614 2398 2789 2468 copia
2842 2412 2981 2453 cum
3020 2398 3314 2454 exstincta
3369 2414 3502 2455 esse

1824 2485 2047 2542 omnis
2077 2500 2237 2555 caro,
2284 2500 2442 2541 unus
2474 2484 2672 2555 justus
2709 2500 2848 2541 cum
2886 2484 3112 2542 familia
3147 2485 3502 2543 earumdem

1850 2574 2229 2647 providentia
2268 2576 2539 2631 servatus
2576 2572 2759 2631 fuisse
2799 2573 3009 2633 merito
3047 2574 3331 2633 creditur.
3359 2573 3503 2632 lnde

1852 2662 1927 2720 de
1952 2662 2105 2720 cmlo
2155 2662 2441 2719 Dominus
2495 2660 2805 2723 descendit
2850 2663 2913 2719 in
2956 2667 3198 2721 terram.
3241 2661 3383 2730 Quis
3404 2663 3502 2721 hic

1851 2751 2179 2809 descensus
2207 2756 2410 2808 autem
2430 2750 2580 2823 ejus,
2598 2752 2773 2823 cujus
2804 2752 3121 2823 praesentia
3145 2752 3366 2809 caelum
3387 2752 3500 2809 im—

1849 2841 1972 2914 plet
1999 2847 2057 2898 et
2079 2846 2298 2899 terram
2335 2841 2364 2898 ‘I
2392 2844 2481 2897 An
2534 2856 2831 2899 novorum
2887 2840 3037 2899 forte
3075 2858 3329 2917 operum
3359 2857 3502 2898 mox

126 2940 507 3016 edendorum
548 2956 732 3015 super
771 2945 986 3000 terram
1055 2940 1344 3000 mirabilis
1382 2940 1613 2998 eﬂectio
1646 2940 1761 2997 hoc
1799 2955 1838 2997 a
1876 2940 2179 3012 Scriptura
2232 2938 2476 2995 nomine
2509 2938 2859 3009 designatur
2899 2937 2928 2994 ?
2976 2939 3289 2995 Descendit
3321 2938 3502 3005 igitur

129 3046 301 3095 nunc
320 3029 637 3097 hominum
676 3032 1120 3104 conspiratione
1159 3032 1475 3087 temeraria
1513 3030 1592 3087 ad
1646 3027 2181 3086 conscendendum
2248 3027 2466 3084 caelum
2526 3027 2804 3084 insanam
2860 3027 3068 3083 turrim
3125 3027 3500 3083 molientium

32 3168 33 3171 η
127 3120 408 3190 linguam
466 3119 772 3177 divisurus
804 3138 817 3176 :
849 3136 1011 3177 nunc
1049 3119 1470 3193 hospitalitatis
1521 3119 1778 3175 Abrahm
1827 3122 2112 3189 capturus
2167 3116 2681 3188 experimentum:
2748 3120 2875 3171 tum
2934 3115 3061 3186 igni
3097 3121 3154 3171 et
3215 3114 3503 3187 sulphure

128 3208 396 3264 incestos
427 3212 914 3280 consumpturus.
960 3207 1216 3264 Euntilli
1264 3207 1512 3263 comites
1550 3204 1793 3263 Michael
1835 3211 1893 3262 et
1934 3204 2188 3261 Gabriel.
2236 3208 2361 3261 Non
2394 3209 2458 3260 ut
2501 3204 2833 3261 Abramaate
2880 3204 3297 3276 hospitalitatis
3345 3203 3501 3260 illius

127 3298 433 3355 inusitata:
454 3302 635 3370 atque
678 3297 759 3353 ab
804 3298 1124 3353 hominum
1170 3301 1299 3353 tum
1355 3296 1625 3353 moribus
1668 3286 2099 3368 peregrinantis
2148 3293 2410 3350 fructum
2475 3292 2655 3349 simul
2693 3308 2831 3348 cum
2886 3292 3134 3350 domino
3187 3292 3499 3365 praesentis

130 3385 348 3457 gaudii
365 3385 759 3459 perciperent,
790 3386 894 3442 sed
923 3392 986 3442 ut
1019 3386 1098 3443 ad
1145 3400 1325 3442 omne
1351 3386 1593 3455 signum
1635 3383 1849 3441 divinas
1886 3383 2208 3440 voluntatis
2264 3397 2569 3438 summam
2626 3382 2851 3454 ubique
2894 3381 2973 3438 ad
3011 3382 3271 3454 quodvis
3315 3382 3500 3438 ohse-
3550 3392 3551 3395 ‘

131 3475 353 3549 quium
391 3490 578 3547 opera
601 3474 885 3532 navanda
901 3474 1270 3545 diligentiam
1308 3475 1821 3547 reprmsentarent.
1873 3475 2082 3530 Gentes
2123 3470 2299 3541 igitur
2335 3471 2396 3526 in
2442 3470 2678 3540 linguas
2724 3476 2783 3527 et
2825 3470 3015 3527 tribus
3047 3470 3132 3527 illi
3179 3470 3497 3539 dividunt,

129 3572 270 3623 tum
302 3565 531 3622 eisdem
560 3564 810 3635 singulis
841 3569 1141 3623 curatores
1206 3564 1510 3637 quosdam
1552 3562 1800 3633 angelos
1847 3566 1905 3618 et
1948 3559 2233 3633 prmsides
2288 3559 2622 3631 praeﬁciunt
2668 3559 2869 3616 iidem.
2928 3563 3061 3617 iam
3105 3560 3185 3616 ad
3232 3575 3336 3617 eos
3382 3575 3499 3616 ser-

126 3654 374 3712 vandos
399 3670 556 3726 quos
586 3653 937 3710 eximendos
970 3670 1007 3713 a
1044 3653 1350 3711 communi
1391 3651 1561 3708 clade
1613 3655 1763 3708 Deus
1812 3649 2040 3706 censuit
2102 3665 2292 3720 quam
2339 3648 2530 3705 seduli
2586 3653 2726 3705 sunt
2754 3649 2781 3705 ‘I
2802 3664 2926 3721 qua
2944 3664 3049 3706 eos
3076 3650 3151 3718 vi,
3183 3665 3307 3722 qua
3332 3665 3499 3720 cura,

128 3759 326 3817 quam
378 3741 651 3799 beneﬁca
700 3747 1040 3815 protegunt,
1101 3741 1381 3813 eripiunt,
1432 3746 1625 3797 tutum
1655 3741 1716 3795 in
1758 3743 2065 3811 receptum
2112 3738 2373 3810 denique
2412 3737 2755 3810 perducunt
2806 3737 2834 3793 ?
2858 3742 2899 3793 E
2940 3740 3238 3796 contrario
3267 3755 3409 3797 vero
3438 3743 3503 3794 ut

126 3838 398 3901 vastant,
424 3831 693 3888 obruunt
720 3837 902 3904 atque
921 3830 1088 3889 omni
1118 3831 1425 3889 atrocitate
1454 3830 1516 3885 in
1556 3844 1661 3885 eos
1705 3827 1991 3884 detonant
2041 3826 2264 3899 quibus
2312 3826 2426 3882 hoc
2480 3827 2756 3883 meritum
2779 3827 3028 3885 exitium
3049 3830 3248 3898 justus
3299 3843 3503 3900 supre-

125 3922 223 3981 mi
247 3920 466 3991 judieis
497 3918 764 3977 calculus
787 3919 1130 3975 decreverat
1155 3919 1183 3974 ἵ
1207 3917 1514 3974 Abraham
1553 3916 1769 3974 exinde
1808 3913 2211 3973 sanctiﬁcatus
2250 3916 2368 3972 Deo
2407 3920 2516 3984 est,
2546 3915 2627 3971 ob
2655 3932 2840 3989 quem
2860 3923 2918 3973 et
2964 3931 3156 3989 nepos
3213 3917 3344 3987 ejus
3365 3916 3499 3971 lau-

125 4011 315 4069 datur
346 4007 549 4066 Israel.

208 4097 386 4153 ¹’Δλλοι
415 4101 505 4170 μὶν
555 4097 644 4151 οὖν
722 4116 821 4151 των
883 4098 1029 4151 θείων
1081 4095 1314 4169 ἀγγέλων
1364 4095 1528 4149 ἄλλων
1584 4094 1738 4149 ἕθνῶν

1919 4094 2099 4165 Igitur
2118 4092 2217 4151 alii
2246 4092 2492 4167 quidem
2524 4094 2711 4151 sancti
2739 4094 3203 4165 angelialiarum
3233 4093 3499 4165 gentium

124 4185 448 4253 προστατεῖν
474 4176 981 4248 κατακεκληρωνται·
1034 4172 1178 4231 οὗτοι
1228 4175 1287 4231 δὲ
1344 4177 1597 4250 ἄρχοντες
1650 4180 1739 4227 καὶ

122 4272 499 4343 προασπὶσταὶ
550 4275 642 4320 τοῦ
717 4264 934 4341 Ἰσραὴλ
990 4268 1120 4340 πρός
1183 4272 1318 4319 Θεοῦ
1384 4262 1734 4337 διαττάχατο.

123 4358 289 4411 *Οθεν
317 4357 593 4427 τῷῚσαὰκ
641 4357 671 4415 ἡ
715 4359 957 4428 ’γέννησις
1013 4355 1343 4430 ξενοπρεπής·
1416 4355 1533 4409 κατ’
1581 4354 1738 4425 ἑπαγ-

125 4446 310 4521 γελίαν
381 4447 483 4519 γάρ
542 4446 641 4517 (3).
707 4447 1020 4518 Ξενοπρεπὴς
1090 4440 1149 4497 δε
1197 4445 1358 4497 θυσία
1398 4445 1530 4517 μετὰ
1576 4451 1743 4497 ταῦτα

126 4538 528 4610 προσαγόμενος
608 4542 744 4607 φωνῇ
818 4531 1037 4606 ἀγγέλου
1134 4537 1383 4607 πατρῴας
1466 4537 1742 4606 μαχαίρας

124 4623 510 4690 ἀπηλλάττετο,
595 4626 760 4685 τύπος
856 4624 1130 4697 ἱερωτέρας
1216 4619 1743 4694 παραλαμϐανόμενος

128 4717 457 4787 ἱερουργίας.
515 4720 631 4776 Πῶς
721 4708 775 4766 δ’
853 4709 914 4764 ἂν
966 4709 1154 4765 Ἰακὼϐ
1202 4719 1300 4773 τῆς
1354 4710 1742 4785 οὐρανομήκους

122 4803 382 4875 κλίμακος
431 4802 644 4869 ἐκείνης,
712 4807 802 4859 καὶ
850 4810 948 4855 τῶν
1032 4798 1273 4853 ἀνιόντων
1330 4804 1421 4852 καὶ
1460 4803 1741 4853 κατιόντων

123 4889 209 4946 δι’
241 4890 401 4952 αὐτῆς
422 4887 671 4963 ἀγγέλων,
732 4891 762 4949 ᾖ
824 4896 916 4943 τοῦ
961 4886 1396 4962 ἐπεστηριγμένου
1442 4896 1575 4943 Θεοῦ
1633 4887 1743 4960 ἄνι’

110 4984 264 5054 γόνει
293 4978 549 5053 θεωρός,ἣ
607 4986 709 5033 τῶν
754 4978 969 5051 ὕστερον
1020 4976 1272 5050 όφθεισῶν
1335 4976 1475 5048 αὐτῷ
1542 4998 1738 5054 παρεμ-

1848 4182 2035 4240 sortiti
2064 4183 2475 4255 praefecturam
2506 4189 2666 4239 sunt.
2694 4183 2828 4240 Istis
2848 4189 3052 4241 autem
3082 4190 3250 4240 extra
3278 4187 3500 4239 sortem

1848 4271 1951 4328 Dei
2009 4272 2533 4329 commendatione
2576 4272 2782 4345 populi
2822 4271 3123 4329 lsraelitici
3160 4271 3407 4343 regendi
3444 4276 3502 4328 et

1846 4360 2199 4434 protegendi
2227 4361 2594 4418 demandata
2621 4368 2705 4418 est
2729 4362 3057 4434 provincia.
3102 4362 3270 4419 Unde
3306 4362 3501 4419 lsaaci

1847 4451 2151 4521 generatio
2172 4449 2481 4515 mirabilis,
2512 4456 2569 4507 et
2595 4451 2930 4523 inopinata,
2962 4467 3070 4524 per
3083 4451 3498 4524 repromissio-

1845 4555 1986 4598 nem
2017 4540 2177 4597 enim
2207 4546 2386 4597 natus
2404 4546 2512 4612 est,
2539 4556 2744 4599 eorum
2765 4542 3194 4600 administrata
3224 4558 3344 4599 esse
3358 4558 3497 4611 pra.

1848 4630 2052 4687 dentia
2078 4630 2356 4699 putanda
2386 4637 2489 4687 est.
2533 4632 2645 4696 Qui
2682 4631 2898 4688 deinde
2938 4636 3114 4688 Isaac
3153 4647 3291 4687 cum
3330 4630 3499 4686 altari

1848 4724 2006 4774 esset
2028 4718 2338 4789 inopinata
2367 4718 2608 4775 victima
2638 4720 2970 4791 impositus,
2992 4734 3136 4776 voce
3175 4718 3495 4790 prohibens

1848 4807 1924 4863 tis
1964 4805 2159 4875 angeli
2202 4807 2432 4877 paterni
2485 4812 2574 4862 est
2611 4807 2793 4877 gladii
2830 4808 3094 4880 periculo
3134 4806 3492 4863 subtractus.

1849 4895 1992 4960 Qum
2021 4899 2190 4949 erant
2208 4894 2337 4964 jam
2368 4900 2494 4951 tum
2516 4896 2722 4952 omnia
2752 4896 2831 4951 ad
2881 4895 3191 4952 sanctioris
3221 4894 3494 4951 sacriﬁcii

1844 4981 2105 5053 ﬁguram
2126 4982 2461 5053 designata.
2489 4984 2805 5048 Quomodo
2820 4999 2962 5039 vero
2983 4983 3170 5040 Jacob
3204 4983 3491 5040 mirabilis

116 5068 309 5134 ϐολῶν,
358 5068 386 5129 ᾖ
438 5077 535 5131 τῆς
581 5071 713 5141 μετὰ
786 5074 877 5121 τοῦ
928 5067 1274 5141 Θεανθρώπου
1328 5066 1516 5139 πάλῆς,
1576 5066 1630 5132 ἓξ
1674 5069 1735 5122 οὗ

1848 5071 1999 5128 illius
2028 5070 2248 5127 calum
2277 5076 2447 5128 terra:
2487 5072 2907 5129 committentis
2948 5072 3125 5129 scalas
3166 5073 3493 5129 ascenden-

108 5159 303 5219 οἷαι-ῆς
330 5157 547 5231 Ἰσραὴλ
604 5160 765 5231 ἔτυχε
824 5158 1207 5230 προσηγορίας·
1259 5163 1363 5216 πῶς
1420 5154 1480 5207 ἂν
1538 5160 1733 5213 τούτων

1848 5160 2112 5233 tiumque
2141 5175 2248 5232 per
2298 5174 2431 5217 eam
2474 5159 2828 5231 angelorum
2859 5168 2962 5217 aut
2998 5161 3491 5219 descendentium

109 5245 315 5311 ἧξίωτο
342 5254 435 5308 τῆς
468 5248 700 5322 θεωρίας,
767 5246 812 5299 εἰ
865 5249 939 5318 μὴ
994 5250 1105 5304 τοῖς
1158 5241 1566 5316 ἁρχαγγιλικοίς
1615 5250 1731 5301 τού·

1848 5248 2362 5322 incumbentisque
2389 5248 2471 5306 illi
2523 5249 2643 5318 Dei,
2687 5265 2894 5307 rursus
2946 5257 3276 5309 castrorum
3307 5267 3493 5324 appa-

108 5354 227 5398 τοις
305 5338 444 5397 vim;
554 5336 908 5394 κατηυούνετο
1024 5332 1463 5408 φρουρούμενος;

113 5423 295 5497 αἷομι,
326 5428 417 5483 καὶ
464 5424 660 5499 Ἰωσὴφ
699 5423 913 5498 ὕστερον
956 5421 1028 5485 εἰς
1057 5424 1321 5494 Αἴγυπτον
1370 5416 1725 5498 ὁδηγηθῆναι,

1510 5331 1615 5407 Ὑφ’
1660 5336 1727 5389 ὧν
1837 5339 2119 5407 rentium,
2153 5342 2283 5394 tum
2303 5338 2475 5395 luctas
2500 5354 2639 5396 cum
2686 5340 2891 5397 divino
2937 5342 3064 5398 viro
3092 5358 3230 5415 quae
3260 5341 3490 5398 lsraelis

1839 5428 1920 5487 illi
1940 5426 2408 5501 appellationem
2447 5429 2711 5502 peperit:
2745 5446 2866 5503 quo
2897 5430 3151 5505 inquam
3178 5430 3273 5487 ille
3304 5431 3487 5488 modo

192 5566 283 5644 (3)
304 5564 519 5642 Aliqua
542 5567 642 5625 hic
664 5565 872 5626 deesse
898 5566 1172 5624 videntur
1196 5564 1260 5622 in
1281 5566 1495 5624 Graecis
1523 5583 1661 5643 quae
1697 5586 1811 5629 nos
1844 5571 2046 5631 Latine
2080 5570 2493 5646 supplevimus
2530 5572 2935 5647 probabiliter.
