4042 6214
111 295 296 352 1233

994 299 1261 357 NICETE
1295 298 1643 357 LAUDATIO
1675 298 1773 356 SS.
1805 301 2175 363 MICHAELIS
2207 308 2292 366 ET
2318 309 2698 367 GABRIELIS.

3381 311 3522 368 1234

109 438 230 480 τας
300 417 714 494 αἰνιγματώδεις
770 421 980 496 ὁράσεις
1060 433 1160 478 τῶν
1223 424 1600 499 έκϐησομένων,
1661 425 1767 480 έκεῖ

1890 427 2198 489 dluderet?
2227 437 2313 490 An
2337 450 2462 492 non
2489 435 2630 492 inde
2658 447 2917 505 magnus
2949 436 3074 492 erat
3127 434 3368 492 Samuel
3430 451 3528 494 co-

114 511 456 573 συνετίζων
513 512 694 586 ὁρᾶται
755 511 1000 586 Γαϐριὴλ.
1052 513 1139 570 Ἐκ
1189 523 1281 577 τῆς
1341 514 1634 577 Βαϐυλῶνος
1709 512 1769 571 δὲ

111 601 286 672 μετὰ
310 607 489 655 ταῦτα
520 597 596 654 δι’
622 600 788 655 αὐτῶν
836 603 1053 678 Ἰσραήλ
1102 606 1230 679 πρὸς
1284 608 1373 664 τὴν
1428 604 1770 680 Ἰερουσαλήμ

115 686 526 764 ἀνεκομίζετο.
574 690 848 755 Πλεονάκις
903 693 1010 760 οὖν,
1064 693 1128 746 ἶν’
1175 697 1302 748 εἴπω
1353 694 1594 762 συνελὼν,
1675 701 1768 751 τοῦ

119 785 292 833 Θεοῦ
360 783 451 854 μὲν
513 779 867 855 ὀλιγωροῦτες,
932 786 1056 857 πρὸς
1114 785 1261 847 θεούς
1317 781 1376 838 δι
1429 783 1770 858 αὐτομολοῦν-
1843 791 1856 808 '

114 887 250 934 τες,
375 877 486 932 τοῖς
597 869 806 946 έχθροίς
878 872 1252 937 ὑποπίπτοντες
1324 873 1721 948 έπρονομεύοντο
1750 896 1765 912 σ

121 957 448 1020 Πλεονοίκις
506 956 564 1014 δε
608 965 698 1019 τὴν
761 963 898 1015 θείαν
951 962 1341 1036 ἐπικεκλημένοι
1405 963 1593 1040 ῥοπὴν,
1677 961 1772 1018 διὰ

115 1055 243 1100 τῶν
311 1048 534 1120 ὑψηλῶν
586 1052 780 1104 τούτων
842 1055 932 1106 καὶ
1007 1051 1260 1128 λαμπρῶν
1327 1052 1769 1128 ὰρχιστρατήγων

117 1145 234 1202 τῆς
291 1138 550 1212 χαλεπῆς
595 1142 685 1212 μὶν
738 1138 1046 1216 τυραννίδος
1106 1142 1438 1218 πολυτρόπως
1499 1142 1772 1203 ἁπηλλάτα

119 1246 335 1297 τουτο,
363 1235 480 1292 ταῖς
507 1228 698 1284 ἑαυτῶν
721 1225 781 1286 δε
836 1251 1063 1307 χωραις,
1112 1237 1201 1284 καὶ
1255 1233 1456 1300 πόλεσι,
1506 1237 1596 1286 καὶ
1659 1240 1770 1297 τοῖς

123 1316 382 1381 οἰκείοις
424 1317 842 1374 ἀποκαθίσταντο
915 1323 1140 1394 θεσμοῖς.
1198 1323 1349 1375 Ούτω
1396 1326 1486 1395 μὲν
1531 1321 1580 1375 οἱ
1640 1342 1771 1376 παν-

128 1405 312 1461 ἁῦλοι
376 1416 474 1472 τῆς
551 1417 879 1483 πανηουργοῦ
967 1415 1152 1484 σοφίας
1229 1431 1329 1466 των
1414 1409 1770 1488 ἀρχαιοτέρων

1875 533 2008 575 ram
2040 522 2292 580 Domino
2309 524 2337 580 ?
2354 528 2481 582 Non
2505 524 2773 582 indidem
2795 523 3067 581 hostibus
3088 525 3212 580 suis
3234 525 3522 582 omnibus

1878 610 2150 682 superior
2179 611 2288 670 fuit
2319 615 2504 671 David
2534 615 2562 671 ?
2591 619 2719 672 Non
2747 613 2844 672 ille
2875 614 3003 688 ipse
3031 613 3186 670 Elias
3227 631 3339 671 suo
3395 615 3528 689 ipso

1877 697 2014 769 igne
2042 700 2354 759 terribilior
2383 703 2574 775 igneis
2604 703 2888 776 operibus
2940 703 3299 760 cernebatur
3346 705 3374 763 ?
3417 707 3529 772 Qui

1878 791 2140 846 etcurru
2170 791 2394 849 vehens
2431 793 2609 863 igneo
2661 797 3013 866 assumptus
3065 793 3126 849 in
3183 792 3366 850 caelos
3417 799 3526 852 est.

1876 880 2079 952 Neque
2107 894 2288 952 porro
2317 881 2638 956 quisquam
2661 880 2812 938 alius
2836 881 3180 939 divinorum
3209 883 3531 957 propheta-

1878 983 2014 1025 rum
2039 969 2311 1028 doctrina
2331 970 2586 1029 rebusve
2603 971 2782 1042 gestis
2802 970 2983 1044 paulo
3003 971 3218 1028 exstitit
3248 971 3528 1033 illustrior

1880 1058 1974 1114 cui
2027 1074 2150 1116 non
2199 1060 2296 1116 isti
2343 1060 2676 1119 cmlestium
2726 1061 3038 1135 spirituum
3108 1062 3414 1136 praecipui,
3473 1069 3530 1122 et

1879 1147 2064 1203 duces
2102 1147 2319 1206 fuerint
2347 1151 2644 1216 itinerum,
2688 1154 2743 1207 et
2785 1149 3089 1222 adjutores
3145 1166 3419 1224 operum,
3474 1156 3531 1209 et

1879 1236 2045 1293 omni
2076 1241 2287 1295 cratera
2315 1243 2660 1296 curaturum
2686 1239 3051 1312 optimorum
3071 1239 3362 1314 complexi
3391 1256 3530 1314 pro-

1878 1325 2399 1394 videnlia?motum
2427 1343 2671 1385 omnem
2693 1332 3150 1401 etprogressum
3170 1345 3291 1403 quo
3303 1346 3427 1386 suis
3449 1329 3530 1388 ad

1879 1415 2268 1473 assectandos
2295 1417 2514 1474 divinae
2548 1417 2866 1474 voluntatis
2900 1423 3081 1474 nutus
3109 1418 3357 1475 occultis
3397 1436 3529 1476 mo-

117 1493 593 1570 ὶπιτηδευμάτων
659 1500 914 1574 ὑπουργοὶ
970 1503 1060 1553 καὶ
1112 1496 1348 1554 διάκονοί
1424 1503 1768 1560 καθειστήκε-

1890 1504 2016 1561 nitis
2047 1509 2102 1562 et
2125 1506 2504 1563 instinctibus
2559 1507 2902 1564 direxerint.
2963 1507 3027 1563 Hi
3085 1506 3275 1564 tribus
3329 1510 3530 1582 pueris

121 1606 238 1640 σαν
265 1583 628 1664 δραστήριοι.

1890 1593 1941 1649 in
1967 1593 2200 1651 ardenti
2228 1593 2470 1652 fornace
2519 1595 2803 1652 ﬂammas
2851 1599 3145 1668 tauquam
3195 1594 3530 1652 thalamum

111 1677 405 1734 innoxie
426 1677 797 1735 calcantibus
827 1679 1210 1752 hymnosque
1236 1678 1533 1736 Servatori
1571 1679 1754 1736 mixto
1806 1680 2030 1754 plausu
2077 1682 2433 1740 cborearum
2483 1683 2940 1741 concinentibus
2993 1685 3268 1740 auctores
3348 1683 3532 1740 iidem

116 1771 179 1825 et
209 1783 344 1840 par
363 1767 564 1841 ticipes
582 1766 798 1825 laetitiis
828 1768 1120 1826 consertis
1170 1769 1466 1826 haerentes
1503 1768 1810 1838 manibus,
1863 1787 2012 1828 voce
2061 1775 2350 1846 motuque
2395 1772 2708 1846 praeibant.
2767 1772 2920 1839 Quin
2969 1772 3049 1828 ab
3101 1771 3328 1829 eisdem
3383 1775 3532 1846 puto

119 1858 382 1914 factum
410 1862 477 1914 ut
497 1873 568 1914 ex
599 1857 850 1916 marium
874 1863 1079 1916 ventre
1099 1857 1315 1915 belluas
1346 1858 1473 1914 sine
1517 1874 1679 1916 noxa
1718 1860 1908 1916 Jonas
1955 1861 2236 1932 exsiliret,
2301 1865 2487 1935 utque
2541 1861 2696 1918 inter
2748 1860 2954 1918 leones
3003 1860 3377 1918 horrendum
3437 1877 3534 1918 ru-

127 1948 390 2019 gientes
438 1948 668 2019 integer
724 1948 850 2005 sine
894 1948 1122 2006 damno
1173 1953 1512 2006 servaretur
1563 1949 1787 2017 Daniel,
1845 1950 1942 2006 cui
1987 1950 2270 2007 Abbacuc
2326 1950 2695 2024 Babylonem
2745 1950 3168 2023 Hierosolymis
3218 1954 3384 2008 tanta
3428 1951 3527 2008 via

125 2038 379 2096 horum
409 2037 470 2094 vi
492 2042 672 2112 atque
701 2038 930 2111 impetu
956 2039 1116 2095 nictu
1146 2037 1456 2112 palpebrae
1480 2042 1755 2111 correpta
1792 2037 2117 2113 prandium
2143 2039 2296 2098 tulit.
2321 2040 2426 2097 Cui
2468 2041 2612 2097 item
2662 2039 2888 2096 ibidem
2953 2039 3248 2096 obscuras
3295 2039 3530 2096 futura-

129 2142 288 2184 rum
321 2143 532 2184 rerum
563 2125 1012 2199 designationes
1039 2127 1182 2184 visis
1214 2126 1515 2200 perplexis
1555 2127 1954 2186 adumbratas
1983 2128 2185 2202 palam
2249 2127 2484 2186 Gabriel
2535 2126 2827 2186 edisserit.
2878 2132 3001 2198 Age
3060 2127 3362 2201 Babylone
3418 2144 3533 2202 po-

139 2221 282 2274 stea
309 2215 545 2274 eisdem
566 2216 630 2274 id
651 2216 968 2289 agentibus
1005 2216 1186 2274 Israel
1237 2215 1564 2274 Jerusalem
1621 2217 1988 2289 postliminio
2049 2218 2378 2275 revertitur.
2437 2217 2664 2291 Saepius
2722 2217 2959 2284 deinde,
3003 2220 3068 2274 ut
3131 2217 3330 2274 dicam
3371 2233 3538 2274 com-

138 2306 410 2379 pendio,
437 2309 574 2372 Deo,
607 2306 826 2373 miseri,
855 2309 1199 2379 contempto
1229 2305 1308 2362 ad
1329 2305 1475 2362 deos
1499 2305 1825 2377 transfugte
1855 2306 1988 2363 victi
2045 2306 2124 2363 ab
2171 2307 2446 2363 hostibus
2501 2306 2719 2378 captivi
2777 2305 3257 2364 abducebantur.
3309 2307 3534 2380 Saepius

142 2411 302 2452 vero
323 2394 534 2454 divina
550 2395 828 2454 invocata
879 2395 1218 2466 clementia,
1267 2410 1479 2468 opera-
1500 2394 1752 2454 istorum
1797 2394 2147 2453 sublimium
2201 2395 2457 2454 scelestis
2507 2395 2730 2452 militias
2772 2394 3207 2469 imperatorum
3257 2395 3535 2452 servitute

148 2489 566 2557 tyrannorum
615 2485 779 2542 varie
823 2483 1056 2542 liberati
1103 2485 1226 2542 suis
1282 2484 1448 2541 terris
1491 2488 1673 2558 atque
1723 2484 1978 2542 urbibus
2027 2483 2384 2559 legibusque
2426 2483 2854 2542 reddebantur.
2921 2483 3084 2541 Adeo
3144 2500 3207 2542 se
3264 2488 3538 2540 strenuos

152 2574 303 2647 pari
323 2574 422 2631 isti
454 2573 688 2647 spiritus
717 2575 1236 2632 etaconcretione
1261 2573 1525 2631 materiai
1572 2573 1919 2646 longissime
1971 2576 2185 2632 remoti
2231 2575 2362 2647 ejus
2426 2575 2487 2631 in
2540 2573 2978 2648 procurationis
3028 2573 3332 2631 functione
3387 2589 3540 2646 prm-

152 2662 436 2720 buerunt
462 2663 556 2719 cui
579 2662 844 2736 praefecti
873 2662 1127 2731 fuerant,
1159 2667 1222 2720 ut
1249 2662 1692 2736 antiquioribus
1731 2678 1931 2721 rerum
1971 2664 2236 2737 parentis
2313 2663 2591 2721 omnium
2640 2662 2946 2738 sapientiai
2991 2663 3200 2720 studiis
3254 2667 3538 2737 prompto

154 2768 232 2810 ac
261 2751 434 2809 ﬁdeli
465 2752 789 2810 ministerio
814 2753 1120 2810 servirent.

231 2843 380 2898 Ἐπεὶ
415 2838 474 2895 δὲ
526 2843 552 2894 ό
605 2841 902 2916 ἀσώματος,
947 2844 974 2895 ό
1003 2841 1242 2918 ἀόρατός,
1277 2843 1634 2916 όύπεροῦσιος
1681 2841 1773 2895 ούκ

153 2932 235 2987 ἔτι
303 2935 462 3004 μόνον
521 2928 655 2993 εἶδος
693 2931 846 2985 ἆῦλον
902 2935 1028 3006 πρὸς
1109 2931 1280 3004 ὀλίγον
1360 2933 1613 3006 ὁρώμενον
1683 2935 1774 2984 καὶ

157 3025 356 3076 θᾶττον
395 3021 770 3096 ἁφιπτάμενον,
828 3020 956 3075 ἀλλὰ
1010 3018 1078 3081 δὴ
1131 3027 1220 3074 καὶ
1297 3020 1424 3080 ὕλην
1517 3021 1607 3074 εἶτ’
1686 3027 1774 3073 οῦν

157 3112 352 3166 οὐσίαν
409 3116 505 3171 τὴν
571 3112 819 3185 ὑμετέραν
867 3115 958 3165 καὶ
1025 3115 1228 3185 μορφὴν
1299 3106 1559 3163 ὑποδῦναι
1652 3128 1774 3162 κατ-

159 3200 637 3273 ηξίωσε,Γαϐριήλ
691 3204 780 3274 μὲν
841 3200 990 3262 εὐθὺς
1043 3205 1102 3254 τό
1150 3204 1443 3275 μυστήριον
1496 3218 1776 3272 μυσταγω-

153 3298 364 3364 γεῖται,
408 3291 558 3354 εὐθὺς
616 3287 676 3345 δι
723 3299 796 3361 τῷ
860 3293 982 3365 ἱερεῖ
1043 3295 1291 3366 Ζαχαρία
1344 3290 1622 3366 παραστὰς
1679 3292 1774 3347 τὴν

154 3380 210 3434 ἐκ
264 3389 378 3444 τῆς
423 3385 630 3455 στείρας
683 3380 824 3452 αύτῷ
876 3384 1117 3451 γέννησιν
1162 3378 1384 3452 έκφαίνει
1433 3386 1526 3432 τοῦ
1585 3385 1775 3431 Βαπτι-

157 3478 308 3527 στοῦ.
385 3468 512 3526 Εἶτα
561 3478 624 3544 τῇ
683 3474 1044 3544 κεχαριπμένῃ
1097 3472 1338 3546 Παρθένῳ
1390 3472 1564 3542 χαρὰν
1631 3468 1777 3540 εὐαγ-

153 3561 452 3634 γελίζεται.
527 3561 608 3615 Ἐν
675 3559 808 3633 ἁγίῳ
894 3555 954 3612 δὲ
1021 3561 1285 3631 ΙΙνεύματι
1363 3563 1454 3611 καὶ
1525 3557 1775 3629 Ὑψίστου

155 3648 398 3724 δυνάμει
435 3653 522 3703 τὸν
567 3652 685 3703 Υἱόν
741 3655 874 3702 Θεοῦ
916 3648 1244 3723 χρηματίζει
1285 3655 1467 3702 τεκεῖν.
1527 3647 1670 3700 Ἐπεὶ
1719 3642 1779 3699 δε

154 3748 255 3793 τῶν
307 3742 646 3813 παρθενικῶν
703 3738 928 3811 λαγόνων
979 3737 1032 3791 ἓν
1087 3739 1378 3811 ὁμοιώματι
1454 3735 1680 3811 βρέφους
1751 3736 1778 3787 ό

156 3831 356 3906 ύπερού
373 3848 480 3890 σιος
541 3826 755 3900 ἐτέχθη,
818 3833 966 3880 πᾶσα
1037 3829 1128 3900 μὲν
1219 3825 1434 3900 οὐρανία
1513 3825 1775 3897 γηθομένη

162 3921 405 3993 στρατιὰ
451 3920 510 3970 τό
566 3918 700 3990 ἱερὸν
739 3925 831 3978 τῆς
901 3912 1209 3988 δοξολογίας
1267 3914 1399 3967 αἰνεῖ
1458 3912 1626 3986 μέλος.
1681 3919 1780 3966 Μι-

162 4008 308 4080 χαὴλ
372 4003 431 4060 δὲ
481 4011 572 4060 καὶ
630 4003 860 4078 Γαϐρίήλ
912 4004 965 4068 ἐξ
1011 4003 1186 4079 ἀρχῆς
1261 4005 1398 4078 ἄχρι
1453 4001 1630 4063 τελους
1705 4007 1778 4072 τῷ

165 4100 555 4173 σεσαρκωμένῳ
584 4097 948 4168 παρεπόμενοι,
987 4097 1077 4146 καὶ
1125 4089 1232 4154 τοῖς
1287 4099 1499 4165 γονεῦσι
1554 4093 1612 4144 τό
1663 4085 1778 4142 δέον

169 4191 288 4262 ὄναρ
350 4186 743 4258 εἰσηγούμενοι,
796 4189 886 4236 καὶ
937 4185 1069 4256 μετὰ
1124 4186 1211 4235 τόν
1281 4184 1570 4256 πειρασμόν
1638 4179 1778 4251 αὐτῷ
1812 4217 1851 4272 C

174 4273 592 4348 διακονούμενοι,
650 4278 740 4326 καὶ
798 4272 846 4324 έν
938 4280 1104 4348 καιρῷ
1161 4279 1252 4324 τοῦ
1324 4273 1524 4332 πάθους
1590 4273 1778 4345 τρόπον

175 4369 290 4418 τινὰ
312 4365 761 4436 συνεπισχύοντες
783 4383 795 4396 ·
831 4361 889 4414 ού
912 4365 1066 4434 μόνον
1099 4357 1158 4414 δὲ
1217 4359 1344 4413 ἀλλὰ
1403 4364 1491 4412 καὶ
1519 4367 1614 4421 τῆς
1657 4377 1781 4431 σαρ-

176 4458 262 4516 κός
317 4452 414 4508 διά
468 4460 697 4527 σταυροῦ
748 4451 948 4506 λυθέντι
1001 4472 1014 4484 ·
1061 4455 1151 4503 καὶ
1207 4457 1378 4523 γυμνῇ
1420 4448 1574 4521 ψυχῇ
1656 4451 1783 4522 πρὸς

180 4546 481 4617 κευθμῶνας
545 4539 702 4595 άὶδου
741 4548 1004 4616 χωροῦντι
1060 4541 1494 4613 προύηγούμενοι,
1547 4541 1636 4589 καὶ
1691 4543 1783 4588 τοῦ

187 4637 406 4697 σκότους
434 4637 524 4706 μέν
567 4635 683 4694 τοῦς
734 4632 1038 4705 προστάτας
1084 4628 1534 4703 καταῤῥάσσοντες
1589 4626 1684 4686 τὰς
1736 4623 1784 4676 ἐν

187 4721 326 4794 αὐτῷ
365 4725 734 4798 κατειργμὲνας
782 4720 970 4792 ψυχὰς
1021 4721 1086 4779 ὡς
1135 4717 1340 4790 πλάστῃ
1411 4715 1780 4790 προσάγοντες,

187 4815 276 4862 καὶ
314 4811 456 4882 αύτῷ
507 4818 694 4884 νοερῶς
746 4807 1238 4883 προσαρμοζόμενοι
1295 4825 1342 4850 ο.
1382 4801 1491 4857 εἶτα
1556 4806 1650 4860 τὴν
1731 4799 1786 4854 ἐκ

189 4901 352 4972 τάφου
410 4905 686 4975 τριήμερον
733 4901 937 4972 ἔγερσιν
989 4903 1100 4958 τοῖς
1167 4893 1330 4958 ἀξίοις
1375 4893 1785 4968 ἕμφανίσαντες·

194 4987 328 5042 οὕτω
359 4987 427 5048 δὴ
456 4992 590 5063 πρὸς
645 4988 887 5062 οὐρανοὺς
934 4984 1262 5038 ἀναϐαίνοντι
1308 4987 1398 5035 καὶ
1449 4986 1536 5034 τόν
1583 4983 1790 5054 Πατέρα

195 5083 518 5142 συνανιόντες
541 5080 872 5154 τεθεώρηντο.
933 5075 1171 5129 Κάτωθεν
1220 5077 1309 5146 μὲν
1360 5069 1448 5125 οὖν
1505 5077 1617 5132 τοῖς
1664 5067 1793 5121 ἀπο-

199 5166 397 5230 στόλοις
447 5171 512 5230 ὡς
567 5162 752 5241 ἄνδρες
798 5162 896 5220 δύο
941 5163 1270 5236 λευχείμονες
1324 5157 1398 5214 δι’
1456 5159 1602 5233 ἀέρος
1663 5154 1792 5211 ἐδεί-

1209 5249 1455 5323 δευτέρας
1505 5247 1797 5321 ἐπιφανείας

1682 5354 1800 5396 ταις

197 5274 378 5310 κνυντο
432 5262 718 5330 πετόμένοι,
763 5261 855 5308 καὶ⁹
910 5258 997 5308 τόν
1035 5261 1129 5315 τῆς

200 5348 384 5417 τρόπον
417 5355 507 5400 τοῦ
555 5343 1036 5418 ἀναλαμϐανομένου
1105 5337 1529 5412 καταγγέλλοντες
1591 5357 1605 5370 ·

204 5433 499 5510 ὑπερτέραις
547 5432 606 5488 δὲ
668 5436 864 5487 τούτων
948 5429 1254 5503 δυνάμεσιν,
1339 5425 1530 5502 Ἄρατε
1616 5423 1799 5488 πύλας,

211 5518 425 5575 ἕπεϐόων
465 5545 480 5560 ·
519 5529 609 5578 καὶ
649 5523 809 5579 πύλαι
847 5522 1066 5592 αἰὼνιοι,
1113 5523 1171 5574 τὸ
1218 5521 1388 5592 τάχος
1450 5515 1805 5590 ἐπαιρόμεναι,

207 5615 280 5679 τῷ
311 5609 522 5682 βασιλεῖ
546 5621 641 5674 τῆς
694 5610 856 5677 δόξης
873 5608 1230 5671 όδοποιήσατε
1292 5611 1388 5669 τὴν
1436 5604 1643 5661 εἴσοδον
1690 5597 1809 5677 Ἆρ’

1955 2842 2211 2909 Quando
2231 2857 2374 2898 vero
2397 2841 2809 2914 incorporeus,
2858 2840 3171 2908 invisiblis,
3219 2841 3541 2914 supersub-

1886 2930 2177 2987 stantialis
2208 2933 2360 2986 Deus
2389 2945 2510 2986 non
2535 2930 2663 3001 jam
2691 2945 2910 3002 corpus
2944 2942 3187 2985 aereum
3220 2929 3297 2985 ad
3339 2927 3541 2998 exigui

1883 3019 2170 3092 temporis
2190 3017 2451 3090 speciem
2468 3017 2956 3091 deprOperatum,
2978 3032 3119 3072 mox
3135 3015 3538 3072 avolaturum.

1887 3107 1995 3165 sed
2016 3113 2234 3164 terram
2272 3107 2426 3164 adeo
2449 3105 2882 3178 ipsamlutum,
2924 3107 3217 3176 nostram,
3264 3104 3538 3177 inquam,

1885 3196 2283 3254 substantiam
2312 3199 2370 3252 et
2392 3194 2652 3252 formam
2674 3193 2921 3250 induere
2963 3193 3247 3264 dignatus
3287 3197 3398 3264 est,
3461 3191 3542 3251 ad

1884 3287 2159 3345 intimam
2189 3285 2391 3343 statim
2439 3283 2840 3354 cognitionem
2883 3283 3155 3358 mysterii
3200 3282 3379 3340 totius
3434 3285 3542 3340 Ga-

1885 3373 2034 3432 briel
2059 3372 2408 3430 admittitur.
2433 3372 2542 3440 Qui
2592 3371 2925 3428 sacerdotio
2969 3370 3240 3442 iungenti
3297 3373 3542 3442 repente

1886 3468 2092 3522 astans
2121 3462 2418 3519 Zacharias
2464 3461 2841 3518 nasciturum
2907 3461 3021 3534 ipsi
3067 3461 3259 3534 aperit
3297 3475 3370 3516 ex
3419 3475 3543 3516 anu

1887 3552 2066 3610 sterili
2093 3550 2436 3625 Baptistam.
2463 3553 2610 3608 Tum
2643 3550 2835 3623 gratia
2881 3549 3068 3624 plenae.
3113 3548 3333 3621 Virgini
3376 3549 3541 3606 bono

1887 3642 2098 3699 nuntio
2127 3642 2443 3713 insperatae
2474 3639 2848 3696 salutationis
2871 3640 3096 3708 oblato,
3120 3643 3338 3696 caetera
3357 3653 3540 3710 nego-

1886 3731 2130 3790 tiatione
2154 3730 2466 3802 legationis
2494 3745 2617 3785 suae
2653 3745 2782 3788 rem
2834 3729 3096 3802 denique
3145 3729 3229 3786 sic
3281 3728 3540 3800 conﬁcit,

1887 3822 2040 3879 inter
2059 3837 2163 3877 eos
2189 3825 2254 3876 ut
2279 3820 2597 3876 conveniat
2629 3836 2642 3872 :
2674 3821 2735 3876 in
2781 3819 3001 3892 Spiritu
3051 3823 3258 3876 sancto
3308 3819 3543 3875 virtute-

1886 3927 2006 3984 que
2037 3909 2323 3967 Altissimi
2351 3908 2652 3978 Virginem
2679 3907 2780 3964 Dei
2813 3908 3018 3964 Filium
3069 3908 3420 3980 parituram.
3473 3909 3542 3964 Ut

1886 4015 2026 4057 vero
2047 3999 2176 4071 jam
2205 3997 2268 4053 in
2291 3996 2576 4068 virgineis
2605 3995 2932 4052 visceribus
2981 3997 3042 4052 in
3089 3995 3539 4052 similitudinem

1886 4087 2139 4145 humani
2165 4087 2340 4142 fastus
2365 4089 2677 4159 assumpto
2705 4084 3062 4158 corpusculo
3085 4083 3547 4158 supersubstan-

1888 4177 2042 4236 tialis
2071 4180 2158 4233 est
2187 4175 2441 4248 genitus,
2471 4174 2750 4231 universa
2774 4174 3022 4245 quidem
3064 4173 3374 4245 gratulans
3432 4173 3544 4230 mi-

1889 4269 2012 4326 litia
2040 4266 2291 4324 caalestis
2320 4281 2557 4321 sacrum
2585 4264 3031 4334 glorificationis
3055 4264 3354 4337 hymnum
3399 4263 3547 4320 ceci-

1889 4358 1994 4424 uit,
2019 4360 2078 4413 at
2097 4353 2339 4413 Michael
2367 4358 2424 4410 et
2453 4352 2686 4409 Gabriel
2736 4370 2772 4410 a
2819 4353 3116 4427 principio
3163 4353 3544 4410 incarnatum

1891 4445 2166 4505 assectati
2187 4447 2409 4518 praesto
2430 4458 2671 4515 semper
2689 4441 3032 4508 adfuerunt,
3049 4459 3192 4517 qua,
3213 4457 3324 4516 pro
3347 4457 3545 4498 neces-

1893 4538 2062 4594 sitate
2103 4549 2329 4596 rerum,
2375 4537 2722 4606 opportuna
2780 4532 3130 4605 parentibus
3198 4531 3546 4603 objicientes

1894 4623 2147 4690 somnia,
2179 4637 2302 4696 qua
2351 4626 2486 4694 post
2532 4620 2920 4677 tentationem
2975 4620 3037 4677 in
3089 4621 3328 4676 deserto
3372 4617 3546 4674 mini-

1895 4717 2168 4779 strantes,
2192 4726 2315 4784 qua
2365 4709 2664 4782 passionis
2711 4713 2981 4783 tempore
3037 4708 3438 4765 confortantes
3478 4720 3547 4760 ac

1894 4797 2354 4874 quodammodo
2381 4797 3048 4869 collaborantcs.Neque
3069 4797 3184 4852 hoc
3215 4791 3549 4858 solum,sed

1895 4891 2086 4946 morte
2106 4887 2298 4942 crucis
2328 4900 2578 4958 corpore
2611 4884 2895 4954 solutum,
2922 4883 3207 4956 nudaque
3240 4881 3445 4938 anima
3470 4879 3551 4938 ad

1901 4975 2324 5033 subterraneos
2349 4972 2676 5028 inferorum
2698 4975 3109 5043 penetrantem
3150 4983 3417 5026 carceres
3441 4983 3550 5042 ap-

1900 5064 2190 5140 paritores
2217 5062 2310 5118 isti
2338 5063 2788 5135 praecesserunt.
2814 5059 2925 5126 Qui
2950 5061 3128 5118 etiam
3158 5059 3554 5132 impressione

1904 5152 2102 5210 subita
2117 5152 2426 5225 perculsos
2457 5147 2839 5206 tenebrarum
2865 5149 3168 5222 principes
3194 5147 3552 5205 afﬂixerunt.

1905 5246 2054 5300 Tum
2079 5244 2314 5313 ereptas
2337 5254 2410 5296 ex
2436 5253 2644 5295 eorum
2675 5237 2931 5295 vinculis
2975 5238 3268 5296 conditori
3323 5237 3558 5294 animas

1909 5333 2310 5398 adduxerunt,
2339 5334 2674 5403 cwteraque
2705 5329 3016 5387 sedulitate
3041 5329 3206 5387 omni
3239 5344 3301 5385 se
3354 5341 3560 5383 suum-
3655 5365 3658 5370 -

1913 5439 2032 5497 que
2070 5419 2432 5493 obsequium
2461 5418 2540 5475 ad
2561 5419 2890 5490 majestatis
2910 5421 3041 5492 ejus
3066 5433 3356 5494 pompam
3379 5419 3436 5472 et
3462 5429 3563 5470 vo-

1917 5511 2161 5571 luntatis
2173 5526 2353 5568 omne
2365 5509 2608 5580 signum
2621 5511 3176 5567 accommodarunt.
3191 5511 3273 5564 Ex
3286 5503 3560 5578 sepulcro

1920 5601 2139 5660 deinde
2165 5599 2660 5658 resurrectionem
2698 5615 2836 5672 quis
2876 5599 3045 5656 tertia
3090 5597 3186 5654 die
3211 5592 3456 5662 contigit
3485 5589 3562 5646 iis
