4042 6214
650 323 791 381 4235

2145 318 2500 377 ADDENDA.

3794 334 3880 390 ms

654 464 812 521 quos
840 444 1181 516 dignandos
1202 448 1366 500 tanto
1385 444 1614 500 honore
1638 444 1791 500 Deus
1818 442 2005 500 voluit
2054 443 2300 501 manife-

2410 442 2493 496 οὖν
2526 444 2745 500 ἐνταῦθα
2781 449 2987 511 τούτοις
3025 452 3117 501 καὶ
3176 452 3207 508 ἡ
3257 446 3504 502 διακονία
3564 456 3883 525 misr/ﬂama;

657 542 847 594 stata:
883 535 965 590 sic
988 535 1235 589 demum
1258 532 1337 588 ad
1367 533 1548 589 coslos
1578 539 1635 590 et
1672 534 1751 590 ad
1812 536 2040 590 Patrem
2094 548 2305 588 ascen-

656 626 898 681 dentem
925 623 1196 678 comitari
1240 622 1352 677 visi
1394 628 1552 680 sunt.
1602 624 1749 679 Tum
1794 622 2186 679 ostenderunt
2243 637 2307 677 se

658 712 946 786 apostolis
966 712 1227 767 duorum
1241 713 1505 767 virorum
1547 712 1746 784 specie
1758 714 1970 768 vestitu
1984 710 2127 767 albo
2141 726 2309 782 aper-

655 807 715 859 to
738 816 873 857 aere
892 800 1322 870 devolantium,
1355 801 1635 858 secundas
1656 801 2155 857 manifestationis
2177 798 2333 870 ejusi

653 892 761 965 qui
785 894 1134 963 assumptus
1164 890 1354 946 fuerat
1373 891 1796 948 annuntiantes
1814 891 2085 948 modum.
2108 894 2179 945 At
2211 904 2307 944 su-

655 980 991 1054 perioribus
1020 980 1433 1051 potestatibus,
1468 979 1721 1037 Attollite
1761 985 1982 1053 portas,
2023 977 2305 1035 inclama-

655 1070 823 1136 bant,
857 1074 914 1125 et
941 1068 1280 1135 elevamini,
1305 1073 1492 1141 portae
1551 1069 1884 1137 reternales,
1935 1074 1991 1123 et
2043 1065 2309 1123 introibit

655 1161 776 1214 Rex
808 1158 1029 1227 gloria}.
1076 1159 1289 1213 Verum
1332 1174 1480 1213 num
1532 1158 1701 1214 dictis
1752 1159 2042 1214 hactenus
2095 1171 2305 1211 eorum

656 1247 1054 1303 ministerium
1075 1247 1594 1319 circumscriptum
1615 1253 1701 1303 est
1728 1248 1754 1302 ‘I
1811 1247 2064 1303 Minime.
2104 1247 2305 1317 Neque

2417 531 2706 608 Οὐδαμῶς.
2742 536 2818 589 Οὐ
2848 540 2950 611 γὰρ
2990 539 3081 599 ἕως
3117 547 3208 599 τῆς
3231 542 3365 611 πρὸς
3389 542 3477 589 τόν
3509 544 3747 613 γεννήτορα
3794 554 3885 614 μενεῖ

2415 630 2508 675 τοῦ
2559 628 2883 696 γεννηθέντος
2964 626 3459 695 ἀποκαταστάσεως,
3532 633 3674 701 μέχρι
3736 627 3779 683 δε

2414 709 2858 787 προσδοκωμένης
2911 716 3218 783 συντελείας,
3270 721 3365 769 καὶ
3415 716 3526 768 κατ’
3568 718 3708 776 αὐτὴν
3754 716 3797 772 6‘:
3836 728 3889 777 rip

2415 802 2775 877 μεγαλοπρεπῆ
2807 812 2900 868 τῆς
2939 812 3031 859 τοῦ
3061 808 3185 859 Υἱοῦ
3249 803 3417 870 δόξης
3467 805 3727 879 imprime»
3760 813 3801 860 τὸ
3840 820 3889 869 fi;
3934 840 3935 847 ι

2415 890 2584 943 αὐτῶν
2634 892 2960 969 λειτουργίας
3018 896 3370 968 ἐπιφαίνοντες
3452 892 3755 970 δραστήριον,
3821 900 3892 950 σίν

2413 980 2563 1051 πιογξι
2619 981 3125 1054 μεγαλοφωνοτάταις
3182 984 3495 1057 κελεύσματι
3560 985 3665 1055 θείῳ
3734 986 3893 1039 cal:er-

2416 1085 2499 1119 σιν
2534 1088 2548 1102 ο
2580 1068 2744 1131 οὕτως
2780 1074 2911 1124 ὥστε
2967 1075 3026 1124 τό
3084 1074 3309 1145 φθαρτὸν
3492 1070 3783 1130 ἂλλοιώθῆναι
3822 1080 3893 1145 πρὸς

2414 1153 2731 1230 ἀκηρασίαν,
2757 1178 2857 1212 παν
2908 1156 2967 1213 δὴ
3003 1163 3064 1213 τὸ
3114 1160 3336 1234 πλάσμα
3390 1168 3463 1232 τῷ
3509 1159 3696 1235 πλάστῃ
3738 1163 3894 1235 ιριθτσν

2413 1263 2559 1317 μενον
2602 1243 2939 1303 ἀνίστασθαι.

655 1335 818 1392 enim
846 1335 909 1391 id
939 1334 1195 1392 cessabit
1224 1351 1261 1391 a
1285 1336 1653 1392 restitutione
1688 1336 1977 1405 Unigeniti
2008 1334 2087 1391 ad
2144 1332 2328 1389 Patris
2351 1336 2443 1387 sui
2467 1332 2796 1405 dexteram,
2828 1351 3021 1410 usque
3041 1337 3121 1394 ad
3168 1341 3579 1410 exspectatam
3624 1346 3893 1393 consumma-

654 1425 878 1481 tionem
905 1429 963 1480 et
990 1440 1123 1479 eam
1155 1441 1291 1497 quae
1322 1424 1421 1480 illo
1442 1429 1708 1496 tempore
1728 1425 1926 1481 futura
1946 1430 2036 1480 est
2074 1421 2461 1493 magniﬁcam
2518 1422 2637 1478 Filii
2694 1421 2898 1495 gloria.-
2955 1425 3470 1485 manifestionem.
3534 1428 3655 1494 Quo
3705 1433 3893 1498 tempore,

655 1518 923 1570 extremo
947 1513 1046 1569 illo
1068 1514 1368 1585 praeconio
1390 1513 1686 1580 faciendo,
1713 1519 1771 1570 et
1790 1513 2171 1570 vocalissima
2202 1510 2303 1567 Dei
2326 1513 2505 1581 jussu
2536 1511 2805 1568 inﬂanda
2826 1514 2969 1570 tuba
2999 1514 3167 1586 cujus
3193 1513 3424 1572 efﬁcaci
3452 1531 3599 1571 sono
3628 1516 3895 1588 corruptith

656 1601 736 1657 ad
764 1601 1381 1673 incorruptibilitatem
1407 1602 1841 1673 immutabitur,
1871 1607 1928 1659 et
1949 1607 2221 1659 creatura
2244 1598 2440 1656 omnis
2466 1605 2669 1671 surget
2691 1607 2748 1659 et
2771 1602 3007 1661 sistetur
3028 1602 3362 1677 judicanda
3393 1604 3747 1676 Creatori,sui
3771 1603 3895 1660 minis-

572 1678 579 1683 ’
659 1691 786 1746 terii
822 1690 1190 1760 diligentiam
1221 1691 1668 1763 approbabunt.

732 1778 846 1835 Sed
873 1779 1239 1851 jampridem
1259 1785 1619 1849 evagantem
1650 1796 1721 1837 eo
1738 1780 1899 1837 unde
1930 1785 2016 1837 est
2037 1780 2310 1851 digressa
2343 1781 2382 1835 Β

657 1868 992 1925 orationem
1022 1882 1398 1924 revocemus.
1426 1872 1573 1924 Nam
1600 1876 1923 1941 postquam
1954 1884 2157 1925 rerum
2182 1884 2310 1925 om-

655 1955 825 2011 nium
860 1959 1126 2027 potestas
1160 1955 1301 2011 Filio
1325 1959 1415 2012 est
1436 1957 1671 2023 tradita,
1721 1973 1827 2029 per
1880 1973 2125 2014 omnem
2181 1957 2311 2029 qui-

657 2043 798 2111 dem
822 2048 1041 2101 terram
1069 2044 1534 2116 dispensationis
1572 2049 1702 2118 ejus
1747 2047 1990 2103 nuntius
2016 2052 2073 2103 et
2118 2050 2309 2103 Evan-

658 2133 793 2204 gelii
855 2149 1054 2190 sermo
1096 2134 1283 2190 instar
1339 2136 1569 2191 sonitus
1618 2136 1860 2192 tonitrui
1933 2136 2310 2193 vocalissime

655 2222 931 2296 pervasit.
963 2224 1037 2278 At
1062 2224 1463 2296 spiritualium
1508 2225 1724 2280 harum
1770 2230 2136 2297 potestatum
2194 2226 2310 2282 hoc

655 2316 869 2381 agente
909 2311 1286 2368 Providentia
1306 2313 1383 2368 ad
1406 2313 1818 2385 amplitudinis
1858 2315 2118 2387 speciem
2176 2331 2308 2372 ma-

656 2397 939 2467 gniﬁcam
972 2399 1257 2469 prodigiis
1290 2400 1749 2456 commendatus
1797 2402 2309 2476 conﬁrmatusque

656 2492 766 2542 est.
800 2488 1037 2543 Deserto
1067 2489 1227 2543 enim
1262 2488 1476 2545 Israele
1508 2490 1688 2545 veteri
1722 2490 1891 2562 quod
1918 2491 1968 2545 is
2000 2492 2184 2548 verbo
2215 2509 2309 2550 sa-

655 2591 772 2631 cras
791 2575 930 2631 fidei
952 2578 1257 2634 restitisset
1286 2578 1469 2651 impie
1501 2597 1515 2647 ;
1562 2585 1664 2636 aut
1698 2580 1898 2651 potius
1946 2583 2199 2653 receptis
2245 2584 2308 2639 in

656 2664 957 2737 peculiare
981 2666 1381 2737 patrocinium
1401 2666 1516 2723 illis
1546 2668 1831 2724 omnibus
1861 2669 2205 2743 quicunque
2234 2688 2308 2729 ex

655 2768 727 2810 eo
748 2753 973 2826 populo
1004 2770 1065 2809 se
1104 2754 1327 2810 dociles
1343 2756 1419 2811 ad
1443 2761 1725 2829 pietatem
1743 2759 2151 2829 praebuerunt,
2179 2778 2306 2817 om-

651 2843 833 2900 nibus
857 2844 961 2917 qui
990 2860 1173 2917 supra
1193 2846 1446 2902 modum
1474 2847 1749 2904 infraencs
1769 2865 1840 2904 ac
1860 2849 2110 2906 rebelles
2138 2857 2308 2909 erant

655 2932 927 3003 abjectis,
964 2933 1048 2989 sic
1084 2933 1334 2991 demum
1365 2936 1588 2992 sanctis
1620 2937 1807 2994 divini
1835 2938 2003 2995 verbi
2023 2940 2308 3011 praedica-

2490 1778 2624 1833 ’Δλλ’
2698 1785 2785 1835 ἐπί
2839 1788 2935 1842 τὴν
2995 1782 3303 1837 ἀκολουθίαν
3357 1784 3475 1837 ὃθεν
3530 1785 3557 1836 ό
3604 1783 3734 1857 λόγος
3771 1783 3896 1857 πραξὲ-

2419 1864 2609 1942 δραμε,
2671 1870 2826 1923 πάλιν
2877 1872 3033 1925 αὐτὸν
3085 1876 3418 1927 επανακτὶον.
3477 1873 3618 1926 Ἐπεὶ
3673 1874 3755 1945 γὰρ
3796 1874 3897 1927 Ha

2417 1956 2546 2009 ὅλων
2584 1958 2799 2022 ἕξουσία
2854 1961 2927 2023 εἰς
2980 1964 3076 2025 τὰς
3128 1970 3311 2035 χεῖρας
3369 1963 3585 2036 ὑπῆρχε
3643 1968 3706 2032 τῷ
3754 1965 3835 2030 Υίῷ,
3863 1960 3897 2018 li;

2418 2052 2591 2099 πᾶσαν
2635 2052 2725 2120 μὶν
2782 2053 2877 2108 τὴν
2931 2058 3032 2122 γῆν
3085 2052 3112 2103 ὁ
3166 2059 3263 2113 τῆς
3319 2051 3620 2124 οἰκονομίας
3659 2051 3788 2102 αὐτοῦ
3820 2049 3898 2118 ὶὸτθς

2418 2136 2484 2195 ὡς
2535 2140 2674 2208 φωνὴ
2737 2136 2962 2213 βροντῆς
3012 2137 3319 2214 ἔνορμονίως
3366 2138 3611 2212 ἕξηχείτο
3664 2160 3678 2173 ·
3725 2140 3801 2190 ὑπὸ
3848 2144 3897 2186 τέ)

2415 2234 2599 2299 νοερῶν
2665 2223 2726 2279 δε
2778 2230 2973 2280 τούτων
3048 2225 3317 2301 δυνάμεων
3395 2228 3769 2301 μεγαλυνόμενος
3818 2226 3897 2294 ita”

2415 2321 2646 2369 ταιοιῐτο.
2684 2319 2784 2368 Τὸν
2829 2316 2991 2368 πάλαι
3034 2319 3139 2389 γὰρ
3194 2316 3409 2392 Ἰσραήλ
3460 2319 3542 2370 ὅτι
3600 2324 3667 2375 τῷ
3709 2314 3812 2385 λόγῳ
3850 2320 3897 2371 τες

2418 2404 2554 2477 ἱερᾶς
2609 2420 2839 2467 πιστεως
2910 2403 3118 2478 suum
3196 2403 3489 2460 ἀντετίθετο
3570 2404 3889 2459 καταλιεόττκ“

2415 2490 2606 2563 μᾶλλον
2636 2488 2695 2544 δι
2731 2495 2791 2545 τὸ
2849 2495 2939 2565 μεν
2988 2495 3109 2547 ὅσον
3155 2502 3249 2547 τοῦ
3315 2494 3496 2557 τθνονς
3547 2491 3737 2567 εὐσεβὶς
3778 2489 3896 2544 sua

2415 2584 2581 2651 φότες,
2623 2582 2744 2633 ὅσον
2787 2578 2848 2635 δε
2900 2579 3095 2655 κομιδῆ
3156 2580 3414 2642 δυσήνιον
3490 2582 3776 2659 ὶκρίψαντες,
3825 2579 3893 2629 εὖτε

2416 2677 2526 2731 τοῖς
2557 2672 2710 2741 ἱεροῖς
2759 2678 2852 2723 τοῦ
2904 2675 3075 2744 Λόγου
3137 2673 3403 2745 θεολόγοις
3458 2673 3531 2736 εἰς
3565 2677 3653 2731 τὴν
3697 2667 3775 2723 τῶν
3811 2666 3894 2718 ibi»

2415 2763 2746 2831 περιποίησιν
2774 2756 3119 2834 συνέδραμον,
3170 2764 3240 2824 ὡς
3293 2764 3538 2833 τάχιστα
3590 2765 3676 2819 τήν
3717 2759 3893 2829 σύμπασιν

2413 2855 2513 2919 ’γῆν
2566 2855 2662 2910 τῆς
2711 2846 3029 2921 ἐπιγνώσεως
3085 2850 3247 2903 αὐτοῦ
3326 2850 3670 2926 πληροῦσθαι.
3740 2850 3893 2918 “potsse:

2416 2933 2477 2989 δε
2507 2932 2602 2989 διὰ
2657 2940 2871 3003 τούτων,
2922 2941 2993 3002 ὡς
3047 2946 3107 2991 αῖ
3157 2941 3291 2993 θεῖαί
3350 2958 3511 3014 φασιν
3565 2928 3892 3005 ἀποκαλύψεις,δ

652 3020 881 3078 toribus
921 3021 1000 3077 ad
1038 3024 1497 3079 conversionem
1526 3024 1795 3097 gentium
1826 3028 2305 3099 promovendam

2417 3021 2624 3099 δράκων
2671 3025 2697 3078 ὁ
2740 3026 2913 3099 με’λας,
2973 3029 3000 3079 ό
3050 3030 3315 3102 θεομάχος
3374 3037 3491 3091 νοῦς
3564 3033 3648 3082 καὶ
3687 3026 3891 3079 mem;

655 3109 1004 3167 auxiliarem
1036 3127 1212 3167 suam
1243 3128 1491 3183 operam
1531 3114 1829 3187 prolixam
1884 3121 1942 3172 et
1998 3118 2306 3174 assiduam

650 3204 1177 3271 reprresentarunt,
1208 3217 1280 3257 eo
1302 3218 1583 3258 successu
1617 3209 1683 3260 ut
1706 3204 2009 3262 celerrime
2029 3207 2309 3264 universa

657 3290 815 3343 terra
839 3289 1178 3357 cognitione
1204 3290 1304 3347 Dei
1350 3291 1694 3363 repleretur.
1746 3294 1917 3349 Prius
1959 3299 2164 3352 tamen
2228 3296 2306 3353 ab

654 3375 873 3432 iisdem
897 3377 1042 3441 istis,
1074 3384 1133 3433 ut
1155 3378 1359 3436 divina
1403 3385 1607 3437 narrat
1653 3382 2070 3456 Apocolypsis,
2123 3383 2305 3441 draco

652 3465 824 3535 niger
848 3471 1126 3537 apostata
1177 3468 1230 3523 ei
1287 3484 1478 3541 usque
1535 3470 1613 3525 ad
1667 3473 2135 3543 repugnandum
2183 3473 2305 3530 Deo

650 3557 976 3609 contumax
1011 3555 1253 3623 spiritus
1279 3572 1418 3612 cum
1441 3558 1565 3613 suis
1589 3559 1816 3629 angelis
1846 3560 2176 3618 debellatus
2195 3567 2301 3630 est,

652 3647 710 3697 et
742 3641 1081 3697 ccelestibus
1115 3644 1337 3714 ejectus
1364 3646 1607 3702 sedibus
1636 3648 1697 3703 in
1726 3649 2017 3721 abyssum
2062 3667 2132 3707 ac
2173 3653 2304 3708 Tar-

652 3734 845 3785 tarum
878 3730 1174 3800 relegatus
1203 3737 1311 3789 est.
1334 3734 1520 3805 Hujus
1546 3737 1757 3792 merito
1806 3737 2061 3795 victoriae
2110 3741 2304 3796 conci-

648 3816 859 3874 liatum
892 3819 1041 3891 ipsis
1071 3822 1384 3893 praesentis
1400 3823 1651 3894 hujusce
1668 3824 1797 3881 festi
1824 3827 2112 3883 honorem
2136 3835 2301 3901 puto.

649 3909 963 3980 Propterea
985 3910 1265 3981 synaxim
1294 3911 1803 3982 archangelorum
1828 3914 2007 3971 hodie
2045 3917 2305 3986 gratula-

650 3996 807 4053 tione
829 4004 994 4056 tanta
1026 4015 1445 4074 concursuque
1477 4002 1853 4059 celebramus
1903 4007 2021 4061 Hoc
2060 4005 2141 4061 illi
2198 4007 2307 4063 de-

649 4101 756 4142 cus
784 4096 1127 4146 meruerunt
1147 4106 1270 4163 quo
1295 4095 1561 4163 tempore
1586 4092 1666 4148 ad
1686 4093 1874 4149 divini
1921 4099 2135 4149 nutum
2187 4096 2305 4168 spi-

647 4175 789 4230 ritus
803 4180 1094 4249 tanquam
1108 4179 1186 4235 ad
1198 4180 1577 4252 imperatoris
1590 4182 1722 4251 sign
1732 4199 1831 4238 um
1855 4199 2004 4239 conc
2016 4189 2299 4257 urrentes,

650 4267 706 4318 et
726 4264 970 4335 spiritali
1018 4268 1289 4339 quodam
1318 4269 1545 4341 impetu
1599 4276 1777 4343 atque
1824 4272 2214 4345 impressione
2242 4275 2304 4331 in

644 4357 878 4424 patrem
938 4355 1173 4411 malitiae
1231 4358 1409 4413 simul
1493 4359 1891 4431 irrumpentes
1963 4369 2307 4419 averterunt

2414 3112 2527 3186 ἅμα
2553 3122 2665 3176 τοῖς
2717 3114 2879 3168 αὐτοῦ
2934 3117 3387 3191 καταπολεμηθεὶς
3452 3117 3696 3190 ἂγγελοις,
3745 3117 3808 3166 καὶ
3840 3116 3891 3159 τῶν

2415 3202 2666 3276 οὐρανίων
2739 3208 3155 3280 κατοίκητηρίων
3231 3207 3423 3281 ῥιφεὶς,
3494 3206 3708 3260 οἱϐυσσόν
3761 3219 3801 3253 τι
3848 3202 3893 3246 ω

2413 3293 2670 3365 τάρταρον
2727 3292 2883 3345 οἰκεῖν
2962 3291 3417 3352 καταδεδίκαστο.
3502 3302 3655 3349 Τοῦτο
3722 3294 3785 3343 καὶ
3844 3290 3891 3339 τὶς

2413 3384 2685 3455 παρούσης
2719 3379 2867 3455 οἶμαι
2902 3382 3144 3455 πρόξενον
3197 3382 3404 3459 ἄορτῆς,
3462 3393 3611 3438 τοῦτο
3646 3385 3721 3433 καὶ
3765 3373 3887 3433 MED

2412 3477 2512 3521 τῶν
2570 3468 2915 3543 ἀρχαγγῆων
2982 3476 3216 3547 σήμερσν
3253 3473 3685 3547 πανηγυρίςομεν.
3733 3464 3822 3521 Καθ’
3862 3460 3889 3508 δ’

2412 3561 2591 3631 καιρὸν
2668 3562 2960 3632 Πνεύματος
3043 3562 3179 3613 θείου
3255 3559 3637 3637 συνδραμόντες
3844 3567 3887 3641 ﬂ?

2409 3652 2603 3709 νοητώς
2644 3656 2715 3719 τῷ
2774 3657 2864 3709 τῆς
2909 3654 3100 3712 κακίας
3145 3650 3490 3726 συρραγέντες
3526 3654 3673 3722 πατρὶ
3711 3641 3888 3717 irer

2412 3756 2468 3789 τε
2495 3746 2674 3791 τοῦτον
2705 3741 2771 3799 εἰς
2795 3738 2935 3800 τέλος
3000 3743 3089 3792 καὶ
3133 3743 3270 3793 κατὰ
3313 3745 3413 3800 τὴν
3469 3741 3601 3815 ἱερὰν
3646 3738 3805 3812 Γραφύν

2413 3827 2825 3890 καταπαίξαντες
2868 3834 2959 3882 καὶ
3014 3831 3187 3903 ὥσπερ
3241 3829 3520 3905 ἀστραπὴν
3573 3831 3693 3882 κατά
3739 3827 3806 3879 τὴν
3839 3820 3888 3867 σὺ

2417 3915 2596 3973 Ἰησοῦ
2661 3918 2876 3989 θεωρίαν
2942 3917 2997 3981 ἐξ
3072 3918 3292 3992 οὐρανοῦ
3362 3918 3628 3993 ﬁdam“

2417 4003 2574 4056 Ἀλλὰ
2631 4009 2708 4065 τίς
2754 4007 2780 4057 ό
2836 4014 2929 4058 τοῦ
2974 4006 3198 4080 πολέμου
3258 4016 3361 4060 τῶν
3437 4006 3704 4081 ἀσωμάτων
3764 3998 3886 4070 τρδπτί’

2420 4089 2602 4145 εἰδεῖεν
2658 4094 2719 4146 ἄν
2770 4093 2953 4147 ἐκεῖνοι
3001 4105 3197 4168 σαφῶς.
3244 4098 3525 4160 Εἱκοὲξουεν
3567 4092 3622 4148 δε
3674 4094 3789 4164 ἡμεῖς
3824 4086 3886 4137 ταδί

2419 4190 2518 4235 τῶν
2595 4183 2789 4255 ἀνέμων
2873 4184 2985 4237 κατ’
3071 4184 3297 4244 ἀλλήλων
3376 4186 3659 4260 ἐμπτώσεσι
3711 4182 3781 4235 τὸν
3834 4175 3885 4221 τέ’

2414 4280 2609 4329 νοητῶν
2676 4270 2875 4325 ἒκιίνων
2944 4276 3247 4346 πνευμάτων
3316 4274 3710 4351 παρωμοιὼσθαί
3773 4260 3885 4316 κνᾶτα-

2412 4359 2612 4436 Ὠσπερ
2670 4368 2758 4413 οῦν
2799 4360 2849 4413 ἐν
2902 4365 3101 4424 τούτοις
3152 4372 3246 4418 τοῦ
3293 4366 3508 4427 ἥττονος
3559 4364 3584 4415 ό
3648 4352 3883 4431 σφοδράτιέθε

647 4440 814 4496 illum
848 4442 909 4496 in
938 4443 1119 4498 tinem
1148 4461 1161 4498 :
1198 4448 1255 4500 et
1280 4446 1450 4515 juxta
1481 4448 1751 4505 divinam
1788 4451 2155 4522 Scripturam
2177 4453 2304 4509 illu-

2413 4448 2693 4526 ἔπικρατεί,
2749 4452 2908 4513 οὕτως
2968 4455 2999 4511 ἠ
3058 4462 3158 4506 τῶν
3216 4453 3557 4527 ἀρχαγγέλων
3635 4448 3762 4522 βιαία
3807 4452 3883 4527 εἴτε

650 4528 860 4586 dentes
887 4534 963 4599 et,
990 4532 1143 4587 sicut
1162 4532 1360 4602 fulgur
1376 4535 1546 4605 juxta
1575 4537 1867 4594 visionem
1882 4539 2023 4596 Jesu
2070 4557 2101 4596 e
2152 4541 2302 4599 coelo

646 4619 1014 4692 praecipitem
1026 4621 1434 4679 exturbarunt.
1455 4626 1744 4681 Caeterum
1757 4642 2037 4698 quaenam
2054 4630 2127 4685 sit
2150 4630 2304 4686 inter

646 4714 876 4766 mentes
900 4710 1284 4783 incorporeas
1319 4711 1455 4768 belli
1489 4728 1952 4789 pugnarumque
1982 4722 2114 4788 rati,
2156 4720 2300 4793 ipsa:

645 4800 865 4856 scilicet
896 4800 1183 4872 prmclare
1213 4802 1511 4859 noverint.
1574 4804 1691 4859 Nos
1729 4804 2125 4863 humilitatem
2146 4809 2302 4878 cogi-

645 4889 942 4946 tationum
988 4889 1373 4948 similitudine
1426 4890 1809 4950 sublevantes
1860 4911 1931 4951 ex
1983 4902 2297 4954 ventorum

646 4978 926 5034 conﬂictu
964 4986 1136 5037 vasto
1159 4982 1311 5037 inter
1332 4997 1393 5038 se
1418 4980 1568 5037 coelo
1594 4981 2071 5054 depraeliantium
2093 4986 2297 5042 nescio

645 5077 832 5132 quam
862 5067 942 5124 ad
974 5070 1390 5142 usurpandam
1424 5072 1606 5143 hujus
1633 5071 1798 5128 lectae
1840 5073 2102 5144 speciem
2152 5076 2297 5132 nite-

645 5147 880 5208 bamur.
913 5156 981 5210 Ut
1010 5158 1185 5226 igitur
1212 5159 1273 5215 in
1312 5161 1503 5216 ventis
1564 5160 1974 5218 vehementior
2010 5164 2296 5221 inﬁrmio-

646 5251 771 5294 rem
792 5248 1038 5313 superat
1062 5262 1073 5299 :
1104 5246 1188 5301 sic
1210 5248 1703 5318 archangelorum
1734 5251 1989 5309 violenta
2010 5253 2295 5325 quaedam

644 5325 702 5382 in
745 5326 1070 5387 draconem
1095 5334 1442 5392 sustinendo
1471 5337 1765 5408 imparem
1796 5341 2132 5411 prmvalens
2156 5359 2292 5399 con-

644 5415 890 5487 spiratio
923 5418 984 5473 in
1024 5419 1208 5476 chaos
1248 5427 1304 5477 et
1332 5422 1648 5493 caliginem
1680 5427 1965 5484 miserum
2018 5428 2289 5488 dlﬂlavit.

2411 4546 2503 4591 τοῦ
2534 4525 2843 4615 δράκοντος
2895 4525 3256 4613 ἆνισχύσασα-
3284 4525 3418 4605 πνοῆ
3467 4547 3549 4597 τὸν
3714 4534 3769 4594 τίς
3806 4525 3880 4598 κάκ

2411 4633 2499 4680 καὶ
2528 4628 2683 4701 ζόφον
2710 4628 3013 4704 εξιῤῥίψατο
3045 4651 3058 4664 ο
3092 4630 3241 4684 αὐτοὶ
3293 4628 3353 4685 δὲ
3410 4636 3502 4690 τὴν
3555 4629 3719 4682 ἐκείνου
3756 4624 3879 4672 πτῶςο

2410 4716 2601 4770 ἑαυτῶν
2627 4716 2907 4789 ἀσφάλειαν
2944 4719 3217 4792 τιθέμενοι,
3277 4722 3449 4795 ἔτερος
3500 4722 3621 4785 πρὸς
3671 4716 3740 4766 τόν

2407 4806 2681 4881 ἕκέκραγον
2710 4829 2723 4840 ·
2749 4812 2966 4876 Mum-lc,
2990 4812 3139 4880 φασὶ,
3169 4805 3263 4862 διὰ
3332 4818 3429 4873 τῆς
3476 4808 3623 4867 αὐτῆς
3676 4800 3802 4854 αἰτίας
3842 4802 3878 4885 ui

2406 4899 2500 4954 τὴν
2588 4896 2770 4968 ὁμοίαν
2849 4893 3210 4970 ὐπηεχθῶμεν
3292 4898 3461 4973 ῥίψω,
3536 4894 3777 4973 Τοιγαροὴ
3824 4894 3874 4926 ω
3934 4892 3935 4905 ι

2407 4984 2556 5056 ἡμεῖς
2606 4991 2938 5058 κροτήσωμεν
2986 4990 3206 5062 σήμερον
3255 4969 3369 5047 τί)νή
3410 4989 3561 5047 ἧτταν
3625 4987 3702 5034 τοῦ
3756 4969 3875 5057 δυσῐιῖ·

2409 5081 2542 5134 νοῦς,
2612 5072 2969 5147 inopi-aiaan
3010 5080 3102 5134 τήν
3156 5076 3207 5129 ἄν
3260 5085 3353 5130 νοῦ
3402 5074 3622 5151 οὖρανοὺ,
3680 5064 3782 5118 κατὰ
3934 5084 3935 5093 η

2406 5162 2604 5219 ὑψηλὸν
2648 5161 2965 5233 εὐαγγέλιον,
3008 5171 3101 5216 τοῦ
3158 5171 3358 5218 Σατανᾶ
3440 5171 3641 5225 πτῶσιν,
3710 5154 3775 5203 καὶ
3823 5142 3874 5193 τέ’

2404 5251 2645 5324 λαμπρὰν
2698 5259 2796 5303 τῶν
2848 5249 3073 5322 ἀγγέλων
3115 5256 3260 5311 νίκην
3315 5250 3542 5328 φαιδρῶς
3590 5238 3872 5330 “imp?”

2403 5321 2489 5404 τες
2533 5321 2617 5393 ἐπὶ
2653 5343 2747 5402 τὰς
2817 5321 2994 5412 ἐφεξῆς
3071 5341 3237 5393 αὐτῶν
3321 5321 3582 5419 -ἁριοίτείας
3654 5334 3723 5384 τὸν
3780 5321 3870 5385 W’

2405 5432 2803 5502 καταγάγωμεν.

641 5506 826 5570 Quem
854 5507 986 5577 ejus
1006 5507 1088 5563 illi
1119 5524 1327 5565 casum
1358 5526 1532 5567 suam
1586 5514 1859 5584 ipsorum
1917 5517 2295 5577 securitatem
2340 5496 2718 5593 reputabant,
2777 5517 2861 5575 sic
2921 5535 2984 5575 se
3028 5518 3284 5576 invicem
3335 5514 3731 5577 commonentes
3763 5516 3774 5554 ε
3801 5496 3866 5551 Νθ

636 5594 790 5661 forte
849 5596 932 5654 ob
983 5597 1265 5659 eamdem
1324 5598 1517 5669 simile
1571 5617 1683 5659 nos
1724 5603 1839 5695 ipsi
1897 5620 2143 5695 quoque
2191 5592 2520 5682 aliquando
2570 5608 2631 5665 in
2689 5606 2965 5665 exsilium
3015 5607 3419 5701 deportemur.
3487 5610 3590 5664 Nos
3630 5606 3743 5655 vero
3792 5592 3863 5655 P”
