4042 6214
156 325 312 382 23-1
990 323 1258 382 meam
1287 319 1641 382 LAUDATIO
1673 316 1772 373 ss.
1801 295 2175 372 ilICHAEus
2211 314 2298 369 ET
2325 312 2710 369 GABRIELIS.
3405 311 3542 368 l238

109 455 293 508 tem
324 450 504 506 etiam
527 445 863 504 delibemus
905 447 1045 504 huic
1103 449 1348 519 gaudii:
1383 452 1441 506 et
1471 445 1692 503 victum
1749 439 2004 512 impium
2057 438 2364 493 communi
2402 435 2581 494 hodie
2620 435 2842 508 plausu
2882 433 3271 507 gratulemur.
3319 436 3540 493 Casum

117 540 410 596 Satanae
435 538 610 610 juxta
630 535 903 591 divinum
927 537 1311 608 Evangelium
1342 537 1417 592 de
1456 533 1606 591 cmlo
1637 529 1905 587 cadentis
1951 527 2104 581 festa
2128 524 2353 580 Laetitia
2381 539 2821 598 prosequamur
2871 521 3317 596 gloriosamque
3345 523 3535 582 victo-

113 630 324 686 riam
352 627 703 699 angelorum
730 623 1028 682 hilaritate
1059 627 1300 699 publica
1327 625 1693 682 celebrantes
1721 619 1800 677 ad
1833 619 2107 675 caeterum
2136 629 2336 672 rerum
2366 617 2439 672 ab
2471 614 2618 691 ipsis
2649 611 2931 690 praeclare
2961 617 3266 688 gestarum
3300 629 3537 686 percur-

111 717 426 776 rendam
457 715 672 771 seriem
703 714 1037 770 orationem
1068 713 1480 772 admittamus.

219 817 339 868 Διά
390 816 585 866 τούτων
651 810 954 879 ἀπόστολοι,
1012 815 1290 888 μάρτυρες,
1353 814 1522 885 ἱερέων
1587 830 1638 862 τε
1688 830 1754 862 κα

1961 809 2182 863 Horum
2215 805 2490 878 praesenti
2525 820 2639 878 ope
2671 803 2924 878 apostoli
2964 809 3019 860 et
3060 809 3365 877 martyres,
3394 821 3542 876 pon-

112 906 330 957 ὀσίων
411 904 808 977 κραταιούμενοι
878 906 1056 974 χοροὶ,
1107 904 1155 954 οἱ
1193 904 1283 974 μὶν
1336 905 1394 954 τό
1449 904 1631 974 κράτος
1687 903 1777 951 καὶ

119 995 367 1069 θράσος
423 1001 519 1053 τῆς
569 990 809 1043 ἀνέκαθεν
873 989 1112 1053 ἀσεϐείας
1168 991 1504 1064 ἐκριξοῡντες,
1555 993 1642 1041 τόν
1698 988 1776 1040 εύ-

118 1081 299 1144 σεϐἧ
346 1090 438 1136 τοῦ
471 1088 604 1134 Θεοῦ
646 1083 821 1152 Λόγου
851 1079 1002 1151 λόγον
1039 1079 1373 1153 ἐνεφύτευσαν
1413 1088 1474 1152 τῇ
1524 1087 1591 1152 γῇ
1656 1099 1669 1111 ·
1728 1080 1777 1130 οἱ

119 1168 202 1225 δὲ
283 1173 548 1244 τυράννων
624 1173 941 1242 μιαιφονίαις
1007 1169 1416 1242 συμπλεκόμενοι
1466 1173 1554 1220 καὶ
1584 1171 1776 1241 μέχρις

120 1262 395 1333 αἵματος
449 1262 654 1320 τούτοις
703 1257 1210 1330 ἁντικαθιστάμενοι,
1267 1261 1357 1318 τὰς
1424 1257 1615 1332 ἐναγεῖς
1683 1260 1774 1330 μεν

121 1351 362 1411 θυσίας
403 1357 503 1400 τῶν
559 1343 840 1418 δαιμονίων
916 1345 1222 1414 ἁντανεῖλον,
1301 1348 1450 1399 αὐτοὶ
1497 1342 1557 1398 δε
1613 1347 1775 1398 θυσία

121 1438 322 1499 ζῶσα
373 1433 527 1494 δεκτή
587 1443 658 1505 τῷ
695 1443 791 1496 τῆς
843 1431 1006 1498 δόξης
1061 1437 1418 1508 κεκάρπωνται
1476 1442 1611 1506 Θεῴ.
1673 1438 1772 1487 Καὶ

125 1527 324 1598 ἱερεῖς
510 1527 702 1595 Κυρίου
740 1517 1084 1581 δικαιοσύνην
1132 1519 1470 1595 ἐνδυσάμενοι
1526 1529 1626 1574 πᾶν
1680 1525 1770 1595 μὲν

123 1616 296 1686 ἄγος
371 1615 614 1684 αἱρέσεων
666 1609 1113 1682 ἁπεσκοροίκισαν,
1186 1618 1362 1664 πᾶσαν
1403 1607 1462 1664 δὲ
1509 1610 1770 1682 θεολογίαν

123 1699 450 1774 ἀμώμητον
491 1702 613 1772 ἡμῖν
659 1698 957 1761 ἐξέϐλυσαν.
1001 1699 1214 1773 Ὀμιλος
1263 1698 1322 1753 δε
1378 1709 1474 1752 τῶν
1528 1704 1770 1758 ἀσκητῶν

131 1791 305 1864 ἱερὸς
347 1791 480 1841 κατὰ
506 1796 596 1840 τοῦ
625 1792 782 1860 νόμου
817 1797 915 1852 τῆς
971 1787 1225 1862 ἁμαρτίας
1271 1787 1622 1862 όπλιζόμενοι,
1679 1794 1768 1842 καὶ

125 1887 342 1931 τοῦτον
389 1883 529 1950 νόμῳ
567 1881 908 1952 τροπούμενοι
961 1875 1325 1945 δικαιοσύνης,
1378 1878 1426 1930 ἐν
1469 1884 1573 1953 ὄρει
1635 1885 1767 1931 Θεοῦ

129 1967 300 2040 ἁγίῳ
368 1969 735 2020 καταπαύουσι
806 1973 952 2022 Σιών.
1011 1967 1112 2021 Καί
1158 1970 1260 2042 γὰρ
1316 1970 1498 2030 πάντες
1574 1969 1662 2039 μὲν
1719 1968 1768 2018 οἱ

133 2057 294 2130 ἱεροὶ
343 2061 451 2117 νόες
537 2055 835 2127 λειτουγικὰ
910 2060 1178 2129 πνεύματα
1242 2059 1376 2108 κατὰ
1449 2060 1536 2108 τόν
1604 2060 1766 2127 μέγαν

1889 895 2116 951 tiﬁcum
2138 898 2604 966 sanctorumque
2624 893 2987 966 reliquorum
3012 893 3380 950 corroborati
3408 893 3542 950 cho-

1887 985 1935 1042 ri
1969 1002 1982 1052 ;
2016 984 2095 1040 illi
2120 984 2385 1056 quidem,
2415 983 2631 1040 robore
2670 989 2848 1056 atque
2875 983 3132 1040 audacia
3177 984 3539 1056 superstitio-

1887 1074 2000 1142 nis,
2032 1090 2162 1146 quaa
2212 1090 2281 1129 ex
2313 1071 2516 1128 inferis
2547 1077 2862 1144 emeserat,
2912 1071 3257 1146 exstirpata,
3304 1072 3538 1146 pietatis

1887 1177 2090 1218 semen
2154 1161 2252 1217 Dei
2284 1161 2453 1217 Verbi
2483 1160 2737 1216 verbum
2794 1161 2855 1216 in
2910 1167 3067 1218 terra
3124 1166 3422 1218 severunt.
3452 1159 3538 1219 llli

1884 1267 2022 1308 vero
2067 1268 2206 1306 cum
2257 1251 2602 1308 crudelitate
2651 1256 3044 1322 tyrannorum
3072 1251 3345 1307 cominus
3399 1268 3536 1307 con-

1884 1341 2070 1412 gressi
2097 1346 2150 1397 et
2177 1356 2366 1413 usque
2393 1339 2470 1395 ad
2492 1339 2848 1409 sanguinem
2879 1339 2964 1395 eis
3011 1339 3348 1396 resistentes
3397 1357 3534 1413 pro-

1882 1429 2025 1487 fana
2085 1428 2330 1502 quidem
2371 1427 2661 1485 sacriﬁcia
2691 1427 3128 1485 daemoniorum
3169 1429 3538 1486 sustulerunt

1881 1518 1994 1590 ipsi
2026 1534 2164 1574 vero
2193 1517 2398 1573 vivens
2428 1517 2622 1572 hostia
2647 1523 2702 1573 et
2742 1517 3124 1589 acceptabilis
3157 1520 3275 1574 Deo
3330 1518 3532 1588 gloriae

1879 1605 2171 1663 immolati
2214 1611 2371 1662 sunt.
2399 1611 2470 1661 At
2502 1603 2839 1661 sacerdotes
2872 1605 2971 1660 Dei
2996 1606 3287 1675 justitiam
3319 1607 3530 1674 induti,

1879 1702 2043 1769 peste
2065 1696 2222 1751 omni
2250 1695 2558 1751 htereseon
2585 1693 2793 1767 procul
2819 1711 2855 1750 a
2902 1695 3257 1764 contagione
3289 1695 3532 1750 sincerae

1879 1783 2016 1840 fidei
2047 1785 2457 1854 exterminata,
2491 1799 2675 1839 sacrae
2706 1782 2880 1839 nobis
2934 1782 3217 1839 doctrinae
3266 1783 3528 1856 explica-

1879 1874 2103 1930 tionem
2143 1891 2356 1931 sanam
2387 1879 2444 1930 et
2487 1873 3066 1946 irreprebensibilem
3114 1873 3531 1946 profuderunt.

1879 1966 2077 2021 Castus
2126 1979 2306 2036 porro
2357 1979 2522 2018 sacer
2567 1967 2915 2018 Ascetarum
2965 1962 3254 2018 adversus
3304 1962 3531 2035 peccati

1875 2049 2069 2124 legem
2100 2051 2336 2118 armati,
2365 2051 2650 2124 illamque
2679 2050 2808 2120 lege
2851 2050 3090 2120 jUStitiaa
3121 2053 3530 2123 permutantes

134 2143 477 2198 Ἀπόστολον
546 2145 874 2219 ὑπάρχοντες
951 2149 1082 2220 πρὸς
1129 2150 1223 2202 τὴν
1296 2154 1394 2197 τῶν
1462 2145 1758 2217 σωζομένων

1874 2142 1938 2198 in
1987 2147 2188 2198 monte
2241 2143 2332 2197 Dei
2367 2146 2572 2196 sancto
2605 2139 2744 2196 Sion
2781 2139 3187 2212 acquiescunt.
3239 2140 3528 2195 Caeterum

137 2231 228 2305 ἐφ’
269 2231 388 2290 ὅλην
445 2236 538 2291 τὴν
576 2240 673 2304 γῆν
716 2233 1148 2308 προχειρίζονται
1199 2230 1470 2285 διακονίαν
1496 2255 1508 2266 ο
1542 2231 1766 2304 Μιχαὴλ

138 2317 212 2374 δὲ
275 2325 364 2374 καὶ
409 2319 632 2395 Γαϐριὴλ
699 2325 935 2393 τοσούτῳ
992 2326 1303 2397 πιστοτέραν
1333 2327 1422 2374 καὶ
1479 2319 1764 2396 ἐυεργεστέ-

138 2430 252 2482 pan.
312 2415 406 2468 τὴν
464 2409 655 2462 ἑαυτῶν
713 2409 1037 2484 λειτουργίαν
1093 2409 1455 2486 ἀναφέρουσιν,
1522 2411 1628 2481 ὅσῳ
1675 2414 1765 2461 καὶ

141 2501 368 2552 πάντων
424 2500 778 2572 ύπερκείμένοι
837 2505 1022 2572 σοφίας
1059 2505 1339 2575 περιουσίᾳ
1397 2504 1486 2552 καὶ
1532 2499 1764 2574 λαμπρό-

146 2607 340 2655 τητος,
393 2586 578 2659 μᾶλλον
620 2593 1012 2661 προσηγγίκασι
1071 2597 1132 2662 τῇ
1189 2589 1610 2664 ύπερουσιότητι.
1671 2589 1764 2640 Διὰ

145 2680 355 2737 παντὸς
431 2671 489 2728 δὲ
565 2667 842 2749 βλέπουσι,
916 2667 984 2740 ὣς
1029 2680 1054 2730 ὁ
1101 2680 1234 2740 θεῖός
1281 2697 1412 2751 φησι
1486 2677 1652 2748 λόγος,
1703 2680 1762 2729 τὸ

49 2811 52 2814 .
143 2767 433 2840 πρόσωπον
470 2773 560 2817 τού
591 2773 746 2822 Θεοῦ.
777 2764 1094 2842 Ὠσπεριοῦν
1143 2767 1299 2828 αύτὸς
1346 2766 1490 2828 οὗτος
1538 2768 1563 2819 ό
1622 2767 1763 2818 θεάν-

143 2855 358 2928 Θρωπος
411 2859 641 2927 Χριστὸς
712 2853 916 2916 Ἰησοῦς
954 2859 1067 2928 ἔχει
1124 2869 1212 2928 μεν
1269 2855 1323 2908 ἐκ
1375 2853 1577 2918 δεξιῶν,
1647 2858 1761 2927 ἔχει

140 2937 210 2995 δὲ
271 2947 360 2994 καὶ
431 2943 483 3006 ἐξ
555 2943 824 3017 εύωνύμων
882 2944 1021 3015 αύτῲ
1078 2941 1535 3015 συνεδριάξοντας,
1589 2945 1666 3006 οἷς
1725 2946 1755 3002 ἡ

140 3025 407 3106 συνεδρία
482 3033 613 3104 πρός
662 3039 755 3084 τοῦ
809 3036 1008 3108 Πατρός
1103 3029 1260 3092 δῆλον
1318 3034 1397 3084 ὃτι
1463 3037 1756 3107 πρητοίμα-

140 3137 280 3171 σται
325 3119 480 3185 οὕτω,
526 3125 679 3192 φημὶ,
748 3125 838 3172 καὶ
893 3129 992 3172 τῶν
1045 3129 1230 3194 νοερῶν
1281 3123 1474 3172 τούτων
1527 3119 1756 3194 λειτουρ-

137 3216 257 3279 γῶν
287 3207 340 3259 ὃν
364 3207 530 3280 μὲνέκ
570 3205 772 3275 δεξιῶν,
833 3211 886 3261 ὃν
937 3207 995 3262 δὲ
1037 3215 1127 3262 καὶ
1176 3209 1228 3272 ἐξ
1284 3209 1553 3283 εύωνύμων
1613 3207 1754 3280 αύτῷ

135 3305 484 3369 παρεστῶτας
526 3297 579 3360 ἐξ
622 3298 805 3358 αἰῶνος
850 3304 1242 3374 παρεστήσατο.
1302 3295 1376 3350 Δι’
1433 3298 1501 3348 ὧν
1557 3300 1621 3357 ὠς
1673 3299 1750 3348 οὶ-

135 3387 424 3438 κειοτάτων
484 3393 594 3448 τοῖς
660 3385 797 3448 ὅλοις
852 3385 1193 3459 ἐντελλόμενος
1269 3394 1369 3438 τῶν
1419 3385 1546 3438 ὅλων
1620 3387 1746 3460 ὑπερ

137 3478 416 3540 φυέστατα
498 3471 714 3533 κήδεται
797 3480 886 3528 καὶ

134 3557 418 3626 πολυεδεῖς
473 3559 764 3634 διακονίας,
834 3565 924 3617 εἶτ’
983 3564 1070 3616 οὖν
1129 3565 1448 3637 λειτουργίας
1477 3572 1574 3616 τῶν
1615 3561 1750 3616 ἀσω-

135 3654 324 3721 μάτων
361 3653 872 3728 καταθεωρήσαντες,
914 3656 1030 3725 φέρε
1092 3649 1159 3712 δὴ
1210 3652 1388 3705 λοιπόν
1435 3657 1512 3714 τίς
1573 3653 1750 3714 αύτοῐς

133 3739 325 3812 ἑφεξῆς
361 3741 392 3798 ἡ
450 3744 580 3812 πρὸς
631 3745 718 3793 τόν
775 3743 1083 3815 ύπερούσιον
1131 3743 1396 3814 ὁμοιότης,
1445 3745 1533 3793 καὶ
1578 3746 1659 3803 τίς
1715 3743 1745 3800 ἠ

135 3824 377 3903 διαφορὰ
448 3838 797 3902 κατανοῶμεν,
887 3837 948 3903 τῇ
1033 3839 1132 3883 τῶν
1181 3831 1441 3902 ὀνομάτων
1511 3834 1751 3901 κοινωνίᾳ

132 3923 238 3975 τὴν
311 3916 546 3990 ἀνόμοιον
617 3919 806 3986 αὐτῶν,
887 3922 954 3980 ὡς
1011 3917 1070 3971 ἃν
1128 3923 1260 3972 εἴποι
1306 3939 1403 3988 τις,
1467 3919 1751 3991 ὁμοιότητα

133 4008 280 4057 κατά
336 4009 488 4078 φύσιν
538 4011 950 4080 τεκμαιρόμενοι.
1013 4008 1163 4059 Ούτω
1215 4009 1316 4078 γὰρ
1371 4005 1430 4058 ἂν
1474 4008 1503 4065 ἡ
1555 4008 1748 4058 τούτων

134 4103 341 4164 γνῶσις
371 4095 714 4170 ἑναργεστίρα
732 4103 805 4166 τῷ
835 4105 904 4167 νῷ
935 4096 1319 4168 καταλειφθείη.

1877 2247 2012 2287 cum
2062 2230 2175 2286 illa).
2222 2246 2436 2286 omnes
2493 2232 2715 2284 sanctas
2775 2232 3004 2284 mentes
3051 2228 3224 2300 juxta
3275 2244 3527 2300 magum

1875 2317 2224 2392 Apostolum
2257 2316 2745 2374 administratorii
2777 2315 2894 2372 sint
2922 2314 3181 2389 spiritus,
3225 2316 3526 2372 omnium-

1873 2423 1991 2480 que
2045 2403 2207 2463 salus
2232 2406 2336 2479 qui
2368 2405 2590 2478 ubique
2626 2412 2919 2461 terrarum
2966 2405 3374 2461 haereditatem
3422 2421 3527 2461 ca-

1874 2497 2047 2569 piunt
2075 2495 2283 2552 salutis
2314 2512 2521 2552 eorum
2554 2493 2632 2550 ad
2663 2493 2972 2550 ministerii
3019 2493 3526 2567 providentiaaque

1874 2593 2104 2658 partem
2149 2586 2416 2657 aliquam
2462 2583 2750 2656 pertineat
2777 2599 2790 2638 :
2825 2587 2990 2639 tanto
3021 2583 3155 2656 plus
3185 2589 3388 2640 tamen
3413 2583 3527 2639 hac

1870 2673 1934 2731 in
1977 2671 2456 2730 administranda
2518 2671 2762 2746 spiritali
2820 2673 3176 2744 praefectura
3223 2671 3525 2730 ﬁdelitatis

1871 2763 2300 2836 industriaeque
2333 2761 2510 2818 laude
2542 2759 2784 2818 Michael
2813 2765 2869 2818 et
2903 2761 3134 2818 Gabriel
3165 2779 3347 2834 supra
3388 2762 3526 2819 reli—

1869 2869 2025 2926 quos
2055 2851 2367 2920 excellunt,
2403 2857 2632 2924 quanto
2669 2850 2881 2906 iisdem
2911 2850 3196 2906 omnibus
3233 2851 3527 2923 sapientia

1870 2950 1926 2998 et
1980 2941 2285 2998 nobilitate
2329 2939 2483 2995 infra
2515 2956 2578 2994 se
2632 2939 2845 2994 relictis
2896 2937 3150 2999 vicinius
3209 2937 3288 2994 ad
3327 2940 3523 2995 omnis

1868 3030 2245 3104 perfectionis
2297 3029 2529 3100 apicem
2586 3027 2959 3083 divinitatem
3007 3025 3330 3083 similitudo
3379 3027 3522 3083 istos

1867 3119 2111 3192 pr0pior
2134 3135 2317 3191 quam
2343 3117 2594 3172 aliorum
2617 3131 2989 3188 quemquam
3011 3115 3392 3188 dignitasque
3418 3115 3522 3171 ad-

1865 3213 2065 3264 movet
2096 3207 2426 3262 sublimior.
2464 3207 2709 3276 Semper
2741 3209 2959 3276 autem,
2995 3209 3059 3259 ut
3087 3203 3358 3259 divinum
3385 3205 3518 3261 Ver-

1862 3296 2008 3352 bum
2036 3295 2320 3368 loquitur,
2354 3293 2554 3348 vident
2585 3291 2794 3348 faciem
2827 3291 2942 3346 Dei.
2992 3291 3517 3357 Quemadmodum

1855 3385 2040 3456 igitur
2069 3383 2162 3438 hic
2184 3399 2314 3455 ipse
2351 3385 2502 3437 Deus
2543 3379 2720 3436 simul
2750 3386 2806 3436 et
2834 3381 3017 3437 homo
3045 3379 3308 3437 Christus
3351 3383 3516 3438 Jesus

983 3477 1349 3550 προμηθεῐται.
1429 3474 1581 3527 Οὕτω
1655 3478 1748 3536 τὰς

1868 3491 1894 3532 s
1919 3471 2141 3530 dextris
2168 3477 2224 3526 et
2263 3487 2298 3526 a
2331 3468 2584 3525 sinistris
2637 3467 2969 3524 assidentes
3026 3468 3142 3524 sibi
3173 3467 3356 3526 habet
3405 3468 3516 3526 ali-

1857 3577 2054 3636 quos:
2091 3576 2191 3615 eos
2241 3557 2460 3614 scilicet
2511 3557 2732 3629 quibus
2762 3557 2906 3612 tanti
2957 3571 3276 3613 consessus
3323 3557 3518 3615 honor

1858 3656 2105 3724 paratus
2135 3665 2171 3704 a
2193 3650 2358 3703 Patre
2387 3650 2473 3702 est
2508 3664 2519 3700 :
2554 3646 2635 3702 ita
2683 3645 2818 3702 dico
2859 3645 3256 3718 spiritualium
3296 3646 3515 3704 horum

1861 3740 2267 3796 ministrorum
2295 3735 2532 3792 adstare
2561 3735 2608 3791 ei
2644 3750 2881 3808 semper
2909 3750 2945 3790 a
2975 3733 3197 3790 dextris
3239 3735 3512 3806 alterum,

1861 3828 2112 3884 alterum
2145 3843 2179 3881 ιι
2209 3823 2460 3880 sinistris
2528 3823 2606 3878 ad
2659 3823 2773 3878 hoc
2825 3821 3095 3879 ofﬁcium
3150 3823 3513 3896 quotidianae

1861 3914 2253 3989 apparitionis
2303 3919 2405 3968 aut
2455 3928 2728 3967 assessus
2779 3917 2999 3966 aeterna
3052 3911 3147 3966 Dei
3213 3911 3514 3968 voluntate

1859 4005 2076 4062 electos
2109 4009 2164 4058 et
2196 4001 2519 4058 adhibitos.
2558 4000 2782 4066 Quibus
2821 4005 2885 4055 ut
2922 3999 3398 4056 familiarissimis
3427 4001 3513 4056 in-

1859 4092 2172 4150 ternuntiis
2201 4107 2270 4146 ac
2302 4089 2788 4162 procuratoribus
2817 4089 2895 4144 ad
2926 4087 3132 4144 omnia
3163 4093 3353 4154 utens,
3387 4091 3510 4144 uni-

136 4181 480 4239 versitatem
511 4199 711 4239 rerum
742 4183 1062 4254 magniﬁca
1098 4185 1364 4253 quadam
1413 4175 1710 4256 planeque
1740 4183 1904 4252 regia
1943 4180 2325 4237 Providentiae
2392 4178 2620 4234 ratione
2673 4177 3038 4232 moderatur.
3088 4177 3202 4232 Sed
3245 4177 3370 4248 jam
3427 4178 3510 4233 in-

137 4284 570 4340 corporearum
604 4271 897 4327 mentium
927 4270 1262 4328 functiones
1309 4273 1506 4328 varias
1550 4288 1622 4327 ac
1653 4271 1979 4328 ministeria
2029 4271 2170 4326 satis
2211 4269 2500 4324 hactenus
2558 4265 2960 4338 contemplati,
3020 4281 3130 4338 age
3179 4265 3317 4321 hinc
3349 4265 3510 4322 dein-

138 4373 285 4430 ceps
311 4374 593 4431 quaenam
619 4359 862 4415 tandem
885 4361 958 4416 sit
985 4359 1222 4416 illorum
1250 4377 1385 4416 cum
1419 4361 1538 4416 Deo
1566 4359 1909 4428 similitudo,
1943 4375 2149 4415 rursus
2181 4375 2315 4430 ῳιω
2343 4355 2694 4421 diﬂ‘erentia,
2724 4354 3187 4410 consideremus.
3222 4357 3502 4430 Hancque

135 4443 200 4500 in
230 4461 302 4501 eo
329 4447 489 4502 viam
511 4452 822 4504 teneamus
855 4463 1095 4512 censeo,
1121 4454 1186 4503 ut
1209 4447 1524 4504 nominum
1550 4448 1768 4504 indicio
1789 4455 2034 4506 naturas
2060 4448 2415 4519 indagantes
2446 4447 2826 4500 attendamus
2851 4459 3042 4516 ecqua
3061 4449 3116 4499 et
3140 4444 3336 4516 qualis
3357 4445 3509 4503 inter

139 4551 248 4590 eos
275 4534 378 4607 qui
408 4537 834 4592 communione
865 4537 1246 4592 continentur
1273 4536 1449 4592 unius
1475 4537 1758 4602 nominis,
1791 4537 2114 4600 dissimilis,
2147 4544 2207 4590 ut
2238 4535 2319 4590 sic
2349 4535 2617 4607 loquam,
2647 4549 2780 4587 esse
2812 4533 2998 4606 possit
3041 4533 3364 4590 similitudo
3405 4552 3510 4593 na-

140 4628 424 4680 turarum.
455 4626 545 4680 Sic
577 4626 734 4680 enim
772 4626 914 4695 vim,
941 4630 1005 4682 ut
1025 4626 1259 4698 opinor,
1283 4625 1466 4695 hujus
1495 4625 1580 4680 rei
1600 4627 2026 4697 perspiciemus
2058 4625 2293 4681 clarius.

218 4711 376 4764 ’Ἐστι
413 4715 503 4784 μὶν
533 4715 636 4788 γὰρ
688 4711 839 4766 οὐδὲν
886 4713 1110 4767 καθόλου
1162 4723 1263 4766 τῶν
1311 4718 1466 4766 ὄντων
1524 4713 1744 4766 ἀκοινω-

1928 4715 2076 4770 Nihil
2114 4730 2359 4786 prorsus
2392 4715 2480 4768 est
2503 4711 2774 4768 omnium
2796 4713 2958 4784 quod
2993 4727 3276 4783 supremo
3304 4728 3504 4769 rerum

140 4819 294 4859 νητον
369 4801 610 4862 όλοτελῶς
670 4803 700 4861 ᾖ
753 4799 1038 4878 ἁδιαφορον
1091 4806 1221 4877 πρὸς
1293 4808 1387 4861 τὴν
1438 4804 1744 4875 ύπερούσιον

140 4890 461 4960 ούσιαρχίαν
517 4907 530 4920 ·
564 4894 733 4943 πάντα
782 4889 834 4944 δ’
893 4894 995 4945 ὅσα
1021 4895 1078 4946 τὸ
1119 4889 1248 4945 εἶναι
1291 4895 1420 4967 πρὸς
1461 4891 1626 4953 αύτῆς
1679 4891 1744 4952 εἰς

141 4978 289 5049 λήφει
325 4983 415 5031 καὶ
466 4983 593 5052 πρὸς
636 4986 926 5044 κοινωνίαις
977 4986 1088 5034 τισὶ
1150 4985 1281 5056 πρὸς
1331 4985 1525 5038 ταύτην
1579 5000 1742 5034 κεκοι-

140 5075 362 5125 νώνηται
399 5089 412 5102 ·
459 5073 550 5121 καὶ
601 5066 833 5144 διαφέρει
879 5067 1156 5144 διαφοραῖς
1187 5066 1423 5128 δηλαδή.
1455 5069 1592 5123 Ἀλλ’
1624 5073 1745 5122 ἔστι

145 5159 234 5229 μὲν
289 5157 366 5218 οἷς
422 5159 452 5215 ἡ
508 5161 751 5210 κοινωνία
820 5159 1180 5220 πλεονάζουσα
1235 5163 1328 5216 τὴν
1385 5154 1746 5232 διαφορότητα

147 5253 280 5318 μειοῖ
320 5265 333 5280 ⁸
367 5249 480 5300 ἔστι
540 5244 593 5300 δ’
652 5247 730 5309 οἷς
761 5249 790 5305 ἡ
837 5244 1159 5322 διαφορότης
1201 5245 1595 5320 ὑπερϐάλλουσα
1649 5251 1744 5304 τὴν

147 5340 410 5388 κοινωνίαν
450 5336 670 5394 ἐλαττοῖ,
721 5338 786 5389 Οἱ
831 5333 889 5389 δὲ
937 5337 1149 5410 πλείστῃ
1209 5340 1299 5408 μεν
1345 5340 1475 5408 πρὸς
1516 5341 1610 5394 τὴν
1670 5337 1746 5388 Θε-

151 5429 342 5499 αρχίαν
372 5431 660 5500 κέχρηνται
698 5435 759 5500 τῇ
790 5429 1074 5498 ὁμοιότητι,
1109 5421 1194 5477 διὸ
1251 5429 1340 5476 καὶ
1396 5432 1507 5486 ταῖς
1566 5427 1745 5477 θεωνυ-

152 5515 296 5584 μίαις
325 5511 523 5584 σχεδόν
565 5515 797 5577 ἁπάσαις
849 5514 1167 5587 ἀξιοπρεπῶς
1209 5518 1698 5586 κατακεκόσμηνται
1729 5534 1742 5547 ·

154 5599 342 5654 ἐλάττω
421 5600 480 5656 δὲ
552 5609 828 5664 κέκτηνται
878 5609 972 5664 τὴν
1049 5603 1340 5675 ἑτερότητα.
1395 5607 1637 5658 Σκεπτέον
1689 5597 1750 5655 δί

1855 4804 2126 4860 omnium
2162 4803 2457 4874 principio
2487 4806 2588 4858 aut
2625 4799 2932 4856 diversum
2960 4801 3040 4855 ita
3094 4800 3167 4855 sit
3197 4806 3401 4856 utnon
3443 4801 3502 4857 in

1853 4891 2056 4963 aliquo
2083 4891 2401 4945 conveniat
2432 4909 2445 4957 ;
2477 4895 2578 4945 aut
2619 4905 2826 4944 rursus
2867 4888 2948 4943 ita
2978 4889 3285 4957 geminum
3338 4887 3504 4947 nulla

1855 4984 1916 5036 ut
1972 4980 2030 5034 in
2092 4986 2252 5048 parte
2313 4976 2566 5032 differat.
2639 4977 2731 5032 Sic
2782 4977 2896 5031 ista
2945 4981 3357 5048 temperantur
3410 4993 3502 5034 in-

1855 5067 2063 5124 vicem.
2096 5069 2196 5121 Est
2217 5071 2275 5120 in
2302 5066 2466 5121 omni
2490 5065 2587 5120 Dei
2611 5079 2788 5137 opere
2815 5064 3120 5120 character
3162 5066 3300 5121 certi
3322 5065 3502 5124 linea-

1855 5159 2034 5213 menti
2081 5156 2246 5228 quod
2287 5159 2591 5209 auctorem
2648 5151 2860 5208 referat
2891 5173 2904 5214 ;
2935 5157 3075 5208 sunt
3129 5158 3185 5208 et
3240 5155 3503 5226 insignes

1853 5247 1990 5302 item
2026 5245 2102 5300 ad
2126 5242 2586 5299 discernendum
2613 5251 2794 5297 notaz.
2815 5243 3028 5296 Verum
3051 5242 3109 5298 in
3137 5243 3503 5316 quibusdam

1854 5333 2180 5390 similitudo
2231 5339 2347 5388 tam
2382 5345 2663 5402 expressa
2711 5331 2968 5386 cernitur
3007 5329 3405 5390 differentiam
3437 5340 3502 5392 ut

1853 5439 2097 5480 omnem
2144 5438 2297 5492 pene
2337 5419 2550 5475 obruat
2604 5419 2711 5474 :iu
2750 5419 3119 5490 quibusdam
3174 5421 3256 5476 ita
3315 5428 3502 5480 exstat

1853 5512 2188 5569 ditferentia
2219 5509 2444 5565 nullam
2475 5513 2540 5563 ut
2568 5507 2896 5581 relinquere
2935 5509 3336 5566 similitudinis
3367 5527 3500 5584 spe-

1854 5601 2008 5658 ciem
2035 5600 2326 5656 videatur.
2358 5597 2546 5655 Nostri
2571 5601 2772 5654 autem
2810 5598 3184 5671 archangelis
3210 5599 3373 5670 prius
3399 5598 3502 5655 ad-
