4042 6214
548 264 689 323 1219

546 413 568 442 ι
608 390 895 448 thronum
924 395 1117 456 tuum,
1151 387 1416 450 domine.
1467 389 1524 441 et
1561 400 1599 440 a
1644 398 1769 455 qua
1798 380 2003 438 tandiu
2031 381 2198 438 aber-

539 481 708 546 rasti,
760 480 1043 536 cathedra
1084 477 1297 533 fruere.
1335 497 1363 525 »
1397 474 1489 531 Sic
1520 472 1700 529 etiam
1730 470 2085 544 patriarcha:
2116 470 2195 527 ab

537 569 897 642 imperatore
937 566 1273 641 provisum.

2058 256 2398 315 ANNALES.

2309 384 2441 453 μετὰ
2470 377 2820 455 παραδρομὴν
2844 401 2994 434 τινων
3052 384 3253 455 ἡμερῶν
3311 381 3483 455 λόγοις
3525 388 3602 438 καὶ
3648 395 3701 460 τῇ
3739 399 3851 465 παρὰ

2306 472 2497 522 τούτων
2532 472 2702 523 πειθοί
2747 469 2975 541 εἰσῆλθε,
3021 476 3111 523 καὶ
3166 472 3191 523 ό
3237 469 3489 544 βασιλευς
3539 474 3602 535 εἰς
3648 480 3700 528 τὸ
3747 481 3852 551 ἱερόν

2304 558 2526 618 ἀπῆλθεν
2582 558 2883 633 ἀνάκτορον,
2944 564 3000 613 τό
3053 568 3147 622 τῆς
3193 559 3425 633 μεγάλης
3472 568 3644 634 σοφίας
3669 570 3851 636 τέμενος,

539 658 603 711 ἶν’
663 656 939 730 ἐγχειρίσῃ
987 657 1080 714 τὴν
1134 650 1397 727 καθέδραν
1449 660 1523 723 τῷ
1583 649 1840 725 ἀρχιερεῖ.
1896 652 1996 703 Καὶ
2050 650 2400 723 συνήθροιστο
2454 650 2586 721 μετὰ
2653 656 2743 700 τοῦ
2820 647 3081 722 βασιλέως
3138 654 3227 702 καὶ
3292 658 3391 702 τὼν
3447 649 3492 703 ὶν
3543 652 3661 705 τεὶει
3702 674 3852 721 παντες

536 752 626 799 καὶ
679 754 779 797 τῶν
834 744 1101 820 ἀρχόντων
1156 746 1205 796 οἱ
1245 747 1517 817 πρόκριτοι
1568 744 1657 792 καὶ
1703 744 1852 793 πᾶσα
1886 737 2101 797 πληθύς.
2134 736 2192 790 Ὀ
2231 736 2482 810 βασιλεὺς
2513 733 2571 790 δὲ
2620 745 2716 798 τῆς
2752 741 2932 812 χειρὸς
2977 746 3069 792 τοῦ
3122 742 3459 813 πατριάρχου
3520 739 3836 815 ἐπιλαϐόμενος

537 856 565 884 ‹‹
599 833 794 906 Ἔχεις,
831 856 857 883 ››
891 838 1046 906 φησὶ,
1080 836 1166 884 τὸν
1219 834 1394 905 θρόνον
1448 849 1563 898 σου,
1607 824 1857 889 δέσποτα,
1891 830 1979 878 καὶ
2028 826 2087 877 οὗ
2119 845 2251 887 τινος
2308 825 2364 878 ἐκ
2393 844 2595 900 μακρου
2624 824 2925 898 ἐστέρησαι.
2970 831 3101 880 Νυνὶ
3140 835 3203 887 τῆ
3216 848 3239 889 ς
3281 824 3538 903 καθέδρας
3566 828 3788 889 ἀπόλαυε,
3828 807 3849 881 ιζ

539 928 637 977 Καὶ
696 923 831 975 οὕτω
874 926 963 995 μὲν
1012 927 1101 975 καὶ
1128 922 1214 974 ἐπὶ
1266 929 1338 992 τῷ
1394 920 1701 992 πατριάρχη
1749 919 1815 968 τὰ
1843 923 1933 967 τοῦ
1966 913 2225 988 βασιλέως
2260 913 2469 977 ξυνέϐη.

605 1014 695 1067 89.
736 1014 817 1066 Ea
846 1015 1195 1083 tempestate
1242 1008 1479 1075 accidit,
1510 1005 1679 1079 quod
1712 1020 1831 1061 non
1864 1004 2124 1059 alienum
2156 1021 2194 1062 a

534 1100 878 1157 narratione
896 1115 1031 1155 mea
1057 1114 1187 1154 esse
1207 1098 1436 1154 ducens
1452 1096 1547 1152 hic
1560 1095 1779 1166 scripto
1797 1094 2188 1163 consignabo.

536 1188 876 1245 Orationem
903 1187 977 1244 de
1003 1193 1242 1259 recepta
1272 1185 1435 1259 Cpoli
1458 1199 1941 1256 composueram.
1971 1183 2192 1239 Oratio-

534 1276 626 1332 nis
653 1280 1099 1345 argumentum,
1134 1275 1293 1331 circa
1317 1272 1679 1345 principium
1709 1272 1914 1342 gratiae
1937 1274 2056 1328 Deo
2082 1286 2191 1343 pro

532 1363 932 1420 beneﬁcentia
962 1378 1104 1433 erga
1126 1366 1429 1420 Romanos
1460 1365 1515 1417 et
1545 1358 1926 1415 misericorde
1950 1375 2060 1415 suo
2090 1375 2191 1415 au-

532 1452 675 1508 xilio
697 1468 767 1508 ac
789 1452 1120 1524 patrocinio
1146 1451 1393 1506 reddita:
1419 1468 1432 1505 :
1458 1449 1649 1504 inerat
1674 1453 1731 1504 et
1760 1448 2011 1503 orationi
2042 1464 2189 1519 prie-

534 1543 620 1596 ter
647 1539 1023 1611 imperatoris
1073 1538 1373 1612 praeconia
1423 1537 1502 1593 ad
1532 1535 1810 1594 eumdem
1861 1535 2189 1605 gratiarum

535 1627 689 1683 actio
722 1644 735 1681 :
768 1627 880 1682 sub
912 1626 1073 1683 calce
1097 1626 1435 1683 adhortatio
1462 1630 1524 1680 ut
1543 1623 1918 1680 Andronicus
1944 1626 2191 1680 Comne-

534 1731 650 1771 nus
700 1716 932 1789 primus
965 1714 1341 1789 imperatoris
1380 1714 1538 1770 filius
1566 1730 1703 1770 cum
1746 1713 2104 1785 imperatore
2133 1718 2189 1770 et

533 1810 701 1878 patre
725 1805 784 1861 in
815 1805 1331 1862 administratione
1363 1804 1779 1860 advocaretur.
1822 1806 1939 1859 Hoc
1970 1803 2188 1860 multos

534 1898 593 1949 et
620 1894 999 1967 potissimum
1031 1893 1425 1964 dignitatibus
1470 1892 1773 1965 praeditos,
1816 1892 2036 1964 quibus
2066 1907 2188 1949 non

532 1997 600 2038 ex
630 1983 920 2051 sententia
961 1998 1055 2039 res
1086 1982 1486 2049 successisset,
1520 1980 1802 2052 fugiebat.
1846 1985 1918 2037 At
1946 1997 2019 2036 ex
2048 1998 2187 2037 nos-

532 2070 661 2140 tris,
692 2071 795 2144 qui
825 2072 1053 2144 primas
1083 2070 1455 2140 obtinebant,
1504 2070 1765 2126 Joannes
1798 2084 2017 2141 nempe
2059 2070 2188 2125 des-

530 2164 673 2233 pota
700 2160 1074 2233 imperatoris
1117 2160 1318 2230 frater,
1346 2164 1403 2215 et
1441 2175 1612 2215 socer
1640 2158 1795 2214 illius
1821 2159 2188 2216 sebastocra-

529 2253 621 2305 tor
638 2249 942 2306 Tornicius
962 2249 1132 2322 (nam
1160 2252 1360 2307 Caesar
1381 2247 1993 2320 Strategopulus,licet
2014 2248 2188 2305 ades-

530 2343 637 2407 set,
686 2337 762 2394 de
810 2338 905 2393 his
956 2339 1205 2395 omnino
1247 2336 1479 2393 nullam
1522 2352 1731 2391 curam
1774 2335 2182 2408 suscipiebat),

530 2426 905 2499 propositum
954 2426 1298 2497 ignorantes
1344 2431 1400 2482 et
1439 2423 1736 2496 postulata
1773 2424 2184 2496 problematis,

528 2513 950 2586 imperatorem
979 2512 1058 2569 ad
1070 2514 1403 2570 orationem
1426 2512 1792 2567 audiendam
1820 2512 2179 2585 compulere.

528 2604 856 2676 Imperator
901 2619 1055 2674 aegre
1086 2603 1312 2660 ferebat
1343 2622 1355 2658 :
1385 2603 1513 2674 jam
1564 2602 1725 2658 enim
1774 2602 1886 2657 sub
1939 2603 2182 2658 meridie

529 2691 672 2748 solis
704 2691 856 2749 radii
904 2691 1281 2763 ingruebant,
1318 2696 1375 2747 et
1399 2690 1636 2765 prandii
1656 2690 1807 2747 hora
1836 2690 2081 2748 abierat.

2370 1002 2476 1061 πθ’.
2503 1002 2731 1075 Ἐγένετο
2760 1001 2820 1058 δε
2848 1008 2964 1058 τότε
2991 1010 3083 1057 καί
3123 1026 3175 1058 τι
3223 1014 3483 1074 τοιοῦτον,
3531 1006 3556 1059 ὃ
3604 1014 3668 1080 μὴ
3720 1029 3852 1085 παρα-

2301 1089 2484 1146 δοῦναι
2534 1100 2705 1167 γραφῇ
2757 1102 2856 1146 τῶν
2925 1095 2983 1145 οὐ
3039 1090 3257 1147 δεόντων
3323 1095 3655 1168 ἕλογισάμην.
3718 1104 3852 1170 Λόγον

2299 1180 2381 1234 ἐπὶ
2541 1180 2820 1257 ἀναῤῥύσει
2876 1190 2971 1244 τῆς
3039 1188 3432 1238 Κωνσταντίνου
3476 1186 3853 1261 συνεγραψάμην,

2302 1275 2401 1323 Καὶ
2431 1272 2456 1322 ὁ
2490 1274 2683 1332 σκοπός
2710 1278 2801 1322 τοῦ
2834 1270 2988 1343 λόγου
3034 1275 3169 1325 κατὰ
3220 1276 3316 1335 τὰς
3366 1272 3543 1348 ἀρχάς
3585 1275 3854 1348 εὐχαριστία

2298 1360 2359 1417 ἦν
2407 1362 2533 1432 πρὸς
2587 1363 2715 1414 Θεὸν
2765 1368 2855 1420 τῆς
2904 1364 3034 1434 πρὸς
3081 1360 3370 1435 Ῥωμαίους
3427 1365 3609 1415 τούτου
3639 1361 3851 1438 ἀγαθουρ·

2296 1455 2418 1521 γίας
2454 1455 2546 1502 καὶ
2590 1458 2685 1512 τῆς
2742 1450 3110 1523 εὐσπλάγχνου
3167 1449 3494 1528 κηδεμονίας
3554 1461 3639 1507 καὶ
3686 1454 3849 1513 ἀντιλῂ-

2296 1538 2453 1611 ψεως,
2483 1541 2943 1613 συνανεκεράννυτο
2975 1536 3035 1593 δε
3058 1549 3129 1613 τῷ
3167 1541 3307 1613 λόγῳ
3354 1547 3446 1595 καὶ
3501 1543 3714 1615 εὐφημία
3754 1548 3851 1617 πρὸς

2296 1630 2383 1680 ⁸τὸν
2411 1626 2635 1701 βασιλέα
2681 1627 3113 1703 εὐχαριστὴριος.
3162 1630 3219 1683 Ἠ
3252 1627 3315 1684 δε
3346 1630 3433 1685 ἐπὶ
3460 1632 3588 1685 τέλει
3628 1640 3708 1685 τοῦ
3729 1633 3849 1704 λόγον

2298 1715 2513 1779 ἀξίωσις
2540 1719 3051 1791 συναναγορευθῆναι
3089 1727 3162 1791 τῷ
3209 1718 3425 1793 βασιλεί
3482 1725 3569 1774 καὶ
3612 1726 3754 1796 πατρὶ
3785 1725 3849 1777 τὸν

2296 1804 2556 1879 βασιλέως
2603 1814 2897 1881 πρωτογενῆ
2952 1803 3144 1873 παῖδα,
3206 1813 3296 1861 τὸν
3359 1814 3618 1882 Κομνηνόν
3668 1806 3846 1884 Ἀνδρο-

2292 1914 2451 1948 νικον.
2527 1901 2691 1947 Τοῦτο
2768 1892 3005 1948 ἐλάνθανε
3060 1900 3179 1957 τοὺς
3223 1896 3469 1961 πολλοὺς,
3524 1903 3612 1950 καὶ
3660 1898 3847 1970 μάλιστα

2294 1992 2391 2035 τῶν
2445 1982 2495 2034 ἐν
2536 1982 2686 2050 τέλει,
2737 1984 2814 2045 οἷς
2862 1989 2951 2036 καὶ
3004 1986 3063 2036 οὑ
3116 1988 3254 2038 κατὰ
3305 1992 3518 2060 γνώμην
3570 1987 3759 2060 ὑπῆρχε
3800 1990 3843 2041 τό

2293 2078 2527 2145 πρᾶγμα.
2601 2074 2667 2124 Οἱ
2742 2075 2832 2145 μὲν
2880 2076 3201 2147 προῦχοντες
3284 2084 3388 2127 τῶν
3436 2079 3703 2149 ἡμετέρων,
3742 2078 3764 2127 ὃ
3807 2094 3845 2129 τε

2295 2158 2826 2224 δεσπότηςἺωοξννης
2855 2163 2881 2213 ὀ
2929 2170 3021 2215 τοῦ
3070 2161 3331 2237 βασιλέως
3379 2161 3690 2238 αὐτάδελφος
3734 2166 3843 2217 καὶὸ

2292 2253 2533 2327 πενθερὸς
2588 2253 2775 2303 τούτου
2826 2252 2852 2303 ὁ
2906 2251 3345 2328 σεϐαστοκροξτωρ
3402 2260 3663 2329 Τορνίχιος
3706 2255 3747 2323 (ὁ
3767 2256 3843 2328 γὰρ

2298 2346 2500 2415 Καῖσαρ
2534 2340 3017 2415 Στρατηγόπουλος,
3045 2347 3135 2394 ιιαὶ
3166 2342 3211 2396 εἰ
3254 2351 3431 2417 παρῆν
3476 2342 3524 2396 ἓν
3567 2351 3666 2404 τοῖς
3712 2346 3843 2395 τοιού·

2290 2448 2415 2499 τοις,
2470 2426 2588 2481 οὐδ’
2641 2427 2766 2490 ὅλως
2843 2426 2955 2501 εἶχε
3009 2435 3128 2507 περὶ
3179 2434 3385 2489 τούτων,
3465 2428 3737 2508 φροντίδα),
3778 2434 3842 2482 τὸν

2294 2522 2485 2571 σκοπόν
2530 2516 2828 2590 ἀγνοοῦντες
2858 2524 2946 2570 καὶ
2976 2524 3069 2578 τὴν
3119 2518 3342 2583 ἀξίωσιν
3383 2528 3476 2574 τοῦ
3532 2519 3842 2596 προϐλήματος

2289 2607 2593 2679 ἠνάγκασαν
2651 2610 2737 2658 τὸν
2805 2605 3031 2680 βασιλέα
3077 2607 3154 2661 ἐπ’
3214 2608 3467 2686 ἀκροάσει
3519 2612 3738 2681 γενέσθαι
3773 2614 3841 2660 τοῦ

2286 2695 2463 2768 λόγου.
2494 2696 2551 2748 Ὀ
2602 2693 2661 2748 δε
2716 2694 2966 2768 βασιλεὺς
3017 2694 3397 2770 ἐδυσχέραινεν
3436 2693 3581 2757 ’ἤδη
3637 2702 3727 2770 γὰρ
3771 2714 3840 2769 ρε-

2289 2784 2578 2859 σημϐρινὰς
2647 2784 2903 2856 (27)]τὰς
2957 2782 3163 2847 ἀκτῖνας
3220 2789 3247 2839 ό
3291 2787 3433 2849 ἣλιος
3488 2786 3671 2855 ἔϐαλλε,
3723 2784 3837 2836 καὶὸ

2285 2882 2377 2926 τοῦ
2404 2873 2620 2947 ἀρίστου
2650 2877 2842 2948 παρῄει
2879 2879 3084 2948 καιρός.

1409 3045 1749 3113 Theodori
1797 3045 2047 3114 Dousae
2096 3059 2163 3112 et
2207 3044 2459 3114 Leonis
2507 3045 2739 3115 Allatii
2787 3057 2996 3121 notas.

595 3242 707 3313 (27)
748 3238 888 3299 Ἤδη
919 3242 1021 3314 γὰρ
1052 3237 1430 3314 μεσημϐρινάς.
1463 3238 1908 3312 Pachymerius,
1934 3256 1995 3313 p.
2032 3240 2151 3309 161,
2183 3246 2320 3298 ALL.

526 3519 3824 3558 ψ

1699 3772 2364 3916 ADDEN
2379 3774 2675 3917 DA.

1852 4285 2519 4382 MONITUM.

565 4693 785 4745 Auctor
813 4687 1116 4761 sequentis
1167 4685 1432 4743 Enoomii
1464 4685 1809 4759 simpliciter
1851 4688 2093 4744 Nicetas
2121 4687 2199 4745 ab
2237 4688 2463 4747 editore
2492 4696 2759 4761 vocatur,
2788 4692 2937 4764 quin
2977 4691 3094 4748 alio
3138 4694 3385 4750 nomine
3438 4688 3808 4758 distinguatur-

498 4777 647 4843 Quia
673 4782 873 4833 autem
907 4779 961 4834 S.
996 4775 1238 4834 Michael
1267 4780 1558 4848 patronus
1588 4780 1715 4831 erat
1744 4776 1984 4839 Cbonae,
2024 4778 2231 4849 patria:
2261 4779 2476 4834 Nicetae
2504 4780 2856 4847 Acominati,
2888 4785 2943 4836 et
2974 4781 3272 4837 scribendi
3304 4797 3492 4852 genus
3521 4778 3591 4835 ad
3612 4775 3807 4832 aetatem

495 4865 677 4937 hujus
716 4868 927 4923 Nicetae
958 4866 1126 4922 facile
1156 4864 1422 4935 refertur,
1454 4864 1590 4920 ideo
1620 4865 1735 4920 hoc
1764 4866 2123 4936 opusculum
2154 4866 2434 4939 operibus
2466 4869 2593 4938 ejus
2620 4869 2919 4924 accenseri
2950 4885 3130 4941 posse
3160 4872 3517 4935 censuimus,
3565 4866 3732 4922 donec
3752 4871 3807 4911 ex

496 4957 759 5028 antiquis
783 4956 1093 5013 codicibus
1117 4955 1362 5030 probari
1387 4954 1580 5029 possit
1606 4970 1716 5011 nos
1743 4970 2059 5028 perperam
2092 4961 2195 5012 aut
2224 4956 2434 5012 merito
2460 4955 2521 5011 id
2547 4956 2780 5013 fecisse.
2815 4960 2968 5014 Emr.
