4042 6214
265 263 404 317 1221

1064 258 1335 316 ΝΙΟΕΤᾹΞ
1375 262 1722 318 LAUDATIO
1765 262 1864 319 SS.
1903 261 2274 332 MICHAELIS
2316 263 2410 321 ET
2446 264 2834 323 GABRIELIS.

3487 269 3626 325 1222

263 382 3624 423 W

1476 545 2402 720 NIKHTA

689 843 1303 933 ΕΓΚΩΜΙΟΝ
1369 845 1541 931 ΕΙΣ
1597 845 1876 931 ΤΟΥΣ.
1933 845 2349 934 ΑΓΙΟΥΣ
2406 849 3224 940 ΑΡΧΑΓΓΕΛΘΥΣ

1075 1057 1706 1180 ΜΙΧΑΗΛ
1785 1061 2060 1177 ΚΑΙ
2141 1061 2818 1182 ΓΑΒΡΙΗΛ

1482 1469 2417 1634 ΝΙΟΕΤλἘ

598 1776 1251 1868 LAUDATIO
1315 1771 2095 1865 SANC‘I‘ORUM
2152 1769 3302 1868 ARCHANGELORUM

688 1999 1734 2138 MICHAELIS
1817 1999 2050 2134 ET
2132 1999 3208 2138 GABRIELIS.

642 2237 859 2309 (Edidit
886 2242 945 2294 et
975 2237 1282 2294 Latinitate
1303 2236 1551 2294 donavit
1576 2239 1776 2290 Petrus
1797 2231 2102 2302 Possinus,
2137 2235 2268 2291 Soc.
2303 2234 2467 2290 Jesu.
2494 2265 2563 2274 —
2585 2234 2812 2291 Tolosae
2845 2239 3003 2303 1637,
3034 2235 3242 2308 in-l2.)

272 2509 486 2576 Νικήτα
559 2499 746 2576 δούλου
828 2502 1004 2560 Ἰησοῦ
1050 2511 1344 2576 ΫΧριστοῦ,
1427 2511 1518 2556 τοῦ
1561 2501 1874 2576 φιλοσόφου,

1990 2500 2520 2576 Niceta'serniJesu
2547 2501 2794 2576 Christi,
2821 2501 3188 2576 ρΙιίζοελορΙιί,
3216 2502 3639 2576 laudationu-

353 2573 603 2648 ἂγκῴμιον
684 2575 754 2648 εἰς
832 2578 950 2648 ⁶τοὺς
1035 2573 1220 2646 ἁγίους
1318 2573 1695 2648 ἀρχαγγέλους,
1778 2579 1876 2625 Μι-

352 2644 499 2716 χαὴλ
526 2651 612 2698 καὶ
640 2644 888 2720 Γαϐριὴλ.

348 2768 570 2840 Μιχαὴλ
608 2767 825 2821 ἐπαινῶν
852 2773 939 2821 τὸν
989 2768 1218 2842 Γαϐριὴλ
1270 2769 1610 2842 ἐπαινέσομαι
1641 2789 1652 2800 ·
1688 2770 1877 2819 ταυτὸν

271 2860 377 2930 γὰρ
417 2858 640 2930 Μιχαὴλ
678 2863 767 2910 καὶ
807 2857 1036 2932 Γαϐριὴλ
1074 2857 1294 2910 ἐπαινεῖν
1337 2880 1349 2892 ·

283 2947 520 3020 ἑκάτερος
589 2945 636 2998 ἐν
717 2947 958 3022 ἐκατέρῳ,
1037 2954 1310 3020 συμφωνίᾳ
1387 2967 1440 2999 τε
1477 2954 1702 3018 γνώμης,
1787 2949 1877 2996 καὶ

275 3038 480 3107 φύσεως
535 3037 850 3094 καθέστηκεν

1392 2861 1472 2911 ὅτι
1522 2859 1634 2918 ὅλος
1669 2857 1717 2909 ἐν
1756 2856 1874 2927 ὅλῳ,

933 3036 1188 3108 ἰσοτιμίᾳ.
1276 3035 1463 3108 Ἀμφω
1550 3032 1608 3086 δὲ
1664 3039 1876 3098 τούτους

710 3129 839 3178 Θεὸν
894 3123 1086 3177 ἂνοὶσω
1139 3128 1225 3176 τὸν
1283 3126 1486 3176 ἔπαινον
1516 3145 1528 3157 ο
1563 3126 1642 3175 ὅτι
1701 3131 1875 3176 πᾶσαν

272 3217 428 3264 αυτοὶ
455 3217 550 3270 τὴν
598 3213 956 3286 μεγαλοπρεπῆ
1013 3222 1107 3273 τῆς
1151 3215 1404 3287 θεαρχίας
1454 3208 1612 3274 δόξαν
1665 3211 1712 3262 ἐν
1761 3211 1874 3264 ἑαυο

273 3123 515 3191 ἐπαινῶν,
569 3125 638 3185 εἰς

271 3309 386 3362 τοῖς
416 3304 606 3373 ἔχουσι
641 3301 1024 3374 συνειληφότες.
1086 3304 1319 3374 Νεύματί
1374 3304 1471 3376 γὰρ
1532 3299 1744 3376 ἀχρόνῳ
1794 3301 1871 3372 (1)

270 3399 484 3462 πρώταν
515 3391 625 3462 ἅμα
653 3399 762 3452 τοῖς
797 3395 936 3452 νόοις
964 3391 1100 3453 ὅλοις
1128 3393 1153 3442 ὁ
1183 3399 1297 3451 νοῦς
1323 3391 1347 3442 ὀ
1390 3399 1594 3463 πρῶτος
1643 3391 1873 3448 ὑποστή-

275 3499 397 3547 σας,
427 3486 664 3550 πρώτους
705 3475 765 3532 δὲ
821 3482 1033 3540 τούτους
1087 3487 1150 3552 τῇ
1187 3479 1327 3542 τάξει
1368 3488 1694 3537 καταστῆναι
1743 3478 1872 3551 βου-

269 3566 470 3631 ληθεὶς,
509 3576 617 3629 πῶς
657 3567 717 3618 ἂν
774 3567 938 3629 ἄλλως
995 3577 1084 3629 τῆς
1122 3568 1486 3642 ὑπερεχούσης
1539 3564 1706 3630 δὸσης
1758 3587 1875 3642 μετ-

271 3654 440 3708 έδωκε
481 3661 570 3708 καὶ
624 3655 990 3730 λαμπρότητος
1041 3659 1070 3717 ἢ
1141 3657 1392 3730 καλλίστη
1461 3663 1549 3710 καὶ
1611 3657 1872 3732 ἀκροτάτη

271 3747 404 3818 πρὸς
489 3744 644 3796 αὐτὸν
710 3751 1055 3820 κεχρημένοις
1108 3748 1380 3819 ὁμοιότητι
1438 3763 1453 3814 ;
1505 3746 1642 3800 Ἐπεὶ
1689 3744 1748 3798 δὲ
1801 3755 1875 3818 τῷ

2058 2577 2290 2627 ciorum
2312 2573 2836 2642 Archangelorum
2881 2573 3200 2630 Michaelis
3228 2581 3285 2630 et
3325 2573 3624 2632 Gabrielis

2057 2765 2397 2822 Michaelem
2417 2766 2675 2823 laudans
2700 2766 3031 2823 Gabrielem
3048 2782 3295 2840 quoque
3321 2767 3589 2825 laudabo
3621 2787 3636 2822 :

1984 2852 2221 2910 laudari
2251 2855 2478 2927 quippe
2510 2855 2656 2911 alter
2700 2855 2939 2911 illorum
2963 2856 3191 2927 nequit,
3216 2861 3278 2912 ut
3290 2855 3426 2912 laus
3456 2857 3640 2914 etiam

1985 2941 2062 2997 ad
2089 2943 2342 2998 alterum
2369 2943 2582 2998 eadem
2631 2958 2754 2997 non
2785 2943 3077 3015 pertineat
3110 2960 3123 2997 :
3155 2959 3296 2999 cum
3326 2943 3458 2999 illos
3485 2944 3639 3000 invi-
3739 3003 3742 3006 ,

1985 3045 2116 3084 cem
2173 3031 2496 3085 consensio
2529 3029 2897 3101 judiciorum
2948 3035 3004 3086 et
3042 3030 3355 3102 aequalitas
3403 3035 3636 3087 natura

1983 3121 2197 3173 mutuo
2272 3118 2513 3174 vinculo
2569 3117 3008 3188 conjunctionis
3070 3117 3296 3174 intimae
3361 3119 3626 3190 copulet.

1984 3205 2214 3261 Ambos
2257 3221 2436 3278 porro
2464 3207 2644 3262 hosce
2669 3205 2927 3261 laudans
2969 3207 3157 3262 Deum
3200 3222 3446 3280 quoque
3475 3223 3638 3265 com-

1982 3296 2268 3350 munione
2288 3295 2417 3366 ejus
2450 3295 2646 3351 laudis
2672 3294 3001 3366 amplectar
3031 3312 3046 3350 :
3073 3296 3233 3368 quod
3267 3310 3513 3353 omnem
3542 3295 3641 3354 isti

1984 3382 2494 3453 magniﬁcentiam
2537 3383 2755 3440 divina
2785 3383 2988 3454 gloria:
3031 3384 3533 3456 comprehensam
3574 3385 3638 3442 in

1985 3487 2046 3526 se
2075 3476 2516 3543 repraesentem.
2549 3475 2695 3529 Cum
2725 3474 2887 3530 enim
2926 3488 3030 3529 eos
3066 3475 3333 3546 primum
3358 3474 3638 3547 omnipo-

1983 3561 2126 3616 tenti
2156 3566 2306 3617 nutu
2335 3567 2471 3617 ante
2499 3578 2680 3618 omne
2723 3568 2964 3634 tempus
2993 3578 3133 3618 eum
3176 3562 3306 3620 aliis
3336 3563 3516 3620 simul
3551 3563 3640 3620 in-

1983 3648 2316 3720 telligentiis
2339 3651 2616 3722 princeps
2644 3651 3383 3722 intelligentialcondiderit
3400 3667 3472 3708 eo
3497 3667 3639 3710 con-

1986 3739 2114 3795 silio
2144 3745 2208 3795 ut
2237 3740 2641 3812 principatum
2667 3757 2703 3797 a
2729 3757 2794 3797 se
2821 3757 2944 3798 una
2971 3741 3033 3796 in
3063 3757 3274 3798 omnes
3303 3741 3521 3798 deinde
3550 3757 3641 3799 re-

275 3836 441 3906 ὁμοίῳ
469 3837 528 3885 τὸ
584 3836 758 3907 ὅμοιον
811 3836 926 3887 κατ’
977 3834 1252 3906 ἀναλογίαν
1291 3844 1387 3898 τῆς
1437 3837 1742 3907 ὁμοιότητος
1794 3839 1877 3888 ἐν-

1990 3827 2179 3899 liquas
2227 3828 2600 3886 obtinerent:
2630 3845 2754 3886 non
2801 3835 3074 3886 ornasset
3113 3829 3247 3886 illos
3279 3846 3424 3886 sane
3473 3835 3640 3887 tanta

277 3925 548 3998 θεωρεῖται
576 3944 588 3956 ·
631 3926 708 3981 εἰη
742 3923 848 3976 ave
894 3928 1087 3977 τούτων
1137 3927 1336 3985 ἔπαινος
1385 3931 1478 3977 τοῦ
1530 3927 1598 3985 ὡς
1655 3923 1704 3976 ἐν
1764 3923 1878 3977 ἐσό-

273 4030 458 4084 πτροις
542 4013 719 4074 αὐτοῖς
809 4009 1158 4075 ἀκηλιδωτοις
1237 4013 1638 4088 ἐνθεωρουμένου
1720 4021 1874 4068 Θεοῦ.

277 4103 410 4152 Θεὸν
451 4096 510 4153 δε
539 4099 758 4153 ἐπαινῶν
813 4109 946 4155 Θεοῦ
985 4121 1075 4175 μοι
1111 4099 1196 4155 δεῖ
1219 4106 1517 4177 παρουσίας
1547 4104 1616 4163 ὡς
1642 4105 1876 4174 πνεύμα-

273 4209 364 4250 τος
387 4196 478 4242 καὶ
518 4194 705 4262 φωτὸς,
759 4195 818 4243 τὸ
869 4195 980 4263 μὲν,
1043 4193 1124 4244 ἵνα
1169 4192 1440 4264 λαμπρύνῃ
1501 4196 1592 4243 καὶ
1640 4211 1876 4264 καταφω-

275 4282 401 4351 τίζη
432 4282 519 4330 τὸν
550 4281 794 4352 ἡμέτερον
836 4287 972 4348 νοῦν,
1028 4285 1116 4332 καὶ
1174 4288 1354 4332 τοῦτον
1415 4281 1637 4352 θεωριῶν
1690 4279 1879 4353 ἀκραι-

276 4369 574 4440 φνιστοξτων
624 4367 844 4440 ἀποτελῇ
908 4371 1094 4443 θεωρὸν
1127 4390 1140 4402 ’
1173 4373 1232 4421 τὸ
1284 4377 1487 4441 πνεῦμα
1517 4366 1577 4422 δὲ
1604 4369 1779 4436 πάλιν,
1811 4368 1878 4421 ἵν’

277 4459 454 4519 ὥσπερ
498 4455 699 4529 ὀργάνῳ
746 4461 848 4508 τινὶ
898 4455 1091 4527 λογικῷ
1142 4465 1205 4529 τῇ
1258 4453 1466 4529 διανοίᾳ
1515 4462 1605 4509 καὶ
1657 4457 1875 4531 γλώσσῃ

276 4537 638 4610 χρησάμενον,
693 4540 824 4610 πρὸς
877 4534 1064 4610 ἀκριϐῆ
1140 4545 1238 4589 τῶν
1307 4539 1660 4609 θεωρουμένων
1722 4537 1880 4612 ἑρμη-

275 4628 416 4677 νείαν
466 4631 582 4684 ταῖς
637 4630 923 4697 πανσόφοις
996 4625 1157 4677 αὐτοῦ
1223 4627 1550 4678 κατευθύνειν
1607 4625 1881 4698 ἐμπνεύσε-

280 4732 386 4766 σιν.
420 4711 592 4785 ⁷ῼτινι
620 4715 751 4784 μετὰ
789 4710 876 4765 οὖν
924 4713 1122 4786 ὑπῆρξε
1177 4717 1304 4787 πρὸς
1348 4720 1448 4766 πᾶν
1508 4713 1694 4787 ἀρετῆς
1747 4711 1882 4776 εἶδος

275 4805 701 4875 καταρτιζομένῳ
779 4807 867 4854 καὶ
944 4805 1338 4876 κατορθουμένῳ
1421 4806 1881 4876 χειραγωγηθῆναι

277 4894 370 4964 μὲν
403 4887 496 4942 διὰ
528 4888 651 4962 βίου
681 4895 811 4964 ’πρὸς
841 4893 1074 4965 θεωρίαν,
1110 4891 1164 4943 ἐκ
1198 4895 1413 4964 θεωρίας
1456 4889 1515 4944 δὲ
1563 4897 1694 4966 πρὸς
1751 4895 1879 4945 θεω-

276 4983 396 5051 ρίαν
448 4977 744 5049 ύψωθῆναι,
789 4985 877 5032 καὶ
931 4979 1049 5032 ὅλου
1102 4984 1191 5047 μὲν
1243 4988 1338 5032 τοῦ
1417 4979 1732 5052 βλεπομένου
1791 4986 1880 5034 κό-

278 5087 440 5139 σμου,
488 5073 580 5120 καὶ
627 5076 723 5129 τῆς
773 5067 821 5120 ἐν
879 5069 1018 5140 αύτῷ
1067 5075 1417 5141 ματαιότητος
1475 5076 1565 5122 καὶ
1622 5069 1880 5143 ἀκοσμίας

1986 3916 2174 3987 gloria
2203 3922 2434 3989 quanta
2455 3918 2532 3973 ad
2558 3923 2684 3974 tam
2712 3918 3100 3974 excellentem
3129 3917 3482 3988 dignitatem
3511 3933 3640 3974 sus-

1985 4005 2294 4060 tinendam
2351 4021 2504 4077 opus
2579 4009 2688 4075 est,
2749 4007 2867 4062 nisi
2920 4005 3389 4078 pulcherrimam
3433 4005 3496 4061 in
3551 4005 3638 4062 eis

1985 4093 2319 4166 quamdam
2341 4098 2398 4149 et
2419 4093 2916 4166 perfectissimam
2943 4094 3034 4150 sui
3063 4092 3516 4150 similitudinem
3539 4109 3640 4150 ex-

1984 4181 2321 4253 pressisset.
2371 4184 2694 4253 Postquam
2740 4187 2943 4238 autem
2975 4181 3167 4238 simile
3211 4181 3271 4238 in
3311 4180 3485 4237 simili
3531 4197 3636 4251 pro

1987 4269 2392 4324 similitudinis
2422 4269 2650 4325 ratione
2671 4270 2949 4337 cernitur,
2975 4269 3111 4325 laus
3132 4269 3336 4342 utique
3361 4285 3496 4343 quas
3523 4269 3638 4329 illis

1987 4373 2226 4430 cunque
2273 4358 2580 4426 tribuetur,
2616 4359 2718 4416 Dei
2764 4375 3032 4432 quoque,
3063 4359 3237 4431 cujus
3265 4358 3348 4414 illi
3378 4359 3641 4431 speciem

1989 4447 2370 4520 speculorum
2428 4448 2621 4504 instar
2672 4448 3218 4505 mundissimorum
3274 4449 3639 4520 exprimunt,

1987 4537 2232 4610 propria
2262 4538 2584 4608 putabitur.
2617 4540 2802 4594 Deum
2832 4553 3014 4610 porro
3049 4536 3324 4595 laudanti
3369 4538 3472 4594 Dei
3491 4537 3643 4595 mihi

1985 4626 2116 4697 jam
2136 4627 2457 4699 praesentia
2483 4627 2675 4698 ipsius
2701 4643 2855 4700 opus
2881 4633 2990 4699 est,
3011 4631 3219 4700 utpote
3239 4631 3298 4684 et
3325 4626 3566 4698 spiritus
3584 4631 3643 4683 et

1989 4713 2231 4770 luminis
2260 4731 2273 4770 :
2299 4714 2526 4770 lumine
2549 4714 2790 4785 indigeo
2816 4731 2937 4786 quo
2959 4729 3131 4770 mens
3159 4714 3482 4770 illustretur
3501 4729 3642 4769 mea

1990 4807 2047 4858 et
2083 4802 2540 4874 purissimarum
2587 4803 2693 4859 ﬁat
2738 4797 3315 4874 contemplationum
3349 4817 3636 4872 compos;
3725 4831 3732 4839 -

1983 4907 2197 4948 rursus
2222 4907 2366 4947 vero
2393 4891 2600 4963 spiritu
2629 4892 2736 4962 qui
2762 4896 2958 4946 mente
2987 4890 3312 4959 linguaque
3341 4903 3479 4945 mea
3505 4891 3640 4944 tan-

1987 4995 2176 5052 quam
2205 4980 2614 5036 instrumentis
2638 4984 2812 5034 utens
2845 4978 2926 5034 ad
2951 4976 3242 5050 liquidam
3272 4977 3642 5050 contempla-

1989 5069 2148 5124 tione
2191 5073 2610 5141 perceptarum
2652 5082 2853 5122 rerum
2899 5065 3360 5138 explicationem
3397 5065 3522 5122 suis
3551 5082 3644 5125 sa-

275 5156 687 5231 ῦπεραναϐῆναι,
737 5156 872 5218 ἐντὸς
926 5155 985 5210 δὲ
1040 5166 1133 5219 τῆς
1180 5159 1536 5232 ύπερκοσμίου
1593 5168 1692 5211 τῶν
1733 5161 1877 5212 θείων

1990 5158 2376 5229 pientissimis
2404 5155 2898 5228 inspirationibus
2930 5154 3174 5227 dirigat.
3234 5156 3390 5214 Sane
3418 5155 3469 5212 si
3505 5157 3643 5230 quis

359 5350 702 5430 (iiNsOpart
747 5353 848 5425 γὰρ
897 5350 1128 5425 ἀχρόνῳ,
1173 5357 1284 5409 etc.
1327 5355 1489 5430 .Hinc
1520 5353 1883 5430 intelligitur

285 5421 660 5478 existimasse
671 5421 833 5478 hunc
848 5421 1157 5494 auctorem
1167 5422 1415 5494 angelos
1431 5428 1568 5480 ante
1579 5421 1881 5480 mundum

286 5499 343 5568 et
371 5497 507 5568 ante
536 5509 715 5568 omne
741 5503 978 5566 tempus
1007 5493 1301 5568 conditos,
1331 5511 1452 5568 qua
1477 5495 1540 5551 in
1570 5496 1882 5568 sententia

1988 5353 2156 5427 quod
2201 5354 2464 5427 Nicetam
2495 5352 2659 5427 hunc
2691 5351 2909 5425 opinor
2935 5351 3250 5427 praecipue,
3273 5351 3480 5427 movit,
3511 5366 3646 5408 san-

1987 5421 2087 5481 tiis
2118 5424 2434 5495 Gregorius
2460 5421 2882 5495 Nazianzenus,
2905 5421 3287 5495 orationel38.
3311 5421 3418 5482 Illa
3439 5427 3644 5480 tamen

1983 5496 2194 5569 opinio
2221 5493 2427 5554 minus
2455 5495 2638 5554 hodie
2658 5493 2952 5568 theologis
2974 5493 3286 5568 probatur.

280 5563 553 5638 plerique
580 5564 726 5622 olim
774 5563 1125 5624 sanctorum
1170 5563 1431 5636 fuerunt,
1471 5571 1532 5624 et
1562 5565 1718 5624 inter
1750 5581 1877 5638 eos,
1983 5595 1992 5604 -
