4042 6214
276 306 299 358 1
310 305 416 359 205

1784 302 2126 362 ANNALES.

3500 310 3638 366 1206

271 428 416 480 ἔθεντο
453 447 467 460 ο
488 446 516 477 (ι
546 424 865 478 ’Υπετόπασε
895 446 924 474 ››
950 422 1031 497 [Ρ.
1063 422 1155 497 97]
1194 428 1296 499 γὰρ
1364 425 1586 501 εἰρηκεν,
1640 447 1668 475 ‹‹
1728 427 1880 490 οὗτος

1985 428 2277 486 referebat
2304 449 2317 487 :
2356 452 2378 481 ι
2412 434 2610 506 Neque
2641 437 2798 493 enim
2823 436 3109 492 decorum
3132 436 3215 492 illi
3279 434 3639 497 videbantur

270 518 344 579 ὡς
370 516 430 569 οὐ
458 514 613 568 καλόν
640 512 755 567 ἔστι
788 517 878 574 τὰς
907 513 1044 577 κλεῖς
1102 534 1164 586 με
1212 523 1310 568 τῶν
1355 523 1447 578 τῆς
1499 515 1693 578 πόλεως
1754 538 1876 569 κατ-

269 608 418 677 έχειν
481 602 675 671 πυλῶν,
728 606 819 655 καὶ
867 599 961 656 διὰ
1016 611 1186 656 ταῦτα
1237 603 1408 676 εἴληφε
1441 607 1631 666 ταύτας
1696 606 1873 670 αὐτὸς,

267 698 363 746 καὶ
385 688 421 746 δ
450 694 483 745 ἀ
509 698 662 745 τοῦτο
691 693 853 764 ἔγωγε
880 695 999 765 περὶ
1026 696 1085 744 τό
1127 694 1271 767 ἔργον
1325 688 1588 750 ἀδυνατὼ,
1650 716 1678 742 ››
1734 694 1874 748 Ἐπεὶ

266 778 363 834 οὖν
388 783 629 856 καθαρῶς
676 784 772 839 τὴν
817 787 910 832 τοῦ
961 782 1233 855 ἀνθρώπου
1276 779 1482 839 ἀπάτην
1542 780 1816 854 ἕπεγνώκει
1846 784 1872 835 6

268 868 542 945 βασιλεὺς,
566 868 705 942 ὶξῄει
731 876 827 921 τοῦ
872 872 1054 922 τόπου.
1115 869 1251 925 Καθ’
1294 866 1418 923 ὀδόν
1459 866 1518 923 δέ
1570 877 1707 944 τρεῖς
1748 876 1870 946 πρέ-

269 958 416 1020 σϐεις
437 959 644 1031 εἰρήνην
671 957 940 1020 αἰτοῦντας
973 961 1103 1031 πρός
1123 962 1210 1011 τόν
1268 957 1494 1032 βασιλέα
1547 960 1597 1011 οἱ
1656 962 1869 1013 Λατῖνοι

264 1052 629 1121 πεπόμφασιν.
685 1046 744 1100 Ὀ
799 1043 859 1099 δε
917 1044 1166 1120 βασιλεὺς
1227 1051 1477 1105 πεποίηκε
1529 1050 1740 1117 ταύτην,
1801 1048 1868 1110 εἰς

1986 534 2174 590 penes
2205 535 2319 585 me,
2352 543 2378 569 ››
2405 521 2602 578 aiebat
2629 522 2745 593 ille,
2780 548 2810 574 «
2841 525 3039 581 claves
3070 525 3235 582 urbis
3264 540 3417 597 esse,
3474 527 3642 585 ideo-

1983 623 2101 679 que
2134 624 2235 664 eas
2265 609 2530 673 abstulit,
2562 617 2620 668 et
2648 629 2793 685 ergo
2823 630 2976 687 opus
3002 614 3283 687 perﬁcere
3310 631 3566 689 nequeo.
3606 640 3636 668 »

1984 695 2076 752 Sic
2101 695 2306 753 fraude
2336 698 2597 756 hominis
2628 701 2804 773 plane
2835 702 3066 761 detecta
3120 705 3449 777 imperator
3506 705 3641 763 loco

1980 786 2298 854 egreditur.
2336 790 2397 843 In
2420 788 2629 846 itinere
2659 796 2776 847 tres
2803 791 2981 863 legati
3007 808 3042 849 a
3075 792 3291 850 Latinis
3314 794 3391 850 ad
3450 794 3637 867 impe-

1975 880 2237 931 ratorem
2262 876 2429 933 missi
2460 894 2671 950 pacem
2693 886 2934 952 petunt:
2957 896 3141 953 quam
3160 881 3274 938 illis
3304 887 3631 956 imperator

1975 978 2099 1018 non
2124 980 2244 1020 uno
2263 966 2523 1038 amplius
2538 983 2699 1025 anno
2722 970 3031 1037 concessit,
3051 987 3189 1027 cum
3206 987 3300 1028 res
3324 987 3534 1028 eorum
3563 972 3625 1028 in

1973 1056 2302 1110 extremum
2330 1055 2460 1125 jam
2482 1055 2801 1114 discrimen
2820 1057 3188 1117 adduxisset.

263 1128 506 1190 ἒνιαυτόν
538 1133 597 1189 δε
626 1141 716 1189 καὶ
773 1140 925 1209 μόνον
980 1137 1088 1199 ἕνα,
1136 1136 1185 1188 έν
1245 1145 1404 1209 στενῷ
1445 1134 1641 1211 κομιδῆ
1693 1136 2001 1211 έπισφίγξας
2028 1144 2229 1205 τούτοις
2252 1145 2316 1196 τὰ
2352 1146 2656 1218 πράγματα.

340 1221 451 1280 πδ’.
485 1227 813 1299 Διαπεράσας
848 1231 974 1297 γοῦν
1030 1226 1081 1260 ’³³
1137 1226 1164 1278 ό
1218 1223 1464 1298 βασιλεὺς
1509 1230 1596 1280 τόν
1659 1226 1869 1285 Ἑλλήσο

263 1334 455 1368 ποντον
478 1317 543 1368 τὰ
590 1324 691 1368 τῶν
759 1321 947 1386 Πηγῶν
994 1313 1243 1368 κατὶλαϐε
1297 1318 1451 1389 μέρη,
1504 1314 1714 1368 κάκεῖσε
1777 1318 1869 1378 τάς

268 1400 554 1478 διατριϐὰς
618 1402 860 1459 ἐποιεῖτο.
910 1404 1053 1457 Ἐπεὶ
1114 1401 1175 1457 δε
1228 1404 1253 1456 ό
1310 1410 1404 1456 τοῦ
1460 1406 1633 1478 θέρους
1680 1409 1869 1479 παρῄει

263 1493 474 1567 καιρός,
507 1491 634 1546 ἀλλά
662 1512 721 1565 γε
773 1489 842 1551 δὴ
902 1498 992 1547 καὶ
1047 1495 1073 1544 6
1128 1501 1225 1556 τῆς
1282 1492 1485 1568 ὀπώρας
1540 1492 1716 1568 ἐρρύη,
1771 1502 1871 1546 τῶν

262 1586 517 1636 τοιούτων
547 1582 750 1657 ἀπάρας
776 1588 967 1656 χώρων
996 1585 1121 1656 πρὸς
1153 1587 1246 1641 τὴν
1298 1580 1352 1645 ἐξ
1398 1584 1542 1643 ἔθους
1601 1584 1716 1653 (98)
1761 1590 1872 1644 τοῖς

264 1668 581 1745 βασιλεῦσιν
611 1672 772 1724 οὖσαν
808 1669 1122 1739 ἀνάπαυσιν,
1177 1669 1230 1734 ἐξ
1275 1673 1395 1723 ὅτου
1447 1680 1542 1733 τῆς
1602 1677 1872 1724 Κωνσταν-

259 1765 411 1815 τίνου
476 1766 754 1832 γεγόνασιν
815 1762 1103 1833 ὑπερόριοι,
1187 1764 1501 1819 κατηντήκει
1574 1763 1633 1812 τό
1726 1762 1871 1833 Νύμ-

262 1868 437 1921 φαιον.
498 1848 617 1922 Ἐμε
667 1844 729 1901 δὶ
777 1851 904 1923 πρός
962 1847 1050 1900 τόν
1101 1848 1343 1921 ἄρχοντα
1399 1857 1494 1907 τῆν
1566 1847 1869 1920 Βουλγάρων

258 1948 661 1999 Κωνσταντῖνον
732 1943 962 2019 πρέσϐυν
1045 1943 1382 2018 ἐκπέπομφεν.
1464 1944 1675 2017 Ἀπῄειν
1744 1952 1868 2017 γοῦν

257 2037 395 2110 πρὸς
424 2034 601 2099 αὐτόν,
633 2038 723 2087 καὶ
753 2030 789 2086 δ
795 2028 1038 2086 ιεϐίϐασα
1069 2033 1180 2106 μετ’
1207 2034 1368 2086 αὐτοῦ
1427 2035 1622 2108 ἡμέρας
1675 2037 1821 2096 τινάς
1849 2054 1861 2066 ·

261 2126 455 2196 ἔτυχον
474 2125 575 2200 ⁴γόιρ
597 2126 713 2176 τότε
742 2127 832 2175 καὶ
875 2124 1177 2197 ἑορτάσιμοι
1224 2130 1317 2175 τοῦ
1366 2130 1600 2197 Χριστοῦ
1653 2124 1865 2198 ἡμέραι,

265 2216 299 2272 ἧ
339 2232 397 2266 τε
434 2222 534 2266 τῶν
587 2211 855 2285 γενεθλίων
907 2216 996 2264 καὶ
1065 2214 1095 2270 ἡ
1155 2212 1247 2264 τοῦ
1306 2210 1694 2285 βαπτίσματος,
1818 2213 1867 2264 οἱ

262 2310 368 2355 τῶν
451 2301 756 2374 Βουλγάρων
831 2301 1087 2373 ἄρχοντες
1151 2300 1539 2375 λαμπρύνονται
1613 2300 1862 2373 μάλιστα,

263 2396 359 2444 καὶ
379 2388 608 2443 ἐϐούλετο
637 2392 663 2443 6
697 2398 797 2443 τῶν
816 2388 1121 2462 Βουλγάρων
1168 2390 1351 2463 ἄρχων
1408 2393 1524 2442 τότε
1587 2395 1865 2442 Κωνσταν-

265 2486 406 2540 τίνος
438 2483 611 2551 σφίσιν
658 2478 837 2541 αὐτοῖς
895 2478 1124 2532 σύνεῖναι
1180 2481 1313 2551 καμε
1371 2483 1462 2531 καὶ
1509 2479 1694 2536 θεατὴν
1732 2482 1864 2550 γενέ-

272 2568 401 2621 σθαι
453 2575 552 2620 τῶν
602 2566 930 2640 τελουμένων.
996 2569 1074 2620 Τὰ
1109 2570 1532 2642 προστεταγμένα
1595 2586 1687 2639 μοι
1740 2575 1866 2638 γοῦν

264 2656 547 2729 πληρώσας
564 2663 654 2709 τοῦ
677 2654 926 2729 Τρινόϐου
979 2654 1165 2729 ἐξῄειν,
1221 2661 1311 2708 καὶ
1365 2659 1492 2732 πρός
1554 2658 1647 2708 τὸυ
1698 2653 1864 2729 βασι-

262 2743 355 2797 λέα
384 2742 567 2818 ἀπῄειν
598 2743 647 2797 έν
708 2753 780 2798 τῶ
830 2749 1089 2817 Νυμφαίῳ
1149 2740 1422 2817 διάγοντα.
1486 2744 1686 2798 Ἐκείσε
1739 2752 1865 2816 γοῦν

263 2833 291 2886 6
348 2832 598 2909 βασιλεὺς
645 2839 1014 2910 παρεχείμασε,
1074 2839 1165 2887 καὶ
1247 2832 1634 2907 ἐπιλάμψαντος
1717 2833 1865 2908 ἓαρος

261 2930 359 2975 τοῦ
409 2927 688 2996 Νυμφαίου
738 2920 895 2997 ἓξῄει,
940 2928 1035 2982 την
1080 2922 1323 2997 λαμπρὰν
1384 2930 1480 2984 τῆς
1535 2920 1863 2983 ἀναστάσεως

261 3019 362 3064 τοῦ
422 3016 606 3087 κυρίου
649 3013 845 3087 ἡμέραν
910 3014 1269 3089 προεορτάσας
1310 3030 1361 3064 εν
1438 3018 1509 3082 τῷ
1582 3015 1858 3084 Νυμφαίῳ.

259 3099 490 3176 Ἡμέρας
520 3098 580 3154 δὲ
630 3120 774 3163 τινας
825 3099 873 3153 ἓν
932 3108 1043 3163 τοῖς
1099 3100 1331 3164 Φλεϐίοις
1374 3097 1715 3167 διαϐιϐάσας,
1778 3099 1861 3154 ἐπὶ

261 3194 423 3242 τόπον
480 3190 614 3242 οὕτω
656 3208 763 3251 πως
817 3188 1260 3263 ἕπονομαζόμενον
1320 3189 1650 3261 κλυζομένην
1710 3187 1860 3242 ἀπελ-

265 3279 367 3331 θὼν
406 3275 625 3341 ἔπηξατο
667 3280 762 3341 τάς
819 3281 1030 3339 σκηνὰς.
1082 3279 1280 3332 Ἐκεῖσε
1325 3282 1414 3330 καὶ
1467 3281 1571 3353 γὰρ
1619 3277 1862 3330 εἰώθασιν

259 3369 313 3419 οἱ
344 3364 580 3439 βασιλεῖς
620 3374 711 3419 τοῦ
775 3372 1050 3440 Νυμφαίου
1095 3366 1308 3430 ἰξιόντες
1361 3365 1714 3441 χρονοτριϐεῖν
1773 3371 1863 3420 καὶ

258 3456 321 3507 τό
351 3453 500 3507 πλέον
524 3462 617 3508 τοῦ
647 3453 849 3530 έαρινοῦ
903 3454 1239 3530 παραμείϐειν
1294 3462 1499 3530 καιροῦ’
1561 3456 1588 3507 6
1650 3474 1704 3508 τε
1758 3457 1860 3528 γὰρ

256 3548 421 3606 τόπος
464 3539 650 3607 πεδιὰς
712 3543 845 3606 ἄπας
899 3550 990 3597 καὶ
1027 3548 1218 3618 χόρτον
1282 3542 1669 3618 προϐεϐλημένη
1743 3544 1865 3597 πολ-

257 3631 371 3694 λοίς
432 3630 690 3706 ἀρκοῦντα
753 3640 863 3697 τοῖς
941 3636 1139 3701 ἵπποις,
1212 3632 1534 3708 κατάρρυτος
1611 3629 1670 3686 δε
1733 3653 1861 3705 τυγ-

258 3722 417 3794 χάνει
471 3726 560 3774 καὶ
610 3718 825 3788 ὕδασιν,
895 3723 1054 3794 ἐγγὺς
1129 3718 1191 3774 δὲ
1270 3724 1431 3774 αὑτοῦ
1508 3728 1689 3793 κώμας
1749 3725 1862 3794 ἔχρι

256 3809 456 3872 πολλὰς
502 3815 593 3863 καὶ
649 3811 842 3874 πόλεις,
910 3809 963 3874 ἐξ
1019 3811 1088 3862 ὧν
1146 3807 1347 3882 δαψιλῆ
1407 3812 1742 3869 καθειστήκει
1796 3815 1862 3865 τὰ

259 3899 501 3973 ζωαρκῆ·
547 3897 744 3952 Ἐκεῖσε
791 3900 894 3974 ’γὰρ
948 3903 1086 3959 ὄντος
1162 3906 1256 3950 τοῦ
1328 3896 1587 3971 βασιλέως
1673 3904 1763 3951 καὶ
1833 3901 1859 3950 6

261 3985 696 4061 σεϐαστοκράτωρ
784 3988 811 4038 6
909 3991 1178 4061 Τορνίκιος
1271 3985 1327 4038 ἐκ
1432 3995 1526 4049 τῆς
1628 3992 1859 4040 Νικαέων

258 4070 642 4147 ὶπιδεδήμηκε,
677 4079 767 4127 καὶ
795 4071 871 4126 δι’
927 4074 1090 4146 ὄχλου
1147 4081 1209 4147 τῇ
1271 4072 1484 4147 βασιλεῖ
1538 4078 1713 4146 ’γέγονε
1766 4070 1860 4126 διὰ

255 4182 347 4215 τον
376 4166 982 4238 προπατριαρχεύσαντα
1012 4163 1298 4235 Ἀρσένιον.
1336 4162 1396 4215 Ὀ
1452 4165 1554 4237 ’γὰρ
1608 4182 1858 4238 πατριαρ-

254 4253 417 4322 χικός
468 4249 690 4324 έχήρευε
746 4252 943 4325 θρόνος,
1018 4258 1110 4302 τοῦ
1161 4253 1646 4324 πατριαχεύσαντος
1697 4257 1859 4308 Νικηο

2050 1232 2136 1287 84.
2172 1233 2351 1302 Igitur
2379 1233 2703 1306 imperator
2730 1234 3177 1308 Hellespontum
3232 1242 3395 1295 trans
3456 1238 3626 1310 abiit,

1978 1325 2033 1374 et
2065 1323 2350 1389 Pegarum
2380 1329 2597 1394 partes,
2632 1323 2735 1379 ubi
2772 1325 2939 1396 187
2967 1341 3169 1382 moras
3194 1326 3484 1396 trahebat,
3514 1342 3618 1384 oc-

1978 1414 2178 1480 cupat.
2209 1410 2353 1465 Cum
2380 1426 2519 1466 vero
2541 1416 2721 1467 testas
2750 1413 3145 1486 prteterlapsa
3159 1412 3368 1472 fuisset
3389 1430 3626 1473 necnon

1978 1498 2250 1553 autumni
2271 1504 2512 1570 tempus
2537 1501 2914 1570 excurrisset,
2966 1502 3106 1558 inde
3168 1502 3485 1559 discedens
3545 1503 3627 1560 ad

1977 1586 2717 1660 quietemimperatoribus
2743 1589 2818 1646 de
2844 1606 3030 1658 more,
3058 1607 3127 1647 ex
3165 1607 3238 1648 eo
3293 1607 3417 1664 quo
3464 1592 3630 1664 Cpoli

1979 1681 2241 1732 extorres
2277 1681 2546 1748 tempore
2611 1678 2996 1748 oberrabant,
3023 1680 3408 1741 destinatam.
3441 1683 3624 1752 Nym-

1978 1766 2219 1838 phaeum
2245 1767 2533 1839 pervenit.
2564 1769 2645 1823 Me
2673 1783 2853 1840 porro
2883 1768 2962 1825 ad
2994 1768 3452 1827 Constantinum
3494 1769 3627 1827 Bul-

1977 1868 2259 1921 garorum
2292 1855 2617 1927 principem
2647 1855 2908 1928 legatum
2941 1858 3134 1914 mittit.
3165 1857 3317 1925 Abii,
3377 1863 3433 1915 et
3483 1875 3625 1915 cum

1974 1957 2045 1997 eo
2070 1958 2178 2015 per
2204 1942 2438 2015 aliquos
2460 1943 2587 2000 dies
2608 1949 2877 2000 versatus
2906 1961 3063 2014 sum,
3087 1948 3357 2018 Namque
3377 1961 3450 2002 ea
3470 1952 3622 2002 tem-

1972 2038 2197 2105 pestate
2226 2032 2357 2087 festi
2389 2033 2514 2089 dies
2537 2033 2747 2090 Christi
2777 2034 3070 2090 natalium
3095 2034 3174 2091 ad
3216 2035 3618 2108 baptismatis,

1972 2120 2194 2192 quibus
2217 2120 2606 2189 Bulgarorum
2638 2122 2938 2195 principes
2966 2121 3478 2193 magniﬁcentiam
3522 2136 3622 2179 os-

1972 2213 2220 2275 tentant,
2250 2207 2708 2265 celebrabantur
2730 2228 2748 2282 ;
2773 2209 3028 2282 ideoque
3053 2209 3441 2282 Bulgarorum
3462 2210 3623 2284 prin-

1973 2312 2114 2369 ceps
2146 2297 2589 2363 Constantinus,
2616 2304 2681 2354 ut
2698 2314 2835 2354 cum
2856 2297 2941 2354 eis
2958 2304 3099 2355 tunc
3113 2299 3388 2356 oculatus
3409 2314 3621 2356 eorum

1973 2400 2108 2457 quae
2136 2386 2361 2442 ﬂebant
2389 2392 2688 2459 spectator
2716 2387 3012 2455 adessem,
3045 2388 3318 2459 cogebat.
3346 2389 3625 2451 Mandata

1974 2473 2174 2547 itaque
2193 2475 2340 2530 mihi
2354 2476 2638 2548 imposita
2656 2481 2973 2533 exsecutus
2995 2476 3253 2534 Trinobo
3277 2493 3445 2535 exeo.
3467 2481 3526 2535 et
3544 2476 3624 2536 ad

1972 2562 2393 2635 imperatorem
2424 2569 2565 2620 tunc
2596 2565 2905 2638 Nymphaai
2937 2570 3341 2634 cunctantem,
3393 2566 3454 2622 in
3500 2582 3624 2640 quo

1973 2656 2030 2706 et
2048 2650 2485 2719 hibernaverat,
2505 2668 2601 2708 me
2622 2653 2889 2710 confero.
2908 2657 3149 2711 Ineunte
3164 2670 3300 2712 vere
3321 2654 3418 2712 ille
3438 2658 3627 2728 Nym-

1972 2739 2148 2810 phaeo
2173 2740 2494 2811 egreditur,
2513 2741 2679 2813 prius
2703 2741 2925 2799 ibidem
2947 2743 3084 2799 laeto
3103 2760 3174 2799 ac
3196 2743 3513 2816 splendido
3532 2759 3625 2801 re-

1973 2829 2353 2884 surrectionis
2385 2830 2702 2885 Dominicse
2732 2830 2829 2886 die
2875 2831 3309 2889 concelebrato.
3371 2835 3440 2890 Et
3472 2832 3624 2911 .dies

1972 2915 2201 2987 aliquot
2223 2915 2475 2972 Phlebiis
2504 2917 2623 2987 egit
2646 2935 2659 2985 ;
2682 2918 2821 2974 inde
2848 2919 2925 2974 ad
2949 2919 3149 2975 locum
3205 2919 3622 2992 Clyzomenem

1902 2985 1941 3035 (ἶ
1970 2985 2197 3060 dictum
2237 3006 2482 3060 veniens
2537 2985 2794 3062 tentoria
2844 3006 3095 3063 collocat
3145 3024 3159 3063 :
3216 2985 3483 3081 namque
3534 3007 3620 3067 ibi

1969 3092 2301 3165 Nymphaeo
2326 3100 2611 3149 exeuntes
2639 3099 2875 3167 tempus
2904 3099 3207 3151 conterere
3227 3101 3283 3151 et
3311 3095 3468 3151 veris
3492 3094 3617 3166 ple-

1967 3197 2225 3253 rumque
2255 3197 2430 3250 agere
2452 3182 2841 3254 imperatores
2861 3188 3194 3240 sueverant.
3223 3185 3484 3256 Campus
3508 3198 3618 3240 un-

1970 3270 2150 3342 dique
2181 3268 2421 3341 planitie
2440 3271 2715 3337 excurrit,
2744 3286 2893 3342 agro
2912 3270 3081 3328 fertili
3109 3276 3289 3345 atque
3330 3271 3615 3341 herboso,

1969 3360 2073 3432 qui
2100 3360 2376 3431 plurimis
2396 3360 2566 3432 equis
2605 3360 2779 3432 188
2802 3360 3031 3417 alendis
3083 3360 3400 3429 suffecerit,
3441 3362 3618 3434 aquis

1969 3447 2216 3519 irriguo.
2232 3454 2289 3503 et
2315 3447 2638 3504 multorum
2659 3451 2929 3506 vicorum
2948 3466 3019 3506 ac
3042 3450 3280 3507 urbium
3296 3450 3616 3520 vicinitate;

1971 3538 2131 3593 unde
2152 3538 2289 3593 vitae
2312 3539 2649 3595 necessaria
2661 3538 2972 3596 afﬂuenter
2983 3540 3459 3614 suppeditantur,
3480 3554 3621 3614 per-

1971 3633 2333 3697 opportuno.
2360 3630 2421 3681 In
2452 3642 2523 3681 eo
2561 3643 2701 3683 cum
2751 3633 2908 3684 esset
2953 3629 3299 3702 imperator,
3350 3628 3621 3685 sebasto-

1970 3721 2169 3770 crator
2194 3715 2500 3771 Tornicius
2528 3716 2721 3772 Nicaea
2747 3717 3038 3773 accedens
3059 3733 3168 3790 pro
3202 3717 3621 3791 expatriarcha

1970 3804 2221 3860 Arsenio
2250 3803 2520 3860 modeste
2540 3809 2957 3877 imperatorem
2987 3812 3179 3878 rogat,
3220 3806 3618 3879 patriarchale

1970 3891 2267 3963 siquidem
2292 3891 2509 3947 solium
2542 3893 2872 3965 Nicephoro
2899 3895 3255 3966 patriarcha,
3285 3896 3389 3968 qui
3417 3896 3479 3951 in
3510 3909 3619 3966 pa-

1969 3980 2281 4036 triarchale
2294 3981 2529 4036 culmen
2543 3997 2614 4036 ex
2632 3982 2924 4053 Ephesino
2936 3983 3313 4055 metropolita
3332 3983 3617 4039 ascende-

1968 4075 2077 4135 rat,
2094 4086 2163 4124 ex
2182 4075 2414 4125 terreno
2430 4070 2505 4125 ad
2525 4070 2791 4128 ccelestia
2808 4077 3252 4143 promoto,cum
3264 4087 3373 4128 nec
3384 4072 3616 4143 integro

1967 4174 2129 4214 anno
2142 4158 3616 4231 patriarchatuipraefuissensessoredestituebatur

1966 4249 2252 4302 Arsenius
2282 4247 2359 4302 ad
2392 4247 2751 4319 imperatore
2778 4248 3096 4305 Theodoro
3116 4250 3173 4304 in
3204 4249 3613 4322 patriarcbam

254 4343 438 4413 φόρου,
502 4340 559 4401 6;
624 4338 725 4391 ἀπὸ
784 4348 878 4400 τῆς
934 4340 1152 4411 Ἐφέσου
1210 4339 1282 4400 εἰς
1328 4343 1411 4391 τόν
1468 4343 1858 4413 πατριαρχικόν

1973 4336 2155 4391 fuerat
2185 4336 2425 4401 electus,
2453 4336 2538 4392 vir
2566 4343 2622 4392 et
2644 4336 2824 4394 verbo
2850 4344 2908 4394 et
2925 4353 3106 4410 opere
3141 4355 3331 4412 quam
3384 4338 3615 4396 dexter-

253 4429 496 4500 μετετέθη
557 4430 756 4501 θρόνον,
803 4425 1096 4502 ἀπάραντος
1160 4437 1260 4480 τῶν
1315 4423 1515 4480 ἐνθένδε
1596 4447 1726 4502 προς
1793 4432 1858 4481 τὰ

254 4516 493 4585 οὐράνια,
526 4512 665 4588 μηδε
690 4516 761 4578 εἰς
785 4516 899 4569 ὅλον
923 4513 1124 4588 σχεδόν
1154 4515 1385 4568 ἐνιαυτόν
1436 4524 1527 4568 τοῦ
1584 4535 1847 4590 πατριαρο

253 4612 421 4678 χικού
442 4603 830 4666 ἀπολούσαντος
885 4606 1088 4680 θρόνου,
1146 4603 1205 4657 Ὀ
1258 4601 1318 4657 δὲ
1370 4605 1643 4666 Ἀπσένιος
1702 4606 1856 4668 αὗτος

256 4689 321 4752 ἦν
350 4691 761 4765 προϐεϐλημένος
813 4692 884 4754 εἰς
941 4696 1029 4744 τόν
1080 4696 1439 4768 πατριαχικόν
1498 4694 1675 4766 θρόνον
1732 4698 1857 4768 πρός

253 4788 350 4833 τοῦ
380 4778 640 4853 βασιλέως
672 4777 974 4853 Θεοδώρου,
1008 4778 1136 4855 ἀνὴρ
1176 4784 1267 4832 καὶ
1327 4780 1394 4842 εἰς
1447 4780 1598 4853 λόγον
1649 4787 1739 4835 καὶ
1791 4782 1857 4844 εἰς

254 4868 446 4944 πρᾶξιν
475 4872 924 4943 πανευφυέστατος
951 4874 1084 4938 (99),
1138 4874 1228 4921 καὶ
1291 4867 1447 4941 λόγον,
1493 4869 1724 4941 μάλιστα
1771 4876 1857 4924 τόν

1964 4427 2178 4489 rimus,
2205 4431 2262 4481 et
2289 4441 2564 4482 sermone
2595 4427 2921 4499 praecipue,
2946 4428 3047 4499 qui
3085 4434 3302 4485 natura
3351 4428 3614 4485 inditur:

1965 4530 2231 4585 namque
2251 4515 2354 4587 qui
2374 4514 2707 4571 eruditione
2722 4523 3353 4590 comparatur,parum
3366 4518 3616 4574 omnino

1964 4603 2406 4673 degustaverat.
2444 4603 2671 4659 Etenim
2696 4621 2836 4660 cum
2874 4605 3167 4663 nonnulla
3213 4621 3287 4662 ex
3332 4606 3616 4679 encycliis

1964 4692 2422 4766 philosophatus
2474 4694 2907 4766 perdidicisset,
2968 4710 3042 4751 ne
3098 4695 3316 4751 horum
3373 4696 3613 4767 penitus

1964 4784 2308 4853 inexpertus
2372 4781 2712 4850 haberetur,
2766 4799 2962 4856 neque
3009 4799 3083 4839 ea
3133 4784 3432 4853 ignorare,
3471 4798 3611 4856 quas

1968 4874 2098 4939 ipse
2127 4869 2423 4939 negligere
2437 4870 2544 4924 sibi
2562 4870 2620 4925 in
2635 4870 2839 4926 animo
2852 4875 3264 4943 proposuerat,
3292 4869 3607 4944 videretur,

329 4967 446 5021 ⁷³1)
476 4982 489 5021 :
523 4964 677 5019 Ἧκεν
708 4965 795 5043 οὖν
830 4965 902 5043 εἰς
938 4969 1142 5037 Πηγὰς,
1175 4962 1287 5018 εἶτα
1306 4969 1455 5043 ⁸πρὸς
1494 4970 1767 5043 Νυμφαιον
1828 4965 1920 5028 ἧκε
1968 4974 2056 5021 καὶ
2108 4970 2227 5039 περὶ
2270 4965 2621 5043 Κλαζομένην,
2680 4967 2739 5043 06
2807 4962 2895 5043 ἦξε
2945 4971 3035 5019 καὶ
3092 4968 3118 5018 6
3175 4965 3610 5043 σεϐαστοκράτωρ

253 5042 543 5111 Τορνίκιος,
571 5041 661 5088 καὶ
702 5033 775 5090 δι’
803 5036 966 5108 ὄχλου
986 5033 1164 5108 γέγονε
1193 5046 1264 5107 τῷ
1294 5033 1741 5113 βασιλεῐρδὶᾷτόν
1790 5033 2291 5113 πατριαρχευσαντα
2347 5033 2633 5113 Ἀρσένιον.
2695 5038 2721 5089 6
2771 5039 2893 5113 76:0
2932 5042 3319 5113 πατριαρχικός
3389 5033 3613 5112 ἐχήρειῖε

256 5107 458 5184 θρόνος,
490 5116 592 5184 τουΔ
611 5107 1134 5184 πατριαρχεύσαντος
1156 5107 1485 5184 Νικηφόρον,
1512 5107 1691 5184 ὃςμάπό
1724 5120 1814 5171 τῆς
1842 5107 2058 5184 Ἐφέσου
2076 5110 2143 5168 εἰς
2169 5107 2673 5184 τόν-πατριαρχικόν
2697 5107 2936 5184 ιιετετέθη
2971 5107 3612 5184 θρόνοξξάςπάραντξόξτῶν

256 5129 458 5181 υρονσς,
490 5129 582 5160 του
611 5129 1134 5183 πατριαρχτυσαντος
1160 5129 1475 5181 Νικηφόρον,
1512 5129 1563 5169 ος
1591 5129 1691 5162 απο
1724 5129 1814 5171 της
1842 5129 2056 5184 Ἐφεσου
2076 5129 2143 5168 εις
2169 5129 2257 5160 τον
2286 5129 2535 5182 πατριαρλ
2566 5129 2673 5159 ικον
2697 5129 2936 5166 απετεση
2971 5129 3174 5182 υρονον,
3200 5129 3491 5174 απαοαντος
3510 5130 3612 5163 των

250 5176 456 5232 ἐνθένδε
481 5176 612 5256 μηδ’
642 5179 754 5256 όλον
785 5178 1016 5256 ἐνιαυτόν
1049 5177 1445 5256 διαρκέσαντος.
1565 5176 1624 5233 δι
1648 5182 1910 5254 ’Λρσένιος
1935 5181 2229 5255 προεκλήθη
2261 5178 2362 5233 ἀπὸ
2383 5188 2476 5232 τοῦ
2505 5129 2764 5253 factum;
2791 5177 3091 5254 Θεοδώρου,
3124 5180 3177 5243 6;
3229 5166 3428 5256 ἔχθραν
3483 5185 3616 5255 ἴσχε

253 5254 392 5303 κατὰ
411 5246 505 5303 του
525 5249 810 5323 βασιλέως,
831 5256 921 5303 καὶ
944 5246 1152 5322 ἀνήχθη
1171 5246 1327 5311 αὖθις
1346 5249 1627 5323 Ἀρσένιος.

1150 5381 1496 5450 Theodori
1546 5383 1797 5451 Dousa;
1844 5394 1912 5452 et
1958 5383 2212 5452 Leonis
2249 5384 2482 5452 Allatii
2518 5395 2724 5453 notae.

328 5535 444 5606 (98)
467 5539 574 5594 Τὴν
595 5534 648 5599 ίξ
676 5536 838 5596 ἔθους.
862 5536 1176 5606 Gregoras,
1200 5551 1259 5606 p.
1284 5534 1371 5591 81.
1396 5539 1531 5590 ALL.

329 5538 421 5599 (98
467 5539 574 5594 Τὴν
595 5538 648 5599 ἐξ
676 5538 838 5596 ἔθους.
862 5538 1176 5606 Gregoras,
1200 5551 1259 5606 p.
1284 5538 1371 5591 81.
1396 5539 1531 5590 ALL.

329 5538 444 5677 (99;
497 5610 972 5685 Πανευφυέστατος.
1041 5609 1332 5676 Gregoras
1385 5604 1700 5661 Arseuium
1742 5620 1858 5661 usu

1962 5551 2164 5608 rerum
2190 5541 2281 5592 est
2300 5535 2380 5608 im
2391 5535 3073 5608 periiadministratione
3093 5550 3204 5591 nec
3224 5551 3364 5592 cum
3388 5535 3614 5592 fossore

1964 5606 2211 5679 quidem
2241 5606 2672 5663 conferendum
2704 5606 2899 5675 tradit,
2936 5620 2995 5678 p.
3033 5610 3120 5663 66.
3155 5612 3292 5663 ALL.
