4042 6214
558 294 705 351 1215³

557 508 943 575 consumitur,
978 507 1264 564 ethorum
1295 509 1439 565 nihil
1470 509 1877 567 annuntiatur.
1910 509 2199 565 Anxiiita-

556 613 674 670 que
695 612 903 653 omnes
928 598 1155 653 trahere
1186 613 1324 653 cum
1348 599 1551 655 animo
1570 614 1679 655 suo
1711 603 1768 655 et
1788 599 1948 669 angi,
1975 602 2030 654 et
2055 614 2197 671 prae-

556 686 1083 759 cipueimperator.
1105 690 1523 745 Verumtamen
1544 695 1717 745 nocte
1739 689 1979 745 ineunte
2003 689 2201 745 bonus

554 774 948 831 internuntius
974 776 1241 845 accessit,
1259 777 1557 851 planeque
1575 779 1808 835 facinus
1835 778 2069 841 fatetur,
2088 780 2200 834 Bo-

555 879 805 920 manum
845 865 1092 922 militem
1130 883 1269 923 cum
1310 871 1537 925 Caesare
1578 868 1989 941 Strategopulo
2043 868 2202 923 intus

558 954 902 1026 Byzantium
926 955 1129 1013 sedem
1146 956 1392 1029 locasse,
1419 961 1474 1015 et
1491 961 1705 1014 cuncta
1723 958 1905 1014 modo
1923 973 2044 1030 quo
2070 971 2200 1013 eve-
2232 1012 2243 1017 -

556 1047 768 1099 nerant
804 1047 1025 1101 narrat.

1901 292 2183 351 GEORGII
2209 292 2671 351 ACROPOLITAS

3320 8 3399 31 _
3620 10 3957 167 π.

3620 10 3957 167 π,

3723 307 3825 363 1215

553 419 746 489 ferret,
779 417 1278 476 adventuram.At
1296 418 1451 476 illius
1497 419 1675 476 etiam
1689 418 1803 475 diei
1822 418 2199 476 intervallum

2310 417 2357 471 ἐν
2381 418 2702 493 ἀμφιϐόλοις,
2738 417 2810 480 οἷς
2858 417 2943 480 ούς
3007 416 3054 471 ἓν
3109 421 3294 491 γνώσει
3338 421 3403 472 τὰ
3447 428 3534 484 τῆς
3587 423 3676 475 ἄνω
3729 433 3833 501 nim.

2308 514 2445 570 νοίας
2520 511 2810 567 καθέστηκε
2881 512 3132 583 κρίματα,
3216 508 3620 583 ὑπολογιζόμενοι
3681 520 3756 567 καὶ
3791 522 3834 569 τό

2308 604 2529 674 πρᾶγμα
2579 607 2677 651 τῶν
2736 596 3176 673 δυσχερεστάτων
3224 618 3277 651 τε
3320 596 3445 651 εἶναι
3482 606 3563 652 καὶ
3596 606 3657 674 μὴ
3681 600 3836 676 ῥᾳδίως

2832 688 2914 741 Ἐν
2980 693 3088 749 τοῖς
3152 689 3405 749 τοιούτοις
3459 692 3542 760 μὲν
3614 690 3760 761 λόγοις
3792 699 3835 747 τὸ

2309 786 2403 839 τῆς
2476 780 2653 838 νυκτὸς
2693 781 2882 852 παρῄει
2932 772 3211 850 διάστημα
3244 796 3262 815 θ
3313 775 3418 829 ἐπεὶ
3465 775 3520 830 δὲ
3569 780 3718 852 ἡμέρα
3756 784 3839 834 ἑπέ-

2310 690 2749 761 κατορθουμένων.

2311 886 2532 939 φωσκεν,
2557 866 2696 929 ἐλπὶς
2727 871 2816 940 μὲν
2863 863 2924 925 ἧν
2980 872 3113 919 πᾶσι
3164 870 3249 920 τὸν
3304 863 3661 940 διακομίζοντα
3710 870 3836 931 ἀληθῆ

2312 954 2592 1028 ἀφικέσθαι
2640 960 2771 1031 πρὸς
2833 960 2892 1008 τό
2960 953 3334 1031 στρατόπεδον,
3393 956 3518 1009 ἀλλὰ
3576 963 3737 1011 καὶτὸ
3773 969 3843 1023 τῆς

2312 1048 2507 1121 ἡμέρας
2549 1045 2739 1106 ἐκείνης
2792 1042 3262 1120 παραδεὸραμήκει
3326 1042 3609 1119 διάστημα,
3667 1054 3742 1101 καὶ
3782 1051 3843 1102 οὗ·

560 1129 670 1194 ὃιὶς
697 1141 924 1195 τοιοῦτος
952 1133 1176 1208 ἀφίκετο.
1208 1136 1508 1209 Ἦσχαλλον
1529 1144 1653 1209 γοῦν
1675 1139 1729 1189 αἱ
1760 1144 1859 1189 τῶν
1891 1136 2126 1189 ἁπάντων
2149 1134 2327 1206 ψυχαὶ
2359 1140 2449 1188 καὶ
2491 1134 2810 1207 ἠδημόνουν,
2851 1141 2941 1189 καὶ
2978 1136 3208 1209 μάλιστά
3235 1156 3294 1208 γε
3323 1144 3413 1189 τοῦ
3440 1136 3695 1210 βασιλέως.
3722 1139 3844 1193 Ἀλλὰ

554 1227 740 1284 νυκτός
787 1223 1036 1288 ἐπιούσης
1088 1227 1195 1298 (18)
1250 1229 1275 1280 6
1345 1233 1437 1285 τὴν
1499 1228 1699 1300 ἀγαθήν
1753 1227 1992 1299 ἀγγελίαν
2048 1223 2369 1297 διακομίζων
2447 1223 2683 1282 ἐλήλυθεν
2733 1229 2822 1277 καὶ
2883 1234 3054 1297 σαφῶς
3130 1225 3320 1299 εἰρήκει
3373 1231 3491 1301 περὶ
3572 1234 3656 1279 τοῦ
3711 1230 3843 1301 ἔργον,

582 1313 754 1387 ὅτιπερ
779 1315 842 1365 τὰ
871 1324 967 1366 τῶν
996 1315 1256 1388 Ῥωμαίων
1289 1320 1654 1393 στρατεύματα
1678 1320 1809 1390 μετὰ
1827 1324 1918 1370 τοῦ
1943 1320 2201 1391 Καίσαρος
2241 1314 2701 1390 Στρατηγοπούλον
2745 1313 2887 1377 ἐντὸς
2913 1324 3007 1377 τῆς
3041 1318 3428 1368 Κωνσταντίνου
3476 1311 3510 1367 δ
3515 1316 3745 1387 ιάγονσιν.
3774 1320 3845 1369 Καὶ

576 1403 744 1455 πάντα
777 1404 844 1465 ὡς
872 1407 1026 1475 ἔσχεν
1053 1404 1381 1478 ἀπήγγειλεν.

629 1494 716 1546 87.
747 1493 928 1562 Igitur
951 1495 1277 1566 imperator
1304 1497 1578 1553 Meteorio
1608 1498 1830 1565 exiens,
1860 1495 2203 1551 mirandum

555 1580 616 1635 in
646 1582 897 1638 modum
921 1599 1029 1638 suo
1052 1583 1213 1641 bono
1248 1585 1417 1658 195
1453 1587 1743 1658 gaudens,
1775 1586 1999 1659 Cpolim
2023 1586 2202 1642 celer-

556 1669 705 1724 rime
722 1671 1058 1738 festinabat,
1081 1677 1352 1730 metuens
1365 1691 1439 1731 ne
1457 1676 1637 1732 Latini
1654 1676 1996 1748 Daphnusia
2012 1689 2191 1732 rever-

2384 1492 2489 1554 πζ.

2313 1583 2425 1655 μεθ’

2316 1690 2406 1724 σαι
2442 1672 2554 1742 (19)
2613 1668 2706 1724 διὰ
2753 1674 2956 1743 τάχους
3012 1669 3321 1739 ἑπέσπενδι,
3374 1668 3560 1734 δεδιὼς
3609 1676 3779 1744 μήποτε
3811 1671 3847 1723 ἐκ

2568 1493 2797 1567 ’.Λιπάρας
2871 1500 2993 1566 γοῦν
3069 1494 3095 1546 6
3152 1492 3400 1567 βασιλεὺς
3451 1500 3539 1545 τοῦ
3613 1498 3846 1565 Μετεωρίον

2506 1579 2697 1643 ἡδονῆς
2772 1584 2851 1635 ὅτι
2907 1581 3099 1645 πολλῆς
3180 1587 3274 1642 τὴν
3326 1587 3695 1635 Κωνσταντίνον
3750 1584 3847 1654 φθά-

558 1761 746 1814 tentes
777 1764 833 1815 et
859 1760 1068 1816 urbem
1092 1763 1660 1837 introgressipugna
1683 1747 1907 1834 magna
1928 1781 2067 1821 cum
2098 1767 2205 1819 Ro-

2311 1769 2404 1824 τῆς
2434 1765 2754 1833 Δαφνουσίας
2775 1763 2823 1814 οἱ
2856 1768 3069 1815 Λατῖνοι
3101 1762 3548 1824 ὑπονοστήσαντες
3584 1766 3665 1813 καὶ
3688 1769 3761 1822 τῆς
3783 1765 3848 1812 πάι

558 1846 755 1901 manis
786 1848 1171 1919 conﬂigerent
1196 1855 1514 1909 etnumero
1537 1854 1869 1927 superiores
1899 1861 2202 1909 extramu-

556 1951 656 1991 ros
684 1936 978 2007 ejicerent.
1007 1940 1119 1995 Sed
1147 1941 1276 1997 haec
1304 1943 1549 2000 minime
1572 1944 2203 2017 contigerunt,quippe

554 2025 736 2096 quire
750 2026 945 2082 subita
975 2032 1155 2100 atque
1187 2030 1506 2103 improvisa
1549 2034 1776 2090 animos
1802 2032 2100 2090 deturbati
2120 2033 2204 2087 fu-

552 2128 681 2185 gam
696 2114 1143 2188 praeripuere,ut
1156 2122 1769 2193 supraenarravimusl
1784 2122 2207 2195 .mperatoriter

555 2205 927 2275 sollicitabat,
966 2212 1021 2264 et
1047 2210 1262 2266 Calami
1286 2212 1464 2267 colles
1486 2229 1770 2269 emensus
1801 2229 1989 2287 prope
2012 2212 2204 2284 Achy-

553 2310 726 2350 raum
749 2301 942 2353 castra
964 2299 1184 2369 posuit.
1217 2303 1376 2356 Tunc
1400 2302 1675 2358 Balduini
1705 2303 1867 2376 Cpoli
1907 2304 2204 2374 imperano

554 2386 626 2442 tis
648 2386 808 2458 regia
830 2388 1087 2460 insignia
1105 2390 1283 2447 allata
1306 2397 1460 2448 sunt.
1480 2396 1611 2449 Haec
1635 2399 1834 2450 autem
1849 2397 2017 2449 erant
2036 2407 2204 2464 oper.

554 2476 757 2532 culum
790 2479 995 2535 Latino
1022 2495 1187 2535 more
1226 2480 1630 2549 efformatum,
1674 2482 1997 2539 unionibus
2028 2481 2205 2537 inter-

555 2565 855 2635 stinctum,
890 2568 948 2623 in
978 2569 1191 2625 vertice
1222 2570 1430 2627 saxulo
1453 2572 1641 2627 rubeo
1674 2572 1988 2627 renidens:
2022 2585 2202 2627 cocco

556 2656 718 2713 tincti
746 2658 947 2728 calcei,
980 2663 1035 2715 et
1065 2661 1222 2716 ensis
1255 2677 1325 2716 ex
1349 2662 1536 2741 serico
1574 2662 1757 2718 rubro
1791 2666 2200 2734 tegumentum

554 2747 816 2804 indutus.
831 2752 991 2806 Tunc
1005 2750 1321 2807 multitudo
1337 2752 1516 2807 etiam
1531 2768 1655 2808 rem
1671 2752 1751 2807 ita
1766 2752 1943 2807 fuisse
1958 2767 2199 2825 persua-
2246 2800 2253 2805 .

557 2852 625 2892 sa
645 2841 748 2903 est,
778 2839 1265 2912 quandoquidem
1283 2841 1560 2898 facinoris
1577 2840 1926 2912 magnitudo
1940 2856 2011 2897 ne
2028 2845 2200 2897 teme-

554 2942 616 2982 re
629 2926 780 2982 adeo
794 2927 1125 2985 dictisﬂdes
1140 2929 1528 2987 adhiberetur
1542 2930 1853 2987 efﬁciebat.
1872 2934 2199 3003 Imperator

552 3015 667 3072 loci
696 3017 1054 3074 mutationes
1080 3017 1380 3089 longiores
1409 3025 1465 3076 et
1484 3019 1808 3076 velociores
1843 3035 2196 3093 percurrens

2312 1849 2430 1910 λεως
2456 1849 2588 1911 ἐντός
2634 1855 2891 1923 γενόμενοι
2942 1852 3125 1923 μάχην
3182 1853 3318 1903 κατὰ
3355 1849 3611 1924 Ῥωμαίων
3657 1856 3846 1909 miram

2312 1943 2583 2015 κρατερὰν,
2634 1944 2723 1991 καὶ
2793 1939 2961 2011 πολλῷ
3014 1940 3220 2003 πλείους
3288 1948 3389 1993 τῶν
3458 1940 3701 2012 Ῥωμαὶων
3747 1943 3846 1998 ὄντες

2313 2037 2411 2081 τῶν
2437 2037 2626 2101 τειχῶν
2654 2028 2747 2092 ἐξω
2776 2028 3048 2101 βάλλουσι.
3085 2029 3239 2081 Ἀλλὰ
3266 2036 3435 2082 ταῦτα
3485 2033 3571 2101 μὲν
3613 2029 3667 2080 ού
3692 2027 3843 2091 ξυνέϐη,

2316 2116 2419 2169 ἀλλ’
2468 2117 2647 2170 ἐκεῖνοι
2703 2120 2791 2189 μὲν
2840 2122 2896 2170 τό
2944 2117 3128 2191 ἀθρόον
3173 2121 3268 2180 τὰς
3323 2118 3506 2190 ψυχὰς
3551 2119 3846 2170 κατασεισθῇ·

2315 2227 2394 2268 τες
2469 2206 2758 2282 προύλαϐον
2839 2205 3154 2281 ἀποδρᾶναι,
3223 2209 3459 2268 καθώςό
3512 2208 3649 2279 λόγος
3694 2208 3847 2279 φθάσας

2314 2292 2915 2369 ἑδὴλωσεν,όβασι).εὺς
2958 2292 3017 2349 δὲ
3060 2300 3153 2355 τὴν
3201 2302 3413 2371 πορείαν
3466 2296 3707 2349 ἐπέτεινεν.
3748 2296 3846 2346 Ἐπιὶ

2315 2381 2374 2436 δὲ
2441 2389 2529 2437 καὶ
2598 2389 2713 2445 τοὺς
2778 2393 2869 2437 τοῦ
2930 2384 3174 2458 Καλάμου
3241 2384 3463 2458 βουνούς
3513 2384 3845 2461 παρημείψαμεν

2312 2476 2400 2524 καὶ
2421 2480 2515 2535 τῆς
2547 2472 2841 2546 Ἀχυράους
2871 2471 3020 2543 ἐγγὺς
3047 2474 3072 2524 6
3105 2471 3359 2545 βασιλεὺς
3403 2472 3619 2536 ἐπήξατο
3656 2476 3735 2530 την
3757 2490 3845 2525 nt-

2311 2568 2420 2633 νὴν,
2450 2567 2565 2616 τότε
2598 2559 2665 2622 δὴ
2688 2567 2776 2615 καὶ
2804 2570 2894 2615 τοῦ
2918 2558 3232 2616 Βαλδουῖνου
3265 2570 3361 2615 τοῦ
3392 2566 3535 2636 τάχα
3580 2562 3684 2634 (20)
3732 2560 3846 2633 βασι-

2309 2651 2467 2713 λικῶς
2534 2655 2630 2713 τῆς
2693 2656 3078 2705 Κωνσταντίνον
3136 2653 3495 2725 κατάρχοντος
3539 2656 3602 2705 τὰ
3648 2650 3845 2723 βασιλαὰ

2312 2738 2727 2804 διεκομίσθησαν
2760 2740 2994 2814 σύμϐολα
3020 2758 3033 2774 ⁸
3060 2749 3225 2795 ταῦτα
3257 2738 3319 2795 δὲ
3346 2739 3405 2801 ἦν
3436 2742 3688 2815 καλύπτρα
3726 2744 3841 2793 Λατι-

2308 2837 2422 2891 νική
2453 2836 2509 2884 τὸ
2543 2840 2735 2904 σχῆμα
2763 2837 2853 2884 καὶ
2901 2833 3193 2905 μαργοίροις
3245 2832 3607 2905 πεποικιλμένη
3653 2834 3729 2881 καὶ
3752 2830 3841 2899 ὑπὲρ

2307 2921 2526 2994 κεφαλῆς
2566 2921 2716 2993 λιθέῳ
2795 2926 3036 2993 κοκκίνῳ,
3090 2918 3283 2974 πέδιλα
3356 2942 3410 2975 τε
3447 2920 3737 2992 κοκκοϐαφῆ,
3781 2920 3842 2967 καὶ

2311 3013 2484 3069 σπάθη
2541 3014 2756 3084 σηρικὸν
2803 3010 3116 3083 κοκκοϐαφές
3178 3007 3494 3084 ἐνδεδυμένη
3539 3009 3837 3085 προκαλυμμσ.

550 3105 707 3161 viam
729 3106 1195 3181 celeravit.Cpoli
1220 3110 1717 3182 appropinquans
1742 3109 1945 3167 animo
1971 3110 2195 3182 agitare

2310 3098 2501 3160 Τότεδὴ
2525 3106 2614 3154 καὶ
2640 3102 2665 3153 ό
2686 3100 2844 3163 πολὺς
2879 3100 2999 3162 λεὼς
3027 3103 3093 3154 τὰ
3147 3109 3240 3162 τῆς
3296 3102 3579 3162 ὑποθέσεως
3604 3099 3839 3153 iamiam-

554 3200 815 3267 coeperat
840 3212 1139 3254 accessum
1167 3199 1243 3254 ad
1266 3199 1476 3255 urbem
1492 3202 1609 3256 Deo
1633 3200 1818 3270 magis
1841 3198 2195 3256 convenien-

554 3284 760 3341 tiorem
779 3301 961 3357 quam
974 3288 1097 3358 regi
1113 3287 1434 3355 instituere,
1453 3288 1916 3361 etmodum,quo
1930 3288 1986 3343 id
2006 3287 2196 3344 itaﬁe-

552 3389 613 3431 re
623 3377 1020 3446 t,excogitavit
1037 3395 1049 3433 :
1070 3393 1175 3452 per
1188 3394 1487 3433 sermones
1502 3392 1713 3450 nempe
1729 3378 1829 3451 qui
1846 3378 2064 3449 gratias
2082 3381 2197 3434 Deo

553 3465 855 3533 referrent,
884 3470 938 3523 et
959 3482 1135 3523 voces
1157 3483 1263 3539 pro
1290 3468 1562 3539 imperio,
1596 3468 1945 3537 sacerdotio,
1974 3468 2121 3525 urbe
2144 3471 2201 3524 et

554 3554 878 3611 cultoribus
933 3556 1221 3612 universis
1261 3558 1582 3629 supplices.
1635 3558 1748 3615 Sed
1786 3558 2198 3631 precationum

556 3632 902 3716 scriptorem
937 3646 1296 3717 conquirens
1335 3646 1766 3720 philosophum
1807 3646 2199 3703 Blemmidam

555 3732 631 3787 ad
662 3747 813 3803 opus
839 3732 1198 3790 decreverat.
1226 3736 1439 3790 Verum
1478 3735 1562 3789 vir
1601 3735 1694 3791 ille
1731 3736 1908 3807 longe
1950 3735 2195 3791 aberat:

555 3819 768 3893 Ephesi
807 3836 1068 3894 namque
1108 3825 1341 3879 (etatem
1384 3823 1619 3893 agebat.
1663 3826 1854 3890 Quare
1903 3824 2075 3896 169
2106 3838 2200 3878 res

552 3909 731 3966 nimis
752 3910 971 3966 differri
1000 3927 1067 3967 ac
1091 3912 1513 3983 procrastinari
1568 3912 1901 3980 videbatur,
1941 3929 2079 3968 cum
2108 3916 2198 3968 ta-

554 4000 693 4055 men
720 4000 1391 4072 imperatoringressum
1407 4002 1676 4075 impense
1694 4000 2025 4057 admodum
2039 4016 2201 4056 acce~

552 4089 783 4158 lcraret,
804 4094 1237 4162 proptereaque
1255 4090 1457 4147 animo
1470 4090 1821 4159 angebatur.
1843 4090 1955 4147 Sed
1968 4090 2095 4162 ipse
2110 4104 2201 4146 ar-

555 4179 679 4234 dua
704 4178 1049 4250 imperatori
1075 4181 1486 4253 complanavi.
1508 4185 1676 4246 Nam,
1700 4203 1725 4229 ‹‹
1747 4180 2143 4252 Oimperator,
2174 4201 2196 4228 ι

555 4267 697 4336 dixi,
722 4289 749 4315 «
786 4268 896 4323 sia
925 4274 1132 4325 sancto
1160 4270 1284 4325 viro
1316 4286 1521 4343 preces
1559 4270 1739 4326 hasce
1782 4270 2080 4325 conscribi
2106 4286 2203 4324 ex-

556 4360 750 4428 optas,
766 4357 912 4428 quid
924 4358 1119 4414 dicam
1151 4359 1275 4431 ipse
1292 4374 1410 4414 non
1431 4358 1654 4415 habeo:
1676 4359 1723 4415 si
1752 4376 1787 4415 a
1808 4375 2197 4432 quocunque,

2306 3211 2365 3244 το
2397 3212 2409 3225 ·
2437 3194 2494 3245 τό
2523 3194 2624 3265 γὰρ
2655 3190 2920 3262 μεγαλεῖον
2952 3190 3046 3243 ούκ
3073 3192 3151 3242 οἶα
3196 3198 3289 3243 τοῦ
3330 3193 3624 3264 πράγματος
3658 3188 3831 3260 εὐχερῶς

2307 3276 2568 3335 πιστεύειν
2597 3288 2707 3343 τοῖς
2736 3280 3045 3353 λεγομένοις.
3096 3280 3388 3335 Ἕσπευσεν
3439 3281 3524 3334 οὖν
3574 3280 3597 3331 6
3646 3274 3837 3351 βασιλτῦς

2308 3375 2437 3445 πρὸς
2490 3376 2582 3430 τὴν
2643 3376 2868 3429 κίνησιν.
2918 3375 3226 3443 Ταχντέρας
3278 3379 3404 3442 γοῦν
3452 3375 3537 3423 καὶ
3583 3368 3840 3442 μακροτέρας

2310 3460 2527 3514 ἐποιεῖτο
2550 3464 2636 3521 τὰς
2659 3460 2985 3534 μεταϐάσεις.
3023 3461 3325 3531 Ἐγγίσαντι
3349 3469 3474 3532 γοῦν
3519 3466 3577 3532 τῇ
3632 3464 3840 3510 Κωνστανο

2308 3556 2450 3604 τίνου
2520 3559 2592 3622 τῷ
2657 3548 2846 3623 βασιλῑ
2920 3552 3053 3601 κατὰ
3105 3557 3220 3602 νοῦν
3283 3549 3431 3624 ἐπῄει
3480 3545 3839 3622 θεοπρεπιστέραν

2310 3640 2498 3715 μᾶλλον
2539 3643 2568 3699 ἤ
2619 3637 3031 3716 βασιλικωτέραν
3088 3644 3181 3698 τὴν
3233 3639 3301 3700 εἰς
3361 3643 3453 3698 τὴν
3518 3633 3839 3691 Koma-rauim

2309 3730 2638 3787 ποιήσασθαι
2663 3725 2915 3802 πάροδον.
2951 3732 3050 3782 Καὶ
3077 3730 3162 3779 τόν
3218 3732 3409 3802 τρόπον
3454 3724 3705 3796 ἐσκέψατο,
3741 3719 3840 3773 ὅπως

2309 3817 2370 3870 ἂν
2403 3818 2656 3889 γένοιτοό
2702 3813 2769 3875 δὴ
2821 3813 2913 3869 διὰ
2966 3816 3131 3888 λόγων
3180 3817 3598 3891 εὖχαριστηρίων
3644 3812 3748 3882 πρὸς
3780 3806 3838 3855 τὸν

2311 3911 2438 3961 Θεόν
2463 3911 2552 3958 καὶ
2585 3915 2758 3978 φωνῶν
2810 3906 3090 3980 εύκτηρὶων
3142 3907 3267 3982 ὑπέρ
3322 3926 3376 3959 τε
3409 3904 3665 3979 βασιλείας
3695 3900 3767 3949 καὶ
3792 3909 3838 3942 ιε’

2310 4001 2537 4073 ραρχίας
2557 3998 2682 4068 ὑπέρ
2704 4015 2757 4049 τε
2781 4004 2869 4056 τῆς
2898 3993 3084 4056 πόλεως
3137 4000 3224 4048 καὶ
3264 4004 3366 4047 τῶν
3418 3995 3571 4054 αὐτῆς
3614 3988 3836 4056 οἰκητόρων

2310 4092 2399 4140 καὶ
2425 4095 2514 4139 τοῦ
2544 4089 2737 4149 ταύτης
2796 4086 3159 4162 πληρώματος.
3207 4085 3351 4139 Ἐπεὶ
3410 4082 3469 4138 δι
3506 4083 3662 4144 ἐζήτει
3687 4080 3756 4129 τὸν
3776 4086 3838 4125 τας

2312 4178 2470 4249 εὐχὰς
2524 4175 2939 4251 συγγραψασθαῐ
2985 4175 3249 4248 μέλλοντα,
3296 4180 3385 4228 τόν
3426 4174 3680 4248 φιλόσοφον

2313 4263 2475 4340 μίὸην
2498 4270 2627 4339 πρὸς
2662 4250 2881 4338 τοῦργον
2924 4264 3160 4327 ἐπινύξαι
3184 4264 3487 4338 βεϐούλητο.
3511 4260 3705 4334 Μακρὰν
3731 4250 3776 4305 δέ
3798 4250 3838 4305 ἦν

2316 4357 2341 4408 ὁ
2365 4355 2490 4429 ἀνήρ
2526 4377 2537 4387 ·
2566 4354 2695 4427 ἀμφὶ
2724 4356 2821 4427 γὰρ
2849 4358 2942 4412 τὴν
2974 4353 3189 4426 Ἔφεσον
3220 4355 3315 4417 τὰς
3368 4351 3626 4426 διατριϐὰς
3654 4346 3836 4399 ἐποιεῖτο.

553 4444 657 4517 qui
679 4450 879 4502 tamen
898 4447 1152 4503 scribere
1174 4447 1679 4517 possit,voluntati
1706 4451 1817 4504 tuas
1840 4448 2205 4507 satisfactum

2318 4446 2400 4507 Εἰς
2437 4443 2620 4519 ἀργίαν
2653 4443 2734 4518 [Ρ.
2777 4444 2895 4518 102]
2956 4440 3014 4496 δὲ
3062 4445 3126 4496 τὰ
3184 4450 3274 4496 τοῦ
3326 4446 3622 4519 πράγματος
3663 4438 3837 4487 Emam.

554 4535 623 4590 iri
650 4540 846 4608 putas,
881 4536 1008 4608 ipse
1035 4552 1147 4607 ego
1179 4536 1280 4592 tibi
1311 4554 1445 4609 quae
1473 4538 1846 4610 concupiscis
1868 4537 2124 4594 eﬂiciam
2148 4545 2206 4598 et

553 4640 758 4698 preces
789 4642 1174 4699 componam.
1206 4650 1232 4676 »
1266 4627 1328 4682 Id
1349 4631 1413 4683 ut
1438 4626 1651 4683 melius
1684 4627 1975 4700 probatur
2014 4630 2204 4700 impe-

553 4715 751 4783 ratori,
793 4720 849 4772 et
888 4721 949 4772 ut
996 4716 1300 4785 ingressus
1345 4716 1497 4773 celer
1536 4720 1711 4784 esset,
1759 4734 1793 4774 a
1824 4733 1919 4773 me
1950 4733 2204 4790 compo-

552 4806 781 4863 nendas
814 4805 943 4863 aliis
974 4806 1254 4878 praetulit.
1295 4811 1422 4879 Ipse
1454 4808 1651 4863 statim
1676 4824 1828 4881 opus
1860 4807 2198 4879 aggredior.

553 4898 618 4953 Et
651 4896 924 4954 nondum
952 4895 1182 4966 integer
1207 4896 1332 4953 dies
1354 4901 1409 4954 et
1437 4912 1557 4955 nox
1579 4902 1977 4970 excurrerant,
2008 4902 2065 4954 et
2083 4901 2200 4953 tres

1437 5075 1776 5143 Theodori
1826 5075 2074 5141 Dousae
2125 5081 2189 5140 et
2234 5069 2485 5140 Leonis
2534 5068 2767 5139 Allatii
2816 5078 3019 5139 notae.

620 5256 730 5335 (18)
778 5257 980 5335 Νυτςιὸς
1028 5254 1277 5335 ἐπιούσης
1310 5255 1598 5335 Phranza.
1661 5272 1695 5335 :A
1712 5253 1827 5310 Sed
1869 5257 2185 5335 postquam
2295 5266 2417 5335 quo
2447 5254 2622 5334 capta
2648 5254 2748 5335 est
2777 5248 2992 5321 Cpolis,
3023 5246 3232 5305 allatas
3254 5247 3432 5304 etiam
3453 5242 3620 5300 fuisse
3647 5235 3819 5292 litteras

551 5329 800 5382 nuntius
834 5327 991 5383 alter
1015 5330 1188 5382 etiam
1212 5344 1340 5382 enm
1366 5328 1582 5381 litteris
1600 5326 1884 5381 aCaesare
1910 5326 2033 5392 ipso
2051 5339 2189 5379 eon-

552 5400 1242 5468 seriptissuperrenit.iis
1260 5399 1395 5453 visis
1409 5398 1838 5451 dubitationem
1853 5412 1888 5450 a
1902 5410 1959 5450 se
1971 5397 2190 5451 amovit

551 5473 789 5541 Denque
814 5471 1045 5539 gratias
1065 5472 1179 5539 egit
1203 5478 1255 5526 et
1283 5468 1643 5538 patriarcha
1678 5473 1944 5541 totoque
1980 5473 2192 5541 senatu

550 5537 1002 5599 assentientibus
1016 5537 1259 5611 prbpter
1277 5537 1586 5596 victoriam
1608 5537 1751 5595 adeo
1780 5538 2192 5595 admirabilem

553 5622 604 5672 et
620 5616 776 5688 facta
794 5614 1043 5688 ('wsaris
1053 5614 1299 5688 ingetz'a‘
1314 5611 1522 5683 quibus
1540 5614 1866 5688 Romanam
1882 5612 2193 5688 imperiam

552 5682 997 5760 anipliﬁcasset.
1027 5682 1447 5757 PaChymeres,
1478 5699 1539 5755 p,
1586 5687 1703 5754 I52,
1734 5682 1814 5741 ait
1833 5682 2048 5739 eodem
2074 5682 2191 5753 die,

2313 4536 2371 4588 '0
2423 4532 2481 4587 δὲ
2514 4533 2762 4607 βασιλεὺς
2809 4532 3080 4606 μελλήσειν
3134 4533 3228 4586 οὐκ
3276 4534 3422 4592 ἤθελε
3466 4534 3587 4603 πρὸς
3638 4530 3716 4583 τὴν
3760 4521 3836 4571 εἶτ’

2315 4622 2456 4680 οὸον.
2486 4621 2864 4698 Ἐδυσχέραινε
2914 4631 3036 4696 γοῦν
3068 4621 3150 4675 ἐπὶ
3208 4626 3430 4685 τούτοις.
3484 4619 3609 4675 Ἀλλ’
3657 4613 3836 4668 αύτὸξτο

2317 4712 2578 4788 δυσχερὲς
2628 4710 2950 4785 διελυσοίμην
2999 4720 3071 4784 τῷ
3117 4710 3346 4785 βασιλεῖ.
3399 4736 3419 4762 (
3472 4711 3527 4764 Εἰ
3562 4711 3642 4781 μὲν
3684 4726 3708 4752 »
3744 4700 3831 4788 γὰρ,

2316 4808 2458 4879 ἔφην,
2502 4826 2530 4855 ι(
2580 4800 2619 4855 ὦ
2667 4801 2908 4877 βασιλεύ,
2959 4805 3028 4863 ὡς
3071 4801 3122 4865 ἐξ
3164 4802 3314 4874 ἁγίου
3368 4797 3550 4875 ἀνδρὸς
3594 4790 3742 4869 βούλει
3772 4800 3833 4839 τας

2316 4895 2499 4968 εὕχαςν
2529 4893 2695 4968 οἷσπερ
2737 4892 2939 4960 έθελεις,
2970 4893 3211 4964 γενέσθαι
3264 4911 3369 4965 σοι,
3422 4890 3513 4945 οὐκ
3556 4908 3633 4961 χω
3672 4882 3830 4950 λέγειν·

2306 5326 2577 5380 Ctesaris.
2631 5326 2765 5379 ALL.
3736 5374 3785 5392 η,
3808 5380 3817 5392 ,

2632 5375 3019 5447 ἰξωνσταντίνου
3078 5394 3294 5464 φθάσαι,
3343 5392 3633 5459 Gregoras,
3660 5396 3709 5452 ρ.
3735 5375 3816 5429 37;

2302 5465 2879 5537 Pachymeriusttib.
2907 5482 2962 5523 ιι.
3000 5481 3051 5523 c.
3080 5468 3167 5520 3!.
3209 5469 3345 5521 ALL.
3418 5532 3427 5537 _
3562 5526 3573 5536 ,

2374 5516 2489 5609 ῤ’ὀῖ
2507 5516 2621 5612 ἶᾶᾇ
2632 5516 2976 5612 ’Βῖῶἷδξιξῖὶάυξ
2989 5516 3103 5588 εδδ
3123 5516 3530 5612 ταχκῗέθνίϐηλ
3560 5516 3815 5612 inlpfffff‘

2300 5596 2437 5666 rum
2466 5596 2889 5666 'Latinorumin
2943 5596 3227 5681 Byzantiéi
3254 5602 3538 5678 disposuit
3561 5596 3821 5661 Gregoras,

2300 5698 2362 5754 p.
2400 5686 2464 5738 85
2493 5682 2616 5739 ima
2666 5685 2802 5737 ALL.
