4042 6214
248 288 390 355 I217

1813 292 2137 353 ANNALES

3475 288 3607 358 121's

243 425 313 474 Ει
338 415 399 472 δὲ
423 416 478 483 ἕξ
502 400 859 487 οἱουδητινος,
892 414 1180 495 δυναμένου
1228 415 1289 473 δὲ
1339 419 1657 496 συγγράφειν
1718 439 1845 497 προ-ο
1876 422 1898 477 1

1998 423 2016 477 t
2045 418 2256 477 decem
2281 416 2652 492 precationes
2677 417 3352 494 conscribo,quamlibet
3362 424 3606 497 proprio

246 508 383 562 ﬂeto
406 512 502 568 τὴν
528 506 785 582 βούλησιν
825 508 1183 568 ἐκπεπλῆσθαί
1221 528 1328 576 σοι,
1386 506 1505 562 ἰδού
1560 528 1646 562 σοι
1692 508 1847 572 αὐτὸς

1965 511 2320 579 argumento
2348 507 2725 582 locupletem.

243 602 341 659 την
382 598 591 659 θέλησιν
622 596 991 674 ἆποπλήσαιμι
1034 604 1126 653 καὶ
1185 601 1277 661 τὰς
1334 598 1501 672 εὐχάς
1557 618 1642 653 σοι
1700 596 2090 675 συγγράψαιμι.
2143 622 2173 649 ››
2240 593 2426 661 Ἔδοξε
2471 605 2701 672 κρεῖττον
2761 604 2913 652 τοῦτο
2966 606 3038 672 τῷ
3098 598 3326 674 βασιλεῖ,
3376 606 3467 657 καὶ
3513 611 3611 667 τῆς

242 696 443 763 ταχινῆ
454 709 476 753 ς
505 684 717 742 εἰσόδου
757 690 846 751 τὰς
874 689 963 742 ὑπ’
993 688 1118 763 ἐμοῦ
1142 691 1563 764 ποιηθησομένας
1583 689 1863 766 προείλετο.
1892 688 2026 761 Ἐγὼ
2056 690 2147 762 μὶν
2176 683 2264 741 οὖν
2294 686 2441 748 εὐθὺς
2489 685 2706 761 ἡψάμην
2753 694 2842 741 τοῦ
2894 690 3069 762 ἔργου,
3100 695 3191 743 καὶ
3244 693 3388 745 οὔπω
3442 694 3612 769 ἡμέρα

242 782 440 854 παρῄει
469 778 559 837 ὅλη
592 783 682 832 καὶ
699 777 809 844 νὺξ,
843 782 934 831 καὶ
963 775 1093 832 δέκα
1129 781 1256 855 πρὸς
1284 786 1394 842 ταῖς
1414 784 1560 855 τρισὶ
1597 777 2007 855 συνεγραψάμην
2039 777 2226 850 εὐχὰς,
2254 774 2480 834 ἑκάστην
2510 775 2694 829 οἰκεῖον
2716 778 2946 850 ἔχουσαν
2975 780 3062 830 τόν
3091 783 3305 836 σκοπόν.

326 886 435 928 πη.
490 867 749 922 Κατελαϐε
786 869 900 941 (21)
956 876 1082 942 γοῦν
1124 870 1151 922 ό
1201 869 1537 945 αὐτοκράτωρ
1586 873 1650 928 τὴ
1715 872 1853 922 κων-

250 961 550 1015 σταντίνου.
593 955 1184 1034 Τεσσαρεσκαιδεκάτην
1258 954 1352 1033 ἦγε
1407 977 1521 1028 τοτε
1571 960 1597 1011 6
1654 960 1855 1030 Αὔγου-

251 1062 398 1109 στος.
480 1042 740 1100 Εὶσελθεῖν
815 1053 938 1121 γοῦν
991 1047 1067 1111 εἰς
1145 1051 1237 1106 τὴν
1314 1045 1856 1107 Κωνστηντινούπολιν

246 1134 348 1187 οὐκ
412 1135 635 1194 ἠθέλησε
690 1138 785 1196 τὴν
855 1136 1018 1197 αὐτὴν
1075 1137 1290 1214 ἡμέραν,
1357 1134 1485 1191 ἀλλὰ
1520 1139 1612 1199 τὰς
1668 1138 1859 1197 σκηνὰς

235 1223 309 1278 ἐν
336 1231 400 1295 τῇ
432 1231 561 1299 μονῇ
594 1234 687 1279 τοῦ
745 1222 1041 1300 Κοσμιδίου
1107 1226 1356 1298 ἐπήξατο,
1394 1235 1458 1302 τῇ
1492 1228 1631 1301 οἶγχι
1662 1221 1859 1280 διακει-

245 1317 377 1388 μένη
446 1323 546 1367 τῶν
600 1318 922 1392 Βλαχτρνῶν.
981 1315 1176 1370 Ἐκεῑσε
1210 1323 1337 1390 γοῦν
1399 1312 1858 1391 διανυκτερεύσας,

247 1405 407 1457 ἕωθεν
481 1401 706 1467 ἀναστὰς
779 1409 872 1466 τὴν
946 1405 1019 1469 εἰς
1116 1406 1660 1460 Κωνσταντινούπολιν
1755 1407 1855 1459 εἵσ-

2034 866 2124 922 88.
2155 864 2482 938 lmperator
2512 864 2745 922 decimo
2792 870 3009 939 quarto
3040 870 3292 939 Augusti
3318 869 3413 928 die
3453 871 3611 946 Cpo-

1963 955 2068 1013 lim
2085 954 2355 1029 pervenit
2387 971 2400 1022 ;
2429 968 2626 1028 neque
2663 954 2763 1011 illo
2784 956 2999 1013 eodem
3021 957 3116 1014 die
3154 959 3368 1016 urbem
3388 960 3611 1033 introit,

1967 1045 2073 1103 sed
2107 1044 2273 1119 apud
2300 1043 2579 1101 Cosmidii
2602 1045 3032 1102 monasterium
3051 1049 3614 1121 propeBlachernas

1964 1135 2220 1193 tentoria
2238 1132 2418 1192 locat.
2458 1132 2543 1189 lbi
2573 1150 2711 1191 cum
2740 1139 3168 1207 pernoctasset,
3218 1143 3461 1210 postero
3517 1140 3613 1197 die

1969 1224 2200 1298 Cpolim
2224 1223 2339 1281 hoc
2351 1223 3004 1296 apparatuingreditur.
3023 1227 3091 1280 Et
3109 1241 3245 1282 cum
3274 1228 3615 1300 patriarcha

1970 1313 2219 1370 Arscnio
2250 1314 2493 1369 absente
2520 1311 3015 1386 precationesilla
3030 1314 3312 1372 omnibus
3325 1318 3615 1375 audienti-

1970 1404 2085 1461 bus
2112 1400 2413 1475 aprasule
2441 1401 2761 1458 rccitanda
2784 1408 3001 1470 essent,
3018 1404 3209 1476 Cyzici
3235 1407 3614 1480 metropolita

248 1488 379 1546 ὁδον
429 1493 543 1567 (22)
591 1492 948 1570 ἀπειργάσατο
996 1499 1185 1572 τρόπον
1235 1504 1488 1553 τοιοῦτον.
1542 1494 1684 1551 Ἐπεὶ
1737 1491 1797 1549 δὶ
1837 1489 1860 1540 6

1994 1491 2278 1563 leorgius,
2292 1507 2472 1564 quem
2490 1490 2718 1547 Clidam
2732 1491 3256 1566 cognominabant,
3269 1510 3404 1567 qua
3417 1512 3618 1553 neces-

249 1584 349 1657 μὲν
405 1585 747 1660 πατριάρχης
804 1584 1067 1660 Ἀρσένιος
1128 1587 1187 1639 οὗ
1245 1593 1437 1661 παρῆν,
1481 1581 1590 1639 ἔδει
1640 1581 1700 1638 δε
1755 1585 1859 1659 ἄρα

249 1680 361 1725 τῶν
412 1692 527 1726 τινα
575 1671 860 1749 ἀρχιερέων
916 1677 1012 1738 τὰς
1055 1674 1216 1748 εὐχὰς
1246 1674 1317 1739 εἰς
1361 1674 1579 1734 ἇπήκοον
1623 1672 1856 1741 ἐξειπεῖν,

247 1760 283 1815 6
313 1768 413 1824 τῆς
462 1762 695 1825 Κυζίκου
752 1763 866 1836 (23)
921 1764 1309 1840 μητροπολίτης
1366 1769 1637 1839 Γεώργιος,
1673 1762 1726 1816 ὃν
1772 1767 1862 1816 καὶ

262 1847 494 1906 Κλειδᾶν
539 1853 927 1927 κατωνόμαζον,
988 1853 1214 1928 ἐπλήρου
1260 1858 1354 1914 τὴν
1414 1859 1622 1932 χρείαν,
1676 1858 1765 1907 καὶ
1796 1851 1867 1914 εἰς

257 1940 354 1995 ἕνα
398 1949 497 1994 τῶν
555 1944 766 2017 πύργων
820 1951 921 1996 τῶν
971 1951 1063 2005 τῆς
1136 1949 1402 2018 Χρυσείας
1466 1941 1680 2013 ἀναϐὰς,
1729 1944 1869 2016 ἔχων

260 2029 386 2106 μεθ’
410 2030 595 2085 ἑαυτοῦ
625 2034 794 2085 καὶτὸ
824 2041 915 2095 τῆς
963 2036 1220 2087 Θεοτόκου
1284 2031 1566 2107 ἑκτύπωμα
1620 2034 1679 2085 τὸ
1735 2030 1869 2085 οὕτω

270 2139 387 2184 πως
457 2118 512 2173 ἐκ
575 2126 666 2183 τῆς
714 2129 872 2195 μονῆς
930 2124 1401 2199 παρωνομασμένον
1459 2130 1559 2175 τῶν
1603 2117 1867 2195 Ὀδηγῶν,

268 2210 349 2271 εἰς
403 2207 637 2270 ἐπήκοον,
675 2210 914 2264 ἁπάντων
988 2210 1376 2286 ἁπεστομάτισε
1422 2214 1514 2275 τὰς
1580 2210 1758 2284 εὐχάς.
1810 2208 1871 2264 Ὀ

265 2302 363 2374 μὲν
428 2306 515 2353 οῦν
567 2299 902 2377 αὐτοκράτωρ
953 2305 1047 2361 τὴν
1108 2301 1407 2378 καλύπτραν
1448 2299 1719 2354 ἀποϐαλὼν
1781 2298 1873 2354 καὶ

262 2390 397 2462 γόνυ
416 2388 588 2451 κλίνας
633 2391 782 2443 iam
818 2394 1016 2465 χαμαὶ,
1048 2395 1138 2444 καὶ
1167 2392 1350 2453 πάντες
1402 2385 1462 2445 δὲ
1505 2392 1554 2444 οἱ
1597 2392 1692 2444 σὺν
1731 2388 1871 2461 αὐτῷ

268 2480 489 2532 ὄπισθεν
509 2477 670 2532 αὑτοῦ
695 2476 779 2532 ἰπὶ
806 2484 932 2552 γόνυ
954 2483 1257 2536 κατέπεσον.
1306 2480 1445 2534 Ἐπεὶ
1496 2475 1555 2533 δε
1606 2480 1637 2539 ἡ
1690 2483 1869 2553 πρώτη

296 2573 399 2618 ’τῶν
435 2565 601 2639 εὐχῶν
629 2565 976 2622 ἐκτετέλεσται
1004 2570 1095 2622 καὶ
1119 2570 1145 2622 6
1199 2565 1441 2631 διάκονος
1497 2567 1723 2642 ἐσήμηνε
1777 2570 1872 2629 τὴν

284 2652 569 2731 ἀνέγερσιν,
610 2659 790 2720 πάντες
849 2655 1159 2720 ἀναστάντες
1196 2660 1253 2712 τὸ
1312 2660 1470 2735 Κύριε
1525 2657 1754 2731 ἐλέησον,
1802 2658 1874 2721 εἰς

276 2742 463 2798 ἑκατὸν
499 2743 905 2820 ἀριθμήσαντες,
966 2746 1273 2808 ἓπεϐόησαν.
1333 2753 1433 2803 Καὶ
1487 2751 1682 2802 τούτων
1739 2764 1873 2801 τετε-

269 2830 528 2907 λεσμένων
580 2838 711 2910 πρὸς
783 2844 876 2890 τοῦ
935 2835 1217 2914 ἀρχιερέως
1263 2842 1354 2891 καὶ
1407 2834 1555 2899 αὖθις
1596 2837 1743 2914 ἑτέρα
1795 2854 1873 2899 τις

269 2923 567 2998 ἕξεφυνῄθη
599 2925 756 2999 εὐχή.
783 2924 871 2989 Ὠς
921 2924 970 2979 ἐν
1003 2934 1066 3000 τῇ
1123 2932 1302 3002 πρώτῃ
1359 2935 1502 3001 γοῦν,
1560 2931 1650 2980 καὶ
1709 2924 1758 2980 ἐν
1808 2933 1870 3000 τῇ

278 3008 503 3087 δευτέρᾳ
555 3018 850 3088 γεγένηται,
932 3020 1021 3069 καὶ
1114 3018 1248 3070 οὕτω
1303 3036 1414 3079 πως
1487 3013 1877 3092 διαπέπρακται

274 3106 445 3177 μέχρι
498 3108 589 3158 καὶ
646 3104 1071 3179 συμπληρώσεως
1115 3113 1214 3159 τῶν
1282 3104 1409 3160 ὅλων
1492 3105 1682 3178 εὐχῶν.
1737 3105 1878 3159 Ἐπεὶ

272 3200 403 3268 γοῦν
433 3194 627 3247 οὑτωσί
689 3213 795 3256 πως
840 3197 907 3249 τὰ
958 3203 1050 3257 τῆς
1103 3195 1430 3274 ἱεροπραξίας
1479 3197 1669 3256 ταύτης
1726 3196 1877 3267 γεγέ-

274 3303 462 3350 νηται,
530 3284 817 3358 θεοπρεπῶς
883 3283 1072 3358 μᾶλλον
1150 3285 1179 3345 ἡ
1263 3282 1556 3358 βασιλικῶς
1639 3289 1732 3345 τὴν
1786 3291 1879 3346 τῆς

274 3376 549 3449 Χρυσείας
601 3372 769 3433 πύλην
835 3373 1067 3434 εἰσῆλθεν
1114 3375 1141 3427 ό
1185 3371 1434 3448 βασιλεύς
1494 3393 1508 3409 ο
1561 3377 1713 3437 πεζὸς
1776 3376 1877 3448 γὰρ

278 3459 523 3531 ἐϐάδιζε,
546 3466 848 3538 προήρχετο
907 3459 966 3517 δε
994 3466 1177 3518 τούτου
1215 3471 1308 3527 τῆς
1347 3468 1673 3539 Θεομήτορος
1702 3462 1817 3536 (24)
1846 3465 1876 3522 ἡ

278 3553 458 3608 εἰκών.
511 3556 689 3628 Μέχρι
717 3556 808 3628 μέν
838 3571 926 3606 ουν
963 3560 1059 3616 τῆς
1106 3560 1197 3607 τοῦ
1249 3549 1499 3607 Στουδὶου
1536 3558 1695 3627 μονῆς
1734 3551 1883 3607 ἀπελ-

284 3643 415 3712 θὼν,
495 3643 659 3695 ἑκεῖσε
726 3646 820 3703 τὴν
878 3643 1050 3697 εἰκόνα
1101 3642 1398 3697 καταλιπὼν
1449 3652 1542 3704 τῆς
1591 3644 1883 3717 ὑπεράγνου

283 3732 505 3807 Μητρός
530 3737 623 3784 τοῦ
663 3738 827 3802 Θευῦ,
865 3730 1049 3796 ἕπιϐἁς
1095 3740 1188 3786 τοῦ
1229 3734 1388 3787 ἵππου
1440 3730 1525 3786 ἐπὶ
1564 3735 1622 3785 τὸ
1651 3740 1754 3796 τῶς
1798 3751 1886 3786 σοι

287 3824 416 3895 φίας
470 3827 564 3873 τοῦ
632 3827 766 3874 Θεοῦ
823 3819 1032 3894 ἀφίκετο
1077 3825 1280 3894 τέμενος
1329 3822 1464 3893 (25).
1519 3820 1715 3877 Ἐκεῐσε
1758 3829 1889 3894 γοῦν

285 3916 367 3979 τῷ
425 3912 656 3983 Δεσπότῃ
734 3917 950 3984 Χριστῷ
1006 3915 1396 3984 προσκυνήσας,
1458 3912 1548 3963 καὶ
1600 3913 1667 3964 τὰ
1719 3904 1892 3963 εἰκότα
1924 3912 1951 3925 ’“

289 4000 466 4073 τούτῳ
497 3997 915 4075 εὐχαριστήσας,
945 3998 1029 4053 ἐπὶ
1088 4004 1148 4053 τὸ
1178 4004 1312 4073 μέγα
1361 4005 1671 4060 κατηντήκει
1730 4000 1893 4054 παλά-

293 4106 431 4143 τιον.
484 4088 569 4141 Ἐν
636 4088 923 4165 εὐφροσύνῃ
980 4096 1106 4162 γοῦν
1155 4094 1245 4143 καὶ
1299 4085 1538 4163 θυμηδίᾳ
1585 4087 1745 4162 πολλῇ
1804 4093 1894 4143 καὶ

292 4176 500 4250 ἀπλέτῳ
573 4183 724 4253 χαρᾷ
793 4180 853 4231 τό
912 4177 1196 4252 Ῥωμαϊκόν
1294 4186 1367 4250 τῷ
1440 4182 1556 4233 τότε
1622 4183 1896 4252 γεγένηται

1980 1581 2141 1639 saria
2165 1576 2667 1654 erantsupplevit:
2689 1596 2828 1637 nam
2843 1581 2904 1637 in
2919 1596 3107 1639 unam
3120 1598 3191 1639 ex
3213 1599 3408 1641 aureae
3430 1591 3617 1659 porta

1973 1669 2239 1730 turribus
2268 1669 2618 1741 ascendens,
2649 1685 2976 1743 secumque
3002 1670 3269 1744 Deipara
3288 1673 3620 1745 imaginem

1971 1776 2042 1817 ex
2053 1759 2412 1817 monasterio
2428 1757 2797 1829 Hodegorum
2812 1761 3357 1832 gestans,omnibus
3372 1763 3619 1821 audien-

1973 1850 2134 1907 tibus
2158 1849 2532 1923 precationes
2553 1848 2836 1906 recitavit.
2869 1850 3443 1925 tnterimimperator
3463 1854 3620 1927 capi-

1974 1939 2047 1996 tis
2071 1943 2418 2010 tegumento
2454 1937 2619 2008 regio
2645 1936 2917 2010 deposito
2953 1937 3245 2015 ﬂexisque
3267 1942 3523 2013 genibus
3558 1944 3621 2001 in

1976 2033 2193 2085 terram
2218 2027 2601 2101 provolvitur,
2650 2025 2817 2099 197
2855 2043 3187 2103 omnesque
3224 2030 3329 2104 qui
3353 2048 3492 2089 cum
3548 2049 3620 2090 eo

1976 2122 2146 2175 erant
2171 2121 2305 2190 post
2327 2132 2465 2173 eum
2487 2116 2546 2173 in
2575 2131 2773 2187 genua
2799 2117 3222 2189 procumbunt.
3264 2121 3377 2177 Sed
3420 2136 3625 2195 preca-

1977 2208 2208 2266 tionum
2240 2207 2437 2280 prima
2465 2205 2653 2273 ﬁnita,
2694 2205 2983 2264 diaconus
3010 2207 3224 2266 indixit
3244 2214 3310 2266 ut
3347 2226 3622 2283 assurge-

1975 2300 2124 2354 rent.
2156 2296 2375 2352 Omnes
2406 2298 2654 2362 stantes,
2677 2316 2703 2345 «
2726 2294 2992 2362 Domine,
3026 2296 3377 2367 miserere,»
3402 2304 3624 2356 centies

1977 2388 2361 2443 numerantes
2384 2382 2814 2441 acclamarunt.
2840 2384 2938 2440 His
2958 2383 3140 2442 ﬁnitis
3168 2402 3205 2443 a
3228 2386 3481 2460 prasule
3501 2404 3628 2444 rur-

1981 2491 2083 2531 sus
2108 2472 2223 2531 alia
2240 2471 2502 2547 precatio
2519 2473 2879 2529 enuntiatur.
2908 2473 3115 2547 Itaque
3139 2481 3206 2532 ut
3224 2476 3285 2531 in
3306 2478 3525 2549 prima,
3549 2477 3630 2535 ita

1978 2561 2043 2621 in
2089 2562 2358 2619 secunda
2387 2566 2445 2618 et
2487 2561 2549 2617 in
2581 2560 2715 2618 aliis
2744 2561 2970 2619 factum
3009 2568 3115 2636 est,
3147 2569 3204 2621 et
3232 2566 3315 2622 sic
3347 2565 3629 2640 deinceps

1980 2667 2172 2726 usque
2194 2650 2270 2708 ad
2292 2651 2590 2722 integrum
2618 2651 3033 2724 precationum
3053 2654 3314 2711 omnium
3339 2654 3631 2715 recitatio-

1980 2752 2121 2800 nem
2143 2738 2331 2798 sacris
2355 2739 2799 2813 precationibus
2824 2742 3319 2817 caremoniisque
3338 2742 3460 2801 ﬁne
3477 2742 3635 2818 posi-

1982 2837 2065 2903 to,
2100 2835 2218 2889 Deo
2265 2831 2461 2902 magis
2509 2830 2957 2888 convenientius
2984 2848 3171 2905 quam
3199 2834 3347 2905 regi,
3395 2838 3635 2907 portam

1985 2939 2232 2983 auream
2282 2922 2608 2996 imperator
2660 2921 2992 2993 ingreditur
3032 2941 3046 2980 :
3084 2924 3271 2997 pedes
3311 2925 3637 2998 imperator

1987 3016 2290 3087 praeeunte
2335 3010 2439 3067 Dei
2482 3012 2675 3068 Matris
2702 3010 2966 3081 imagine
2996 3012 3509 3084 proﬁciscebatur.
3545 3009 3637 3068 Ad

1990 3100 2178 3161 Studii
2212 3099 2642 3157 monasterium
2662 3103 2911 3157 ventum
2935 3104 3046 3158 est.
3070 3104 3151 3158 Eo
3179 3102 3241 3159 in
3268 3101 3402 3159 loco
3422 3102 3638 3159 imma-

1988 3189 2367 3249 culatissimae
2381 3188 2482 3245 Dei
2497 3188 2693 3245 Matris
2717 3188 2980 3260 imagine
3000 3189 3203 3248 relicta
3222 3206 3446 3266 equum
3468 3205 3639 3248 cons-

1988 3279 2250 3338 cendens
2301 3277 2381 3334 ad
2433 3276 2740 3351 sapientia
2793 3278 2894 3335 Dei
2933 3278 3224 3352 templum
3264 3280 3554 3354 pervenit,
3583 3283 3642 3337 et

1990 3368 2220 3427 Christo
2250 3367 2506 3424 Domino
2533 3366 2803 3435 adorato,
2828 3367 3150 3441 gratiisque
3172 3369 3256 3427 uti
3278 3386 3389 3443 par
3405 3374 3532 3428 erat
3553 3384 3642 3427 re-

1990 3457 2231 3528 latis,ad
2246 3472 2537 3530 magnum
2551 3455 2840 3531 palatium
2859 3456 3648 3532 appellit.Exsultationeita-§

1992 3562 2110 3622 que
2130 3552 2187 3605 et
2212 3547 2438 3618 ingenti
2462 3546 2664 3604 latitia
2693 3546 3150 3606 etinenarrabili
3175 3546 3396 3620 gaudio
3430 3552 3645 3609 Roma-

1995 3652 2215 3694 norum
2268 3635 2466 3694 omnis
2513 3652 2691 3693 sexus
2719 3636 2980 3711 repletus
3018 3637 3328 3710 gestiebat.
3375 3642 3647 3715 Namque

1996 3727 2102 3800 qui
2122 3742 2243 3784 non
2259 3724 2500 3783 saltaret
2517 3724 2605 3782 vel
2625 3724 2998 3783 ludibundus
3018 3727 3276 3786 exsiliret
3297 3744 3479 3787 nemo
3500 3735 3646 3802 erat,

1997 3822 2179 3877 tanta
2206 3817 2292 3873 rei
2311 3830 2630 3875 assensum
2658 3816 2760 3873 vix
2778 3820 3076 3890 prastans
3097 3824 3340 3892 prOpter
3364 3820 3651 3892 improvi-

2002 3923 2139 3963 sum
2167 3922 2321 3980 opus
2349 3910 2405 3963 et
2423 3904 2949 3979 superaﬂluentem
2979 3906 3365 3981 voluptatem.
3397 3909 3651 3975 Quando

2003 4011 2146 4053 vero
2177 4000 2235 4053 et
2254 3995 2604 4068 patriarcha:
2634 3994 3090 4067 ingrediendum
3115 4001 3240 4053 erat
3266 3996 3499 4068 Cpolim
3515 4000 3652 4070 post

2005 4085 2435 4143 nonnullorum
2463 4084 2695 4142 dierum
2733 4098 3073 4155 excursum,
3106 4084 3484 4143 sermonibus
3512 4101 3652 4144 sua-

2008 4175 2397 4248 sionibusque
2428 4173 2725 4232 adductus
2751 4173 2952 4232 introii
2969 4174 3294 4248 imperator
3317 4175 3385 4232 in
3414 4191 3654 4233 sacram

287 4266 592 4343 πλήρωμα·
624 4250 796 4328 ουδεὶς
817 4268 920 4343 γὰρ
963 4250 1024 4326 ἦν
1068 4269 1094 4321 6
1146 4272 1218 4341 μὴ
1272 4275 1496 4343 σκιρτῶν
1534 4286 1591 4321 τε
1770 4265 1893 4339 103]

2006 4264 2257 4336 regiam,
2300 4279 2539 4334 magna
2595 4262 2902 4335 sapientia
2950 4263 3304 4336 sacrarium,
3351 4280 3422 4323 ac
3460 4264 3658 4323 cathe-

288 4360 388 4410 καὶ
460 4352 801 4429 ἀγαλλόμενος
880 4359 972 4408 καὶ
1042 4364 1235 4433 μικροῦ
1310 4353 1420 4410 δεῖν
1498 4364 1570 4428 τῷ
1628 4357 1900 4432 πράγματι

294 4443 534 4499 ἀπιστῶν
586 4441 681 4498 διὰ
746 4446 806 4497 τό
881 4441 1284 4519 ἀπροσδόκητον
1340 4452 1432 4499 τοῦ
1494 4447 1648 4519 ἔργου
1700 4451 1790 4499 καὶ
1842 4448 1899 4499 τὸ

294 4531 614 4608 ὑπερϐάλλον
669 4541 765 4595 τῆς
819 4528 1038 4596 ἡδονῆς.
1092 4534 1231 4588 Ἐπεὶ
1278 4530 1337 4587 δὲ
1379 4529 1485 4587 ἔδει
1542 4537 1635 4586 καὶ
1685 4536 1744 4586 τό
1801 4552 1902 4588 πα-

295 4624 565 4701 τριάρχην
644 4619 779 4684 ἐντός
856 4623 1096 4695 γενέσθαι
1152 4622 1271 4697 (26)
1324 4630 1422 4686 τῆς
1488 4626 1899 4696 Κωνσταντίνου,

2009 4353 2184 4412 dram
2206 4352 2471 4427 pontiﬁci
2491 4352 2986 4424 consignandam.
3024 4352 3198 4428 198
3229 4356 3374 4412 Cum
3403 4356 3658 4430 impera-

2010 4448 2135 4502 tore
2155 4458 2367 4500 omnes
2385 4442 2448 4499 in
2469 4441 2860 4514 dignitatibus
2881 4444 3182 4501 constituti
3193 4447 3251 4500 et
3270 4444 3659 4517 patriciorum

2009 4532 2299 4608 praecipui
2327 4535 2384 4590 et
2411 4530 2586 4605 plebe
2613 4531 2895 4590 universa
2918 4536 3271 4591 accurrerat.
3294 4533 3377 4590 lbi
3406 4533 3662 4607 impera-

2010 4629 2103 4681 tor
2127 4637 2371 4680 manum
2393 4620 2749 4696 patriarcha
2778 4622 3108 4690 continens,
3133 4643 3162 4672 «ι
3188 4623 3339 4679 Tene
3370 4643 3418 4690 ι,
3443 4622 3657 4695 inquit,

1171 4745 1515 4815 Theodori
1563 4744 1815 4815 Dousa
1865 4757 1932 4816 et
1976 4746 2228 4818 Leonis
2275 4745 2511 4814 Allatii
2562 4755 2763 4814 nota.

377 4862 497 4952 )
532 4860 962 4952 Ξατελαϐεηγοῦν.
995 4862 1415 4952 Pachymeres,
1444 4877 1506 4952 ι)ἑ
1544 4865 1665 4952 HQ:
1694 4871 1831 4952 ﬁrm.

378 4929 496 5007 (22)
532 4939 638 5007 Τήν
666 4939 736 4996 είς
789 4929 1325 5007 Κωνσταντινοῦπολιν
1354 4929 1586 4992 εἴσοδον.
1625 4932 1776 4992 Belle
1805 4932 1906 4991 ad-

306 5005 563 5077 mOdum
593 5005 724 5062 hac
754 5006 962 5062 omnia
991 5009 1298 5077 Gregoras.
1331 5011 1468 5065 ALL.

384 5079 499 5151 (23)
533 5075 593 5129 ’0
626 5084 720 5140 τῆς
750 5077 1001 5137 Κυζίκου.
1033 5075 1442 5151 Pachymeres.
1495 5091 1558 5148 p.
1604 5079 1904 5151 460.__ALL.

384 5079 499 5220 (23)
533 5079 593 5129 Ὁ
626 5084 720 5140 τῆς
750 5079 1001 5137 Κυζίκου.
1033 5079 1442 5151 Pachymeres.
1495 5091 1558 5148 p.
1604 5079 1746 5157 460..
1768 5079 1904 5132 ALL.

383 5152 475 5223 (34
516 5151 720 5225 [Γούτου
746 5154 1225 5225 τῶ-ςὴθεομήτορος.
1256 5149 1689 5225 Pachymeres,_
1710 5145 1812 5225 ltb_.
1846 5162 1904 5214 ll,

308 5238 364 5279 c.
383 5217 413 5278 3
428 5225 445 5301 t
460 5217 484 5279 .’
503 5219 921 5301 Gregoras,lib.
943 5217 1396 5301 1v,_p.87._tdque
1416 5217 1552 5299 ante
1568 5217 1910 5298 Michaelem

307 5296 450 5377 post
497 5289 901 5377 Justinianum
931 5289 1349 5377 etvlleraclium
1378 5290 1608 5363 primus
1636 5305 1736 5369 om
1747 5289 1910 5377 :i‘ium

310 5359 393 5422 im
440 5367 743 5419 eratorum
773 5367 975 5432 egerat
992 5363 1256 5419 Joannes
1296 5359 1658 5427 Comnenus,
1692 5359 1741 5414 si
1760 5359 1911 5416 ﬁdes

316 5379 666 5493 adﬁibeuda
681 5437 772 5489 est
784 5433 999 5490 Joanni
1018 5433 1561 5493 Cinnamo.Histor.
1573 5474 1586 5493 ,
1599 5429 1705 5488 lib.
1726 5434 1910 5489 LALL.

390 5471 666 5491 »ιιιυῡυυα
682 5471 999 5490 υῠιυνιιιιμι
1019 5471 1525 5502 υιιιυαωυ,μιυιυι
1550 5471 1705 5500 ι,ιιυο
1726 5471 1910 5489 lit!»qu

536 5512 663 5581 [ltpt
706 5507 768 5556 τό
794 5511 890 5581 τῆς
939 5508 1120 5581 σοφίας
1146 5512 1238 5581 τοῦ
1269 5512 1404 5581 φεοῦ
1450 5501 1659 5581 ἀφίκετο
1689 5505 1910 5581 τέμενος.

320 5573 529 5658 M61ta_
547 5573 622 5633 de
645 5575 763 5658 hoc
787 5573 1019 5658 templo
1063 5591 1101 5634 a
1138 5576 1472 5658 Iustiniano
1492 5573 1500 5575 “
1517 5573 1807 5658 extructo,
1828 5573 1916 5657 di-

319 5662 462 5709 xere
491 5646 677 5709 Graeci
704 5649 759 5707 et
799 5642 1010 5720 Latini,
1058 5648 1266 5713 omnia
1290 5651 1496 5712 tamen
1521 5643 1678 5709 intra.
1719 5642 1917 5720 digni.

2016 4866 2197 4921 tatem
2230 4881 2249 4934 εγ
2273 4861 2588 4919 molimina
2610 4859 3100 4934 enim‘omnium‘
3132 4858 3194 4915 in
3222 4858 3487 4934 dicendo
3507 4875 3663 4934 opus

2017 4933 2522 5006 superabat._lpse
2550 4931 2844 5006 Michaelis
2884 4930 3048 5006 Psetli
3073 4928 3492 5006 facundissimi
3521 4928 3663 4988 s'cri-

2016 5000 2222 5082 ptoris
2257 5003 2319 5059 in
2363 5000 2526 5059 idem
2585 5000 2874 5082 templum
2917 5004 3262 5082 terramotu
3307 5006 3664 5082 quassatum

2016 5070 2454 5146 disjectumque
2481 5070 2832 5146 monodiam
2859 5071 3065 5146 adhue
3080 5070 3393 5146 ineditam,
3415 5072 3663 5144 dignam

2018 5141 2221 5202 tamen
2271 5141 2406 5217 qua
2463 5143 2724 5218 _lega_tur_
2755 5142 2835 5199 ab
2884 5141 3188 5218 omnibus,
3242 5141 3545 5218 dabimus,
3602 5149 3668 5203 ut

2018 5186 2191 5275 genus
2220 5186 2571 5297 méqeode;
2587 5213 2767 5297 tineis
2797 5228 3013 5296 exesus
3036 5186 3667 5297 madqrequedacerus

2019 5285 2448 5361 suppeditabit.
2487 5289 2617 5342 Non
2665 5285 2774 5361 erit
2814 5285 3181 5361 injucundus
3205 5285 3377 5344 labor
3404 5287 3557 5361 inter
3585 5287 3669 5361 la-

2021 5355 2401 5433 crj'masLI-Jt;
2436 5361 2531 5433 τὴν
2559 5365 2651 5419 τῆς
2683 5355 2839 5433 ἰεγίας
2869 5355 3409 5433 Σσῳιαςᾷσύμπτωσιν.
3565 5360 3671 5433 ἄρα

2020 5429 2150 5490 κίτ.
2180 5430 2228 5487 λ.
2255 5431 2474 5488 Exstat
2494 5431 2652 5487 inter
2681 5429 2877 5500 Opera
2903 5429 3095 5487 Psellz'
3126 5429 3343 5488 nostra
3373 5429 3664 5488 editionis.

2034 5504 2177 5561 Vide
2204 5509 2344 5560 (om.
2372 5501 2575 5559 CXXII.

2094 5575 2209 5649 (26)
2250 5569 2472 5650 Ἐκεζιδε
2509 5570 2619 5627 ἔδει
2646 5575 2849 5650 και-τὸν
2878 5574 3217 5650 πατριάρχου
3251 5568 3386 5636 ὄντος
3405 5571 3666 5646 γενέσθαι.

2026 5643 2337 5720 ϐτοεὸταε,
2365 5643 2470 5715 lib,
2500 5661 2575 5719 IV,
2605 5659 2667 5721 p.
2699 5648 2787 5705 88.
2812 5651 2944 5705 ALL.
