4042 6214
568 257 709 315 1219

559 472 729 538 rasti,
780 471 1063 528 cathedra
1104 469 1318 525 fruere.
1355 488 1383 517 ιι
1417 466 1509 523 Sic
1540 464 1719 521 etiam
1750 462 2106 535 patriarchas
2137 462 2216 521 ab

558 561 918 633 imperatore
958 558 1293 633 provisum.

2078 248 2418 307 ANNALES.
3737 265 3832 327 1:20

566 405 588 434 ι
628 383 915 439 thronum
945 387 1137 448 tuum,
1171 380 1436 442 domine.
1487 380 1544 432 et
1582 391 1619 432 a
1664 390 1788 447 qua
1818 371 2025 430 tandiu
2051 373 2218 431 aber-

2329 374 2461 444 μετά
2490 368 2840 447 παραδρομὴν
2864 392 3015 426 τινων
3072 374 3272 446 ἡμερῶν
3328 372 3493 446 λόγοις
3534 379 3607 429 καὶ
3649 387 3699 451 τῇ
3734 392 3837 458 παρά

2327 463 2517 514 τούτων
2552 463 2722 514 πειθοῖ
2768 460 2995 532 εἰσῆλθε,
3040 467 3132 515 καὶ
3187 463 3213 513 6
3257 460 3500 535 βασιλευς
3548 465 3607 526 εἰς
3650 472 3698 519 τὸ
3742 473 3837 543 ape;

2324 549 2546 609 ἀπῆλθεν
2602 549 2903 625 ἀνάκτορον,
2964 554 3020 603 τὸ
3073 559 3168 613 τῆς
3214 551 3439 624 μεγάλης
3483 560 3647 626 σοφίας
3670 562 3838 628 τέμενος,

560 650 624 702 ἶν’
683 648 960 721 ἐγχειρίσῃ
1007 648 1101 706 τὴν
1154 642 1417 719 καθέδραν
1469 651 1543 715 τῷ
1604 640 1861 717 ἀρχιερεῖ.
1917 644 2017 694 Καὶ
2070 642 2420 714 συνήθροιστο
2475 641 2606 712 μετὰ
2673 647 2764 692 τοῦ
2840 638 3102 713 βασιλέως
3159 645 3247 693 καὶ
3309 648 3407 693 τῶν
3459 640 3502 694 ἑν
3551 642 3664 696 τελει
3702 666 3839 712 παντες

557 744 647 791 καὶ
700 746 800 789 τῶν
854 735 1121 811 ἀρχόντων
1177 738 1226 788 οἱ
1266 739 1537 808 πρόκριτοι
1588 736 1677 783 καὶ
1724 736 1873 785 πᾶσα
1908 729 2120 789 πληθύς.
2154 728 2213 782 Ὀ
2252 728 2503 802 βασιλεὺς
2533 724 2592 780 δὲ
2640 736 2736 789 τῆς
2772 732 2953 804 χειρὸς
2997 736 3089 782 τοῦ
3143 733 3471 804 πατριάρχου
3530 730 3825 806 ἐπιλαϐόμενος

558 847 585 876 ι(
618 824 815 898 Ἔχεις,
851 848 877 875 ››
912 829 1066 898 φησι,
1101 827 1187 876 τόν
1240 826 1415 897 θρόνον
1470 841 1584 889 σου,
1627 816 1877 883 δέσποτα,
1911 822 2001 870 καὶ
2049 817 2108 869 οὗ
2139 836 2272 878 τινος
2328 816 2385 869 ἐκ
2414 836 2616 891 μακρου
2644 816 2945 890 ἐστέρησαι,
2990 822 3121 871 Νυνὶ
3161 826 3259 880 τῆς
3299 815 3547 893 καθέδρας
3573 819 3781 880 ἀπόλαυε,
3817 800 3837 874 ιζ

557 911 658 968 Καὶ
717 915 851 967 οὕτω
894 918 984 987 μὲν
1032 919 1122 966 καὶ
1149 913 1235 966 ἐπὶ
1286 921 1359 983 τῷ
1415 911 1722 984 πατριάρχῃ
1770 911 1835 960 τά
1862 914 1954 959 τοῦ
1987 905 2245 979 βασιλέως
2280 904 2490 969 ξυνέϐη.

627 1006 715 1059 89.
756 1005 837 1059 Ea
866 1006 1217 1075 tempestate
1264 1000 1499 1067 accidit,
1531 997 1700 1071 quod
1732 1012 1852 1053 non
1885 996 2145 1051 alienum
2177 1012 2215 1053 a

556 1092 899 1148 narratione
915 1106 1051 1147 mea
1077 1106 1209 1147 esse
1228 1090 1457 1145 ducens
1472 1087 1569 1143 hic
1581 1086 1800 1158 scripto
1818 1085 2209 1154 consignabo.

558 1180 897 1237 Orationem
922 1179 997 1235 de
1023 1184 1263 1252 recepta
1293 1176 1456 1251 Cpoli
1480 1190 1962 1248 composueram.
1992 1174 2213 1230 Oratio-

555 1268 647 1324 nis
674 1272 1120 1338 argumentum,
1154 1267 1314 1323 circa
1338 1264 1700 1337 principium
1730 1264 1935 1333 gratiae
1959 1266 2077 1319 Deo
2103 1278 2212 1334 pro

553 1356 953 1412 beneﬁcentia
982 1370 1124 1424 erga
1146 1358 1450 1411 Romanos
1481 1356 1537 1409 et
1565 1350 1946 1407 misericorde
1971 1367 2081 1406 suo
2110 1366 2212 1406 au-

554 1444 696 1500 xilio
718 1461 788 1500 ac
809 1443 1141 1517 patrocinio
1168 1442 1414 1498 redditae
1440 1460 1452 1496 :
1479 1441 1671 1496 inerat
1695 1444 1752 1495 et
1781 1440 2032 1495 orationi
2062 1455 2210 1511 βιηθ-

555 1536 641 1588 ter
668 1530 1044 1603 imperatoris
1095 1531 1395 1604 praeconia
1445 1529 1524 1584 ad
1554 1526 1830 1584 eumdem
1882 1526 2210 1596 gratiarum

556 1620 709 1675 actio
743 1636 757 1672 :
789 1619 902 1674 sub
933 1618 1095 1675 calce
1118 1618 1457 1675 adhortatio
1484 1622 1546 1671 ut
1564 1614 1940 1672 Andronicus
1965 1618 2213 1671 Comue-

556 1724 672 1763 nus
721 1708 955 1781 primus
987 1707 1364 1781 imperatoris
1402 1706 1559 1761 filius
1587 1722 1724 1761 cum
1767 1705 2126 1777 imperatore
2154 1710 2211 1761 et

554 1802 723 1869 patre
747 1796 806 1852 in
836 1797 1353 1853 administratione
1385 1796 1801 1853 advocaretur.
1843 1797 1960 1850 Hoc
1992 1794 2209 1851 multos

556 1890 613 1940 et
641 1886 1021 1957 potissimum
1052 1885 1446 1956 dignitatibus
1491 1884 1794 1957 praeditos,
1836 1883 2057 1955 quibus
2087 1898 2209 1939 non

554 1989 620 2029 ex
652 1974 942 2043 sententia
983 1990 1076 2030 res
1108 1972 1508 2040 successisset,
1541 1971 1823 2043 fugiebat.
1868 1976 1939 2027 At
1967 1988 2040 2028 ex
2070 1988 2207 2028 nos-

553 2062 682 2130 tris,
712 2062 815 2135 qui
847 2062 1075 2135 primas
1104 2060 1477 2131 obtinebant,
1525 2060 1787 2117 Joannes
1819 2075 2037 2132 nempe
2080 2061 2209 2116 des-

550 2155 694 2223 pota
721 2151 1097 2223 imperatoris
1138 2151 1339 2221 frater,
1367 2155 1424 2205 et
1463 2165 1633 2205 socer
1661 2148 1816 2204 illius
1842 2150 2209 2207 sebastocra-

550 2244 642 2295 tor
659 2240 963 2296 Tornicius
984 2240 1153 2313 (nam
1181 2243 1381 2297 Caesar
1402 2238 2014 2310 Strategopulus,licet
2035 2239 2208 2295 ades-

552 2334 659 2398 set,
707 2328 784 2384 de
831 2329 926 2385 his
978 2329 1226 2385 omnino
1268 2327 1499 2384 nullam
1543 2343 1752 2382 curam
1795 2327 2203 2399 suscipiebat),

550 2417 927 2491 propositum
975 2417 1319 2488 ignorantes
1365 2422 1421 2473 et
1459 2414 1758 2489 postulata
1794 2415 2206 2487 problematis,

549 2506 971 2579 imperatorem
1000 2505 1424 2562 adorationem
1447 2504 1813 2559 audiendam
1841 2503 2200 2576 compulere.

548 2597 876 2669 Imperator
921 2612 1077 2667 aegre
1106 2596 1333 2652 ferebat
1364 2614 1376 2650 :
1405 2595 1534 2666 jam
1585 2594 1747 2649 enim
1795 2594 1908 2650 sub
1960 2594 2203 2650 meridie

549 2683 692 2742 solis
723 2684 876 2743 radii
924 2684 1303 2755 ingruebant,
1340 2688 1396 2739 et
1419 2683 1658 2757 prandii
1678 2682 1829 2739 hora
1857 2682 2101 2739 abierat.

2391 993 2497 1052 πθ’.
2524 994 2752 1067 Ἐγένετο
2780 992 2841 1049 δὲ
2869 999 2984 1049 τότε
3012 1000 3104 1048 καί
3143 1017 3195 1049 τι
3244 1004 3495 1065 τοιοῦτον,
3541 997 3565 1050 ὃ
3611 1004 3671 1072 μὴ
3718 1020 3840 1077 παρα-

2322 1080 2504 1137 δοῦναι
2555 1091 2725 1158 γραφῇ
2778 1093 2877 1137 τῶν
2945 1086 3004 1136 οὐ
3060 1081 3277 1138 δεόντων
3340 1085 3659 1158 ἐλογισάμην.
3718 1095 3841 1161 Λόγοι

2320 1170 2402 1226 ἐπὶ
2445 1180 2507 1247 τῇ
2562 1171 2841 1247 mappam
2896 1181 2992 1235 τῆς
3060 1178 3446 1228 Κωνσταντίνου
3488 1177 3843 1251 συνεγραψάμην,

2322 1266 2422 1315 Καὶ
2451 1264 2477 1314 6
2510 1264 2704 1323 σκοπὸς
2729 1270 2822 1313 τοῦ
2856 1261 3009 1334 λόγου
3054 1266 3189 1317 κατὰ
3240 1266 3333 1326 τὰς
3382 1263 3553 1339 ἀρχάς
3594 1266 3843 1338 εὐχαριστία

2319 1352 2380 1408 ἧν
2428 1354 2553 1423 πρὸς
2608 1354 2735 1405 Θεὸν
2786 1358 2876 1411 τῆς
2925 1355 3055 1425 πρὸς
3101 1351 3386 1426 ’Ῥωμαίους
3442 1355 3616 1405 τούτου
3646 1352 3841 1428 ἀγαθουρ-

2316 1447 2439 1513 γίας
2476 1446 2566 1493 καὶ
2612 1450 2706 1503 τῆς
2763 1441 3130 1514 εὐσπλάγχνου
3188 1440 3507 1518 κηδεμονίας
3565 1451 3646 1497 καὶ
3691 1444 3840 1503 ἀντιλέ-

2317 1529 2474 1602 ψεως,
2504 1532 2964 1605 συνανεκεράννυτο
2996 1527 3056 1583 δὲ
3079 1539 3149 1604 τῷ
3187 1532 3325 1604 λόγῳ
3372 1537 3461 1585 καὶ
3514 1533 3717 1606 εὐφημία
3753 1538 3842 1607 πρὸς

2317 1622 2404 1671 τὸν
2432 1617 2656 1691 βασιλέα
2702 1618 3134 1693 εὖχαριστήριος.
3182 1620 3239 1674 Ἠ
3272 1617 3333 1674 δὲ
3364 1620 3448 1675 ἐπὶ
3474 1621 3598 1674 τέλει
3636 1630 3711 1675 τοῦ
3731 1622 3840 1694 λόγον

2318 1706 2534 1770 ἀξίωσις
2562 1710 3072 1782 συναναγορευθῆναι
3110 1718 3183 1782 τῷ
3228 1708 3441 1783 βασιλεῖ
3495 1716 3580 1763 καὶ
3621 1716 3755 1787 πατρὶ
3783 1715 3840 1765 τὸν

2317 1795 2577 1869 βασιλέως
2624 1805 2918 1872 πρωτογενῆ
2971 1794 3165 1863 παῖδα,
3226 1803 3314 1851 τὸν
3376 1804 3627 1873 Κομνηνὸν
3675 1796 3839 1874 Ἀνδρό-

2549 1892 2712 1938 Τοῦτο
2788 1883 3026 1939 ἐλάνθανε
3081 1890 3200 1948 τοὺς
3242 1887 3484 1953 πολλοὺς,
3538 1893 3621 1940 καὶ
3667 1888 3840 1959 μάλιστα

2315 1982 2412 2025 τῶν
2466 1972 2516 2025 ἐν
2558 1973 2707 2041 τέλει,
2758 1975 2835 2035 οἷς
2883 1980 2972 2026 καὶ
3025 1976 3083 2027 οὑ
3137 1979 3274 2029 κατά
3324 1983 3532 2050 γνώμην
3582 1978 3761 2049 ὑπῆρχε
3798 1980 3837 2031 τὸ

2314 1905 2471 1939 νικον.

2314 2070 2548 2135 πρᾶγμα.
2622 2064 2689 2115 Οἱ
2764 2066 2853 2136 μὲν
2901 2067 3222 2138 προῦχοντες
3303 2074 3404 2118 τῶν
3452 2069 3708 2139 ἡμετέρων,
3745 2069 3764 2116 ὁ
3804 2085 3839 2119 τε

2316 2150 2579 2214 δεσπότης
2603 2154 2847 2215 Ἰωάννης
2876 2154 2902 2205 6
2950 2161 3042 2206 τοῦ
3091 2153 3349 2228 βασιλέως
3397 2151 3696 2228 αὐτάδελφος
3738 2156 3839 2206 καὶὸ

2313 2244 2555 2318 πενθερὸς
2610 2245 2796 2294 τούτου
2847 2244 2873 2294 6
2926 2242 3363 2319 σεϐαστοκράτωρ
3419 2250 3671 2318 Τορνίκιος
3712 2245 3749 2314 (ὁ
3769 2245 3838 2317 γὰρ

2318 2337 2521 2406 Καῖσαρ
2555 2331 3038 2407 Στρατηγόπουλος,
3066 2338 3155 2385 καὶ
3187 2333 3231 2386 εἰ
3274 2342 3448 2407 παρῆν
3492 2332 3538 2386 ἐν
3579 2341 3674 2393 τοῖς
3717 2335 3839 2385 τοιον-

2312 2440 2436 2490 τοις,
2491 2416 2610 2473 οὐδ’
2663 2418 2787 2481 ὅλως
2864 2417 2977 2493 εἶχε
3031 2427 3149 2497 περὶ
3200 2425 3403 2479 τούτων,
3480 2418 3742 2498 φροντίδα),
3780 2424 3838 2473 τὸν

2314 2512 2506 2562 σκοπὸν
2552 2507 2849 2580 ἀγνοοῦντες
2879 2514 2968 2561 καὶ
2997 2515 3091 2568 τὴν
3141 2509 3361 2573 ἀξίωσιν
3402 2518 3492 2564 τοῦ
3548 2509 3839 2586 προϐλήματος

2311 2598 2615 2669 ἠνάγκασαν
2673 2601 2758 2649 τόν
2827 2595 3053 2671 βασιλέα
3099 2598 3176 2652 ἐπ’
3235 2598 3483 2676 ἀκροάσει
3534 2601 3744 2672 γενέσθαι
3775 2604 3837 2650 τοῦ

2308 2687 2485 2759 λόγου.
2516 2687 2573 2739 Ὀ
2624 2683 2683 2739 δὲ
2737 2685 2987 2759 βασιλεὺς
3038 2684 3415 2760 ἐδυσχέραινεν
3453 2684 3594 2747 ’ἤδη
3648 2692 3733 2760 γὰρ
3774 2704 3837 2757 με·

2310 2775 2600 2851 σημϐρινὰς
2669 2774 2925 2848 (27)]τάς
2978 2773 3185 2838 ἀκτῖνας
3242 2779 3269 2829 6
3310 2777 3450 2839 ἣλιος
3505 2776 3681 2846 ἔϐαλλε,
3730 2774 3835 2827 καὶὸ

2307 2874 2399 2917 τοῦ
2426 2864 2642 2939 ἀρίστου
2672 2868 2863 2939 παρῄει
2902 2870 3106 2939 καιρός.

1431 3037 1771 3105 Theodori
1818 3037 2069 3105 Dousae
2118 3050 2185 3104 et
2228 3035 2481 3104 Leonis
2530 3037 2761 3105 Allatii
2809 3048 3017 3111 notae.

617 3236 729 3307 (27)
770 3231 911 3293 Ἤδη
941 3236 1044 3307 γὰρ
1074 3229 1452 3307 μεσημϐρινάς.
1484 3230 1930 3304 Pachymerius,
1958 3248 2017 3304 p.
2054 3232 2174 3300 161,
2206 3237 2343 3289 ALL.

549 3510 3826 3548 ω

1722 3763 2387 3907 ADDEN
2401 3764 2698 3908 DA.

1876 4276 2542 4373 MONITUM.

588 4685 808 4738 Auctor
836 4679 1140 4753 sequentis
1192 4678 1457 4735 Encomii
1487 4677 1833 4751 simpliciter
1874 4679 2116 4737 Nicetas
2144 4679 2223 4737 ab
2261 4679 2487 4737 editore
2515 4686 2783 4751 vocatur,
2813 4682 2960 4755 quin
3001 4681 3118 4738 alio
3162 4684 3409 4739 nomine
3461 4679 3814 4748 distinguatur.

521 4770 669 4836 Quia
696 4775 896 4826 autem
930 4771 984 4826 S.
1019 4767 1262 4826 Michael
1291 4772 1582 4840 patronus
1612 4772 1738 4823 erat
1768 4767 2007 4831 Chonaa,
2048 4769 2254 4841 patriae
2284 4770 2500 4825 Nicetae
2528 4770 2880 4837 Acominati,
2912 4775 2967 4825 et
2998 4771 3297 4827 scribendi
3328 4787 3514 4842 genus
3542 4769 3611 4825 ad
3631 4767 3814 4823 aetatem

518 4859 700 4929 hujus
739 4859 951 4915 Nicetes
982 4857 1150 4915 facile
1180 4856 1447 4926 refertur,
1478 4856 1614 4912 ideo
1642 4856 1758 4912 hoc
1787 4858 2147 4929 opusculum
2178 4858 2457 4930 operibus
2490 4859 2618 4929 ejus
2644 4860 2943 4915 accenseri
2973 4873 3154 4932 posse
3184 4863 3540 4925 censuimus,
3586 4857 3745 4913 donec
3764 4862 3814 4901 ex

520 4949 782 5020 antiquis
807 4947 1116 5005 codicibus
1142 4947 1386 5021 probari
1411 4946 1603 5020 possit
1630 4961 1739 5003 nos
1767 4962 2084 5020 perperam
2116 4952 2219 5003 aut
2247 4947 2458 5003 merito
2484 4946 2545 5002 id
2571 4947 2805 5004 fecisse.
2839 4950 2992 5003 EDIT.
