4042 6214
249 263 386 317 122i
945 219 948 224 ’
1047 259 1317 317 meum
1356 263 1704 318 LAUDATIO
1747 264 1845 320 ss.

2012 265 2257 322 HAELIS
2298 265 2391 322 ΕΤ
2428 265 2816 325 GABRIELIS.
3468 272 3608 328 1222

1458 547 2384 720 NIKHTA

671 844 1283 934 ΕΓΚΩΜΙΟΝ
1351 847 1522 932 ΕΙΣ
1579 846 1858 932 ΤΟΥΣ
1915 847 2330 935 ΛΓΙΟΥΣ
2387 851 3204 942 ΑΡΧΑΓΓΕΛΘΥΣ

1057 1059 1688 1181 ΜΙΧΑΗΛ
1767 1062 2042 1180 ΚΑΙ
2123 1063 2800 1184 ΓΑΒΡΙΗΛ

247 381 3606 426 m

1463 1471 2398 1636 NICETAE

577 1776 1232 1868 LAUDATIO
1295 1771 1613 1866 SANC
1639 1773 2075 1866 TORUM
2132 1771 3282 1871 ARCHANGELORUM

668 2000 1714 2139 MIGHAELIS
1796 2000 2029 2135 ET
2113 2000 3188 2142 GABRIELIS.

621 2237 838 2309 (Edidit
866 2243 924 2294 et
955 2238 1262 2295 Latinitate
1283 2238 1531 2294 donavit
1555 2240 1756 2292 Petrus
1776 2233 2082 2304 Possinus,
2117 2237 2247 2294 Soc.
2282 2236 2447 2293 Jesu.
2472 2268 2542 2277 —
2565 2237 2792 2294 Tolosae
2824 2242 2982 2307 1637,
3013 2238 3222 2312 in-i2.)

248 2508 466 2576 Νικὴτα
537 2499 725 2576 δούλου
807 2503 983 2561 Ἰησοῦ
1031 2511 1324 2576 νΧριστοῦ,
1405 2512 1497 2556 τοῦ
1541 2503 1844 2576 φιλοσόφου,

2021 2502 2499 2576 'z’cetaeserviJesu
2525 2503 2774 2571 Christi,
2800 2504 3168 2576 philosophi,
3196 2505 3468 2562 laudatio
3479 2522 3617 2568 san-

332 2573 582 2648 ἐγκωμιον
663 2575 733 2648 εἰς
810 2579 928 2648 τούς
1015 2573 1200 2647 ἁγίους
1297 2573 1673 2648 ἀρχαγγεἜους,
1745 2573 1855 2626 7M"

2037 2579 2269 2629 ctorum
2291 2573 2814 2646 Archangelorum
2860 2573 3179 2633 Michaelis
3209 2583 3265 2633 et
3305 2577 3602 2635 Gabrielis

333 2645 478 2716 χαὴλ
505 2651 591 2698 καὶ
619 2645 868 2721 Γαϐριὴλ.

329 2768 549 2840 Μιχαὴλ
587 2768 804 2821 ἐπαινῶν
830 2773 917 2822 τὸν
967 2769 1197 2843 Γαϐριὴλ
1249 2769 1589 2843 ἐπαινέσομαι
1620 2790 1631 2802 ο
1667 2771 1856 2821 ταυτὸν
1922 2832 1924 2834 ν

2037 2767 2376 2824 Michaelem
2396 2768 2654 2826 laudans
2679 2768 3010 2826 Gabrielem
3027 2785 3274 2843 quoque
3301 2770 3568 2829 laudabo
3600 2791 3614 2826 :

247 2859 357 2930 γὰρ
397 2858 620 2930 Μιχαὴλ
657 2863 746 2910 καὶ
787 2859 1014 2933 Γαϐριὴλ
1053 2858 1272 2912 ἐπαινεῖν
1315 2881 1328 2892 ⁸
1371 2862 1450 2912 ὁτι
1501 2859 1614 2920 ῶος
1647 2857 1696 2910 ἐν
1735 2857 1843 2928 ὅλῳ,

2022 2855 2201 2912 udari
2230 2858 2458 2929 quippe
2489 2857 2634 2913 alter
2679 2857 2918 2914 illorum
2942 2859 3170 2930 nequit,
3195 2859 3405 2915 utlaus
3435 2861 3618 2917 etiam

256 2947 499 3020 ἑκάτερος
567 2946 615 2998 ἐν
695 2947 936 3022 ἐκατέρῳ,
1016 2955 1289 3021 συμφωνίᾳ
1365 2968 1419 3000 τε
1455 2955 1681 3020 γνώμης,
1766 2951 1852 2998 καὶ

2021 2943 2041 2998 1
2069 2944 2320 3000 alterum
2347 2945 2562 3000 eadem
2609 2961 2734 3001 non
2763 2945 3057 3018 pertineat
3089 2963 3103 3000 :
3133 2962 3276 3002 cum
3306 2946 3438 3002 illos
3464 2947 3617 3004 invi-

247 3038 460 3107 φύσεως
513 3037 828 3094 καθέστηκεν
911 3037 1167 3109 ἰσοτιμίᾳ.
1255 3036 1442 3109 ’Ἄμφω
1528 3034 1586 3088 δὲ
1643 3042 1843 3098 τούτους

2018 3047 2094 3086 sm
2153 3033 2475 3088 consensio
2508 3033 2876 3103 judiciorum
2927 3038 2984 3088 et
3022 3033 3334 3104 aequalitas
3382 3039 3614 3090 natura;

245 3123 494 3191 ἐπαινῶν,
549 3125 617 3185 εἰς
689 3128 818 3178 Θεὸν
873 3124 1064 3178 ἁνοὶσω
1118 3129 1204 3178 τὸν
1261 3128 1464 3178 ἔπαινον
1494 3147 1506 3158 ·
1541 3128 1621 3178 ὅτι
1681 3133 1841 3178 πᾶσατ

2008 3124 2176 3175 mtuo
2251 3120 2492 3176 vinculo
2549 3120 2987 3192 conjunctionis
3049 3120 3275 3176 intimae
3339 3122 3604 3193 copulet.

243 3217 407 3264 αυτοὶ
435 3216 529 3270 τὴν
576 3213 934 3286 μεγαλοπρεπῆ
991 3223 1086 3274 τῆς
1129 3217 1382 3288 θεαρχίας
1433 3210 1590 3276 δόξαν
1644 3213 1690 3264 ἐν
1740 3213 1839 3266 ἐαυ¹

2020 3207 2192 3263 mbos
2235 3224 2414 3280 porro
2443 3209 2624 3265 hosce
2648 3208 2906 3264 laudans
2947 3209 3136 3265 Deum
3179 3225 3425 3282 quoque
3454 3225 3616 3268 com-

241 3309 365 3362 τοῐς
394 3304 585 3372 ἔχουσι
619 3302 1002 3374 συνειληφότες.
1064 3305 1297 3375 Νεύματί
1352 3305 1450 3377 γὰρ
1511 3301 1722 3377 ἁχρόνῳ

2022 3297 2247 3352 unione
2267 3298 2396 3368 ejus
2428 3297 2626 3353 laudis
2651 3297 2980 3369 amplectar
3011 3315 3024 3353 :
3051 3298 3213 3371 quod
3246 3313 3492 3356 omnem
3520 3299 3618 3358 isti

240 3398 463 3463 πρώταν
492 3390 604 3462 οἷμά
632 3399 742 3452 τοῖς
776 3396 915 3454 νόοις
943 3391 1078 3454 ὅλοις
1107 3394 1132 3443 ὁ
1161 3400 1275 3452 νοῦς
1301 3393 1326 3443 ὁ
1368 3400 1572 3464 πρῶτος
1622 3393 1836 3451 ὑποστή·

2019 3384 2473 3455 agniﬁcentiam
2515 3386 2733 3443 divinae
2763 3385 2966 3456 glorias
3010 3387 3512 3460 comprehensam
3553 3389 3615 3446 in

245 3498 376 3547 σας,
406 3485 642 3550 πρώτους
684 3475 743 3532 δὲ
799 3483 1010 3541 τούτους
1065 3488 1127 3553 τῇ
1166 3481 1306 3543 τάξει
1346 3489 1672 3538 καταστῆναι
1722 3480 1841 3553 βου-

2019 3494 2024 3526 z
2053 3479 2494 3545 repraesentem.
2528 3477 2673 3532 Cum
2704 3477 2865 3532 enim
2904 3490 3008 3532 eos
3044 3478 3311 3549 primum
3337 3477 3615 3550 omnipo-

238 3567 448 3632 ληθεὶς,
487 3576 595 3629 πῶς
635 3567 696 3619 ἂν
752 3567 916 3630 ἄλλως
973 3578 1062 3630 τῆς
1100 3569 1464 3643 ὑπερεχούσης
1517 3566 1685 3632 δόσης
1736 3589 1834 3643 μετ

2021 3563 2104 3618 nti
2135 3568 2283 3619 nutu
2313 3571 2450 3619 ante
2477 3579 2657 3620 omne
2702 3570 2942 3637 tempus
2971 3581 3111 3622 cum
3154 3565 3285 3622 aliis
3314 3566 3494 3623 simul
3529 3567 3617 3624 in-

245 3654 418 3709 ἔδωκε
459 3661 548 3708 καὶ
603 3656 968 3730 λαμπρότητος
1018 3659 1048 3717 ἡ
1119 3658 1370 3731 καλλίστῃ
1439 3665 1528 3712 καὶ
1589 3657 1841 3733 ἀκροτάτῃ

2020 3649 2294 3721 Digentiis
2317 3653 2594 3724 princeps
2622 3653 3361 3724 intelligentialcondiderit
3378 3670 3450 3712 eo
3475 3670 3616 3713 con-

249 3747 381 3818 πρὸς
467 3744 622 3796 αὐτὸν
688 3751 1032 3820 κεχρημένοις
1086 3749 1358 3820 ὁμοιότητι
1417 3764 1431 3815 ;
1483 3747 1620 3800 Ἐπεὶ
1667 3745 1726 3800 δὲ
1780 3755 1845 3819 τῷ

2021 3740 2092 3796 lio
2122 3745 2186 3796 ut
2215 3742 2619 3814 principatum
2645 3759 2682 3799 a
2707 3759 2772 3800 se
2799 3759 2921 3800 una
2949 3743 3011 3799 in
3040 3759 3252 3800 omnes
3281 3743 3500 3802 deinde
3529 3760 3617 3802 re-

252 3836 419 3906 ὁμοίῳ
448 3837 505 3885 τὸ
562 3835 736 3906 ὅμοιον
789 3837 903 3888 κατ’
953 3835 1230 3907 ἀναλογίαν
1268 3845 1364 3899 τῆς
1415 3838 1721 3908 ὁμοιότητος
1772 3840 1848 3890 ἑν-

2021 3845 2157 3901 Ῑιιδε
2205 3830 2577 3888 obtinerent:
2609 3847 2731 3888 non
2779 3839 3052 3888 ornasset
3091 3831 3224 3888 illos
3257 3849 3402 3890 sane
3452 3839 3617 3891 tanta

254 3925 526 3997 θεωρεῖται
553 3943 566 3956 ο
609 3927 685 3980 εἰη
720 3924 826 3975 δινό
871 3928 1064 3978 τούτων
1115 3928 1313 3986 ἔπαινος
1363 3933 1456 3978 τοῦ
1507 3928 1576 3986 ὡς
1633 3924 1682 3977 ἐν
1743 3924 1850 3978 ἐσό-

2021 3918 2152 3974 oria
2181 3924 2412 3991 quanta
2432 3921 2510 3975 ad
2535 3925 2662 3976 tam
2690 3920 3078 3976 excellentem
3106 3920 3460 3991 dignitatem
3489 3937 3617 3977 sus-

250 4030 435 4084 πτροις
520 4012 697 4074 αὐτοῖς
787 4009 1134 4076 ἀκηλιδώτοις
1214 4014 1616 4089 ἐνθεωρουμένου
1698 4022 1846 4070 Θεοῦ.

2019 4007 2272 4062 mendam
2329 4023 2482 4080 opus
2557 4012 2666 4078 est,
2726 4009 2845 4065 nisi
2898 4009 3369 4082 pulcherrimam
3412 4008 3475 4064 in
3529 4009 3615 4066 eis

253 4102 388 4152 Θεὸν
429 4096 487 4153 δὲ
516 4099 736 4152 ἐπαινῶν
791 4109 924 4155 Θεοῦ
963 4121 1052 4174 μοι
1088 4099 1173 4155 δεῖ
1197 4107 1494 4178 παρουσίας
1525 4106 1594 4165 ὡς
1621 4106 1849 4176 πνεύμα-

2021 4096 2296 4152 iamdam
2319 4101 2376 4151 et
2397 4095 2894 4168 perfectissimam
2921 4097 3013 4153 sui
3042 4096 3494 4154 similitudinem
3518 4113 3617 4153 ex-

249 4209 341 4250 τος
365 4195 455 4242 καὶ
495 4193 682 4262 φωτὸς,
736 4194 795 4242 τὸ
847 4195 957 4263 μὲν,
1021 4193 1102 4244 ἵνα
1147 4192 1418 4266 λαμπρύνῃ
1479 4197 1569 4244 καὶ
1618 4213 1845 4266 καταφω-

2017 4183 2298 4239 ressisset.
2349 4187 2672 4256 Postquam
2717 4190 2921 4241 autem
2953 4184 3145 4242 simile
3188 4184 3250 4240 in
3290 4184 3464 4241 simili
3509 4201 3613 4255 pro

249 4282 378 4350 τίζη
410 4282 496 4329 τὸν
526 4279 771 4352 ἡμέτερον
813 4287 950 4348 νοῦν,
1006 4285 1094 4332 καὶ
1152 4289 1332 4333 τοῦτον
1393 4283 1614 4354 θεωριῶν
1668 4280 1845 4355 ἀκραι-

2019 4271 2370 4327 militudinis
2399 4272 2627 4328 ratione
2649 4273 2926 4340 cernitur,
2953 4273 3089 4328 laus
3111 4273 3314 4346 utique
3339 4289 3473 4346 quae
3501 4273 3615 4332 illis

251 4368 551 4440 φνεστοὲτων
602 4366 820 4441 ἀποτελῇ
885 4371 1071 4444 θεωρὸν
1105 4390 1118 4402 ·
1151 4374 1209 4422 τὸ
1262 4378 1464 4443 πνεῦμα
1495 4367 1554 4424 δὲ
1581 4371 1756 4438 πάλιν,
1788 4370 1847 4423 ἵν’

2021 4376 2203 4432 mque
2250 4361 2558 4428 tribuetur,
2595 4363 2696 4418 Dei
2741 4378 3010 4435 quoque,
3041 4363 3215 4434 cujus
3243 4361 3326 4418 illi
3356 4362 3617 4434 speciem

253 4459 432 4519 ὥσπερ
475 4455 676 4529 ὀργάνῳ
723 4461 825 4509 τινὶ
875 4456 1068 4529 λογικῷ
1120 4466 1182 4531 τῇ
1235 4455 1442 4531 διανοίᾳ
1492 4464 1582 4510 καὶ
1635 4459 1849 4533 γλώσσῃ

2019 4449 2346 4505 )eculorum
2407 4449 2598 4506 instar
2650 4451 3196 4508 mundissimorum
3251 4453 3615 4524 exprimunt,

251 4537 615 4610 χρησάμενον,
671 4539 801 4611 πρὸς
854 4535 1042 4610 ἀκριϐῆ
1117 4547 1216 4590 τῶν
1283 4540 1638 4610 θεωρουμένων
1699 4539 1847 4612 ἑρμη.

2023 4539 2209 4611 ropria
2239 4540 2562 4611 putabitur.
2593 4543 2780 4596 Deum
2809 4556 2991 4614 porro
3026 4539 3300 4598 laudanti
3346 4541 3450 4598 Dei
3468 4541 3619 4599 mihi

251 4628 394 4677 νείαν
442 4631 560 4684 ταῖς
614 4630 900 4697 πανσόφοις
973 4626 1134 4679 αὐτοῦ
1201 4628 1526 4679 κατευθύνειν
1584 4626 1847 4698 ἐμπνεύσα-

2023 4645 2092 4684 .m
2113 4629 2434 4700 praesentia
2460 4629 2652 4701 ipsius
2677 4645 2832 4703 opus
2857 4636 2966 4702 est,
2988 4635 3196 4702 utpote
3217 4634 3276 4686 et
3302 4630 3543 4701 spiritus
3561 4635 3619 4686 et

256 4733 364 4766 σιν.
397 4712 568 4785 ⁷ῼτινι
597 4716 728 4785 μετὰ
767 4710 854 4766 οὖν
902 4714 1098 4787 ὑπῆρξε
1153 4719 1280 4788 πρὸς
1325 4721 1423 4766 πᾶν
1485 4713 1671 4787 ἀρετῆς
1724 4711 1852 4777 εἶδος

2022 4715 2208 4771 ιωίῑιὶε
2236 4733 2250 4770 :
2276 4716 2503 4772 lumine
2526 4717 2766 4787 indigeo
2792 4733 2914 4788 quo
2936 4733 3108 4772 mens
3136 4717 3460 4772 illustretur
3479 4731 3618 4772 mea

251 4805 678 4875 καταρτιζομένῳ
756 4807 844 4855 καὶ
921 4805 1314 4876 κατορθουμένῳ
1397 4806 1847 4878 χειραγωγηθῆναι

2112 4804 2516 4859 urissimarum
2563 4805 2670 4860 ﬁat
2715 4799 3292 4876 con‘templationum
3327 4819 3614 4874 compos;
3704 4836 3708 4841 λ

253 4894 346 4965 μὲν
379 4888 473 4943 διὰ
505 4889 628 4962 βίου
657 4895 788 4965 πρὸς
818 4893 1052 4966 θεωρίαν,
1087 4891 1140 4944 ἐκ
1175 4895 1390 4965 θεωρίας
1433 4889 1492 4944 δὲ
1539 4897 1671 4967 πρὸς
1729 4896 1849 4945 θεω-

2019 4907 2173 4948 irsus
2199 4907 2342 4947 vero
2369 4892 2576 4964 spiritu
2605 4894 2711 4964 qui
2738 4898 2934 4948 mente
2963 4893 3290 4962 linguaque
3318 4905 3456 4948 mea
3483 4894 3615 4948 tan-

251 4983 373 5051 ρίαν
425 4978 722 5048 ὑψωθῆναι,
767 4985 854 5032 καὶ
909 4980 1026 5032 ὅλου
1079 4984 1168 5047 μὲν
1219 4988 1315 5032 τοῦ
1393 4979 1708 5053 βλεπομένου
1767 4986 1847 5034 κὸ-

2022 4994 2152 5034 uam
2181 4980 2590 5036 instrumentis
2615 4986 2789 5035 utens
2822 4981 2902 5036 ad
2928 4979 3219 5052 liquidam
3249 4980 3618 5052 contempla-

253 5087 417 5140 σμου,
466 5073 558 5120 καὶ
605 5076 700 5130 τῆς
751 5067 798 5120 ἐν
855 5069 995 5140 αύτῷ
1044 5075 1394 5142 ματαιότητος
1451 5075 1541 5122 καὶ
1598 5069 1849 5143 ἀκοσμίας

2023 5083 2124 5123 )ne
2167 5073 2587 5140 perceptarum
2629 5082 2830 5124 rerum
2876 5067 3336 5140 explicationem
3373 5067 3499 5126 suis
3527 5085 3619 5128 sa-

250 5155 664 5231 ύπεραναϐῆναι,
715 5156 849 5218 ἐντὸς
903 5155 963 5210 δέ
1017 5166 1109 5218 τῆς
1157 5159 1513 5233 ύπερκοσμίου
1569 5168 1668 5211 τῶν
1709 5161 1846 5212 θείων

2028 5157 2352 5214 entissimis
2380 5156 2875 5230 inspirationibus
2907 5156 3151 5229 dirigat.
3211 5159 3365 5217 Sane
3395 5158 3446 5215 si
3481 5160 3619 5234 quis

334 5351 678 5432 (1).Νεύματ.ι
723 5354 826 5426 γὰρ
874 5350 1104 5426 ἀχρόνῳ,
1149 5357 1260 5409 etc.
1302 5355 1465 5432 _Hinc
1494 5353 1859 5432 intelligitur

2025 5353 2132 5432 10d
2177 5353 2636 5432 Nicetam__hunc
2668 5353 2886 5426 opinor
2912 5353 3232 5432 praecipue
3250 5354 3456 5432 movit,
3487 5369 3621 5410 san-

260 5422 637 5498 existimasse
648 5422 810 5480 hunc
825 5422 1137 5498 auctorem
1144 5423 1391 5498 angelos
1407 5428 1543 5498 ante
1554 5422 1857 5498 mundum
1963 5422 2064 5498 fus
2095 5425 2410 5498 Gregorius
2435 5422 2858 5498 Nazianzenus,
2882 5422 3263 5498 oratioﬁelas.
3287 5424 3394 5484 Illa
3414 5422 3620 5484 tamen

261 5498 318 5571 et
347 5497 483 5571 ante
512 5509 693 5571 omne
717 5504 955 5571 tempus
984 5493 1277 5571 conditos,
1307 5511 1428 5568 qua
1453 5495 1516 5552 in
1545 5497 1859 5571 sententia
1959 5497 2171 5570 opinio
2198 5493 2403 5555 minus
2431 5497 2615 5555 hodie
2634 5495 2928 5570 theologis
2951 5493 3262 5571 probatur.

256 5563 530 5637 plerique
557 5564 703 5622 olim
751 5563 1102 5625 sanctorum
1147 5563 1406 5636 fuerunt,
1445 5571 1507 5626 et
1539 5565 1695 5625 inter
1725 5581 1854 5640 eos,
1959 5595 1968 5604 -
