4042 6214
138 319 275 385 1225
951 333 1217 397 NICETE
1243 333 1617 400 LAUDATIO
1641 335 1746 402 SS.
1775 334 2150 403 MICHAELIS
2187 341 2274 405 ET
2299 347 2686 408 GABRIELIS.
2747 405 2754 412 ,
3367 352 3508 418 £226

122 451 294 515 οίτῆς
337 451 732 553 ἀρχαγγελικῆς
785 460 877 532 μὶν
927 461 1119 528 τάξεως
1175 461 1468 543 ίδιαιτέρως
1514 467 1718 542 ταξιάρ·

1913 484 1977 526 so
2020 469 2184 529 fonte
2212 471 2416 531 lumen
2448 473 2708 546 gratuita
2762 472 3307 533 communicatione
3366 495 3509 553 pro-

120 558 223 634 ;Eat
251 547 342 596 καὶ
395 546 575 607 πάσης
628 543 688 600 δε
739 557 840 600 τῶν
923 552 1069 605 θείων
1137 551 1364 628 ἀγγέλων
1412 559 1716 632 πανάριστοι

1907 564 2044 630 igat.
2076 561 2302 620 Caelum
2328 543 2687 621 hoc‘verum
2723 562 3012 620 nimirum
3053 579 3260 634 unum,
3295 543 3384 624 ac.
3400 570 3503 628 tali

124 624 438 704 δημαγωγοὶ
459 641 842 710 χοροστασίαις,
866 641 916 693 οἱ
941 647 1036 694 τοῦ
1100 653 1290 702 νοητοῦ
1341 651 1543 721 κόσμου
1597 667 1720 701 παν‹

1907 664 2095 720 gnum
2132 651 2378 710 nomine
2418 659 2710 728 tanquam
2727 668 3048 727 supremus
3065 655 3317 728 quidam
3339 659 3503 717 thro-

121 721 210 780 τὸς
253 716 340 774 οἷά
368 741 497 784 τινες
556 722 812 802 ὀφθαλμοὶ
872 730 1270 787 θεοπτικώτατοι
1329 741 1419 790 καὶ
1464 742 1717 810 φωταυγέ

1904 716 1952 794 is
1993 737 2292 798 Altissimo
2330 716 2704 815 prmparatus
2729 716 2822 799 est
2835 745 3013 800 Terra
3041 716 3180 800 vero
3211 750 3500 820 tanquam

123 823 330 879 στατοι,
357 810 862 887 προϐέϐλημὸοιδΰ
893 819 961 870 ὧν
1023 818 1106 874 ἐπὶ
1161 829 1337 877 πᾶσαν
1388 826 1486 901 ὁρᾷ
1539 828 1719 901 Κύριος

1909 826 2170 886 abellum
2196 810 2412 902 aptum
2457 810 2793 890 humilitate
2847 847 2960 890 sua
2997 833 3075 890 ad
3122 850 3306 892 usum
3331 810 3498 895 -tam

114 900 209 956 τὴν
245 907 370 972 γῆν.
401 905 707 978 Ιῐροαιρὲσει
736 908 839 983 γάρ
881 905 1198 982 ἀγαθοτάτη,
1227 917 1317 967 καὶ
1353 900 1470 977 νοὸς
1524 900 1710 993 ἀχράν-

1899 915 2030 990 lem,
2064 900 2402 992 subjectum
2430 919 2514 977 illi
2541 921 2756 978 throno
2813 925 2924 978 est.
2992 924 3232 981 Terram
3293 929 3495 984 autem

109 1003 222 1091 τοις
274 991 484 1062 ἰφίσεσι
537 995 666 1067 πρὸς
711 999 806 1055 τὴν
865 999 1116 1072 θεαρχίαν
1164 1001 1355 1074 μᾶλλον
1417 1013 1516 1058 τῶν
1555 991 1705 1060 ἄλλωι

1895 1021 1992 1063 inc
2021 991 2258 1082 appello
2309 1009 2761 1068 universitatem
2809 1026 3051 1068 omnem
3107 1013 3491 1072 sensibilium

105 1083 495 1152 ἀνατεταμένοι,
552 1086 644 1136 καὶ
689 1088 820 1161 πρὸς
878 1091 972 1147 τὴν
1041 1085 1199 1154 δόξαν
1238 1093 1404 1156 αὐτῆς
1455 1092 1701 1149 ἐντονώτιι

1883 1110 2149 1170 ›τροι·ιιω
2177 1117 2192 1169 ;
2217 1115 2353 1174 quae
2376 1099 2682 1157 secundus
2710 1099 2977 1158 mundus
3046 1103 3369 1162 materialis
3422 1108 3479 1161 et

102 1183 192 1240 ρον
223 1173 552 1243 κεκινημένοι
577 1179 671 1236 τῆς
733 1171 978 1228 ἀνωτάτω
1029 1179 1154 1254 παρ’
1210 1180 1373 1245 αὐτῆς
1412 1183 1690 1248 καταξιοῦν

1888 1187 2203 1258 ιρθοιεὼὶιὶε
2230 1171 2286 1245 et
2314 1195 2402 1247 est
2441 1195 2499 1247 et
2566 1188 2922 1263 appellatur.
2968 1187 3187 1250 Verum
3239 1193 3315 1250 de
3366 1194 3484 1251 hoc

100 1274 186 1351 ται
209 1267 399 1332 τιμῆς,
439 1262 490 1314 οἱ
515 1258 730 1318 δυνατοὶ
770 1265 926 1339 ἰσχῦι
981 1275 1206 1330 ποιῆσαι
1253 1275 1312 1325 τὸ
1368 1272 1566 1348 θελημα
1620 1284 1696 1330 τοι

1884 1276 2054 1332 ιωᾱο
2083 1278 2459 1351 capessenda
2487 1258 2670 1336 mode
2700 1277 2877 1336 nobis
2909 1281 3179 1338 tractatio
3205 1297 3325 1339 non
3373 1287 3480 1340 est.

99 1338 354 1414 δυνατοῦ,
385 1349 434 1402 οἱ
465 1355 668 1406 συνετοὶ
687 1357 875 1413 νοῆσαι
914 1359 973 1410 τὸ
1037 1355 1284 1432 βούλημα
1326 1368 1417 1414 τοῦ
1473 1372 1695 1434 συνετοῦἱ

1885 1338 2197 1437 aprimum
2243 1365 2414 1423 illum
2486 1367 2735 1441 quidem
2792 1367 3242 1444 intelligibilem,
3294 1338 3481 1445 quam

91 1433 291 1506 μᾶλλον
341 1432 401 1490 δὲ
451 1447 543 1492 τοῦ
595 1444 686 1495 καὶ
747 1439 1017 1516 δυνάμεως
1091 1449 1268 1511 πάσης
1311 1453 1402 1502 καὶ
1459 1456 1683 1506 συνίσεω

1881 1432 2142 1527 ιιι-ροισι,
2174 1432 2529 1514 universum
2551 1455 2865 1529 complecti
2904 1432 3334 1532 dis—putatione‘
3364 1477 3477 1518 va-

93 1524 402 1598 ὑπερέκεινα
457 1527 829 1605 θεωρουμένου.
897 1529 1056 1588 Οὗτοι
1098 1533 1158 1590 δε
1213 1545 1300 1590 νῦν
1357 1541 1406 1592 οἱ
1469 1541 1689 1614 μεγαλώι

1879 1547 1931 1599 it.
1959 1524 2319 1602 wOrationem
2349 1545 2575 1619 quippe
2603 1524 2876 1604 nostram
2937 1524 3180 1606 omnem
3241 1548 3475 1606 hodier-

88 1633 265 1688 νυμοι,
329 1617 378 1669 οἱ
434 1613 740 1692 ἀγιώνυμοι,
795 1631 868 1695 τῷ
911 1624 1140 1700 ἡμετέρῳ
1196 1625 1332 1700 λογῳ
1381 1634 1681 1704 προκείμενο

1878 1648 1959 1689 im
1988 1633 2149 1691 hanc
2179 1634 2256 1692 ad
2281 1650 2345 1692 se
2369 1613 2764 1707 jamdudum
2820 1637 3066 1710 rapiunt
3116 1636 3474 1710 Archangeli

92 1709 314 1775 σκοπὸς,
346 1705 494 1761 αὐτοὶ
523 1706 584 1760 ἃν
623 1712 1018 1784 καθηγήσαιντο
1060 1719 1189 1790 πρὸς
1242 1715 1416 1772 αὐτόν.
1473 1719 1548 1772 Οὐ
1599 1722 1688 1796 γὰρ

1878 1738 1899 1778 l‘
1927 1723 2173 1782 maximi
2200 1705 2444 1782 Michael
2473 1729 2531 1782 et
2567 1724 2801 1783 Gabriel
2837 1743 2850 1795 ;
2892 1705 3331 1798 argumentum
3364 1705 3474 1784 'di.

87 1799 220 1871 πρὸς
248 1797 402 1870 ἡμῶν
458 1806 554 1861 τῆς
625 1807 723 1852 τῶν
778 1803 922 1856 θείων
978 1804 1419 1882 μεγαλοπρεπείας
1484 1807 1683 1882 ἐφικνεί

1875 1811 1986 1870 :ndi
2019 1813 2408 1885 magnificum
2439 1814 2500 1870 in
2527 1813 2737 1888 primis
2787 1797 3201 1888 Archangelici
3245 1816 3471 1874 ordinis

91 1885 218 1938 σθαι
276 1882 397 1939 οὐδ’
435 1884 663 1952 ἕπαίνοις
725 1892 1050 1966 χαρίζεσθαι
1121 1903 1228 1958 τοῖς
1287 1895 1476 1972 ἀπείρῳ
1526 1903 1687 1974 μίτρᾳ

1874 1901 2102 1959 dividui
2127 1882 2324 1960 vduces
2355 1907 2413 1960 et
2444 1902 2704 1960 universi
2728 1902 3073 1962 divinorum
3113 1905 3467 1977 angelorum

88 1971 296 2048 σχεδὸν
350 1979 438 2030 τὸν
481 1987 580 2032 τῶν
654 1978 934 2056 ἀνθρώπων
1023 1985 1501 2060 ὑπεραναϐεϐηκόσι
1556 1998 1684 2047 νοῦν.

1870 1991 1974 2048 iori
2011 1992 2424 2050 moderatores
2451 1993 2680 2066 optimi.
2714 1993 3036 2068 Mundique
3086 1997 3216 2068 ejus
3267 1995 3466 2053 omnis

86 2063 222 2117 Ἀλλ’
253 2065 431 2129 αὐτοῖς
471 2065 681 2133 ἐκείνοις
740 2080 832 2124 τοῦ
888 2080 977 2126 νοῦ
1033 2080 1122 2128 καὶ
1164 2074 1321 2148 λόγου
1368 2079 1682 2153 καθηγεμόω

1869 2080 1980 2153 ijus
2009 2083 2214 2138 animo
2243 2082 2406 2138 cerni
2447 2063 2574 2139 solo
2615 2083 2845 2155 species
2896 2063 3088 2157 potest
3116 2063 3297 2141 vvelut
3342 2083 3465 2141 duo

82 2158 407 2228 κεχρημένοι
435 2156 627 2212 οἰκείαν
673 2157 847 2222 αὐτοῖς
908 2159 1016 2222 ἤδη
1074 2167 1168 2224 τήν
1213 2168 1426 2239 αἴνεσιν,
1479 2169 1545 2229 ὡς
1591 2189 1678 2243 εφι⁴

1869 2171 2056 2228 iidam
2077 2171 2234 2228 oculi
2262 2171 2637 2243 lucidissimi,
2661 2171 2740 2228 ad
2780 2173 2883 2230 Dei
2897 2156 2910 2157 τ
2931 2188 3123 2248 usque
3169 2173 3465 2231 visionem

79 2247 227 2317 κτὸν,
317 2244 734 2323 ἐξεργαζὼμεθα·
786 2251 844 2304 οὐ
897 2256 990 2312 την
1050 2251 1349 2328 ἀγγελικὴν,
1402 2255 1514 2319 ἣτις
1569 2273 1675 2312 ποτέ

1866 2275 1972 2316 :res
2000 2275 2244 2317 omnem
2272 2260 2335 2317 in
2374 2266 2610 2333 partem
2638 2260 2847 2318 intenti
2899 2279 2911 2317 :
2971 2244 3196 2335 quibus
3250 2262 3462 2319 orbem

283 2347 438 2418 φύσιν
532 2345 1101 2424 πολυπραγμονοῦντες,
1217 2351 1483 2427 ἀνέφικτον
1564 2359 1666 2434 γὰρ

1864 2365 2096 2407 rrarum
2121 2350 2471 2407 universum
2509 2349 2762 2423 despicit
2814 2354 2988 2408 Deus.
3035 2352 3245 2409 Libera
3297 2351 3460 2408 enim

75 2429 270 2486 ἀλλ’ίκ
299 2441 394 2497 τῆς
423 2435 667 2500 ποικίλης
694 2437 950 2513 ἐνεργείας
997 2441 1028 2501 ἣ
1082 2437 1354 2506 διακονίας
1399 2447 1487 2498 τόν
1552 2429 1671 2499 alvo:

1863 2455 1926 2496 m
1974 2455 2013 2496 a
2052 2439 2348 2514 principio
2407 2438 2485 2496 ab
2543 2453 2616 2496 ea
2659 2440 3144 2498 constantissime.
3171 2440 3457 2497 electione

71 2521 381 2595 ὑφαίνοντες
421 2527 489 2578 τὰ
552 2531 671 2603 περὶ
741 2535 832 2590 τῆς
878 2529 1045 2582 αὐτῶν
1092 2530 1278 2596 οὐσίας
1331 2533 1426 2587 οὐκ
1479 2533 1660 2589 ἀπεικὸ

1863 2527 1987 2586 iimi
2020 2535 2077 2586 et
2099 2529 2349 2586 isnceraa
2379 2527 2598 2585 mentis
2626 2529 2936 2586 amoribus
2984 2530 3322 2604 purissimis
3378 2527 3459 2586 ad

73 2611 196 2666 ἓστι
248 2617 638 2689 τεκμαίρεσθαι,
697 2615 727 2678 ἣ
796 2616 1057 2694 σύδρομος
1109 2621 1193 2676 ἐπὶ
1262 2628 1430 2679 τούτω
1482 2629 1669 2702 τυγχά·

1858 2618 2011 2676 vince
2023 2619 2352 2692 majestatis
2387 2616 2764 2676 adorandam
2776 2619 3189 2676 excellentiam
3209 2632 3454 2692 promo-

69 2721 246 2756 νουσα
289 2703 627 2792 ’τῆ-ἐνεργείᾳ
681 2702 756 2760 δι’
813 2693 974 2774 αὐτῆς
1033 2711 1200 2786 ἠρέμα
1258 2693 1663 2792 καταθεωρεῖται

1856 2707 2180 2782 :ndamque
2211 2706 2465 2778 gloriam
2491 2705 2803 2764 intentiore
2816 2723 3004 2782 quam
3017 2709 3211 2766 caeteri
3254 2705 3452 2791 studio

475 2769 529 2782 .-
602 2769 612 2779 -
930 2769 972 2774 ν-
1048 2769 1137 2786 Ἱι

69 2798 169 2845 Οτι
199 2793 298 2866 μεν
327 2788 463 2846 οὖνὸ
503 2798 635 2859 Θεὸς
689 2794 956 2870 ἀγίννητος
1021 2805 1111 2854 καὶ
1172 2800 1403 2868 ἀναίτιος
1447 2807 1516 2858 ὧν
1558 2827 1665 2860 παν

1857 2769 2413 2870 ιηνοτεὶξευρτθωὶε
2454 2797 2786 2854 honoribus
2836 2797 2916 2856 ab
2978 2814 3050 2856 ea
3106 2797 3318 2855 merito
3349 2783 3453 2852 "di-

67 2885 158 2944 τός
179 2881 372 2946 αἰῶνος
390 2887 481 2936 καὶ
518 2889 716 2961 χρόνου
752 2890 1030 2951 καὶπάσης
1087 2885 1147 2944 δε
1201 2897 1420 2957 κτίσεως
1478 2894 1663 2970 ὀπωμέ·

1851 2893 2076 2945 iantur.
2109 2884 2190 2943 llli
2221 2890 2493 2960 potentes
2521 2887 2731 2944 virtute
2752 2887 2832 2944 ad
2850 2887 3195 2945 faciendam
3231 2890 3447 2944 volun.

65 2990 162 3033 νης
191 2970 358 3034 αὐτὸς
384 2972 528 3026 ἐστιν
559 2976 589 3035 ἣ
642 2981 978 3054 πρωτουργὸς
1037 2978 1432 3054 αἰτία,Μιχαηλ
1485 2981 1544 3038 δε
1589 3005 1658 3040 κα

1857 2981 1974 3034 tem
2025 2975 2307 3049 potentis.
2379 2974 2464 3030 Illi
2522 2975 2823 3048 sapientes
2855 2976 2933 3033 ad
2991 2975 3448 3046 intelligendum

65 3059 309 3138 Γάϐριηλ
339 3065 700 3140 στρατιάρχαι
724 3074 822 3118 τῶν
889 3069 1033 3120 θείων
1075 3069 1163 3122 ὑπ’
1204 3071 1364 3124 αὐτοῦ
1427 3077 1661 3134 κατέστη·

1851 3064 2098 3124 ιηεὶιὶυω
2131 3063 2414 3138 sapientis
2459 3069 2612 3120 :aut
2663 3065 2794 3136 ejus
2851 3063 3050 3139 potius
3115 3079 3295 3138 quem
3341 3062 3447 3135 qui

66 3169 163 3204 σαν
193 3149 450 3226 ἀγγέλων,
489 3152 549 3206 οὐ
605 3162 828 3233 μακροῖς
871 3154 1011 3211 ἔστιν
1066 3155 1436 3214 ἀποδεικνύναι
1481 3161 1662 3236 λόγόις,

1849 3155 2270 3228 »[ιῑεωριειηιιιτ
2290 3153 2538 3228 propius
2573 3155 2843 3227 potentia
2866 3154 3283 3229 sapientiaque
3318 3169 3445 3210 om.

57 3245 242 3296 πίστει
305 3238 366 3296 δε
427 3261 556 3316 μονη
632 3251 696 3304 τῆ
752 3247 926 3308 πάσης
978 3243 1295 3312 ἀποδείξεως
1345 3248 1653 3330 ἕνεργεστίρι

1872 3243 2244 3320 superiorem
2274 3243 2478 3300 vident
2497 3259 2650 3301 esse.
2707 3241 2794 3300 Illi
2841 3259 3066 3317 magno
3114 3247 3443 3316 sanctoque

53 3335 146 3384 καὶ
195 3328 517 3405 βεϐαιοτέρα
568 3335 717 3386 ταῦθ’
792 3333 995 3400 ἑαυτοῖς
1030 3337 1404 3412 ὑποτιθέμενοι,
1482 3328 1649 3396 άνωθε

1833 3336 2048 3409 isignes
2102 3333 2371 3392 nomine.
2420 3333 2538 3406 Ipsi
2593 3348 2814 3408 scopus
2870 3334 3159 3393 orationis
3189 3338 3429 3391 nostrae.

53 3415 112 3473 δε
149 3428 227 3492 τῷ
254 3418 398 3494 λόγῳ
452 3427 568 3484 ταῖς
621 3423 780 3498 ἱεραῖς
845 3423 1100 3499 ἑπομένως
1172 3435 1398 3502 γραφαῖς
1450 3425 1648 3504 διαλαμ

1844 3426 1993 3496 item,
2025 3440 2200 3498 spero
2248 3421 2547 3496 equidem,
2604 3437 2741 3480 eam
2789 3423 2870 3482 ad
2924 3441 2987 3482 se
3040 3423 3298 3496 dirigent
3364 3436 3440 3479 ne

47 3509 290 3572 ϐαίνοντες
346 3514 435 3572 τὰς
512 3510 833 3586 λειτουργίας
891 3515 1078 3586 αὐτῶν,
1129 3518 1222 3570 εἶτ’
1271 3515 1358 3571 οὖν
1386 3519 1642 3596 ἐνεργείας

1835 3516 2039 3573 berret.
2080 3516 2304 3572 Natura
2329 3512 2490 3570 enim
2517 3528 2588 3569 ac
2615 3513 2894 3571 facultate
2923 3519 3132 3571 nostra
3157 3511 3431 3586 superius

46 3605 136 3658 est
163 3599 492 3675 quiddam,
524 3600 607 3659 ad
629 3601 974 3662 divinarum
1002 3621 1205 3664 rerum
1226 3608 1731 3680 magnificentiam
1759 3605 2024 3679 aspirare
2053 3621 2067 3661 :
2117 3609 2222 3660 aut
2276 3601 2569 3659 demereri
2601 3602 2900 3676 nobisque
2925 3603 3192 3675 obligare
3219 3599 3408 3658 lauda

43 3689 210 3747 tione
242 3694 460 3746 nostra
483 3705 778 3763 supernas
805 3691 940 3752 illas
994 3700 1244 3765 mentes,
1303 3713 1564 3770 quarum
1611 3703 1700 3757 est
1743 3693 1975 3753 infinito
2018 3692 2289 3766 quodam
2345 3690 2658 3748 intervallo
2703 3707 2893 3764 supra
2942 3692 3282 3749 humanum
3339 3704 3434 3746 ca.

41 3783 153 3852 put
171 3777 342 3838 elata
369 3780 735 3852 praestantia.
759 3781 875 3838 Sed
904 3781 1052 3856 ipsis
1081 3783 1196 3842 illis
1220 3786 1594 3857 cogitationis
1636 3794 1695 3846 et
1741 3783 2032 3844 orationis
2082 3781 2175 3838 usi
2200 3780 2462 3838 ducibus
2529 3787 2742 3839 exacta
2783 3781 2863 3838 ad
2917 3795 3127 3839 eorum
3178 3780 3430 3836 ductum

42 3873 101 3925 et
127 3868 367 3926 directa
391 3873 644 3943 utraque
667 3885 774 3942 pro
805 3876 1020 3928 nostrae
1052 3873 1351 3932 facultatis
1374 3876 1624 3934 modulo
1649 3876 1847 3951 potius
1899 3888 2086 3947 quam
2153 3887 2263 3945 pro
2306 3871 2548 3928 illorum
2601 3873 2814 3929 merito
2853 3871 3266 3929 laudationem
3314 3869 3437 3926 ela-

38 3957 367 4016 boremus.
401 3959 544 4025 Quae
568 3957 737 4016 nulla
785 3959 1034 4033 quidem
1080 3961 1144 4018 in
1178 3963 1382 4020 subtili
1417 3971 1646 4023 natura:
1693 3962 1979 4035 angelicae
2027 3960 2467 4034 disquisitione,
2517 3958 2714 4034 qualis
2751 3961 2999 4017 tandem
3045 3961 3141 4028 sit,
3195 3958 3432 4015 curiose

43 4045 516 4114 conﬂictabitur,
537 4047 598 4104 id
620 4047 781 4106 enim
810 4047 1029 4108 frustra
1058 4057 1376 4110 conaretur
1393 4054 1659 4128 quidem,
1693 4053 1809 4110 nisi
1839 4053 1890 4109 si
1911 4049 2062 4126 quid
2086 4066 2296 4108 eorum
2326 4065 2395 4106 ex
2435 4050 2620 4106 variis
2681 4049 2968 4122 operibus
3037 4047 3216 4106 laude
3275 4046 3436 4103 velut

49 4134 463 4204 contexenda,
504 4151 579 4192 ex
602 4135 658 4192 vi
678 4153 815 4210 quae
847 4136 909 4194 in
932 4137 1004 4195 iis
1033 4141 1294 4200 cernitur
1339 4142 1418 4200 ad
1470 4143 1872 4215 cognitionem
1916 4143 2048 4213 ejus
2106 4155 2243 4213 quae
2306 4139 2472 4196 illam
2519 4139 2783 4196 continet
2819 4144 3002 4212 atque
3057 4135 3273 4194 exserit
3321 4151 3432 4194 nae

49 4230 206 4283 turus
246 4224 362 4281 niti
387 4224 677 4298 paulatim
706 4227 1070 4298 suspicando
1113 4234 1293 4304 atque
1340 4233 1698 4292 aestimando
1747 4231 2141 4308 potuerimus.
2169 4237 2252 4285 Ac
2308 4229 2574 4301 primum
2623 4226 2872 4301 quidem
2913 4241 3222 4282 summum
3263 4223 3433 4281 illum

44 4330 258 4387 neque
279 4318 528 4387 parente
552 4314 822 4386 genitum
850 4331 1050 4389 neque
1071 4317 1350 4379 effectum
1410 4339 1614 4390 causa,
1669 4329 1774 4382 aut
1819 4338 1850 4378 e
1904 4318 2200 4394 principio
2256 4319 2581 4374 excitatum
2636 4333 2768 4373 esse
2829 4331 3142 4391 quoquam
3204 4316 3430 4370 Deum:

43 4407 386 4462 Auctorem
413 4419 553 4460 vero
577 4404 780 4477 ipsum
811 4409 992 4478 atque
1021 4407 1359 4468 effectorem
1389 4415 1516 4470 tum
1539 4413 1650 4470 aevi
1669 4412 1868 4470 omnis
1894 4425 1966 4466 ac
1985 4407 2292 4480 temporis,
2351 4411 2480 4464 tum
2528 4406 2930 4464 universitatis
2995 4403 3193 4462 omnis
3247 4403 3432 4476 hujus

41 4492 272 4551 mundi
303 4491 556 4566 duplicis
584 4493 811 4567 quique
841 4510 1022 4551 sensu
1048 4497 1362 4556 oculorum
1389 4501 1617 4576 quique
1657 4499 2014 4575 cogitatione
2072 4497 2365 4554 mentium
2415 4496 2757 4570 percipitur.
2813 4499 3022 4552 Porrro
3088 4493 3432 4551 Michaelem

39 4588 102 4642 et
131 4579 482 4640 Gabrielem
505 4581 758 4639 caelestis
787 4583 1142 4654 angelorum
1171 4587 1373 4646 milites
1421 4607 1685 4648 summos
1715 4593 2109 4662 Imperatores
2141 4587 2219 4643 ab
2273 4587 2406 4658 ipso
2453 4601 2582 4642 esse
2635 4585 3010 4652 constitutos,
3042 4583 3243 4640 verbis
3295 4582 3434 4656 qui-

39 4671 193 4729 dem
217 4675 284 4728 et
304 4671 675 4742 argumentis
703 4671 975 4745 pluribus
1001 4677 1328 4748 approbari
1344 4681 1570 4754 nequit.
1597 4685 1678 4738 Ac
1707 4695 1784 4736 ne
1813 4692 2055 4735 necesse
2107 4674 2355 4749 quidem
2407 4679 2513 4744 est,
2583 4691 2722 4731 cum
2761 4675 2888 4731 haec
2941 4673 3108 4731 omni
3181 4671 3431 4728 demon‘

35 4759 346 4819 stratione
395 4759 697 4816 efficacior
746 4760 1078 4836 certiorque
1127 4765 1281 4824 ﬁdes
1331 4767 1562 4828 doceat.
1649 4769 1833 4841 Cujus
1875 4765 2053 4822 unius
2099 4779 2212 4836 par
2264 4768 2370 4835 est,
2421 4763 2776 4828 auctoritate
2828 4762 3125 4836 persuasi,
3179 4759 3430 4831 ejusque

34 4850 130 4907 rei
161 4847 520 4907 assensione
549 4849 885 4920 constituta,
919 4857 1197 4912 caeteram
1237 4856 1323 4915 sic
1359 4858 1608 4917 dem-um
1625 4857 2008 4916 instituamus
2055 4852 2599 4910 considerationem
2647 4856 2712 4908 ut
2767 4867 2804 4908 a
2845 4852 3042 4924 primo
3087 4850 3224 4920 ipso
3263 4860 3430 4919 repe~

34 4939 228 4998 titam
259 4936 458 5010 capite
484 4953 592 5012 per
615 4954 926 4998 sacrorum
956 4953 1392 5018 consequenter
1414 4948 1984 5008 commentariorum
2009 4942 2227 5000 seriem
2257 4957 2503 5000 omnem
2542 4956 2752 4998 eorum
2777 4938 3100 4997 functionis
3149 4934 3424 5008 alicujus,

33 5035 152 5087 aut
177 5026 522 5085 efficientia:
552 5028 910 5088 memoriam
933 5047 1393 5108 persequamur.

113 5126 256 5178 Θεος
285 5114 355 5168 ὧν
380 5113 481 5187 ἀεὶ,
507 5119 640 5170 κατά
683 5121 743 5172 τὸ
815 5120 946 5174 θεῖον
987 5121 1159 5196 λογιον
1209 5123 1388 5196 ἐκεῖνο,
1434 5130 1664 5196 κάθηται

1842 5124 2000 5182 Deus
2025 5126 2306 5189 aeternus,
2353 5119 2528 5193 juxta
2579 5118 2850 5176 divinum
2892 5116 3041 5176 illud
3087 5115 3422 5187 oraculum,

27 5205 126 5263 ιπὶ
151 5209 349 5263 θρόνου
379 5205 530 5278 ἁγίου
559 5206 742 5264 αὐτοῦ.
762 5207 830 5262 Ὀ
850 5213 904 5263 τί
959 5230 1083 5266 ποτε
1132 5211 1200 5275 δὴ
1258 5221 1354 5277 τὴν
1401 5215 1623 5294 καθέδρα

1830 5215 1936 5273 idet
1961 5229 2142 5288 super
2208 5213 2493 5271 thronum
2545 5213 2821 5268 sanctum
2875 5225 3074 5267 suum.
3122 5208 3426 5276 Quidnam

24 5299 250 5356 ταύτην
280 5313 486 5354 νοητεον
523 5295 726 5371 ;Οἶμαι
753 5293 813 5352 δε
845 5304 940 5360 τὴν
999 5300 1263 5378 ἀραρότως
1319 5310 1410 5361 καὶ
1464 5293 1620 5382 ἀμετα

1829 5321 1926 5365 inc
1936 5320 2066 5363 esse
2079 5302 2327 5363 tandem
2344 5300 2679 5360 sessionem
2696 5299 3123 5359 arbitrabimur
3142 5301 3172 5360 ‘l
3193 5300 3425 5356 Firmis-

25 5389 214 5449 θὶτως
243 5384 334 5439 ἰπὶ
359 5393 455 5449 τῆς
484 5385 680 5451 οἰκείας
697 5387 860 5443 αὐτοῦ
911 5386 1072 5456 δόξης
1116 5390 1327 5469 ἵδρυσιν
1356 5401 1446 5451 καὶ
1469 5403 1621 5471 μονήν

1831 5410 1987 5453 mam
2007 5393 2222 5469 opinor
2240 5391 2410 5450 illam
2438 5393 2618 5464 atque
2648 5389 3089 5450 immutabilem
3115 5405 3241 5449 una
3283 5405 3427 5446 sem-

17 5484 123 5535 Δεῖ
149 5483 233 5548 τῷ
265 5474 354 5529 ἐπὶ.
381 5477 562 5550 θρόνου
591 5473 803 5538 δηλαδὴ
835 5483 1129 5557 καθημένῳ,
1177 5486 1262 5539 οἵα
1327 5483 1394 5547 δὴ
1447 5486 1613 5562 βασιλ

1827 5500 1874 5544 ιε
1899 5483 1964 5542 in
1985 5481 2280 5542 sententia
2308 5480 2702 5540 constantiam
2719 5484 2776 5539 et
2808 5497 3068 5541 moram.
3134 5482 3266 5538 ἔξω
3323 5493 3423 5534 su-

17 5564 288 5642 μςγσὶλῳ,
331 5568 452 5629 τοὺς
527 5562 852 5643 δορυφόρους
905 5575 1242 5649 παρεστάναι.
1300 5581 1388 5632 Δεῖ
1424 5585 1498 5651 τῷ
1565 5586 1613 5632 τί

1827 5589 1878 5633 ετ
1939 5574 2226 5632 thronum
2291 5569 2524 5630 sedenti
2578 5575 2814 5644 oportet
2868 5587 3088 5645 nempe
3131 5574 3423 5644 tanquam

25 5655 174 5738 ῥλης
205 5658 432 5721 κτίσεως
463 5651 780 5720 δεσπόζοντι
817 5661 882 5713 τὰ
910 5669 1011 5714 τῶν
1030 5666 1333 5742 κτισμάτων
1407 5667 1621 5727 κάλλιστ

1825 5678 1999 5740 iagno
2024 5663 2169 5738 Regi
2183 5660 2465 5726 satellites
2498 5675 2811 5736 apparere.
2831 5661 3076 5736 Oportet
3085 5660 3421 5719 creatarum

485 5757 732 5832 Pii-non.
772 5757 875 5826 Gn.
904 5759 1058 5826 CXL.

2885 5771 2984 5838 39.
