4042 6214
658 236 802 313 1237

2183 240 2537 303 ADDENDA.

3784 256 3879 311 £228

665 370 770 427 uni
791 367 1069 425 omnium
1098 382 1295 422 rerum
1326 367 1579 423 Domino
1600 367 2033 440 pulcherrimas
2102 382 2311 422 earum

2420 379 2693 442 προσεχῶς
2742 373 3147 448 παρεστηκέναι.
3218 374 3304 432 Τίς
3358 371 3439 423 οὖν
3482 378 3546 443 τῷ
3591 380 3665 424 τοῦ
3704 374 3880 446 Ὑψίστου

666 472 939 530 quasque
968 460 1183 527 praesto
1223 470 1459 526 semper
1492 460 1547 511 et
1597 470 1799 511 coram
1860 456 2117 510 adstare.
2175 455 2317 519 Quis

665 546 841 615 igitur
879 545 955 601 ad
1005 543 1292 599 Altissimi
1338 543 1619 599 thronum
1681 545 1953 617 proxime
2014 542 2318 598 excubat?

668 634 808 700 Quis
833 632 1086 688 idoneus
1118 632 1396 687 inventus
1428 639 1519 688 est
1542 634 1644 705 qui
1708 634 1785 689 ad
1845 634 1973 703 ejus
2041 630 2318 685 sublimi-

667 726 784 778 tate
812 720 1134 777 inaccessae
1181 721 1511 793 majestatis
1566 722 1844 778 intimum
1902 738 1971 776 ac
2028 720 2319 777 familiare

667 810 1463 882 ministeriumquotidianus
1495 811 1878 867 adhiberetur
1938 808 2177 867 Michael
2226 809 2321 863 hic

667 900 954 957 nimirum
980 904 1036 955 et
1101 898 1335 955 Gabriel
1373 906 1478 957 est.
1538 901 1605 955 Hi
1644 916 1941 973 suprerme
1991 897 2321 968 majestatis

673 992 1006 1062 stipatores.
1042 990 1106 1045 Hi
1176 990 1450 1046 doctores
1519 991 2095 1063 sapientissimarum
2156 1006 2321 1046 men-

673 1079 838 1137 tium.
872 1082 938 1134 Et
955 1079 1018 1134 in
1043 1094 1176 1135 arce
1200 1080 1469 1151 quadam
1492 1080 1848 1134 excellentiae
1868 1078 2083 1149 majori
2114 1094 2323 1151 quam“

669 1168 787 1225 dici
814 1168 1003 1240 possit
1051 1184 1303 1224 excessu
1392 1168 1754 1223 celsitudinis
1822 1184 2005 1240 supra
2078 1183 2321 1223 omnem

672 1262 1007 1313 creatarum
1032 1272 1231 1312 rerum
1245 1257 1476 1329 apicem
1492 1256 1780 1325 collocati,
1808 1257 1953 1311 Hinc
1976 1272 2105 1326 jam
2150 1272 2321 1311 mun-

674 1346 737 1402 di
764 1345 1037 1402 conditor
1066 1345 1363 1417 reliquum
1419 1346 1499 1401 ad
1538 1361 1692 1418 opus
1734 1345 2097 1415 aggreditur.
2156 1346 2324 1401 Great

673 1435 891 1491 ccelum
922 1439 977 1489 et
1004 1434 1218 1491 fundat
1248 1440 1486 1491 terram.
1520 1435 1690 1490 Lucis
1744 1441 2024 1490 naturam
2073 1436 2318 1506 promit,

676 1529 733 1582 et
761 1524 1037 1580 tenebras
1068 1524 1349 1579 discernit
1375 1542 1410 1580 a
1438 1524 1686 1581 lumine.
1726 1523 1947 1578 Deinde
1978 1522 2320 1578 ﬁrmamen-

2422 454 2730 531 παρεδρεύει
2772 463 3094 532 θρονῳ;Τίς
3156 468 3255 511 τῶν
3319 461 3503 510 πάντων
3546 459 3750 531 ἐγγύτατα
3796 485 3881 538 προν
3946 462 3947 473 “

3132 549 3412 623 θεοπρεπῶς
3477 567 3526 599 τε
3584 547 3798 623 λειτοργεὶν
3829 574 3887 621 καὶ

3129 635 3195 688 Ἦ
3264 632 3414 695 δῆλον
3484 638 3554 687 ὅτι
3608 639 3781 708 Μιχαὴλ
3831 648 3885 692 mi

2427 550 2550 596 σιων
2607 555 2678 618 τῷ
2764 548 3033 622 ἁπροσίτῳ

2429 632 2649 695 ἀεννάως
2711 632 3049 689 διατέτακται
3084 655 3097 705 ;

2428 722 2675 795 Γαϐριὴλ,
2730 727 2777 776 οἱ
2827 735 2915 787 τῆς
2973 727 3262 800 ύπερτάτης
3324 724 3637 796 μεγαλοσύνης
3674 722 3885 801 δορυφόροι,

2427 815 2475 863 οἱ
2502 821 2846 887 μυσταγωγοὶ
2900 826 2997 867 τῶν
3051 817 3349 890 ύπερσόφων
3390 820 3525 880 νόων,
3591 822 3667 866 καὶ
3708 825 3776 876 τῆς
3817 818 3889 878 ait;

2752 903 3037 979 ἀφράστοις
3134 906 3414 978 ὑπεροχαῖς
3516 905 3887 976 ὑπερανῳκισμένοι.

2432 988 2679 1043 Ἀπτεται
2726 992 2902 1045 λοιπὸν
2953 992 3177 1046 ἐντεῦθεν
3262 1002 3351 1053 τῆς
3416 1001 3508 1043 τῶν
3551 998 3775 1064 γινομένων
3812 1000 3890 1065 γενέ-

3158 1087 3297 1134 ποιεῖ
3347 1081 3563 1154 οὐρανὸν,
3632 1086 3707 1131 καὶ
3750 1082 3891 1151 erysimi

2427 906 2645 962 κτίσεως

2434 1098 2556 1139 σεως
2609 1081 2635 1130 ὁ
2684 1086 3061 1155 γενεσιουργὸς·

2429 1177 2548 1239 γῆν*
2605 1171 2829 1243 παράγει
2911 1175 3072 1241 φωτὸς
3142 1170 3345 1237 οὐσίαν,
3397 1174 3480 1221 καὶ
3531 1172 3687 1228 σκότος
3726 1164 3891 1241 διακρίνει

2432 1261 2615 1327 φωτός.
2652 1253 2777 1309 Εἶτα
2803 1262 3065 1332 περιτείνει
3109 1261 3165 1311 τὸ
3226 1263 3499 1332 στερέωμα.
3550 1262 3638 1309 Καὶ
3684 1260 3757 1317 τὰς
3798 1256 3892 1307 ἀϐύσ-

2434 1364 2558 1407 σους
2582 1355 2677 1397 νῶν
2721 1343 2949 1409 ὑδάτων,
3005 1347 3066 1409 ai;
3120 1350 3210 1420 μὲν
3258 1349 3485 1420 ὑπεράνω
3523 1354 3604 1399 τοῦ
3650 1354 3894 1417 creperum;

2431 1434 2748 1510 μετεωρίζει,
2806 1434 2866 1496 οἷς
2966 1432 3024 1487 δὲ
3088 1442 3196 1496 τοῖς
3283 1445 3511 1487 κενεῶσιν
3560 1434 3813 1506 ἐναποκρίνει
3842 1440 3892 1491 τῆς

2430 1531 2549 1592 γῆς.
2598 1522 2816 1575 Ἔπειτα
2865 1533 3033 1596 φυτῶν
3074 1530 3163 1576 καὶ
3215 1524 3357 1585 ζωων
3406 1525 3496 1584 τὰς
3542 1519 3813 1581 παντοδαπὰς
3844 1521 3893 1571 οὐ·

682 1619 806 1669 tum
834 1612 1113 1677 extendit,
1148 1617 1201 1668 et
1230 1613 1485 1685 abyssos
1518 1629 1839 1685 aquarum,
1882 1628 2037 1685 quas
2103 1612 2311 1684 partim

2436 1615 2555 1671 σίας
2590 1616 2680 1662 καὶ
2705 1614 2905 1685 μορφὰς
2935 1612 3071 1683 λογῳ
3100 1619 3190 1672 τῆς
3218 1619 3319 1683 γῆς
3347 1615 3434 1662 καὶ
3460 1618 3544 1662 τοῦ
3602 1607 3760 1670 ὕδατος
3786 1609 3894 1669 ἐξανα-

679 1718 863 1775 supra
883 1702 1340 1758 fundamentum
1369 1702 1696 1773 suspendit,
1722 1701 1938 1773 partim
1972 1700 2125 1756 infra
2155 1709 2321 1757 terrae

682 1791 1027 1863 superﬁcies
1057 1791 1115 1845 in
1146 1807 1437 1846 cavernas
1462 1797 1517 1846 et
1546 1790 1863 1858 voragines
1896 1789 2099 1859 rejicit.
2164 1789 2325 1845 Plan-

680 1887 878 1937 tarum
907 1878 1123 1934 deinde
1164 1885 1220 1935 et
1269 1880 1621 1936 animalium
1668 1878 1865 1935 varias
1918 1894 2097 1933 omne
2139 1894 2327 1947 genus

678 1974 926 2026 naturas
948 1972 1005 2023 et
1033 1970 1282 2040 species,
1311 1969 1406 2024 vel
1431 1984 1502 2024 ex
1534 1975 1707 2033 terra,
1746 1969 1833 2023 vel
1864 1984 1935 2023 ex
1990 1983 2153 2039 aqua
2207 1983 2323 2022 ver-

678 2059 758 2115 bo
783 2057 1014 2113 excitat.
1043 2060 1258 2128 Magna
1310 2066 1594 2130 praeterea
1629 2057 1950 2112 luminaria
2006 2060 2330 2110 astrorum-

678 2164 795 2221 que
853 2162 1129 2218 sparsam
1176 2148 1291 2203 late
1348 2147 1786 2202 multitudinem
1862 2144 2326 2217 pulcherrimum

679 2236 810 2292 orbi
829 2240 950 2294 toto
982 2237 1299 2310 explicavit
1320 2235 1750 2309 spectaculum,
1784 2234 2064 2306 idemque
2096 2233 2330 2304 sapien-

681 2325 773 2380 tiae
814 2340 882 2379 ac
908 2326 1220 2396 potestatis
1261 2342 1386 2380 suae
1412 2324 1644 2395 insigne
1666 2327 2145 2379 monumentum.
2179 2323 2329 2386 Quo-

678 2429 824 2469 nam
852 2414 1028 2486 igitur
1058 2414 1253 2469 oﬂicio
1283 2413 1575 2468 conditori
1630 2429 1722 2468 res
1762 2412 2007 2468 conditas
2074 2411 2326 2479 gratiam

676 2502 1010 2574 rependant
1035 2502 1063 2557 ?
1093 2500 1453 2556 Laudatione
1485 2516 1606 2556 una
1636 2500 1715 2555 ob
1751 2498 2108 2571 totperfecta
2123 2513 2324 2569 opera.

681 2606 976 2663 sacroque
1006 2590 1237 2662 hymno
1253 2590 1440 2645 mixto
1480 2604 1551 2644 ex
1572 2593 1864 2644 concentu
1891 2587 2163 2642 omnium
2187 2601 2324 2640 cum

681 2679 1193 2736 san‘ctissimarum
1210 2681 1500 2733 mentium
1521 2676 1883 2749 symphonia
1896 2674 2037 2730 conf
2041 2690 2166 2728 uso.
2186 2675 2325 2738 Quis

677 2773 879 2825 autem
912 2769 1091 2839 hujus
1129 2767 1346 2823 cantici
1378 2766 1625 2822 modum
1641 2770 1918 2821 ettonum
1952 2762 2117 2836 praeit
2142 2762 2324 2827 ?Quis

2435 1694 2658 1750 δίδωσιν
2692 1699 2767 1751 Oi}
2797 1708 2964 1751 ταῦτα
3019 1697 3077 1752 δὲ
3143 1704 3314 1773 μόνον,
3366 1703 3632 1772 φωστὴρων
3672 1695 3720 1750 δὲ
3764 1698 3895 1768 irrisit,

2432 1792 2521 1839 καὶ
2543 1786 2769 1861 ἀστέρων
2805 1789 2975 1847 πλήθη
3004 1808 3059 1841 τε
3110 1791 3223 1841 κατ’
3272 1789 3480 1862 οὐρανὸν
3524 1794 3604 1841 καὶ
3643 1786 3787 1849 ulla,
3825 1785 3897 1840 πὶὲι

2436 1878 2511 1928 θει
2543 1881 2789 1937 συνέσεως
2818 1883 2907 1929 καὶ
2955 1878 3141 1949 ἰσχύος
3190 1876 3487 1950 ἐπορίσατο.
3535 1881 3613 1937 Τίς
3659 1876 3729 1927 οὖν
3771 1876 3791 1931 ἡ

2434 1964 2600 2017 αὐτῶν
2628 1964 2818 2037 ἀμοιϐὴ
2876 1975 2947 2036 τῷ
2993 1976 3183 2039 ποιητῇ
3219 1984 3233 2033 ;
3265 1970 3465 2029 Αἵνεσις
3540 1966 3617 2018 ἐπὶ
3660 1972 3749 2025 τοῖς
3776 1966 3898 2034 γινομέ-

2435 2073 2559 2119 νοις,
2636 2060 2725 2105 καὶ
2778 2055 2935 2117 ὕμνος
2978 2058 3111 2127 ἱερὸς
3192 2063 3301 2116 τοῖς
3359 2060 3607 2129 πανάροις
3652 2057 3898 2123 συγκροτεῖται

2436 2161 2590 2203 νοοις.
2623 2148 2710 2203 Τίς
2740 2145 2999 2214 κατάρχει
3046 2151 3142 2205 τῆς
3195 2147 3442 2205 τοιαύτης
3469 2143 3683 2201 αἰνέσεως
3710 2160 3721 2203 ;
3749 2140 3897 2199 τίςότέτ

2437 2232 2571 2281 ἔνθεν
2630 2230 2785 2301 ὕμνον
2851 2240 2923 2301 τῷ
2980 2234 3323 2306 ύπερυμνήτῳ
3382 2225 3897 2306 προοιμιαζόμενοςοᾲ

2437 2321 2486 2370 οἱ
2512 2327 2600 2378 τῆς
2640 2318 2933 2390 ἀγγελικῆς,
2994 2322 3061 2382 ὡς
3120 2321 3277 2390 εἰκὸς,
3342 2323 3696 2393 καθηγούμενοι
3736 2333 3899 2389 xorem?-

2439 2412 2557 2469 σίας
2583 2426 2595 2471 ζ
2627 2408 2749 2479 Οὐχ
2775 2412 2823 2460 οἱ
2853 2407 3150 2483 ὑπερφερεῖς
3183 2406 3420 2462 διάκονοι
3471 2419 3559 2472 τῆς
3588 2404 3899 2480 θεαρχίαςςούχ

2436 2498 2485 2547 οἱ
2537 2503 2755 2570 πρώτως
2802 2507 2901 2549 τῶν
2950 2518 3167 2571 πρωτων
3252 2498 3543 2572 ἕλλάμψεων
3608 2496 3900 2573 ὑπερπληρυύὲθ

2433 2604 2532 2649 νοι,
2565 2590 2654 2637 καὶ
2711 2594 2809 2637 τῶν
2866 2588 3011 2638 θείων
3061 2587 3283 2659 εὐλόγως
3337 2590 3596 2660 ύμνησεων
3644 2594 3798 2658 πρῶτοί
3830 2580 3902 2630 κίε·

2435 2679 2740 2744 muriam-ro;
2774 2674 2927 2727 Ἀλλά
2972 2680 3294 2747 μετενεκτέον
3356 2679 3528 2729 λοιπὸν
3575 2680 3650 2728 τὸν
3698 2674 3808 2744 λόγον
3844 2663 3901 2731 ὀδῷ

2435 2759 2728 2834 βαδίζοντα
2753 2768 2879 2836 πρὸς
2905 2766 2969 2816 τὰ
2992 2764 3127 2827 ἑξῆς.

676 2857 805 2928 ejus
844 2857 1125 2913 carminis
1150 2856 1311 2929 quod
1343 2855 1403 2911 in
1424 2855 1667 2911 laudem
1688 2854 1932 2924 majoris
1972 2852 2137 2907 omni
2167 2851 2345 2905 laude
2378 2851 2475 2904 Dei
2506 2852 2736 2907 canitur
2763 2852 3062 2908 modulari
3085 2859 3345 2925 occupat
3400 2854 3673 2926 prooemia
3720 2852 3821 2905 ΗΠ
3836 2858 3903 2900 non

675 2947 789 3002 illis
830 2964 939 3002 suo
978 2947 1191 3002 merito
1217 2947 1378 3001 chori
1414 2944 1783 3017 principibus
1814 2942 2085 3011 angelici,
2116 2940 2229 2996 illis
2280 2938 2754 3012 prreccllentibus
2825 2941 2921 2996 Dei
2988 2941 3289 3013 ministris,
3343 2944 3455 2998 illis
3511 2944 3791 3016 primarum
3830 2935 3905 2989 illu-

674 3038 1029 3092 strationum
1070 3035 1170 3090 Dei
1191 3033 1579 3107 participibus
1604 3033 1718 3088 hoc
1750 3030 2131 3087 tribuendum
2160 3033 2249 3085 est
2288 3033 2347 3083 ut
2376 3027 2437 3082 in
2472 3028 2571 3083 Dei
2601 3030 2990 3085 concinendis
3015 3030 3299 3086 laudibus
3346 3033 3587 3088 musicaa
3626 3028 3758 3085 omni
3787 3022 3905 3080 mode.

672 3129 877 3181 rentur
905 3128 933 3179 ?
959 3128 1174 3179 Verum
1214 3129 1416 3179 tamen
1445 3121 1806 3177 reducamus
1828 3121 1889 3175 in
1918 3120 2080 3176 viam
2119 3117 2475 3183 orationem,
2512 3124 2566 3171 et
2600 3125 2812 3189 sponte
2833 3118 3115 3191 deinceps
3170 3135 3278 3175 sua
3328 3128 3709 3193 perrecturam
3753 3116 3808 3171 ad
3838 3110 3910 3166 rei?

675 3230 798 3287 qua
820 3214 1213 3269 dimittamus.

746 3306 933 3358 Homo
966 3303 1141 3371 igitur
1175 3301 1273 3357 Dei
1302 3317 1487 3356 manu
1539 3300 1611 3356 ad
1680 3298 1938 3356 auctoris
1997 3298 2321 3367 imaginem
2358 3298 2397 3349 C

672 3391 1084 3447 conformatus
1123 3390 1185 3445 in
1202 3390 1483 3462 paradiso
1515 3389 1609 3444 Dei
1644 3388 1971 3443 collocatus
2022 3391 2132 3444 est.
2180 3387 2321 3442 Inde

670 3480 1008 3535 illiibidem
1038 3478 1285 3534 edicitur
1314 3494 1587 3551 quosque
1638 3477 1861 3532 fructus
1914 3476 2002 3531 fas
2066 3477 2142 3532 sit
2198 3491 2320 3531 car-

671 3582 831 3638 pere,
856 3582 1132 3640 quosque
1164 3566 1330 3622 nefas
1353 3570 1681 3620 attrectare.
1746 3566 1936 3631 Quam
1993 3570 2057 3619 ut
2102 3563 2195 3619 ille
2243 3563 2319 3619 le-

672 3669 809 3725 gem
845 3655 1061 3711 infelici
1084 3656 1279 3726 gustui
1310 3653 1677 3727 posthabuit,
1729 3655 1940 3710 eadem
1986 3654 2067 3709 illi
2120 3654 2317 3708 vinde-

668 3744 791 3801 mia
810 3760 945 3816 quas
971 3742 1479 3817 praevaricationis
1536 3758 1718 3798 uvam
1778 3759 2108 3815 praecocem
2146 3742 2316 3799 obtu-

664 3831 829 3894 lerat.
864 3850 1108 3906 pcenam
1134 3849 1376 3905 quoque
1398 3836 1751 3904 praesentem
1809 3832 1997 3887 exsilii
2044 3848 2116 3887 ex
2180 3833 2313 3888 loco

664 3923 1077 3979 amoenissima
1107 3920 1421 3977 tristissimi
1469 3921 1823 3992 propinavit.
1883 3921 2169 3993 Deinceps
2223 3921 2311 3977 illi

659 4012 981 4083 paradisus
994 4010 1305 4068 clauditur.
1322 4009 1593 4082 Appositi
1606 4009 1929 4065 clavisloco
1968 4010 2307 4079 Cherubim,

657 4116 769 4157 nec
797 4102 1077 4167 inermes,
1112 4101 1215 4156 sed
1248 4100 1460 4155 muniti
1486 4099 1684 4169 gladio
1722 4100 1979 4156 versatili
2024 4106 2080 4156 et
2136 4101 2303 4156 ﬂam-

658 4204 793 4245 meo
823 4207 1003 4262 quem
1044 4206 1164 4245 non
1196 4189 1379 4244 alium
1408 4188 1587 4243 fuisse
1601 4188 1678 4243 ab
1709 4189 1956 4260 eoquod
1978 4188 2300 4245 laudamus

655 4277 931 4347 equidem
959 4278 1311 4333 crediderim
1342 4294 1355 4331 :
1390 4277 1467 4333 ab
1498 4278 1631 4343 hoc,
1654 4277 1927 4349 inquam,
1966 4278 2301 4349 praecellen-

653 4365 885 4422 tissimo
914 4367 1436 4438 intelligentiarum
1464 4365 1593 4438 pari
1624 4366 1912 4421 virtutum
1971 4367 2297 4423 ccelestium

652 4455 825 4526 quasi
856 4455 1090 4525 fastigio
1120 4463 1177 4511 et
1223 4454 1683 4527 complemento.
1724 4455 1825 4510 Cui
1858 4455 1937 4511 ob
1987 4455 2297 4512 scindendi

648 4544 894 4616 quidem
924 4546 1114 4601 aciem
1167 4550 1221 4601 et
1277 4544 1540 4599 hostium
1596 4544 2111 4601 conﬁciendorum
2174 4548 2294 4602 vim

2504 3295 2806 3371 Ἀνθρωπος
2837 3303 3007 3351 τοίνυν
3037 3304 3181 3374 χειρὶ
3213 3308 3353 3354 Θεοῦ
3415 3307 3503 3354 καὶ
3542 3301 3685 3353 εἰκόνι
3725 3292 3911 3369 μορφωθεὲς

2432 3384 2481 3437 ἐν
2540 3383 2845 3459 παραδείσῳ
2888 3390 3111 3440 τέθειται
3183 3396 3342 3445 Θεοῦ,
3410 3390 3620 3443 Ἐκεῖθεν
3658 3389 3771 3456 αὐτῷ
3804 3382 3908 3433 λοιπὸν

2432 3476 2461 3532 ἡ
2523 3473 2693 3533 ἐντολή
2756 3475 2821 3527 ὧν
2872 3496 2925 3529 τε
2975 3487 3185 3551 καρπῶν
3250 3481 3597 3551 μεταληπτέον
3668 3481 3741 3529 καὶ
3800 3468 3839 3523 οὗ
3867 3470 3905 3538 μὲ

2428 3568 2774 3636 προσαπτέον.
2823 3567 2963 3618 Ἐπεὶ
3023 3563 3082 3619 δὲ
3132 3571 3330 3626 ταύτην
3387 3566 3579 3630 ἡδονῆς
3633 3562 3825 3639 ὴμοίϐετο
3858 3576 3907 3606 ει-

2428 3658 2576 3722 κρᾶς.
2618 3656 2815 3724 καρπὸν
2845 3652 3188 3727 παραϐάσεως
3226 3664 3322 3708 τοῦ
3365 3654 3680 3731 παραδείσου
3722 3656 3795 3708 τὴν
3833 3648 3908 3717 ἔχει·

2425 3737 2516 3809 ’φιν
2565 3739 2774 3815 ἐτρύγα.
2834 3742 3066 3795 κλείεται
3117 3740 3175 3796 δὲ
3225 3744 3457 3799 λοιπὸνὸ
3486 3741 3772 3819 παράδεισος
3812 3736 3905 3799 αὐτῷ.

2429 3827 2574 3889 Κλεὶς
2605 3826 2663 3881 δὲ
2688 3833 2753 3882 τὰ
2791 3832 3055 3905 Χερουϐὶμ
3098 3832 3255 3905 ἐτάγη
3317 3836 3378 3888 ού
3430 3842 3578 3909 μόνα,
3629 3832 3737 3884 ἀλλὰ
3777 3830 3841 3879 σὺν
3872 3827 3905 3875 ti

2425 3924 2759 3991 στρεφομένη,
2818 3922 2879 3979 ἣν
2960 3921 3052 3973 οὐκ
3114 3922 3271 3980 ἄλλην
3341 3922 3489 3998 οἶμαί
3542 3943 3650 3976 τινα
3701 3922 3908 3992 κυριωτεοΰν

2417 4010 2648 4059 νοεῖσθαι
2679 4008 2708 4066 ἦ
2766 4014 2859 4066 τὴν
2906 4018 2994 4061 νῦν
3078 4012 3422 4084 ὑποκειμένην
3500 4013 3564 4072 εἰς
3637 4014 3815 4065 ἔπαινον,
3852 4005 3907 4049 fit?

2414 4094 2663 4168 οὐρανίων
2719 4094 2985 4170 δυνάμεων
3016 4104 3111 4158 τὴν
3164 4098 3449 4173 κορωνίδα,
3500 4107 3590 4160 τὴν
3637 4086 3909 4171 ὑπερφιριστέ·

2414 4203 2507 4241 την
2538 4193 2637 4236 τῶν
2668 4190 2792 4237 νόων
2824 4184 3106 4261 ξυνωρίδα.
3159 4188 3419 4262 Ῥομφαία
3618 4188 3696 4240 οὖν
3742 4187 3792 4242 ὡς
3830 4192 3907 4247 75“”

2412 4280 2529 4333 τικὴ
2583 4275 2786 4348 λέγεται
2845 4283 2934 4329 καὶ
2981 4287 3080 4329 τῶν
3131 4278 3373 4332 ἐναντίων
3419 4278 3726 4356 διαιρετικὴ·
3770 4272 3905 4345 φλογίνε

2413 4358 2473 4414 δὲ
2511 4366 2579 4424 ὡς
2604 4370 2794 4436 πυρίνη
2826 4369 2919 4423 τὴν
2951 4370 3105 4437 φύσιν
3149 4372 3238 4420 καὶ
3294 4377 3388 4429 τῆς
3439 4354 3665 4441 χείρονος
3721 4362 3815 4417 ὕλης
3854 4354 3904 4402 καί

2409 4453 2688 4525 μοχθηρᾶς
2742 4452 3109 4515 ἐξαναλωτική·
3183 4461 3503 4530 στρεφομένη
3569 4452 3627 4509 δε
3692 4452 3833 4523 τυχὸν,
3869 4441 3905 4495 δῖ

2407 4545 2665 4610 ταχίστη,
2727 4546 2814 4593 καὶ
2880 4542 2993 4594 λίαν
3068 4548 3162 4602 τὴν
3227 4548 3408 4617 νοερὰν
3462 4550 3659 4603 κίνησιν
3716 4541 3904 4607 εὕστρθῗθξ

2406 4632 2535 4701 πρὸς
2582 4634 2675 4687 τὴν
2754 4639 2845 4683 τοῦ
2907 4638 3227 4686 Δεσποτικοῦ
3296 4638 3545 4707 νεύματος
3580 4634 3832 4706 περαίωσιν.
3865 4616 3902 4667 Ἣ

642 4635 969 4708 romphaaze
997 4650 1219 4689 nomen
1246 4631 1540 4687 convenit.
1576 4635 1796 4688 Natura
1828 4650 1963 4690 vero
1996 4635 2162 4708 quod
2222 4637 2295 4691 sit

641 4724 817 4794 ignea
830 4731 884 4779 et
897 4724 1160 4781 materiae
1174 4720 1479 4776 deterioris
1504 4721 1818 4794 noxizeque
1831 4724 2292 4796 comsumptrice

640 4806 944 4876 aptissime
977 4804 1055 4859 illi
1101 4803 1451 4875 adjunctum
1515 4817 1757 4874 quoque
1809 4803 2068 4874 quadrat
2116 4805 2291 4860 ﬂam-

639 4899 807 4939 meae.
836 4886 977 4951 Quae
1002 4884 1167 4957 quod
1194 4882 1408 4938 dicitur
1435 4882 1744 4947 versatilis,
1809 4898 1880 4938 eo
1931 4884 2129 4938 valere
2191 4902 2289 4940 su-

638 4970 833 5039 spicor
862 4979 925 5028 ut
954 4974 1032 5029 ad
1076 4989 1320 5028 omnem
1366 4971 1740 5041 cogitationis
1798 4977 2029 5026 motum
2079 4987 2285 5041 prom-

634 5057 904 5127 ptissima
937 5061 1447 5117 velocissimarum
1476 5062 1765 5115 mentium
1797 5059 2093 5123 alacritas,
2114 5082 2142 5110 ››
2156 5066 2281 5118 tum

632 5144 710 5199 ad
740 5163 1162 5221 quemcunque
1193 5156 1405 5207 nutum
1441 5150 1670 5207 domini
1700 5147 2149 5219 expeditissima
2196 5151 2279 5207 fa-

627 5233 889 5292 cilitaset
953 5238 1187 5307 agilitas
1244 5241 1553 5296 celerrima
1609 5238 1969 5306 designetur.
2048 5240 2277 5304 Quibus

624 5327 1029 5383 commendati
1061 5329 1299 5385 dotibus
1331 5329 1684 5398 Archangeli
1715 5328 1774 5382 in
1805 5328 2064 5385 eundem
2120 5332 2274 5388 ordi-

620 5428 761 5469 nem
797 5432 936 5471 cum
962 5417 1279 5474 Cherubim
1310 5418 1389 5473 ad
1419 5423 1606 5489 portas
1630 5415 1895 5488 paradisi
1936 5420 2271 5480 custodiam

618 5504 860 5581 ascripti
886 5510 1045 5579 sunt,
1075 5523 1199 5581 quo
1258 5521 1381 5562 non
1428 5508 1664 5561 tantum
1720 5509 1957 5562 strenue
2028 5512 2268 5581 perfun-

2401 4724 2511 4778 τοῖς
2578 4719 2843 4792 Χερουϐιμ
2889 4719 3099 4783 ἐκείνοις
3159 4724 3432 4796 ὀμοταγώς
3492 4723 3689 4775 ἑστῶσα
3739 4720 3812 4771 τὴν
3848 4710 3903 4758 τοῦ

2400 4803 2727 4880 παραδείσου
2757 4810 2912 4881 θύραν
2940 4812 3192 4883 ἐπιτηρεῖ,
3225 4811 3301 4873 οἷς
3330 4814 3424 4883 μεν
3455 4816 3549 4870 τὴν
3595 4803 3771 4863 εἴσοδον
3819 4798 3902 4849 ὗπθ·

2397 4904 2673 4971 χωροῦσα,
2706 4898 2736 4955 ἢ
2769 4895 3115 4965 ὁδοποιοῦσα,
3175 4897 3251 4963 οἷς
3300 4898 3514 4960 δηλαδὴ
3573 4887 3901 4956 θεοειδῆςδτρθ

2396 5002 2487 5044 πος
2523 4981 2737 5045 κηλίδος
2758 5005 2810 5038 τε
2840 4990 3015 5049 πάσης
3044 4993 3133 5040 καὶ
3176 4989 3353 5062 ῥύπων
3404 4994 3463 5042 τὸ
3521 4987 3671 5062 βάθος
3716 4978 3899 5056 σαριαῶ
3946 4978 3947 4981 “

2392 5074 2770 5147 καθηραμένος·
2839 5075 2913 5135 οἷς
2988 5072 3047 5129 δε
3089 5059 3241 5129 πάλιν
3316 5059 3557 5152 φραγμὸς
3631 5059 3896 5132 ἀδιέξοδοςξ

2388 5163 2635 5236 μάχαιρα
2663 5158 2915 5235 δίστομος
2944 5166 3371 5237 προαπαντῶσα
3402 5165 3482 5229 οἷς
3534 5165 3622 5218 οὐκ
3677 5159 3769 5222 ἰξόν
3816 5152 3896 5204 εἶναι

2386 5258 2483 5300 τῶν
2523 5249 2807 5321 ἀψαύστων
2837 5251 3149 5323 ἐπιψαῦσαι.
3183 5254 3322 5308 Ἐπεὶ
3354 5252 3418 5308 δε
3457 5257 3584 5328 μετὰ
3622 5258 3768 5305 ταῦτα
3802 5246 3897 5294 πᾶσα

2382 5341 2472 5409 μὲν
2528 5339 2662 5415 σὰρξ
2718 5345 2810 5399 τὴν
2858 5338 2981 5394 ὁδὸν
3037 5342 3198 5404 αὐτῆς
3245 5343 3294 5396 ἒν
3347 5348 3612 5419 προσώπῳ
3659 5341 3773 5393 Θεοῦ
3815 5343 3894 5380 κατ’

2380 5426 2602 5502 ἐφθειρεν
2640 5428 2724 5482 ἐπὶ
2755 5438 2848 5493 τῆς
2875 5438 2997 5503 γῆς,
3022 5438 3170 5487 πᾶσα
3196 5430 3256 5486 δὲ
3297 5430 3510 5487 διάνοια
3559 5423 3736 5504 κομιδῆ
3787 5432 3895 5491 προθ

2378 5516 2539 5573 ἔκειτο
2564 5528 2626 5580 τῆ
2677 5524 2919 5595 πονηρίᾳ,
2960 5522 3019 5574 οὗ
3069 5518 3276 5576 δίκαιον
3331 5519 3508 5585 ἔδοξεν
3566 5523 3642 5574 ἔτι
3680 5518 3733 5570 τὸ
3752 5513 3895 5575 πυτδὲίί
