4042 6214
210 285 350 365 ιω

1169 294 1439 368 Nisam
1465 301 1819 367 LAUDATIO
1858 306 1958 366 ss.
1977 306 2346 367 menaeus
2372 311 2458 368 ET
2487 312 2885 369 GABRIELIS.

3432 303 3569 375 4236

212 437 339 488 Θεοῦ
363 435 528 505 μένειν
557 429 607 483 ἕν
632 430 835 495 αὐτοῖς.
881 430 1033 486 Ὀθεν
1084 437 1178 492 τὴν
1229 434 1353 494 ὅλην
1405 432 1607 507 ἂθροως
1647 452 1809 487 κατα-

1920 442 2142 502 guntnr
2162 448 2429 501 munere,
2478 435 2584 492 sed
2631 436 2810 492 etiam
2867 434 3182 508 sapienter.
3238 438 3384 494 Sunt
3406 439 3567 495 enim

209 520 367 575 λῦσαι
402 529 525 593 γῆν,
556 526 647 573 καὶ
675 526 776 573 πᾶν
804 517 863 574 δί
883 524 941 573 τὸ
970 525 1164 585 ταύτης
1195 522 1476 595 ἀνάστημα
1529 531 1620 576 τοῦ
1677 529 1811 576 ϐιοῦ

214 608 527 682 βουλομένου
555 609 1025 685 καταστρέψασθαι
1054 608 1102 662 ἄν
1139 616 1284 685 χειρί
1341 631 1472 684 φασι
1524 621 1625 664 τῶν
1676 610 1814 681 ὑψη-

210 698 307 752 λῶν
336 701 529 753 τούτων
561 695 851 771 δυνάμεων,
912 702 1036 761 τούς
1088 719 1144 754 τι
1200 709 1301 753 τῶν
1357 701 1587 775 οὐρανῶν
1651 719 1812 753 κατα-

211 790 402 861 ράκτας
457 788 648 840 ἄνωθεν
706 786 1120 862 καταρραγῆναι,
1193 792 1284 851 τάς
1355 808 1408 843 τε
1487 793 1658 861 πηγὰς
1707 797 1810 842 τῶν

212 876 458 930 ἀϐύσσων
483 878 712 929 κάτωθεν
759 876 1136 951 ἀναρραγῆναι.
1195 876 1288 941 Οἷς
1342 877 1555 940 ἀπάσης
1618 882 1812 954 σαρκὸς

210 969 635 1036 καταπνιγείσης,
666 972 817 1037 μόνον
858 970 946 1018 τόν
1019 963 1226 1019 δίκαιον
1269 976 1383 1028 ταῖς
1430 970 1624 1021 τούτων
1685 987 1811 1043 προ-

208 1059 374 1115 νοίαις
430 1052 479 1106 ἄν
551 1053 756 1125 κιϐωτῷ
817 1054 992 1117 ξυλίνη
1058 1061 1367 1129 πανοικεσίᾳ
1425 1053 1808 1117 διασώζισθαι.

212 1143 469 1197 Ἐντεῦθεν
533 1145 769 1197 κάτεισιν
842 1147 933 1216 μὲν
986 1144 1259 1219 οὐρανόθεν
1290 1147 1316 1197 ὁ
1350 1148 1539 1218 Κύριος
1572 1144 1658 1199 ἐπὶ
1715 1149 1810 1205 τὴν

210 1240 331 1303 γῆν.
361 1231 610 1292 Ἀλλὰτίς
646 1234 678 1290 ἡ
728 1228 958 1295 κάθοδος
1003 1240 1095 1285 τοῦ
1147 1237 1234 1287 τὸν
1292 1234 1506 1306 οὐρανὸν
1556 1235 1671 1286 κατ’
1729 1234 1813 1289 οὐ·

215 1326 333 1374 σίαν
361 1325 451 1374 καὶ
488 1325 583 1379 τὴν
631 1328 733 1392 γῆν
782 1320 1181 1393 πεπληρωκότος
1211 1321 1317 1389 ;Ὀ
1359 1324 1507 1394 τάχα
1562 1326 1657 1381 τὴν
1700 1321 1811 1375 ἄπι-

214 1418 345 1482 pari
384 1418 486 1462 τῶν
506 1408 591 1462 ἐπὶ
614 1416 715 1481 γῆς
758 1412 917 1484 ἔργων
965 1410 1127 1463 αὐτοῦ
1173 1416 1511 1484 καινοτομίαν
1560 1419 1695 1465 Θεοῦ
1745 1420 1807 1470 τῆ

212 1504 385 1572 Γραφῆ
433 1496 725 1552 κατάϐασιν
784 1498 1029 1573 εἰρῆσθαι
1061 1516 1076 1566 ;
1109 1502 1329 1554 Κάτιισι
1382 1505 1555 1554 τοίνυν
1600 1507 1671 1559 πῆ

1919 520 2143 594 quibus
2174 522 2403 579 aditum
2434 525 2793 597 permittant,
2822 529 2880 580 et
2916 524 3078 580 viam
3132 525 3373 582 faciant.
3409 530 3567 594 Quo-

1917 625 2053 667 rum
2082 610 2570 670 videlicetdivina
2598 613 2883 686 quasdam
2914 620 3075 670 secta
3098 620 3186 671 est
3214 622 3271 671 et
3308 617 3565 674 caelestis

1918 698 2206 755 institutio
2243 699 2576 758 innocentis
2640 702 2794 767 vitae,
2853 701 2992 758 labe
3052 710 3365 776 segregata
3402 707 3568 763 omni

1918 789 2152 861 illisque
2217 789 2372 846 adeo
2438 790 2584 862 ipsis
2650 796 3014 863 perpurgata
3077 793 3356 850 sordibus
3420 811 3567 868 qua-

1917 894 2055 934 rum
2080 893 2210 934 esse
2233 878 2402 948 solet,
2466 879 2525 935 in
2592 880 2925 936 humilitate
2986 881 3295 938 tardorum
3358 898 3569 956 corpo-

1918 983 2054 1023 rum
2112 972 2403 1040 tanquam
2460 968 2522 1024 in
2581 969 2816 1025 sentina
2870 969 3039 1025 locus
3096 971 3393 1042 proprius.
3454 972 3568 1028 Illis

1917 1071 2060 1113 vero
2099 1071 2305 1111 rursus
2342 1056 2568 1115 vallum
2635 1057 3039 1130 insuperabile
3106 1075 3342 1116 moram
3366 1060 3575 1132 objicit

1918 1145 2360 1213 necessariam;
2405 1148 2501 1202 vel
2539 1147 2586 1203 si
2653 1152 2862 1204 contra
2915 1148 3204 1219 pergendi
3267 1150 3572 1207 obstinent

1919 1233 2257 1306 audaciam,
2300 1251 2524 1308 anceps
2564 1252 2886 1292 occurrens
2925 1236 3160 1307 gladius
3230 1238 3570 1310 periculum

1920 1323 2169 1379 intentat
2195 1339 2745 1398 prresens,quorum
2767 1325 3075 1398 cupiditati
3098 1326 3174 1383 ad
3195 1328 3569 1400 carpendum

1919 1410 2148 1481 lignum
2174 1414 2424 1470 vetitum
2461 1419 2685 1470 temere
2715 1414 3003 1486 praecipiti
3036 1414 3196 1485 juste
3234 1415 3433 1472 aditus
3472 1432 3570 1473 ne-

1920 1505 2110 1571 gatur,
2147 1503 2216 1557 Ut
2252 1507 2453 1558 autem
2483 1503 2681 1558 omnis
2717 1502 2936 1560 deinde
2965 1518 3105 1559 caro
3144 1503 3205 1559 in
3245 1510 3572 1578 conspectu

208 1593 313 1648 τοῖς
366 1586 432 1648 ιίς
497 1585 713 1662 οὐρανὸν
764 1591 859 1645 τὴν
912 1585 1165 1641 ἀνάϐασιν
1225 1587 1590 1660 οἰκοκομοῦσιν
1629 1586 1809 1658 ἀλογί-

1920 1589 2023 1646 Dei
2052 1590 2214 1646 viam
2236 1607 2411 1647 suam
2450 1591 2715 1663 corrupit
2751 1607 2933 1664 super
2972 1596 3210 1663 terram,
3254 1577 3570 1665 omnisque

208 1696 339 1738 στως
391 1679 487 1735 τὴν
532 1675 778 1748 γλῶσσαν
840 1681 1335 1751 καταμεριούμενος,
1386 1686 1458 1738 πῆ
1511 1674 1571 1730 δέ
1613 1677 1809 1740 ξενιζό-

204 1784 351 1838 μενος
442 1763 886 1840 ἆνθρωποπρεπῶς
981 1769 1125 1841 παρὰ
1196 1775 1268 1838 τῷ
1346 1765 1588 1839 ’Λϐραάμ
1614 1780 1627 1795 ⁸
1702 1762 1814 1820 εἶτα

204 1860 332 1929 πυρὶ
358 1858 449 1907 καὶ
489 1855 608 1926 θείῳ
653 1858 772 1915 τοὺς
824 1852 1097 1927 ἀθεμίτους
1152 1853 1399 1918 ἀπολλύς.
1454 1856 1809 1928 Συγκατίρχε·

203 1963 291 1997 ται
318 1945 484 2015 τούτῳ
509 1942 731 2013 Μιχαὴλ
763 1947 852 1996 καὶ
910 1942 1158 2019 Γαϐριὴλ,
1210 1943 1269 1997 οὐ
1315 1951 1407 2004 τῆς
1463 1941 1812 2016 ’Δϐραμιαίας

204 2035 355 2105 μόνον
446 2035 534 2087 καὶ
598 2030 742 2093 ξένης
822 2030 989 2094 ξενίας
1067 2031 1261 2093 ἐκείνης
1320 2039 1684 2094 κοινωνοῦντες
1736 2039 1810 2103 τῷ

206 2125 462 2194 Δεσπότῃ,
521 2118 651 2175 ἀλλὰ
735 2124 826 2177 καὶ
878 2125 1036 2175 παντὶ
1092 2123 1211 2193 θείῳ
1270 2121 1584 2193 κελεύσματι
1636 2122 1810 2195 θεαρί-

211 2229 347 2271 στως
406 2211 803 2283 ὑπουργοῦντες.
873 2210 1249 2283 Διαμιρίζουσι
1485 2212 1603 2267 ἔθνη
1674 2210 1811 2267 κατὰ

208 2298 454 2371 γλώσσας
481 2317 536 2357 τι
564 2303 654 2351 καὶ
683 2297 865 2370 φυλάς·
898 2297 1138 2361 ἑκάστοις
1196 2295 1256 2352 δε
1303 2301 1497 2354 τούτων
1565 2296 1810 2371 ἂγγελους

1918 1678 2199 1751 cogitatio
2220 1679 2299 1735 ad
2332 1678 2560 1736 malum
2597 1680 2821 1751 impetu
2851 1680 3081 1746 ruebat,
3104 1695 3227 1737 non
3267 1686 3356 1737 est
3375 1681 3571 1738 visum

1917 1770 2389 1822 consentaneum
2421 1772 2651 1822 tantam
2681 1767 2832 1823 inter
2870 1767 3271 1839 corruptelam
3315 1768 3417 1824 Dei
3447 1769 3572 1841 Spi-

1916 1854 2097 1912 ritum
2127 1855 2188 1910 in
2219 1854 2463 1911 homine
2506 1870 2880 1927 permanere.
2933 1856 3099 1912 Unde
3146 1872 3285 1913 cum
3314 1856 3414 1913 illa
3456 1861 3571 1914 Deo

1917 1943 2148 2001 sederet
2204 1944 2515 2010 sententia,
2577 1948 2796 2001 terram
2851 1943 3173 2000 delendam
3229 1945 3570 2003 universam

1915 2037 2145 2104 quanta
2169 2036 2257 2089 est
2275 2037 2334 2089 et
2360 2047 2605 2088 omnem
2636 2032 2766 2103 ejus
2799 2032 3146 2104 superbiam
3168 2032 3565 2101 obruendam,

1916 2118 2269 2176 sublimium
2297 2120 2512 2177 harum
2539 2120 2822 2177 virtutum
2858 2124 3104 2192 putatur
3132 2136 3281 2177 usus
3302 2121 3569 2179 ministe-

1914 2209 2003 2266 rio
2029 2209 2109 2266 ad
2127 2213 2461 2266 cataractas
2485 2208 2774 2267 cmlorum
2813 2209 3271 2281 perfringendos
3312 2210 3570 2283 desuper

1916 2301 1975 2355 et
2012 2297 2089 2354 ad
2128 2297 2333 2370 abyssi
2366 2296 2561 2354 fontes
2598 2296 2753 2355 infra
2788 2298 3181 2369 rumpendos.
3224 2300 3306 2355 Ex
3342 2298 3568 2372 quibus

1915 2402 2215 2460 aquarum
2253 2385 2628 2443 redundante
2683 2387 2858 2458 copia
2910 2402 3049 2443 cum
3088 2388 3382 2443 exstincta
3437 2402 3571 2443 esse

1892 2474 2117 2532 .omnis
2146 2490 2306 2545 caro,
2352 2490 2511 2531 unus
2542 2474 2741 2545 justus
2778 2490 2917 2531 cum
2954 2473 3180 2531 familia
3216 2474 3570 2531 eorumdem

219 2570 366 2637 Θεὸς,
394 2569 813 2638 καταστρέφουσι
859 2562 917 2618 δὲ
964 2570 1054 2619 καὶ
1100 2573 1442 2625 κατασπῶσιν
1472 2564 1560 2627 οὓς
1610 2560 1809 2626 ἔνδικος

1918 2564 2298 2637 providentia
2337 2567 2609 2620 servatus
2645 2562 2828 2619 fuisse
2868 2562 3078 2619 merito
3115 2563 3399 2621 creditur.
3428 2561 3571 2620 lnde

216 2654 465 2726 Ὑψίστου
568 2653 736 2727 ψῆφος
821 2650 1041 2707 ἇκδίωσι
1124 2654 1478 2729 πανωλεθρίῳ.
1574 2652 1809 2727 ’Δϐραὰμ

1920 2651 1997 2709 de
2021 2652 2175 2710 coelo
2223 2652 2510 2709 Dominus
2564 2649 2874 2713 descendit
2918 2651 2982 2708 in
3024 2656 3266 2711 terram.
3309 2650 3451 2717 Quis
3472 2652 3570 2711 hic

212 2744 441 2801 ἕντεῦθεν
479 2745 731 2817 ἡγίασται
762 2748 890 2815 Θεῷ,
932 2739 1004 2796 δι’
1035 2742 1090 2796 ὃν
1134 2749 1225 2799 καὶ
1268 2745 1296 2797 ὁ
1324 2745 1528 2816 ἔκγονος
1582 2742 1809 2799 ἄπαινιί-

1919 2741 2248 2799 descensus
2277 2745 2478 2797 autem
2498 2739 2649 2812 ejus,
2667 2740 2841 2813 cujus
2873 2741 3190 2812 prasentia
3214 2740 3435 2798 caelum
3455 2740 3569 2799 im-

208 2854 295 2888 ται
316 2831 546 2906 Ἰσραήλ.

1918 2830 2041 2904 plet
2068 2835 2127 2887 et
2149 2836 2367 2888 terram
2404 2830 2433 2886 ’ἲ
2461 2834 2550 2886 An
2603 2845 2900 2889 novorum
2955 2829 3106 2887 forte
3143 2846 3397 2905 operum
3427 2846 3571 2887 mox

205 2930 577 3006 edendorum
618 2946 801 3004 super
841 2935 1056 2988 terram
1124 2928 1414 2989 mirabilis
1451 2929 1682 2987 eﬂectio
1715 2930 1830 2986 hoc
1868 2944 1906 2986 a
1945 2929 2249 3001 Scriptura
2301 2927 2545 2984 nomine
2578 2926 2927 2997 designatur
2967 2926 2996 2982 7
3045 2927 3357 2984 Descendit
3389 2927 3571 2995 igitur

207 3037 369 3085 nunc
388 3020 707 3079 hominum
745 3021 1189 3093 conspiratione
1229 3020 1544 3076 temeraria
1582 3019 1661 3075 ad
1715 3016 2250 3075 conscendendum
2317 3016 2535 3072 coelum
2595 3015 2872 3072 insanam
2929 3016 3137 3072 turrim
3194 3015 3569 3072 molientium

206 3109 477 3180 linguam
536 3109 886 3169 divisurus:
919 3125 1080 3166 nunc
1119 3108 1539 3181 hospitalitatis
1591 3107 1847 3163 Abrahm
1896 3111 2181 3178 capturus
2236 3104 2749 3176 experimentum:
2816 3109 2943 3160 tum
3002 3104 3129 3175 igni
3165 3109 3223 3160 et
3284 3103 3570 3176 sulphure

206 3198 465 3254 incestos
496 3202 983 3270 consumpturus.
1028 3200 1179 3254 Eunt
1203 3196 1284 3253 illi
1333 3196 1581 3252 comites
1620 3193 1861 3252 Michael
1904 3199 1962 3251 et
2003 3193 2256 3250 Gabriel.
2304 3196 2431 3249 Non
2462 3197 2527 3248 ut
2571 3192 2902 3249 Abramasas
2950 3192 3365 3265 hospitalitatis
3414 3192 3570 3249 illius

205 3286 502 3344 inusitata:
522 3292 704 3360 atque
748 3286 829 3343 ab
874 3287 1193 3343 hominum
1239 3290 1368 3342 tum
1425 3285 1695 3342 moribus
1737 3283 2167 3356 peregrinantis
2218 3281 2479 3339 fructum
2544 3281 2724 3337 simul
2762 3297 2900 3337 cum
2955 3281 3203 3338 domino
3256 3281 3568 3353 prmsentis

208 3376 415 3447 gaudii
434 3375 829 3449 perciperent,
860 3375 964 3432 sed
993 3381 1055 3431 ut
1088 3375 1167 3432 ad
1213 3389 1394 3431 omne
1420 3374 1662 3444 signum
1705 3372 1919 3429 divinas
1956 3371 2277 3428 voluntatis
2333 3386 2637 3427 summam
2695 3370 2919 3442 ubique
2962 3370 3042 3427 ad
3080 3370 3340 3443 quodvis
3384 3370 3569 3427 obse-

208 3465 422 3538 quium
461 3480 647 3537 opera
670 3464 955 3521 navanda
970 3463 1339 3535 diligentiam
1377 3464 1891 3536 repraesentarent.
1942 3463 2152 3518 Gentes
2191 3459 2367 3529 igitur
2404 3460 2465 3515 in
2510 3459 2747 3530 linguas
2792 3464 2851 3516 et
2894 3459 3084 3517 tribus
3115 3459 3201 3515 illi
3247 3459 3566 3527 dividunt,

206 3561 338 3612 tum
371 3555 600 3612 eisdem
630 3554 880 3625 singulis
910 3559 1209 3613 curatores
1275 3553 1579 3626 quosdam
1622 3551 1869 3623 angelos
1916 3555 1974 3607 et
2017 3548 2302 3622 prmsides
2356 3548 2691 3619 prmﬁciunt
2738 3548 2937 3605 iidem.
2998 3551 3129 3604 .Iam
3173 3548 3253 3604 ad
3300 3564 3405 3605 eos
3451 3563 3569 3604 ser-

203 3644 444 3701 vandos
469 3659 626 3716 quos
655 3643 1006 3700 eximendos
1039 3660 1075 3701 a
1113 3643 1420 3700 communi
1461 3641 1631 3699 clade
1681 3645 1832 3697 Deus
1881 3637 2110 3695 censuit
2170 3652 2361 3709 quam
2408 3636 2599 3694 seduli
2655 3638 2850 3694 sunt?
2871 3653 2995 3710 qua
3013 3653 3117 3693 eos
3144 3638 3219 3706 vi,
3251 3653 3376 3710 qua
3401 3652 3569 3708 cura,

205 3749 395 3807 quam
448 3731 721 3790 beneﬁca
769 3737 1109 3805 protegunt,
1170 3731 1450 3804 eripiunt,
1502 3735 1693 3787 tutum
1724 3730 1784 3785 in
1828 3732 2134 3800 receptum
2181 3726 2442 3799 denique
2482 3727 2823 3799 perducunt
2874 3726 2967 3782 7E
3009 3728 3307 3785 contrario
3336 3743 3479 3784 vero
3507 3732 3574 3783 ut

202 3828 468 3891 vastant,
494 3821 763 3878 obruunt
790 3827 971 3894 atque
990 3821 1159 3878 omni
1188 3821 1495 3877 atrocitate
1524 3820 1585 3875 in
1626 3834 1730 3874 eos
1773 3817 2060 3874 detonant
2109 3814 2333 3887 quibus
2380 3815 2495 3871 hoc
2549 3816 2825 3872 meritum
2847 3816 3096 3873 exitium
3117 3818 3317 3886 justus
3368 3831 3573 3888 supre-

202 3911 292 3973 mi
316 3910 536 3981 judicis
567 3908 834 3967 calculus
857 3909 1252 3966 decreverat?
1276 3907 1583 3965 Abraham
1622 3905 1837 3963 exinde
1876 3902 2280 3963 sanctiﬁcatns
2319 3905 2438 3960 Deo
2477 3909 2586 3973 est,
2616 3903 2696 3960 ob
2724 3920 2907 3976 quem
2928 3910 2986 3960 et
3032 3919 3224 3977 nepos
3282 3906 3412 3975 ejus
3434 3903 3569 3959 lau-

201 4000 385 4061 datur
416 3997 619 4057 lsrael.

276 4088 456 4144 ”Δλλοι
485 4092 575 4160 μεν
624 4088 714 4143 οὖν
792 4106 891 4141 των
953 4088 1098 4143 θείων
1151 4085 1383 4159 ἀγγέλων
1432 4086 1597 4139 ἄλλων
1653 4083 1806 4139 ἇθνῶν

1986 4083 2168 4155 Igitur
2188 4081 2285 4140 alii
2315 4082 2562 4156 quidem
2594 4082 2779 4140 sancti
2807 4082 3271 4154 angelialiarum
3301 4082 3569 4153 gentium

213 2388 423 2463 ἐφόρους
478 2386 833 2459 ὶφιστάνουσι,
920 2392 1011 2445 καὶ
1062 2384 1376 2460 κηδιμόνᾳς.
1426 2392 1525 2442 Καὶ
1570 2388 1812 2462 ῥυόμενοι

214 2482 304 2552 μεν
341 2485 725 2550 περιποιοῦνται
801 2482 891 2533 καὶ
941 2477 1202 2538 σώζουσιν
1271 2476 1360 2540 οὓς
1431 2472 1738 2530 ἐδικαίωσεν
1785 2477 1812 2528 ὀ

199 4176 518 4243 προστατεῖν
544 4167 1051 4238 κατακεκληρωνται·
1104 4163 1247 4219 οὗτοι
1297 4165 1355 4221 δὲ
1414 4168 1665 4240 ἄρχοντες
1718 4170 1808 4217 καὶ

199 4262 569 4332 προασπὶσταὶ
620 4266 711 4311 τοῦ
787 4256 1003 4332 Ἰσραὴλ
1060 4259 1190 4331 πρὸς
1253 4262 1387 4308 Θεοῦ
1454 4252 1803 4327 διαττάχατο.

198 4348 359 4401 ⁴Οθεν
387 4355 459 4418 τῷ
480 4347 662 4400 Ἰσαὰκ
710 4348 741 4406 ἡ
784 4350 1027 4419 γέννησις
1082 4345 1412 4421 ξινοπριτινής⁸
1484 4345 1601 4399 κατ’
1650 4344 1807 4415 ἐπαγ-

200 4436 381 4510 γελίαν
451 4437 554 4509 γάρ
612 4437 711 4508 (3).
777 4437 1089 4508 Ξενοπριπὴς
1159 4430 1218 4486 δί
1266 4436 1427 4487 θυσία
1467 4435 1600 4507 μετὰ
1644 4441 1812 4486 ταῦτα

199 4529 599 4599 προσαγόμενος
678 4532 814 4598 φωνῇ
888 4522 1107 4596 ἀγγέλου
1204 4528 1452 4598 πατρῴας
1535 4527 1811 4595 μαχαίρας

197 4613 581 4680 ἀπηλλάττετο,
665 4617 829 4674 τύπος
926 4615 1200 4688 ἱερωτέρας
1286 4610 1811 4684 παραλαμϐανόμενος

199 4706 528 4777 ἱερουργίας.
586 4709 702 4767 Πῶς
792 4698 845 4755 δ’
923 4700 983 4754 ἂν
1036 4699 1223 4756 Ἰακὼϐ
1272 4709 1370 4763 τῆς
1423 4700 1810 4774 οὐρανομὴκους

194 4792 452 4864 κλίμακος
502 4791 715 4858 ἐκιίνης,
783 4796 871 4845 καὶ
920 4799 1017 4845 τῶν
1101 4788 1342 4843 ἀνιόντων
1400 4794 1490 4841 καὶ
1529 4793 1810 4843 κατιόντων

194 4877 275 4934 δι’
308 4879 471 4941 αὐτῆς
493 4876 742 4953 ἀγγέλων,
801 4880 832 4939 ἦ
894 4886 985 4933 τοῦ
1030 4875 1465 4952 ἐπιστηριγμένου
1511 4885 1644 4933 Θιοῦ
1701 4878 1812 4950 ἔνι’

182 4974 331 5041 γάνει
361 4968 620 5042 θεωρὸς,ἣ
678 4976 779 5023 τῶν
824 4967 1038 5041 ὕστερον
1090 4966 1342 5039 ὀφθεισῶν
1404 4965 1544 5038 αὐτῷ
1610 4988 1807 5044 παρεμ-

187 5057 379 5124 ϐολῶν,
428 5057 457 5117 ᾖ
509 5066 606 5120 τῆς
652 5060 784 5131 μετὰ
856 5064 947 5111 τοῦ
998 5057 1344 5130 Θεανθρώπου
1398 5054 1585 5128 πάλῆς,
1646 5056 1699 5122 ἐξ
1744 5059 1805 5112 οὗ

177 5147 371 5208 aiat-ri;
400 5146 617 5219 Ἰσραὴλ
674 5149 835 5219 ίτυχε
894 5148 1276 5219 προσηγορίας·
1328 5152 1433 5205 πῶς
1489 5143 1549 5197 ἄν
1607 5149 1802 5201 τούτων

1917 4172 2103 4229 sortiti
2133 4172 2545 4244 praefecturam
2576 4178 2734 4228 sunt.
2764 4172 2896 4229 Istis
2916 4177 3120 4229 autem
3150 4178 3319 4229 extra
3347 4176 3569 4228 sortem

1917 4261 2019 4317 Dei
2077 4260 2603 4318 commendatione
2646 4262 2851 4334 populi
2892 4259 3192 4318 [sraelitici
3228 4260 3477 4332 regendi
3514 4265 3572 4318 et

1915 4350 2268 4423 protegendi
2296 4350 2663 4408 demandata
2691 4357 2774 4407 est
2798 4352 3126 4423 provincia.
3171 4351 3340 4408 Unde
3376 4351 3571 4408 lsaaci

1915 4441 2220 4511 generatio
2241 4439 2550 4505 mirabilis,
2581 4445 2638 4496 et
2664 4440 3000 4513 inopinata,
3031 4457 3138 4513 per
3152 4440 3567 4514 repromissio-

1915 4544 2056 4587 nem
2086 4530 2247 4587 enim
2276 4536 2455 4586 natus
2474 4535 2582 4601 est,
2609 4545 2812 4588 eorum
2834 4532 3264 4589 administrata
3293 4547 3413 4589 esse
3428 4547 3568 4600 prus

1917 4620 2121 4676 (lentia
2148 4620 2425 4688 putanda
2455 4626 2558 4676 est.
2602 4620 2713 4686 Qui
2751 4620 2968 4677 deinde
3009 4625 3183 4677 Isaac
3223 4636 3360 4676 cum
3400 4619 3568 4676 altari

1917 4714 2076 4765 esset
2096 4708 2407 4779 inopinata
2436 4708 2677 4764 victima
2707 4708 3040 4780 impositus,
3062 4724 3205 4764 voce
3245 4707 3564 4779 prohiben-

1918 4796 1992 4854 tis
2032 4795 2229 4865 angeli
2271 4796 2501 4867 paterni
2555 4801 2643 4852 est
2680 4796 2863 4866 gladii
2900 4797 3163 4869 periculo
3203 4795 3561 4852 subtractus.

1918 4885 2061 4950 Quas
2090 4889 2259 4939 erant
2277 4884 2406 4954 jam
2436 4890 2561 4940 tum
2584 4885 2792 4941 omnia
2822 4885 2900 4941 ad
2950 4884 3260 4941 sanctioris
3291 4883 3564 4939 sacriﬁcii

1913 4972 2174 5043 ﬁguram
2196 4971 2529 5043 designata.
2557 4973 2874 5038 Quomodo
2890 4988 3032 5029 vero
3052 4973 3239 5029 Jacob
3273 4972 3560 5029 mirabilis

1910 5062 2067 5118 illius
2096 5060 2317 5117 ccelum
2344 5065 2515 5117 terra:
2555 5062 2976 5119 committentis
3018 5062 3195 5117 scala:
3235 5062 3562 5118 ascenden~

1911 5150 2182 5222 tiumque
2210 5164 2318 5221 per
2367 5164 2500 5205 eam
2543 5149 2897 5221 angelorum
2929 5156 3031 5206 aut
3068 5149 3561 5207 descendentium

176 5233 384 5300 ἦξίωτο
412 5243 505 5297 τῆς
539 5237 770 5311 θεωρίας,
836 5235 882 5289 εἰ
935 5238 1009 5308 μὴ
1064 5241 1175 5293 τοῖς
1227 5230 1635 5305 ἀρχαγγελικοῖς
1684 5239 1801 5290 τού-

1916 5238 2431 5311 incumbentisque
2458 5237 2539 5295 illi
2592 5238 2712 5308 Dei,
2756 5254 2964 5297 rursus
3016 5245 3346 5297 castrorum
3377 5256 3563 5313 appa-

173 5344 293 5389 τοις
374 5328 514 5386 νόοις
624 5326 977 5384 κατηυθύνετο
1094 5321 1532 5398 φρουρούμενοςς

176 5413 363 5489 αἴσια³
396 5417 486 5475 καὶ
535 5413 731 5488 Ἰωσὴφ
768 5413 982 5488 ὕστερον
1025 5411 1098 5474 εἰς
1127 5413 1391 5484 Αἴγυπτον
1439 5406 1795 5487 ὀδηγηθῆναι,

1580 5320 1684 5397 Ὑφ’
1730 5324 1797 5378 ὧν
1906 5328 2188 5397 rentium,
2222 5332 2352 5383 tum
2372 5327 2544 5384 luctas
2569 5344 2709 5385 cum
2755 5329 2961 5387 divino
3007 5330 3134 5386 viro
3162 5346 3300 5403 quas
3330 5329 3560 5386 lsraelis

1908 5417 1989 5477 illi
2009 5415 2477 5490 appellationem
2516 5418 2781 5491 peperit:
2815 5435 2936 5492 quo
2968 5420 3220 5493 inquam
3248 5418 3342 5476 ille
3373 5418 3557 5476 modo

252 5556 349 5635 (3)
372 5554 589 5632 Aliqua
612 5557 712 5615 hic
734 5555 941 5616 deesse
967 5555 1241 5613 videntur
1266 5553 1330 5611 in
1350 5555 1565 5614 Grmcis
1593 5572 1730 5633 quae
1768 5575 1881 5618 nos
1914 5560 2115 5619 Latine
2150 5560 2563 5635 supplevimus
2598 5561 3006 5637 probabiliter.
