4042 6214
598 279 734 335 1231

2028 268 2264 324 ADDEN
2269 267 2358 325 DA
2369 309 2385 326 .

3723 292 3820 348 H32

599 405 689 459 tot
717 408 873 458 esset
928 398 1255 470 taliumque
1301 411 1502 453 rerum
1536 399 1656 452 tam
1703 392 1993 469 praeclara
2044 391 2275 466 specie.

2379 395 2438 445 αἱ
2496 400 2587 455 τῆς
2659 394 2957 467 Αἰγυπτίων
3039 396 3215 472 ἀρχῆς
3270 398 3587 467 ἐπιλαϐέσθαι,
3628 412 3699 460 καὶ
3739 416 3826 487 πρὸς

601 490 952 561 visioneque
973 488 1273 557 dignatus,
1300 486 1412 541 nisi
1437 486 1653 542 harum
1691 482 2243 553 archangelicarum

603 579 893 635 mentium
932 575 1210 649 praesidio
1250 575 1471 648 ubique
1509 579 1567 631 et
1603 573 2032 644 gubernatione
2062 574 2248 627 utere-

603 674 720 726 tur.
740 670 1004 733 Quarum
1027 665 1205 722 etiam
1233 664 1449 721 deinde
1497 662 1675 720 credo
1727 661 2104 736 providentia
2134 660 2250 716 du-

605 762 768 813 ctum
790 756 1014 829 Joseph
1054 755 1115 810 in
1150 758 1474 828 Egyptum
1522 753 1600 810 ad
1625 753 1755 824 ejus
1804 750 2065 824 denique
2094 748 2255 820 genti

606 845 918 903 emersisse
937 844 1380 919 principatum:
1433 860 1557 916 quo
1596 848 1651 899 et
1672 841 1751 899 ad
1796 840 2253 906 humanitatem,

609 943 667 993 et
686 936 765 993 ad
788 935 1137 1006 religionem
1159 950 1304 990 usus
1346 939 1473 990 tum
1501 938 1788 1005 cognatos
1836 932 1913 987 ad
1964 946 2027 987 se
2048 945 2258 987 omnes

612 1027 851 1085 attraxit
879 1042 1043 1095 suos,
1077 1029 1203 1081 tum
1234 1024 1461 1081 alienos
1510 1027 1689 1095 atque
1728 1026 1959 1079 exteros
1988 1020 2066 1077 ad
2100 1020 2258 1091 ejus-

614 1118 753 1176 dem
814 1132 1019 1172 secum
1075 1114 1176 1171 Dei
1235 1114 1461 1170 cultum
1518 1111 1876 1186 provocavit.
1947 1114 2084 1167 Post
2132 1110 2261 1166 haec

612 1224 824 1267 rursus
868 1207 1018 1263 eruit
1070 1205 1357 1263 Dominus
1400 1221 1472 1261 ex
1517 1204 1936 1276 IEgyptiorum
1981 1201 2264 1259 manibus

615 1300 915 1364 lsraelem,
947 1296 1128 1353 modo
1154 1296 1283 1368 jam
1332 1295 1475 1351 satis
1525 1294 1739 1366 opinor
1786 1296 1930 1349 noto
1958 1290 2262 1349 omnibus.

618 1387 910 1461 Disruptis
938 1386 1095 1442 enim
1120 1385 1292 1458 aquis
1316 1384 1429 1440 illis
1465 1383 1778 1439 immensis
1833 1381 2080 1452 gurgitis
2107 1379 2267 1437 altis-

619 1478 755 1533 simi
775 1475 943 1532 siccis
963 1475 1256 1549 populum
1304 1472 1560 1546 pedibus
1610 1477 1779 1528 vasto
1797 1470 1947 1527 mari
1986 1469 2264 1527 traduxit.

622 1564 805 1636 Cujus
849 1563 1037 1635 ipsius
1094 1561 1377 1617 ﬂuctibus
1428 1565 1886 1633 persequentem
1935 1557 2136 1615 obruit
2198 1571 2268 1613 ac

621 1652 880 1726 perdidit
914 1650 1276 1724 Egyptium.
1299 1651 1609 1707 Servatum
1660 1649 1799 1706 hinc
1837 1647 2132 1722 populum
2163 1644 2271 1702 ad-

622 1742 812 1799 movit
841 1757 1012 1798 sacro
1048 1740 1257 1797 monti.
1302 1739 1408 1795 Ubi
1473 1738 1689 1795 divinis
1740 1755 1879 1794 eum
1932 1736 2184 1794 vocibus
2216 1739 2273 1792 et

622 1831 856 1903 legibus
873 1829 1209 1887 ccelestibus
1257 1828 1531 1885 erudivit.
1562 1832 1750 1900 Atque
1784 1827 1879 1883 hic
1909 1826 1969 1882 in
2009 1826 2266 1898 speciem

626 1921 739 1978 soli
765 1923 996 1993 Moyses
1034 1924 1091 1975 et
1127 1924 1327 1975 Aaron
1367 1916 1730 1990 excipiendis
1769 1916 1871 1973 Dei
1900 1916 2099 1972 verbis
2136 1929 2273 1988 por-

624 2011 918 2084 tentisque
937 2008 1337 2082 procurandis
1365 2010 1483 2064 Deo
1505 2006 1849 2081 populoque
1874 2005 2271 2062 ministerium

624 2100 949 2159 navabant.
977 2102 1054 2156 Re
1086 2104 1289 2156 autem
1313 2113 1452 2155 vera
1498 2096 1740 2154 Michael
1777 2101 1834 2153 et
1886 2095 2117 2155 Gabriel
2143 2110 2272 2152 om-

625 2205 765 2247 nem
788 2188 950 2246 illam
990 2188 1068 2245 ad
1099 2203 1310 2245 sensus
1335 2186 1691 2244 admirantis
1719 2185 1928 2258 populi
1948 2183 2272 2241 miraculo-

626 2294 762 2337 rum
793 2294 1085 2351 pompam
1105 2283 1162 2333 et
1190 2275 1570 2333 oraculorum
1603 2277 1868 2331 sonitum
1895 2290 1967 2331 ex
1987 2274 2275 2344 dignitate

631 2366 986 2439 legislatoris
1030 2366 1129 2422 Dei
1151 2366 1307 2422 clam
1337 2364 1865 2422 administrabant.
1906 2362 2277 2432 Quodigitur

596 2464 599 2469 '
629 2457 708 2513 illi
736 2459 1017 2528 praestare
1046 2453 1421 2520 videbantur,
1445 2453 1561 2509 hoc
1588 2469 1725 2510 vere
1754 2453 1849 2508 isti
1887 2451 2275 2525 praestabant.

633 2553 712 2602 Ac
751 2542 1268 2617 quemadmodum
1306 2542 1581 2598 omnium
1612 2546 1821 2599 auctor
1850 2541 2141 2614 sapientia
2170 2540 2276 2595 im-

633 2633 912 2691 mediatis
974 2632 1101 2689 istis
1141 2631 1232 2687 sui
1271 2630 1498 2687 consilii
1539 2630 1904 2688 administris
1953 2629 2229 2687 utebatur
2261 2645 2274 2684 :

634 2724 718 2779 sic
747 2722 843 2778 isti
864 2722 1030 2777 Mose
1050 2726 1107 2777 et
1126 2725 1357 2777 Aarone
1383 2720 1558 2793 quasi
1588 2720 1991 2776 secundarum
2017 2719 2279 2792 partium

633 2812 910 2869 ﬁdelibus
937 2809 1305 2885 quibusdam
1342 2809 1629 2866 ministris
1662 2808 1754 2865 usi
1791 2809 2148 2880 magniﬁcas
2173 2823 2281 2883 per

632 2902 796 2975 ipsos
818 2900 952 2958 illas
983 2905 1039 2958 et
1066 2899 1284 2956 divinae
1303 2899 1529 2956 indices
1558 2899 1836 2973 potentiae
1867 2899 2281 2972 prodigiorum

635 2991 1000 3050 mirabilium
1053 2989 1343 3047 editiones
1415 2993 1808 3047 ostentarunt.
1886 2992 2086 3062 Neque
2129 2990 2190 3045 id
2219 2990 2281 3045 in

2352 480 2530 535 ἑαυτὸν
2586 486 2676 556 μὲν
2716 484 2826 538 ὅλον
2879 486 3205 541 ἐπισπᾶσθαι
3259 492 3314 541 τό
3370 496 3609 564 aur/rvis,
3638 480 3826 571 πρὸς

2354 571 2470 622 κατ’
2500 571 2655 624 αὑτὸν
2692 570 2750 626 δὲ
2809 574 3098 629 θεοσέϐειαν
3146 582 3235 630 καὶ
3287 581 3399 641 τοὺς
3450 570 3697 656 ἀλλοτρίονς
3731 586 3832 658 ἔοικα-

2358 658 2584 720 λείσθαι.
2612 666 2758 716 Μετὰ
2795 672 2961 718 ταῦτα
3004 664 3156 718 πάλιν
3214 665 3415 729 ἐξείλετο
3464 652 3627 744 Κύριος
3668 652 3837 735 τῆςΠΑἰ-
3914 652 3915 663 γ

2361 760 2656 821 γυπτιακῆς
2684 756 2972 829 χειρὸςτόν
3004 755 3235 829 Ἰσραήλ.
3293 763 3424 811 Πᾶσι
3490 756 3543 812 δὲ
3596 756 3719 823 δῆλος
3758 768 3840 827 ἴσως
3914 802 3915 819 ι

2365 840 2391 890 ό
2436 848 2525 901 τῆς
2569 837 2752 904 ἐξόδου
2832 848 3041 916 τρόπος.
3085 842 3259 919 Ὕδωρ
3315 850 3411 921 γὰρ
3467 846 3670 903 ἀϐύσσου
3720 857 3841 929 μύριοι

2369 926 2660 1004 ἀναρρήξας
2688 934 2775 984 τόν
2804 934 2895 1004 μὶν
2935 932 3188 1007 ἀϐρόχοις
3214 931 3432 1009 διήγαγε
3478 942 3629 990 ποσίν·
3672 939 3708 992 ἐν
3750 926 3841 1013 «ira
3914 968 3915 971 π

2370 1013 2429 1069 δὲ
2458 1020 2544 1071 τόν
2568 1014 2800 1078 διώκτην
2832 1021 3110 1094 Αίγύπτιον
3140 1022 3392 1087 ἐξωλεσεν.
3440 1026 3519 1087 Εἰς
3560 1028 3655 1103 ὄρος
3698 1025 3744 1081 δξ
3790 1036 3843 1082 τὸν

2373 1113 2697 1182 σεσωσμένον
2773 1114 2905 1184 μετά
2980 1121 3147 1167 ταῦτα
3210 1122 3563 1187 προσαγαγὼν,
3631 1120 3842 1182 θεσπεσίαις
3914 1110 3915 1163 ἶ

2373 1205 2559 1268 φωναῖς
2587 1204 2677 1252 καὶ
2737 1202 2949 1274 θεσμοῖς
2998 1202 3257 1277 οὐρανίοις
3299 1202 3689 1278 ἐπαιδαγώγησεν
3731 1209 3845 1263 αὐτόν.

2370 1285 2467 1341 Ἦν
2496 1293 2665 1341 τοίνυν
2696 1287 2799 1342 ἐκεῖ
2826 1294 2882 1343 τὸ
2930 1295 3019 1365 μὲν
3071 1294 3341 1367 ὁρώμενον,
3382 1300 3561 1356 Μωσῆς
3599 1301 3672 1348 καὶ
3718 1297 3844 1369 ’Azpin

2375 1383 2509 1430 Θεοῦ
2533 1378 2731 1452 ῥήμασι
2760 1385 2847 1433 καὶ
2895 1385 3106 1457 τέρασιν
3166 1384 3577 1459 ὑπηρετούμενοι,
3621 1390 3670 1439 τὸ
3714 1392 3847 1459 νοοῦμε-

2375 1485 2455 1518 νον
2510 1463 2569 1519 de
2627 1469 2849 1540 Μιχαὴλ
2896 1476 2986 1524 καὶ
3034 1470 3274 1547 Γαβριὴλ
3325 1482 3421 1526 τῶν
3472 1477 3616 1549 ἔργων
3660 1483 3761 1528 Θεοῦ
3796 1482 3847 1526 καὶ

2376 1555 2561 1628 λογίων
2613 1568 2913 1630 πανευαγῶς
2994 1566 3385 1634 προεστηκότες.
3421 1562 3571 1637 Ὅπερ
3622 1565 3694 1616 οὖν
3738 1564 3851 1617 ἐκεῖνοι

2378 1646 2486 1707 τοῖς
2539 1646 2712 1710 ἄλλοις
2763 1651 3113 1726 καθεωρῶντο,
3189 1661 3341 1706 τοῦτο
3399 1663 3518 1726 γοῦν
3579 1651 3701 1707 οὗτοι
3730 1657 3853 1713 τούτοις

2378 1731 2756 1808 ἐχρημάτιζον.
2786 1744 2884 1792 Καὶ
2932 1744 3104 1815 ὥσπερ
3144 1743 3175 1801 ἡ
3226 1747 3539 1817 παντονργός
3581 1749 3711 1816 σοφία
3745 1739 3855 1796 duui-
3914 1800 3915 1803 η

2377 1843 2485 1885 νοις
2512 1828 2716 1889 τούτοις
2749 1826 2952 1900 ἀμίσως
2980 1838 3073 1891 τῆς
3094 1828 3237 1894 ἰδίας
3289 1831 3506 1905 ἐκέχητο
3564 1831 3723 1905 βουλῆς
3761 1832 3856 1890 οὕτως

2383 1914 2526 1966 οὗτοι
2555 1917 2733 1971 Μωσεῖ
2759 1923 2849 1971 καὶ
2888 1918 3085 1992 Ἀαρὼν
3115 1922 3217 1973 ὅσα
3256 1927 3345 1975 καὶ
3391 1924 3647 1998 ὑπηρέταις
3684 1936 3857 1996 χρωμεδοι
3914 1964 3915 1998 ἦ

2377 2010 2608 2071 πιστοῖς,
2639 2008 2728 2067 τὰς
2752 2009 3052 2069 πανσθενεῖς
3111 2007 3159 2061 ἐν
3216 2011 3396 2074 αὐτοῖς
3464 2010 3750 2075 ἐξεκάλυπτον
3791 2012 3856 2060 6a-

2383 2098 2618 2165 σημείας.
2648 2094 2789 2148 Ἀλλ’
2817 2096 2911 2148 οὐκ
2958 2096 3008 2148 ἐν
3063 2103 3239 2171 μόνοις
3286 2100 3493 2162 ἐκείνοις
3540 2103 3624 2160 τὰς
3670 2097 3855 2172 aquila?-

2379 2186 2502 2253 γίας
2531 2180 2876 2247 ἐπεδείξαντο.
2913 2191 3014 2241 Καὶ
3031 2196 3121 2241 τοῦ
3152 2190 3328 2247 Ἰησοῦ
3362 2186 3421 2243 δὲ
3444 2192 3567 2263 μετὰ
3612 2196 3747 2241 ταῦτα
3782 2190 3857 2257 πρὸς
3914 2212 3915 2239 ι

2382 2276 2478 2330 τήν
2507 2270 2887 2346 ἐπηγγελμένην
2927 2284 2998 2347 τῷ
3051 2277 3158 2349 λαῷ
3214 2288 3315 2350 γῆν
3371 2283 3768 2352 προπορευόμινοι,
3808 2282 3855 2324 ui

2383 2365 2477 2419 τὴν
2508 2358 2629 2414 ὁδόν
2679 2363 2839 2416 αὐτοῦ
2894 2368 3390 2437 κατασκευάζοντες,
3448 2373 3534 2421 καὶ
3576 2371 3681 2442 πρὸς
3723 2370 3857 2423 τὲντσὶ
3914 2370 3915 2385 ¹

2386 2458 2519 2503 Θεοῦ
2544 2454 2872 2506 κατάπαυσιν
2918 2455 3233 2527 εἰσάγοντες,
3301 2466 3533 2530 ποταμοῦ
3582 2460 3712 2529 φορὰν
3748 2454 3856 2505 ἀνακυ-

2386 2560 2625 2593 πτουσινο
2681 2547 2836 2614 τείχη
2914 2540 3054 2616 δίχα
3139 2549 3536 2620 μηχανημάτων
3586 2548 3857 2597 κατασείοντα·
3914 2528 3915 2539 ‘

2387 2626 2649 2691 δυνάστας
2670 2630 3112 2705 ἀναθεματίζουσι
3166 2644 3294 2707 γῆς,
3358 2637 3491 2690 Ἐκεὶ
3546 2632 3732 2707 Μιχαὴλ
3766 2630 3861 2705 ἀρχί-

2388 2722 2685 2792 στράτηγος
2740 2728 2932 2795 Κυρίου
3004 2726 3172 2785 καθὼς
3253 2722 3384 2799 ἀνὴρ
3464 2725 3747 2797 ἐσπασμένον
3783 2722 3864 2791 χειρὶ

2385 2814 2623 2881 κατέχων
2677 2810 2935 2885 ῥομφαίαν
3012 2811 3362 2887 ὀπταζόμενος
3438 2814 3607 2867 ἑαυτὸν
3671 2815 3775 2870 ὅστις
3824 2810 3863 2857 Si:

2387 2902 2692 2973 παρέφηνεν,
2723 2905 2813 2952 καὶ
2842 2900 2976 2954 λύειν
3006 2905 3065 2954 τὸ
3100 2899 3363 2977 ὑπόδημα
3410 2905 3677 2979 παρηγγύα
3722 2906 3773 2969 τῷ
3808 2895 3869 2950 ἠ’

2391 2995 2506 3058 σοῦ,
2546 2994 2636 3041 καὶ
2662 2986 2828 3061 μηδὲν
2850 3010 3000 3063 παχυ
3025 2996 3116 3045 καὶ
3143 2991 3467 3053 ἀναίσθητον
3491 3001 3576 3046 τοῦ
3619 2992 3759 3063 γηῖνον
3799 3002 3869 3055 goes

636 3088 841 3141 monte
870 3085 1100 3139 tantum
1129 3081 1321 3138 autin
1359 3079 1619 3137 deserto.
1653 3082 1850 3136 Jesum
1874 3079 2034 3136 enim
2072 3084 2275 3153 postea

2389 3082 2615 3149 νήματος
2643 3076 2948 3151 ἐπάγεσθαι.
2980 3084 3045 3143 ὡς
3113 3078 3222 3141 ἤδη
3284 3091 3384 3145 τῆς
3442 3084 3585 3154 ἁγίας
3627 3076 3869 3132 intentatam

638 3175 719 3232 ad
745 3174 1113 3247 promissam
1150 3170 1233 3227 illi
1262 3169 1487 3243 populo
1515 3175 1733 3226 terram
1759 3170 1932 3226 solita
1970 3169 2284 3242 providen-

639 3265 724 3321 tia
779 3262 1096 3337 prosecuti,
1142 3265 1550 3334 praeparantes
1589 3260 1811 3333 ubique
1840 3276 1910 3317 ac
1950 3260 2285 3317 munientes

637 3358 798 3413 viam
826 3357 886 3410 et
921 3352 1000 3409 ad
1040 3351 1141 3407 Dei
1178 3352 1446 3424 requiem
1482 3349 1854 3416 inducentes,
1896 3349 2057 3405 ﬂuvii
2083 3349 2287 3406 refrin-

641 3446 792 3514 gunt
845 3440 1160 3513 impetum,
1211 3455 1419 3495 muros
1477 3438 1603 3494 sine
1656 3438 1952 3494 machinis
1999 3443 2285 3511 evertunt,

639 3532 932 3603 dynastas
986 3529 1117 3599 ejus
1164 3532 1333 3583 terra:
1379 3527 1526 3583 diris
1548 3531 1604 3583 et
1651 3526 1997 3584 efﬁcacibus
2023 3543 2290 3584 exsecra-

640 3618 905 3675 tionibus
925 3617 1237 3673 devovent.
1267 3615 1367 3671 Hic
1400 3616 1642 3673 Michael
1677 3617 1959 3689 princeps
1999 3617 2290 3673 exercitus

643 3707 879 3764 Domini
933 3705 1037 3762 viri
1086 3706 1284 3778 specie
1327 3705 1709 3775 evaginatum
1771 3721 1962 3761 manu
2035 3707 2291 3763 tenentis

641 3795 912 3867 gladium
971 3809 1287 3868 apparens,
1339 3794 1476 3866 quis
1531 3799 1687 3851 esset
1733 3794 2055 3851 declaravit
2125 3799 2183 3851 et
2228 3799 2293 3853 ut

640 3884 1045 3942 calceamenta
1069 3883 1319 3939 solveret
1342 3884 1519 3938 Josue
1543 3884 1828 3955 praecepit
1859 3901 1871 3939 :
1906 3898 1978 3939 ea
2006 3898 2068 3939 re
2100 3884 2291 3953 signi-

638 3971 828 4028 ﬁcans
854 3972 902 4028 si
925 3970 1071 4044 quid
1103 3976 1446 4027 concretum
1486 3976 1612 4028 erat
1667 3976 1843 4044 atquc
1898 3970 2083 4027 hebes
2104 3972 2289 4029 tardae

640 4068 1005 4133 terrenaeque
1058 4060 1370 4131 cogitionis
1410 4059 1835 4116 excutiendum
1895 4075 2025 4115 esse
2109 4077 2289 4117 omne

636 4167 745 4223 per
764 4156 980 4207 terram
1002 4151 1128 4221 jam
1161 4155 1433 4207 sanctam
1484 4149 1858 4221 ingredienti.
1919 4149 2078 4205 Idem
2106 4150 2289 4207 ambo

638 4244 853 4311 postea
882 4244 945 4295 ut
971 4240 1335 4295 sanctiorum
1399 4254 1780 4311 quorumque
1814 4238 2089 4310 judicum
2121 4244 2178 4294 et
2202 4255 2289 4294 re-

639 4344 785 4396 gum
825 4328 1025 4397 gloriae
1064 4327 1351 4383 servirent
1411 4328 1533 4382 vim
1573 4326 1885 4383 clementis
1945 4327 2285 4384 attulerunt.

637 4415 865 4476 Caelum
915 4431 1056 4474 cum
1113 4415 1236 4473 sole
1300 4419 1359 4473 et
1418 4416 1592 4474 astris
1631 4415 1959 4489 aliquando
2014 4415 2290 4488 quidem-

638 4512 795 4565 stare
821 4507 1242 4580 coegeruntad
1262 4508 1553 4577 integram
1603 4506 2126 4579 consumptionem
2182 4508 2289 4564 im-

633 4598 893 4673 piorum.
926 4600 1373 4670 Nonnunquam
1417 4611 1554 4652 vero
1611 4611 1821 4651 cursus
1868 4600 2167 4653 astrorum
2199 4613 2286 4653 re-

633 4690 932 4747 torserunt
957 4686 1229 4743 omnium
1250 4686 1330 4742 ad
1350 4701 1490 4741 SUOS
1536 4689 1693 4741 retro
1748 4700 2013 4742 carceres
2060 4686 2283 4744 ΓΘῘῘΘΧΟ

629 4780 879 4853 impetu,
901 4781 966 4833 ut
990 4792 1062 4833 eo
1092 4775 1366 4848 prodigio
1392 4774 1527 4831 vita;
1557 4774 1925 4846 promissum
1948 4776 2283 4834 auctarium

630 4868 791 4925 ﬁdeli
815 4866 941 4937 regi
970 4866 1412 4922 conﬁrmarent.
1459 4863 1849 4921 Abstulerunt
1870 4865 2047 4937 bella,
2078 4882 2114 4921 a
2145 4881 2284 4937 gen-

629 4957 792 5014 tibus
834 4954 1033 5028 impiis
1062 4954 1235 5010 tutati
1265 4951 1545 5009 Israelem
1572 4958 1729 5011 sunt.
1759 4957 2040 5026 Satrapas
2062 4954 2282 5011 multos

630 5051 688 5102 et
748 5060 1005 5117 magnos
1086 5044 1256 5116 signo
1312 5043 1559 5117 quidem
1619 5044 1696 5100 ad
1752 5044 2107 5100 memoriam
2179 5049 2283 5103 aut

628 5134 877 5205 vestigio
938 5133 1139 5189 relicto
1222 5150 1291 5191 ex
1362 5138 1516 5191 terra
1581 5132 2068 5190 exterminarunt.
2129 5137 2278 5192 Nam

629 5222 677 5276 si
703 5222 935 5295 absque
963 5222 1075 5278 illis
1097 5222 1678 5295 fuisset,potueratne
1706 5239 1842 5278 cum
1875 5223 2148 5279 trecentis
2172 5225 2275 5281 Ge-

625 5309 777 5366 deon
833 5310 1140 5384 myriadas
1199 5311 1542 5368 debellare?
1592 5316 1654 5370 Et
1700 5311 1867 5385 quod
1904 5328 2112 5384 quaeso
2155 5319 2274 5371 tam

624 5399 881 5456 ferreum
910 5400 1177 5473 corporis
1233 5417 1303 5457 ac
1343 5401 1699 5457 lacertorum
1754 5401 1940 5458 robur
1996 5404 2274 5461 Samsoni

622 5491 955 5548 suﬂecisset
986 5506 998 5547 :
1028 5495 1131 5548 aut
1150 5508 1287 5566 qum
1308 5490 1551 5550 tandem
1571 5491 1632 5547 id
1662 5491 1776 5549 hoc
1815 5492 2030 5551 durare
2052 5495 2275 5568 potuis-

618 5586 712 5640 set
739 5580 890 5644 asini
919 5581 1165 5642 maxilla
1194 5586 1260 5642 ut
1294 5582 1377 5643 ita
1413 5579 1850 5643 Philistinorum
1915 5586 2270 5648 exercitibus

2390 3176 2507 3240 γῆς.
2560 3166 2779 3220 Ἔπειτα
2841 3178 3029 3243 κριτῶν
3086 3176 3175 3224 καὶ
3222 3170 3487 3246 βασιλέων
3538 3178 3639 3232 τοῖς
3681 3163 3871 3221 εὐσεϐεστέ·

2391 3276 2504 3333 ροις
2556 3256 2943 3330 μεγαλύνοντες,
3027 3268 3349 3335 τυραννοῦσι
3420 3268 3661 3334 στοιχεῖα.
3729 3252 3869 3328 οὐρπιέτ

2398 3352 2491 3400 σὺν
2522 3346 2649 3419 ἡλίῳ
2702 3353 2794 3401 καὶ
2844 3350 3057 3423 ἄστροις
3114 3352 3237 3403 ποτε
3286 3355 3384 3425 μὲν
3442 3354 3643 3405 ἱστῶσιν
3688 3347 3739 3407 εἰς
3774 3342 3873 3394 fuit"

2395 3436 2533 3490 λειαν
2591 3433 2880 3510 δυσμενῶν·
2952 3443 3073 3492 ποτε
3154 3437 3213 3493 ὃε
3276 3441 3589 3514 παλίνορσον
3610 3437 3873 3505 ἀναστρέῖθντί

2397 3530 2456 3580 τὸ
2482 3533 2601 3593 πᾶν,
2632 3536 2805 3598 πιστῷ
2828 3527 3041 3601 βασιλεί
3078 3530 3221 3593 ζωῆς
3279 3534 3615 3604 πιστούμενοι
3656 3524 3875 3600 προσθεῖεν.

2395 3616 2797 3690 Ἀνταναιροῦσι
2843 3617 3097 3691 πολέμους
3180 3625 3575 3695 περὶποιοῡνται
3644 3620 3715 3669 τὸν
3748 3603 3875 3680 Ἶσρὲεὲλ

2399 3704 2551 3758 ἐθνῶν
2601 3704 2820 3777 ἀσεϐῶν,
2891 3713 2980 3761 καὶ
3032 3717 3316 3785 σατραπῶν
3365 3709 3558 3763 πολλῶν
3616 3725 3692 3759 και
3736 3696 3875 3774 μεγίλειπ

2398 3800 2726 3867 μνημόσυνον
2754 3796 2809 3847 ἐκ
2866 3804 2961 3858 τῆς
3025 3806 3126 3869 γῆς
3177 3807 3560 3875 περιαιροῦσιν.
3622 3801 3719 3853 Πῶς
3762 3788 3801 3839 ab
3835 3788 3876 3881 ῖς

2399 3882 2527 3937 δεὼν
2575 3883 2625 3936 ἐν
2704 3889 3029 3957 τριακοσίοις
3110 3886 3388 3961 ἐκστράτει
3436 3881 3817 3963 μυριάδων;ιιτῖ›ς
3849 3884 3879 3918 ιε

2398 3973 2620 4046 Σαμψὼν
2650 3974 2806 4047 ἰσχύϊ
2833 3980 3068 4049 σώματος
3110 3981 3241 4049 μόνη
3278 3979 3308 4037 ἦ
3345 3982 3550 4050 σιαγόνι
3597 3979 3696 4026 ὄνου
3736 3974 3802 4024 τῆς
3826 3966 3881 4009 tsi}!

2399 4061 2688 4136 ἀλλοφύλων
2749 4065 2879 4117 οὕτω
2960 4065 3240 4126 κατέπαιζε
3305 4063 3573 4139 δυνάμεως
3601 4081 3614 4132 ;
3642 4059 3734 4114 Οὐκ
3777 4052 3815 4104 ἂν
3846 4052 3879 4100 t7

2398 4157 2562 4225 μέγας
2612 4155 2756 4227 παρὰ
2822 4158 2995 4228 Κυρίῳ
3048 4155 3310 4227 Σαμουὴλ.
3374 4156 3487 4209 Οῦκ
3542 4140 3789 4206 amat

2397 4245 2598 4295 πάντων
2624 4244 2910 4318 ὑπερέσχεν
2941 4242 3162 4316 ἐχθρῶν,
3196 4244 3309 4297 Οὐκ
3336 4244 3398 4297 ἀν
3429 4240 3543 4297 οὐδ’
3594 4242 3727 4299 αάτὸς
3772 4227 3879 4283 ‘ulia;

2395 4335 2556 4406 πυρὸς
2587 4331 2929 4408 φοϐερώτερος
2984 4340 3089 4393 τοῖς
3143 4339 3388 4408 πυρίνοις
3438 4337 3603 4407 ἔργοις
3659 4324 3875 4393 καθεωρᾶτε,

2395 4426 2484 4474 καὶ
2530 4424 2694 4494 πυρὸς
2741 4421 2901 4494 ἄματι
2961 4425 3090 4495 πρὸς
3152 4422 3409 4495 οὐρανούς
3458 4424 3718 4495 ὀχούμενος
3760 4404 3876 4461 timur
3914 4420 3915 4427 ‘

2394 4530 2509 4565 πτο.
2546 4507 2677 4563 Οὗδ’
2707 4512 2768 4562 οἶν
2793 4529 2867 4571 τις
2893 4510 3042 4573 ἄλλος
3092 4519 3191 4563 τῶν
3241 4515 3423 4566 ἐνθέων
3471 4513 3635 4584 λόγοις
3672 4510 3745 4558 καὶ
3778 4503 3877 4570 ἔργθες

2393 4603 2644 4672 ἐπίσημος
2671 4597 2892 4672 ἐγεγόνει
2912 4608 3205 4675 προφητῶν,
3240 4601 3285 4653 εἰ
3346 4606 3419 4675 μὴ
3487 4606 3669 4658 νοητῶς
3701 4600 3739 4644 οἱ
3768 4584 3876 4659 κράτι·

2393 4707 2510 4744 στοι
2538 4697 2638 4742 τῶν
2679 4693 2804 4742 νόων
2846 4685 3127 4763 κηδεμόνες
3174 4690 3409 4766 λαμπροὶ
3457 4688 3798 4766 προεστηκότες,

2389 4791 2489 4834 τῶν
2529 4776 2665 4833 ὁδῶν
2718 4778 2906 4845 αὐτῶν,
2986 4784 3076 4831 καὶ
3125 4787 3227 4831 τῶν
3270 4783 3435 4853 ἔργων
3491 4776 3809 4854 προηγούμενα
3842 4773 3877 4811 εεᾶ

2389 4878 2489 4924 πᾶν
2541 4870 2737 4942 θέλημα
2808 4870 2938 4921 θεῖον
3011 4871 3339 4927 aumatium
3400 4869 3599 4929 αὐτούς,
3649 4860 3741 4916 ¹Υπ’
3776 4860 3915 4942 σπειςῆ

2388 4966 2478 5013 καὶ
2508 4966 2643 5035 τρεῖς
2671 4962 2861 5010 νεανίαι
2903 4956 3089 5030 φλογός
3140 4962 3360 5031 καμίνου
3428 4960 3689 5030 καιομένης
3739 4949 3786 5003 ὡς

2392 5046 2587 5112 στάδος
2638 5047 2896 5107 ἀλώϐητοι
2966 5047 3437 5118 κατεπιϐαίνοντες,
3478 5052 3563 5101 τόν
3606 5046 3782 5112 Σωτῆρα
3818 5041 3877 5078 τειξ
3914 5030 3915 5069 ἶ

2387 5144 2563 5213 ῦμνόις
2613 5141 2917 5215 χορεύοντες
2996 5136 3299 5204 ἐδεξιοῦντο.
3367 5138 3480 5193 “Υπ’
3554 5129 3723 5193 αὐτοῖς,
3778 5132 3875 5187 02"“!

2385 5234 2474 5284 καὶ
2501 5231 2672 5291 Ἰωνᾶς
2720 5233 2809 5304 μὲν
2860 5229 3041 5291 ἀσινὴς
3095 5240 3194 5282 τῶν
3249 5229 3398 5283 ἁλίου
3433 5226 3725 5298 σπλάγχνων
3758 5211 3877 5304 ἐξὲξ,ᾧὲ
3914 5211 3915 5239 1

2386 5323 2561 5397 θηρός.
2618 5300 2805 5379 Δανιὴλ
2849 5316 2907 5372 δὲ
2924 5319 3136 5372 λεόντων
3170 5316 3351 5382 δεινῶς
3404 5319 3724 5392 βρυχομένων
3770 5300 3877 5391 dixit:

2384 5430 2603 5477 σωσται,
2658 5415 2747 5463 καὶ
2804 5408 3106 5482 ’Λμϐακοὺμ
3160 5412 3248 5483 μεν
3291 5407 3343 5461 ἐν
3396 5410 3522 5484 ῥιπῆ
3576 5398 3874 5487 βλέμμαΐοίιίί

2380 5500 2705 5577 Ιερουσαλὴμ
2757 5498 2831 5560 εἰς
2908 5498 3181 5553 Βαϐυλῶνα
3244 5505 3315 5569 τῷ
3376 5499 3540 5574 ῥοίζῳ
3584 5496 3730 5548 τούτω

2379 5611 2491 5659 σιος
2521 5594 2675 5666 ἤγετο
2719 5586 2927 5648 δεῖπνον
2953 5589 3265 5667 ἔπικομίζων
3302 5595 3378 5664 τῷ
3420 5585 3618 5648 Δανιὴλ.
3659 5581 3736 5637 Ὀν
3770 5569 3879 5627 δεταί

3367 5139 3379 5153 ε
