4042 6214
229 318 356 394 1233

1038 321 1306 379 NICETE
1339 320 1687 380 LAUDATIO
1721 320 1818 388 SS.
1849 323 2219 386 MICHAELIS
2251 330 2336 389 ΕΤ
2363 331 2742 390 GABRIELIS.

3425 335 3566 392 1234

226 461 310 504 τας
359 439 760 516 αἰνιγματώδεις
815 444 1025 518 ὁράσεις
1104 455 1204 500 τῶν
1267 446 1645 521 ἐκϐησομένων,
1706 447 1812 503 ἐκεῖ

1933 449 2192 510 tlluderet
2214 455 2242 512 ?
2271 460 2357 513 An
2381 472 2506 514 non
2534 458 2673 514 inde
2703 470 2961 528 magnus
2994 460 3119 515 erat
3172 457 3413 515 Samuel
3475 474 3572 517 co-

230 532 500 595 συνετίζων
557 535 739 608 ὁρᾶται
800 534 1045 608 Γαϐριὴλ.
1097 535 1184 592 Ἐκ
1235 545 1326 600 τῆς
1385 537 1679 600 Βαϐυλῶνος
1754 535 1814 593 δὲ

225 624 534 696 μετὰταῦτα
564 619 640 676 δι’
667 623 833 678 αὐτῶν
880 624 1098 700 Ἰσραήλ
1147 629 1274 702 πρὸς
1329 631 1417 686 τὴν
1473 627 1813 702 Ἰερουσαλήμ

229 710 571 786 ἀνεκομίζετο.
619 713 893 778 Πλεονοίκις
947 714 1056 782 οὖν,
1109 716 1172 768 ἵν’
1221 721 1346 770 εῖπω
1397 717 1638 785 συνελὼν,
1719 724 1812 774 τοῦ

229 809 354 857 Θεοῦ
403 805 496 877 μὲν
557 801 912 878 ὀλιγωροῦτες,
977 808 1100 879 πρὸς
1159 807 1305 870 θεούς
1361 803 1421 860 δὲ
1473 806 1814 880 αὐτομολοῦν-

224 911 324 959 τες,
419 900 530 954 τοῖς
640 891 850 968 ἓχθροῖς
923 895 1298 959 ὑποπίπτοντες
1369 895 1764 970 ἓπρονομεύοντο
1795 918 1809 934 ·

229 980 492 1043 Πλεονάκις
550 979 608 1036 δὲ
653 987 742 1042 τὴν
805 985 942 1037 θείαν
995 983 1385 1058 ἐπικεκλημένοι
1449 985 1636 1061 ῥοπὴν,
1720 983 1815 1040 διὰ

224 1078 318 1124 τῶν
368 1070 578 1142 ὑψηλῶν
630 1074 824 1126 τούτων
886 1078 976 1127 καὶ
1051 1073 1304 1150 λαμπρῶν
1371 1074 1813 1150 ἀρχιστρατήγων

227 1169 312 1224 τῆς
353 1160 594 1234 χαλεπῆς
639 1164 729 1234 μεν
782 1159 1090 1238 τυραννίδος
1149 1164 1482 1239 πολυτρόπως
1542 1164 1815 1225 ἀπηλλάτα

225 1270 388 1320 τοντο,
410 1257 524 1313 ταῖς
551 1249 742 1306 ἑαυτῶν
765 1247 826 1308 δι
879 1273 1107 1328 χωραις,
1156 1259 1245 1307 καὶ
1298 1254 1500 1322 πόλεσι,
1550 1259 1640 1308 καὶ
1703 1262 1814 1319 τοῖς

227 1339 429 1404 οἰκείοις
469 1339 884 1396 ἀποκαθίσταντο
959 1345 1184 1416 θεσμοῖς.
1241 1344 1392 1398 Οὕτω
1439 1348 1530 1417 μὲν
1575 1343 1624 1397 οἱ
1683 1364 1815 1397 παν-

228 1427 369 1484 ἀῦλοι
423 1439 518 1493 τῆς
594 1439 924 1505 πανηουργοῦ
1011 1437 1196 1506 σοφίας
1272 1453 1372 1487 των
1459 1431 1814 1510 ἀρχαιοτέρων

219 1516 638 1593 ἐπιτηδευμάτων
703 1523 958 1596 ὑπουργοὶ
1014 1526 1104 1576 καὶ
1155 1519 1392 1576 διάκονοί
1467 1525 1812 1582 καθειστήκε-

220 1629 312 1663 σαν
331 1606 672 1686 δραστήριοι.

1919 556 2053 598 ram
2084 544 2336 602 Domino
2353 547 2381 602 ‘?
2398 550 2525 604 Non
2550 547 2816 604 indidem
2839 547 3111 604 hostibus
3133 548 3257 604 suis
3278 548 3566 606 omnibus

1923 632 2193 704 superior
2223 633 2332 692 fuit
2364 637 2548 694 David
2577 637 2606 693 ’ἲ
2635 641 2762 694 Non
2792 636 2888 694 ille
2919 637 3047 710 ipse
3076 636 3229 694 Elias
3271 654 3384 694 suo
3439 639 3572 712 ipso

1920 720 2059 792 igne
2087 722 2398 782 terribilior
2426 726 2618 798 igneis
2648 725 2932 799 operibus
2985 726 3343 783 cernebatur
3390 729 3418 786 ?
3461 730 3573 795 Qui

1885 813 1980 868 ’et
2006 827 2184 868 curru
2213 814 2439 871 vehens
2475 815 2653 886 igneo
2705 819 3058 888 assumptus
3108 817 3170 872 in
3227 815 3410 874 caelos
3460 822 3570 875 est.

1920 901 2123 974 Neque
2151 916 2332 976 porro
2361 904 2683 978 quisquam
2705 903 2857 961 alius
2881 904 3224 962 divinorum
3252 906 3575 980 propheta-

1922 1005 2058 1047 rum
2083 991 2356 1051 doctrina
2374 993 2631 1051 rebusve
2648 993 2828 1065 gestis
2847 993 3027 1067 paulo
3048 994 3262 1051 exstitit
3291 994 3572 1056 illustrior

1923 1081 2018 1137 cui
2070 1097 2194 1138 non
2242 1083 2340 1139 isti
2387 1083 2722 1142 caelestium
2770 1083 3082 1157 spirituum
3151 1085 3458 1158 praecipui,
3517 1091 3574 1144 et

1923 1169 2108 1226 duces
2145 1170 2363 1228 fuerint
2391 1173 2688 1239 itinerum,
2732 1177 2788 1230 et
2829 1172 3132 1244 adjutores
3189 1188 3463 1246 operum,
3518 1179 3575 1232 et

1923 1258 2088 1315 omni
2119 1262 2330 1317 caetera
2359 1265 2704 1318 curatorum
2730 1262 3094 1335 optimorum
3114 1261 3406 1336 complexi
3435 1279 3574 1337 pro-

1922 1347 2443 1416 videntiaTmotum
2470 1366 2715 1407 omnem
2736 1355 3192 1424 etprogressum
3213 1367 3334 1425 quo
3347 1369 3471 1408 suis
3494 1352 3573 1410 ad

1923 1438 2312 1496 assectandos
2339 1439 2557 1496 divinis
2591 1439 2910 1497 voluntatis
2944 1445 3125 1497 nutus
3153 1441 3401 1498 occultis
3440 1459 3573 1499 mo-

1922 1527 2060 1584 nitis
2091 1531 2146 1585 et
2169 1528 2548 1586 instinctibus
2604 1529 2946 1587 direxerint.
3006 1530 3072 1586 Hi
3127 1529 3319 1587 tribus
3372 1533 3575 1605 pueris

1922 1615 1985 1672 in
2011 1615 2243 1673 ardenti
2271 1616 2514 1674 fornace
2564 1617 2847 1675 ﬂammas
2895 1622 3188 1692 tanquam
3237 1617 3575 1676 thalamum

215 1699 449 1757 innoxie
469 1699 841 1757 calcantibus
869 1701 1254 1774 hymnosque
1279 1700 1577 1758 Servatori
1615 1701 1798 1758 mixto
1850 1703 2073 1776 plausu
2120 1705 2478 1762 chorearum
2527 1705 2984 1764 concinentibus
3037 1709 3313 1763 auctores
3393 1706 3577 1763 iidem

217 1794 268 1847 et
294 1789 608 1862 participes
625 1789 842 1847 laetitia
872 1791 1162 1848 consertis
1213 1791 1508 1848 haerentes
1546 1791 1852 1860 manibus,
1907 1808 2056 1850 voce
2104 1797 2394 1869 motuque
2439 1794 2753 1868 praeibant.
2812 1795 2964 1862 Quin
3013 1795 3092 1851 ab
3146 1795 3373 1852 eisdem
3428 1799 3576 1868 puto

215 1879 430 1936 factum
455 1883 521 1936 ut
541 1894 612 1935 ex
643 1879 894 1939 marinae
918 1884 1122 1938 ventre
1141 1880 1358 1938 bellum
1389 1881 1516 1936 sine
1561 1896 1722 1938 noxa
1761 1882 1952 1940 Jonas
1999 1883 2280 1954 exsiliret,
2345 1888 2531 1958 utque
2584 1884 2740 1941 inter
2793 1883 2998 1941 leones
3047 1883 3422 1942 horrendum
3481 1901 3579 1942 ru-

216 1971 437 2040 gientes
482 1969 712 2040 integer
768 1969 894 2026 sine
937 1970 1164 2028 damno
1215 1975 1554 2028 servaretur
1606 1971 1831 2039 Daniel,
1889 1973 1985 2028 cui
2030 1973 2314 2030 Abbacuc
2370 1973 2739 2047 Babylonem
2788 1973 3212 2046 Hierosolymis
3261 1979 3426 2032 tanta
3471 1975 3571 2032 via

213 2059 426 2118 horum
454 2059 514 2116 vi
536 2063 716 2134 atque
745 2060 974 2133 impetu
999 2062 1160 2117 nictu
1188 2059 1498 2134 palpebrae
1523 2065 1798 2134 correpta
1834 2061 2161 2135 prandium
2187 2062 2339 2121 tulit.
2364 2063 2468 2120 Cui
2511 2063 2655 2120 item
2706 2061 2931 2118 ibidem
2997 2062 3291 2119 obscuras
3339 2063 3574 2120 futura-

215 2163 346 2206 rum
373 2164 576 2206 rerum
607 2147 1055 2220 designationes
1081 2149 1224 2206 visis
1257 2149 1558 2222 perplexis
1597 2149 1996 2208 adumbratas
2026 2151 2228 2224 palam
2291 2150 2528 2209 Gabriel
2578 2149 2870 2208 edisserit.
2921 2155 3044 2222 Age
3105 2151 3404 2224 Babylone
3461 2167 3576 2226 po-

219 2242 340 2296 stea
363 2237 589 2295 eisdem
610 2237 674 2295 id
693 2237 1012 2310 agentibus
1047 2237 1229 2296 Israel
1280 2238 1607 2296 Jerusalem
1663 2239 2032 2311 postliminio
2091 2241 2421 2298 revertitur.
2479 2241 2708 2314 Saepius
2765 2240 3002 2308 deinde,
3045 2244 3111 2296 ut
3173 2239 3373 2297 dicam
3415 2256 3580 2298 eom-

218 2328 456 2401 pendio,
481 2330 617 2393 Deo,
650 2327 870 2395 miseri,
899 2331 1242 2401 contempto
1271 2328 1352 2384 ad
1371 2328 1518 2384 deos
1542 2327 1868 2400 transfugae
1897 2329 2031 2385 victi
2088 2329 2166 2386 ab
2213 2329 2488 2386 hostibus
2545 2329 2763 2402 captivi
2820 2329 3300 2387 abducebantur.
3352 2330 3578 2402 Saepius

217 2432 354 2474 vero
373 2415 578 2475 divina
595 2416 873 2476 invocata
923 2417 1260 2487 clementia,
1311 2432 1522 2490 opera-
1543 2416 1794 2476 istorum
1840 2416 2190 2476 sublimium
2244 2417 2500 2476 cmlestis
2549 2418 2774 2475 militias
2815 2417 3250 2492 imperatorum
3300 2417 3578 2475 servitute

221 2511 609 2579 tyrannorum
657 2507 822 2564 varie
866 2505 1100 2564 liberati
1146 2507 1270 2564 suis
1325 2506 1492 2564 terris
1535 2510 1716 2580 atque
1767 2507 2020 2565 urbibus
2069 2507 2426 2582 legibusque
2469 2507 2897 2565 reddebantur.
2963 2506 3126 2564 Adeo
3187 2523 3251 2564 se
3307 2511 3582 2564 strenuos

221 2595 354 2669 pari
371 2595 466 2652 isti
498 2595 732 2668 spiritus
761 2597 1278 2654 etaconcretione
1303 2597 1568 2653 materiae
1615 2596 1962 2669 longissime
2015 2598 2229 2655 remoti
2273 2598 2405 2670 ejus
2469 2597 2532 2654 in
2584 2597 3021 2671 procurationis
3071 2596 3376 2654 iunctione
3431 2612 3584 2670 pra.

219 2683 480 2741 buerunt
503 2685 599 2740 cui
623 2683 888 2758 prmfecti
916 2684 1170 2752 fuerant,
1202 2689 1264 2743 ut
1292 2685 1735 2758 antiquioribus
1774 2701 1974 2744 rerum
2013 2687 2280 2760 parentis
2357 2685 2634 2744 omnium
2683 2685 2990 2760 sapientiae
3033 2685 3244 2744 studiis
3297 2689 3582 2761 prompto

218 2789 288 2832 ac
315 2773 477 2830 ﬁdeli
508 2773 833 2832 ministerio
857 2775 1162 2832 servirent.

288 2865 426 2919 Ἐπεὶ
459 2859 518 2916 δι
570 2865 598 2917 ό
648 2862 945 2938 ἀσώματος,
991 2865 1016 2916 ό
1046 2863 1285 2940 ἀόρατός,
1319 2864 1678 2939 όύπεροῦσιος
1724 2865 1816 2918 ούκ

216 2954 291 3008 ἔτι
352 2955 506 3026 μόνον
563 2949 699 3015 εἶδος
737 2953 890 3007 ἃῦλον
945 2957 1071 3028 πρὸς
1153 2953 1323 3026 ὀλίγον
1404 2955 1657 3028 ὁρώμενον
1727 2958 1817 3007 καὶ

217 3046 400 3098 θᾶττον
441 3042 813 3118 ἀφιπτάμενον,
872 3041 1000 3098 ἀλλὰ
1053 3039 1120 3103 δὴ
1174 3047 1263 3096 καὶ
1341 3042 1467 3102 ύλην
1561 3043 1651 3096 εἶτ’
1729 3049 1817 3096 οῦν

217 3133 399 3187 οὐσίαν
455 3137 551 3192 τὴν
615 3133 863 3206 ύμετᾶραν
911 3137 1000 3186 καὶ
1068 3137 1270 3206 μορφὴν
1341 3128 1602 3185 ὑποδῦναι
1695 3151 1817 3184 κατ-

216 3223 431 3292 ηξίωσε,
457 3221 680 3294 Γαϐριὴλ
735 3225 824 3296 μὲν
885 3221 1032 3284 εὐθὺς
1087 3226 1144 3275 τό
1193 3226 1486 3296 μυστήριον
1539 3240 1819 3294 μυσταγω-

214 3319 408 3385 γείται,
451 3311 604 3376 εὐθὺς
660 3308 720 3366 δὲ
767 3319 839 3382 τῷ
903 3315 1024 3386 ἱερεῖ
1085 3316 1334 3387 Ζαχαρία
1387 3312 1664 3387 παραστὰς
1722 3313 1817 3368 τὴν

215 3401 272 3456 ἐκ
325 3410 422 3465 τῆς
467 3406 674 3476 στείρας
726 3401 866 3473 αύτῷ
920 3405 1160 3473 γέννησιν
1205 3399 1428 3474 ἐκφαίνει
1476 3407 1569 3453 τοῦ
1629 3406 1818 3452 Βαπτι-

218 3499 368 3548 στοῦ.
428 3489 556 3547 Εἶτα
604 3499 667 3566 τῇ
727 3495 1087 3566 κεχαριπμένη
1139 3493 1382 3567 Παρθένῳ
1433 3493 1608 3565 χαρὰν
1674 3489 1820 3562 εύαγ-

211 3583 496 3656 γελίζεται.
571 3582 652 3636 Ἐν
719 3580 852 3654 ἁγίῳ
937 3576 997 3634 δε
1064 3582 1328 3652 Πνεύματι
1405 3585 1496 3633 καὶ
1568 3578 1818 3650 Ὑψίστου

215 3669 441 3745 δυνάμει
479 3673 566 3724 τὸν
610 3673 728 3725 Υἱὸν
784 3677 917 3724 Θεοῦ
959 3670 1286 3744 χρηματίζει
1328 3677 1510 3724 τεκεῖν.
1571 3668 1712 3721 Ἐπεὶ
1762 3664 1822 3722 δὲ

212 3770 316 3816 τῶν
369 3763 689 3835 παρθενικῶν
745 3760 971 3834 λαγόνων
1022 3759 1074 3813 ἐν
1131 3761 1421 3832 ὁμοιώματι
1497 3756 1722 3833 βρέφους
1793 3759 1820 3810 ὁ

211 3853 524 3926 ὑπερούσιος
584 3848 798 3922 ἐτέχθη,
860 3855 1008 3902 πᾶσα
1080 3850 1170 3922 μὲν
1261 3847 1476 3922 οὐρανία
1555 3847 1818 3919 γηθομένη

216 3943 448 4014 στρατιὰ
495 3942 554 3992 τὸ
609 3941 742 4012 ἱερὸν
781 3947 874 4000 τῆς
945 3935 1252 4010 δοξολογίας
1309 3936 1442 3989 αἰνεῖ
1500 3934 1668 4009 μέλος.
1723 3941 1823 3988 Μι-

213 4029 368 4102 χαὴλ
415 4025 474 4082 δὲ
525 4032 615 4082 καὶ
674 4026 902 4100 Γαϐρίὴλ
955 4026 1008 4090 ἐξ
1055 4025 1228 4101 ἀρχῆς
1304 4027 1441 4100 οἶχρι
1496 4023 1672 4085 τελους
1748 4030 1821 4094 τῷ

216 4121 599 4192 σεσαρκωμένῳ
627 4119 991 4190 παρεπόμενοι,
1030 4120 1120 4168 καὶ
1167 4111 1274 4176 τοῖς
1329 4121 1541 4187 γονεῦσι
1597 4115 1654 4165 τὸ
1706 4108 1821 4164 δέον

215 4213 344 4282 ὤαρ
404 4207 786 4280 εἰσηγούμενοι,
839 4211 929 4258 καὶ
979 4207 1111 4278 μετὰ
1166 4208 1253 4258 τόν
1324 4206 1613 4278 πειρασμόν
1681 4201 1822 4273 αύτῷ
1855 4239 1894 4295 C

215 4295 636 4370 διακονούμενοι,
693 4299 784 4348 καὶ
841 4294 890 4347 ἐν
981 4301 1146 4370 καιρῷ
1203 4300 1294 4346 τοῦ
1367 4294 1567 4354 πάθους
1633 4295 1821 4367 τρόπον

213 4390 337 4440 τινὰ
360 4386 804 4457 συνεπισχύοντες
826 4405 838 4417 ο
873 4383 931 4436 ού
955 4386 1108 4456 μόνον
1142 4379 1200 4436 δὲ
1259 4381 1387 4435 ἀλλά
1445 4385 1533 4434 καὶ
1562 4388 1657 4442 τῆς
1700 4398 1824 4452 σαρ-

211 4480 308 4538 κὸς
365 4472 459 4528 διά
513 4481 740 4549 σταυροῦ
791 4473 990 4527 λυθέντι
1043 4493 1056 4507 ’
1104 4477 1193 4525 καὶ
1248 4479 1419 4545 γυμνῇ
1462 4470 1616 4543 ψυχῇ
1698 4472 1826 4544 πρὸς

213 4567 524 4638 κευθμῶνας
589 4560 745 4616 ἀὶδου
784 4570 1047 4638 χωροῦντι
1101 4563 1536 4635 προύηγούμενοι,
1589 4563 1679 4611 καὶ
1734 4565 1826 4610 τοῦ

220 4659 451 4716 σκότους
478 4658 568 4726 μέν
610 4657 726 4716 τοὺς
777 4653 1080 4726 προστάτας
1125 4650 1576 4725 καταρῥάσσοντες
1631 4649 1727 4708 τὰς
1779 4644 1827 4698 ἐν

218 4744 372 4816 αύτῷ
410 4747 776 4819 κατειργμένας
825 4740 1014 4814 ψυχὰς
1063 4743 1129 4801 ὡς
1177 4739 1382 4813 πλάστῃ
1452 4738 1823 4813 προσάγοντες.

216 4837 316 4885 καὶ
359 4832 500 4903 αύτῷ
549 4838 737 4905 νοερῶς
789 4829 1280 4904 προσαρμοξόμενοι
1337 4847 1388 4872 ο.
1424 4822 1532 4879 εἶτα
1598 4827 1693 4883 τὴν
1774 4822 1830 4876 ἐκ

216 4924 396 4995 τάφου
455 4925 728 4996 τριήμερον
776 4922 980 4993 ἔγερσιν
1033 4925 1143 4979 τοῖς
1209 4915 1372 4980 ἀξίοις
1418 4915 1828 4989 ἐμφανίσαντες·

219 5011 370 5065 οὓτω
401 5007 469 5069 δὴ
500 5013 632 5084 πρὸς
687 5008 930 5083 οὐρανοὺς
977 5005 1304 5059 ἀναϐαίνοντι
1350 5008 1441 5056 καὶ
1490 5007 1578 5056 τόν
1625 5004 1832 5076 Πατέρα

221 5103 560 5162 συνανιόντες
583 5101 916 5175 τεθεώρηντο.
975 5096 1212 5150 Κάτωθεν
1262 5097 1352 5167 μὲν
1402 5090 1490 5146 οὖν
1548 5099 1660 5153 τοῖς
1707 5089 1836 5143 ἀπο-

223 5189 439 5250 στόλοις
490 5192 555 5250 ὡς
609 5183 795 5262 ἄνδρες
841 5183 938 5240 δύο
983 5185 1312 5258 λευχείμονες
1367 5179 1440 5236 δι’
1498 5180 1646 5256 ἀέρος
1707 5175 1835 5233 ἐδείο

219 5299 420 5333 κνυντο
474 5281 760 5351 πετόμένοι,
799 5282 898 5330 ’καὶ
953 5279 1039 5329 τόν
1077 5283 1172 5336 τῆς
1252 5270 1498 5345 δευτέρας
1547 5269 1839 5344 ἐπιφανείας

221 5373 424 5444 τρόπον
459 5375 549 5421 τοῦ
597 5364 1080 5439 ἀναλαμϐανομένου
1147 5361 1572 5434 καταγγέλλοντες
1634 5380 1648 5392 ο
1725 5364 1843 5418 ταῖς

224 5461 542 5532 ύπερτέραις
589 5453 648 5508 δὲ
711 5457 907 5508 τούτων
991 5451 1296 5525 δυνάμεσιν,
1381 5447 1572 5524 Ἄρατε
1657 5446 1842 5510 πύλας,

229 5545 466 5600 ἐπεϐόων
507 5565 522 5581 ο
561 5550 651 5599 καὶ
692 5544 851 5599 πύλαι
889 5543 1108 5614 αἰώνιοι,
1157 5545 1214 5596 τὸ
1261 5542 1431 5615 τάχος
1492 5537 1848 5612 ἐπαιρόμεναι,

226 5642 313 5707 τῷ
349 5633 563 5708 βασιλεῖ
588 5641 684 5694 τῆς
737 5631 900 5698 δόξης
917 5629 1272 5694 όδοποιήσατε
1335 5633 1429 5691 τὴν
1478 5627 1686 5684 εἴσοδον
1733 5620 1852 5700 Ἆρ’

1999 2865 2254 2932 Quando
2274 2881 2418 2922 vero
2441 2864 2852 2938 incorporeus,
2901 2863 3214 2931 invisiblis,
3262 2863 3585 2938 supersub-

1929 2953 2220 3010 stantialis
2251 2955 2403 3009 Deus
2431 2968 2553 3010 non
2577 2954 2706 3024 jam
2734 2967 2954 3025 corpus
2987 2965 3230 3008 aereum
3262 2952 3341 3008 ad
3381 2950 3584 3020 exigui

1927 3041 2212 3114 temporis
2233 3041 2494 3113 speciem
2511 3040 2999 3114 deproperatum,
3020 3055 3162 3095 mox
3178 3038 3580 3096 avolaturum.

1929 3129 2038 3187 sed
2059 3134 2276 3186 terram
2315 3129 2468 3186 adeo
2492 3129 2689 3200 ipsam
2709 3128 2924 3195 lutum,
2967 3130 3260 3198 nostram,
3306 3127 3580 3200 inquam,

1928 3217 2326 3275 substantiam
2355 3221 2413 3274 et
2435 3217 2695 3274 formam
2716 3215 2963 3273 induere
3005 3216 3289 3286 dignatus
3330 3221 3440 3287 est,
3503 3214 3584 3275 ad

1927 3309 2202 3366 intimam
2231 3307 2434 3364 statim
2481 3307 2882 3376 cognitionem
2925 3305 3197 3381 mysterii
3243 3305 3421 3363 totius
3476 3308 3584 3363 Ga—

1928 3395 2077 3454 briel
2102 3395 2452 3452 admittitur.
2477 3395 2584 3462 Qui
2635 3394 2968 3452 sacerdotio
3011 3393 3282 3466 fungenti
3340 3395 3584 3465 repente

1929 3490 2134 3544 astans
2164 3484 2462 3541 Zachariae
2507 3484 2884 3542 nasciturum
2948 3484 3063 3558 ipsi
3110 3484 3302 3558 aperit
3339 3499 3414 3540 ex
3461 3499 3586 3540 anu

1929 3574 2109 3632 sterili
2136 3573 2480 3647 Baptistam.
2507 3576 2654 3630 Tum
2687 3574 2878 3646 gratia
2923 3573 3109 3648 plenae
3154 3571 3375 3644 Virgini
3418 3571 3583 3629 bono

1930 3664 2140 3722 nuntio
2169 3664 2487 3735 insperatae
2517 3662 2890 3720 salutationis
2913 3663 3138 3732 oblato,
3162 3667 3380 3720 caetera
3399 3677 3582 3733 nego-

1929 3753 2172 3812 tiatione
2197 3753 2510 3824 legationis
2538 3769 2662 3808 suae
2696 3768 2824 3810 rem
2877 3752 3138 3826 denique
3187 3753 3270 3809 sic
3322 3751 3582 3823 conﬁcit,

1929 3844 2083 3902 inter
2102 3859 2207 3900 eos
2233 3848 2299 3900 ut
2322 3843 2641 3899 conveniat
2672 3859 2686 3896 :
2717 3843 2778 3898 in
2824 3842 3044 3915 Spiritu
3093 3847 3300 3899 sancto
3350 3842 3585 3898 virtute-

1929 3949 2048 4006 que
2079 3932 2367 3990 Altissimi
2396 3931 2696 4000 Virginem
2722 3930 2822 3987 Dei
2855 3931 3061 3987 Filium
3111 3931 3461 4004 parituram.
3514 3932 3584 3987 Ut

1929 4037 2068 4079 vero
2089 4021 2220 4094 jam
2248 4021 2310 4076 in
2334 4019 2619 4090 virgineis
2649 4018 2974 4075 visceribus
3023 4019 3084 4075 in
3131 4018 3580 4075 similitudinem

1928 4109 2183 4168 humani
2208 4109 2384 4165 foetus
2409 4111 2720 4182 assumpto
2747 4107 3104 4180 corpusculo
3126 4107 3588 4181 supersubstan-

1930 4199 2084 4258 tialis
2113 4202 2202 4256 est
2230 4198 2484 4270 genitus,
2513 4196 2793 4254 universa
2817 4197 3064 4268 quidem
3105 4196 3416 4267 gratulans
3473 4195 3586 4252 mi-

1931 4291 2055 4348 litia
2083 4289 2334 4346 cwlestis
2363 4303 2600 4343 sacrum
2629 4286 3072 4357 gloriﬁcationis
3097 4286 3396 4359 hymnum
3440 4285 3589 4342 ceci-

1933 4380 2036 4447 nit,
2061 4382 2122 4435 at
2139 4375 2382 4435 Michael
2410 4381 2467 4434 et
2495 4375 2730 4432 Gabriel
2779 4392 2815 4432 a
2862 4375 3157 4448 principio
3204 4375 3585 4433 incarnatum

1935 4468 2210 4527 assectati
2231 4469 2452 4539 praesto
2473 4480 2714 4537 semper
2732 4463 3073 4531 adfuerunt,
3091 4481 3234 4538 qua,
3256 4480 3366 4538 pro
3389 4480 3587 4522 neces-

1937 4560 2104 4616 sitate
2147 4572 2372 4618 rerum.
2419 4560 2766 4628 opportuna
2823 4554 3173 4627 parentibus
3240 4553 3588 4626 objicientes

1937 4645 2190 4711 somnia,
2222 4659 2346 4717 qua
2395 4648 2528 4716 post
2575 4643 2962 4699 tentationem
3017 4642 3079 4699 in
3131 4643 3370 4698 deserto
3414 4641 3588 4696 mini.

1937 4739 2212 4802 strantes,
2235 4748 2358 4806 qua
2409 4731 2706 4804 passionis
2754 4735 3023 4806 tempore
3079 4730 3480 4787 confortantes
3519 4743 3588 4783 ac

1937 4819 2396 4896 quodammodo
2423 4819 3088 4892 collaborantcs.Neque
3111 4819 3226 4874 hoc
3258 4814 3590 4880 solum,sed

1938 4912 2129 4968 morte
2149 4908 2340 4965 crucis
2371 4923 2620 4980 corpore
2653 4907 2937 4977 solutum,
2963 4907 3249 4979 nudaque
3281 4903 3486 4961 anima
3511 4901 3592 4960 ad

1943 4997 2366 5054 subterraneos
2391 4994 2718 5050 inferorum
2741 4998 3150 5066 penetrantem
3191 5006 3458 5050 carceres
3483 5005 3592 5064 ap-

1943 5085 2232 5162 paritores
2259 5083 2352 5139 isti
2381 5087 2830 5156 praecesserunt.
2856 5082 2966 5149 Qui
2991 5083 3170 5140 etiam
3199 5081 3596 5155 impressione

1946 5173 2145 5232 subita
2160 5173 2468 5246 perculsos
2499 5170 2880 5227 tenebrarum
2907 5171 3210 5245 principes
3236 5170 3594 5228 afﬂixerunt.

1947 5268 2096 5322 Tum
2122 5265 2356 5334 ereptas
2380 5275 2453 5317 ex
2479 5274 2687 5316 eorum
2715 5259 2972 5316 vinculis
3017 5261 3309 5318 conditori
3364 5260 3600 5317 animas

1953 5355 2353 5419 adduxerunt,
2382 5355 2716 5424 cieteraque
2747 5351 3058 5408 sedulitate
3084 5352 3248 5408 omni
3281 5367 3342 5408 se
3395 5365 3601 5406 suum-
3695 5387 3700 5392 ς

1955 5461 2074 5519 que
2112 5441 2475 5515 obsequium
2505 5440 2583 5497 ad
2603 5441 2932 5513 majestatis
2952 5443 3083 5515 ejus
3109 5455 3398 5515 pompam
3421 5443 3478 5494 et
3504 5452 3605 5493 voc

1959 5534 2204 5593 luntatis
2215 5547 2396 5591 omne
2409 5531 2650 5602 signum
2663 5533 3218 5590 accommodarunt.
3233 5533 3314 5586 Ex
3328 5525 3602 5600 sepulcro

1963 5623 2182 5682 deinde
2207 5620 2702 5680 resurrectionem
2740 5637 2878 5694 quae
2919 5621 3086 5678 tertia
3132 5619 3228 5676 die
3253 5615 3497 5685 contigit
3525 5612 3603 5668 iis
