4042 6214
561 307 701 363 4235
2057 293 2150 349 ΑΙ)

2233 293 2411 350 ΞΝΒΑ.
3730 301 3829 356 1Ώῦ

567 447 724 503 quos
753 425 1092 497 dignandos
1117 428 1278 480 tanto
1299 424 1526 478 honore
1551 421 1703 476 Deus
1732 420 1917 475 voluit
1967 417 2163 474 maniﬂ

2245 425 2287 472 Α
2317 415 2404 468 οὖν
2439 419 2656 470 ἐνταῦθα
2693 420 2898 481 τούτοις
2937 421 3028 470 καὶ
3090 421 3119 476 ἡ
3171 414 3411 469 διακονία
3472 422 3784 492 περιγὲγαπται
3822 443 3830 486 ;

571 525 758 577 stata:
795 518 878 572 sic
901 516 1147 570 demum
1171 512 1248 567 ad
1281 512 1460 567 cmlos
1491 517 1546 566 et
1586 511 1663 566 ad
1725 514 1952 565 Patrem
2008 523 2167 562 ascer

2330 504 2618 579 Οὐδαμῶς,
2655 508 2730 560 Οὐ
2760 511 2862 581 γὰρ
2903 509 2992 568 ἕως
3031 516 3120 567 τῆς
3145 509 3273 578 πρὸς
3299 509 3383 556 τόν
3417 511 3667 579 γεννήτορα
3723 515 3832 580 μόνοῖ

571 609 810 664 dentem
839 603 1108 659 comitari
1155 602 1264 656 visi
1308 607 1464 658 sunt.
1516 603 1662 655 Tum
1708 598 2099 654 ostenderunt
2156 611 2220 650 se
2328 603 2420 648 τοῦ
2473 600 2795 664 γεννηθέντος
2877 596 3366 662 ἀποκαταστάσεως,
3440 601 3588 664 μέχρι
3657 594 3705 648 δὲ
3769 609 3836 660 τῆς

573 695 859 768 apostolis
881 693 1140 747 duorum
1157 693 1417 746 virorum
1461 690 1658 761 specie
1671 689 1882 743 vestitu
1899 686 2040 741 albo
2055 700 2167 756 ape

2328 681 2771 759 προσδοκωμένης
2825 686 3132 750 συντελείας,
3186 689 3274 736 καὶ
3324 684 3432 735 κατ’
3477 684 3623 741 αὐτὴν
3676 682 3723 737 δί
3771 694 3835 745 τήν

570 791 629 841 to
653 799 786 840 aere
807 781 1236 848 devolantium,
1270 779 1548 834 secundas
1571 776 2069 834 manifestationis
2091 774 2166 843 ejl

2330 774 2688 848 μεγαλοπρεπῆ
2721 783 2814 837 τῆς
2854 782 2944 827 τοῦ
2975 777 3098 828 Υἰοῦ
3165 771 3326 837 δόξης
3377 773 3645 846 ἓπιγάνειαν
3683 778 3730 826 τὸ
3775 785 3836 836 τῆς

569 875 674 948 qui
700 875 1047 943 assumptus
1078 871 1268 925 fuerat
1288 869 1710 924 annuntiantes
1730 867 1998 923 modum.
2023 870 2093 919 At
2126 880 2165 917 si

2330 864 2497 915 αὐτῶν
2549 864 2874 939 λειτουργίας
2934 865 3280 936 ἐπιφαίνοντες
3363 859 3674 937 δραστήριον,
3751 865 3838 915 σάλ-

571 962 905 1036 perioribus
936 959 1348 1032 potestatibus,
1383 958 1635 1014 Attollite
1676 961 1896 1028 portas,
1938 952 2167 1008 inciam;

2328 953 2477 1022 πιγξι
2535 952 3039 1024 μεγαλοφωνοτάταις
3097 953 3404 1025 κελεύσματι
3470 952 3577 1022 θείῳ
3652 952 3838 1004 σαλπιον-

571 1053 738 1116 bant,
773 1056 829 1106 et
857 1047 1194 1114 elevamini,
1221 1052 1406 1118 portae
1467 1046 1799 1112 aeternales,
1851 1050 1906 1098 et
1960 1040 2167 1097 introih

2333 1058 2414 1091 σιν
2451 1061 2462 1073 ·
2496 1040 2658 1101 οὕτως
2696 1045 2825 1094 ὥστε
2883 1045 2941 1093 τὸ
2999 1043 3224 1113 φθαρτόν
3273 1043 3362 1112 μεν
3403 1037 3706 1096 ἀλλοιωθῆναι
3751 1045 3839 1111 πρὸς

571 1145 692 1196 Rex
724 1139 945 1208 gloriae.
992 1140 1204 1192 Verum
1249 1153 1396 1191 num
1448 1135 1616 1190 dictis
1668 1136 1957 1189 hactenus
2011 1146 2167 1185 eorui

2331 1127 2646 1202 ἀκηρασίαν,
2675 1149 2772 1182 παν
2825 1127 2882 1182 δε
2920 1133 2979 1182 τό
3031 1128 3250 1202 πλάσμα
3304 1135 3373 1198 τῷ
3419 1127 3608 1201 πλάστῃ
3657 1129 3839 1200 κριθησό-

573 1230 970 1284 ministerium
993 1226 1509 1295 circumscriptum
1532 1231 1617 1279 est
1644 1225 1670 1278 ‘I
1728 1223 1980 1278 Minime.
2020 1223 2169 1291 Neqt

1259 1226 1509 1295 criptum
1532 1225 1670 1279 est?
1728 1223 1980 1278 Minime.
2020 1223 2221 1291 Neque
2330 1235 2475 1289 μενον
2519 1215 2855 1273 ἀνίστασθαι.

573 1318 734 1373 enim
764 1317 825 1372 id
857 1315 1110 1371 cessabit
1142 1331 1178 1370 a
1203 1314 1570 1369 restitutione
1607 1311 1893 1381 Unigeniti
1927 1309 2002 1365 ad
2062 1306 2244 1362 Patris
2269 1322 2360 1360 sur
2385 1305 2712 1374 dexteram,
2746 1322 2937 1379 usque
2959 1306 3036 1362 ad
3086 1309 3490 1377 exspectatam
3537 1317 3839 1360 consumma-

572 1408 795 1464 tionem
823 1411 880 1461 et
909 1421 1040 1459 eam
1073 1420 1208 1475 quae
1242 1403 1338 1458 illo
1361 1409 1624 1472 tempore
1645 1402 1843 1456 futura
1865 1406 1952 1454 est
1992 1395 2378 1466 magniﬁcam
2437 1395 2554 1449 Filii
2612 1395 2814 1465 gloriae
2873 1395 3382 1452 manifestionem.
3447 1395 3567 1460 Quo
3623 1399 3838 1464 tempore,

574 1502 841 1552 extremo
865 1494 964 1549 illo
987 1493 1286 1564 praeconio
1310 1491 1604 1555 faciendo,
1633 1496 1688 1545 et
1709 1488 2088 1546 vocalissima
2120 1484 2219 1540 Dei
2244 1486 2421 1553 jussu
2454 1483 2723 1539 inﬂanda
2745 1484 2887 1540 tuba
2917 1483 3084 1554 cujus
3111 1482 3337 1539 efﬁcaci
3366 1497 3511 1538 sono
3541 1482 3840 1553 corruptibile

575 1584 654 1639 ad
683 1581 1298 1654 incorruptibilitatem
1327 1579 1759 1648 immutabitur,
1791 1583 1846 1634 et
1868 1582 2138 1633 creatura
2163 1571 2359 1628 omnis
2386 1577 2587 1642 surget
2610 1579 2665 1630 et
2689 1573 2924 1630 sistetur
2947 1571 3278 1646 judicanda
3309 1573 3576 1642 Creatori,
3591 1570 3667 1626 sui
3693 1569 3840 1625 minis-

577 1673 705 1728 terii
741 1670 1108 1741 diligentiam
1140 1669 1586 1740 approbabunt.

652 1761 766 1817 Sed
794 1759 1158 1832 jampridem
1180 1764 1537 1827 evagantem
1570 1773 1640 1813 eo
1659 1757 1818 1812 unde
1850 1761 1934 1812 est
1957 1755 2229 1824 digressa
2264 1755 2300 1807 Β

2328 603 2420 648 τοῦ
2473 600 2795 668 γεννηθέντος
2877 596 3366 662 ἀποκαταστάσεως,
3440 601 3588 668 μέχρι

2330 864 2497 915 αὐτῶν
2549 864 2874 939 λειτουργίας
2934 865 3280 936 ἐπιφαίνοντες

2409 1751 2542 1804 Ἀλλ’
2618 1757 2704 1805 ἐπί
2759 1758 2853 1811 τὴν
2915 1752 3223 1806 ἀκολουθίαν
3277 1753 3389 1804 ὅθεν
3445 1753 3470 1803 ό
3519 1750 3652 1822 λόγος
3695 1749 3841 1823 προεξέ-

579 1850 912 1907 orationem
943 1863 1318 1904 revocemus.
1347 1850 1493 1902 Nam
1521 1853 1842 1918 postquam
1875 1859 2076 1900 rerum
2103 1858 2229 1898 om-

577 1937 746 1992 nium
781 1941 1046 2007 potestas
1083 1934 1221 1989 Filio
1247 1938 1335 1990 est
1356 1934 1591 1999 tradita,
1642 1949 1747 2005 per
1801 1948 2046 1988 omnem
2101 1931 2231 2002 qui-

579 2026 718 2082 dem
743 2030 961 2081 terram
991 2024 1454 2095 dispensationis
1493 2026 1622 2094 ejus
1668 2023 1910 2078 nuntius
1937 2028 1994 2077 et
2039 2025 2228 2076 Evan-

580 2115 714 2186 gelii
778 2129 976 2169 sermo
1017 2114 1204 2168 instar
1261 2114 1491 2168 sonitus
1541 2112 1782 2167 tonitrui
1855 2111 2231 2167 vocalissime

578 2203 852 2278 pervasit.
886 2205 959 2258 At
985 2202 1384 2275 spiritualium
1430 2202 1645 2257 harum
1693 2205 2057 2272 potestatum
2115 2200 2231 2255 hoc

580 2298 792 2363 agente
833 2291 1208 2347 Providentia
1229 2291 1306 2345 ad
1329 2291 1740 2361 amplitudinis
1781 2290 2039 2362 speciem
2099 2305 2230 2345 ma-

581 2380 862 2449 gniﬁcam
895 2378 1179 2449 prodigiis
1214 2378 1671 2433 commendatus
1720 2377 2230 2449 conﬁrmatusque

581 2475 688 2524 est.
725 2470 960 2524 Deserto
991 2469 1150 2523 enim
1186 2467 1398 2523 Israele
1432 2467 1609 2523 veteri
1645 2466 1812 2538 quod
1842 2467 1891 2520 is
1925 2467 2106 2522 verbo
2138 2483 2232 2522 sa-

581 2574 696 2614 crae
717 2557 855 2613 fidei
876 2558 1180 2613 restitisset
1210 2558 1392 2630 impie
1424 2576 1437 2624 ;
1485 2563 1587 2613 aut
1622 2557 1820 2628 potius
1870 2557 2122 2628 receptis
2169 2557 2230 2612 in

581 2647 882 2719 peculiare
906 2647 1304 2718 patrocinium
1325 2646 1438 2701 illis
1470 2646 1754 2701 omnibus
1786 2646 2127 2717 quicunque
2159 2661 2230 2702 ex

581 2752 652 2792 eo
674 2735 898 2808 populo
929 2751 989 2790 se
1029 2735 1250 2790 dociles
1268 2736 1342 2790 ad
1369 2741 1649 2808 pietatem
1669 2735 2075 2805 praebuerunt,
2104 2752 2230 2790 om-

578 2826 757 2882 nibus
783 2826 885 2899 qui
916 2842 1097 2898 supra
1118 2826 1369 2880 modum
1400 2826 1673 2880 infraenes
1695 2842 1764 2880 ac
1785 2825 2034 2880 rebelles
2064 2831 2233 2882 erant

582 2915 853 2986 abjectis,
890 2915 972 2970 sic
1011 2915 1258 2970 demum
1291 2915 1513 2970 sanctis
1546 2915 1732 2970 divini
1763 2914 1927 2969 verbi
1949 2914 2232 2985 praedica-

2339 1837 2529 1914 δραμε,
2591 1841 2745 1894 πάλιν
2798 1842 2952 1894 αὑτὸν
3004 1844 3334 1894 επανακτὲον.
3394 1841 3532 1892 Ἐπεὶ
3589 1841 3676 1911 γὰρ
3722 1840 3842 1894 ἡτῶν

2338 1929 2465 1982 ὅλων
2505 1930 2718 1993 ἐξουσία
2775 1931 2847 1992 εἰς
2901 1935 2995 1994 τὰς
3049 1938 3231 2003 χεῖρας
3288 1931 3498 2002 ὑπῆρχε
3559 1936 3624 1998 τῷ
3676 1932 3767 1995 ne,
3800 1926 3844 1985 εἰς

2339 2025 2511 2071 πᾶσαν
2557 2023 2645 2090 μεν
2703 2025 2796 2078 τὴν
2852 2028 2952 2091 γῆν
3006 2022 3031 2071 ό
3088 2028 3183 2080 τῆς
3240 2019 3535 2090 οἰκονομίας
3576 2017 3712 2069 αὑτοῦ
3749 2015 3844 2084 λόγος

2339 2109 2405 2167 ὡς
2457 2113 2595 2180 φωνὴ
2659 2107 2882 2183 βροντῆς
2934 2107 3239 2182 ἐνορμονίως
3287 2106 3526 2178 ἕξηχεῐτο
3583 2127 3594 2138 ·
3645 2106 3727 2156 ὑπὸ
3783 2111 3844 2152 τών

2337 2206 2519 2271 νοερῶν
2587 2194 2646 2250 δε
2700 2200 2894 2250 τούτων
2970 2194 3238 2269 δυνάμεων
3315 2195 3693 2268 μεγαλυνόμενος
3749 2191 3843 2260 ἐκρα-

2338 2294 2568 2341 ταιοῦτο.
2607 2290 2705 2339 Τὸν
2751 2286 2913 2337 πάλαι
2957 2289 3060 2358 γὰρ
3117 2285 3328 2360 Ἰσραὴλ
3380 2286 3459 2336 ὅτι
3518 2291 3584 2342 τῷ
3630 2281 3740 2351 λόγῳ
3787 2285 3842 2337 τῆς

2342 2376 2476 2448 ἱερᾶς
2531 2393 2761 2436 πιστεως
2833 2373 3039 2447 ἀνιέρως
3119 2372 3408 2426 ἁντετίθετο
3489 2371 3837 2426 καταλιπόντες·

2339 2463 2528 2535 μᾶλλον
2559 2460 2617 2514 δι
2654 2467 2713 2515 τὸ
2773 2465 2861 2535 μὲν
2912 2465 3032 2515 ὅσον
3078 2471 3170 2515 τοῦ
3238 2463 3414 2524 ἔθνους
3467 2458 3659 2532 εὐσεβὲς
3705 2456 3841 2511 ἀνειλη-

2340 2556 2503 2623 φότες,
2547 2554 2667 2604 ὅσον
2711 2549 2770 2604 δε
2823 2548 3018 2624 κομιδῆ
3079 2549 3335 2610 δυσήνιον
3412 2549 3704 2624 ἐκρίψαντες,
3758 2545 3840 2595 οὕτω

2340 2649 2449 2703 τοῖς
2481 2644 2634 2712 ἱεροῖς
2683 2648 2775 2693 τοὺ
2829 2645 2997 2714 Λόγου
3061 2641 3324 2712 θεολόγοις
3380 2640 3450 2702 εἰς
3487 2643 3574 2696 τὴν
3619 2634 3702 2689 τῶν
3743 2633 3841 2684 ibi»:

2339 2736 2671 2804 περιποίησιν
2699 2727 3041 2802 συνέδραμον,
3095 2733 3162 2792 ὡς
3218 2732 3459 2800 τάχιστα
3513 2731 3598 2785 τὴν
3642 2726 3841 2794 ﬂuxam

2338 2828 2437 2891 γῆν
2492 2827 2586 2881 τῆς
2636 2818 2953 2890 ἐπιγνώσεως
3011 2819 3170 2871 αὐτοῦ
3251 2818 3593 2892 πληροῦσθαι.
3667 2817 3841 2884 Πρότερον

2343 2906 2402 2962 δὲ
2433 2905 2527 2961 διὰ
2583 2911 2796 2972 τούτων,
2848 2911 2918 2970 ὡς
2973 2916 3031 2959 αἶ
3082 2910 3214 2960 θεῖαί
3276 2925 3432 2980 φασιν
3488 2895 3840 2971 ἀποκαλύψειςνέ

579 3004 806 3061 toribus
847 3004 926 3059 ad
965 3004 1422 3059 conversionem
1453 3002 1721 3074 gentium
1753 3003 2175 3074 promovenda:

2264 3033 2303 3086 Ο
2343 2993 2550 3071 δράκων
2598 2997 2621 3048 ὁ
2665 2997 2838 3069 μέλας,
2900 2999 2925 3048 ό
2976 2999 3240 3070 θεομάχος
3300 3005 3414 3057 νοῦς
3487 3000 3570 3048 καὶ
3612 2992 3840 3045 ἀποστάτης,

583 3093 930 3149 auxiliarem
963 3108 1138 3147 suam
1170 3108 1417 3162 Operam
1458 3092 1754 3164 prolixam
1811 3098 1868 3147 et
1926 3092 2233 3148 assiduam

577 3185 1104 3254 reprtesentarunt,
1137 3198 1207 3236 eo
1230 3197 1509 3236 successu
1545 3186 1609 3236 ut
1634 3180 1935 3237 celerrime
1956 3181 2235 3237 universa

585 3275 742 3326 terra
767 3270 1106 3340 cognitione
1134 3271 1231 3326 Dei
1279 3270 1622 3341 repleretur.
1675 3271 1844 3324 Prius
1887 3275 2091 3325 tamen
2156 3270 2233 3326 ab

583 3359 800 3414 iisdem
826 3360 970 3421 istis,
1003 3365 1060 3414 ut
1084 3359 1287 3415 divina
1332 3363 1534 3414 narrat
1583 3358 1998 3430 Apocolypsis,
2052 3358 2233 3414 draco

581 3449 752 3517 niger
777 3453 1054 3518 apostata
1107 3448 1159 3502 ei
1217 3464 1407 3519 usque
1465 3448 1543 3502 ad
1596 3448 2063 3519 repugnandum
2113 3448 2233 3502 Deo

580 3540 906 3592 contumax
941 3536 1182 3604 spiritus
1209 3551 1348 3590 cum
1371 3536 1495 3590 suis
1519 3535 1745 3605 angelis
1775 3535 2104 3591 debellatus
2124 3541 2229 3602 est,

582 3631 638 3682 et
672 3625 1011 3679 coelestibus
1045 3625 1267 3694 ejectus
1295 3625 1536 3679 sedibus
1566 3626 1626 3679 in
1656 3625 1946 3697 abyssum
1993 3641 2061 3681 ac
2103 3627 2233 3681 Tar-

582 3718 775 3769 tarum
809 3712 1104 3781 relegatus
1133 3717 1241 3768 est.
1265 3713 1450 3782 Hujus
1477 3715 1687 3768 merito
1737 3714 1991 3768 victoriae
2040 3715 2233 3770 conci-

580 3801 789 3856 liatum
824 3801 971 3872 ipsis
1003 3801 1314 3873 prmsentis
1333 3802 1580 3872 hujusce
1599 3803 1726 3857 festi
1755 3803 2043 3858 honorem
2067 3808 2232 3875 puto.

580 3893 894 3961 Propterea
916 3891 1196 3962 synaxim
1226 3891 1732 3960 archangelorum
1761 3891 1938 3946 hodie
1977 3891 2236 3960 gratula-

582 3980 739 4035 tione
761 3986 926 4036 tanta
958 3996 1376 4054 concursuque
1409 3981 1784 4036 celebramus
1835 3984 1951 4036 Hoc
1993 3981 2072 4036 illi
2130 3981 2237 4036 de-

581 4087 688 4126 cus
718 4077 1059 4126 meruerunt
1081 4087 1202 4142 quo
1229 4076 1492 4141 tempore
1519 4071 1597 4125 ad
1618 4070 1803 4125 divini
1854 4076 2067 4125 nutum
2119 4070 2236 4141 spi-

580 4161 721 4215 ritus
737 4165 1027 4230 tanquam
1043 4159 1118 4213 ad
1133 4158 1508 4230 imperatoris
1524 4160 1764 4226 signum
1788 4175 1935 4214 conc
1949 4164 2231 4230 urrentes,

584 4247 906 4318 etspiritali
953 4247 1221 4318 quodam
1252 4247 1480 4318 impetu
1533 4254 1710 4319 atque
1758 4249 2147 4319 impressione
2176 4249 2236 4304 in

578 4342 811 4409 patrem
872 4335 1106 4390 malitia;
1166 4337 1343 4391 simul
1429 4337 1825 4407 irrumpentes
1897 4343 2239 4393 averterunt

2341 3085 2452 3158 ἃμα
2481 3093 2591 3147 τοίς
2644 3085 2804 3138 αὐτοῦ
2861 3087 3312 3158 καταπολεμηθεὶς
3377 3085 3622 3156 ἀγγελοις,
3673 3084 3742 3132 καὶ
3780 3083 3842 3126 τῶν

2342 3175 2592 3248 οὐρανίων
2666 3179 3081 3248 κατοίκητηρίων
3158 3175 3348 3249 ῥιφεὶς,
3419 3173 3634 3226 οἶϐυσσόν
3691 3186 3734 3219 τε
3789 3168 3844 3214 καὶ

3427 3269 3579 3314 Τοῦτο
3651 3262 3716 3309 καὶ
3785 3259 3841 3307 τὶς

2342 3356 2612 3426 παρούσης
2648 3351 2793 3425 οἶμαι
2831 3351 3071 3425 πρόξενον
3125 3351 3330 3427 ἕορτῆς,
3389 3360 3536 3404 τοῦτο
3573 3353 3649 3400 καὶ
3697 3340 3840 3400 σύνταξιν

2341 3451 2441 3494 τῶν
2500 3441 2842 3516 ἀρχαγγελων
2911 3446 3143 3514 σήμερσν
3181 3441 3612 3512 πανηγυρίζομεν.
3663 3431 3760 3487 Καθ’
3808 3427 3840 3477 ὃν

2342 3533 2520 3603 καιρὸν
2597 3533 2888 3602 Πνεύματος
2973 3531 3108 3582 θείου
3184 3527 3564 3603 συνδραμόντες
3619 3527 3745 3599 ρὸπῇ,
3789 3535 3839 3564 ιιι

2340 3625 2532 3681 νοητώς
2574 3628 2645 3689 τῷ
2703 3628 2793 3679 τῆς
2839 3625 3028 3680 κακίας
3075 3618 3416 3693 συρῥαγέντες
3454 3620 3601 3689 πατρὶ
3642 3608 3838 3684 Eprium

2341 3266 2597 3336 τάρταρον
2655 3263 2810 3315 οἰκεῖν
2890 3259 3342 3319 καταδεδίκαστο.

2343 3729 2398 3761 τε
2426 3718 2604 3762 τοῦτον
2636 3713 2701 3770 εἰς
2725 3709 2864 3770 τελος
2931 3713 3018 3761 καὶ
3063 3712 3198 3761 κατὰ
3244 3714 3342 3766 τὴν
3398 3708 3529 3782 ἱερὰν
3577 3707 3744 3778 Γραφὴν
3789 3694 3839 3763 ἐν’

2344 3799 2755 3861 καταπαίξαντες
2799 3803 2889 3850 καὶ
2944 3801 3116 3870 ὥσπερ
3172 3798 3448 3872 ἀστραπὴν
3502 3799 3624 3848 κατὰ
3673 3795 3746 3846 τὴν
3784 3803 3840 3834 τον

2349 3888 2526 3944 Ἰησοῦ
2593 3890 2806 3959 θεωρίαν
2873 3887 2927 3950 ἐξ
3003 3887 3222 3960 οὐρανοῦ
3294 3886 3557 3960 βαλλοντες
3630 3874 3838 3952 ἓξέῤῥίψω·

2349 3976 2505 4028 Ἀλλὰ
2563 3981 2638 4036 τίς
2687 3978 2711 4026 ό
2769 3983 2860 4027 τοῦ
2906 3976 3129 4048 πολέμου
3190 3985 3292 4027 τῶν
3369 3973 3638 4047 ἀσωμάτων
3701 3967 3840 4038 nam;

2353 4061 2533 4117 εἰδεῖεν
2590 4067 2651 4116 ἄν
2703 4064 2885 4116 ἐκεῖνοι
2934 4074 3128 4136 σαφῶς.
3176 4067 3454 4126 Εἰκάζουεν
3498 4059 3552 4115 δὲ
3607 4061 3728 4130 ἡμεῖς
3770 4054 3841 4104 ταῖς

2352 4164 2450 4207 τῶν
2528 4154 2721 4226 ἀνέμων
2806 4154 2917 4206 κατ’
3004 4153 3229 4212 αλλήλων
3309 4154 3592 4227 ἐμπτώσισι
3647 4149 3720 4202 τὴν
3781 4145 3841 4188 τῶν

2348 4252 2542 4300 νοητῶν
2610 4241 2808 4296 ἐκείνων
2877 4246 3180 4314 πνευμάτων
3251 4241 3645 4318 παρωμοιῶσθαί
3715 4228 3841 4283 fit“.

2346 4331 2545 4407 ’Ὠσπερ
2604 4340 2691 4384 οὑν
2734 4331 2782 4383 ἐν
2837 4335 3034 4392 τούτοις
3087 4340 3179 4385 τοῦ
3226 4335 3440 4393 ἥττονος
3493 4331 3518 4382 ὁ
3584 4320 3840 4398 σφοδρότίρθς

583 4425 748 4480 illurn
783 4426 842 4479 in
872 4425 1052 4480 tinem
1082 4442 1094 4480 :
1132 4430 1188 4480 et
1215 4427 1385 4495 juxta
1416 4425 1684 4480 divinam
1722 4426 2089 4497 Scripturam
2112 4427 2172 4482 ill

2274 4438 2314 4491 ι)
2348 4421 2626 4497 ἐπικρατεῖ,
2684 4423 2841 4482 οὕτως
2903 4424 2933 4480 ἡ
2993 4431 3092 4474 τῶν
3151 4422 3489 4495 ἁρχαγγελων
3573 4415 3703 4489 βιαία
3753 4421 3839 4457 κατα

585 4514 793 4570 dentes
821 4519 896 4582 et,
923 4515 1076 4570 sicut
1096 4514 1480 4584 fulgurjuxta
1511 4514 1800 4569 visionem
1817 4514 1958 4570 Jesu
2005 4532 2035 4570 e
2087 4516 2237 4571 caelo

583 4603 946 4676 prmcipitem
961 4604 1369 4659 exturbarunt.
1391 4605 1678 4657 Craterum
1692 4619 1971 4674 quaenam
1989 4605 2062 4658 sit
2087 4605 2238 4660 inter

584 4698 811 4749 mentes
837 4695 1220 4764 incorporeas
1255 4691 1391 4746 belli
1425 4706 1887 4764 pugnarumque
1919 4698 2049 4762 rati,
2092 4695 2235 4766 ipsae

584 4783 801 4838 scilicet
833 4782 1119 4854 prmclare
1150 4781 1447 4837 noverint.
1510 4783 1626 4836 Nos
1667 4781 2059 4838 humilitatem
2082 4783 2238 4852 cogi-

584 4873 879 4928 tationum
927 4870 1310 4926 similitudine
1365 4868 1745 4926 sublevantes
1797 4887 1868 4926 ex
1922 4878 2232 4927 ventorum

584 4962 863 5016 conﬂictu
904 4965 1074 5017 vasto
1098 4962 1249 5015 inter
1271 4976 1332 5014 se
1357 4958 1506 5015 caelo
1533 4958 2008 5030 depraeliantium
2031 4961 2234 5015 nescio

583 5066 768 5119 quam
801 5049 880 5106 ad
913 5049 1329 5122 usurpandam
1364 5049 1543 5120 hujus
1573 5048 1735 5104 lectae
1779 5050 2038 5119 speciem
2091 5050 2234 5104 nite-

583 5136 818 5192 bamur.
851 5140 919 5194 Ut
949 5140 1124 5208 igitur
1152 5139 1211 5194 in
1253 5139 1441 5194 ventis
1504 5137 1912 5193 vehementior
1949 5137 2234 5193 inﬁrmio-

585 5241 709 5282 rem
731 5233 976 5298 superat
1001 5245 1012 5282 :
1045 5228 1127 5282 sic
1151 5226 1642 5296 archangelorum
1674 5226 1929 5282 violenta
1950 5226 2233 5297 quaedam

583 5315 642 5370 in
685 5315 1008 5371 draconem
1034 5315 1380 5372 sustinendo
1411 5316 1704 5386 imparem
1736 5314 2072 5386 praevalens
2097 5331 2231 5370 con-

585 5403 830 5475 spiratio
863 5405 922 5459 in
964 5405 1146 5460 chaos
1187 5410 1243 5460 et
1272 5403 1588 5472 caliginem
1621 5403 1905 5458 miserum
1960 5402 2228 5459 difﬂavit.

2347 4519 2437 4563 τοῦ
2497 4509 2776 4586 δράκοντος
2830 4509 3166 4581 ἑνισχύσασα
3225 4517 3350 4570 πνοὴ
3402 4514 3483 4562 τὸν
3529 4510 3608 4580 μεν
3654 4502 3711 4561 εἰς
3753 4496 3837 4565 χάος

2347 4605 2434 4652 καὶ
2464 4600 2618 4672 ζόφον
2646 4599 2947 4674 ἑξερῥίψατο
2981 4621 2992 4632 ·
3028 4600 3176 4652 αὐτοὶ
3229 4597 3288 4652 δε
3347 4603 3437 4657 τὴν
3491 4596 3659 4648 ἐκείνου
3700 4591 3835 4638 πτῶσιν

2346 4690 2537 4742 ἑαυτῶν
2564 4687 2842 4759 ἀσφάλειαν
2881 4690 3153 4760 τιθέμενοι,
3214 4690 3383 4761 ἔτερος
3436 4689 3558 4753 πρὸς
3611 4685 3683 4733 τόν
3724 4675 3835 4762 ἕτίῖθῆν

2345 4779 2617 4853 ἔκέκραγον
2646 4799 2659 4810 ·
2686 4782 2902 4845 Μὴπως,
2927 4782 3075 4848 φασὶ,
3106 4774 3199 4830 διὰ
3270 4786 3364 4839 τῆς
3412 4776 3560 4833 αὐτῆς
3617 4769 3750 4823 αἰτίας
3796 4771 3836 4854 Ni

2343 4872 2437 4926 τὴν
2525 4868 2707 4939 ὁμοίαν
2786 4863 3146 4937 ὑπενεχθῶμεν
3229 4866 3397 4940 pitu.
3473 4862 3724 4940 Τοιγαροῇ
3778 4861 3833 4895 καί

2345 4958 2493 5029 ἡμεῖς
2544 4961 2875 5028 κροτὴσωμσν
2925 4960 3144 5030 σήμερον
3193 4961 3285 5014 τὴν
3347 4956 3500 5012 ἠτταν
3567 4954 3645 5000 τοῦ
3704 4937 3835 5029 δυσμέ-

2347 5055 2479 5106 νοῦς,
2550 5043 2907 5117 Ἐορτοίσωμεν
2949 5049 3040 5102 τὴν
3095 5043 3144 5096 ἓν
3198 5053 3289 5096 νοῦ
3340 5041 3564 5117 οὗρανοῡ,
3625 5031 3733 5085 κατὰ

2345 5135 2542 5191 ὑψηλὸν
2587 5132 2903 5204 ενὶὰγγέλιον,
2947 5140 3038 5185 τοῦ
3097 5140 3296 5184 Σατανᾶ
3379 5139 3584 5194 πτῶσιν,
3657 5122 3725 5171 καὶ
3777 5125 3834 5162 τεν

2344 5224 2583 5296 λαμπρὰν
2636 5231 2733 5273 τῶν
2787 5220 3012 5291 ἀγγθιων
3055 5226 3198 5279 νίκην
3255 5217 3482 5294 φαιδρῶς
3533 5209 3833 5296 πανηγυρίσαν-

2343 5291 2427 5375 τες
2473 5291 2556 5364 ἐπὶ
2593 5314 2686 5372 τὰς
2756 5309 2933 5382 ἐφεξῆς
3011 5310 3176 5362 αὐτῶν
3261 5291 3525 5385 Ἵὰριστείας
3601 5303 3672 5352 τὸν
3734 5291 3832 5354 λογον

2347 5403 2742 5473 καταγάγωμεν.

581 5494 765 5558 Quem
795 5494 925 5564 ejus
948 5493 1027 5549 illi
1059 5510 1265 5551 casum
1298 5509 1470 5548 suam
1529 5493 1799 5561 ipsorum
1859 5492 2235 5548 securitatem
2280 5492 2657 5564 reputabant,
2718 5489 2800 5544 sic
2862 5505 2923 5544 se
2969 5488 3224 5544 invicem
3276 5482 3684 5543 commonentes
3718 5486 3730 5524 ι
3760 5465 3830 5564 Νθς

578 5582 730 5640 forte
791 5561 871 5640 ob
924 5584 1204 5641 eamdem
1265 5581 1457 5638 simile
1512 5596 1624 5636 nos
1665 5579 1779 5651 ipsi
1839 5596 2083 5653 quoque
2133 5561 2460 5654 aliquando
2511 5580 2570 5636 in
2631 5578 2904 5636 exsilium
2957 5578 3359 5650 deportemur.
3431 5577 3536 5631 Nos
3579 5575 3696 5622 vero
3750 5561 3825 5623 ΡΜ
