4042 6214
239 275 346 334 23‘1
1029 275 1297 334 NICETE
1326 271 1680 334 LAUDATIO
1712 269 1810 326 SS.
1841 247 2214 324 MICHAELIS
2251 267 2336 322 ET
2364 265 2749 322 GABRIELIS.
3443 253 3581 322 1238

201 408 330 460 tem
361 401 542 458 etiam
565 397 902 455 delibemus
944 398 1084 455 huic
1142 402 1386 471 gaudii:
1421 405 1480 458 et
1509 398 1730 455 victum
1789 391 2044 465 impium
2095 391 2402 446 communi
2441 390 2620 446 hodie
2658 389 2880 462 plausu
2920 387 3310 460 gratulemur.
3359 389 3579 446 Casum

207 494 449 549 Satanae
475 490 648 561 juxta
667 486 942 542 divinum
966 489 1350 560 Evangelium
1381 489 1455 545 de
1495 485 1644 543 caelo
1676 482 1944 540 cadentis
1990 480 2142 535 festa
2168 477 2391 534 Laetitia
2420 493 2859 551 prosequamur
2909 475 3356 550 gloriosamque
3384 478 3573 535 victo-

202 582 362 638 riam
390 578 742 650 angelorum
768 577 1066 633 hilaritate
1097 579 1338 650 publica
1367 579 1733 634 celebrantes
1760 571 1839 629 ad
1871 571 2145 628 caeterum
2175 583 2374 625 rerum
2405 570 2477 625 ab
2509 567 2656 644 ipsis
2687 565 2969 642 praeclare
2999 569 3305 641 gestarum
3338 583 3576 641 percur-

199 669 464 728 rendam
495 666 710 722 seriem
743 665 1075 722 orationem
1106 665 1518 724 admittamus.

279 769 377 820 Διὰ
428 767 622 818 τούτων
689 761 992 830 ἀπόστολοι,
1051 767 1329 841 μάρτυρες,
1391 766 1560 837 ἱερέων
1625 782 1676 815 τε
1726 767 1816 814 καὶ
1848 766 1875 816 Α

1999 761 2221 816 Horum
2253 759 2528 830 praesenti
2563 775 2676 832 ope
2710 757 2962 831 apostoli
3001 763 3057 814 et
3097 763 3403 831 martyres,
3433 775 3580 830 pon-

196 859 367 910 όσίων
449 855 846 928 κραταιούμενοι
917 858 1094 926 χοροὶ,
1145 856 1194 906 οὶ
1231 856 1321 926 μὶν
1374 857 1432 906 τὸ
1487 856 1670 926 κράτος
1725 871 1792 903 κα

1983 847 2154 903 ficum
2176 852 2642 920 sanctorumque
2661 847 3025 920 reliquorum
3049 847 3418 904 corroborati
3447 848 3579 904 cho-

199 948 405 1021 θράσος
461 953 556 1004 τῆς
607 941 847 995 ἀνέκαθεν
911 941 1150 1004 ἀσεϐείας
1206 943 1542 1016 ἐκριξοῦντες,
1594 945 1680 993 τὸν
1737 941 1795 993 εὐ

2007 954 2021 1006 ;
2056 937 2134 992 illi
2158 937 2423 1010 quidem,
2454 936 2668 994 robore
2708 944 2886 1010 atque
2912 937 3170 994 audacia
3215 938 3575 1009 superstitio-

198 1033 334 1094 σεϐῆ
382 1041 476 1086 τοῦ
507 1040 642 1085 Θεοῦ
684 1035 859 1104 Λόγου
889 1030 1040 1103 λόγον
1076 1031 1411 1104 ὲνεφύτευσαν
1450 1040 1512 1105 τῇ
1563 1040 1629 1104 γῇ
1694 1052 1707 1064 ο
1766 1050 1792 1082 ο

1979 1027 2039 1095 is,
2070 1043 2200 1100 qum
2250 1043 2319 1081 ex
2351 1024 2555 1081 inferis
2586 1031 2899 1097 emeserat,
2949 1025 3294 1099 exstirpata,
3341 1026 3575 1099 pietatis

197 1121 267 1177 δὲ
323 1125 585 1196 τυράννων
662 1125 980 1194 μιαιφονίαις
1045 1121 1454 1194 συμπλεκόμενοι
1504 1126 1592 1172 καὶ
1622 1124 1785 1194 μέχρι

1979 1130 2129 1170 :men
2191 1114 2289 1170 Dei
2321 1113 2490 1170 Verbi
2522 1113 2774 1170 verbum
2831 1113 2892 1170 in
2947 1119 3104 1171 terra
3161 1119 3460 1172 severunt.
3490 1114 3575 1173 Illi

197 1214 433 1286 αἳματος
486 1213 691 1271 τούτοις
741 1209 1247 1282 ἀντικαθιστάμενοι,
1305 1213 1396 1271 τὰς
1461 1209 1654 1284 ἐναγεῖς
1722 1212 1793 1282 μὲ

1977 1220 2060 1260 ετο
2105 1221 2244 1259 cum
2294 1203 2639 1260 crudelitate
2689 1209 3082 1275 tyrannorum
3109 1203 3383 1260 cominus
3437 1222 3573 1261 con-

199 1302 398 1362 θυσίας
441 1308 540 1351 τῶν
596 1294 878 1370 δαιμονίων
953 1297 1260 1366 ἀντανεῖλον,
1338 1300 1488 1351 αὐτοὶ
1535 1293 1594 1350 δὲ
1651 1300 1795 1350 θυσία

1975 1294 2109 1348 ressi
2134 1299 2187 1350 et
2215 1309 2404 1365 usque
2431 1291 2507 1348 ad
2529 1292 2886 1363 sanguinem
2916 1292 3000 1348 eis
3048 1293 3386 1350 resistentes
3434 1310 3571 1367 pro-

196 1389 357 1450 ζῶσα
410 1384 564 1445 δεκτή
624 1395 696 1456 τῷ
733 1396 829 1448 τῆς
882 1383 1043 1450 δόξης
1099 1390 1456 1460 κικάρπωνται
1513 1395 1648 1458 Θεῳ.
1711 1393 1789 1439 Kc:

1978 1397 2063 1438 ,na
2123 1381 2368 1454 quidem
2409 1379 2698 1438 sacriﬁcia
2728 1381 3166 1438 daemoniorum
3207 1383 3574 1439 sustulerunt

199 1479 360 1550 ἱερεῖς
403 1477 494 1547 μὲν
547 1477 740 1546 Κυρίου
779 1469 1121 1533 δικαιοσύνην
1169 1471 1508 1548 ἐνδυσάμενοι
1564 1481 1664 1527 πᾶν
1719 1477 1795 1547 μετ

1973 1471 2032 1525 »εἰ
2063 1487 2202 1526 vero
2231 1470 2437 1526 vivens
2465 1469 2660 1526 hostia
2684 1476 2740 1526 et
2779 1470 3162 1542 acceptabilis
3195 1474 3313 1528 Deo
3368 1472 3569 1542 gloriae

193 1567 331 1636 ἄγος
409 1565 652 1635 αἱρέσεων
703 1560 1150 1634 ἀπεσκοράκισαν,
1224 1570 1399 1616 πᾶσαν
1441 1560 1500 1616 δὲ
1546 1562 1789 1634 θεολογίατ

1971 1558 2210 1616 nmolati
2252 1564 2409 1614 sunt.
2437 1564 2507 1614 At
2539 1557 2877 1614 sacerdotes
2911 1559 3008 1614 Dei
3033 1559 3325 1629 justitiam
3357 1561 3567 1628 induti,

193 1649 488 1725 ἀμώμητον
528 1653 651 1723 ἡμῖν
697 1649 994 1712 ἐξέϐλυσαν.
1039 1650 1252 1724 Ὀμιλος
1301 1650 1360 1705 δὲ
1415 1661 1512 1705 τῶν
1566 1655 1789 1710 ἀσκητῶτ

1973 1654 2081 1704 este
2103 1649 2260 1704 omni
2289 1649 2596 1704 haereseon
2624 1645 2830 1720 procul
2857 1664 2892 1703 a
2940 1648 3296 1718 contagione
3327 1648 3569 1704 sincerae

197 1743 339 1816 ἱερὸς
383 1742 516 1792 κατὰ
543 1747 634 1791 του
663 1743 820 1811 νόμου
855 1749 952 1803 τῆς
1007 1739 1261 1814 ἁμαρτίας
1308 1740 1660 1814 ὁπλιζὸμενοι,
1717 1747 1793 1793 καὶ

1969 1735 2054 1792 dei
2085 1737 2495 1806 exterminata,
2528 1753 2712 1792 sacrae
2744 1735 2918 1792 nobis
2971 1736 3255 1793 doctrinae
3303 1737 3565 1810 explica-

190 1837 378 1882 τοῦτον
427 1833 566 1901 νόμῳ
605 1832 944 1904 τροπούμενοι
998 1827 1362 1896 δικαιοσύνης,
1415 1830 1463 1882 ἐν
1506 1835 1610 1905 ὄρει
1672 1838 1786 1884 Θεοί

1971 1843 2140 1884 onem
2181 1844 2394 1884 sanam
2425 1833 2482 1883 et
2524 1826 3103 1899 irreprehensibilem
3151 1826 3567 1900 profuderunt.

192 1918 335 1990 ἁγίῳ
405 1921 773 1971 καταπαύουσι
844 1924 990 1973 Σιών.
1049 1918 1149 1973 Καὶ
1195 1922 1297 1994 γὰρ
1353 1921 1536 1982 πάντες
1611 1921 1700 1991 μὶν
1757 1939 1782 1971 ο

1971 1923 2115 1973 Intus
2164 1932 2344 1989 porro
2394 1932 2560 1971 sacer
2605 1919 2952 1971 Ascetarum
3002 1916 3291 1971 adversus
3341 1917 3567 1989 peccati

193 2009 328 2081 ἱεροὶ
379 2013 488 2069 νοις
575 2006 872 2078 λειτουγικὰ
947 2011 1216 2080 πνεύματα
1279 2010 1413 2060 κατὰ
1486 2012 1574 2060 τὸν
1641 2012 1789 2079 μέγαπ

1969 2021 2108 2076 gem
2137 2005 2372 2071 armati,
2402 2003 2687 2076 illamque
2717 2004 2846 2074 lege
2887 2003 3126 2075 justitiaa
3157 2007 3565 2076 permutantes

193 2095 514 2148 Ἀπόστολον
583 2096 911 2170 ὑπάρχοντες
989 2101 1119 2172 πρὸς
1166 2101 1259 2154 τὴν
1333 2105 1431 2149 τῶν
1499 2097 1789 2169 σωζομένωι

1967 2115 1975 2150 ι
2024 2100 2225 2150 monte
2278 2095 2370 2150 Dei
2405 2100 2610 2149 sancto
2642 2091 2781 2149 Sion
2818 2092 3224 2165 acquiescunt.
3275 2094 3563 2150 Caeterum

192 2182 273 2257 ἐφ’
304 2183 424 2242 ὅλην
482 2188 575 2242 τήν
613 2192 710 2256 γῆν
754 2185 1185 2260 προχειρίζονται
1237 2181 1507 2238 διακονίαν
1533 2207 1545 2218 ·
1579 2183 1788 2256 Μιχαὴλ

1967 2200 2050 2238 im
2099 2183 2212 2238 illa;
2260 2199 2473 2239 omnes
2530 2185 2752 2236 sanctae
2812 2186 3040 2238 mentes
3087 2182 3260 2253 juxta
3312 2198 3563 2254 magum

193 2267 258 2325 δὲ
309 2277 400 2326 καὶ
445 2271 670 2346 Γαϐριὴλ
736 2277 972 2346 τοσούτῳ
1029 2277 1340 2349 πιστοτέραν
1369 2279 1458 2326 καὶ
1516 2271 1789 2348 ἑνιργεστέ·

1965 2271 2262 2344 postolum
2294 2269 2781 2327 administratorii
2814 2267 2931 2325 sint
2959 2267 3218 2342 spiritus,
3261 2271 3561 2327 omnium-

190 2380 289 2434 ραν
348 2366 442 2420 τὴν
501 2360 692 2414 ἑαυτῶν
750 2361 1074 2436 λειτουργίαν
1129 2361 1491 2438 ἀναφέρουσιν,
1559 2363 1664 2434 ὅσῳ
1711 2367 1786 2414 καλ

1965 2375 2028 2415 ne
2083 2357 2244 2416 salus
2269 2359 2373 2431 qui
2405 2358 2627 2430 ubique
2662 2365 2956 2414 terrarum
3003 2358 3411 2416 haereditatem
3459 2375 3561 2416 ca-

192 2451 404 2503 πάντων
460 2451 815 2524 ὑπερκείμένοι
874 2457 1059 2524 σοφίας
1097 2457 1375 2526 περιουσίᾳ
1433 2457 1523 2504 καὶ
1569 2451 1788 2526 λαμπρό·

1965 2451 2084 2506 iunt
2112 2448 2320 2504 salutis
2351 2465 2558 2504 eorum
2591 2446 2668 2503 ad
2699 2445 3009 2503 ministerii
3055 2447 3561 2522 providentieeque

194 2557 375 2605 τητος,
429 2537 615 2610 μᾶλλον
656 2545 1049 2613 προσηγγίκασι
1107 2548 1168 2614 τῇ
1226 2541 1646 2616 ὑπερουσιότητι.
1707 2541 1790 2593 Διᾶ

1966 2545 2142 2594 artem
2186 2538 2453 2610 aliquam
2499 2535 2786 2609 pertineat
2814 2553 2827 2590 :
2861 2541 3026 2592 tanto
3059 2536 3192 2609 plus
3221 2541 3424 2593 tamen
3449 2537 3562 2593 hac

193 2631 391 2688 παντὸς
468 2623 526 2680 δὲ
602 2626 878 2700 βλέπουσι,
952 2633 1020 2692 ὡς
1066 2631 1090 2681 ὁ
1137 2631 1270 2692 θεῖός
1317 2649 1448 2702 φησι
1522 2629 1689 2700 λόγος,
1740 2632 1789 2682 τέ

1964 2673 1970 2683 .
2014 2625 2493 2683 administranda
2555 2623 2801 2698 spiritali
2859 2625 3212 2698 praafectura
3260 2625 3560 2684 ﬁdelitatis

191 2719 469 2790 πρόσωπον
506 2725 596 2768 τοῦ
628 2723 783 2773 Θεοῦ.
813 2715 1130 2793 Ὠσπεριοῦν
1180 2718 1336 2780 αὐτὸς
1382 2718 1527 2780 οὗτος
1575 2720 1600 2770 ὁ
1659 2719 1787 2770 θεάν·

1965 2717 2337 2789 .dustriteque
2370 2714 2548 2771 laude
2579 2713 2820 2772 Michael
2850 2719 2907 2770 et
2941 2715 3171 2771 Gabriel
3202 2732 3384 2788 supra
3425 2715 3561 2772 reli-

188 2805 393 2880 θρωπος
447 2809 678 2878 Χριστὸς
748 2805 951 2868 Ἰησοῦς
990 2810 1103 2879 ἔχει
1160 2819 1249 2880 μεν
1306 2806 1360 2860 ἐκ
1411 2805 1614 2870 δεξιῶν,
1684 2810 1784 2879 ἔχει

1965 2822 2062 2861 ios
2091 2804 2404 2872 excellunt,
2440 2810 2668 2877 quanto
2706 2803 2919 2859 iisdem
2948 2804 3233 2860 omnibus
3270 2804 3561 2876 sapientia

185 2887 251 2946 δὲ
305 2899 395 2946 καὶ
467 2893 520 2956 ἐξ
592 2894 860 2968 εὐωνύμων
917 2896 1057 2967 αὐτῷ
1114 2893 1572 2966 συνεδριάζοντας,
1626 2897 1702 2958 οἷς
1762 2899 1781 2954 i

1961 2938 1963 2949 .
2017 2893 2322 2950 nobilitate
2365 2893 2520 2948 infra
2552 2909 2616 2948 se
2669 2891 2882 2947 relictis
2933 2892 3187 2954 vicinius
3246 2891 3324 2948 ad
3363 2894 3557 2948 omnis

184 2976 443 3058 συνεδρία
519 2985 650 3055 πρὸς
699 2991 791 3036 τοῦ
845 2988 1044 3060 Πατρός
1139 2981 1297 3044 δῆλον
1354 2986 1434 3036 ὅτι
1501 2989 1780 3059 πρητοίμα-

1960 2983 2281 3039 arfectionis
2333 2981 2566 3053 apicem
2622 2980 2994 3036 divinitatem
3045 2979 3366 3036 similitudo
3415 2979 3556 3036 istos

183 3089 313 3122 σται
360 3070 516 3137 οὕτω,
563 3076 715 3144 φημὶ,
784 3077 872 3124 καὶ
928 3081 1028 3124 τῶν
1081 3080 1266 3146 νοερῶν
1317 3075 1511 3124 τούτων
1563 3071 1779 3146 λειτουρ-

1959 3071 2147 3144 ropior
2170 3088 2353 3143 quam
2380 3070 2630 3126 aliorum
2653 3084 3025 3142 quemquam
3047 3067 3427 3140 dignitasque
3453 3069 3555 3125 ad-

178 3165 292 3229 γῶν
321 3157 375 3210 ὃν
399 3159 566 3231 μὶνέκ
606 3157 808 3227 δεξιῶν,
868 3162 921 3212 ὃν
972 3158 1030 3214 δὲ
1073 3166 1162 3214 καὶ
1211 3161 1264 3224 ἐξ
1320 3160 1588 3236 εὐωνύμων
1648 3159 1774 3232 αὐτᾲ

1955 3167 2101 3216 ιονει
2132 3159 2463 3215 sublimior.
2501 3159 2745 3229 Semper
2776 3163 2995 3229 autem,
3031 3161 3096 3212 ut
3123 3157 3393 3212 divinum
3421 3159 3551 3214 Ver-

177 3256 520 3319 παρεστῶτας
562 3248 615 3311 ἐξ
658 3249 840 3310 αἰῶνος
885 3255 1278 3326 παρεστήσατο.
1339 3247 1413 3302 Δι’
1469 3250 1537 3300 ὧν
1594 3252 1658 3310 ὡς
1709 3251 1773 3301 οἰ-

1955 3265 2044 3304 im
2072 3247 2356 3320 loquitur,
2390 3245 2590 3300 vident
2620 3243 2830 3300 faciem
2862 3245 2977 3299 Dei.
3027 3245 3551 3311 Quemadmodum

175 3338 460 3388 κειοτάτων
521 3344 631 3400 τοῖς
696 3336 832 3399 ὅλοις
887 3337 1228 3410 ἐντελλόμενος
1305 3346 1405 3390 τῶν
1456 3337 1582 3390 ὅλων
1656 3339 1771 3412 ὑπερ

1954 3338 2076 3400 :itur
2105 3337 2198 3392 hic
2220 3352 2350 3408 ipse
2387 3339 2538 3390 Deus
2579 3331 2756 3388 simul
2785 3338 2842 3389 et
2869 3333 3052 3390 homo
3081 3334 3344 3391 Christus
3386 3337 3550 3392 Jesus

177 3429 452 3492 φυὲστατα
534 3423 750 3484 κήδεται
833 3432 922 3479 καὶ
1017 3429 1385 3501 προμηθεῖται.
1465 3427 1617 3479 Οὕτω
1690 3430 1773 3488 τὰς

1954 3425 2177 3482 dextris
2204 3431 2260 3479 et
2299 3440 2335 3480 a
2367 3421 2619 3478 sinistris
2673 3421 3005 3477 assidentes
3062 3421 3178 3477 sibi
3208 3421 3392 3479 habet
3439 3422 3549 3479 ali—

172 3507 454 3576 πολυεδείς
509 3509 799 3585 διακονίας,
869 3516 959 3568 εἶτ’
1019 3516 1105 3568 οὖν
1165 3517 1484 3589 λειτουργίας
1513 3525 1610 3568 τῶν
1651 3513 1768 3568 ἀσω·

1956 3531 2046 3570 ios
2079 3531 2090 3568 :
2127 3529 2227 3568 eos
2277 3511 2496 3566 scilicet
2547 3509 2767 3581 quibus
2799 3509 2942 3566 tanti
2993 3525 3311 3566 consessus
3359 3511 3552 3568 honor

172 3603 360 3672 μάτων
397 3604 906 3678 καταθεωρήσαντες,
949 3608 1065 3676 φέρε
1127 3601 1195 3663 δὴ
1245 3604 1424 3657 λοιπὸν
1471 3609 1548 3666 τίς
1609 3605 1768 3657 αὑτοίι

1953 3609 2141 3660 iratus
2172 3618 2206 3658 a
2229 3603 2394 3656 Patre
2423 3603 2509 3656 est
2544 3616 2555 3653 :
2589 3599 2670 3654 ita
2719 3597 2854 3654 dico
2895 3598 3292 3671 spiritualium
3332 3599 3549 3657 horum

170 3689 360 3763 ἐφεξῆς
397 3691 427 3748 ἡ
486 3694 616 3763 πρὸς
666 3696 753 3744 τὸν
810 3693 1118 3766 ὑπερουσιον
1167 3695 1432 3766 ὁμοιότης,
1480 3697 1568 3744 καὶ
1614 3697 1694 3755 τίς
1750 3695 1766 3744 i

1951 3693 2303 3748 llIllStI‘Ol‘lllll
2331 3689 2568 3746 adstare
2597 3689 2645 3744 ei
2680 3703 2917 3760 semper
2946 3703 2981 3743 a
3011 3687 3232 3744 dextris
3275 3688 3547 3759 alterum,

170 3775 412 3854 διαφορὰ
484 3788 833 3852 κατανοῶμεν,
1069 3789 1166 3834 τῶν
1216 3782 1476 3854 ὀνομάτων
1546 3786 1766 3852 κοινωνίι

1957 3786 2148 3836 terum
2181 3777 2496 3834 asinistris
2564 3776 2642 3831 ad
2695 3775 2808 3831 hoc
2861 3775 3130 3832 ofﬁcium
3185 3775 3548 3849 quotidianae

167 3873 275 3924 τὴν
345 3867 581 3940 ἀνόμοιον
651 3870 841 3937 αὐτῶν,
922 3874 990 3931 ὡς
1046 3869 1106 3922 ἃν
1163 3873 1295 3923 εἴποι
1342 3891 1438 3939 τις,
1502 3871 1763 3943 ὁμοιότητι

1952 3867 2289 3942 )paritionis
2339 3872 2440 3921 aut
2489 3881 2763 3920 assessus
2814 3869 3034 3919 aeterna
3087 3863 3183 3919 Dei
3248 3865 3548 3921 voluntate

167 3959 314 4008 κατὰ
371 3960 523 4028 φύσιν
572 3961 985 4031 τεκμαιρόμενοι,
1048 3959 1199 4010 Οὕτω
1251 3960 1352 4030 γὰρ
1406 3957 1466 4010 ἂν
1510 3960 1538 4017 ἡ
1590 3960 1763 4010 τούτω·

1951 3963 2112 4012 ectos
2144 3962 2200 4011 et
2232 3953 2555 4010 adhibitos.
2593 3953 2818 4019 Quibus
2857 3958 2921 4007 ut
2958 3952 3432 4008 familiarissimis
3462 3955 3547 4009 in-

167 4052 376 4115 γνῶσις
406 4045 749 4120 ἐναργεστέρα
767 4054 840 4117 τῷ
870 4056 939 4118 νῷ
970 4047 1355 4120 καταλειφθείη.

1948 4045 2208 4100 πιηιιῐιῐὶἱε
2237 4059 2306 4098 ac
2337 4041 2824 4115 procuratoribus
2853 4041 2930 4097 ad
2961 4040 3168 4096 omnia
3197 4043 3387 4107 utens,
3421 4043 3544 4097 uni-

168 4132 514 4188 versitatem
545 4149 745 4190 rerum
778 4135 1097 4205 magniﬁca
1133 4136 1400 4204 quadam
1447 4125 1746 4208 planeque
1776 4135 1940 4204 regia
1979 4133 2360 4189 Providentiae
2427 4131 2655 4186 ratione
2708 4131 3072 4186 moderatur.
3122 4129 3236 4185 Sed
3278 4129 3406 4200 jam
3461 4131 3545 4186 in-

168 4234 605 4291 corporearum
639 4222 931 4278 mentium
962 4221 1297 4279 functiones
1345 4224 1540 4279 varias
1585 4239 1657 4278 ac
1689 4222 2014 4280 ministeria
2065 4223 2205 4278 satis
2246 4221 2536 4276 hactenus
2593 4217 2994 4291 contemplati,
3055 4233 3165 4290 age
3213 4217 3352 4274 hinc
3383 4217 3546 4275 dein-

167 4323 320 4380 ceps
346 4323 630 4381 quianam
653 4311 897 4366 tandem
920 4313 993 4367 sit
1020 4311 1256 4368 illorum
1285 4327 1420 4368 cum
1453 4312 1573 4368 Deo
1601 4310 1944 4379 similitudo,
1978 4327 2185 4367 rursus
2217 4327 2350 4382 quae
2378 4307 2730 4373 differentia,
2759 4307 3222 4363 consideremus.
3257 4310 3538 4383 Hancque

164 4396 236 4451 in
264 4411 336 4450 eo
363 4397 524 4453 viam
545 4403 858 4455 teneamus
889 4415 1130 4463 censeo,
1156 4405 1220 4454 ut
1243 4400 1559 4455 nominum
1586 4399 1804 4456 indicio
1824 4407 2070 4458 naturas
2096 4399 2450 4472 indagantes
2481 4400 2860 4453 attendamus
2886 4411 3077 4468 ecqua
3096 4401 3152 4452 et
3175 4397 3372 4470 qualis
3393 4399 3544 4457 inter

167 4499 282 4542 eos
310 4483 413 4557 qui
443 4487 869 4543 communione
900 4488 1281 4544 continentur
1309 4487 1484 4543 unius
1510 4489 1793 4555 nominis,
1826 4489 2150 4554 dissimilis,
2182 4495 2242 4543 ut
2274 4487 2354 4542 sic
2386 4487 2653 4559 loquam,
2683 4501 2815 4540 esse
2847 4485 3033 4558 possit
3075 4485 3399 4544 similitudo
3440 4505 3545 4546 na-

167 4579 459 4631 turarum.
489 4577 580 4631 Sic
611 4577 770 4632 enim
807 4577 949 4648 vim,
977 4582 1039 4633 ut
1059 4577 1294 4648 opinor,
1317 4576 1501 4646 hujus
1531 4577 1615 4632 rei
1635 4579 2061 4649 perspiciemus
2093 4577 2328 4634 clarius.

251 4661 411 4714 Ἕστι
449 4666 538 4734 μὲν
569 4666 670 4740 γὰρ
723 4662 874 4717 οὐδὲν
921 4665 1144 4718 καθόλου
1197 4674 1298 4718 τῶν
1345 4669 1501 4718 ὄντων
1559 4664 1779 4718 ἁκοινω-
1815 4666 1847 4718 Ε

1962 4667 2111 4722 Nihil
2149 4682 2394 4738 prorsus
2427 4667 2514 4719 est
2539 4663 2809 4720 omnium
2831 4666 2992 4737 quod
3027 4681 3311 4736 supremo
3340 4681 3538 4723 rerum

166 4771 329 4810 νητον
405 4751 644 4813 ὁλοτελῶς
704 4754 734 4813 ἢ
787 4751 1072 4830 ἀδιαφορον
1125 4757 1256 4828 πρὸς
1328 4759 1422 4813 τὴν
1473 4755 1762 4827 ὑπερούσιοη

1940 4757 2160 4810 mnium
2196 4754 2492 4826 principio
2522 4759 2624 4810 aut
2660 4753 2967 4809 diversum
2995 4754 3075 4809 ita
3128 4754 3202 4808 sit
3231 4759 3436 4810 utnon
3477 4755 3536 4810 in

166 4840 497 4912 οὐσιαρχίαν
552 4857 564 4871 ⁸
599 4845 768 4894 πάντα
817 4839 869 4895 δ’
927 4845 1030 4896 ὅσα
1055 4847 1112 4896 τὸ
1153 4840 1283 4896 εἶναι
1326 4847 1455 4919 πρὸς
1495 4843 1660 4905 αὐτῆς
1712 4843 1762 4895 εἰς

1942 4845 2091 4915 .iquo
2118 4844 2437 4898 conveniat
2468 4861 2480 4910 ;
2512 4848 2613 4898 aut
2654 4857 2861 4896 rursus
2902 4841 2982 4896 ita
3011 4841 3317 4910 geminum
3372 4841 3538 4901 nulla

166 4930 323 5000 λήφει
360 4934 450 4982 καὶ
500 4933 627 5003 πρὸς
671 4937 960 4994 κοινωνίαις
1011 4937 1124 4985 τισὶ
1185 4936 1316 5007 πρὸς
1366 4937 1560 4990 ταύτην
1613 4951 1762 4985 κεκοι·

1939 4936 1952 4988 t
2007 4932 2064 4986 in
2127 4938 2286 5000 parte
2348 4929 2602 4984 differat.
2674 4929 2766 4984 Sic
2817 4930 2929 4984 ista
2981 4933 3392 5001 temperantur
3445 4947 3535 4987 in-

167 5025 397 5076 νώνηται
434 5039 446 5052 ο
494 5023 584 5072 καὶ
634 5017 868 5095 διαφέρει
913 5017 1191 5095 διαφοραῖς
1222 5016 1458 5080 δηλαδή.
1491 5020 1626 5075 Ἀλλ’
1658 5024 1763 5073 ἔστη

1941 5037 2098 5076 cem.
2132 5021 2229 5073 Est
2251 5023 2308 5072 in
2336 5018 2500 5073 omni
2524 5018 2621 5072 Dei
2645 5031 2824 5088 opere
2850 5017 3154 5073 character
3196 5019 3334 5074 certi
3356 5017 3537 5078 linea-

171 5109 266 5180 μὲν
323 5107 402 5168 οἷς
457 5109 488 5165 ἠ
542 5113 785 5161 κοινωνία
854 5109 1214 5170 πλεονάζουσα
1270 5114 1363 5167 τὴν
1419 5106 1767 5184 διαφορότητα

1941 5111 2070 5164 lenti
2115 5107 2280 5180 quod
2321 5111 2626 5160 auctorem
2682 5103 2894 5160 referat
2926 5125 2939 5166 ;
2969 5111 3109 5161 sunt
3163 5111 3219 5162 et
3275 5107 3537 5180 insignes

171 5203 314 5271 μειοῖ
355 5217 368 5229 ο
402 5199 514 5250 ἔστι
574 5194 626 5250 δ’
686 5197 764 5258 οἷς
795 5200 822 5256 ἡ
871 5195 1193 5273 διαφορότης
1235 5197 1628 5272 ὑπερϐάλλουσα
1683 5203 1767 5256 τὴι

1941 5214 2024 5253 em
2061 5197 2136 5252 ad
2161 5194 2620 5251 discernendum
2646 5203 2828 5248 notae.
2850 5195 3062 5248 Verum
3085 5195 3144 5250 in
3171 5196 3537 5268 quibusdam

172 5290 444 5339 κοινωνίαν
484 5285 704 5344 ἐλαττοῖ,
754 5289 820 5339 Οἱ
865 5284 923 5340 δὲ
971 5289 1184 5360 πλείστῃ
1244 5291 1334 5359 μὲν
1380 5291 1510 5359 πρὸς
1550 5292 1644 5345 τὴν
1704 5289 1768 5340 θε-

1941 5285 2213 5342 militudo
2266 5291 2381 5340 tam
2417 5297 2696 5355 expressa
2745 5283 3003 5338 cernitur
3042 5281 3438 5342 differentiam
3471 5293 3536 5344 ut

175 5379 376 5451 αρχίαν
406 5380 695 5451 κέχρηνται
733 5385 794 5449 τῇ
824 5380 1109 5449 ὁμοιότητι,
1144 5373 1178 5429 δ
1185 5379 1229 5428 ιὸ
1286 5381 1374 5427 καὶ
1430 5383 1542 5436 ταῖς
1600 5378 1771 5428 θεωνυ-

1939 5391 2131 5430 mnem
2179 5390 2331 5445 pene
2372 5372 2584 5428 obruat
2638 5372 2746 5426 :in
2784 5372 3154 5443 quibusdam
3209 5373 3291 5428 ita
3349 5380 3535 5432 exstat

176 5467 329 5536 μίαις
359 5461 556 5535 σχεδὸν
599 5465 831 5527 ἁπάσαις
884 5465 1202 5538 ἀξιοπρεπῶς
1245 5469 1772 5537 κατακεκόσμηνται·

1937 5465 2223 5520 itferentia
2254 5461 2478 5518 nullam
2508 5466 2574 5516 ut
2601 5460 2930 5534 relinquere
2970 5461 3372 5518 similitudinis
3402 5480 3533 5536 spe-

177 5551 374 5608 ἕλάττω
455 5550 512 5608 δε
585 5558 862 5614 κέκτηνται
913 5560 1006 5614 τὴν
1084 5554 1374 5626 ἑτερότητα.
1429 5557 1671 5608 Σκεπτέον
1724 5549 1773 5607 δί

1938 5571 2040 5611 .em
2069 5553 2360 5610 videatur.
2393 5550 2580 5607 Nostri
2605 5555 2806 5607 autem
2844 5550 3218 5624 archangelis
3245 5551 3407 5624 prius
3433 5551 3534 5608 ad-
