4042 6214
502 236 642 292 i239
679 263 686 270 -

504 448 644 506 dine
714 444 958 513 insigni.
1002 442 1164 498 Unde
1205 441 1413 497 merito
1479 437 1986 512 appellationibus
2025 453 2161 511 quae

506 540 626 594 Deo
655 534 1018 590 conveniunt
1038 545 1190 604 pene
1225 535 1514 586 ornantur
1543 529 1848 594 omnibus,
1893 526 2167 582 differen-

507 626 588 682 tia
610 639 788 697 porro
809 620 1163 678 tenuissima
1202 619 1502 691 dispares.
1545 617 1716 684 Quod
1748 616 1901 672 adeo
1935 616 2017 672 sic
2061 615 2167 671 de-

505 715 894 772 monstratur.
928 712 1048 766 Lux
1081 714 1170 765 est
1204 708 1512 776 Dominus,
1539 706 1845 764 rationalis
1867 705 2064 761 omnis
2112 709 2169 761 et

408 819 419 833 ”
505 801 829 877 spiritualis
862 803 1088 856 natura?
1120 798 1504 854 illuminator.
1546 800 1663 852 Lux
1696 811 1834 852 vera
1865 812 1998 868 quae
2031 793 2168 850 illu-

505 892 715 956 minat,
730 891 901 960 juxta
932 889 1230 944 excelsam
1265 886 1649 956 theologiam,
1698 900 1941 942 omnem
1969 883 2170 939 homi-

503 997 646 1039 nem
695 979 1021 1034 venientem
1074 978 1134 1033 in
1165 977 1325 1033 hunc
1356 976 1673 1032 mundum.
1711 978 1830 1031 Lux
1894 974 2023 1030 item
2085 974 2174 1028 est

509 1069 774 1134 Michael,
808 1068 909 1123 lux
950 1067 1202 1124 Gabriel.
1253 1069 1368 1122 Lux
1415 1071 1662 1138 uterque
1704 1064 2006 1136 pellucens
2042 1066 2096 1118 et
2138 1076 2174 1118 ε.

515 1162 629 1216 Deo
663 1159 1004 1231 splendens.
1040 1158 1165 1212 Lux
1198 1170 1499 1228 corporeae
1553 1154 1749 1209 omnis
1790 1156 2177 1225 repraesenta-

515 1249 693 1308 tionis
751 1263 988 1320 expers.
1037 1247 1162 1301 Lux
1195 1260 1313 1300 non
1345 1260 1414 1300 ex
1467 1243 1781 1311 accidenti,
1822 1242 1925 1297 sed
1957 1247 2176 1297 natura

512 1340 748 1414 fulgens
779 1356 792 1403 ;
824 1339 1033 1394 vivens
1056 1337 1268 1393 eadem
1302 1340 1357 1392 et
1393 1335 1579 1390 divini
1611 1334 1855 1390 luminis
1900 1332 2177 1405 splendo-

514 1444 640 1486 rem
664 1427 944 1483 referens.
982 1429 1104 1482 Lux
1147 1424 1428 1495 secunda,
1465 1424 1672 1496 primae
1732 1422 1880 1478 lucis
1939 1437 2174 1495 expres-

519 1534 644 1574 sum
675 1521 730 1573 et
755 1516 977 1571 illustre
1002 1513 1393 1570 simulacrum
1423 1513 1501 1568 ad
1527 1511 1977 1568 similitudinem
2001 1510 2179 1584 primi

518 1605 677 1683 genii
717 1603 1051 1680 splendoris
1075 1602 1391 1668 resultans,
1433 1602 1534 1657 lux
1567 1601 1768 1657 radios
1796 1601 1845 1671 ej
1858 1600 2102 1657 aculans
2125 1602 2182 1656 et

517 1695 768 1768 fulguris
801 1694 878 1751 ad
910 1693 1162 1750 modum
1215 1692 1622 1764 subjectorum
1663 1690 1868 1746 oculos
1900 1689 2180 1763 perstrin-

2025 219 2384 284 ADDEDNA.

499 357 648 418 illud
702 370 890 428 genus
941 351 1237 427 pertinent
1279 349 1680 407 illustrissima
1737 349 1836 405 Dei
1893 348 2163 405 similitu-

2292 350 2451 417 ιῦτως,
2512 356 2623 413 Φῶς
2675 351 2764 423 μὶν
2811 351 2837 404 ὁ
2883 351 3074 427 Κύριος
3115 350 3287 414 πάσης
3342 352 3653 427 φωτιστικὸς

3742 227 3883 287 1240

3736 351 3889 424 λογι-

2273 447 2370 501 κῆς
2418 448 2512 503 τῆς
2565 440 2745 503 οὐσίας
2792 446 2881 494 καὶ
2934 448 3132 514 νοερᾶς,
3193 449 3303 504 Φῶς
3356 441 3594 499 ἀληθινὸν
3636 441 3661 494 ὃ
3727 448 3895 515 φωτί-

2277 530 2374 599 ζει,
2443 533 2578 583 κατὰ
2635 535 2726 588 τὴν
2795 530 3003 602 ὑψηλὴν
3051 531 3330 603 θεολογίαν,
3394 535 3559 584 πάντα
3608 533 3895 606 ἄνθρωπον

2275 618 2553 692 έρχὸμενον
2610 620 2676 680 εἰς
2735 624 2818 673 τὸν
2877 625 3072 694 κόσμον
3131 642 3144 655 ο
3226 629 3369 693 φῶτα
3421 619 3481 674 δί
3538 622 3770 693 Μιχαὴλ
3804 626 3898 673 καὶ

2278 707 2506 780 Γαϐριὴλ
2547 705 2742 780 διαυγῆ
2795 715 2886 762 καὶ
2961 712 3149 782 θεαυγῆ
3184 731 3196 744 ο
3232 715 3375 784 φῶτα
3423 720 3729 783 σωματικῆς
3795 709 3894 783 ἐμ-

2279 800 2476 870 φάσεως
2545 800 2723 861 πάσης
2790 799 2953 872 ἀμιγῆ
3012 805 3101 853 καὶ
3157 804 3368 875 λαμπρὰ
3415 805 3508 859 τήν
3562 803 3722 873 φύσιν
3801 805 3896 854 καὶ

2283 891 2450 952 ζῶντα
2495 893 2584 941 καὶ
2642 885 2842 948 Θεοειὸἥ
2889 911 2900 924 ι
2936 898 3081 961 φῶτα
3128 887 3346 963 δεύτερα
3372 898 3461 943 τοῦ
3516 895 3731 966 πρώτου
3785 912 3901 963 φω-

2279 980 2363 1038 τὸς
2402 976 2588 1051 ἐναργῆ
2625 984 2907 1051 μιμήματα
2954 980 3072 1032 καθ’
3116 981 3403 1052 ὁμοιότητα
3449 988 3543 1042 τῆς
3597 999 3897 1055 πρωτουρ-

2279 1074 2377 1141 γοῦ
2462 1063 2771 1140 διαλλόμενα
2860 1067 3242 1144 λαμπρότητος,
3313 1068 3748 1122 ἁκτινοϐολοῦντα
3806 1074 3900 1121 καὶ

2281 1158 2754 1228 καταστράπτοντα
2791 1162 2913 1220 τοὺς
2963 1157 3369 1222 ὑποϐεϐηκότας.
3435 1158 3685 1231 Ἀγγελος
3739 1159 3902 1211 πάλιν

2284 1247 2309 1298 ὀ
2366 1249 2552 1318 Κύριος
2608 1255 2704 1307 τῆς
2760 1247 2984 1318 μεγάλης
3049 1248 3399 1320 έξαγγελτικὸς
3449 1247 3668 1321 βουλῆς,
3739 1249 3902 1318 ἐγγε-

2283 1334 2371 1397 λος
2439 1342 2532 1397 τῆς
2582 1345 2835 1409 πατρικῆς
2896 1339 2921 1390 ὁ
2981 1339 3099 1400 Υἱὸς
3158 1335 3399 1400 εὐδοκίας
3451 1342 3540 1390 καὶ
3605 1337 3896 1412 φιλανθρω-

2285 1431 2424 1487 πίας.
2479 1431 2541 1479 Τί
2585 1422 2643 1479 δὲ
2683 1426 2906 1498 Μιγαήλ
2963 1433 3051 1480 καὶ
3120 1427 3349 1503 Ταϐριὴλ
3420 1446 3438 1500 ;
3497 1428 3607 1481 Οὐκ
3675 1428 3900 1500 ἄγγελοι

2289 1520 2483 1588 Κυρίου
2516 1519 2931 1592 παντοκράτορος
2965 1536 2977 1581 ;
3011 1518 3122 1570 Οὐκ
3171 1518 3319 1571 αὐτοὶ
3367 1521 3500 1592 πρὸς
3546 1523 3649 1571 πᾶν
3697 1521 3763 1570 τὸ
3805 1524 3901 1575 την

2287 1605 2432 1668 τάξιν
2486 1603 2803 1666 ὑποϐεϐηκὸς

2873 1610 2966 1664 τὴν
3060 1603 3216 1670 δόξαν
3276 1605 3651 1679 ἀναγγέλλουσι
3710 1615 3904 1671 Θεοῦ;

2291 1694 2402 1747 Οὐκ
2449 1696 2599 1747 αὐτοὶ
2630 1698 2752 1767 πρὸς
2799 1698 2969 1748 πάντα
3023 1698 3089 1748 τὰ
3126 1699 3243 1753 ἔθνη
3277 1700 3332 1749 τὸ
3381 1701 3701 1772 πρόσταγμα
3749 1692 3908 1767 διαγ-

523 1800 695 1856 gens.
721 1787 942 1841 Rursus
975 1781 1226 1851 angelus
1253 1782 1537 1836 Dominus
1565 1780 1772 1850 magni
1800 1779 2183 1835 annuntiator

2292 1783 2528 1855 γε’λλουσι
2588 1789 2781 1857 Κυρίου
2834 1801 2847 1851 ;
2908 1787 3171 1858 Ιῐνεῦμαό
3203 1789 3351 1854 Θεὸς,
3426 1791 3516 1837 καὶ
3565 1789 3728 1839 πνέων
3775 1787 3908 1838 ὅπου

523 1873 769 1931 consilii.
795 1871 1057 1942 Angelus
1079 1870 1235 1926 ﬁlius
1275 1874 1332 1926 et
1361 1871 1605 1926 nuntius
1636 1874 1898 1942 paternae
1928 1869 2186 1924 benevo-

522 1963 715 2021 lentiae
760 1977 831 2017 ac
883 1961 1174 2016 adversus
1225 1959 1503 2015 homines
1551 1959 1794 2025 amoris,
1842 1957 1994 2024 Quid
2041 1972 2185 2013 vero

527 2052 770 2113 Michael
801 2055 857 2107 et
883 2050 1164 2108 Gabriel?
1194 2065 1271 2105 an
1313 2064 1436 2106 non
1465 2053 1522 2104 et
1580 2048 1692 2122 ipsi
1742 2047 1938 2119 angeli
1997 2046 2187 2103 omni-

525 2141 785 2220 potentis
817 2140 1050 2197 Domini
1071 2141 1098 2198 ?
1118 2143 1206 2195 An
1238 2153 1360 2194 non
1384 2137 1669 2194 omnibus
1701 2137 1813 2193 sibi
1843 2141 2074 2193 natura:
2097 2151 2187 2192 or-

525 2231 663 2288 dine
707 2229 989 2303 subjectis
1051 2228 1150 2285 Dei
1195 2227 1445 2299 gloriam
1479 2227 1838 2283 annuutiant
1866 2227 1894 2283 ?
1936 2230 2024 2282 An
2065 2240 2186 2281 non

524 2321 585 2380 in
607 2334 818 2377 omnes
840 2323 1044 2390 gentes
1067 2317 1412 2376 mandatum
1435 2317 1551 2389 ipsi
1572 2316 1879 2389 perferunt
1901 2315 2136 2372 Domini
2158 2315 2186 2371 ?

527 2409 776 2482 Spiritus
809 2412 895 2464 est
955 2411 1107 2464 Deus
1161 2406 1396 2480 spirans
1435 2405 1538 2461 ubi
1569 2405 1693 2461 vult
1747 2409 1802 2462 et
1845 2404 2092 2477 quando
2132 2407 2190 2460 et

525 2503 848 2575 quantum,
889 2511 1134 2553 omnem
1186 2511 1400 2553 sensus
1454 2498 1511 2550 et
1562 2495 1939 2564 cogitationis
1993 2493 2185 2550 aciem

527 2587 848 2644 subtilitate
881 2585 1230 2642 substantiae
1278 2601 1348 2642 ac
1399 2585 1680 2640 tenuitate
1733 2584 1986 2654 fugiens.
2031 2583 2186 2654 Ignis

529 2682 822 2755 praeterea
852 2679 1003 2732 Deus
1030 2680 1232 2732 noster
1252 2680 1355 2742 est,
1403 2678 1459 2730 et
1496 2675 1650 2744 ignis
1699 2673 1895 2730 omnis
1946 2673 2186 2729 malitiae

527 2771 940 2839 consumptor,
971 2766 1435 2840 animarumque
1484 2768 1862 2838 expugnator
1891 2763 2183 2831 omnium,

532 2856 960 2927 cogitationum
987 2870 1228 2928 quoque
1256 2855 1527 2911 omnium
1573 2853 1959 2911 illuminator.
2028 2855 2189 2910 Post-

529 2949 646 3008 liac
671 2950 728 3002 et
748 2945 1013 3003 minister
1032 2945 1091 3001 in
1119 2944 1288 3001 terris
1318 2945 1485 3000 visus
1516 2947 1624 3001 est.
1665 2965 1693 2994 ‹‹
1727 2946 1847 3012 Ego
1874 2942 2055 3014 enim,
2085 2943 2187 3009 ait,

528 3037 590 3098 in
613 3035 814 3094 medio
846 3040 1112 3092 vestrum
1137 3050 1271 3089 sum
1298 3033 1447 3090 sicut
1466 3033 1570 3108 qui
1590 3032 1905 3088 ministrat.
1941 3054 1962 3082 ι
1999 3031 2112 3088 Sed
2134 3034 2191 3088 et

525 3127 654 3202 ipse
703 3125 839 3184 fecit
894 3124 1140 3195 angelos
1201 3140 1342 3180 suos
1410 3123 1672 3196 spiritus,
1751 3122 1926 3194 leves,
1979 3122 2186 3193 agiles,

526 3222 819 3286 strenuos,
846 3218 900 3272 et
928 3214 1228 3271 ministros
1254 3229 1394 3270 suos
1426 3214 1737 3270 ﬂammam
1756 3211 1931 3281 ignis,
1961 3227 2187 3284 prunas

526 3303 974 3374 immateriales,
1000 3303 1291 3360 micantes
1313 3302 1390 3358 ad
1424 3317 1666 3358 omnem
1699 3300 1975 3357 vibrandi
2011 3315 2189 3370 agen-
2217 3289 2255 3344 (ἶ

528 3395 710 3468 dique
733 3392 1142 3449 etﬁcacitatem
1175 3391 1414 3457 celeres,
1444 3391 1825 3462 purgativam
1854 3389 2186 3463 quamdam

527 3484 651 3540 vim
697 3483 1008 3556 spirantes.
1072 3480 1240 3537 Tales
1299 3479 1412 3534 sibi
1477 3479 1780 3536 ministros
1820 3483 1878 3536 et
1927 3478 2186 3535 famulos

529 3572 705 3642 elegit
733 3571 836 3644 qui
866 3586 985 3625 non
1016 3584 1186 3626 mora
1213 3572 1267 3625 et
1290 3583 1562 3624 aerumna
1588 3572 1862 3641 optatum
1927 3567 2185 3640 denique

530 3658 862 3734 perficiant,
899 3656 1006 3712 sed
1046 3656 1459 3729 pernicissimo
1513 3672 1707 3730 neque
1761 3672 1830 3711 eo
1884 3655 2185 3714 laborioso

531 3752 700 3806 motu
721 3746 1015 3820 quidquid
1047 3745 1307 3802 decrevit
1340 3749 1492 3802 Deus
1515 3746 1641 3802 ﬁeri
1673 3746 1948 3802 effectum
1981 3745 2185 3802 cumul

526 3838 647 3896 late
670 3840 1076 3910 repaesentent.
1107 3835 1277 3900 Quod
1302 3836 1349 3890 si
1389 3850 1600 3890 omnes
1629 3837 1926 3907 quotquot
1941 3839 2079 3890 sunt
2108 3834 2186 3890 ad

527 3927 622 3985 sui
653 3924 1453 3996 similitudinemdcsignavit
1482 3923 1754 3994 angelos,
1784 3923 1977 3981 multo
2006 3924 2185 3980 nimi-

529 4033 666 4075 rum
688 4015 904 4090 potiori
931 4015 1157 4071 ratione
1179 4014 1613 4070 existimandus
1641 4018 1726 4069 est
1745 4014 1887 4069 istos
1913 4013 2186 4069 omnium

532 4107 873 4180 prtecipuos
902 4105 978 4162 ad
1041 4105 1486 4161 exactissimam
1527 4103 1616 4159 sui
1646 4102 1833 4176 ipsius
1861 4104 2188 4173 imaginem

534 4198 829 4256 elimasse.
861 4195 1111 4267 Spiritus
1140 4194 1233 4250 ille
1259 4194 1555 4266 princeps,
1581 4193 1932 4264 immensus,
1965 4193 2188 4249 incom-

533 4283 970 4360 prehensibilis,
1007 4283 1562 4357 perspicacissinus.
1608 4284 1767 4338 Mens
1796 4282 1960 4338 omni
1991 4287 2188 4338 mente

535 4374 882 4445 majorquae
922 4378 1151 4429 mentes
1191 4387 1401 4428 omnes
1443 4376 1496 4428 et
1536 4372 1799 4445 potentia
1828 4371 2110 4445 produxit
2135 4376 2189 4429 et

533 4463 919 4535 intelligentia
947 4466 1217 4536 penetrat
1239 4478 1308 4518 ac
1348 4461 1636 4534 pervidet.
1679 4462 1959 4519 Omnium
1989 4466 2190 4518 tamen

536 4559 785 4610 conatus
807 4553 883 4610 ad
916 4568 978 4608 se
1019 4552 1278 4608 vicissim
1312 4551 1797 4622 cognoscendam
1853 4551 2182 4608 frustraris:

535 4643 700 4718 quod
729 4644 908 4715 longe
930 4642 1269 4699 facultatem
1301 4641 1706 4711 cognoscendi
1739 4657 1978 4698 omnem
2011 4641 2187 4699 habi-

2294 1872 2442 1934 Θελει,
2497 1877 2586 1924 καὶ
2637 1875 2814 1943 ἡνίκα,
2869 1879 2958 1927 καὶ
3009 1875 3149 1942 ὅσον,
3209 1881 3382 1927 πᾶσαν
3434 1877 3686 1934 αἴσθησιν
3721 1875 3752 1934 ἦ
3791 1879 3910 1933 νόηο

2296 1981 2378 2015 σιν
2404 1970 2465 2035 τῇ
2499 1970 2592 2025 τῆς
2621 1961 2805 2025 οὐσίας
2851 1962 3126 2023 λεπτότητι
3177 1960 3604 2039 διαδιδράσκων.
3646 1971 3752 2018 Καὶ
3803 1973 3906 2039 πῦρ

2295 2047 2353 2104 δὲ
2395 2053 2419 2103 ὁ
2461 2054 2589 2114 Θεὸς
2619 2054 2784 2124 ἡμῶν,
2843 2057 2932 2104 καὶ
2979 2060 3082 2129 πῦρ
3142 2058 3328 2115 κακίας
3374 2056 3463 2126 μὶν
3522 2053 3906 2116 ἐξαναλωτικὸν

2295 2139 2522 2210 ἁπάσης,
2557 2140 2749 2213 ψυχῶν
2784 2138 2842 2195 δὲ
2894 2150 3074 2195 πασῶν
3133 2143 3505 2218 καθαρτήριον.
3564 2148 3666 2196 Καὶ
3720 2140 3906 2197 διάκο-

2292 2249 2378 2292 νος
2409 2229 2491 2282 ἐπὶ
2521 2238 2746 2302 τῆςγῆς
2802 2233 2971 2304 ὤφθη.
3020 2254 3045 2280 ι(
3071 2231 3205 2304 Ἐγὼ
3269 2234 3392 2306 γὰρ,
3436 2254 3463 2282 ii
3528 2237 3710 2306 φησὶν,
3768 2259 3797 2282 α
3857 2233 3902 2286 ἐν

2294 2324 2436 2391 μέσῳ
2507 2321 2648 2392 ὑμῶν
2705 2322 2770 2382 ὡς
2835 2322 2859 2373 ὁ
2916 2318 3190 2376 διακονῶν.
3255 2340 3284 2374 ν
3368 2321 3521 2374 Ἀλλὰ
3574 2327 3669 2376 καὶ
3750 2323 3905 2386 αὐτὸς

2295 2407 2506 2466 ἐποίησε
2562 2413 2682 2471 τοὺς
2757 2409 3001 2481 ἀγγέλους
3045 2411 3205 2463 αὐτοῦ
3260 2413 3529 2483 πνεύματα
3577 2413 3755 2486 κοῦφα
3817 2419 3900 2465 καὶ

2297 2497 2581 2566 ἁεικίνητα,
2641 2504 2729 2552 καὶ
2792 2498 2970 2575 ἕνεργὰ
3033 2506 3122 2553 καὶ
3175 2504 3295 2564 τοὺς
3350 2502 3679 2577 λειτουργοὺς
3740 2504 3902 2557 αὐτοῦ

2294 2591 2454 2660 πυρὸς
2520 2588 2727 2661 φλόγας,
2815 2591 3070 2662 ἄνθρακας
3118 2588 3326 2658 ὰῦλους,
3393 2589 3736 2659 ἀκτινοειᾶεἰς
3821 2600 3906 2648 καὶ

2298 2674 2672 2751 δραστηρίους,
2724 2680 3073 2754 καθαρτήριον
3139 2684 3378 2744 πνέοντας
3445 2680 3724 2754 ἐνέργειαν,
3795 2691 3906 2737 Λιι-

2297 2770 2554 2841 τονργούς
2587 2765 2644 2821 δε
2695 2769 2985 2826 καθίστησι
3015 2774 3103 2824 καὶ
3159 2767 3453 2842 διακόνους,
3504 2771 3563 2824 οὗ
3619 2779 3822 2846 χρόνῳ
3851 2792 3910 2824 ια

2296 2860 2443 2929 μόγῳ
2490 2860 2547 2909 τὸ
2613 2853 3038 2931 σπουδαζόμενον
3112 2857 3487 2925 ἐπιτελοῦντας,
3550 2860 3793 2934 ὀξυτατῳ
3854 2859 3909 2914 9'":

2296 2951 2385 2997 καὶ
2422 2945 2671 3019 ἀκαμάτῳ
2718 2946 2865 3021 ῥῶπῇ
2928 2951 3021 3006 τὴν
3086 2953 3402 3009 Δεσποτικὴν
3457 2949 3656 3024 βουλήν
3714 2951 3909 3024 πληρο-

2298 3042 2590 3108 φοροῦντας.
2634 3037 2694 3089 Εἰ
2749 3033 2806 3089 δὲ
2860 3041 2974 3099 τοὺς
3013 3036 3214 3104 ἀλλους,
3257 3038 3424 3110 πολλῷ
3479 3036 3654 3099 δήπου
3717 3041 3907 3114 μᾶλλον

2297 3129 2414 3186 τοὺς
2485 3133 2583 3177 τῶν
2663 3124 2789 3178 ὅλων
2873 3125 3277 3200 ἀρχικωτάτους
3351 3133 3480 3204 πρὸς
3536 3129 3904 3205 ένεργεστάτην

2297 3214 2434 3285 αὐτῷ
2483 3219 2783 3289 παρήγαγεν
2814 3217 3081 3290 ὁμοίωσιν.
3137 3224 3274 3281 Νοῦς
3329 3217 3354 3270 ὁ
3425 3221 3608 3292 Κύριος
3651 3220 3903 3287 «ﬁam-0;,

2295 3305 2653 3378 ἀπερινόητος,
2738 3304 3188 3380 εἰλικρινέστατος.
3261 3313 3398 3371 Νοῦς
3454 3311 3725 3382 ῦπέρνοος,
3781 3315 3904 3364 γόων

2294 3397 2384 3466 μὶν
2465 3398 2808 3467 παραγωγεὺς
2889 3401 2977 3448 καὶ
3025 3401 3398 3463 κατανοητικὸς
3470 3398 3738 3467 ἁπάντων,
3819 3402 3904 3452 ὑπ’

2296 3479 2504 3546 οὐδενὸς
2554 3480 2612 3536 δὲ
2641 3486 2904 3557 νοούμενος
2961 3488 3024 3546 ὡς
3079 3489 3235 3555 ἔστιν,
3295 3495 3366 3540 τῶ
3419 3494 3592 3542 πᾶσαν
3653 3495 3902 3549 νοητικην

2298 3569 2522 3645 δύναμιν
2581 3573 2746 3636 ἦέξιν
2795 3574 3210 3648 ὑπερεκπίπτειν.
3269 3576 3423 3632 Ἀλλὰ
3461 3583 3549 3631 καὶ
3597 3578 3746 3633 οὗτοι
3796 3586 3904 3642 νόες

2297 3662 2396 3716 εἰσί
2443 3664 2663 3736 καθαροὶ
2721 3669 2810 3717 καὶ
2867 3664 3170 3740 εἰλικρινεῖς,
3230 3672 3319 3720 καὶ
3392 3665 3599 3738 ἀγαθῶν
3663 3676 3906 3742 γει-θέτο-

2294 3770 2378 3826 ρες
2418 3750 2642 3820 ἐννοιῶν,
2674 3757 2762 3804 καὶ
2811 3755 2982 3815 πάσας
3039 3758 3127 3827 μεν
3177 3758 3271 3818 τὰς
3329 3757 3415 3808 ὑπ’
3471 3757 3661 3820 αὐτοὺς
3723 3759 3906 3820 οὐσίας

2297 3839 2643 3915 ἀκριϐέστατα
2721 3851 3063 3896 κατανοοῦσιν
3121 3865 3134 3879 ·
3193 3848 3444 3917 φεύγουσι
3483 3842 3541 3899 δὲ
3606 3853 3700 3901 καὶ
3761 3849 3907 3902 αὐτοὶ

2698 3937 2788 3990 την
2855 3941 2952 3984 τῶν
3032 3934 3310 4005 ὑφιεμένων
3368 3941 3708 3994 κατανόησιν,
3791 3945 3901 3994 lani

2297 4019 2322 4071 ὸ
2350 4022 2478 4079 Θεὸς
2511 4024 2599 4071 καὶ
2640 4019 2904 4090 αὖτοξωή,
2953 4020 3164 4082 ζωοῦσα
3192 4025 3282 4095 μὲν
3339 4024 3439 4075 ὅσα
3481 4029 3693 4096 μετέχει
3749 4027 3904 4092 ζωῆς,

2297 4107 2355 4160 οὗ
2396 4107 2658 4180 ζωουμένη
2689 4104 2768 4163 δέ.
2813 4114 2874 4162 Τί
2921 4112 3022 4184 γὰρ
3055 4108 3113 4162 ἂν
3167 4115 3256 4163 καὶ
3313 4115 3389 4169 εἴη
3436 4115 3493 4164 τὸ
3539 4117 3633 4171 τὴν
3696 4123 3902 4187 πρώτην

2299 4196 2436 4258 ζωὴν
2520 4200 2733 4261 ζωῶσαν
2794 4203 2886 4256 την
2939 4198 3144 4261 ἀπάσης
3176 4199 3443 4273 ἀρχίζωον
3474 4200 3608 4264 ξωῆν
3644 4219 3656 4270 ;
3686 4204 3818 4266 ξωαὶ
3851 4202 3905 4256 δε

2299 4285 2424 4339 εἰσὶν
2463 4287 2627 4353 οὗτοι,
2700 4292 2788 4340 καὶ
2837 4307 3115 4361 προσφυως
3169 4287 3227 4340 ἂν
3277 4289 3507 4348 κληθεῖεν
3560 4293 3630 4353 ὡς
3683 4295 3906 4364 ἔγγιστα

2297 4382 2358 4448 τῇ
2393 4374 2629 4447 αὐτός’ωῇ
2691 4381 3141 4448 προσεσχηκότες,
3212 4382 3300 4430 καὶ
3347 4386 3435 4439 τῆς
3480 4377 3667 4432 ἐκεῖθεν
3721 4380 3901 4443 ἰούσης

2298 4465 2803 4538 ὑπερεμπιπλάμενοι
2879 4463 3205 4540 ζωοὸωρίας.
3280 4473 3380 4521 Καὶ
3435 4473 3529 4526 τὴν
3607 4469 3777 4528 αὐτὴν
3836 4473 3902 4524 εὶ-

2299 4557 2424 4606 κόνα
2496 4558 2839 4628 μορφούμενοι
2895 4563 2986 4617 τῆς
3033 4556 3191 4621 ζωῆς,

2298 3932 2515 4002 θεομιμὴ
2525 3950 2621 3993 τως

3275 4554 3529 4629 ἀκραιφνῆ
3596 4560 3904 4632 ὁμοιώματα

2299 4653 2390 4706 τῆς
2462 4644 2734 4719 ζωαρχίας
2786 4650 3231 4718 χρηματίζουσιν.
3321 4649 3545 4721 Δύναμις
3602 4649 3628 4700 ὁ
3690 4654 3900 4724 Κύριος,

534 4739 782 4809 tumque
811 4732 1212 4789 transcendat.
1245 4733 1461 4787 Mentes
1482 4731 1833 4805 istiquoque
1855 4749 2020 4806 purae
2052 4738 2183 4790 sunt

2296 4738 2385 4786 καὶ
2444 4732 2685 4808 ἐνεργεια,
2740 4734 2929 4806 μᾶλλον
3008 4731 3066 4788 δὲ
3117 4731 3466 4809 αὖτοὸυναμις
3520 4742 3610 4790 καὶ
3671 4739 3904 4813 αὗτενέρ-

534 4828 590 4881 et
613 4823 878 4897 liquidae,
911 4819 1409 4891 etcogitationum
1427 4819 1726 4877 bonarum
1762 4821 2188 4894 procreatrices

533 4929 670 4985 qua:
684 4920 926 4969 naturas
957 4910 1202 4984 quidem
1229 4925 1437 4966 omnes
1461 4926 1521 4964 se
1540 4909 1844 4966 inferiores
1863 4911 2191 4968 clarissime

536 5007 930 5069 cognoscunt.
961 5005 1029 5057 At
1055 5001 1198 5073 ipsae
1228 5000 1556 5056 imitatione
1624 5001 1723 5057 Dei
1791 5001 2192 5071 cognitionem

536 5089 884 5146 inferiorum
931 5095 1203 5146 mutuam
1245 5090 1502 5160 fugiunt.
1574 5093 1701 5145 Vita
1726 5094 1812 5145 est
1855 5091 2022 5159 Deus,
2058 5089 2192 5147 vitae

537 5177 649 5234 sibi
673 5179 784 5252 ipsi
827 5196 949 5234 sua:
982 5179 1341 5252 principium
1369 5185 1425 5236 et
1457 5180 1608 5249 fons,
1635 5179 1816 5234 vitam
1847 5178 2192 5249 impertiens

533 5267 818 5326 omnibus
846 5269 1200 5337 viventibus,
1235 5270 1360 5344 ipse
1385 5286 1420 5326 a
1451 5269 1688 5325 nemine
1713 5282 1978 5324 sumens.
2008 5269 2191 5334 Quale

603 5447 685 5521 (ἦν)
737 5453 1197 5524 Προκαταρπτική,
1286 5447 1464 5524 Ait-ia};
1557 5449 2022 5524 προπαταρκτιπας
2081 5458 2179 5502 τῶν

529 5517 692 5595 νόσων
719 5517 822 5578 eas
883 5517 1186 5595 appellant
1219 5517 1641 5595 __medicorum
1708 5517 1876 5595 pueri
1936 5535 2072 5595 quia
2103 5522 2180 5578 ab

531 5592 862 5671 extrinseco
893 5590 1184 5671 incidunt.
1216 5593 1364 5649 Nam
1394 5604 1503 5671 eas
1535 5605 1672 5671 quae
1709 5590 1795 5647 ex
1850 5590 2061 5671 intima
2088 5609 2180 5671 ra-

530 5668 691 5725 tione
711 5662 1165 5742 temperamenti
1196 5677 1268 5728 ac
1321 5661 1684 5736 qualitatum
1736 5665 2001 5737 corporis
2024 5666 2179 5726 exsi-

2296 4843 2414 4895 γεια
2495 4826 2671 4887 πάσης
2740 4821 3004 4898 δυνάμεως
3086 4821 3465 4897 δυναμωτικός,
3539 4829 3722 4890 πάσης
3777 4828 3905 4902 ἐνερ-

2297 4918 2437 4985 γείας
2469 4912 2787 4988 ἐνεργητικὸς
2820 4935 2832 4948 ο
2865 4911 3080 4987 δύναμις
3112 4911 3295 4988 δρῶσα
3334 4917 3424 4988 μεν
3483 4920 3577 4974 τήν
3639 4937 3693 4970 τε
3748 4914 3904 4970 δῦνα-

2299 5024 2386 5075 μιν
2439 5008 2528 5055 καὶ
2576 5008 2668 5061 τὴν
2715 5001 2967 5075 ἐνέργειαν
3029 5025 3040 5038 ·
3103 5003 3172 5066 εἰς
3222 5004 3374 5057 πάνθ’
3427 5007 3528 5058 ὅσα
3580 5013 3904 5079 μετέσχηκεν

2301 5090 2480 5157 αὐτῆς,
2515 5094 2808 5164 πάσχουσα
2838 5089 2894 5145 δὲ
2921 5099 3086 5145 ταῦτα
3136 5101 3233 5144 τῶν
3287 5096 3487 5146 πάντων
3532 5093 3620 5146 ὑπ’
3675 5092 3900 5159 οὐδειός,

2302 5185 2725 5257 προκαταρκτικὴ
2777 5181 2856 5253 (4)
2911 5190 3008 5234 τῶν
3061 5181 3186 5234 ὅλων
3240 5187 3500 5242 ποιήσεων
3559 5184 3903 5258 ὑπάρχουσα.

2293 5454 2471 5520 stunt,
2505 5455 2893 5524 προηγουμένας
2935 5450 3116 5524 iidem
3141 5451 3377 5524 'voeare
3433 5457 3892 5511 consueverunt.

2291 5505 2526 5590 ossea
2543 5505 2704 5581 liu'dc
2721 5505 2920 5580 l'ocum
2936 5505 3393 5593 intelligendam
3411 5505 3893 5593 Dardanum;

2288 5595 2658 5672 bent_usum.
2699 5594 2874 5672 lsthic
2913 5595 3075 5672 enim
3107 5592 3497 5672 apemtum-ixi:
3547 5592 3776 5672 δύναμις
3804 5597 3888 5652 vis

2288 5671 2378 5727 est
2405 5653 2572 5726 aliud
2601 5682 2637 5729 a
2664 5682 2728 5727 se
2754 5667 3102 5727 distinctum
3129 5653 3210 5727 tib
3231 5653 3566 5730 extiinstico
3602 5653 3888 5730 efﬁciens.
