4042 6214
192 308 322 365 1241

996 310 1262 372 ΝῙΟΕΤᾸΞ
1283 310 1641 373 LAUDATIO
1675 306 1773 367 SS.
1801 304 2169 367 MICHAELIS
2196 309 2282 367 ET
2318 309 2700 370 GABRIELIS.

3412 316 3554 377 1242

190 433 442 507 Δυνάμεις
487 430 591 489 εἰσὶ
645 434 738 487 καὶ
791 430 1040 510 ἒνίργειαι
1103 438 1329 512 Μιχαὴλ
1390 441 1477 492 καὶ
1540 436 1788 511 Γαϐριὴλ,

1903 431 2063 490 enim
2088 432 2234 491 illud
2260 439 2495 495 tantum
2524 453 2660 495 esse
2684 438 2891 511 posset
2918 436 3085 511 quod
3111 436 3247 495 vita
3274 418 3557 513 primige'

192 519 462 596 δυνάμεις,
520 523 579 577 ού
627 528 902 587 ποιότητες
954 524 1149 588 ἀτελεῖς
1210 530 1308 598 εῖτ,
1340 535 1427 582 οῦν
1478 527 1606 591 ἕξεις
1669 529 1794 600 πρὸς

190 611 450 687 ὶνίργειαν
493 609 796 682 ὀδεύουσαι,
857 612 987 668 ἀλλὰ
1052 612 1302 691 δυνάμεις
1360 617 1532 679 ζῶσαι
1578 621 1671 671 καὶ
1726 624 1790 689 τῇ

189 700 354 775 ούσίᾳ
410 699 705 779 σύνδρομον
762 706 1008 777 ἔχουσαι*
1063 709 1154 759 καὶ
1207 710 1297 766 τὴν
1349 706 1622 782 ἐνέργειαν.
1675 707 1795 759 Ἐπὶ

186 792 286 865 μεν
339 793 443 865 γὰρ
491 798 592 845 τῶν
656 791 843 845 ύλικῶν
901 794 1154 867 σωμάτων
1210 798 1300 849 καὶ
1360 803 1594 870 φυσικῶν
1681 792 1797 869 ἰδία

188 882 287 954 μὲν
314 881 341 933 ό
367 888 465 944 τῆς
491 880 676 945 οὐσίας
704 881 822 935 καθ’
853 882 880 936 ὅ
924 880 1063 937 ἔστιν
1113 885 1300 958 όρᾶται
1339 884 1509 959 λόγος,
1565 882 1680 959 ἰδίᾳ
1736 881 1796 939 δε

185 970 219 1029 ἦ
257 970 483 1043 ἔμφυτος
511 967 730 1045 δύναμις
759 967 1144 1037 ἐπιτηδειότης,
1176 981 1313 1028 οῦσα
1359 978 1491 1050 πρὸς
1542 973 1796 1051 ἐνέργειαν

186 1063 286 1113 καὶ
312 1061 457 1135 παρὰ
484 1067 649 1113 ταῦτα
696 1061 728 1119 ἠ
784 1059 1011 1138 ίνίργεια
1067 1063 1174 1117 οἷον
1236 1063 1417 1126 ούσίας
1473 1063 1798 1138 ἀποτέλεσμα

186 1149 544 1220 τυγχάνουσα
594 1144 688 1202 διὰ
737 1156 829 1211 τῆς
883 1148 1101 1213 ἐνούσης
1155 1151 1286 1227 αὐτῇ
1348 1149 1639 1226 δυνάμεως,
1724 1153 1796 1215 εἰς

186 1237 489 1297 τελειότητα
542 1242 930 1312 προσαγομένηο
988 1239 1106 1294 Ἐπὶ
1158 1249 1258 1295 τῶν
1318 1250 1502 1316 νοερῶν
1577 1239 1638 1297 δε
1706 1247 1796 1297 καὶ

187 1324 365 1379 ἁύλων
406 1326 598 1380 οὐσιῶν
653 1327 784 1385 αύτή
854 1327 1021 1389 αὐτῆς
1068 1330 1100 1388 ἠ
1159 1332 1316 1383 ούσία
1372 1326 1596 1403 δύναμίς
1654 1327 1795 1383 ἔστιν

185 1414 425 1490 ἐνεργής.
489 1416 616 1472 Καθ’
670 1418 696 1470 ὃ
759 1419 861 1493 γάρ
912 1419 1016 1473 εἰσι
1074 1424 1165 1473 καὶ
1221 1416 1493 1473 δύνανται*
1546 1423 1636 1473 καὶ
1684 1419 1796 1472 ἄεν-

178 1525 310 1559 ναον
356 1512 577 1583 προὶᾶσι
618 1510 712 1566 τὴν
780 1505 1053 1583 ίνίργειαν·
1124 1507 1258 1563 ὥστε
1330 1505 1400 1568 δὴ
1486 1512 1577 1561 καὶ
1649 1506 1795 1562 οὗτοι

178 1597 394 1649 πάντων
450 1596 804 1670 ύπερκείμενοι
854 1603 955 1649 τῶν
1012 1596 1409 1657 ύποϐεϐηκότων
1460 1592 1632 1671 δρῶσι
1701 1599 1792 1671 μεν

178 1688 467 1760 περιουσίᾳ
523 1681 787 1759 δυναμεως
832 1686 1128 1760 θεοπρεπεῖς
1173 1693 1270 1749 τῆς
1326 1686 1449 1749 ὅλης
1516 1685 1788 1760 ἐνεργείας,

1903 522 2016 577 nia
2039 522 2211 594 cujus
2241 540 2312 584 ex
2338 526 2566 598 origine
2592 527 2729 585 vita
2782 527 2979 584 omnis
3030 543 3221 586 usura
3279 528 3554 589 derivata

1905 615 2011 681 est,
2045 627 2231 670 causa
2253 618 2432 687 atque
2453 621 2662 674 auctor
2681 616 2993 673 existitisse
3013 616 3254 675 vivendi
3278 617 3414 689 jure
3466 619 3550 677 di-

1904 701 2135 758 ceretur
2162 702 2191 760 ?
2224 704 2363 761 Vita
2382 704 2477 762 isti
2504 720 2748 779 quoque
2779 710 2940 776 sunt,
2972 707 3175 779 sicque
3204 708 3417 766 merito
3446 724 3554 767 vo-

1905 794 2132 863 centur,
2162 796 2227 849 ut
2266 796 2370 866 qui
2406 811 2657 869 perenni
2679 796 2815 854 vita
2844 795 2991 854 fonti
3029 797 3377 855 adhareant
3418 813 3553 872 per-

1903 885 2110 954 petuo,
2140 881 2635 960 atﬂuentiumque
2690 886 2851 944 illinc
2895 887 3030 945 vita
3078 904 3401 946 munerum
3445 905 3551 947 co-

1903 972 2007 1045 pia
2031 971 2414 1047 redundent;
2455 974 2595 1032 Vita
2625 975 2909 1050 principis
2926 976 3192 1047 imagine
3232 977 3296 1033 in
3362 980 3424 1035 se
3474 979 3553 1037 ad

1902 1058 2107 1119 vivum
2137 1077 2422 1136 expressa
2450 1063 2528 1121 ad
2566 1069 2797 1122 natura
2854 1065 3246 1138 pracellentis
3277 1070 3552 1125 exactam

1905 1148 2352 1210 similitudinem
2375 1154 2751 1213 conformati.
2777 1158 2989 1212 Potens
3030 1155 3366 1230 efﬁcaxque
3393 1158 3552 1215 Deus

1905 1243 1992 1297 est
2025 1244 2131 1298 aut
2177 1242 2307 1315 ipsa
2354 1244 2554 1316 potius
2611 1248 2874 1318 potestas
2926 1245 2980 1301 ei
3028 1245 3347 1303 etﬁcacitas
3396 1262 3434 1304 a
3490 1263 3553 1305 se

1904 1333 2227 1404 utrumque
2246 1331 2499 1400 habens,
2521 1338 2875 1407 potestatem
2898 1349 3139 1392 omnem
3154 1334 3553 1394 corroborans

1905 1417 2234 1476 efﬁcaciam
2261 1436 2505 1492 acuens,
2537 1422 2845 1498 utriusque
2876 1427 3084 1481 auctor
3111 1424 3395 1481 omnibus
3415 1442 3551 1499 qua

1901 1507 2032 1564 illas
2062 1524 2301 1582 cunque
2342 1510 2724 1583 participant.
2777 1513 3045 1579 Quorum
3095 1512 3241 1569 nihil
3279 1516 3554 1574 omnium

1902 1596 2236 1671 quidquam
2249 1598 2440 1657 simile
2460 1600 3077 1674 patituraquoquam,
3092 1617 3230 1658 cum
3256 1603 3403 1660 nulli
3429 1619 3555 1661 non

1903 1685 2201 1744 eﬂ‘ectioni
2229 1704 2413 1745 causa
2438 1689 2569 1762 ipse
2618 1690 2987 1747 extrinsecus
3044 1707 3398 1749 succurrens
3452 1693 3556 1749 ad-

176 1770 298 1828 ’Υπ’
353 1772 515 1836 αὐτῆς
564 1769 623 1827 δέ
667 1777 828 1837 μόνης
880 1774 1031 1828 αὐτοὶ
1094 1783 1189 1838 τῆς
1238 1782 1580 1851 πρωτουργοῦ
1635 1771 1792 1828 δυνά·

1903 1774 2199 1849 jutrixque
2212 1762 2390 1835 adsit.
2416 1778 2746 1836 Potestates
2760 1784 2818 1837 et
2852 1779 3233 1838 eﬂlcacitates
3252 1781 3392 1838 item
3416 1785 3559 1840 sunt

179 1882 325 1938 μεως
375 1862 467 1917 εἶτ’
515 1858 603 1917 οὖν
653 1862 1030 1940 αύτενεργείας,
1113 1862 1438 1939 ἕνεργούνταὶ
1520 1860 1792 1937 δυναμού-

180 1972 352 2027 μενοι.
409 1950 591 2026 Ἀγιος
648 1954 806 2016 ὅντως
864 1951 1053 2016 ἐκεῖνος
1104 1958 1195 2008 καὶ
1252 1957 1403 2027 μόνος
1454 1951 1645 2026 ἀγαθὸς
1703 1956 1794 2027 φύ-

190 2062 305 2112 στι,
363 2040 421 2104 ὂς
463 2046 605 2115 πηφή
657 2061 714 2096 τε
765 2047 855 2096 καὶ
900 2042 1028 2119 ῥίζα
1081 2047 1273 2107 παντός
1340 2041 1481 2097 ἔστιν
1530 2042 1795 2117 ἁγιασμοῦ

183 2135 282 2185 καὶ
334 2130 680 2204 ἁγαθότητος.
733 2130 908 2205 Ἀγιοι
968 2128 1028 2187 δε
1073 2136 1165 2185 καὶ
1223 2130 1411 2206 ἁγαθοὶ
1461 2136 1553 2186 καὶ
1628 2128 1792 2189 οὖτοι.

185 2220 332 2276 Ἀλλ’
365 2221 502 2294 όμὶν
531 2218 818 2293 ἁμεθίκτως
856 2225 947 2274 καὶ
1005 2219 1263 2287 ἀναιτίως,
1324 2223 1373 2274 oi
1419 2217 1480 2275 δὲ
1538 2222 1797 2295 μεθεκτῶς

189 2315 285 2364 καὶ
352 2309 743 2383 μεταληπτικῶς
824 2317 896 2383 τῷ
972 2314 1103 2387 πρὸς
1171 2310 1327 2364 αὐτὸν
1420 2313 1516 2369 τὴν
1613 2310 1798 2364 ούσίαν

192 2400 492 2472 ᾠκειῶσθαι
523 2408 620 2461 τῆς
668 2397 945 2473 ἁγιότητος
995 2399 1473 2476 ύπερπληρούμενοι
1524 2402 1616 2453 καὶ
1672 2398 1799 2471 ἁγα-

198 2491 439 2562 Θότητος,
471 2488 573 2543 οἷον
599 2490 920 2564 αὐτόχρημα
974 2492 1033 2543 τὸ
1081 2494 1427 2563 μιτεχόμενον
1484 2491 1795 2562 πεφύκασιν.

1900 1864 2142 1922 Michael
2174 1870 2232 1922 et
2257 1865 2507 1924 Gabriel.
2533 1869 2875 1935 Potestates,
2906 1883 3029 1925 non
3073 1868 3390 1943 qualitates
3447 1870 3559 1927 im-

1902 1953 2194 2029 perfecta,
2225 1960 2329 2012 aut
2352 1955 2594 2012 habitus
2644 1956 2723 2013 ad
2772 1955 3186 2015 efﬁcacitatem
3218 1958 3380 2016 viam
3419 1976 3555 2016 mu-

1903 2042 2133 2100 nientes
2167 2043 2312 2100 :sed
2336 2043 2653 2102 facultates
2682 2045 2836 2103 viva
2860 2062 3123 2120 quarum
3178 2050 3411 2105 natura
3458 2064 3555 2106 ex.

1904 2131 2282 2205 peditissima
2312 2148 2551 2206 semper
2579 2134 2801 2206 agendi
2832 2135 2919 2191 vis
2933 2150 3136 2194 comes
3172 2135 3439 2195 adharet
3468 2137 3555 2194 in-

1850 2290 1861 2295 ,
1905 2218 2171 2277 dividua.
2202 2223 2352 2278 Nam
2380 2220 2443 2277 in
2472 2222 2796 2279 materialis
2827 2222 3074 2296 quidem
3096 2227 3154 2280 et
3175 2223 3553 2281 naturalibus

1906 2308 2260 2382 corporibus
2298 2310 2619 2383 separatim
2641 2317 2868 2367 natura
2888 2311 3390 2385 ratio,separatim
3411 2313 3555 2371 item

1906 2397 2087 2455 insita
2115 2402 2419 2473 spectatur
2438 2403 2529 2454 vis
2562 2416 2575 2456 :
2604 2415 2740 2473 qua
2786 2399 3072 2458 habilitas
3124 2404 3211 2457 est
3266 2402 3555 2474 quaedam

1909 2486 1990 2544 ad
2013 2486 2185 2544 facile
2219 2488 2599 2562 operandum
2630 2488 2946 2557 instruens,
2970 2492 3097 2546 tum
3124 2489 3259 2562 ipsa
3295 2489 3555 2565 denique

198 2579 545 2651 supervenit
584 2578 860 2652 expedita
901 2578 1172 2652 proxime
1224 2578 1497 2645 facultas,
1557 2577 2065 2650 complementum
2121 2576 2431 2650 quoddam
2486 2576 2855 2645 substantia,
2889 2593 3075 2652 quam
3132 2577 3367 2635 virtutis
3423 2579 3555 2650 ejus

199 2682 341 2742 qua
365 2667 425 2724 in
448 2681 509 2724 se
531 2671 617 2725 est
638 2666 952 2726 collatione
986 2667 1233 2743 perﬁcit.
1266 2667 1445 2725 Aliter
1474 2682 1654 2741 porro
1680 2682 1743 2724 se
1762 2682 1858 2723 res
1896 2666 2081 2725 habet
2130 2668 2192 2725 in
2251 2667 2753 2726 intellectualibus
2799 2671 2857 2726 et
2903 2668 3249 2742 expertibus
3290 2667 3554 2726 materia

196 2757 447 2815 naturis.
477 2756 703 2824 Quibus
732 2757 870 2831 ipsa
897 2773 1008 2815 sua
1033 2756 1328 2815 facultatis
1361 2756 1554 2813 vicem
1582 2755 1779 2813 omnis
1800 2755 1918 2813 sibi
1973 2759 2238 2830 potestas
2276 2762 2333 2814 et
2384 2757 2703 2815 efﬁcacitas
2756 2757 3035 2832 expedita
3085 2756 3357 2830 proxime
3410 2757 3557 2815 sub-

192 2847 418 2905 stantia
446 2862 549 2921 per
579 2863 641 2904 se
666 2852 772 2905 est.
796 2850 901 2905 Per
934 2846 996 2904 id
1022 2846 1179 2904 enim
1207 2847 1408 2921 ipsum
1435 2849 1687 2920 possunt
1714 2861 1837 2919 quo
1868 2849 2047 2903 sunt:
2079 2862 2150 2903 ac
2194 2845 2357 2904 velut
2409 2862 2481 2903 ex
2545 2847 2795 2920 perenni
2858 2846 3021 2903 fonte
3068 2850 3355 2903 aternam
3415 2846 3555 2904 inde

188 2936 456 2995 fundunt
484 2934 833 2994 etﬁcacitem
867 2952 880 3003 ;
908 2952 1119 2993 eorum
1141 2940 1207 2993 ut
1230 2936 1427 2993 omnis
1456 2935 1658 3010 (longe
1682 2934 1971 2992 nimirum
1998 2951 2185 3008 supra
2210 2950 2530 2993 causarum
2562 2934 2911 2992 inﬁmarum
2958 2950 3215 3007 egenam
3272 2939 3330 2990 et
3383 2934 3555 2992 defa-

190 3025 465 3098 tigationi
491 3025 811 3083 ﬁnitimam
840 3025 1057 3096 agendi
1085 3024 1403 3097 rationem)
1426 3040 1499 3082 ex
1519 3023 1818 3081 facultatis
1853 3023 2228 3082 abundantia
2277 3039 2516 3097 semper
2572 3024 2867 3081 redundet
2913 3024 3202 3097 operatio.
3254 3025 3373 3079 Deo
3423 3023 3553 3095 jam

189 3115 417 3187 dignus
446 3113 742 3172 efﬁciendi
773 3115 1009 3188 modus,
1039 3130 1162 3188 quo
1192 3114 1479 3171 nimirum
1505 3112 1584 3171 ab
1613 3128 1736 3169 uno
1766 3112 1881 3170 hac
1912 3113 1992 3170 illi
2013 3114 2178 3171 omni
2200 3113 2283 3170 ita
2308 3117 2588 3188 prompta
2614 3117 2794 3186 atque
2823 3112 2979 3169 facili
3027 3116 3166 3170 sunt
3213 3113 3406 3169 ornati
3456 3128 3555 3186 pe-

191 3209 433 3264 testate.
460 3205 568 3272 Qui
587 3206 727 3263 item
757 3220 899 3262 vere
930 3209 1172 3262 sanctus
1211 3209 1267 3261 et
1286 3203 1450 3261 solus
1479 3203 1678 3260 bonus
1709 3204 1928 3260 natura
1956 3217 2089 3259 vere
2110 3202 2343 3260 dicitur.
2374 3203 2606 3276 Quippe
2628 3201 2955 3259 sanctitatis
2970 3205 3028 3259 et
3058 3201 3340 3259 bonitatis
3365 3203 3554 3259 omnis

189 3296 333 3353 fons
356 3294 517 3352 idem
551 3298 609 3352 et
633 3294 804 3352 radix
832 3298 940 3353 est.
974 3295 1171 3354 Sancti
1200 3308 1443 3367 quoque
1468 3291 1655 3350 nostri
1683 3291 1779 3349 isti
1808 3290 1982 3349 simul
2019 3294 2076 3349 et
2106 3291 2271 3348 boni.
2318 3295 2391 3349 At
2445 3291 2540 3349 ille
2591 3290 2840 3365 propria
2896 3290 3164 3365 nullique
3225 3305 3426 3347 causa
3452 3291 3552 3347 de-

192 3385 367 3443 bita:
401 3384 496 3441 isti
516 3383 739 3442 alunde
768 3382 951 3442 ducta
980 3387 1037 3441 et
1064 3383 1423 3457 participata
1447 3381 1735 3451 bonitate,
1773 3380 1947 3453 cujus
1991 3380 2337 3438 haurienda
2399 3381 2701 3456 copiosius
2746 3396 2857 3438 sua
2902 3379 3191 3439 naturalis
3229 3395 3369 3437 cum
3426 3380 3556 3452 ejus

192 3473 364 3532 fonte
392 3475 509 3531 Deo
536 3473 958 3547 propinquitas
986 3488 1277 3544 magnam
1307 3471 1457 3546 ipsis
1489 3470 2003 3545 opportunitatem
2032 3469 2306 3544 praebuit,
2341 3474 2407 3529 ut
2429 3486 2551 3529 non
2578 3470 2707 3543 jam
2728 3470 2791 3528 in
2820 3469 2934 3528 illis
2974 3470 3419 3529 communicata
3437 3469 3543 3529 bo-

192 3563 382 3635 nitas,
415 3562 519 3619 sed
539 3563 672 3637 ipsa
693 3562 847 3620 adeo
871 3562 1229 3637 primigenia
1252 3565 1546 3618 cernatur.

270 3650 393 3709 Ἕτι
424 3658 581 3726 σοφία
609 3655 738 3726 πρὸς
786 3654 988 3715 τούτοις
1038 3656 1129 3705 καὶ
1189 3649 1427 3722 ἀλήθεια,
1484 3646 1794 3729 διξαισύονη

1984 3650 2067 3707 Ad
2091 3650 2221 3707 hac
2247 3650 2310 3707 in
2330 3649 2549 3707 divinis
2600 3654 2892 3724 praterea
2929 3649 3187 3708 oraculis
3237 3650 3555 3725 sapientia,

192 3746 293 3795 καὶ
340 3746 574 3817 σωτηρία
622 3746 712 3795 καὶ
761 3744 827 3794 τὰ
875 3740 1222 3815 παραπλήσια
1263 3759 1392 3815 προς
1446 3747 1546 3792 τῶν
1620 3740 1794 3791 θεοσό-

1911 3738 2147 3805 veritas,
2158 3739 2405 3811 justitia,
2427 3739 2612 3810 salus,
2629 3744 2686 3797 et
2709 3739 2757 3796 si
2782 3739 2932 3813 quid
2953 3739 3251 3811 ejusmodi
3265 3744 3355 3797 est
3370 3740 3554 3813 aliud,

194 3850 307 3905 φων
335 3830 519 3903 λογίων
545 3832 575 3890 ἡ
611 3832 837 3906 θιαρχία
864 3832 1299 3906 προυηγόρευται.
1354 3830 1420 3882 Τί
1466 3824 1525 3881 δε
1578 3826 1794 3900 Μιχαὴ)

1913 3831 2067 3885 Deus
2096 3828 2449 3903 appellatur.
2476 3829 2631 3898 Quid
2669 3830 2914 3887 Michael
2944 3835 2998 3888 et
3030 3829 3314 3888 Gabriel?
3334 3846 3412 3888 an
3433 3846 3558 3888 non

191 3923 289 3972 καὶ
308 3918 531 3996 Γαϐριὴλ
562 3919 657 3986 ςού
687 3924 837 3992 σοφοὶ
862 3921 929 3972 τὰ
960 3920 1073 3973 θεῖα
1101 3938 1115 3987 ;
1179 3922 1271 3971 καὶ
1310 3925 1402 3978 τῆς
1456 3919 1641 3989 σοφίας
1705 3922 1794 3979 τῆς

1912 3917 2246 3975 divinarum
2275 3934 2474 3975 rerum
2489 3918 2722 3992 praditi
2735 3919 3026 3992 sapientia
3056 3919 3238 3976 sunt?
3267 3934 3390 3976 non
3402 3919 3451 3991 ej
3465 3936 3557 3975 us-

191 4010 391 4062 οῖνωθεν
437 4017 549 4070 τοῖς
600 4007 766 4072 ἀξίοις
819 4005 1235 4084 ὃιαπορθμευταί
1307 4024 1320 4074 ;
1403 4004 1514 4059 Ούκ
1593 4002 1794 4066 ἀληθεῖς

1913 4006 2052 4063 dem
2092 4006 2170 4063 ad
2199 4007 2476 4064 homines
2507 4007 2554 4063 si
2592 4008 2698 4080 qui
2737 4011 2900 4065 tanto
2933 4012 3073 4064 sunt
3110 4006 3278 4077 digni
3312 4022 3560 4063 munere
3590 4048 3603 4059 .

192 4098 350 4152 αύτοὶ
395 4103 486 4151 καὶ
534 4094 735 4152 δίκαιοι
783 4101 927 4173 παρὰ
981 4105 1096 4151 Θεώ
1179 4115 1192 4165 ;
1274 4094 1521 4157 ἀληθείας
1589 4090 1647 4147 δε
1715 4097 1794 4146 καῖ

1914 4095 2212 4153 institores
2234 4095 2396 4153 velut
2422 4095 2673 4169 quidam
2705 4100 2761 4153 et
2790 4096 3141 4169 interpretes
3169 4096 3197 4154 ἰ)
3224 4100 3314 4152 An
3342 4110 3466 4152 non
3496 4096 3562 4152 ii-

194 4185 548 4252 δικαιοσύνης
590 4189 716 4261 ἡμῖν
767 4185 1055 4263 βραϐεύταί
1119 4201 1134 4253 ;
1199 4184 1259 4237 ού
1320 4191 1548 4259 σωτῆρες
1602 4185 1794 4256 κόσμοι

1915 4184 2055 4241 dem
2075 4185 2197 4241 veri
2227 4184 2441 4256 etjusti
2467 4183 2632 4257 apud
2668 4184 2901 4240 Deum?
2946 4184 3126 4241 Nobis
3176 4199 3320 4241 vero
3360 4199 3563 4241 nonne

193 4278 334 4353 μετά
380 4296 438 4351 γε
489 4280 578 4330 τόν
634 4281 788 4340 ὄντως
841 4283 1055 4349 Σωτῆρα
1105 4278 1367 4347 πεφήνασι
1415 4280 1527 4335 τοῖς
1577 4273 1794 4345 σωζομέ·

1914 4273 1997 4331 illi
2042 4275 2302 4331 veritatis
2347 4278 2402 4329 et
2447 4274 2690 4345 justitia
2737 4274 2987 4345 pramia
3028 4273 3304 4330 dividunt
3358 4271 3386 4327 ?
3436 4276 3564 4330 Non

192 4386 311 4429 νοις
343 4385 356 4435 ;
382 4365 451 4420 ’Ἠ
480 4366 609 4439 ούχὶ
636 4368 732 4429 τὰς
751 4374 851 4419 τῶν
878 4372 1079 4418 πιστῶν
1118 4364 1424 4439 προσευχὰς
1488 4363 1556 4424 ὡς
1613 4358 1794 4421 εὐῶδες

1916 4364 2128 4420 mundi
2146 4363 2472 4421 salvatores
2502 4362 2791 4432 (secundo
2822 4362 3219 4436 quidemloco
3254 4366 3391 4435 post
3441 4362 3561 4420 Sal-

198 4459 446 4530 θυμίαμα
486 4457 817 4531 προσάγουσι
879 4459 1072 4528 Κυρίῳ,
1135 4454 1369 4505 κάκεῖθεν
1452 4459 1550 4504 τῶν
1627 4450 1794 4504 αἰτου·

1915 4458 2185 4512 vatorem
2215 4454 2442 4521 verum)
2473 4452 2715 4509 salvatis
2747 4468 2809 4508 se
2840 4452 3167 4510 exhibent?
3199 4457 3255 4508 et
3285 4451 3564 4525 nunquid

196 4549 367 4619 μένων
430 4548 526 4604 τὴν
574 4544 843 4620 πλὴρωσιν
894 4543 961 4604 εἰς
1015 4546 1280 4616 σωτηρίαν
1330 4546 1434 4602 τοῖς
1506 4538 1794 4612 εὐχομένοις

1916 4544 2219 4602 orationes
2233 4542 2501 4601 ﬁdelium
2518 4547 2808 4616 tanquam
2824 4542 3070 4599 odorem
3088 4557 3271 4599 suave
3294 4541 3564 4612 fragran-

199 4635 620 4708 ἕπιχορηγοῦσιν
649 4648 671 4705 ;
700 4632 767 4686 Ἣ
809 4632 939 4705 ούχὶ
995 4636 1085 4685 καὶ
1132 4637 1233 4685 πᾶν
1279 4633 1339 4684 τό
1394 4632 1670 4702 πρόσωπον
1716 4637 1794 4688 τῆς

1915 4636 2036 4689 tem
2077 4632 2330 4690 Domino
2361 4628 2684 4689 admovent
2712 4631 3145 4705 7indidemque
3171 4631 3564 4704 expetitarum

196 4726 616 4800 γήςὲφορώντες,
668 4723 774 4796 οὐχ
826 4725 1021 4780 ἣκιστα
1070 4716 1129 4774 δὲ
1189 4722 1313 4781 τούς
1357 4716 1405 4771 ἄν
1455 4724 1562 4788 ναῷ
1610 4719 1794 4770 nam

1915 4737 2115 4778 rerum
2131 4722 2376 4778 uberem
2391 4722 2626 4794 copiam
2646 4726 2701 4776 et
2712 4724 2981 4777 votorum
3000 4719 3209 4777 effecta
3220 4719 3296 4775 ad
3310 4718 3565 4774 salutem

198 4813 336 4885 ἁγίῳ
400 4818 914 4888 προσκαρτεροῦντας
1009 4809 1371 4870 ἐποπτεύοντες
1458 4802 1794 4860 παντοδαπὼι

1914 4810 2302 4881 precantibus
2321 4810 2687 4883 expediunt?
2697 4824 2775 4865 an
2788 4824 2911 4864 non
2939 4809 2998 4864 in
3012 4812 3197 4864 terras
3220 4806 3336 4862 late
3351 4819 3565 4861 omnes

197 4921 257 4956 τε
295 4906 481 4969 νόσων,
525 4906 613 4955 καὶ
665 4903 841 4963 πάσης
890 4896 1151 4973 δαιμόνων
1200 4896 1458 4971 ἐπηρείας,
1501 4899 1593 4949 καὶ
1633 4898 1794 4955 πάσης

1917 4915 1990 4956 ex
2018 4898 2287 4972 quadam
2310 4899 2473 4955 velut
2501 4897 2748 4971 specula
2773 4894 3329 4953 beneﬁcentissima
3366 4892 3569 4967 provi-

200 4995 459 5067 σωμάτων
515 4992 751 5056 ἕξιῶνται
788 4991 959 5065 λύμης
1012 5008 1067 5044 τε
1112 4993 1203 5042 καὶ
1273 4989 1464 5063 φθορᾶς
1513 5005 1529 5053 ;
1606 4991 1794 5062 Ὥσπερ

1916 4986 2132 5044 dentia
2163 4987 2578 5059 despectantes
2607 4985 2954 5041 universum
2986 4999 3174 5055 genus
3221 4982 3563 5055 hominum,

195 5085 326 5158 γὰρ,
364 5081 504 5156 εἰμὴ
562 5081 821 5156 τολμηρὸν
869 5080 1049 5149 εἰπεῖν,
1101 5080 1202 5132 ὅσα
1256 5078 1393 5130 κατὰ
1442 5077 1596 5149 φύσιν
1636 5074 1794 5149 ἕνορᾶ·

1918 5080 1976 5135 et
2002 5075 2219 5131 scilicet
2257 5074 2319 5130 in
2366 5089 2574 5129 eorum
2634 5087 2840 5128 curam
2887 5072 2992 5145 qui
3044 5077 3254 5127 sancto
3292 5069 3565 5144 ipsorum

194 5191 288 5226 ται
312 5179 448 5242 Θεῷ,
481 5174 647 5225 ταῦτά
686 5190 745 5243 γε
798 5173 935 5223 κατὰ
981 5172 1069 5228 τὴν
1122 5167 1283 5220 αὐτοῦ
1346 5166 1477 5219 εἰσιν
1526 5160 1667 5218 οὗτοι
1722 5182 1794 5239 με·

1918 5164 2141 5239 templo
2168 5162 2471 5234 religionis
2520 5160 2730 5217 officiis
2770 5161 3065 5218 constanti
3112 5160 3328 5235 pietate
3351 5174 3568 5229 repra-

195 5264 437 5329 τουσίαν,
474 5265 564 5315 καὶ
593 5261 693 5313 ὅσα
740 5257 800 5314 δὲ
853 5258 1049 5333 πληροῖ
1089 5251 1363 5316 ούσιωδὼς
1421 5252 1586 5312 εκείνη
1655 5250 1794 5307 ἰιδια⁴

1918 5253 2223 5312 sentandis
2258 5254 2705 5327 perseveranter
2756 5248 3057 5318 insistunt,
3116 5247 3401 5322 peculiari
3449 5252 3570 5304 stu-

202 5351 409 5411 στάτως
461 5358 534 5421 τῷ
575 5354 731 5403 παντὶ
796 5355 1065 5423 παροῦσα,
1137 5352 1305 5399 ταῦτα
1378 5349 1576 5417 νοεραῖς
1666 5340 1794 5397 οὗτοι

1918 5343 2019 5401 dio
2047 5341 2383 5413 vigilantes,
2416 5335 2861 5396 abmorborum
2883 5336 3050 5395 omni
3074 5352 3309 5408 genere,
3348 5340 3478 5393 tum
3530 5351 3567 5391 a

200 5442 462 5498 πτήσεσιν
511 5442 581 5501 ὡς
660 5439 938 5512 ύπόπτεροι
1005 5439 1113 5499 νοες
1198 5432 1591 5505 κατειλὴφασιν·
1673 5435 1794 5485 οὗτοι

1918 5432 2215 5491 malorum
2228 5430 2576 5487 damonum
2596 5427 2989 5501 impressione
3012 5427 3210 5497 noxia,
3240 5423 3566 5496 corruptio-

201 5530 495 5583 καὶπάνθ’
548 5532 649 5583 ὅσα
729 5524 953 5582 δύναται
1023 5531 1185 5582 ποιεῖν
1260 5523 1314 5589 ἐξ
1391 5522 1551 5590 αὐτῆς
1616 5521 1794 5592 ὶκείνη,

1917 5537 2113 5595 neque
2128 5520 2295 5579 omni
2308 5535 2379 5578 ac
2406 5517 2668 5593 pernicie
2695 5515 3284 5591 corporumliberant
3314 5516 3343 5572 ?
3372 5514 3561 5579 Quem

200 5624 377 5676 ταῦτα
403 5622 493 5673 καὶ
520 5620 735 5681 τούτους
768 5620 936 5692 τυχὸν
982 5619 1031 5671 ἓν
1078 5613 1242 5693 εκείνη
1298 5609 1562 5671 δύνασθαι
1615 5619 1794 5684 ποιεῖν,

1917 5610 2253 5672 admodum
2282 5609 2464 5679 enim,
2495 5606 2609 5666 nisi
2653 5606 2717 5663 id
2770 5607 2888 5665 dici
2930 5606 3203 5665 videatur
3243 5599 3569 5669 audacius,

233 5760 364 5800 μω
