4042 6214
564 297 705 355 1243

2044 287 2395 352 ΑΒΒΕΝΒᾹ.

3725 291 3832 347 ηις

564 420 1024 497 quascunquein
1052 429 1172 482 Deo
1217 429 1565 486 naturaliter
1615 430 1809 486 inesse
1862 428 2207 486 cernuntur,

2328 411 2395 476 οἷς
2431 420 2517 468 καὶ
2570 426 2682 478 ταῖς
2736 420 3041 492 θεωνυμίαις
3107 415 3238 487 αὐτῇ
3301 419 3562 471 κοινωνεῖν.
3610 414 3682 466 Ἐν
3734 420 3842 468 πᾶσι

566 512 778 569 eadem
806 514 906 569 Dei
935 530 1009 570 ex
1033 516 1305 583 eiusdem
1346 518 1460 590 ipsi
1493 518 1926 576 consuetudine
1970 515 2029 570 in
2080 524 2210 565 sese

565 601 794 657 ducunt
823 607 1001 674 atque
1057 605 1415 678 exprimunt,
1476 612 1532 664 et
1578 619 1955 680 qumcuuque
1994 617 2098 674 per
2148 614 2211 652 se

566 689 760 761 ipsam
787 689 886 745 illa
904 691 1111 763 implet
1130 699 1344 750 natura
1373 696 1537 752 nullo
1584 695 1905 753 interclusa
1940 691 2212 748 locorum

564 778 871 835 intervallo
914 782 1240 851 quominus
1292 785 1567 842 universo
1620 800 1879 857 praesens
1927 780 2059 837 orbi
2116 777 2211 846 sit,

565 866 778 925 eadem
802 867 885 923 illi
914 871 1107 941 spatia
1166 872 1610 931 celerrimarum
1658 873 1949 929 mentium
1996 866 2217 924 intelle-

567 956 863 1012 ctualibus
888 957 1114 1015 obeunt
1142 960 1439 1018 volatibus
1501 981 1513 1018 :
1560 964 1642 1020 ita
1678 974 2056 1035 quascunque
2111 970 2216 1028 per

569 1045 829 1117 seipsam
880 1047 979 1104 illa
1022 1049 1192 1117 valet,
1244 1052 1459 1108 eadem
1495 1054 1589 1109 isti
1639 1053 1787 1109 forte
1825 1051 1945 1106 dici
1989 1049 2213 1121 queant

569 1151 752 1209 posse
773 1136 928 1193 illius
954 1140 1010 1193 vi
1042 1140 1347 1211 perﬁcere,
1382 1148 1442 1200 ut
1470 1144 1836 1215 quibuscum
1867 1156 2008 1195 suas
2058 1137 2214 1193 Deus

567 1224 731 1297 ipsas
754 1227 1185 1299 appellationes
1214 1231 1395 1286 rebus
1426 1233 1629 1305 utique
1657 1248 1781 1287 non
1810 1245 2031 1286 vacuas
2056 1243 2215 1282 com-

568 1315 851 1375 municet.
868 1316 934 1371 In
959 1318 1242 1373 omnibus
1273 1335 1434 1382 vero,
1458 1327 1522 1376 ut
1543 1320 1727 1376 semel
1750 1320 1969 1383 dicam,
1999 1314 2214 1371 divinis

568 1401 1031 1475 Proprietatibus
1059 1423 1319 1477 quarum
1350 1408 1462 1482 ipsi
1491 1426 1630 1465 cum
1665 1408 1970 1465 conditore
2015 1419 2214 1461 rerum

571 1493 844 1548 omnium
877 1498 1226 1551 communia
1264 1497 1532 1553 obtinent
1552 1498 1822 1566 nomine,
1862 1497 1989 1552 haec
2031 1498 2213 1549 atten-

572 1580 772 1637 denda
791 1582 1127 1639 differentia
1164 1602 1176 1640 :
1220 1591 1285 1641 ut
1312 1586 1392 1642 illi
1413 1587 1659 1659 quidem
1684 1589 1799 1643 hoc
1812 1587 1884 1641 sit
1907 1584 2217 1657 proprium

574 1685 612 1725 a
637 1669 802 1725 nullo
832 1672 1133 1743 accepisse
1154 1674 1318 1744 quod
1346 1675 1419 1731 sit
1438 1691 1686 1748 esseque
1714 1676 1793 1730 ita
1825 1694 1838 1741 ;
1881 1680 2059 1745 atque
2080 1687 2218 1726 eum

574 1758 895 1814 exsistendi
925 1776 1107 1832 supra
1136 1777 1379 1818 omnem
1410 1764 1587 1833 longe
1618 1768 1895 1820 naturam
1936 1762 2220 1817 exsisten-

572 1849 695 1903 tem
725 1846 989 1903 obtinere
1010 1865 1080 1904 ac
1124 1850 1271 1908 tueri
1319 1853 1743 1923 principatum,
1805 1851 2222 1907 constitutione

574 1934 930 2003 certissima,
963 1936 1243 1995 ﬁrmitate
1268 1940 1649 2009 immutabili,
1683 1946 1875 1997 stante
1900 1956 2135 2011 semper
2169 1944 2226 1995 et

578 2024 938 2095 perdurante
961 2029 1318 2097 constantia,
1373 2036 1434 2086 ut
1496 2030 1658 2086 nulla
1711 2030 1795 2085 illi
1853 2028 2224 2102 participatio

579 2112 977 2170 similitudinis
1032 2117 1407 2189 proprietatis
1466 2119 1527 2175 in
1579 2120 1924 2176 excellentia
1972 2132 2225 2173 summa

578 2200 972 2260 differentiam
1006 2205 1251 2263 adimat.
1287 2209 1351 2263 Hi
1402 2224 1538 2265 vero
1593 2225 1714 2265 non
1772 2213 2005 2265 tantum
2061 2206 2225 2278 quod

577 2292 827 2348 omnino
857 2300 1016 2359 sunt,
1046 2295 1151 2350 sed
1199 2297 1363 2368 quod
1418 2298 1767 2369 hujusmodi
1814 2302 1972 2353 sunt.
2024 2300 2225 2369 anue

577 2384 825 2437 utuntur
848 2382 1189 2441 conditione
1219 2400 1290 2441 ac
1318 2386 1591 2444 felicitate
1611 2393 1841 2444 natura;
1881 2386 1960 2442 illi
2003 2386 2226 2442 debent

577 2468 870 2525 conditori
893 2485 1092 2527 rerum
1123 2475 1393 2530 omnium
1426 2475 1505 2531 ad
1538 2476 1840 2545 insignem
1891 2474 2223 2548 quamdam

578 2562 756 2631 atque
804 2574 1151 2631 expressam
1187 2564 1278 2618 sui
1325 2564 1773 2621 similitudinem
1822 2581 1978 2636 opus
2042 2579 2223 2618 suum

579 2645 891 2702 elaborare
920 2648 1199 2720 cupienti.
1236 2652 1550 2709 Enimvero
1575 2668 1612 2709 a
1639 2652 1806 2709 nullo
1848 2654 1978 2725 ipse
2023 2652 2223 2708 condi-

579 2739 692 2805 tus,
716 2740 895 2807 atque
934 2742 999 2793 ut
1030 2738 1111 2793 sic
1132 2738 1333 2796 dicam
1364 2757 1433 2796 ex
1455 2741 1655 2813 seipso
1684 2747 1879 2797 natus.
1940 2741 2025 2797 Illi
2082 2757 2224 2797 vero

580 2824 800 2879 conditi
833 2830 889 2880 et
914 2826 1043 2897 ejus
1075 2828 1128 2882 vi
1154 2833 1335 2900 atque
1366 2828 1679 2886 efﬁcientia
1709 2830 1787 2885 ad
1850 2830 2012 2885 hunc
2068 2830 2224 2885 exsi-

577 2912 771 2968 stendi
802 2914 891 2969 vel
910 2915 1204 2972 honorem
1244 2918 1477 2974 excitati
1538 2918 1628 2974 vel
1676 2919 1951 2975 fructum.
2004 2922 2224 2975 Rursus

573 3000 670 3057 ille
694 3001 939 3074 quidem
962 3005 1132 3076 prasit
1157 3005 1464 3062 celerrima
1490 3009 1837 3079 operatione
1854 3008 2070 3063 mentis
2096 3007 2224 3062 lon-

574 3104 767 3163 geque
813 3100 1069 3165 occupat
1111 3110 1477 3167 quocunque
1517 3096 1781 3154 velocius
1823 3096 2223 3167 intelligentiae

574 3185 786 3236 creatae
817 3186 985 3239 motu
1011 3183 1236 3240 consilii
1269 3184 1468 3241 omnis
1491 3185 2224 3258 boniexcogitationisque

573 3267 740 3325 initia
764 3275 1134 3342 praevertere.
1162 3275 1453 3332 Caetarum
1484 3275 1628 3331 istos
1665 3275 1847 3331 habet
1903 3280 2224 3331 assectato-

572 3373 668 3415 res
696 3360 758 3415 in
783 3359 896 3416 isto
924 3376 1105 3416 cursu
1140 3364 1411 3421 omnium
1439 3365 1770 3436 proximos.
1804 3364 1915 3431 Qui
1961 3364 2224 3435 cognito-

573 3464 713 3504 rum
740 3449 985 3521 quidem
1016 3449 1350 3524 aliquaipsi
1382 3469 1488 3524 per
1512 3470 1574 3509 se
1620 3452 1918 3510 efﬁciunt:
1975 3453 2093 3510 alia
2138 3454 2221 3509 in-

574 3536 890 3594 ferioribus
929 3540 1322 3611 potestatibus
1370 3541 1734 3599 declarantes
1781 3544 2017 3600 illarum
2039 3544 2223 3600 ascito

577 3640 875 3680 concursu
932 3631 988 3682 et
1035 3629 1452 3699 cooperatione
1514 3630 1845 3703 perﬁciunt.
1902 3638 2089 3704 Atque
2141 3631 2223 3687 illi

577 3712 844 3784 quidem,
893 3720 1096 3786 utpote
1136 3719 1273 3783 Deo,
1330 3735 1605 3776 summus
1642 3721 1941 3791 religionis
2029 3721 2222 3777 cultus

578 3800 914 3859 adhibetur.
943 3804 1185 3861 Michael
1211 3811 1268 3862 et
1311 3807 1543 3864 Gabriel
1574 3825 1684 3865 sua
1731 3810 1871 3866 item
1896 3810 2226 3866 observan-

580 3892 661 3948 tia
686 3907 755 3948 ac
785 3892 1063 3962 religiosa
1124 3896 1503 3954 veneratione
1557 3898 1883 3969 dignantur
1930 3904 2225 3971 tanquam

577 3980 833 4037 ministri
862 3983 992 4054 ejus
1025 3984 1206 4053 ignei,
1249 3989 1306 4041 et
1350 3986 1751 4058 intelligentiae
1793 3991 2008 4044 natura
2063 3988 2227 4044 volu-

579 4085 708 4126 cres
731 4069 1304 4145 fulmineaquadam
1328 4074 1689 4144 incitatione,
1713 4082 1817 4132 aut
1869 4076 2072 4132 divina
2126 4094 2229 4149 po-

581 4159 696 4216 tius
725 4160 1042 4231 rapiditate
1070 4168 1290 4227 motus,
1312 4179 1557 4219 omnem
1591 4181 1889 4236 supremas
1910 4165 2230 4221 voluntatis

581 4253 795 4303 nutum
816 4249 1107 4321 obsequio
1121 4251 1378 4323 impigro
1398 4258 1854 4326 prosequentes.
1871 4254 1982 4310 Sed
1999 4256 2129 4325 jam
2153 4256 2228 4311 ad

584 4351 791 4392 eorum
823 4338 1258 4408 praecellentem
1290 4345 1344 4396 et
1373 4341 1640 4398 divinam
1676 4342 1928 4414 gloriam
1964 4344 2232 4400 conside.

583 4424 878 4481 rationem
925 4443 1386 4501 sermonemque
1434 4437 1658 4487 vertere
1690 4432 2043 4503 parantibus
2072 4433 2230 4488 unde

585 4518 690 4569 aut
716 4530 853 4587 quae
887 4516 1129 4572 tandem
1164 4518 1350 4574 verba
1407 4525 1728 4592 suppetant
1775 4537 1911 4593 quae
1958 4537 2095 4577 cum
2149 4523 2231 4579 rci

585 4604 886 4676 exaequari
910 4604 1197 4675 dignitate
1227 4608 1507 4679 possint?
1545 4612 1744 4682 Neque
1781 4609 1941 4665 enim
1965 4611 2231 4668 verbosis

585 4694 1115 4768 disputationibus,
1150 4699 1382 4769 opinor,
1417 4699 1524 4755 sed
1575 4706 1770 4756 mente
1820 4718 1971 4773 pura
2019 4717 2089 4758 ac
2129 4703 2231 4759 Dei
2263 4731 2305 4785 ι)

588 4786 806 4858 Spiritu
828 4785 1169 4842 collustrata
1199 4785 1279 4842 ad
1300 4788 1699 4858 cognitionem
1722 4792 2061 4861 pervenitur
2085 4792 2231 4847 divi-

581 4888 797 4930 narum
828 4875 1121 4931 mentium
1160 4874 1241 4931 ita
1309 4877 1711 4949 perspicuam,
1763 4884 1825 4935 ut
1876 4896 2084 4936 earum
2144 4881 2232 4936 vis

587 4964 784 5017 omnis
815 4979 884 5019 ac
912 4970 1149 5033 natura,
1181 4965 1263 5020 sic
1314 4970 1603 5038 tanquam
1652 4968 1709 5023 in
1755 4968 2016 5039 speculo,
2076 4967 2233 5023 clare

588 5054 884 5105 cernatur.
920 5052 1395 5110 lncumbendum
1426 5056 1602 5112 nobis
1647 5056 1825 5126 igitur
1876 5056 2096 5111 actioni
2145 5062 2237 5111 est

587 5142 644 5192 et
665 5138 1089 5197 mandatorum
1112 5143 1535 5212 observationi,
1560 5146 1732 5215 cujus
1763 5144 2055 5200 beneﬁcio
2081 5145 2236 5214 puri-

586 5223 784 5281 ﬁcatio
812 5230 1065 5299 corpori,
1095 5231 1410 5289 illustratio
1442 5233 1683 5301 animis,
1708 5233 2005 5289 deiﬁcatio
2050 5233 2236 5289 menti

587 5330 757 5371 sacro
779 5318 1049 5389 quodam
1075 5322 1259 5378 modo
1290 5327 1690 5393 comparatur.
1719 5325 2136 5377 Verumtamen
2162 5338 2236 5379 ne

586 5406 1154 5479 contemplationem
1185 5411 1471 5481 quodem,
1497 5415 1554 5464 et
1585 5426 1721 5466 eam
1778 5426 1914 5481 quae
1961 5427 2237 5469 sermone

582 5499 763 5567 atque
776 5499 1044 5555 oratione
1061 5499 1127 5554 tit
1143 5497 1706 5567 considerationem,
1739 5498 2137 5569 negligemus,
2175 5507 2239 5557 at

580 5600 719 5655 eam
747 5600 894 5644 sane
920 5593 1221 5662 quantum
1251 5586 1360 5643 erit
1388 5590 1449 5642 in
1477 5584 1654 5643 nobis
1678 5587 1857 5645 situm
1912 5589 2079 5647 omni
2129 5606 2232 5649 co-

3002 513 3110 568 τοῖς
3195 506 3577 577 θεοπρεστάτοις
3659 500 3841 575 ἰδιώμα-

2322 613 2401 646 σιν
2433 596 2505 655 οἷς
2548 605 2619 665 τῷ
2661 604 2853 669 ποιητῇ
2904 599 3330 654 κεκοινωνήκασιν
3388 593 3516 645 οὕτω
3558 594 3643 650 τήν
3693 588 3844 664 διαφο-

2319 686 2413 757 ρὰν
2446 686 2745 759 θεωρητέον,
2802 689 2937 738 ὥστε
2989 694 3061 757 τῷ
3114 688 3203 757 μεν
3258 682 3353 735 οὐκ
3397 684 3451 734 ἔκ
3493 700 3622 742 τινος
3671 678 3778 732 εἶναι
3819 682 3841 738 ἡ

2321 774 2479 834 οὕτως
2514 772 2642 827 εἶναι
2688 778 2862 837 πάσης
2914 774 3093 835 οὐσίας
3142 775 3461 847 ὑπερουσὶως
3514 766 3846 844 ὑπεριδρυμένῳ

2320 868 2410 915 καὶ
2466 862 2820 925 ἀναλλοιὼτως
2875 863 2953 917 ἀεὶ
3004 863 3192 916 ἑστῶτι
3244 864 3377 913 κατὰ
3424 866 3589 912 πᾶσαν
3651 860 3849 931 ὑπερφυε-

2324 955 2519 1010 στάτην
2574 951 2838 1011 ἰδιότητα·
2899 959 3009 1013 τοῖς
3055 949 3116 1005 δὲ
3161 951 3220 1003 οὐ
3273 953 3332 1003 τό
3391 945 3515 1002 εἶναι
3558 952 3713 1019 μόνον,
3754 945 3848 997 ἀλλὰ

2321 1047 2412 1094 καὶ
2440 1044 2466 1094 ό
2495 1052 2586 1095 τοῦ
2632 1044 2759 1095 εἶναι
2808 1046 2995 1118 τρόπος
3040 1040 3092 1104 ἐξ
3137 1040 3298 1093 αὐτοῦ
3342 1041 3473 1113 πρὸς
3523 1039 3734 1110 ὑπερφυῆ
3782 1042 3850 1085 τοῦ

2322 1140 2586 1193 ποιοῦντος
2642 1135 2928 1203 ὁμοιότητα
2990 1132 3375 1201 καθισταμένου
3450 1133 3540 1178 τοῦ
3625 1126 3850 1194 πεποιημέ-

2322 1240 2430 1273 νου.
2469 1227 2569 1274 Καὶ
2614 1224 2715 1293 γὰρ
2742 1222 2768 1272 ὁ
2830 1223 2919 1292 μὲν
2970 1221 3217 1279 οἴκτιστος
3257 1223 3347 1270 καὶ
3398 1213 3749 1286 αὐτογένεθλος,
3802 1214 3852 1271 ὡς

2324 1310 2382 1362 ἂν
2412 1330 2493 1372 τις
2524 1315 2677 1379 εἴποι,
2736 1313 2784 1363 οἱ
2846 1306 2905 1363 δε
2954 1314 3159 1361 κτιστοὶ
3204 1313 3295 1360 καὶ
3351 1306 3400 1358 ἓν
3444 1306 3612 1374 ἐκείνῳ
3662 1304 3713 1354 τό
3758 1302 3854 1353 εἶναι

2322 1400 2591 1472 λαχόντες.
2655 1399 2815 1452 Πάλιν
2857 1401 2882 1450 ό
2939 1402 3028 1471 μὶν
3077 1399 3286 1469 ἡγεῖται
3340 1397 3518 1455 πάσης
3568 1410 3621 1445 τε
3704 1389 3853 1463 βουλῆς

2326 1488 2530 1560 ἀγαθῆς
2558 1494 2648 1540 καὶ
2680 1487 3009 1559 ἐννοήματος·
3060 1489 3109 1538 οἱ
3163 1480 3222 1537 δὲ
3279 1482 3395 1535 λίαν
3450 1482 3595 1543 ὀξέως
3639 1486 3853 1531 συνιοῦσα

2321 501 2398 565 δὲ,
2448 507 2691 569 καθάπαξ
2743 507 2923 576 εἰπεῖν,

2326 1578 2642 1651 ἐφεπόμενοι,
2718 1582 2817 1630 Καὶ
2868 1575 2903 1628 ἆ
2954 1578 3044 1648 μεν
3102 1575 3502 1647 αὑτουργοῡσιν,
3559 1568 3594 1620 ἆ
3656 1565 3708 1620 δε
3776 1574 3856 1625 ταῖς

2327 1670 2622 1741 ὑφειμέναις
2672 1664 2956 1738 δυνάμεσιν
3008 1664 3328 1736 ἐκφαίνοντες
3397 1668 3508 1721 ταῖς
3556 1659 3721 1718 αὐταῖς
3766 1675 3854 1708 σνν-

2331 1754 2551 1832 δρομαίς
2578 1761 2669 1808 καὶ
2708 1759 3048 1827 συνεργείαις,
3100 1755 3169 1804 τὰ
3221 1753 3394 1804 πάντα
3448 1750 3854 1821 τελεσιουργοῦσιν.

2333 1851 2435 1900 Καὶ
2466 1848 2492 1897 ό
2541 1846 2628 1917 μὶν
2686 1847 2755 1905 ὡς
2813 1846 2938 1903 Θεὸς
2998 1844 3333 1915 θεραπεύεται
3385 1845 3475 1891 καὶ
3527 1838 3855 1909 λειτουργείταιο

2331 1934 2555 2006 Μιχαὴλ
2585 1931 2643 1986 δὲ
2672 1937 2763 1984 καὶ
2791 1931 3021 2004 Γαϐριὴλ
3042 1927 3127 1983 οἶα
3156 1926 3223 1987 δὴ
3277 1929 3563 2001 λειτουργοὶ
3609 1928 3800 1997 πύρινοι,
3836 1923 3856 1979 ἑ

2332 2030 2436 2086 νόες
2461 2030 2646 2083 πτηνοὶ
2677 2027 2770 2080 τὴν
2815 2024 2970 2094 φύσιν
3035 2022 3365 2080 καθεστῶτες
3410 2016 3704 2090 ἐμπύρωςῆ
3752 2016 3859 2071 θείως

2332 2121 2438 2175 τοίς
2494 2113 2937 2185 θεαρχικωτάτοις
3005 2108 3263 2180 θελήμασι
3339 2104 3376 2159 δ
3381 2112 3682 2158 ιακονοῦσιν.
3747 2100 3862 2153 Ἀλλὰ

2331 2212 2443 2264 πῶς
2468 2200 2527 2253 ἂν
2548 2199 2870 2261 εὐεπηϐόλως
2946 2203 3040 2256 τὴν
3083 2201 3277 2250 τούτων
3336 2198 3581 2253 θειότητα
3631 2198 3708 2245 καὶ
3748 2187 3859 2251 δόξαν

2331 2292 2780 2364 καταθέωροίημεν
2837 2307 2851 2355 ;
2909 2284 3047 2340 Οὐδὲ
3101 2290 3203 2359 γὰρ
3258 2293 3490 2358 μακραῖς
3539 2284 3676 2355 οἶμαι
3742 2280 3859 2348 λόγων

2334 2376 2615 2443 διεξόδοις,
2646 2386 2715 2448 νῷ
2740 2375 2797 2430 3i:
2822 2379 3034 2449 καθαρῷ
3061 2380 3150 2427 καὶ
3202 2382 3341 2427 Θεοῦ
3394 2376 3646 2444 Πνεύματι
3693 2387 3858 2437 πεφωτι-

2335 2474 2503 2541 σμένῳ
2547 2472 2639 2525 τὴν
2696 2468 2908 2540 θεωρίαν
2960 2473 3059 2517 τῶν
3118 2466 3264 2516 θείων
3301 2468 3432 2515 νόων
3494 2464 3557 2521 ὡς
3595 2463 3639 2512 ἓν
3683 2458 3856 2528 ἐσόπτρῳ

2331 2558 2761 2611 κατοπτεύεσθαι.
2834 2553 3035 2607 Οὐκοῦν
3113 2551 3447 2625 ἐπιμελητέον
3518 2558 3607 2610 τῆς
3679 2546 3856 2619 πράξεως

2331 2649 2447 2707 ἦτοι
2500 2655 2597 2699 τῶν
2650 2644 2858 2697 ἐντολῶν
2908 2643 3159 2715 φυλακῆς,
3221 2639 3292 2696 δι’
3353 2638 3413 2702 ἧς
3481 2648 3543 2712 τῇ
3611 2642 3747 2711 σαρκὶ

2331 2739 2609 2809 κάθαρσις,
2633 2734 2883 2806 ὓλαμψις
2916 2730 2975 2786 δε
3002 2741 3064 2805 τῇ
3092 2731 3273 2804 ψυχῇ,
3325 2735 3418 2783 καὶ
3479 2739 3549 2801 τῷ
3596 2736 3659 2799 νῷ
3707 2728 3855 2809 West;

2335 2808 2696 2903 ispoup'ytirm-
2759 2822 2914 2876 Ἀλλὰ
2974 2818 3112 2893 μηδὲ
3164 2828 3258 2883 τῆς
3305 2824 3439 2893 μετὰ
3496 2818 3636 2889 λόγον
3690 2808 3857 2903 retu-ipim;

2333 2918 2614 2991 ἀμελῶμεν’
2645 2914 2995 2971 ἀντιποιητέον
3044 2908 3102 2965 δε
3158 2916 3248 2963 καὶ
3305 2911 3477 2971 αὐτῆς
3527 2911 3618 2965 ὅση
3676 2902 3855 2974 (iungi?

2332 3006 2377 3060 εἰ
2428 3026 2488 3078 ’γε
2545 3003 2612 3063 δὴ
2681 3003 2945 3076 μέλλοιμεν
2998 3010 3094 3061 τῆς
3141 3008 3240 3053 τῶν
3299 3004 3431 3052 νόων
3487 2997 3643 3069 ὅψεως
3700 2995 3857 3065 μετρίως

2332 3094 2697 3153 ἐπιϐήσεσθαι.
2755 3091 2980 3162 Ὀμοίως
3026 3092 3126 3163 γὰρ
3182 3087 3355 3149 ἀτελες
3414 3092 3505 3140 καὶ
3555 3084 3725 3159 πρᾶξις
3772 3078 3856 3130 ἀλο-

2329 3202 2419 3257 γος
2474 3188 2564 3235 καὶ
2611 3182 2759 3253 λόγος
2812 3181 3101 3253 ἄπρακτος,
3152 3178 3211 3230 Ἦ
3299 3179 3395 3249 μεν
3485 3172 3756 3265 ἀμφίϐολοςΔ

2333 3277 2550 3345 στυγνὴ,
2582 3280 2673 3331 τῆς
2718 3277 2808 3322 τοῦ
2854 3271 3006 3339 λόγου
3060 3269 3284 3341 χάριτος
3345 3265 3655 3336 ἀστοχοῦσα
3694 3263 3764 3310 καὶ
3796 3263 3857 3305 τοῦ

2331 3362 2673 3435 φωτισμοῡοό
2728 3359 2879 3430 λόγος
2924 3354 2983 3410 δὲ
3042 3356 3192 3409 πάλιν
3254 3355 3370 3415 εἰκῆ
3438 3356 3564 3429 ῥέων
3634 3350 3694 3409 εἰς
3753 3344 3854 3435 ἀέρα..

2330 3433 2420 3503 καὶ
2469 3454 2554 3502 τόν
2581 3449 2628 3500 ἐν
2685 3448 2827 3518 αὐτῷ
2875 3448 3213 3517 κομπάζοντα
3258 3448 3405 3497 κενόν
3462 3442 3634 3515 ἀφιεὶς,
3679 3440 3765 3507 εἴγε

2328 3548 2389 3612 τῇ
2453 3538 2637 3613 πράξει
2694 3514 2997 3609 βεϐαιωθεὶς
3056 3532 3319 3607 ἀραρότως
3378 3527 3680 3604 ἐνιδρυθείγν
3726 3521 3782 3583 οἷς
3816 3514 3855 3569 δῖ

2330 3632 2397 3682 τὰ
2427 3630 2680 3701 θεωρητέα
2709 3628 2958 3700 πρακτέα,
3008 3628 3098 3675 καὶ
3160 3625 3228 3674 τὰ
3279 3625 3517 3696 πρακτέα
3576 3622 3733 3689 γέγονε
3770 3613 3855 3701 θεω-

2253 3760 2293 3816 C
2330 3722 2490 3792 ρητέα
2513 3720 2713 3775 τούτοις
2737 3719 2826 3766 καὶ
2858 3716 2915 3765 τό
2969 3713 3099 3764 εἶναι
3169 3710 3405 3779 τελείοις,
3460 3714 3548 3761 καὶ
3593 3704 3759 3779 ὁμιλεῖν
3787 3704 3853 3767 ἀγ·

2382 3807 2404 3816 ,ι
2642 3810 2651 3816 .
2776 3806 2787 3816 ι
2945 3801 2955 3815 ι
3090 3803 3099 3815 1
3320 3799 3332 3815 ν
3390 3809 3409 3816 ..
3529 3797 3540 3811 θ
3660 3798 3747 3816 _.’_-
3796 3802 3853 3816 una

2330 3788 2515 3879 λιελοις,
2571 3810 2659 3856 καὶ
2734 3806 2827 3863 τὰς
2878 3801 3194 3874 νοέρωτάτας
3271 3799 3445 3853 αὐτῶν
3521 3797 3747 3871 ἐνεργείας
3796 3802 3856 3836 ιιι

2336 3891 2491 3957 δόξας
2537 3892 2989 3965 καταλάμπεσθαιο
3046 3892 3142 3942 Διά
3205 3895 3355 3941 τοῦτο
3434 3890 3552 3960 περὶ
3615 3886 3693 3935 τὸν
3755 3886 3856 3945 λόγον

2336 3983 2713 4056 φιλολογητέον,
2755 3985 2845 4032 καὶ
2899 3984 3016 4053 περὶ
3068 3981 3154 4031 τὸν
3209 3976 3325 4049 βίον
3388 3975 3747 4050 φιλοπονητέον,
3798 3980 3857 4061 ξω

2336 4077 2422 4126 τὸν
2453 4076 2542 4146 μὲν
2566 4080 2627 4143 τῇ
2676 4070 2878 4143 μελέτῃ,
2942 4072 3029 4120 τόν
3075 4063 3135 4120 δε
3179 4074 3242 4139 τῇ
3306 4064 3535 4137 ἁσκῄσει
3579 4058 3858 4149 adrepe-73?”

2338 4164 2419 4214 ὅτι
2455 4144 2716 4233 μα’)ωστα.
2769 4158 2920 4211 Οὖτω
2972 4160 3073 4231 γὰρ
3139 4156 3543 4229 κατορθούμενοι
3585 4157 3666 4202 καὶ
3702 4144 3859 4196 τελειου-

2338 4270 2502 4323 μενοι,
2551 4254 2641 4301 καὶ
2699 4255 2894 4308 τούτοις
2944 4247 3030 4299 οἷα
3086 4242 3215 4297 δυσὶ
3292 4243 3510 4317 πτέρυξι
3578 4236 3858 4312 πτερούμενοιι

2339 4344 2429 4393 καὶ
2478 4340 2636 4409 γῆθεν
2693 4336 3038 4409 ἐπαιρόμενοι,
3093 4338 3180 4386 τὸν
3249 4335 3504 4408 ὁρώμενον
3568 4332 3649 4402 μὶν
3717 4328 3859 4415 mw

2341 4426 2809 4502 ὑπεραναϐαίημεν,
2864 4433 2935 4494 τῷ
2990 4432 3156 4494 νοητῷ
3214 4420 3273 4476 δε
3329 4428 3421 4474 καὶ
3469 4423 3590 4492 ὑπερ
3639 4414 3769 4467 αὑτὸν
3805 4423 3860 4456 α’

2342 4521 2526 4572 στάσει
2550 4521 2800 4591 κρείττονι
2856 4532 3266 4588 προσηγονικοτες
3320 4520 3421 4564 τῶν
3471 4510 3516 4562 τ’
3570 4506 3714 4560 ἄλλων
3758 4512 3856 4568 ιίρων

2338 4613 2464 4662 νόων
2521 4615 2615 4667 τῆς
2667 4624 2993 4677 φωτοφανους
3060 4601 3474 4674 ἑμπλησθείημεν
3548 4596 3855 4668 λαμπρότητος,

2340 4702 2429 4750 καὶ
2462 4700 2563 4771 πρὸ
2616 4697 2818 4747 πάντων
2875 4701 2971 4753 τῆς
3023 4690 3413 4764 ἀρχαγγελικῆς
3463 4689 3646 4743 ταύτην
3688 4680 3854 4752 ὤφθη·

2343 4808 2427 4850 τος
2469 4792 2559 4839 καὶ
2608 4787 2894 4844 θειότητος.
2947 4781 3021 4833 Δι’
3073 4780 3141 4832 ὧν
3184 4781 3352 4852 ἠρέμα
3405 4783 3495 4831 καὶ
3544 4778 3573 4834 ἠ
3626 4776 3854 4863 θεαρχιξθς·

2340 4880 2471 4935 τατη
2509 4880 2942 4948 παραφυμνούται
2984 4873 3154 4943 τριὰς,
3204 4865 3279 4930 οἷς
3329 4873 3418 4939 μεν
3472 4867 3645 4922 ἑαυτήν
3694 4859 3747 4917 ὡς
3781 4869 3854 4952 εξον

2342 4969 2787 5039 μυσταγωγοῦσα,
2821 4959 2892 5021 οἷς
2921 4956 2979 5012 δὲ
3006 4964 3370 5031 μυσταγωγείν
3402 4955 3582 5014 ἄλλους
3624 4948 3853 5042 δωρονξιένη

2342 5061 2538 5113 πάντας
2594 5050 2939 5121 ἀγαθουργοζ
2990 5046 3248 5118 λάμψεσιν
3317 5044 3561 5117 εὐεργετεί
3628 5042 3704 5089 και
3769 5045 3857 5128 σῖγα·

2345 5146 2505 5196 θύνεν.
2541 5140 2674 5193 Ἀλλ’
2704 5139 2745 5189 ὧ
2779 5140 2959 5211 θεωροὶ
3020 5140 3108 5188 καὶ
3163 5135 3451 5207 λειτουργοὶ
3505 5138 3593 5191 τῆς
3636 5126 3859 5197 ἀκροτάτης

2343 5236 2433 5283 καὶ
2488 5231 2658 5282 πάντα
2710 5235 2827 5279 νοῦν
2881 5230 2969 5277 καὶ
3042 5224 3192 5295 λογον
3266 5222 3635 5294 ὑπεραιρούσης
3702 5212 3857 5303 ὑπεροξν

2348 5324 2605 5380 σιότητος·
2653 5318 2692 5367 ὧ
2738 5318 3007 5387 πνεύματα
3058 5310 3170 5366 θεῖα
3223 5318 3311 5364 καὶ
3368 5313 3558 5385 πύρινα
3610 5308 3689 5356 καὶ
3736 5311 3857 5365 νοερκς

2344 5418 2443 5465 τῶν
2469 5414 2732 5480 κοσμικών
2781 5408 3059 5475 στοιχείων
3119 5401 3516 5476 ἀρραγὲσταυτα
3575 5394 3855 5466 στηρίγματεν

2342 5507 2440 5553 τῶν
2504 5506 2599 5558 τῆς
2656 5499 2905 5569 πονηρίας
2990 5493 3293 5564 πνευμάτῶν
3377 5489 3702 5563 κραταιότατα
3774 5488 3854 5563 συιδ

2343 5591 2629 5663 τρίμματα·
2682 5591 2783 5637 τῶν
2838 5591 3005 5655 σοφῶν
3058 5583 3105 5634 οἰ
3155 5581 3418 5653 σοφισταὶ,
3470 5583 3564 5627 τῶν
3634 5570 3765 5639 ἁγίων
3817 5573 3851 5607 οι
