4042 6214
224 332 373 389 1246

942 328 949 337 ”
1042 334 1310 393 NICETE
1340 339 1691 395 LAUDATIO
1724 340 1819 396 SS.
1852 339 2226 400 MICHAELIS
2265 346 2351 401 ET
2388 346 2781 405 GABRIELIS.

3449 335 3589 405 1246

226 459 495 533 πτερωταί
522 476 535 490 ·
568 457 618 508 οἱ
645 458 849 509 πάντων
902 458 1033 531 ὁμοῦ
1086 468 1188 512 τῶν
1243 460 1397 514 ὶθνῶν
1457 465 1667 535 ἄριστοι
1709 483 1831 537 προ-

1942 469 2088 522 natu
2116 483 2529 542 capessamus,
2586 472 2636 527 si
2692 470 2940 544 quidem
2975 468 3054 525 ad
3104 468 3308 541 aliqua
3340 467 3434 524 vel
3471 469 3592 525 me'

229 549 421 620 μηθεῐς
485 565 576 597 και
641 542 923 619 κηδεμόνες
993 568 1005 580 ·
1063 558 1163 601 τῶν
1216 549 1441 622 ἀγγίλων
1482 552 1531 603 οἰ
1583 548 1833 625 δημαγω-

227 640 339 707 γοὶ,
372 644 472 687 τῶν
500 633 841 707 ἀρχαγγεἏων
874 638 922 687 οἱ
944 634 1199 711 ἀρχηγοὶ,
1244 642 1291 691 οἱ
1331 641 1579 713 ἄρχοντες
1625 639 1673 694 ἓν
1726 649 1837 703 ταῖς

230 722 450 797 ἀρχαῖς,
485 729 573 776 καὶ
596 722 983 787 ἐξουσιάζοντες
1038 725 1085 777 ἐν
1132 725 1396 791 ἐξουσίαις
1447 751 1459 763 ·
1519 731 1568 781 οἱ
1622 726 1837 783 δυνατοὶ

228 816 325 887 μὶν
383 812 432 865 ἐν
504 820 620 874 ταῖς
672 810 947 885 δυνάμεσι,
1016 834 1189 888 κυριοι
1248 813 1306 869 δὲ
1340 815 1388 869 ἐν
1430 827 1541 880 ταῖς
1596 824 1839 892 κυριότη-

232 922 320 956 σιν
375 924 388 937 ·
446 904 494 955 οἱ
567 910 667 955 τῶν
728 903 918 977 θρόνων
970 906 1226 964 σύσκηνοι
1277 911 1366 959 καὶ
1419 908 1687 981 συνόμιλοι
1739 916 1837 959 τῶν

230 990 500 1068 Χερουϐὶμ
552 996 644 1044 καὶ
695 991 995 1045 ἰσοστάσιοι
1050 1002 1149 1046 τῶν
1196 1001 1421 1069 Σεραφίμ
1470 1018 1487 1032 ι
1538 998 1577 1049 ὧ
1616 1000 1702 1050 τὸν
1731 1016 1840 1071 τρι-

230 1083 416 1154 σάγιον
455 1078 612 1155 ὕμνον
654 1085 747 1134 σὺν
803 1088 964 1135 πᾶσιν
1018 1082 1194 1147 αὐτοῖς
1252 1085 1280 1145 ἦ
1324 1090 1422 1162 πρὸ
1478 1090 1679 1141 πάντων
1730 1098 1841 1160 τρι-

231 1175 440 1244 σαγίοις
503 1169 727 1232 ἀεννάοις
784 1179 856 1242 τῷ
910 1173 1175 1246 ὑπεραγὶῳ
1230 1170 1584 1250 προσᾴδοντες
1626 1176 1836 1249 ὑμνο).ο-

226 1260 396 1332 γίαις,
452 1257 657 1334 εἰρήνης
735 1267 867 1313 Θεοῦ
947 1260 1182 1320 πλήσατε
1243 1270 1337 1322 τὴν
1388 1273 1502 1336 γῆν.
1559 1263 1834 1339 Ὁμόνοιαν

228 1346 427 1417 ἀληθῆ,
485 1348 848 1422 ὁμοφροσύνην
904 1348 1131 1424 θεοφιλῆ,
1184 1360 1296 1413 ταῖς
1356 1353 1683 1416 Ἐκκλησίαις
1748 1356 1832 1406 ἄν·

227 1439 357 1492 ωθεν
388 1435 717 1512 βραϐεύσατε
778 1459 791 1471 ο
852 1443 941 1490 καὶ
984 1442 1104 1501 τούς
1148 1439 1391 1504 ἀναξίους
1444 1453 1532 1496 του
1591 1449 1831 1515 σώματος

226 1526 544 1602 περιελόντες
612 1533 849 1602 Χριστοῦ
901 1528 971 1591 εἰς
1020 1527 1069 1581 ἓν
1120 1537 1324 1602 πνεῦμα
1368 1536 1458 1583 καὶ
1509 1532 1595 1584 ἕνα
1654 1536 1829 1584 καινὸν

227 1616 499 1690 ἄνθρωπον
578 1618 638 1667 τὸ
712 1608 971 1689 ἡλήρωμα
1034 1616 1422 1693 καταρτίσασθε
1471 1627 1621 1675 Θεοῦ.
1678 1620 1828 1692 Ἡμῖν

231 1700 291 1758 δε
344 1708 430 1757 τὸν
485 1704 575 1776 μὲν
637 1709 868 1778 παρόντα
920 1703 1040 1778 βίον
1092 1709 1453 1762 κατευθύνοιτε
1502 1713 1627 1782 πρὸς
1653 1713 1710 1762 τὸ
1746 1709 1829 1762 εὖ·

229 1794 311 1854 θὲς
363 1791 546 1866 πρᾶξίν
613 1812 668 1846 τε
720 1797 893 1845 πᾶσαν
949 1797 1038 1846 καὶ
1074 1792 1326 1868 λογισμὸν
1358 1795 1467 1869 [καὶ
1507 1796 1657 1869 λόγον
1700 1801 1830 1870 πρὸς

227 1882 575 1957 εὐαρέστησιν
626 1886 970 1943 συντείνοντες
1024 1892 1117 1937 τοῦ
1164 1892 1297 1938 Θεοῦ
1358 1906 1371 1919 ·
1426 1888 1829 1960 μεθισταμένους

228 1968 291 2024 δε
321 1980 415 2033 τῆς
464 1971 796 2034 πολυπαθοῦς
822 1974 1020 2035 ταύτης
1078 1976 1217 2035 ζωῆς
1256 1978 1342 2026 καὶ
1397 1974 1627 2047 ὀχληρᾶς
1654 1982 1726 2049 μὴ
1756 1974 1824 2036 δὴ

224 2066 333 2121 τοῖς
380 2060 629 2133 ὀλεθρίοις
677 2067 769 2113 τοῦ
826 2064 1048 2124 σκότους
1096 2059 1333 2134 ἄγγοςοις
1379 2065 1569 2139 χάρμα
1619 2065 1830 2118 καταλί-

223 2167 378 2206 mare.
405 2145 702 2221 Μηδαμῶς,
757 2146 797 2200 ὦ
846 2150 1101 2202 θειότατοι
1147 2152 1371 2223 Μιχαὴλ
1423 2156 1514 2205 καὶ
1580 2152 1826 2228 Γαϐριὴλ,

223 2242 299 2312 μὴ
388 2234 672 2311 παραδῶτε
747 2237 933 2310 ψυχὴν
1009 2238 1474 2313 εξομολογουμένην
1543 2249 1656 2313 Θεῷ
1740 2244 1829 2297 καῖ

226 2331 711 2402 προσανακειμένον
801 2328 943 2400 ὑμῖν,
1012 2326 1137 2380 ἀλλὰ
1213 2333 1332 2391 τοὺς
1415 2333 1505 2403 μὲν
1581 2329 1826 2406 ἐμϐριμη-

224 2434 358 2488 ματι
448 2416 565 2487 θείῳ
638 2414 863 2490 στεῤῥῶς
920 2414 1354 2492 ἁποῤῥιψάμενοι,
1415 2419 1564 2471 αὐτοὶ
1618 2417 1679 2472 δέ
1740 2439 1830 2493 μοι

228 2511 469 2576 σωτῆρες
494 2503 682 2576 ἀγαθοὶ
712 2509 801 2557 καὶ
843 2506 1166 2577 ὑπίρμαχοι,
1224 2512 1315 2558 καὶ
1366 2527 1496 2580 προς
1538 2512 1623 2560 τὸν
1677 2510 1828 2584 ὑπέρ-

229 2594 344 2646 θεον
401 2593 672 2665 εἰσαγωγοὶ
726 2598 816 2646 καὶ
876 2601 1088 2666 μεσίται
1134 2598 1448 2669 πανάριστοι
1501 2603 1829 2671 γεγενημένοι

232 2685 484 2754 Χριστὸν,
524 2686 594 2754 μὴ
628 2687 747 2755 πρὶν
806 2681 1071 2742 ἀποστῆτε
1114 2689 1208 2743 τὴν
1266 2688 1335 2745 ὡς
1386 2687 1542 2738 αὐτὸν
1593 2687 1827 2757 ἄγουσαν

231 2766 445 2823 εἴσοδον
474 2770 897 2844 ὶξευμαρίζοντες
925 2772 1085 2848 ἄχρις
1118 2771 1179 2824 ἄν
1220 2773 1287 2835 εἰς
1338 2773 1499 2833 αὐτὴν
1547 2782 1639 2827 τοῦ
1689 2771 1821 2829 Θεοῦ

218 2863 319 2917 τὴν
344 2860 677 2912 κατάπαυσιν
702 2860 1021 2932 εἰσαγαγεῖν,
1055 2866 1145 2914 καὶ
1176 2871 1247 2934 τῷ
1284 2870 1385 2915 τῶν
1432 2862 1615 2936 ἐφετῶν
1672 2862 1827 2935 ἔαρο-

1946 555 2205 612 diocrem
2233 560 2759 631 intelligentiarum
2799 562 3067 617 notitiam
3101 559 3456 631 aspiremus.
3511 560 3591 615 Si-

1944 640 2159 701 militer
2188 647 2348 703 enim
2379 649 2727 721 imperfecta
2760 654 2917 717 sunt,
2946 648 3099 704 actio
3120 646 3335 712 infans,
3369 650 3425 702 et
3448 651 3593 703 otio-

1946 747 2049 787 sus
2082 750 2300 792 sermo.
2337 736 2441 793 Illa
2468 737 2713 809 quidem
2740 737 3023 810 perplexa
3051 741 3107 792 et
3130 736 3191 791 in
3220 736 3589 807 inconstans,

1944 822 2071 875 tum
2090 821 2267 878 tristis
2296 825 2601 896 quaedam,
2635 826 2837 896 gratiae
2858 827 2987 896 ejus
3006 829 3063 881 et
3088 824 3239 880 lucis
3259 824 3436 896 inops
3459 840 3591 896 quae

1946 908 2218 966 doctrina
2252 917 2306 968 et
2329 929 2605 969 sermone
2629 914 2981 970 continetur.
3041 914 3141 969 Hic
3174 928 3316 969 vero
3345 913 3593 985 strepitu

1946 996 2137 1055 inutili
2163 1016 2269 1073 per
2298 1017 2498 1058 aerem
2538 1002 2752 1070 ﬂuens,
2786 1008 2844 1058 et
2891 1006 3195 1058 auctorem
3246 1016 3425 1056 suum
3462 1000 3592 1071 ejus

1946 1090 2343 1147 ostentatione
2373 1091 2728 1164 gloriantem
2776 1093 3012 1148 inanem
3062 1092 3429 1163 relinquens,
3477 1090 3592 1146 nisi

1944 1175 2176 1233 actione
2198 1177 2583 1235 conﬁrmatus
2609 1179 2863 1236 solidam
2880 1185 3006 1235 tum
3019 1178 3264 1234 demum
3276 1178 3590 1234 invictam-

1941 1280 2060 1335 que
2091 1264 2373 1333 obtineat,
2419 1272 2481 1323 ut
2526 1269 2653 1339 jam
2706 1269 2929 1340 optime
2960 1267 3241 1324 fundatus
3271 1267 3330 1322 in
3362 1267 3588 1334 animo,

1938 1351 2301 1409 ﬁrmitatem.
2335 1356 2442 1420 Qui
2468 1361 2667 1411 autem
2701 1357 2823 1412 hasc
2855 1356 3230 1427 conjungunt
3251 1355 3351 1425 ita,
3387 1359 3450 1410 ut
3481 1370 3591 1410 nec

1939 1442 2363 1514 contemplatio
2386 1444 2679 1501 actionem
2708 1444 3022 1511 desideret,
3055 1460 3165 1499 nec
3192 1445 3312 1499 ista
3329 1444 3589 1500 vicissim

1937 1527 2093 1584 illius
2140 1531 2439 1587 consortio
2503 1533 2799 1589 auxiliove
2842 1533 3216 1600 destituatur,
3272 1532 3498 1587 eisdem
3536 1535 3594 1587 et

1937 1621 2209 1693 perfectis
2239 1638 2371 1679 esse
2418 1622 2616 1694 datur,
2657 1629 2715 1679 et
2760 1623 3128 1680 familiariter
3177 1622 3406 1691 angelis
3460 1622 3588 1677 uti:

1937 1714 2062 1767 tum
2092 1709 2401 1767 facultates
2427 1711 2968 1785 dotesqueomnes
3003 1711 3136 1767 illas
3175 1709 3495 1765 subtilitate
3525 1725 3593 1765 ac

1937 1797 2257 1870 splendore
2280 1817 2389 1857 suo
2413 1816 2701 1857 sensuum
2727 1801 3077 1857 frustrantes
3090 1800 3279 1855 aciem
3292 1798 3595 1869 soliusque

1934 1886 2152 1943 mentis
2180 1888 2459 1944 intuitum
2479 1889 2861 1947 admittentes
2893 1904 3075 1961 posse
3104 1886 3433 1943 clarissime
3457 1902 3593 1958 per-

1937 1975 2183 2046 spicere.
2208 1977 2402 2041 Quare
2424 1978 2559 2032 etin
2584 1977 2802 2033 idonea
2821 1977 3098 2050 paranda
3118 1975 3592 2047 instruendaque

1935 2062 2220 2120 doctrinae
2251 2081 2321 2121 ac
2347 2066 2644 2121 sermonis
2675 2060 2848 2138 copia
2878 2064 3365 2122 contendendum
3398 2068 3504 2130 est,
3534 2067 3593 2118 et

1937 2151 2014 2210 ad
2045 2152 2437 2210 obtinendam
2494 2155 2919 2227 perfectionem
2973 2156 3107 2211 vitae
3165 2152 3591 2222 laborandum,

1935 2240 2399 2316 faciendumque
2425 2249 2490 2299 ut
2536 2236 2705 2300 illam
2754 2244 2951 2300 studio
3000 2249 3056 2300 et
3093 2243 3503 2308 meditatione,
3534 2246 3593 2298 et

1933 2331 2110 2389 istam
2142 2328 2418 2403 religiOsa
2444 2334 2657 2388 mentis
2687 2334 3103 2389 exercitatione
3133 2348 3318 2405 quam
3344 2331 3592 2401 diligen-

1936 2421 2163 2478 tissime
2182 2421 2447 2478 excolam
2459 2422 2546 2478 us.
2579 2418 2669 2479 Sic
2688 2423 2848 2478 enim
2872 2423 3173 2495 utrimque
3189 2422 3382 2478 ornati
3403 2421 3593 2477 omni-

1931 2510 2168 2583 busque
2193 2510 2454 2566 absoluti
2485 2512 2775 2577 numeris,
2808 2510 3051 2567 duabus
3080 2511 3240 2565 hisce
3269 2508 3428 2565 velut
3456 2508 3589 2578 alis,

1932 2599 2103 2654 terris
2127 2600 2334 2666 evecti,
2364 2599 2663 2655 mundum
2693 2599 2854 2655 hunc
2884 2598 3130 2671 quidem
3161 2596 3590 2670 aspectabilem

1933 2688 2451 2755 transeendemus,
2474 2688 2831 2758 intelligibili
2853 2705 2991 2744 vero
3021 2688 3273 2757 admoti,
3296 2689 3417 2743 imo
3439 2685 3593 2742 ultra

1931 2777 2134 2849 ipsum
2171 2774 2569 2834 abstractione
2622 2779 2836 2834 mentis
2894 2770 3061 2833 haud
3117 2775 3300 2851 paulo
3348 2772 3592 2831 feliciori

1936 2881 2176 2921 sursum
2203 2865 2483 2937 provecti,
2508 2882 2648 2922 cum
2687 2866 2940 2922 aliarum
2967 2881 3273 2922 sacrarum
3301 2862 3590 2919 mentium

219 2949 363 3020 τάτῳ
422 2953 797 3022 προσαρμόσαι
851 2950 922 3012 εἰς
953 2947 1111 3013 δόξαν
1164 2952 1365 3027 Πατρός
1414 2958 1505 3005 καὶ
1556 2956 1681 3005 Υίοῦ
1736 2958 1824 3006 καὶ

1938 2953 2320 3010 lucidissimis
2371 2952 2787 3026 splendoribus
2834 2953 3244 3025 implebimur,
3296 2956 3424 3007 tum
3447 2966 3589 3005 vero

220 3034 380 3109 ἁγίου
413 3040 710 3111 Πνεύματος
740 3039 809 3101 εἰς
836 3042 956 3102 τοὺς
982 3039 1171 3102 αἰῶνας
1208 3050 1307 3094 τῶν
1361 3040 1576 3096 αἰώνων.
1635 3041 1819 3114 ’Δμήν.

1938 3058 2056 3114 prce
2089 3042 2313 3097 caeteris
2349 3041 2831 3111 archangelicam
2861 3042 3077 3097 horum
3133 3038 3584 3095 sublimitatem.

220 3124 717 3200 divinitatemque
759 3128 1135 3184 mirabimur.
1194 3130 1373 3201 Cujus
1430 3129 1677 3186 visionis
1727 3134 1891 3186 tanto
1941 3126 2154 3186 fructui
2198 3130 2327 3185 hmo
2379 3130 2623 3186 accedet
2668 3129 2918 3201 insuper
2973 3128 3211 3195 utilitas,
3270 3126 3436 3198 quod
3487 3121 3590 3181 tali

218 3216 726 3289 contemplatione
748 3218 1073 3274 exercitatis
1100 3234 1170 3275 ac
1191 3218 1543 3292 praeparatis
1596 3218 1899 3275 mentibus
1946 3218 2319 3275 divinissima
2356 3219 2485 3289 jarn
2538 3217 2787 3274 Trinitas
2838 3216 3209 3273 manifestius
3235 3214 3585 3281 ostenditur,

217 3303 586 3376 quibusdam
611 3310 906 3378 quantum
926 3308 1197 3364 humana
1219 3308 1378 3380 capit
1403 3306 1774 3365 imbellicitas
1803 3324 1865 3364 se
1889 3308 2375 3378 cognoscendam
2400 3307 2687 3363 exhibens
2719 3325 2731 3375 ;
2755 3306 3130 3379 quibusdam
3147 3305 3328 3361 etiam
3358 3308 3587 3360 tantum

217 3392 338 3449 hoc
388 3392 617 3450 donum
648 3394 749 3451 illo
774 3396 1092 3452 cumulans
1122 3396 1409 3465 auctario,
1436 3402 1501 3452 ut
1527 3398 1759 3470 privato
1807 3396 2002 3453 fructu
2051 3396 2371 3453 multorum
2420 3396 2499 3453 ad
2555 3395 2862 3452 utilitatem
2920 3400 3276 3470 propagato,
3325 3408 3580 3449 arcanas

217 3481 643 3539 illustrationes
674 3487 729 3539 et
747 3484 1169 3556 mysteriorum
1213 3502 1425 3542 sensus
1451 3486 1899 3543 communicare
1947 3486 2075 3542 aliis
2115 3485 2389 3542 docendo
2421 3501 2594 3558 posse
2651 3484 2959 3556 concedat,
3002 3485 3083 3541 ita
3132 3482 3432 3539 neminem
3464 3497 3588 3537 suae

219 3569 761 3628 beniﬁcentissimte
802 3572 1254 3630 illuminationis
1284 3576 1584 3647 expertem
1635 3576 1854 3633 sinens.
1915 3574 2020 3630 sed
2080 3573 2356 3647 quamvis
2404 3575 2675 3630 diversos
2702 3590 2912 3629 omnes
2966 3589 3085 3629 uno
3122 3571 3414 3628 beneﬁcio
3464 3585 3589 3625 sum

220 3659 723 3718 manifestationis
785 3663 1190 3735 complectens
1239 3666 1295 3720 et
1330 3664 1539 3721 beans.
1593 3669 1665 3719 At
1705 3680 1840 3727 vos.
1884 3680 1921 3720 o
1971 3662 2471 3736 contemplatores
2527 3670 2584 3719 et
2622 3660 2873 3719 ministri
2900 3679 3195 3736 supremae
3225 3674 3589 3731 omnemque

217 3753 482 3805 mentem
506 3764 576 3805 ac
598 3764 940 3807 sermonem
972 3752 1311 3808 excedentis
1368 3752 2097 3825 supersubstantialitatis.
2141 3753 2183 3810 Ο
2233 3753 2482 3824 Spiritus
2522 3752 2730 3819 divini,
2780 3750 2959 3824 ignei,
3007 3750 3420 3821 intelligentes.
3452 3748 3586 3804 Ele-

216 3840 559 3893 mentorum
591 3840 803 3895 mundi
828 3840 1211 3897 ﬁrmamenta
1255 3857 1327 3897 ac
1385 3841 1776 3897 fundamenta
1807 3841 2167 3899 solidissima
2196 3840 2586 3910 Malignorum
2618 3838 2935 3912 spirituum
2967 3840 3164 3896 mallei
3204 3836 3587 3895 validissimi.

217 3926 332 3993 Qui
359 3927 658 3999 sapientes
680 3944 889 4001 sapere
919 3930 1164 3986 docetis.
1199 3931 1309 3996 Qui
1342 3930 1563 3987 sanctis
1608 3936 1673 3986 ut
1721 3932 1888 3986 terris
1942 3930 2179 3986 evolent
2210 3942 2441 4000 pennas
2473 3931 2711 4001 aptatis.
2745 3929 2787 3986 Ο
2812 3933 3163 3985 cunctarum
3219 3926 3397 3982 simul
3448 3940 3588 3995 gen-

216 4015 370 4071 tium
421 4017 706 4087 praesides
757 4017 990 4090 optimi,
1066 4023 1118 4074 et
1168 4019 1676 4091 providentissimi
1732 4025 2055 4083 curatores,
2116 4017 2308 4091 plebis
2360 4018 2722 4087 Angelorum
2779 4018 3019 4085 tribuni,
3077 4014 3587 4085 Archangelorum

214 4104 631 4177 imperatores.
660 4107 958 4179 Principes
987 4108 1047 4163 in
1102 4108 1558 4180 Principatibus,
1616 4113 1892 4180 potentes
1940 4108 1999 4162 in
2052 4105 2460 4169 Potestatibus,
2518 4106 2784 4162 valentes
2805 4107 2864 4162 in
2901 4104 3238 4171 Virtutibus,
3272 4102 3587 4159 dominan-

218 4199 310 4250 tes
332 4194 390 4249 in
432 4193 969 4260 Dominationibus,
998 4197 1371 4252 Thronorum
1401 4197 1881 4265 contubernales,
1909 4201 2251 4253 sanctorum
2283 4194 2601 4250 Cherubim
2622 4194 2967 4263 familiares,
3003 4199 3058 4250 et
3105 4190 3404 4266 supremis
3460 4206 3588 4245 om-

215 4281 389 4338 nium
423 4283 731 4355 Seraphim
760 4283 1042 4356 aequales.
1078 4287 1121 4341 Ο
1154 4286 1255 4358 qui
1276 4287 1569 4357 hymnum
1605 4286 1913 4355 trisagium
1935 4301 2071 4341 cum
2096 4284 2208 4340 illis
2251 4283 2555 4347 omnibus,
2600 4283 2691 4338 vel
2740 4290 2863 4354 prae
2890 4282 3002 4339 illis
3028 4281 3329 4348 omnibus,
3350 4279 3586 4336 aeternis

219 4377 275 4428 et
311 4376 401 4427 ter
430 4372 820 4428 sanctissimis
844 4373 1357 4430 modulationibus
1382 4376 1545 4430 omni
1579 4376 1887 4430 sanctitate
1918 4373 2201 4430 Sanctiori
2232 4375 2347 4428 Deo
2379 4371 2712 4429 concinitis.
2738 4372 2972 4444 Replete
3003 4377 3221 4428 terram
3266 4378 3415 4443 pace
3466 4367 3583 4438 Dei,

217 4475 589 4516 consensum
631 4476 836 4517 verum
876 4467 931 4517 et
962 4462 1407 4535 conspirantem
1457 4463 1513 4517 in
1550 4479 1671 4519 uno
1721 4463 1819 4518 Dei
1867 4463 2101 4519 colendi
2144 4466 2324 4534 atque
2363 4461 2611 4516 amandi
2675 4461 2789 4516 ritu
2836 4461 3219 4517 concordiam
3256 4457 3526 4515 Ecclesiis
3555 4471 3587 4511 c

216 4548 375 4605 coelo
401 4554 737 4621 procurate.
770 4549 1147 4624 Rejectisque
1170 4551 1431 4621 indignis
1480 4566 1511 4607 e
1552 4550 1763 4607 Christi
1815 4567 2085 4623 corpore,
2142 4551 2202 4605 in
2257 4565 2446 4605 unum
2479 4549 2785 4621 spriritum
2813 4565 3160 4622 novumque
3188 4565 3375 4605 unum
3398 4545 3588 4603 homi-

216 4652 364 4694 nem
388 4638 753 4710 reliquorum
786 4639 887 4696 Dei
909 4640 1175 4696 fidelium
1224 4639 1665 4696 multitudinem
1696 4640 2037 4697 reformata.
2088 4639 2269 4696 Nobis
2314 4653 2453 4694 vero
2493 4644 2851 4710 praesentem
2898 4638 3143 4710 quidem
3196 4638 3373 4694 vitam
3422 4637 3480 4691 in
3526 4634 3588 4690 id

215 4726 388 4799 quod
410 4732 635 4784 rectum
667 4734 756 4785 est
783 4728 1041 4798 dirigite,
1076 4729 1492 4801 actionemque
1513 4734 1778 4784 nostram
1816 4744 2080 4793 omnem,
2123 4734 2178 4783 et
2210 4727 2653 4797 cogitationem,
2690 4730 2744 4783 et
2771 4726 3132 4783 locutionem
3170 4725 3247 4781 ad
3294 4725 3585 4780 amussim

216 4816 408 4873 divini
426 4815 783 4890 beneplaciti
804 4832 1050 4891 prorsus
1075 4817 1311 4888 exigite.
1342 4819 1477 4873 i‘um
1526 4818 1600 4874 ad
1652 4822 1987 4873 extremum
2034 4832 2377 4872 mrumnosa
2433 4816 2548 4871 ista
2602 4821 2659 4870 et
2706 4815 2926 4870 misera
2976 4814 3287 4869 defunctos
3344 4813 3463 4866 vita
3512 4825 3585 4866 ne

214 4912 337 4964 nos
368 4906 623 4964 funestis
670 4908 1051 4964 tenebrarum
1106 4907 1334 4978 angelis
1371 4924 1663 4977 magnum
1702 4907 1780 4964 ad
1811 4920 2018 4963 eorum
2060 4904 2348 4975 gaudium
2400 4903 2769 4975 relinquatis.
2822 4907 3232 4974 Nequaquam,
3262 4917 3297 4955 ο
3329 4900 3585 4955 divinis-

218 4994 358 5052 simi
382 4995 625 5053 Michael
646 5002 703 5054 et
730 4994 987 5065 Gabriel,
1044 5012 1141 5065 ne,
1196 4996 1444 5069 inquam
1516 5013 1609 5063 ne,
1661 5012 1869 5069 quaeso
1917 5010 2045 5059 vos,
2101 5010 2176 5049 ne
2219 4992 2706 5049 condonaveritis
2753 4991 2863 5046 illis
2919 4993 3183 5046 animam
3234 4990 3330 5045 Dei
3374 4988 3584 5044 laudes

222 5084 587 5153 confessam,
618 5100 728 5142 vos
749 5102 889 5143 vero
914 5085 1214 5141 humiliter
1234 5102 1303 5142 ac
1335 5086 1680 5158 suppliciter
1726 5085 2133 5158 deprecatam.
2186 5082 2291 5137 sed
2345 5086 2523 5137 tetros
2586 5081 2830 5152 quidem
2884 5079 3188 5135 daemonas
3235 5078 3453 5134 minaci
3505 5082 3587 5134 at-

218 5188 342 5246 que
370 5174 661 5231 iracundo
688 5176 924 5232 fremitu
956 5174 1198 5246 rejicite,
1224 5174 1366 5230 mihi
1397 5185 1537 5230 vero
1568 5175 1898 5230 salvatores
1938 5178 2058 5228 este
2110 5170 2252 5227 boni
2315 5176 2371 5225 et
2412 5169 2631 5235 invicti,
2685 5173 2813 5224 tum
2866 5169 2943 5224 ad
2994 5180 3345 5242 supremum
3402 5171 3585 5224 Deum

220 5260 685 5320 admissionales
716 5263 1197 5335 mediatoresque
1222 5262 1398 5328 longe
1424 5263 1630 5334 optimi
1664 5262 1984 5319 Christum.
2038 5265 2236 5332 Neque
2291 5258 2456 5331 prius
2487 5258 2748 5313 desistite
2801 5259 2879 5314 ab
2932 5259 3307 5331 expediendo
3343 5258 3485 5313 mihi
3510 5257 3587 5312 ad

221 5367 363 5408 eum
390 5351 579 5420 aditu,
606 5368 793 5425 quam
824 5369 921 5409 me
969 5353 1029 5408 in
1065 5352 1259 5424 ipsam
1315 5350 1417 5407 Dei
1470 5351 1735 5423 requiem
1766 5350 2134 5411 induxeritis,
2177 5353 2235 5405 et
2266 5347 2490 5403 summi
2519 5351 2795 5403 votorum
2827 5348 3099 5403 omnium
3131 5352 3467 5419 compotem
3500 5345 3585 5400 fa-

222 5444 388 5496 ctum
411 5453 695 5512 supremo
716 5437 1189 5514 expetendorum
1221 5443 1276 5495 et
1299 5437 1737 5493 desideriorum
1774 5438 1882 5494 ﬁni
1913 5437 2120 5495 ultimo
2157 5453 2396 5493 summo
2449 5436 2612 5493 bono
2652 5450 2747 5491 me
2786 5436 3211 5509 conjunxeritis
3238 5438 3295 5491 in
3335 5434 3585 5505 gloriam

225 5529 443 5597 Patris,
477 5533 533 5587 et
562 5530 706 5598 Filii,
734 5536 792 5587 et
816 5532 1004 5586 sancti
1036 5526 1284 5611 Spiritus
1313 5528 1373 5583 in
1395 5526 1614 5583 saecula
1643 5526 2021 5585 saeculorum.
2054 5534 2257 5583 Amen.
