4042 6214
545 272 685 330 1247
2068 275 2427 334 ΑΒΒΕΝΒΑ.
3722 277 3822 333 1248

553 393 3828 433 M

1918 551 2554 651 MONITUM.

618 964 687 1019 Ut
700 960 881 1018 ﬁdem
898 959 1218 1017 liberemus
1238 977 1425 1036 quam
1442 978 1628 1037 supra
1641 964 1751 1021 col.
1771 968 1864 1023 36t
1889 964 2188 1033 dedimus,
2206 968 2434 1023 textum
2452 962 2720 1025 Graecum
2738 965 3093 1039 subjicimus
3108 964 3395 1022 Μοηοάίεε
3406 980 3582 1037 quam
3596 964 3651 1021 in
3669 966 3835 1023 unani-

548 1066 709 1110 mem
722 1050 1359 1109 fratremdixitNicetas
1372 1054 2168 1125 Acominatus,Athcniensis
2181 1045 2579 1129 metropolita.
2600 1056 2796 1114 Prodit
2814 1072 2885 1114 ex
2903 1055 3106 1113 codice
3137 1055 3317 1125 Regio
3348 1058 3482 1112 1234
3510 1055 3836 1127 quemsicde-

549 1140 751 1199 scribit
771 1139 1078 1212 catalogus
1109 1158 1122 1197 :
1157 1161 1185 1191 «
1215 1141 1411 1198 Codex
1426 1143 1853 1217 bombycinus,
1878 1145 2019 1202 olim
2036 1146 2277 1203 Joannis
2298 1148 2532 1213 Hautin,
2557 1151 2766 1220 postea
2787 1146 3162 1213 Baluzianus,
3182 1160 3310 1217 quo
3335 1145 3658 1202 continetur
3676 1145 3835 1201 Nicetis

547 1231 845 1289 Choniatte
876 1230 1519 1302 AcominatiPanoplz'a
1549 1234 1882 1305 dagmatz’ca
1910 1235 1969 1292 in
2002 1236 2201 1308 plures
2234 1239 2428 1292 tomos
2470 1236 2680 1307 divisa,
2712 1235 2786 1293 de
2811 1234 3034 1309 quibus
3057 1233 3359 1291 videndus
3397 1234 3536 1291 clar.
3571 1234 3837 1290 Bernardus

547 1322 611 1377 D.
636 1319 1010 1377 Montfaucon
1039 1322 1397 1395 Palasogrp.
1421 1325 1543 1380 326.
1565 1322 1820 1394 Hujusce
1847 1324 2042 1397 operis
2066 1323 2310 1397 publica
2331 1324 2461 1381 lucc
2481 1324 2821 1395 dignissimi
2845 1340 2989 1397 pars
3008 1328 3245 1381 tantum
3269 1323 3474 1379 Latine
3495 1322 3712 1396 prodiit.
3733 1325 3842 1379 Ριωυ

545 1409 895 1466 mittuntur:
928 1414 982 1465 1ο
1009 1409 1304 1466 Michaelis
1328 1411 1630 1470 Choniatas
1656 1414 2022 1471 Athenarum
2048 1413 2440 1487 metropolitae
2461 1414 2745 1471 Monodz'a
2774 1414 2836 1470 in
2865 1413 3061 1470 fratris
3099 1414 3188 1469 sui
3219 1417 3560 1480 mortem,2°
3590 1414 3843 1483 Fragmen‘

545 1501 674 1556 tum
697 1514 727 1554 e
752 1498 1096 1555 librosancti
1115 1500 1423 1570 Augustini
1440 1502 1543 1573 qui
1565 1502 1883 1571 Speculum
1906 1502 2263 1559 inscribitur.
2290 1504 2341 1557 Is
2358 1502 2547 1559 codex
2563 1503 2807 1559 Joannis
2846 1503 3191 1559 Scutariotze
3218 1518 3410 1559 manu
3434 1502 3641 1559 saeculo
3664 1500 3840 1557 decimo

547 1591 760 1661 quarto
791 1591 1068 1645 exaratus
1090 1592 1195 1646 est.
1230 1612 1258 1641 »
1284 1589 1470 1648 Multis
1485 1590 1714 1647 lacunis
1738 1591 1997 1649 foedatur
2018 1607 2091 1648 ex
2120 1608 2191 1649 eo
2216 1594 2359 1651 ortis
2377 1593 2542 1665 quod
2560 1593 2699 1650 folia
2719 1592 3025 1668 quaedam,
3045 1592 3176 1649 aliis
3219 1597 3463 1666 propter
3502 1593 3701 1650 chartae
3742 1591 3841 1647 ina:-

548 1676 895 1750 qualitatem
924 1678 1452 1752 supereminentia,
1484 1695 1591 1753 per
1620 1696 1838 1738 manus
1872 1681 2137 1740 codicem
2160 1684 2529 1740 versantium
2558 1685 2776 1758 partim
2808 1683 3059 1741 contrita
3088 1686 3144 1740 et
3170 1682 3434 1741 lacerata
3454 1683 3692 1740 fuerunt.

1292 1997 1598 2066 ΜΟΝῼΔΙΑ
1622 1994 1753 2047 ΤΟΥ
1774 1997 2294 2048 ΠΑΝΑΓΙΩΤΑΤΟΥ
2316 1999 2853 2048 ΜΗΤΡΟΠΟΔΙΤΟΥ
2881 1998 3166 2047 ΑΘΗΝΩΝ

1710 2088 1925 2135 ΚΥΡΟΥ
1948 2087 2221 2137 ΜΙΧΑΗΔ
2245 2089 2378 2135 ΤΟΥ
2407 2089 2754 2137 ΧΩΝΙΑΤΟΥ

1214 2174 1323 2223 ΕΠΙ
1344 2171 1431 2241 Τῼ
1457 2174 1733 2242 ΘΑΝΑΤῼ
1760 2176 1891 2223 ΤΟΥ
1917 2177 2134 2226 ΑΥΤΟΥ
2159 2176 2464 2226 ΑΔΕΛΦΟΥ
2482 2178 2618 2226 ΤΩΝ
2662 2178 2942 2227 ΚΡΙΣΕΩΝ
2970 2177 3229 2226 ΕΦΟΡΟΥ

1469 2261 1581 2311 ΚΑΙ
1606 2264 2167 2312 ΠΡΟΚΑΘΗΜΑΤΟΥ
2192 2266 2325 2314 ΤΟΥ
2354 2265 2539 2318 ΚΟῙΤ.
2561 2304 2574 2319 .
2598 2303 2611 2317 .
2634 2304 2646 2317 .
2670 2303 2681 2317 .
2698 2267 2776 2314 ΟΣ

1394 2353 1608 2401 ΚΥΡΟΥ
1626 2352 1927 2402 ΝΙΚΗΤΟΥ
1949 2354 2080 2403 ΤΟΥ
2100 2355 2475 2410 ΧΩΝΙΑΤΟΥ.

642 2679 710 2735 Ὠ
769 2687 997 2758 πονηρᾶς
1084 2681 1327 2756 ἀγγελίας
1380 2685 1393 2741 Ι
1444 2686 1483 2738 ῶ
1536 2692 1727 2762 πικρᾶς
1778 2686 1939 2750 ἀκοῆς
1996 2688 2009 2745 !
2068 2688 2166 2749 Ἠς
2194 2690 2242 2746 Α
2275 2688 2359 2763 ἀφ’
2389 2691 2525 2763 ηρῶν
2554 2693 2812 2762 μήκιστα,
2844 2692 2933 2742 καὶ
2964 2688 3069 2761 οὐχ
3091 2688 3211 2763 ὃσα,
3238 2691 3374 2761 χθὲς
3421 2691 3510 2740 καὶ
3565 2688 3656 2763 πρὸ
3700 2688 3827 2758 τρίτον

571 2768 847 2837 ἀδοκήτως
870 2792 961 2845 μοι
995 2770 1427 2845 ἕπεισπεσούσης,
1480 2775 1587 2829 ὦτα
1624 2780 1713 2849 μὲν
1781 2776 1975 2851 ἀθρόως
2025 2796 2168 2852 περι·
2275 2782 2333 2832 τὸ
2397 2780 2591 2853 μεταξύ
2649 2776 2895 2842 Ἑλλάδος
2968 2782 3058 2831 καὶ
3118 2780 3365 2842 Βιθυνίας
3413 2780 3601 2851 χάσμα
3646 2774 3827 2828 παλαιὸν»

572 2859 897 2933 ϐομϐηθέντα
937 2860 1202 2938 ἀμφότερα
1272 2867 1471 2935 ἤχησε,
1547 2861 1744 2941 καρδία
1824 2862 1882 2920 δὲ
1966 2862 2171 2921 δειλαία
2280 2867 2407 2922 ἀλλὰ
2462 2869 2631 2941 πολλῷ
2704 2869 3055 2943 ἀχανέστερον
3102 2873 3193 2923 καὶ
3250 2868 3576 2945 πορρώτερον
3620 2870 3698 2919 καί
3744 2865 3828 2916 ὅσον

572 2949 824 3024 βέϐληται
874 2955 1031 3024 μέση,
1118 2952 1373 3027 ὀφθαλμοὶ
1449 2951 1507 3009 δε
1563 2958 1619 3008 τό
1664 2954 1849 3009 ἐκεῖθεν
1898 2955 2170 3009 ἀποθλιϐεν
2278 2955 2447 3032 ᾊδης
2476 2964 2657 3034 χώρου
2710 2963 2908 3023 ζώντων
2964 2957 3320 3020 ἀποικίζεται,
3377 2966 3497 3026 Φεῦ,
3548 2959 3624 3011 ὅτι
3672 2954 3828 3008 iam?!»

571 3037 867 3113 αἱματῶδες
904 3042 1052 3115 οἶμαι
1107 3038 1316 3117 δάκρυα
1372 3046 1533 3101 ἔστ...
1593 3045 1748 3099 ὁποῖα
1800 3049 1889 3099 καὶ
1945 3048 2039 3108 τὰς
2090 3045 2173 3099 αἱ·
2282 3043 2481 3101 ἐνθένδε
2545 3049 2775 3106 ὑστάτην
2858 3050 3051 3106 ναύτην
3433 3044 3621 3121 δημίαν
3691 3046 3760 3094 καί

570 3134 867 3204 ματοέσσας
905 3128 1139 3203 ψεκάδας
1212 3135 1242 3192 ἠ
1304 3138 1517 3197 ποίησις
1569 3131 1928 3209 ἐτραγῴδησει
1982 3142 2175 3209 Θαῦμα
2282 3135 2377 3189 ούκ
2426 3136 2537 3190 ἐστι
2589 3133 2742 3213 δεῦρο
2791 3132 3061 3199 ἐπάνοδος.
3115 3140 3321 3190 Οὔκουν
3372 3136 3512 3198 ἐλπίς
3561 3135 3753 3207 ὄψεσθαί
3790 3147 3829 3181 σι

572 3217 632 3277 δε
706 3221 786 3274 ὄτι
876 3226 946 3293 μὴ
1046 3226 1136 3274 καὶ
1214 3230 1312 3276 τῶν
1354 3222 1713 3299 ἐμϐροντήτων
1768 3227 1867 3279 εἴτε
1929 3228 2171 3298 μήνηη..
2282 3227 2349 3278 τὰ
2413 3223 2632 3299 φίλτατα
2715 3232 2807 3279 τοῦ
2836 3225 3017 3286 λοιποῦ
3072 3225 3273 3299 ἠπαρ’
3327 3226 3498 3279 αὐτῶν
3567 3220 3829 3297 ὀφθήσεσθαι

569 3310 811 3371 πληκτῶν
841 3308 913 3374 οἷς
970 3311 1215 3386 ἐγεγόνειν
1272 3318 1363 3366 καὶ
1421 3316 1492 3376 ὡς
1547 3314 1712 3373 στήλη
1768 3334 1850 3377 τις
1902 3314 2175 3387 ἐπεπήγειν
2283 3334 2527 3373 τη......,
2566 3313 2813 3387 φιλτάτην
2918 3315 3164 3389 κεφαλήν.
3274 3314 3435 3369 Ἀλλὰ
3502 3318 3580 3377 τίς
3652 3314 3704 3365 ἄν
3768 3325 3829 3380 μοι

570 3401 769 3476 ἄφωνος
816 3400 943 3463 ὅλως
1026 3400 1376 3461 ἀναισθητῶν.
1462 3402 1594 3457 Ἀλλ’
1653 3406 1728 3457 ἔτι
1784 3410 2032 3477 κννοῦμαι
2087 3409 2177 3457 καὶ
2288 3400 2406 3461 δοίη
2456 3407 2542 3457 τὸν
2602 3405 2814 3458 θάνατον
2865 3403 2979 3458 ἀντί
3030 3412 3125 3458 σοῦ
3156 3422 3169 3460 :
3202 3411 3370 3458 Τοῦτο
3399 3401 3460 3458 δε
3520 3403 3691 3477 ὃπερὸ
3738 3399 3832 3454 θεῖος

570 3509 692 3548 τη..
814 3493 1085 3565 συμφορὰς
1203 3489 1486 3555 ξυνι.......
1600 3497 1690 3546 καὶ
1806 3498 2179 3569 συμφρονήσας
2287 3489 2453 3546 Δαυῖδ
2501 3492 2716 3561 ηὔξατο,
2775 3498 2865 3547 καὶ
2920 3501 3087 3547 ταῦτα
3132 3492 3215 3547 ἐπί
3276 3491 3440 3548 παιδί
3694 3487 3830 3542 Emu-

571 3581 747 3653 γοερόν
776 3578 1184 3653 ἁναφθέγγομαι·
1230 3581 1259 3641 ἦ
1321 3582 1468 3653 τάχα
1518 3586 1607 3635 καὶ
1667 3582 1823 3637 τούτο
1873 3590 1967 3645 τῆς
2020 3602 2180 3656 τιμωο
2289 3582 2469 3635 στάντι
2493 3581 2632 3653 αύτῷ
2661 3586 2750 3635 καί
2782 3582 3023 3643 ζητοῦντι
3052 3587 3145 3642 τὴν
3172 3582 3336 3635 αὐτοῦ
3375 3582 3580 3655 ψυχήν.

572 3674 667 3743 ροῦ
716 3664 874 3731 δίκης
941 3669 1055 3721 κατ’
1149 3668 1273 3743 ἐμοῦ
1341 3672 1639 3745 μηχάνημα
1721 3671 1803 3724 ἶνα
1884 3676 2176 3746 μήποτε....
2359 3667 2502 3724 Eia"
2547 3670 2738 3732 ἐκεῖνος
2800 3679 2897 3734 τῆς
2954 3671 3151 3733 οἰκείας
3193 3670 3338 3734 ζωῆς
3405 3670 3573 3725 ἐπόθει
3622 3671 3829 3721 τοιού

564 3764 749 3833 φρονεῖ
807 3756 1147 3831 λελωϐημένος
1197 3763 1287 3812 καὶ
1362 3764 1687 3833 παρακοπεὶς
1766 3764 1861 3819 τὴν
1930 3762 2179 3819 αἴσθησιν
2570 3762 2803 3832 θάνατον,
2874 3769 2982 3823 πῶς
3080 3761 3173 3813 ούκ
3239 3759 3301 3812 ἂν
3438 3762 3647 3817 αύτο....
3713 3753 3833 3816 εὖξαέ·

574 3850 645 3911 ὡς
710 3846 899 3922 ἀναλγῆ
1002 3847 1217 3913 ἀπαθῶς
1266 3851 1470 3904 ύποίσω
1550 3856 1644 3911 τὴν
1691 3853 1926 3923 ἐσχάτην
1983 3854 2179 3910 ταύτην
2212 3842 2253 3897 Β
2290 3869 2391 3924 μην
2419 3848 2651 3903 ἀντίσοῦ
2699 3854 2903 3925 χαίρων
2978 3850 3316 3909 τεθνηλεσθαι
3374 3849 3593 3923 ἀδελφοῦ
3645 3845 3830 3920 φιλτάτου

571 3943 894 3998 ποινὴν......
964 3939 1146 4014 ἀρτίαν
1236 3942 1371 4013 ἔχων
1467 3944 1561 4000 τὴν
1662 3946 1873 4015 γνώμην
1927 3945 2015 3994 καὶ
2078 3948 2180 3995 τῶν
2290 3944 2381 3992 καί
2432 3935 2890 4012 φιλαδελφοτάτου,
2952 3936 3058 3998 ἤδη
3115 3936 3176 3992 δέ
3229 3942 3323 3993 καί

574 4029 795 4105 ἀνιαρῶν
844 4028 1127 4083 ἐπαίουσαν
1184 4026 1453 4104 ὀδυνῶμαι
1509 4032 1735 4103 πάσχων
1789 4036 1879 4084 καὶ
1937 4027 2183 4106 δριμύτε-
2293 4029 2617 4102 ἁνακραθάτε
2680 4033 2866 4101 σχέσει
2922 4030 3069 4104 ἔτερα
3130 4028 3561 4085 πολλαπλασίονι.
3616 4027 3725 4079 Ἀπὸ
3763 4025 3830 4073 τῶν
3902 4094 3905 4099 ⁴

571 4138 659 4196 ρον
722 4117 1103 4193 βασανίζομαι.
1161 4119 1418 4192 ’Δνάλγ...
1486 4115 1545 4174 δὲ
1583 4120 1719 4173 ἅπαν
1772 4124 1844 4194 μὴ
1901 4123 2023 4193 ἕχον
2081 4128 2182 4173 τῶν
2292 4119 2460 4172 αὐτῶν
2500 4121 2589 4185 μεν
2648 4121 2750 4194 γὰρ
2809 4127 3068 4195 πατρικῶν
3126 4121 3440 4193 σπερμάτων
3488 4122 3575 4171 καί
3624 4127 3830 4189 μητριδίων

572 4208 865 4263 λυπούντων
917 4211 1285 4268 συναίσθησιν.
1321 4213 1502 4264 Καίτοι
1544 4214 1611 4271 εἶς
1667 4230 1783 4263 τινα
1833 4210 2030 4270 στήλην
2090 4228 2181 4279 με·
2293 4209 2524 4281 αἱμάτων
2593 4213 2873 4281 γεγόναμεν
3204 4208 3557 4283 πρεσϐύτατος
3632 4208 3709 4278 μὲν
3764 4208 3830 4268 εγω

574 4297 807 4351 ταϐαλὼν
834 4302 930 4352 εἴτε
982 4298 1159 4358 λαίνην
1208 4304 1297 4353 καὶ
1354 4301 1580 4372 μυθικὴν
1625 4304 1715 4352 καὶ
1769 4302 1916 4371 κωφὰ
1960 4300 2223 4374 ῥέουσανΔ
2292 4303 2382 4351 καὶ
2409 4306 2610 4371 πρῶτος
2629 4302 2722 4356 την
2782 4298 2948 4356 πύλην
3017 4294 3337 4361 διεληλυθὼς
3379 4306 3477 4360 τῆς
3523 4297 3750 4367 γενὶσεως,
3786 4289 3833 4343 ὡὶ

576 4384 803 4463 δάκρυα,
859 4389 983 4454 ἢ..,.
1080 4391 1178 4442 εἴτε
1253 4393 1513 4462 γραφικὴν
1595 4394 1685 4441 καὶ
1770 4387 2178 4461 καλουμένην....
2296 4389 2397 4441 εἴθε
2434 4392 2522 4440 καί
2574 4391 2668 4445 τὴν
2718 4396 2809 4449 τῆς
2869 4383 3052 4451 ἐξόδου
3107 4383 3394 4445 διελήλυθα
3433 4394 3826 4463 πρῶ.......οιέ

575 4476 694 4541 ἁλὸς
769 4479 1047 4552 ὁμωνύμως
1097 4482 1127 4537 ἧ
1197 4481 1503 4553 φερωνύμως
1608 4477 1721 4531 ἐποὶ
1768 4486 1840 4549 τῷ
1892 4480 2183 4551 μωραθέντι
2289 4475 2400 4549 μεθ’
2469 4474 2645 4549 ἑτέρως
2711 4478 2929 4549 ὁμογνία
3023 4480 3113 4527 καί
3175 4473 3481 4537 πολλοστὸς.
3543 4473 3674 4544 Κάμὲ
3711 4467 3779 4540 μὲν
3814 4480 3831 4511 ο

575 4567 724 4621 ἅλατι
756 4572 844 4621 καὶ
888 4572 1006 4642 περὶ
1057 4575 1209 4622 τοῦτο
1508 4566 1603 4631 ἔξω
1662 4571 1753 4619 καὶ
1808 4586 2180 4627 καταπεπατη-
2292 4565 2629 4639 φιλόστοργος
2679 4571 2768 4619 καί
2851 4565 3114 4639 φιλολόγος
3139 4568 3309 4639 πατὴρ
3372 4564 3428 4628 ἐξ
3478 4565 3647 4621 Ἀσίας
3696 4557 3749 4616 εἰς
3790 4552 3828 4602 τὸ

573 4663 706 4732 μένῳ
736 4660 834 4712 ύπό
860 4666 959 4711 τῶν
1019 4656 1321 4731 ἀνθρώπων,
1366 4652 1481 4710 οὐδ’
1536 4656 1699 4719 οὕτως
1748 4654 1807 4708 ἆν
1854 4664 1945 4719 τῆς
1989 4652 2182 4732 Ἀδρα-
2295 4656 2570 4718 Βυζάντιον
2646 4659 3149 4731 κατέρωτει....›..
3247 4652 3533 4725 ἀπαγαγὼν
3628 4645 3719 4708 ἤδη

576 4753 752 4812 στείας
785 4751 877 4808 τὴν
933 4751 1155 4820 Νέμεσιν
1205 4742 1528 4819 διαπέφενγα
1573 4742 1913 4820 διακεστίραν
1941 4750 2051 4800 τίσι
2080 4767 2181 4803 κ...
2290 4751 2391 4797 τῶν
2423 4743 2621 4813 ἐφήϐων
2678 4744 2858 4816 ἡλικίᾳ
2904 4748 3114 4817 πότερον
3173 4740 3427 4815 βαίνοντα
3473 4737 3735 4813 διοτριϐαῖς
3768 4726 3830 4820 δέ

572 4840 827 4912 ὑποσχὼν
856 4837 1000 4891 τοῦτ’
1051 4836 1177 4890 αὐτὸ
1226 4839 1284 4889 τό
1344 4831 1416 4889 δι’
1468 4835 1653 4897 αἰῶνος
1702 4834 1966 4890 ἰκκεῐσθαι
2021 4842 2180 4889 πᾶσιν
2295 4830 2623 4890 δασκόν....
2718 4854 2743 4884 ν
2798 4838 2889 4892 τήν
2953 4851 3007 4885 τε
3056 4836 3429 4905 γραμματικὴν
3767 4834 3829 4869 καί

573 4927 657 4982 ἰπὶ
713 4906 965 5001 δεομηνίᾳ
1039 4925 1478 4999 στηλιτευόμενος.
1549 4924 1907 5000 Ἀλγεινότερα
1947 4922 1996 4976 δ’
2045 4925 2183 4995 ὅμως
2292 4927 2385 4982 τὴν
2439 4930 2530 4976 τοῦ
2584 4921 2763 4976 ἐπικοῦ
2825 4922 3014 4975 κύκλου
3068 4922 3502 4995 χρηστομάθειαν
3550 4906 3829 5005 περιδίδωμιῖ

572 5017 741 5089 πολλῷ
806 5019 836 5077 ἡ
900 5024 988 5069 νῦν
1052 5020 1423 5075 ποιναία.......
1503 5011 1604 5074 δύη
1700 5018 1832 5091 πρὸς
1907 5014 2049 5087 ἧπαρ
2105 5031 2185 5066 κε·
2295 5014 2424 5084 μετὰ
2483 5008 2542 5065 δὲ
2611 5014 2807 5084 συχνὸν
2872 5015 3061 5084 χρόνον
3121 5008 3355 5063 κάκεῖνον
3409 5008 3636 5062 ἑνναετῶν
3682 5044 3714 5058 ..
3758 5012 3829 5049 πον

574 5110 788 5177 χώρηκε
845 5112 1127 5179 συνορῶντί
1188 5113 1366 5179 σαφῶς
1422 5101 1526 5167 οἶος
1594 5112 1765 5157 κακῶν
1830 5101 2059 5174 κολοφὼν
2117 5109 2179 5161 τῆ
2294 5099 2496 5162 ἡλικίας
2556 5103 2748 5174 ἄγοντα
2833 5105 3045 5175 χρόνον,
3337 5105 3453 5161 ταῖς
3537 5095 3670 5169 ἐμαῖς
3711 5091 3829 5187 φέρθν

572 5194 787 5266 τλήμονι
838 5192 991 5266 ψύχη
1051 5213 1151 5267 μου
1224 5193 1573 5267 ἐπεκώμασεν,
1641 5194 1727 5246 οἷα
1786 5198 2183 5266 συμφορῶν.....
2293 5192 2566 5263 παρέθετο,
2632 5188 2932 5261 ἐπισκηψάς
2984 5189 3147 5241 πάντυ
3207 5188 3446 5260 γενέσθαι
3493 5186 3541 5238 οἱ
3584 5184 3665 5235 καί
3698 5184 3827 5241 πατέρ

575 5281 853 5356 εἰσεφθάρη
952 5287 1192 5358 κορωνὶς,
1257 5282 1433 5342 ἡλίκον
1507 5282 1771 5353 ἑπηνέχθη
1846 5276 2183 5355 δυσπραγίας
2294 5286 2385 5334 καί
2432 5284 2647 5357 τροφεύς
2726 5284 2815 5333 καί
2901 5275 3245 5350 παιδαγωγὸς
3313 5280 3403 5330 καί
3478 5270 3826 5358 δισδάσ.....οι-σο

575 5369 848 5443 κεφάλαιόν
874 5390 926 5424 τι
952 5378 1043 5425 τοῦ
1072 5371 1253 5425 λοιποῦ
1284 5371 1462 5443 ἄλγιον
1487 5374 1756 5441 πείσομαι.
2293 5368 2360 5424 Ἀ
2417 5366 2484 5429 δὴ
2569 5372 2736 5423 πάντα
2783 5373 2872 5422 καί
2918 5373 3107 5440 γέγονα
3159 5363 3397 5439 τάδελφῷ
3426 5368 3513 5417 καί
3557 5358 3642 5415 διὰ
3693 5356 3826 5409 πᾶσῶν

572 5468 586 5534 ξ
643 5459 715 5513 Ὤ.
765 5480 875 5534 μοι,
981 5458 1169 5535 ἀδελφέ
1260 5459 1534 5533 φίλ......ῶ
1617 5477 1727 5530 μοι,
1824 5476 1901 5511 οτι
1974 5454 2182 5513 διίσται
2289 5461 2485 5513 τούτων
2528 5463 2762 5532 σχέσεων
2795 5457 3105 5531 ἀνακραθείς
3124 5459 3214 5510 καί
3240 5460 3332 5515 τὴν
3379 5451 3646 5525 ἀδελφικὴν
3674 5446 3822 5513 ὑπιρυ›
