4042 6214
253 313 396 376 1253

1131 306 1506 366 manuus
1535 293 1918 361 ACOMINA'H
1945 290 2268 362 IONODIA
2292 288 2364 368 IN
2389 313 2731 375 FRATREM.

3437 332 3575 389 1254

256 435 434 507 ψυχοι
498 431 691 494 έκείνης
744 434 928 506 θεσμοὶ
979 437 1068 486 καὶ
1121 434 1229 488 οἷόν
1281 453 1363 494 τις
1447 425 1721 502 ἀκρόπολις
1767 428 1864 484 τῆς
1894 422 1940 476 Α
1971 427 2058 476 τὸν
2119 427 2307 486 Ἰακὼϐ
2384 436 2631 498 έπένθησε
2691 445 2985 504 θάπτουσα,
3046 451 3199 505 Οὕτω
3250 457 3352 532 γὰρ
3405 454 3465 508 ἃν
3513 457 3574 509 οὗ

265 521 851 583 Κωνσταντινουπόλεως
903 525 978 575 ἔτι
1029 525 1295 594 σωζομένη
1352 519 1660 593 ἀπόρθητος.
1719 515 1864 570 Ἐπεὶ

263 610 326 666 δε
378 615 406 670 ἡ
460 617 834 684 .....υμασία
883 620 983 666 τῶν
1034 617 1152 686 περὶ
1201 618 1337 666 πᾶσι
1389 608 1865 682 σεμνολογουμένων

265 698 502 773 ἀδελφῶν
537 698 670 763 δυὰς
697 701 793 763 εἰς.
815 743 828 756 .
852 743 865 758 ,
888 745 900 757 .
949 699 997 753 έν
1037 701 1269 776 οὐρανοῖς
1307 697 1594 772 μετεκληθη
1635 695 1868 749 πολίτευ-

263 811 342 866 μα
396 799 568 865 μικρῷ
617 796 887 864 πρότερον,
957 791 1070 842 εἶτα
1120 794 1211 844 καὶ
1244 791 1268 840 6
1319 792 1606 844 .....υσὶν
1659 785 1869 844 ἐκείνοις

263 882 682 954 παρεζευγμένος
731 878 848 951 ἐμὸς
918 875 1134 951 ἀδελφὸς
1186 885 1258 948 τῷ
1318 876 1491 948 κύκλῳ
1555 883 1650 937 τῆς
1706 873 1872 934 αὐτῆς

265 973 542 1043 γερουσίας
578 969 992 1043 έγγεγραμμένος
1047 966 1454 1042 συμπαρελῆφθη
1508 970 1598 1018 καὶ
1653 966 1724 1026 εἰς
1781 967 1870 1021 τὴν

269 1059 482 1111 αἰωνίαν
520 1058 833 1131 μετετάξατο
894 1058 1204 1130 σύγκλητον,
1261 1059 1374 1110 τότε
1425 1052 1494 1115 δὴ
1563 1055 1784 1128 ᾔσθοντο
1823 1055 1872 1105 6i

269 1147 322 1200 ἐν
363 1153 527 1220 Νικίᾳ
579 1148 982 1220 μεγαλοπολίται
1026 1155 1117 1209 τῆς
1170 1146 1359 1208 ἑαυτῆς
1403 1146 1707 1217 ἀπαγωγῆς,
1758 1147 1874 1196 τότε

273 1242 730 1312 συμφρονήσαντες
809 1235 1103 1308 ἐπέγνωσαν
1178 1237 1392 1298 ἑαυτούς
1472 1237 1698 1307 γυμνούς
1777 1235 1872 1290 τὴν

271 1326 598 1386 καταστολῆν
641 1335 734 1389 τῆς
786 1326 978 1380 ἑαυτῶν
1019 1323 1176 1389 δόξης
1227 1324 1706 1398 ἀπαμφιασάμενοι,
1757 1325 1874 1376 τότε

277 1411 522 1488 φυγάδας
590 1420 680 1468 καί
747 1418 1074 1488 μετανάστας
1111 1414 1478 1476 ἀπολιτεύτους
1521 1433 1575 1466 τε
1617 1417 1708 1465 καὶ
1750 1411 1873 1472 ὅλως

273 1503 510 1566 ἀπόλιας,
540 1549 552 1562 .
575 1546 588 1560 .
611 1547 624 1561 .
647 1507 756 1562 ,θεν
803 1509 893 1557 καὶ
949 1506 1386 1578 περιπαθέστερον
1431 1503 1757 1575 ὠλοφύραντο
1803 1503 1874 1563 ὡς

264 1601 556 1652 τηνικαῦτα
598 1595 856 1667 κατάκρας
913 1593 1194 1654 ἑαλωκυίας
1250 1601 1345 1655 τῆς
1407 1591 1603 1652 πόλεως
1664 1594 1754 1643 καὶ
1805 1590 1874 1642 τὰ

263 1682 658 1756 τιμαλφέστατα
711 1691 812 1736 τῶν
883 1681 1047 1744 αὐτῆς
1107 1683 1370 1735 ἀποθέτων
1419 1680 1872 1752 ....εσυλημένης

260 1778 356 1826 καὶ
403 1782 500 1826 τῶν
560 1772 882 1828 ὀλϐιωτάτων
941 1774 1388 1847 θησαυρισμάτων
1445 1771 1639 1823 τελείαν
1687 1789 1871 1823 πέπον·
1905 1785 1948 1840 Β

265 1864 415 1925 θυίας
493 1862 734 1930 λάπαξιν,
795 1869 886 1934 φεῦ
944 1862 956 1916 Ι
1015 1862 1124 1924 οἶος
1176 1863 1551 1933 Χριστιανικὸς
1607 1859 1872 1922 πολιτείας

262 1949 557 2026 σύνδεσμος
621 1951 869 2027 έῤῥηκται
943 1950 1259 2007 .....λίκου
1320 1950 1511 2012 πόλεως
1585 1951 1872 2021 ίμάντωσις

197 2079 207 2089 .
259 2045 520 2110 πέπτωκε,
567 2042 654 2096 οἱα
683 2044 976 2112 συστοιγία
1033 2039 1240 2111 ἀγαθῶν
1299 2038 1700 2111 ἀνατέτραπται,
1764 2039 1870 2090 οἱον

262 2129 649 2202 καλοκαγαθίας
685 2132 912 2203 ἔντριτον
979 2133 1216 2200 σχοινίον
1269 2127 1509 2188 ἐπίτασις
1539 2131 1628 2200 μεν
1663 2147 1868 2199 συμφο-

263 2226 365 2290 ρῶν
401 2217 496 2270 οῦκ
533 2217 713 2292 ἓρῥηξε
763 2220 896 2270 κατά
939 2220 995 2268 τὸ
1031 2221 1186 2288 σοφόν
1247 2216 1574 2288 ἀπόφθεγμα,
1616 2217 1733 2269 οὔτε
1779 2234 1870 2268 πε-

263 2310 558 2380 ριστάσεων
619 2305 716 2379 βία
777 2304 1048 2376 διέσπακε,
1116 2309 1330 2368 θάνατος
1382 2303 1459 2360 δέ
1487 2310 1579 2364 τὴν
1632 2309 1870 2380 χρυσέαν

265 2407 369 2449 τῶν
427 2393 630 2470 ἀνδρῶν
681 2399 874 2450 τούτων
952 2399 1132 2470 σειρὰν
1199 2395 1426 2449 ἀναλύων
1483 2401 1571 2448 καὶ
1627 2397 1744 2448 καθ’
1783 2397 1872 2448 ἕνα

269 2485 520 2558 ἐκτέμνων
582 2482 860 2561 διέφθειρε,
917 2490 1008 2540 καὶ⁵
1061 2489 1151 2558 μεν
1205 2482 1272 2544 δὴ
1331 2491 1538 2561 πρώτου
1588 2485 1868 2557 οἰχομένου

271 2583 368 2628 τοῦ
397 2579 684 2650 πραοτάτου
730 2581 821 2629 καὶ
859 2574 1061 2647 ἀγαθοῦ
1116 2575 1334 2647 Μιχαὴλ
1384 2584 1474 2636 τῆς
1522 2574 1731 2626 εύκόλου
1778 2577 1870 2628 καὶ

273 2663 638 2726 ἀπλουστάτης
664 2663 857 2725 ἐκείνης
893 2664 1081 2736 ψυχῆς
1110 2666 1230 2718 ὅσον
1287 2669 1376 2717 καὶ
1415 2665 1520 2717 οἷον
1564 2665 1594 2722 ἠ
1653 2661 1870 2716 ἀποικία

268 2761 364 2814 τῆς
399 2752 778 2825 μεγαλοπόλεως
813 2751 1061 2824 ἐκόψατο.
1097 2752 1532 2824 Ἐψυχαγωγεῑτο
1557 2747 1607 2805 δ’
1638 2753 1772 2824 ὅμως
1796 2753 1870 2804 ἔτι

262 2841 566 2894 πλουτοῦσα
600 2845 685 2894 τὸν
738 2838 1122 2914 πολυειδήμονα
1164 2842 1402 2899 Ἰωάννην
1466 2845 1552 2894 τὸν
1599 2845 1858 2913 μέγαν...

265 2928 434 3002 βουλῇ
485 2935 576 2984 καὶ
627 2930 893 2985 εῦσυνέσει
950 2929 1095 2983 πόλιν
1163 2935 1253 2982 καὶ
1325 2929 1586 2990 πολιτείας
1645 2929 1870 3003 ἀρίστης

259 3019 511 3092 ἔμψυχον
536 3019 764 3092 ἄγαλμα.

1975 515 2141 614 πάντη
2219 529 2311 574 τοῦ
2362 528 2478 580 κατ’
2535 529 2685 592 ἀξίαν
2743 534 2942 606 θρηνεῖν
3000 515 3331 614 εένελίτι-ομεν.Ι
3359 551 3468 597 Νῦν
3520 542 3574 598 δ’

1976 600 2370 706 εσκεδασμένοι,
2407 621 2537 686 γυνὴ
2578 623 2668 690 μὲν
2707 623 2737 680 ἠ
2781 621 2902 686 ἀξία
2943 634 3038 678 σοῦ
3087 634 3174 681 καὶ
3213 627 3398 684 δικαία
3442 636 3575 706 μετά

1977 700 2073 744 σοῦ
2115 693 2374 758 ἐξικέσθαι
2415 703 2481 764 εἰς
2535 714 2701 782 γῆρας
2746 714 2806 763 τὸ
2861 709 3110 787 ᾀδόμενον
3167 693 3472 794 κορωνόϐιοιν
3521 723 3573 775 έν

1975 786 2276 882 γωνίᾳπουλ
2320 787 2608 847 ἐνδαπέδου
2638 802 2771 872 μέση
2821 810 3010 876 χοροῦ,
3067 786 3272 860 παίδων
3310 806 3572 882 ἀφηλίκων

1978 874 2068 922 καὶ
2130 871 2668 973 ,ἀνήϐωνΑκειθημένη
2730 871 3041 963 μελανείμων
3097 898 3190 953 τὴν
3244 871 3431 960 ἑαυτῆς
3481 903 3572 973 μὲν

1977 966 2202 1064 χηρείαν
2251 963 2454 1020 παίδων
2533 967 2592 1024 δὲ
2663 974 2906 1050 ὀρφανίαν
2986 981 3201 1046 ἐλεεινῶς
3247 963 3570 1064 ὀλοφύρεται.

1980 1055 2098 1152 Τῶν.
2131 1046 2190 1152 δὲ
2245 1065 2650 1152 προγενεστέρων
2689 1046 2902 1119 παίδων
2957 1069 3109 1132 ἄλλος
3166 1073 3321 1149 ἓῤῥων
3342 1046 3568 1152 ⁶ἀλλαχῆ

1981 1139 2098 1239 καθ’
2136 1141 2330 1239 ἐαιέτῦν
2381 1146 2594 1239 οἰμώζει
2657 1159 2746 1206 καὶ
2788 1157 3067 1228 μοναυλίαν
3105 1139 3568 1239 κλαῦθμυρίζεται.

1981 1234 2092 1280 Τῶν
2123 1227 2174 1282 δ’
2205 1231 2366 1296 ἄλλως
2385 1237 2739 1312 οἰκειουμένων
2770 1249 2858 1298 καὶ
2889 1247 3006 1300 καθ’
3049 1250 3180 1323 αἷμα
3221 1227 3280 1305 οέ
3417 1254 3574 1310 ’Δσία

1979 1318 2043 1368 τὰ
2115 1328 2210 1382 τῆς
2283 1322 2585 1418 τραγῳδίας
2670 1335 2799 1407 πρὸς
2857 1339 2975 1397 τοὺς
3027 1336 3075 1390 ἐν
3106 1315 3326 1394 ’Ἑλλάδι
3389 1315 3573 1398 διένειί

1980 1425 2102 1476 μαν.

2057 1494 2300 1570 Ἀδελφός
2333 1497 2388 1553 δ’
2432 1501 2533 1574 έγὼ
2570 1506 2912 1582 πολυτλήμων
2963 1519 3053 1566 καὶ
3094 1515 3412 1592 πολύθρηνος
3443 1522 3573 1592 χθὲς

1981 1587 2071 1678 μὲν
2121 1591 2211 1639 καὶ
2253 1595 2432 1661 πρώην
2486 1591 2642 1647 οἶλλου
2699 1601 2917 1661 πένθους
2978 1587 3269 1678 ἐποιούμηνί
3305 1587 3574 1673 ὑποθέσεις

1981 1671 2064 1724 έπί
2094 1692 2147 1726 τε
2171 1685 2369 1740 κοιναῖς
2419 1687 2509 1734 καὶ
2560 1680 2720 1746 ἰδίαις
2768 1685 2972 1760 ἐμαυτῷ
3018 1701 3307 1768 συμφοραῖς
3339 1700 3429 1748 καὶ
3467 1699 3574 1770 μά-

1979 1760 2149 1858 λιστα.
2163 1765 2236 1825 οἷς
2293 1766 2605 1823 ὀλϐιώτατον
2651 1780 2741 1827 καὶ
2788 1760 3201 1850 ὀνομαστότατον
3241 1785 3403 1856 (ναὸν,
3462 1760 3572 1858 καὶ,

1979 1851 2097 1947 οἰγιε
2117 1848 2365 1911 δέσποτα.
2391 1859 2458 1918 ὡς
2481 1861 2773 1932 τρισολϐιον
2793 1848 2946 1920 τοῦτο
2992 1873 3048 1921 16
3103 1878 3196 1932 τῆς
3241 1848 3575 1947 Θεομηταρος

1980 1943 2292 2012 τέμενοςκαί
2327 1948 2559 2001 τοιούτου
2599 1956 2898 2026 προστάτου
2953 1954 3025 2009 δι’
3078 1959 3263 2023 αἰῶνος
3312 1943 3571 2035 δεόμενον)

1982 2030 2114 2104 ἱερὸν
2179 2031 2438 2106 Ἀθήνησι
2497 2043 2786 2103 πιστευθεὶς
2836 2050 2926 2097 καὶ
2987 2054 3079 2100 τοῦ
3123 2047 3171 2099 ἐν
3229 2051 3368 2122 αύτῷ
3401 2030 3574 2126 ’προῖξ

1980 2119 2225 2190 στάμενος
2285 2125 2668 2201 θυσιαστηρίου
2733 2143 3084 2205 πνευματικοῦ
3161 2142 3251 2190 καὶ
3324 2139 3572 2198 πλείστην

1977 2208 2058 2294 61:
2146 2216 2234 2262 καί
2303 2211 2552 2275 πολυειδῆ
2635 2227 3062 2294 προσισχομένου
3137 2221 3391 2290 διηνεκῶς
3433 2230 3571 2281 θείαν

1978 2293 2228 2370 ἐνέργειαν
2281 2297 2444 2372 εἶδον,
2475 2308 2526 2356 οἵ
2562 2326 2672 2378 μοι,
2709 2311 2760 2361 οἵ
2799 2329 2890 2381 μοι
2949 2312 2962 2366 !
3021 2315 3439 2389 ἰεροσυλούμενον
3481 2323 3574 2370 καὶ

1979 2391 2455 2462 ἀποκοσμούμενον.
2515 2395 2640 2466 Ἐμὲ
2725 2394 2784 2450 δε
2837 2404 2924 2451 τὸν
2982 2401 3148 2454 έκείσε
3198 2411 3573 2477 πεφυτευμένον

1976 2475 2043 2569 τὰ
2081 2485 2264 2548 πρῶτα
2291 2483 2423 2552 1196;
2471 2477 2710 2536 δεκάδων
2765 2485 2886 2540 έτῶν
2942 2499 3097 2562 τριῶν
3151 2497 3238 2545 καὶ
3274 2475 3575 2569 ὑπερέκεινα

1977 2559 2035 2614 έκ
2072 2571 2164 2625 τῆς
2207 2566 2370 2631 αὐλῆς
2416 2576 2610 2644 Κυρίου
2673 2559 3046 2649 ἀποσπώμενον
3092 2582 3160 2642 ὡς
3213 2559 3424 2636 αύαλέον
3461 2580 3570 2642 ἤδη

1977 2657 2072 2742 καί
2123 2655 2308 2726 ἄγονον
2356 2663 2548 2722 παντὸς
2593 2659 2792 2734 ἀγαθοῦ
2847 2663 3168 2742 γεράνδρυον
3217 2678 3307 2731 τῆς
3339 2671 3576 2734 ίταλικῆς

1978 2738 2155 2834 ἀελλης
2236 2743 2581 2824 σφοδρότερον
2654 2738 3053 2824 έμπνευσάσηξ
3080 2779 3169 2813 μοι
3214 2764 3302 2812 καὶ
3363 2767 3454 2812 νῦν
3483 2761 3574 2834 μὲν

1977 2829 2048 2892 εἰς
2077 2832 2450 2909 πολυῤῥοθίους
2482 2837 2645 2902 ἀκτὰς
2687 2842 2716 2900 ἦ
2773 2843 3076 2919 περίῤῥυτον
3139 2847 3384 2900 σκόπελον
3429 2829 3577 2902 ἔλαυ-

1977 2924 2204 2992 νόμενον,
2235 2931 2322 2974 νῦν
2363 2921 2413 2976 δ’
2463 2925 2548 2978 ἐπὶ
2596 2932 2843 3001 φάραγγα
2897 2934 3148 3008 ὑπώρειον
3186 2940 3286 3008 πρὸ
3337 2945 3430 2988 τοῦ
3466 2957 3578 2990 κοι-

1976 3016 2064 3060 νοῦ
2094 3009 2358 3074 κλύδωνος
2384 3013 2794 3090 ἐξεϐρασσόμην.
2851 3019 3013 3073 Ἔνθα
3063 3027 3366 3097 παρέριμμα
3409 3045 3572 3097 μετα-

333 3108 418 3170 Ὠς
475 3104 536 3161 δε
600 3116 692 3161 καὶ
738 3114 944 3161 τουτονὶ
989 3110 1298 3181 προτεθέντα
1354 3103 1592 3179 τάδελφῷ
1648 3126 1867 3180 μεταμι-
1899 3137 1939 3192 C
1975 3099 2170 3152 νάστου
2225 3098 2537 3176 ἀπόκληρος,
2596 3104 2851 3179 ἀνέορτος,
2897 3109 3100 3177 ἄπολις,
3173 3110 3464 3184 ἀγροιώτης
3504 3118 3575 3176 ὡς

261 3200 388 3271 κρόν
435 3200 728 3269 ....μίωτο
792 3202 883 3250 καὶ
939 3199 1354 3272 προσεπένθησεν
1425 3195 1510 3248 ἐπὶ
1573 3203 1646 3266 τῷ
1707 3195 1870 3267 λοιπῷ

261 3290 356 3337 καὶ
380 3290 538 3359 τρίτῳ
571 3305 905 3358 σεμνυνομεν.
927 3329 940 3342 .
963 3329 977 3340 .
1013 3291 1221 3358 Νικῆτᾳ
1271 3294 1342 3356 τῷ
1379 3288 1444 3338 τά
1473 3285 1671 3338 έκείνων
1700 3287 1872 3338 πάντα

262 3374 402 3427 καλά
455 3374 762 3428 συλλαϐόντι
849 3375 1014 3446 ἑαυτῷ
1057 3374 1162 3448 έμῷ
1209 3371 1415 3447 ἀδελφῷ
1463 3378 1714 3449 μετέωρος
1754 3379 1872 3438 ταὶς

264 3464 573 3528 ὑπολοίποις
627 3463 830 3518 έλπίσιν
895 3463 1151 3520 ἐσάλευεν.
1210 3465 1352 3518 Ἐπεὶ
1413 3461 1473 3518 δὲ
1528 3469 1618 3516 καὶ
1667 3468 1872 3518 τουτονὶ

263 3553 630 3627 προσαπέϐαλε
684 3557 987 3626 τοῦσχατον
1041 3559 1412 3625 ναυαγῆσασα,
1466 3561 1554 3606 νῦν
1611 3553 1698 3607 ὑπ’
1747 3552 1872 3626 ἀμέ-

263 3664 416 3718 τρου.
492 3644 848 3696 καταποθήσα
935 3642 1102 3706 λύπης
1178 3647 1501 3696 πεπόντωται
1592 3638 1875 3706 καταδῦσα

265 3733 572 3807 ὑπόϐρυχα.
605 3737 755 3803 Μέγα
819 3729 878 3785 δε
935 3732 1119 3794 Ἀσίας
1175 3731 1250 3785 ἐπ’
1313 3732 1451 3803 αὐτῷ
1504 3729 1632 3807 ἦρτο
1689 3735 1872 3794 πένθος

273 3822 622 3893 ...ἐπήχησε
670 3819 729 3874 δὲ
802 3825 981 3897 γοερὸν
1037 3821 1259 3896 Εὐρώπη
1326 3822 1762 3894 συνανοιμώξασα
1807 3825 1871 3884 ὡς

261 3916 362 3972 τὴν
414 3917 589 3971 κοινὴν
653 3912 847 3984 ζημίαν
907 3909 1141 3965 ἐπύθετο.
1205 3911 1264 3964 Εἰ
1313 3907 1365 3962 δ’
1423 3910 1672 3984 ἑκατέρων
1727 3912 1870 3970 ἠπεί-

254 4021 364 4077 ρων
411 4044 424 4056 .
447 4044 461 4057 .
483 4001 570 4060 .)η
603 4005 681 4064 τίς
712 4007 870 4076 μοῖρα
897 4001 1030 4052 ὅσων
1058 4001 1088 4060 ἣ
1143 4007 1324 4074 πεῖραν
1353 4007 1444 4060 τῆς
1503 4007 1601 4060 σῆς
1644 3999 1867 4052 καλοκα-

255 4091 450 4163 γαθίας
530 4093 750 4162 ἔγευσας
823 4091 852 4149 ἦ
938 4093 1083 4162 φῆμη
1161 4091 1226 4140 τὰ
1287 4099 1396 4142 ῶτα
1450 4088 1870 4163 περιεϐόμϐησας

267 4223 282 4236 .
307 4222 320 4235 .
344 4223 357 4236 .
381 4181 536 4235 ,ωτόν
591 4182 680 4230 σὸν
749 4177 1077 4251 ὠλοφύραντο
1123 4179 1362 4244 θάνατον,
1415 4175 1454 4229 ὦ
1509 4178 1724 4250 φιλτάτη
1777 4182 1869 4232 καὶ

259 4271 504 4327 θειοτάτη
531 4267 711 4340 ψυχὴ,
762 4272 813 4318 τί
869 4269 988 4320 ποτ’
1043 4266 1103 4318 ἂν
1157 4269 1308 4339 ἡμεῖς
1354 4269 1413 4320 οῦ
1459 4269 1748 4340 πεισόμεθα
1775 4273 1868 4322 καὶ

260 4355 530 4431 δράσομεν
565 4355 984 4429 σχετλιάζοντες,
1016 4357 1066 4408 οἱ
1108 4358 1239 4428 μετά
1285 4352 1645 4424 παντοδαπῆς,
1695 4359 1758 4418 ὡς
1801 4361 1869 4410 ε’ί-

257 4466 445 4520 πομεν,
499 4447 732 4518 σχέσεως
775 4452 836 4517 τῆ
905 4445 1020 4498 καθ’
1072 4441 1202 4517 αἷμα
1256 4444 1512 4508 οἰκειώσει
1573 4450 1868 4520 πιεζόμενοι
1897 4486 1944 4539 D

259 4539 331 4596 ὡς
357 4537 596 4608 ὀμόγυιοι
625 4537 700 4587 ἔτι
728 4553 780 4587 τε
834 4538 1032 4608 μυρίων
1075 4538 1192 4608 περὶ
1250 4540 1344 4586 σοῦ
1395 4539 1631 4607 χαρίτων
1689 4535 1869 4591 ἀπολε-

259 4625 513 4687 λαυκότες
545 4624 616 4687 εἰς
645 4623 908 4696 πλήσμιον
947 4627 1038 4676 καὶ
1083 4626 1184 4697 πρό
1231 4641 1291 4696 γε
1337 4631 1398 4695 τῇ
1461 4631 1527 4696 σῇ
1585 4622 1738 4698 ἀρετῇ
1787 4647 1866 4699 φι-

258 4713 624 4786 λοτιμούμενοι
651 4718 742 4765 καὶ
795 4715 932 4784 μέγα
985 4710 1068 4764 ἐπι
1111 4715 1196 4764 σοὶ
1253 4718 1552 4783 φρονοῦντες
1607 4717 1697 4766 καὶ
1746 4733 1867 4787 σεμ-

257 4801 544 4876 νυνέμενοι,
582 4798 692 4854 εἶτα
740 4809 827 4854 νῦν
885 4801 1096 4863 ἑαυτοὸς
1143 4804 1326 4873 αἴφνης
1373 4796 1569 4864 ἰδόντες
1610 4809 1703 4855 τοῦ
1746 4807 1866 4877 περὶ

259 4899 363 4944 σοῦ
435 4890 746 4962 ψιλωθέντος
800 4889 1312 4965 ἀπολαμπρύσματος
1345 4893 1485 4961 γένος
1541 4887 1865 4963 πολυσχιδὶς

253 4985 352 5034 καὶ
377 4979 650 5051 πολλαχοῦ
669 4987 763 5042 τῆς
789 4980 971 5040 Ἀσίας
1007 4984 1097 5032 καὶ
1153 4979 1270 5032 καθ’
1311 4978 1446 5036 Ἑλλ.
1469 5021 1482 5035 .
1505 5023 1518 5036 .
1566 4984 1862 5054 καχυμένον

252 5075 352 5124 καὶ
390 5070 463 5132 εἰς
500 5074 662 5142 ὄνομα
698 5069 934 5144 λαμπρὸν
973 5068 1239 5142 αἰρόμενον
1283 5065 1378 5122 διά
1435 5077 1530 5122 σοῦ
1575 5075 1666 5122 καὶ
1723 5070 1861 5136 ἐξευ-

251 5160 602 5232 γενιζόμενον,
653 5158 744 5221 οὓς
809 5154 917 5211 ἔδει
968 5163 1040 5232 μη
1101 5155 1421 5234 διεσπάρθαι
1470 5167 1558 5212 νῦν
1610 5165 1700 5214 καὶ
1745 5160 1859 5214 κατ’

253 5247 400 5302 οἶκον
435 5250 630 5301 πενθείν
663 5244 817 5320 ἰδίδᾳ
845 5247 1079 5316 ἕκαστος,
1143 5246 1250 5299 ἀλλ’
1301 5247 1372 5311 εἰς
1397 5253 1556 5302 ταυτό
1589 5250 1862 5310 συνεληλυ-

255 5340 413 5396 θότας
453 5342 543 5392 καὶ
581 5340 668 5389 τὸν
708 5340 797 5390 σὸν
828 5338 1172 5410 περιστάντας
1206 5334 1418 5409 τύμϐον,
1467 5338 1554 5390 ὑπ’
1614 5337 1730 5411 ἔμοι
1778 5357 1862 5394 κο-

256 5431 469 5500 ρυφαίῳ
521 5422 767 5498 δυστήνῳ
815 5431 904 5478 καὶ
955 5428 1151 5500 θρήνων
1208 5425 1860 5498 ἐξάρχοντιπολύκλαυτον

260 5513 480 5577 ξυναυλ.
502 5557 515 5571 .
539 5558 550 5571 .
599 5520 690 5567 καὶ
718 5515 985 5590 οἰκροτατ.
1005 5557 1016 5572 .
1041 5557 1054 5570 .
1102 5514 1434 5588 ἀρμόσασθοι
1464 5535 1553 5570 και
1589 5519 1726 5588 μέγα
1747 5520 1862 5572 πέν-

267 5606 354 5676 θος
401 5604 592 5680 έγεῖροι
640 5609 732 5660 καὶ
780 5605 885 5658 οἷον
936 5605 968 5666 ἡ
1021 5609 1142 5678 περὶ
1181 5606 1268 5658 τόν
1320 5603 1514 5679 Ἰωσὴφ
1561 5605 1859 5684 παρεμϐολὴ

1977 3189 2198 3274 ἐρημική
2231 3209 2310 3251 τις
2341 3189 2598 3264 ὁλολυγὼν
2637 3194 2942 3250 ἐπίκλαυτον
2988 3200 3105 3251 κατ’
3161 3204 3380 3273 εμαυτὸν
3429 3201 3574 3274 ᾅδων

1976 3271 2118 3346 τάμὰ
2142 3281 2233 3328 καὶ
2264 3281 2410 3332 κοινὰ
2437 3284 2592 3338 κακά.
2636 3286 2742 3339 Νῦν
2794 3281 2846 3337 δ’
2902 3285 3030 3339 ἀ).λά
3077 3297 3178 3340 τῶν
3216 3293 3464 3344 τοιούτων
3504 3295 3574 3356 ὡς

1979 3362 2150 3416 ούκέτι
2171 3367 2413 3422 κλαυτέον
2442 3391 2533 3443 μοι
2559 3378 2712 3444 μόνον
2743 3374 2836 3428 οῦκ
2872 3373 3234 3451 ἐπιλέλησμαι.

2055 3459 2115 3513 Ὀ
2173 3455 2232 3512 δε
2296 3468 2386 3520 τῆς
2436 3461 2685 3533 φιλτάτης
2739 3464 2962 3537 κεφαλῆς
3009 3469 3224 3529 θάνατος
3269 3469 3454 3532 ἐκεῖνος
3489 3491 3575 3525 τε-

1977 3550 2207 3610 λεκταίος
2253 3547 2628 3615 έπιπεπδωκώς
2679 3554 2748 3615 ὣς
2800 3555 2830 3613 ἡ
2891 3552 3085 3616 δεκάτη
3134 3564 3233 3610 τῶν
3270 3560 3575 3632 Αἰγυπτίων

1978 3638 2202 3710 πληγῆη
2254 3647 2354 3691 τῶν
2395 3645 2732 3714 πρωτοτόκων
2789 3645 2992 3718 ὄλεθρος
3044 3647 3214 3699 πάντα
3263 3650 3456 3701 κοπετά
3504 3648 3576 3712 εἰς

1980 3727 2184 3790 ἑαυτὸν,
2243 3728 2599 3801 ἐφειλκύσατο,
2685 3737 2861 3784 πᾶσαν
2931 3734 3186 3807 οἰμωγὴν,
3244 3743 3346 3789 πᾶν
3395 3741 3576 3812 γοερόν

1979 3817 2152 3890 μέλος,
2181 3816 2294 3870 ὃλον
2319 3823 2410 3870 καὶ
2459 3821 2668 3891 σύμπαν
2725 3817 2974 3895 δάκρυον.
3030 3823 3204 3877 "an:
3255 3827 3356 3901 γὰρ
3411 3825 3578 3880 έκεῖνα

1977 3911 2069 3981 μὲν
2097 3905 2417 3982 προϐαλέσαι
2455 3927 2546 3980 μοι
2575 3910 2601 3960 6
2658 3906 2914 3962 ὁδοποιῶν
2969 3911 3145 3987 τρίϐον
3176 3923 3238 3988 τῇ
3299 3915 3428 3990 ὀργῇ
3487 3916 3579 3968 αῦ-

1977 4004 2070 4048 τοῦ
2125 3996 2230 4049 οἷόν
2303 4015 2422 4049 τινα
2471 3995 2794 4072 κολαστέρων
2865 4005 3232 4073 περιστατικὸν
3282 4004 3573 4074 γυμνάσια,

1976 4088 2221 4157 μέγιστον
2249 4081 2308 4138 δε
2346 4084 2524 4156 ἀγῶνα
2575 4093 2754 4138 τοῦτον
2803 4085 3167 4159 ἐπενηνοχέναι
3220 4095 3311 4142 καὶ⁵
3352 4090 3576 4143 ὕστατον

1975 4179 2066 4228 καὶ
2086 4174 2144 4226 οῦ
2176 4177 2236 4226 16
2264 4176 2510 4248 παράπαν
2542 4171 2836 4230 ἀκίνδυνον.
2865 4182 2930 4230 Τ.
2955 4219 2965 4232 .
2990 4218 3002 4230 .
3024 4218 3038 4232 .
3101 4176 3268 4230 ἐκεῖνα
3328 4177 3578 4252 ἀμυχαῖα

1975 4268 2066 4316 καὶ
2095 4263 2154 4316 ού
2179 4265 2314 4316 πάνυ
2347 4259 2657 4316 δυσούλωτά
2681 4283 2772 4336 μοι
2798 4267 2862 4317 τὰ
2914 4264 3202 4339 πλήγματα
3228 4276 3320 4320 τοῦ
3374 4265 3458 4324 δε.
3480 4311 3493 4324 .
3517 4313 3530 4325 .
3551 4311 3566 4326 .

1975 4359 2064 4406 καί
2101 4359 2194 4406 τοῦ
2226 4352 2421 4425 βάθους
2449 4361 2542 4415 τῆς
2585 4352 2768 4426 ψυχῆς
2793 4357 3173 4428 καθικνούμενα
3200 4359 3231 4416 ἣ
3289 4359 3436 4430 τάχα
3485 4361 3576 4432 μεν

1975 4446 2286 4517 πειρατέρων
2334 4441 2486 4500 ἀνέϐη
2527 4462 2654 4498 κα..
2678 4484 2691 4498 .
2742 4445 2930 4517 θεόμην
2987 4443 3452 4520 ἕπισημαινόμενον
3490 4447 3552 4521 έμ

1975 4536 2217 4608 πρησμόν
2273 4536 2363 4586 καὶ
2434 4538 2533 4584 τῶν
2605 4529 2851 4605 ὀμμάτων
2905 4534 3316 4609 προκαλούμενος
3367 4532 3578 4610 δάκρυα

1975 4627 2066 4676 καὶ
2120 4630 2224 4696 πῦρ
2277 4621 2578 4694 κατέφλεγεν
2633 4621 2712 4675 ἐπ’
2761 4622 2936 4695 ἐκείνῳ
2985 4623 3224 4696 θλίψεων,
3282 4633 3371 4678 νῦν
3421 4622 3479 4678 δε
3508 4629 3577 4679 16‘:

1974 4715 2238 4765 καυστικά
2285 4717 2374 4764 καὶ
2422 4717 2749 4785 μονιμώτερα
2802 4715 2946 4786 πυρὰ
2993 4717 3087 4776 τὴς
3133 4715 3391 4774 κολάσεῶς
3443 4713 3573 4772 ἀνή-

1975 4803 2179 4872 φθησαν
2218 4802 2470 4874 ἄνθρακες
2499 4803 2560 4853 οὔ
2613 4804 2738 4853 ποτέ
2793 4819 2882 4872 μοι
2927 4797 3067 4853 δοκῶ
3097 4801 3508 4874 σϐεσθησόμενοι
3535 4803 3568 4861 ἢ

1973 4898 2090 4946 τοῦ.
2113 4933 2126 4946 .
2148 4932 2162 4947 .
2184 4931 2197 4944 .
2245 4884 2446 4961 έγκάρδ
2452 4907 2524 4940 ιον
2561 4889 2692 4963 αξμα
2732 4893 3073 4959 παυσόμενοι,
3105 4890 3240 4941 ὥστε
3263 4907 3327 4962 με
3353 4888 3480 4941 αῦτό
3511 4893 3572 4944 16

1973 4974 2200 5052 δάκρυον
2236 4974 2466 5030 ἐπέλιπεν
2505 4977 2606 5028 εἴτε
2649 4979 2769 5048 περὶ
2823 4977 2882 5027 16
2937 4973 3261 5036 ἀναλωθῆναι
3313 4981 3398 5029 τοῖ
3445 4980 3573 5051 φθά.

1974 5085 2101 5119 σασι
2127 5070 2308 5126 κακοῖς
2358 5067 2418 5116 16
2473 5065 2524 5116 ἓν
2575 5070 2639 5134 τῇ
2697 5066 2890 5135 κεφαλῇ
2945 5081 3047 5136 μου
3099 5061 3244 5140 ὕδωρ
3297 5064 3570 5144 ῦπεκρυεν.

1972 5159 2070 5212 εἴτε
2115 5159 2235 5228 περὶ
2309 5157 2396 5208 τὸν
2451 5161 2539 5206 νῦν
2591 5152 2780 5226 μᾶλλον
2831 5153 3150 5226 πεπληγέναι
3198 5159 3324 5212 ὡσεὶ
3379 5163 3572 5233 χόρτον

1969 5251 2052 5300 καί
2092 5245 2270 5305 τελέως
2335 5242 2620 5302 αῦανθῆναι
2680 5246 2774 5300 τὴν
2832 5242 3298 5305 πολυπαθεστάτην
3345 5245 3573 5324 καρδίαν

1969 5356 2092 5412 μου,
2127 5331 2396 5389 κάντεῦθεν
2446 5336 2577 5408 μήτε
2620 5325 2862 5407 δακρύων
2917 5327 3142 5398 λιϐάδας
3193 5338 3452 5411 πενθίμων
3479 5338 3572 5392 λό-

1968 5449 2074 5500 γων
2103 5428 2317 5503 κρουνὸν
2347 5422 2399 5488 ἐξ
2438 5423 2594 5486 αὐτῆς
2651 5417 3006 5477 ἀναδίδοσθαι
3053 5423 3177 5478 ὅσον
3223 5426 3361 5480 ἔθελε
3387 5430 3448 5480 16
3474 5434 3572 5480 τοῦ

1969 5517 2169 5580 πάθους
2205 5515 2417 5588 μέγεθος
2470 5517 2560 5566 καὶ
2605 5511 2730 5586 παρ’
2773 5511 2834 5565 οὗ
2885 5516 2946 5566 τὸ
3002 5513 3426 5588 ἕγκυλονούμενον
3469 5514 3569 5567 οἳλ-

1969 5625 2062 5679 γος
2084 5611 2148 5678 τῇ
2193 5603 2349 5678 ψυχῇ
2384 5603 2741 5676 έκκενούμενον
3061 5623 3189 5666 ποτε
3243 5601 3426 5675 γίνοιτ’
3479 5602 3564 5659 ἄν.
