4042 6214
532 210 673 282 12:5

2014 202 2373 267 ADDENDA.

3688 225 3783 285 ιιει

550 348 761 419 Δνάγκη
798 345 966 398 τοίνύν
1036 340 1301 412 ἀτέγκτοις
1350 336 1634 412 ὀφθαλμοῖς
1677 340 1767 389 καὶ
1848 330 2228 421 στεναγμοῖςΑ
2261 327 2593 410 ἀξυμϐλήτου
2662 350 2773 409 τοῖς
2837 343 3083 407 παλαιοῖς
3135 340 3776 421 ἀριπεῦματδς.ιερῥῦσατὸ

539 435 814 497 ἀλαλήτοις
886 434 1051 507 ἄχθος

543 616 794 679 εξανύσας
839 610 1041 667 ύπόλει.
1062 652 1077 666 .
1098 650 1112 666 .

536 811 698 866 σομαι
742 787 1004 863 τάδελφῷ,
1061 791 1087 841 ό
1130 806 1432 863 γεφαιτερος
1476 795 1545 859 τῷ
1589 788 1833 860 νεωνέρῳ,
1865 784 1891 836 ό
1922 786 2146 855 έσχατο-

532 886 693 959 γέρων
726 889 797 953 τῷ
829 882 1180 938 καθεστηκότι
1204 882 1293 931 καὶ
1322 878 1654 952 ὠμογέροντι.

603 974 865 1045 Ἀνέφικτε
921 975 1012 1022 καὶ
1083 967 1373 1043 ἀτέκμαρτε
1424 969 1538 1021 θεία
1593 969 1832 1041 πρόνοια,
1888 962 1918 1021 ἡ
1970 959 2146 1032 λόγοις

534 1059 778 1138 ἀρρήτοις
843 1060 1157 1120 οἰακίζουσα
1228 1059 1339 1111 θεῖά
1419 1075 1473 1110 τε
1525 1060 1614 1109 καὶ
1674 1053 1970 1130 ἀνθρώπινα
2015 1051 2145 1125 πρά-

541 1171 680 1224 ματα
708 1158 819 1211 πῶς
852 1157 924 1220 τῷ
965 1158 1063 1202 τῶν
1106 1156 1207 1201 σῶν
1248 1150 1511 1223 κριμάτων
1553 1144 1772 1216 ἀϐύσσῳ
1829 1139 2144 1215 ίγκυϐιστῆ-

542 1256 632 1293 σαι
685 1260 701 1309 3
757 1238 1138 1302 Ἐπινήξασθαι
1193 1240 1283 1311 μεν
1329 1234 1416 1289 οὖν
1468 1240 1698 1311 παρήσει
1758 1251 1837 1295 τις
1866 1239 2004 1296 νοῦς,
2048 1228 2143 1281 κάν

538 1331 618 1388 εἴη
649 1330 1066 1403 φιλοσοφώτατον
1104 1326 1235 1380 λύων
1290 1321 1623 1398 συνδέσμους
1679 1328 1768 1376 καὶ
1824 1318 2142 1393 ἀναγγέλλων

536 1422 880 1495 κρατούμενα.
926 1418 1236 1491 Ἐκφέρομαι
1283 1418 1384 1491 γὰρ
1448 1419 1565 1489 περὶ
1620 1420 1712 1467 τοῦ
1769 1412 1970 1473 πάθους
2030 1408 2141 1483 έρε-

540 1508 808 1581 θιζόμενος
890 1511 1009 1582 περὶ
1075 1501 1525 1577 κεκινδυνευμένον
1586 1522 1638 1556 τι
1728 1507 1817 1555 καὶ
1895 1502 2142 1576 προπετὲς

540 1598 885 1670 φθέγξασθαι.
939 1595 1048 1650 Ἰνα
1075 1600 1125 1648 τί
1172 1596 1198 1647 ό
1235 1597 1324 1668 μεν
1381 1592 1786 1668 πολιοκρόταφος
1831 1594 1922 1643 καὶ
1978 1591 2145 1661 οἱχθος

542 1685 766 1762 ἀρούρης
806 1685 1018 1739 ἐτώσιον
1071 1689 1162 1738 καὶ
1198 1692 1367 1760 γῆρας
1425 1683 1579 1737 ἕλκων
1612 1681 1750 1758 βαρύ
1798 1684 1882 1732 καὶ
1941 1678 2087 1732 ὅλκον
2117 1679 2144 1732 ὃ
2173 1696 2213 1752 Β

542 1797 700 1849 φησιν
726 1777 865 1837 612:0;
892 1780 980 1829 καὶ
1032 1774 1158 1848 ἐφ’ὃ
1220 1781 1389 1828 πᾶσαι
1445 1780 1533 1834 τῆς
1573 1775 1775 1845 φύσεως
1826 1778 1976 1845 κῆρες
2027 1788 2145 1823 συν-

542 1866 684 1941 έρρευ
695 1885 788 1918 σαν
810 1865 1172 1939 περιλείπομαι
1199 1866 1274 1916 ἔτι
1295 1859 1478 1936 δεύρο.
1499 1904 1512 1918 .
1535 1904 1548 1919 .
1571 1903 1584 1916 .
1605 1903 1619 1917 .
1657 1869 1761 1933 γῆς
1782 1858 1963 1924 ἀξύντ.
1986 1903 1999 1917 .
2021 1902 2034 1915 .
2070 1866 2143 1930 τῷ

541 1960 698 2008 παντὶ
726 1960 815 2007 καὶ
846 1954 1029 2026 μηκέθ’
1065 1956 1252 2026 ὡραῖον
1301 1952 1431 2024 ἡλίῳ
1479 1954 1779 2025 μαινόμενος
1835 1952 2020 2023 θέαμα.
2050 1946 2143 2013 ⁸ος

547 2039 605 2097 δε
644 2046 786 2097 ού⁹πω
809 2047 948 2096 ’ίκετο
999 2047 1194 2117 γήραος
1247 2037 1424 2109 ούδόν,
1468 2036 1793 2115 δικαιότερος
1840 2036 1894 2092 δ’
1932 2036 1993 2098 ήν
2037 2036 2145 2091 έπιο

544 2131 726 2185 ϐιῶναι
752 2136 1076 2207 μακρότατα,
1117 2130 1207 2184 ἅτε
1243 2132 1488 2201 γυναικός
1537 2133 1623 2181 καὶ
1673 2132 1858 2181 τέκνων
1916 2127 2010 2181 ούκ
2040 2126 2144 2180 ὀλί-

540 2217 643 2295 γων
729 2226 904 2295 σωτήρ
962 2227 1052 2273 καὶ
1105 2224 1284 2291 γένους
1335 2218 1571 2293 λαμπτήρ
1634 2222 1724 2271 καὶ
1779 2221 1914 2291 μέγα
1969 2215 2143 2290 ὄφελος

542 2315 724 2384 κόσμῳ
794 2307 953 2383 κάμοὶ
1034 2306 1198 2371 δόξης
1255 2312 1345 2361 καὶ
1396 2312 1710 2379 καυχήσεως
1764 2314 2002 2379 στέφανος
2053 2310 2143 2359 καὶ

548 2403 684 2462 ζωῆς
715 2398 878 2461 αὐτῆς
907 2402 1183 2470 συνοχεύς,
1215 2393 1365 2459 οὗτος
1396 2396 1453 2449 ού
1481 2396 1599 2449 καθ’
1642 2397 1797 2471 ὥραν,
1828 2403 2142 2470 περιφρονῶν

543 2486 695 2559 λέγω,
749 2493 1091 2561 προήρπαστο
1157 2485 1241 2540 ἐπὶ
1291 2490 1504 2559 ζημίαν.
1585 2484 1887 2558 ἀλλοτρίων,
1939 2503 1995 2537 τε
2046 2505 2143 2557 μυ-

542 2580 666 2652 ρίων
715 2582 805 2629 καὶ
851 2573 1083 2630 τοσῶνδε
1131 2584 1407 2650 προγενῶν.
1468 2573 1544 2628 Ού
1595 2576 1697 2650 γὰρ
1729 2573 1992 2648 ἀλλότριον
2048 2579 2143 2647 μό-

543 2685 627 2719 νον
655 2662 715 2724 ήν
766 2665 960 2739 ἀγαθόν
1013 2668 1081 2728 ὡς
1137 2665 1404 2739 ὁρίζονται
1467 2666 1517 2718 οἱ
1576 2668 1729 2737 σοφοὶ
1777 2666 1862 2718 τὸν
1914 2660 2139 2732 δίκαιον,

546 2754 673 2809 ἀλλά
699 2774 758 2828 γε
789 2752 857 2815 δή
890 2759 979 2809 καὶ
1009 2758 1277 2831 ἡμέτερον.

615 2850 723 2898 Ποῦ
760 2848 884 2897 ποτέ
939 2843 1041 2897 εἰσι
1086 2851 1175 2896 νῦν
1222 2845 1340 2896 ὅσοι
1393 2861 1447 2895 τε
1476 2842 1656 2896 οἰκεῖοι
1685 2844 1820 2896 κατὰ
1847 2845 1992 2915 γένος
2052 2846 2143 2896 καὶ

543 2938 661 2988 ὅσοι
714 2936 771 2986 τό
799 2936 1043 3006 συγγενὲς
1096 2934 1521 3008 προποιούμενοι,
1554 2930 1726 3004 ἐκείνῳ
1773 2937 2141 3006 προσήρχοντο

542 3028 628 3077 καί
658 3028 776 3098 περὶ
806 3021 1063 3097 βασιλέων
1090 3020 1256 3075 έκίνου
1301 3040 1427 3095 μεσ.
1450 3064 1463 3079 .
1486 3063 1500 3077 .
1523 3064 1534 3077 .
1606 3025 1695 3074 καὶ
1755 3023 1848 3084 τὰς
1906 3021 2143 3085 αἰτήσεις

546 3115 726 3166 θᾶττον
746 3116 835 3166 καὶ
855 3118 1048 3186 προῖκα
1069 3107 1104 3165 6
1107 3115 1355 3184 εχόμονοι
1392 3106 1550 3164 οἱκαδ
1553 3129 1576 3163 ε
1625 3115 1902 3186 χαίροντες
1947 3110 2139 3186 ἐπανη-

543 3222 666 3257 εσαν
697 3219 711 3271 ;
745 3206 847 3257 Καὶ
873 3201 1110 3264 πλείονας
1140 3210 1212 3274 τῷ
1252 3196 1329 3255 δι’
1373 3201 1433 3253 οὗ
1486 3200 1515 3259 ἢ
1565 3200 1687 3275 παρ’
1727 3200 1795 3252 ὧν
1849 3197 1901 3253 εὖ
1949 3206 2141 3255 πεπόν-

547 3295 673 3348 θασι
702 3289 900 3367 ᾔδεσαν
953 3294 1177 3368 χάριτος
1205 3293 1254 3346 οἱ
1307 3291 1515 3353 πλείους
1555 3296 1644 3344 καὶ
1700 3294 1888 3355 πάντες
1920 3288 2035 3346 οὐδ’
2069 3292 2142 3355 εἰς

547 3381 615 3455 ἄψ
624 3403 669 3437 ιν
698 3384 823 3442 ἧκον
855 3382 1033 3440 ένίοτε.

620 3472 766 3547 Δεῦρ³
815 3474 889 3524 ἴτε
944 3474 1126 3531 πάντες
1177 3474 1267 3523 καὶ
1324 3468 1740 3544 συνεφαψάμενοι
1797 3478 1887 3524 τοῦ
1954 3472 2143 3546 θρήνου

548 3566 639 3614 καὶ
714 3564 779 3613 τὰ
824 3560 948 3634 παρ’
1003 3562 1149 3632 ἡμῶν
1190 3558 1421 3632 ἐγκώμια
1503 3567 1615 3621 ταῖς
1688 3558 1836 3633 ἐμαῖς
1893 3560 2148 3635 οἰμωγαῖς

552 3653 934 3722 συναρμόσατε,
993 3648 1076 3700 ἵνα
1126 3652 1221 3706 τήν
1276 3656 1368 3700 τοῦ
1440 3644 1650 3702 δικαίου
1729 3647 1886 3704 τοῦδε
1938 3656 2146 3725 μνήμην

550 3740 658 3813 μετ’
716 3737 982 3811 έγκωμίων
1029 3742 1348 3811 ποιήσωμεν,
1398 3742 1488 3789 καὶ
1542 3743 1612 3810 μή
1666 3742 1818 3811 μόνον
1869 3736 2151 3813 δακρύσω-

547 3847 658 3903 μεν,
718 3826 1019 3904 ἀμφοτέροις
1085 3829 1187 3902 γὰρ
1254 3829 1463 3901 πρέπον,
1517 3822 1729 3881 δικαίου
1783 3831 1885 3904 γὰρ
1938 3831 2149 3892 θανατος

547 3920 638 3991 μέν
711 3913 920 3993 δάκρυα
994 3915 1297 3970 ποκαλείται
1365 3915 1658 3969 καταλιπὼν
1699 3917 1951 3993 περιαλγῆ
1998 3920 2145 3991 μετά-

547 4006 717 4081 μελον,
750 4011 928 4080 μνήμη
972 4002 1030 4059 δὲ
1082 4009 1200 4079 περὶ
1250 4012 1347 4058 τῶν
1405 4005 1695 4066 ζηλούντων
1744 4005 1928 4079 ἀρετήν
1980 4007 2147 4080 ἐγκω-

548 4101 691 4169 μίοις
730 4093 1042 4150 συνδιαπλέ.
1064 4137 1077 4150 .
1099 4137 1113 4151 .
1136 4137 1148 4150 .
1171 4136 1184 4151 .
1208 4139 1221 4153 .
1244 4138 1256 4151 .
1279 4138 1291 4150 .
1315 4137 1328 4151 .
1351 4137 1363 4151 .
1386 4135 1399 4150 .
1421 4136 1435 4151 .
1484 4091 1613 4148 εῖδει
1659 4093 1845 4168 σφόδεε
1896 4099 2148 4173 παρθένος

550 4184 713 4244 ἐκείνη
743 4185 831 4244 ἣν.
854 4227 867 4243 .
889 4227 904 4241 .
926 4228 936 4243 ,
961 4226 975 4240 .
1003 4183 1408 4257 μεγαλοπόλεως.
1431 4225 1444 4240 .
1465 4225 1480 4241 .
1502 4227 1516 4241 .
1554 4189 1644 4237 καί
1676 4181 1712 4238 δ
1717 4190 1982 4261 ιαπαζομη
2014 4192 2145 4262 πρὸς

553 4272 675 4347 βίαν
706 4272 874 4346 ἀπῆγε
902 4272 1144 4345 πολέμιος
1175 4271 1443 4347 βάρϐαρος
1479 4315 1492 4330 .
1515 4318 1528 4331 .
1551 4317 1563 4331 .
1587 4279 1820 4339 .ότατος.
1843 4319 1856 4333 .
1878 4322 1891 4335 .
1913 4319 1926 4333 .
1957 4277 2144 4341 ἐκεῖνος

1152 425 1334 490 ὠδῖνος
1413 432 1576 503 φέρειν
1654 426 1925 499 ἀνέκφορον
1981 425 2073 473 καὶ
2112 418 2151 490 ᾧ

535 526 1001 595 συναποθανοῡμαι
1038 523 1097 574 τὸ
1128 518 1502 594 βραχυήμερον
1543 525 1638 580 τῆς
1690 521 1913 589 μογερῆς
1968 509 2150 583 βιοτῆς

1160 614 1250 662 καὶ
1282 612 1528 665 κείσομαι
1556 606 1651 660 ούκ
1694 602 1790 658 οἶό⁹
1836 605 1956 656 ὅποι
1983 599 2151 676 βαρά-

536 705 667 777 θρων
732 711 829 774 γῆς
866 701 896 759 ῆ
958 698 1160 753 κόλπων
1223 697 1494 760 θαλάσσης
1529 697 1694 773 ῥιφεὶς
1753 698 1844 747 καὶ
1891 692 2149 767 προτεθή-

2258 448 2380 486 ποτε
2424 437 2515 486 καὶ
2565 432 2822 509 Ἡρακλῆς
2873 434 3116 494 Ἡσιόνην
3167 431 3602 506 παραϐεϐλημένην
3646 435 3782 510 ἐναλίᾳ

2259 522 2404 595 θηρὶ,
2444 523 2511 584 ὡς
2560 518 2613 576 δ’
2644 524 2816 586 αὕτως
2861 529 2953 578 καὶ
3006 519 3362 597 Ἀνδρομέδαν
3418 525 3639 596 Περσεύς.
3668 524 3785 580 Ἀλλὰ

2256 608 2573 684 ὡπλισμένοι
2591 618 2682 666 καὶ
2715 610 2937 691 σίδηρον
2974 610 3379 687 προϐεϐλημένοι
3406 615 3527 684 πρὸς
3586 615 3643 664 τὰ
3684 618 3789 674 κήτη

2254 698 2654 774 παρεϐάλλοντο,
2734 709 2824 757 καὶ
2902 707 3080 777 σφίσιν
3162 700 3341 765 αὐτοῖς
3422 702 3511 761 τὰς
3555 702 3784 773 παρθένους

2258 784 2591 861 ἐμνήστευον.
2673 790 2731 845 Ὀ
2803 788 2863 847 6‘:
2934 791 3085 864 ψιλός
3142 791 3301 865 ὁμόσε
3346 794 3625 863 κεχώρηκεν
3669 791 3787 845 ὥπλι-

2259 882 2430 951 σμένῳ
2457 882 2622 954 θηρίῳ
2643 885 2733 935 καὶ
2757 877 2931 955 ψεύδη
2962 883 3064 935 ὅσα
3123 884 3215 934 καί
3264 877 3598 953 προϐλήματα
3628 882 3791 954 χρησά-

2258 985 2409 1040 μενος
2442 969 2468 1021 ό
2516 967 2761 1034 ἀληθενός
2802 975 2956 1033 ὄντως
3008 974 3100 1023 καὶ
3152 964 3394 1041 ἀψευδής
3442 969 3684 1042 ἄνθρωπος
3726 969 3793 1022 ού-

2251 1074 2356 1123 τος,
2391 1056 2643 1133 ἀνέπαφον
2670 1065 2764 1121 τήν
2793 1066 2951 1135 κόρην
2980 1068 3055 1132 τῷ
3083 1064 3243 1134 πατρὶ
3280 1057 3592 1113 ἀνεσώσατο.

2325 1152 2528 1220 Συμεὼν
2559 1145 2618 1202 6':
2646 1155 2736 1203 καὶ
2768 1152 2897 1205 Λευί
2946 1158 3047 1203 τῶν
3101 1147 3434 1222 βιασαμένων
3479 1151 3567 1205 τὴν
3612 1142 3788 1218 ἀδελφὴν

2254 1233 2572 1307 ἀπήλλαξαν,
2633 1238 2760 1293 ἀλλὰ
2832 1242 2964 1313 μετὰ
3016 1240 3211 1314 φθορὰν
3274 1241 3369 1290 καὶ
3419 1233 3790 1309 περιυϐρισμένην

2257 1322 2365 1386 ἤδη
2424 1332 2514 1380 καὶ
2564 1327 2712 1401 μόλις
2763 1334 2852 1382 καὶ
2883 1325 2978 1381 διὰ
3036 1327 3229 1381 κύκλου
3289 1324 3795 1399 ἀγκυλογνώμονοςκαὶ

2253 1418 2384 1489 μετά
2434 1421 2618 1492 μυρίον
2673 1421 2820 1492 φόνον
2874 1422 2965 1471 καὶ
3037 1417 3155 1479 ὅλης
3206 1415 3397 1476 πόλεως
3452 1414 3661 1488 ὄλεθρον,
3700 1414 3796 1466 ὤσει

2253 1499 2377 1558 ούδέ
2429 1505 2830 1582 παρεξεταστέον
2882 1508 3094 1567 τούτους
3148 1508 3276 1581 πρὸς
3321 1507 3411 1556 τὸν
3467 1500 3798 1574 ἐπαναγαγόντα

2253 1596 2349 1652 τήν
2376 1591 2706 1669 ἀπαγομένην
2730 1597 2929 1671 ῥήματι
2983 1600 3122 1668 μόνῳ
3176 1592 3432 1667 ἀναιμωτὶ
3489 1593 3697 1664 καθαρὰν
3733 1596 3797 1643 καὶ

2256 1680 2586 1759 ἀνύϐριστον.
2639 1688 2753 1739 Σίὸν
2811 1688 2902 1760 μεν
2939 1681 3065 1738 οἰδα
3117 1692 3207 1738 τοῦ
3263 1681 3505 1757 Ἀϐραὰμ
3558 1684 3635 1733 τόν
3683 1679 3797 1733 καλὸν

2256 1772 2615 1833 εἰσποιηθέντα
2648 1770 2743 1829 διὰ
2770 1783 2866 1839 τῆς
2909 1780 3155 1842 πίστεως,
3198 1771 3326 1827 ἀλλὰ
3372 1773 3633 1845 θαρσήσας
3665 1773 3797 1840 εἵποιμ

2256 1861 2317 1916 ἀν
2361 1872 2462 1917 τῶν
2533 1868 2653 1941 περὶ
2708 1867 2796 1917 τὸν
2856 1863 3094 1937 Ἀϐραὰμ
3157 1866 3392 1936 πατέρων
3455 1860 3566 1935 μὶγ’
3608 1857 3796 1932 ἀμύμονι

2254 1960 2435 2005 τοῦτον
2516 1949 2665 2021 εἶναι,
2741 1955 2966 2007 καθόσον
3044 1951 3285 2028 Ἀϐραὰμ
3357 1954 3447 2025 μὶν
3492 1951 3613 2022 πρὸς
3654 1950 3794 2020 Φαραὼ

2254 2046 2502 2117 πρότερον
2530 2049 2622 2097 καὶ
2649 2042 2932 2117 Ἀϐιμελεχ
2969 2042 3184 2117 ὕστερον
3244 2036 3473 2113 ἀδελφήν
3518 2038 3574 2090 ού
3624 2043 3797 2109 γυναῖκα

2254 2130 2441 2185 ἑαυτοῦ
2491 2136 2586 2192 τήν
2624 2131 2821 2209 Σάρραν
2851 2131 3013 2205 έλεγεν
3046 2133 3150 2193 ’ὡς
3203 2126 3263 2184 6':
3318 2134 3411 2182 καὶ
3454 2131 3546 2186 τήν
3591 2124 3796 2179 Ῥεϐέκκαν

2256 2222 2283 2275 ό
2336 2220 2521 2276 Ἰσαὰκ
2587 2219 2985 2295 δειματούμενοι
3038 2225 3127 2274 καὶ
3181 2216 3554 2292 δειλαινόμινοι
3603 2220 3800 2288 γυναῖκας

2251 2310 2444 2364 ἑαυτῶν
2483 2311 2653 2365 καλεῖν
2683 2316 2754 2386 μή
2798 2308 2871 2365 δι’
2933 2310 3091 2372 αύτὰς
3146 2314 3237 2362 καὶ
3296 2306 3636 2371 τεθνήξονται,
3686 2304 3798 2362 οὗτος

2252 2396 2312 2455 6':
2342 2406 2435 2461 τήν
2466 2403 2715 2479 παρθένον
2754 2406 2843 2455 καὶ
2880 2406 3038 2475 μήπω
3076 2406 3303 2473 γυναῖκα
3360 2396 3611 2470 ὠνόμαζεν
3657 2394 3795 2446 ἑαυτοῦ

2251 2496 2341 2545 καὶ
2412 2496 2541 2568 πρός
2623 2491 2804 2545 ἑαυτὸν
2852 2489 3115 2546 ἐπεσπᾶτο
3187 2488 3620 2560 ἀντιποιούμενος,
3662 2487 3733 2535 καὶ
3766 2480 3797 2533 εἰ

2253 2582 2418 2635 θανεῖν
2503 2577 2707 2649 δεήσοι,
2760 2586 2830 2654 μή
2902 2578 3249 2653 ἀναινόμενος.
3309 2578 3372 2633 Εἰ
3428 2572 3487 2629 δέ
3527 2579 3610 2627 καὶ
3655 2568 3795 2627 Δανιὴλ

2253 2670 2409 2732 σώζει
2482 2672 2749 2724 Σωσάνναν
2824 2668 3072 2743 ἐπιμένων
3147 2666 3341 2742 βιαίων
3390 2667 3609 2742 έραστῶν
3646 2680 3692 2715 τε
3733 2663 3794 2712 καὶ

2249 2764 2547 2834 περανόμων
2605 2756 2891 2826 δικαστῶν,
2945 2757 3075 2811 ἀλλά
3118 2759 3360 2818 καθῆστο
3414 2751 3657 2813 δικαστὴς
3702 2752 3793 2822 πρὸ·

2250 2866 2393 2925 τερον
2460 2851 2550 2903 καὶ
2631 2846 2968 2923 διελάμϐανεν
3040 2845 3128 2900 ἀπ’
3182 2844 3411 2905 ἀλλήλων
3464 2847 3577 2905 τοὺς
3621 2838 3794 2915 βιαστος

2250 2942 2341 2991 καὶ
2381 2937 2479 2991 ἀνὰ
2530 2942 2685 3013 μέρος
2714 2939 3021 2992 ἐπυνθάνετο
3050 2940 3141 2989 καὶ
3192 2943 3302 2997 τοῖς
3355 2941 3493 3008 σφῶν
3542 2931 3690 2983 αὐτῶν
3728 2927 3794 3001 96-

2181 3056 2222 3114 C
2250 3045 2412 3101 μασιν
2458 3027 2829 3103 ἁλισκομένους
2883 3026 3110 3099 ἐλέγχων
3163 3024 3333 3087 λίθοις
3385 3022 3583 3114 βάλλειν
3631 3016 3791 3114 ἐκελενξ,

2248 3122 2338 3171 καὶ
2364 3118 2499 3170 οὕτω
2537 3122 2630 3177 τήν
2689 3118 2929 3193 σωφρονά
2979 3119 3284 3191 παρανόμου
3345 3108 3627 3171 καταδίκης

2248 3205 2418 3261 λαττε.
2446 3209 2515 3260 Τὸ
2561 3202 2612 3259 δ’
2644 3208 2763 3280 έμόν
2821 3206 3067 3281 ὡράίσμα
3113 3205 3139 3257 ό
3194 3202 3317 3256 καθ’
3374 3204 3506 3275 ἡμᾶς
3545 3207 3635 3252 τῶν
3681 3193 3791 3281 ἰπιθν

2249 3303 2382 3370 μιῶν
2412 3295 2562 3357 οὗτος
2596 3294 2723 3371 ἀνήρ
2763 3293 2823 3347 ού
2879 3291 3113 3358 δικάζων
3161 3295 3227 3354 ὡς
3280 3291 3489 3357 Δανιήλ,
3553 3287 3665 3341 ἀλλὰ
3704 3280 3793 3371 βίας

2252 3367 2511 3461 μοιχικῆς
2559 3367 2883 3462 γραφόμενος
2930 3387 3017 3437 τὸν
3056 3382 3319 3456 πολέμιον,
3376 3376 3497 3434 ούδε
3550 3381 3629 3430 τὸν
3677 3367 3792 3425 ἀδελ-

2254 3480 2344 3550 φὸν
2386 3474 2707 3551 βιαζομένης
2758 3478 2825 3537 ὡς
2873 3476 2922 3527 οἱ
2971 3477 3089 3548 περὶ
3134 3475 3221 3525 τόν
3276 3471 3515 3546 Ἀϐραὰμ
3574 3463 3792 3535 ὑποκρινό-

2253 3585 2422 3640 μενος,
2454 3569 2571 3619 οὔτε
2595 3570 2698 3639 μὴν
2737 3568 2806 3627 ὡς
2836 3559 3001 3617 Δαυίδ
3030 3558 3350 3636 ψευδόμενος
3413 3563 3498 3613 τόν
3546 3554 3788 3612 ἐπίληπτον)

2254 3654 2384 3709 ἀλλὰ
2464 3659 2551 3709 τὸν
2620 3650 2791 3729 ἄνδρα
2847 3661 2941 3715 τῆς
3005 3656 3164 3725 μήπω
3215 3650 3499 3724 έγνωκοίας
3542 3640 3690 3719 ἄνδρα
3728 3655 3791 3691 σο·

2257 3750 2477 3818 φώτερον
2539 3744 2651 3818 ἅμα
2721 3748 2810 3796 καὶ
2869 3738 3245 3817 ἀνδρικώτερον
3312 3738 3681 3815 παρεκρούσατο
3727 3730 3790 3780 τόν

2253 3834 2626 3909 έπηρεαστικόν
2671 3837 2761 3886 καὶ
2841 3830 3087 3886 ἀπέωσεν.
3147 3830 3303 3904 οὖρω
3370 3837 3468 3881 τῶν
3516 3823 3659 3879 πάλαι
3700 3830 3790 3871 ποτε

2258 3908 2536 3998 σεμνότερα
2598 3922 2767 3995 πολλῷ
2839 3923 2907 3975 τὰ
2983 3922 3209 3994 ἡμέτερα
3274 3914 3597 3990 διηγήματα,
3647 3908 3788 3967 καθότι

2253 4016 2388 4067 κατά
2444 4015 2673 4088 Χριστόν
2728 4014 2815 4064 καὶ
2863 4018 2960 4072 τῆς
3033 4016 3250 4082 νομικῆς
3328 4004 3656 4060 δικαιοσύνης
3700 4008 3787 4065 περι

2253 4102 2385 4158 πολὺ
2438 4103 2836 4177 περισσεύοντα.
2882 4100 2970 4162 Ὦς
3020 4101 3121 4173 γὰρ
3182 4115 3263 4150 τοι
3304 4098 3533 4171 Χριστὸς
3566 4092 3676 4160 ύπὶρ
3708 4089 3783 4177 ,τῇ

2255 4175 2563 4252 Ἐκκλησίας
2616 4190 2794 4244 ἑαυτὸν
2860 4184 3128 4262 παρέδωκε
3179 4189 3368 4259 καίπερ
3420 4178 3627 4257 μηδέπω
3672 4175 3788 4262 οὔσης

2253 4279 2565 4343 Ἐκκλησίάς
2621 4276 2745 4333 ούδε
2813 4260 3188 4350 νυμφευθείσης
3242 4294 3323 4328 πω
3376 4282 3448 4345 τῷ
3493 4272 3700 4343 Χριστῷν
3737 4260 3791 4310 ίτι

552 4359 809 4437 διάπυρος
846 4361 1069 4470 ἐραστής
1100 4364 1168 4424 ὡς
1196 4359 1350 4433 εἶδεν,
1405 4366 1474 4427 ὡς
1519 4368 1728 4440 ᾤκτειρε
1766 4370 1859 4427 τήν
1912 4367 2144 4441 τλήμονα
2171 4415 2215 4470 D
2248 4372 2351 4444 γὰρ
2398 4368 2711 4445 ἁμαρτωλῶν
2752 4349 3073 4439 ὄντωνγύπερ
3127 4366 3273 4438 ήμῶν
3340 4362 3552 4416 ἀπέθανε
3588 4349 3789 4429 Χριστὸς,

782 4450 930 4470 ..ν
1157 4454 2080 4470 .......,,
2258 4460 2276 4470 .
2569 4456 2888 4470 ..-..
3105 4449 3789 4470 ......νε..-....

548 4460 885 4528 παραχρῆμα
910 4447 1210 4525 ἐπιδραμὼν
1240 4454 1307 4514 ὡς
1346 4456 1513 4516 Φινεές
1559 4454 1652 4508 ούκ
1696 4454 1809 4528 εἶχε
1855 4455 2142 4531 ἀμύνεσθαι

550 4547 808 4600 xui”...
896 4540 1037 4613 αύτῷ
1119 4540 1255 4615 ζήλῳ
1319 4544 1567 4616 παραθεὶς
1642 4549 1733 4597 καὶ
1801 4546 1975 4618 αύτός,
2048 4557 2143 4612 τῆς

547 4637 705 4711 κόρης
761 4629 813 4687 δ’
858 4630 1253 4705 ἀντιλαϐόμινος
1319 4632 1508 4685 οἰκείαν
1589 4637 1763 4693 οἴηται
1812 4640 2006 4697 ταύτην
2051 4660 2145 4712 γα-

547 4729 729 4799 μετῆν,
798 4721 1065 4799 ἐκεκράγει
1140 4726 1232 4774 καὶ
1284 4723 1353 4783 ὡς
1404 4725 1638 4796 συζύγου
1710 4721 2145 4802 διαζευγνύμενος

548 4816 733 4868 καίτά
772 4809 1048 4867 δεινότατα
1088 4811 1317 4883 πάσχων
1371 4809 1696 4884 έσχετλίαζε,
1729 4821 1819 4868 καί⁵
1849 4818 1943 4870 ούκ
1992 4815 2149 4878 ἀνῆκε

551 4904 741 4960 ταύτην
772 4901 931 4975 ἀπρὶξ
974 4899 1281 4975 ἀμφοτέραις
1333 4904 1571 4974 κατέχων
1621 4907 1714 4955 καὶ
1768 4903 2019 4959 ἀνθελκων
2056 4911 2147 4959 καὶ

550 4992 682 5063 πρὸς
724 4989 964 5062 πολέμιον
1021 4992 1172 5064 ἔρωτι
1221 4990 1465 5063 μεθύοντι
1515 4996 1605 5045 καὶ
1656 4994 1801 5066 θυμῷ
1848 4999 2150 5068 μαινόμενον

551 5081 1070 5150 παγκρατιαζόμενος
1151 5079 1241 5140 ἕως
1314 5087 1413 5132 τῶν
1479 5079 1668 5154 βιαίων
1714 5082 1904 5138 ἐκείνου
1957 5094 2151 5159 χειρῶν

553 5168 647 5223 τήν
698 5166 947 5240 παρθένον
1010 5166 1185 5230 έξελὼν
1231 5176 1304 5240 τῷ
1356 5173 1556 5223 τεκόντι
1606 5174 1855 5249 παρθένον
1912 5170 2148 5237 ἐξέδωκε.

555 5257 763 5330 Παρίτω
826 5262 915 5307 νῦν
962 5253 1171 5314 κάκείνη
1228 5262 1318 5310 καὶ
1388 5263 1481 5312 σὺν
1527 5270 1744 5335 κωκυτῷ
1800 5260 2151 5328 ἀνολολυξάτω

553 5348 644 5398 καὶ
692 5341 1051 5399 ἀνακαλείσθω
1116 5347 1203 5399 τὸν
1259 5347 1759 5424 ύπερμεμαχημένον
1832 5352 1991 5415 αὐτῆς
2040 5373 2149 5408 σω-

552 5443 711 5511 τῆρα,
761 5436 849 5488 τὸν
903 5435 1104 5510 ῥυστην
1156 5431 1445 5506 ἀπαγωγῆς
1483 5443 1573 5491 καὶ
1621 5441 1918 5512 προστάτου
1956 5447 2151 5519 παρθε-

551 5530 665 5591 νίας
706 5529 797 5590 καὶ
844 5526 1099 5604 ἀφθορέας
1160 5520 1391 5600 φύλακα,ι
1436 5523 1505 5582 Ὦ
1549 5531 1802 5602 μεγίστου
1850 5530 2007 5593 τοῦδε
2056 5541 2147 5594 καὶ

2248 4460 2318 4523 ὣς
2347 4478 2506 4533 φησιν
2559 4460 2585 4511 ό
2644 4456 2977 4523 Ἀπόστολος,
3032 4460 3123 4508 καὶ
3186 4453 3317 4512 αύτή
3376 4449 3434 4506 6':
3476 4453 3537 4510 ὡς
3587 4449 3650 4499 ἔτι
3687 4454 3791 4511 περι·

2248 4554 2454 4624 κειμένη
2487 4551 2545 4602 τὸ
2586 4547 2638 4611 ἕξ
2686 4544 2919 4607 ἀσεϐείας
2964 4541 3180 4617 αἶσχος,
3234 4541 3481 4611 Μέλαινα,
3534 4537 3650 4610 φησί
3680 4543 3788 4624 fi”:

2252 4611 2384 4713 εἰμὶ,
2432 4640 2704 4711 θυγατέρες
2756 4611 3116 4709 Ἰερουσαλήμ,
3166 4611 3302 4686 οὕτω
3384 4634 3471 4684 καὶ
3524 4625 3625 4715 έμοί
3672 4611 3786 4715 ἀδελ·

2252 4733 2346 4803 φός
2393 4730 2521 4801 ὗπὶρ
2576 4734 2671 4788 τῆς
2716 4725 2811 4779 ούκ
2863 4727 3026 4785 οὔσης
3065 4721 3205 4794 αύτῷ
3276 4720 3516 4793 γυναικὸς
3574 4714 3670 4765 οὔτε
3699 4714 3787 4803 ⁸μῖξιν

2253 4819 2376 4880 ὅλως
2408 4817 2654 4892 έσομένης
2674 4818 2733 4868 τὸ
2764 4818 3056 4888 καινότερον
3085 4815 3239 4886 μόνον
3287 4810 3347 4863 ού
3416 4810 3627 4861 θανατῶν
3673 4813 3779 4891 εισι·

2255 4907 2525 4984 έπέῤῥιψεν
2571 4906 2752 4960 ἑαυτὸν
2798 4901 3037 4958 κίνδυνον
3085 4906 3176 4954 καὶ
3229 4908 3322 4961 τῆς
3374 4892 3559 4955 παιδός
3595 4897 3786 4984 προσχξξ

2420 4995 2580 5061 δόξας
2848 5002 2989 5048 ῶπτο
3034 4995 3207 5067 πατὴρ
3265 4990 3528 5065 πράγματι
3554 4982 3632 5034 καὶ
3654 4982 3785 5069 πατὴρ

2255 5088 2426 5160 πολλῷ
2486 5093 2579 5140 τοῦ
2627 5078 2864 5146 τεκόντος
2920 5082 3374 5156 φιλοστοργότερος
3429 5079 3514 5129 καί
3569 5077 3784 5160 curn?!”

2256 5152 2418 5253 τεροςί
2501 5177 2716 5237 Ἐκεῖνος
2790 5178 2879 5248 μὶν
2924 5152 3031 5246 *γὰρ
3089 5152 3183 5224 τοίἰ
3221 5152 3575 5243 πολιορκηταῖς

2256 5286 2335 5330 νος
2360 5271 2531 5340 ᾤχετο
2552 5268 2773 5341 φεύγων,
2801 5263 2947 5324 οὗτος
2987 5258 3046 5315 6':
3093 5263 3221 5338 πρὸς
3269 5257 3415 5335 ὕϐριν
3468 5255 3549 5306 καὶ
3598 5238 3784 5298 δούλεια

2258 5339 2566 5433 ἀπαγομένη
2596 5361 2825 5431 παρίστη
2877 5356 2969 5406 καὶ
3021 5359 3121 5403 τῶν
3169 5348 3408 5423 ἐσχάτων
3464 5344 3616 5397 κακῶν
3647 5339 3782 5402 παρα·

2256 5444 2599 5510 κινδυνεύσας
2620 5443 2928 5508 ἀπήλλαξεν.

2313 5537 2385 5594 Ὦ
2442 5504 2719 5613 σοφώτατε
2759 5504 2965 5610 ἀδελφέ,
2996 5534 3150 5597 ὄντως
3192 5528 3267 5597 είς
3320 5532 3406 5591 τὴν
3454 5512 3689 5601 βασιλείαν
3703 5504 3777 5560 τῶν
