4042 6214
22 0 261 69 m

180 334 286 403 4261
660 331 1020 403 resonam
1043 341 1091 401 II
1143 343 1289 404 IMP.
1314 342 1405 403 DE
1443 329 1896 400 COMMUNIONE
1920 339 2292 401 NATUBALI.
2318 374 2389 389 —
2416 344 2815 405 PREFATIO.
3352 340 3491 408 12c:

177 473 301 538 atra,
322 467 554 541 sanguis
565 472 621 527 et
635 455 867 543 pituita,
902 471 1071 528 tanta
1088 475 1179 528 est
1198 475 1431 530 naturae
1460 467 1550 526 vis
1566 467 1841 524 inrerum
1861 463 2227 526 naturalium
2256 470 2812 545 temperationihus.
2838 468 2951 526 Sed
2968 468 3097 541 jam
3111 469 3190 527 ad
3219 473 3493 531 secretio-

176 575 284 618 rem
305 558 832 617 considerationem
863 559 1195 618 veniamus.
1236 563 1385 620 Sunt
1413 556 1822 617 animantibus
1836 556 2080 614 rationis
2102 560 2443 633 expertibus
2463 561 2575 619 tria
2601 558 2902 634 plantasia
2939 559 3244 633 quaedam,
3263 562 3493 621 irarum

176 649 327 709 ardor
345 648 610 723 quidam,
634 649 931 723 cupiditas
963 650 1250 725 quaedam
1276 669 1289 721 ;
1320 651 1383 708 in
1402 647 1647 707 nomine
1674 646 1826 705 ratio
1846 662 1983 721 quae
2010 648 2390 722 phantasiam
2420 650 2711 720 nobilitat,
2744 649 2962 707 deinde
2982 651 3145 724 θυμὸς
3172 654 3230 709 et
3248 650 3496 727 ἐπιθυμίαι

174 754 291 813 quae
308 738 413 797 duo
428 754 500 797 eo
521 743 662 796 sunt
681 735 979 797 nobiliora
992 741 1157 815 quod
1181 740 1477 799 rationem
1499 737 1963 795 moderatrinem
1984 743 2041 794 et
2061 737 2539 809 gubernatricem
2556 739 2961 798 habeantTria
2983 740 3112 798 haec
3132 739 3304 815 λόγος,
3331 743 3494 817 θυμὸς

174 833 225 887 et
245 828 483 903 ἐπιθυμία,
506 833 573 886 ut
592 832 731 886 sunt
750 829 967 887 animae
992 830 1275 889 humanae
1298 846 1474 905 pares
1496 825 1862 895 essentiales,
1891 826 1953 883 in
1975 828 2304 887 tensionem
2332 834 2388 888 et
2411 830 2825 888 remissionem
2839 844 2961 888 non
2985 830 3495 905 suscipiunt.Nam

170 918 365 976 ratione
386 918 565 980 οὐσίας
592 920 864 977 Socrates
901 934 1025 977 non
1045 924 1135 977 est
1158 919 1353 992 magis
1382 919 1588 994 λογικὸς
1620 932 1766 992 qua:

1896 917 2023 990 lato,
2054 921 2155 976 aut
2180 919 2376 991 magis
2411 916 2676 993 θυμινιόςη
2709 925 2813 979 aut
2842 919 3036 992 magis
3095 921 3492 996 ἐπιθυμητικὸς.

174 1008 275 1067 Sed
288 1007 496 1066 ratione
511 1008 911 1082 copulationis
938 1009 1155 1068 animae
1178 1014 1236 1068 et
1264 1008 1556 1068 materiali
1576 1003 1844 1081 corporis
1861 1005 2115 1080 physici,
2138 1010 2427 1083 organici,
2451 1010 2731 1068 dicuntur
2745 1010 2838 1066 hae
2858 1012 3184 1084 potestates
3235 1010 3494 1086 qualita-

170 1109 250 1164 tes
282 1114 349 1156 no
373 1095 669 1165 οὐσιώδιις,
703 1104 760 1156 et
782 1100 1035 1172 proinde
1060 1100 1461 1158 intensionem
1491 1114 1563 1157 ac
1586 1099 1766 1155 remis

1899 1113 2003 1154 .em
2033 1099 2402 1173 suscipiunt:
2445 1099 2600 1159 adeo
2622 1105 2687 1157 ut
2708 1098 2801 1156 hic
2827 1099 2926 1157 illo
2954 1099 3312 1177 λογικώτερος,
3341 1104 3495 1175 θυμι-

167 1192 359 1263 κώτερος
376 1192 430 1245 et
452 1189 889 1263 ἐπιθυμικὼτιρος
914 1189 1166 1247 dicatur.
1201 1192 1409 1264 Itaque
1433 1189 1571 1247 bilis
1594 1187 1763 1245 ﬂavae

1900 1186 2004 1245 nia
2044 1189 2217 1263 copia
2259 1189 2567 1247 hominem
2619 1189 2966 1265 θυμικώτερον
3010 1190 3225 1247 reddit.
3285 1190 3496 1249 Pituita

160 1276 329 1335 nimia
370 1276 675 1334 hominem
727 1277 927 1350 minus
967 1279 1204 1352 θυμικὸν,
1225 1295 1411 1353 quam
1449 1292 1558 1353 par
1598 1282 1703 1342 est,
1727 1292 1756 1333 e

1894 1279 1921 1333 t.
1942 1278 2260 1349 Sanguinis
2281 1279 2659 1337 abundantia
2675 1279 2985 1336 hominem
3033 1278 3490 1356 ἕπιθυμικὼτερον,

160 1366 433 1425 interdum
458 1368 639 1425 etiam
652 1366 939 1426 laetiorem
960 1368 1174 1426 reddit.
1200 1373 1342 1426 Atra
1352 1368 1487 1426 bilis
1508 1368 1817 1426 hominem
1834 1366 2153 1425 tristiorem
2174 1368 2371 1426 efﬁcit.
2391 1375 2676 1427 Praeterea
2689 1368 2841 1441 λόγος
2860 1370 3314 1443 prmsertimque
3352 1390 3495 1446 πρα-

161 1460 288 1519 κτιός
306 1456 714 1514 interveniente
734 1456 1079 1531 phantasia,
1109 1460 1291 1517 utitur
1310 1458 1586 1517 sensibus
1601 1463 1894 1530 tanquam
1910 1456 2570 1516 instrumentis.ldcirco
2600 1459 2829 1517 ratione
2842 1458 3143 1532 qualitatis
3166 1464 3223 1517 et
3237 1464 3498 1533 potesta-

160 1547 231 1605 tis
264 1562 370 1604 non
388 1543 680 1609 οὐσιώδους
707 1547 917 1621 recipit
936 1548 1360 1620 intensionem,
1390 1552 1447 1605 et
1461 1546 1756 1604 remissior

1906 1546 2060 1603 adeo
2082 1552 2146 1603 ut
2165 1562 2324 1603 unus
2342 1548 2527 1605 altero
2556 1548 2895 1622 λογικώτερος
2926 1548 3014 1604 vel
3037 1544 3251 1621 [minus
3288 1548 3492 1623 λογικὸν

159 1636 387 1708 dicatur,
424 1636 727 1693 interdum
761 1636 939 1694 etiam
968 1637 1129 1694 idem
1149 1638 1345 1711 seipso
1373 1636 1713 1711 λογικώτερος
1742 1633 1975 1702 dicitur,
1996 1648 2118 1693 non
2142 1638 2376 1715 ratione
2396 1636 2706 1711 potestatis
2731 1636 3081 1709 essentialis,
3126 1637 3239 1708 sed
3251 1644 3497 1713 propter

158 1725 441 1782 meliorem
472 1725 738 1799 corporis
769 1725 1006 1798 physici
1031 1730 1272 1784 statum.
1296 1730 1553 1798 Purgato
1593 1728 1752 1783 enim
1782 1726 2047 1793 cerebro,
2080 1728 2408 1800 praesertim
2458 1744 2598 1785 cum
2634 1727 2831 1784 noxiis
2856 1727 3213 1785 humoribus
3257 1729 3496 1788 infestas

159 1814 477 1889 tur,aliquis
491 1815 569 1872 ad
581 1815 1062 1874 ratiocinandum
1074 1817 1267 1889 aptior
1279 1816 1447 1874 reddi
1461 1820 1673 1889 potest.
1688 1816 2053 1888 thuoniam
2066 1820 2324 1889 quatuor
2335 1817 2622 1874 humores
2636 1833 2695 1874 in
2710 1817 3062 1891 corporibus
3072 1817 3355 1876 humanis
3368 1817 3497 1891 plu-

153 1904 357 1962 rimum
377 1909 648 1978 possunt,
674 1909 737 1961 ut
760 1908 940 1978 patet,
964 1921 1088 1962 non
1109 1905 1405 1963 immerito
1430 1911 1749 1963 connectur

1899 1905 2345 1977 conjugationes
2374 1906 2528 1979 λόγου
2550 1908 2715 1979 θυμοῦ
2735 1907 3028 1979 ἐπιθυμίας,
3052 1923 3192 1964 cum
3209 1905 3341 1980 conj
3352 1923 3495 1978 ugaa

151 1992 395 2051 tionibus
413 1998 670 2068 quatuor
684 1992 1032 2065 humorum,
1055 2010 1273 2068 nempe
1291 1994 1426 2051 bilis
1447 1994 1781 2065 ﬂavae,bilis
1797 1999 1960 2061 atrae,
1975 1996 2282 2066 sanguinis
2305 2012 2373 2053 ac
2404 1997 2648 2069 pituitae.
2676 1998 2836 2063 Quas
2856 1996 3101 2070 quidem
3125 2012 3234 2053 con
3236 1997 3495 2069 jugatio-

149 2098 254 2141 nes
266 2083 447 2157 siquis
461 2083 773 2154 diligenter
784 2082 1497 2157 pervestiget,nonaginta
1512 2085 1664 2141 duas
1680 2084 2123 2158 reperiet,etiam
2138 2100 2259 2142 non
2279 2091 2665 2143 annumerata
2678 2084 2924 2159 simplici
2937 2087 3069 2157 conj
3081 2086 3494 2157 ugatione,nec

144 2173 245 2231 illa
265 2189 388 2246 quae
410 2171 665 2246 simplici
691 2172 1028 2247 respondet.
1055 2176 1203 2231 Nam
1226 2178 1453 2248 septem
1476 2173 1605 2230 aliae
1627 2173 2080 2245 conjugationes
2134 2176 2335 2248 quaein
2364 2177 2588 2232 unitate
2615 2174 2743 2233 sola
2769 2175 3167 2232 intensionem
3193 2191 3263 2233 ac
3285 2175 3496 2232 remis-

148 2259 365 2320 sionem
388 2262 985 2335 suscipiunt,nullum
999 2263 1546 2336 autperobscurum
1570 2262 2009 2331 habentusum,
2024 2279 2160 2336 quae
2200 2268 2402 2321 tamen
2418 2264 2467 2320 si
2483 2263 2785 2321 addantur
2814 2263 3071 2337 simplici
3091 2280 3163 2321 ac
3181 2263 3496 2334 monagina

146 2352 304 2423 ginta
331 2351 593 2421 duabus,
621 2357 862 2409 centum
890 2353 1345 2425 conjugationes
1378 2353 1735 2410 constituent

1918 2353 2140 2425 quibus
2165 2353 2507 2424 intelligitur
2530 2354 2681 2411 ratio
2716 2354 3044 2427 συμπαθείας
3069 2357 3127 2410 et
3151 2352 3492 2415 ἀντιπαθείας

142 2440 446 2497 hominum
466 2440 617 2497 inter
633 2457 717 2512 se,
741 2457 877 2514 quae
900 2457 971 2498 ex
983 2443 1200 2498 animae
1215 2446 1270 2499 et
1296 2442 1561 2515 corporis
1587 2442 1848 2513 organici
1868 2444 2100 2518 physici
2122 2444 2500 2518 copulatione
2518 2445 2766 2502 exsistit.
2790 2448 2976 2501 Nemo
3014 2457 3153 2501 vero
3183 2448 3351 2518 putet
3377 2458 3491 2501 nos

144 2530 392 2587 tribuere
412 2545 658 2588 causam
679 2531 876 2587 omnis
896 2531 1230 2589 vitiositatis
1255 2547 1454 2605 pravae
1474 2531 1888 2605 temperationi
1927 2533 2194 2607 corporis
2221 2533 2489 2604 organici
2512 2532 2761 2607 physici.
2785 2536 2934 2589 Nam
2963 2530 3272 2605 quomodo
3301 2535 3360 2585 τὸ
3387 2539 3493 2607 φῶς

145 2616 198 2672 ἐν
226 2624 285 2679 τῆ
328 2622 508 2692 σκοτίᾳ
545 2624 712 2693 eam;
742 2624 829 2674 καὶ
852 2618 882 2679 ἠ
911 2622 1096 2674 σκοτία
1122 2617 1248 2674 αὐτό
1270 2618 1327 2674 οὐ
1364 2619 1741 2695 καταλαμϐάκει

1901 2638 1959 2678 ie
2006 2638 2127 2679 non
2169 2627 2259 2680 est
2318 2628 2595 2680 nostrum
2635 2621 2967 2680 ostendere.
3024 2622 3115 2679 Ad
3146 2632 3497 2696 supremam

142 2706 301 2766 enim
314 2706 663 2781 theologiam
676 2710 1374 2783 pertinethaectractatio.
1420 2712 1688 2784 Cumque
1711 2711 1773 2767 in
1802 2710 2112 2785 republica
2132 2712 2284 2769 ﬁnes
2317 2711 2794 2786 praestantissimi
2825 2713 2941 2770 sint
2966 2711 3032 2765 τᾶ
3069 2719 3169 2765 τῶν
3191 2706 3499 2786 ἀρχιτεκτο-

136 2806 289 2851 νικῶν
308 2798 446 2866 τέλη,
473 2800 709 2873 sintque
743 2796 1189 2873 Ἀρχιτιιιτονικοὶ
1218 2801 1632 2875 imperatores,
1662 2817 1732 2867 re1

1902 2801 2202 2875 principes
2268 2808 2325 2858 et
2384 2800 2798 2874 magistratus,
2856 2800 3188 2858 videndum
3239 2805 3327 2857 est
3376 2801 3495 2857 im-

133 2888 345 2963 primis
374 2892 432 2946 et
457 2887 814 2959 curandum,
846 2892 911 2946 ut
940 2888 1234 2957 educatio,
1266 2893 1508 2943 κοινωνία
1528 2895 1585 2947 et
1626 2891 1729 2947 vita

1898 2891 1963 2948 .io
2020 2900 2118 2945 τῶν
2179 2891 2620 2967 ἀρχιτεκτονικῶν
2667 2887 2889 2965 ἀνδρῶν,
2940 2886 3020 2947 ad
3072 2888 3494 2963 ἀρχιτεκτονικόν

127 2977 272 3041 κτίλος
300 2976 604 3035 referatur.
640 2975 844 3045 Qualis
876 2976 1038 3035 enim
1064 2977 1207 3039 cst-5)
1240 2983 1400 3053 σοφία
1428 2979 1579 3037 inter
1600 2995 1723 3038 omr

1895 2980 2145 3050 :ientias,
2177 2980 2310 3037 talis
2339 2982 2369 3040 ἡ
2405 2985 2654 3057 φρόνησις
2686 2980 2735 3033 ἐν
2777 2985 2889 3040 ταῖς
2926 2978 3218 3040 πολιτικαῖς
3265 2978 3491 3053 ἀρεταῖς.

126 3069 199 3125 Et
225 3072 288 3125 ut
302 3066 582 3142 quaedam
605 3067 865 3125 scientiae
891 3074 1134 3142 propter
1153 3067 1526 3126 nobilitatem
1545 3074 1601 3125 et
1626 3069 2070 3127 accurationem
2087 3070 2282 3140 magis
2308 3070 2601 3127 accedunt
2623 3069 2701 3126 ad
2724 3068 3081 3141 sapientiam
3111 3067 3227 3136 ;ita
3247 3079 3493 3140 quoque

124 3161 289 3215 artes
310 3157 596 3231 quaedam
617 3162 673 3215 et
694 3157 973 3227 scientias,
1000 3172 1262 3232 quarum
1292 3174 1437 3215 usus
1465 3158 1529 3215 in
1556 3158 1720 3232 repul

1895 3156 2168 3231 cernitur,
2199 3159 2393 3231 magis
2415 3157 2710 3217 accedunt
2736 3161 2866 3232 πρὸς
2887 3161 2980 3217 τὴν
3038 3155 3491 3233 ἀρχιτεκτονικὴν,

119 3245 337 3320 qnales
358 3250 498 3303 sunt
525 3245 556 3306 ἦ
592 3248 990 3322 στρατήγικὴ,ὴ
1036 3244 1262 3323 ἰατρική.
1307 3249 1456 3304 Nam
1486 3290 1504 3319 ,
1555 3250 1620 3303 ut
1671 3252 1715 3304 a1

1899 3251 2015 3305 ator
2058 3252 2278 3317 noster,
2337 3255 2475 3324 τρεῖς
2525 3252 2788 3301 κοινωνίαι
2833 3251 2905 3319 τῷ
2954 3246 3178 3322 ἄρχοντι
3232 3240 3495 3322 ἁρμοδιὼ-

118 3354 296 3408 τατοι,
337 3331 636 3410 φιλοσοφία,
668 3336 937 3411 στρατεία,
1008 3336 1240 3411 ἰατρικὴ,
1308 3335 1438 3409 μετᾶ
1494 3344 1595 3390 τῶν
1655 3332 1711 3391 id

1899 3346 1952 3390 ὗν
1990 3335 2183 3392 «eum.
2220 3337 2383 3393 Idem
2435 3337 2617 3411 paulo
2665 3340 2802 3395 ante
2822 3325 3053 3394 dixerat
3087 3350 3101 3393 :
3130 3324 3141 3353 ⁴
3171 3341 3215 3388 0
3244 3334 3495 3408 βασιλεὺς

114 3422 183 3479 οὐ
205 3434 438 3480 κοινωνεῖ
471 3433 563 3480 τοῦ
589 3422 845 3495 λιθοξτον,
880 3421 985 3479 ἀλλ’
1026 3423 1368 3501 ἀποδέχεται,
1401 3426 1536 3481 ὥστε
1597 3428 1655 3481 τό
1718 3420 2081 3501 ἀποδέχεσθαι
2152 3430 2287 3489 τινὸς
2347 3424 2479 3500 ἐστι,
2531 3431 2620 3480 καί
2694 3423 2787 3479 οὐκ
2853 3422 2970 3487 ὅλης
3033 3430 3128 3488 τῆς
3202 3428 3491 3487 κοινωνίας·

110 3517 255 3570 ὅπου
291 3536 393 3590 γαρ
415 3519 474 3570 τό
504 3520 798 3569 κοινωνικὸν
837 3517 999 3591 ὄνομα
1061 3522 1250 3588 κεῖται,
1312 3526 1411 3570 τῶν
1467 3520 1705 3571 κοινὼννο

1905 3514 2174 3576 δηλοποιιῖ
2214 3521 2534 3591 συμφωνίαν.
2575 3518 2756 3573 Porro
2808 3513 3103 3588 sapientia
3160 3512 3494 3588 prudentiae

109 3607 289 3663 tanto
315 3611 578 3679 praestat,
609 3611 837 3679 quanto
866 3620 1037 3663 mens
1068 3607 1305 3664 animae.
1338 3606 1562 3664 Idcirco
1594 3606 1773 3665 etiam
1798 3605 2134 3664 Aristoteles
2164 3610 2329 3663 sexto
2350 3607 2430 3663 De
2459 3604 2729 3663 moribus
2768 3603 2967 3661 divine
2997 3602 3144 3661 dixit
3171 3617 3184 3660 :
3219 3598 3356 3658 Αλλὰ
3374 3602 3477 3677 μὴν

104 3690 249 3749 οὐδε
279 3701 440 3770 κυρία
467 3700 524 3769 γέ
544 3695 778 3758 ἕστιτῆς
810 3701 991 3769 σοφίας
1012 3693 1135 3751 οάδι
1190 3703 1281 3750 τοῦ
1322 3694 1579 3770 βελτίονος
1635 3702 1821 3775 μορίου
1865 3693 2076 3772 ,ὣσπερ
2133 3692 2258 3749 οὐδε
2316 3702 2414 3758 τῆς
2469 3697 2643 3768 ὑγείας
2708 3694 2937 3770 ἰατρική·
3006 3691 3065 3747 οὐ
3127 3708 3229 3767 ’γαρ
3286 3698 3494 3769 χρῆται

104 3783 282 3849 αὐτῆ,
313 3782 427 3838 ἀλλ’
452 3785 549 3859 ὁρᾷ
576 3786 709 3847 ὅπως
736 3789 972 3858 γίνηται.
1003 3785 1224 3843 Deinde
1255 3785 1493 3857 subjicit
1509 3787 1696 3844 veriss

1916 3784 2271 3843 sententiam
2304 3801 2317 3841 :
2347 3784 2575 3847 Ἐκείνης
2598 3783 2685 3838 οὖν
2715 3783 2857 3838 ἔιεκα
2876 3784 3119 3856 (nempe
3161 3789 3257 3846 τῆς
3282 3781 3493 3856 σοφίας)

100 3874 386 3929 ἐπιτάττει
414 3916 432 3947 ,
468 3874 574 3927 ἀλλ’
597 3875 690 3928 οὐκ
714 3874 900 3935 ἐκείνη.
925 3876 1233 3933 Postremo
1257 3874 1600 3934 acutissime
1628 3875 1696 3932 lui

1901 3890 1970 3932 ur
1996 3874 2153 3947 illos,
2187 3874 2237 3931 si
2276 3870 2382 3948 qui
2404 3874 2555 3931 forte
2583 3873 2980 3947 reperiantur,
3007 3870 3115 3944 qui
3181 3868 3497 3928 temerario

95 3958 354 4036 judicio
382 3962 766 4036 prudentiam
792 3964 1096 4038 sapientiae
1134 3963 1399 4022 audeant
1428 3964 1691 4022 anteferri

1901 3985 1925 4017 λι
1954 3965 2149 4038 ὅμοιον,
2172 3963 2386 4037 inquit,
2426 3961 2522 4016 κᾶν
2546 3965 2671 4025 εἴτις
2709 3962 2804 4022 τὴν
2833 3960 3102 4020 πολιτικὴν
3144 3960 3269 4033 φαίη
3310 3958 3497 4033 ἄρχειν

101 4059 220 4106 τῶν
256 4051 410 4123 θεῶν,
437 4054 518 4107 ὅτι
539 4051 804 4107 ἐπιτάττει
825 4058 944 4127 περὶ
962 4054 1131 4107 πάντα
1153 4056 1219 4108 τὰ
1248 4052 1295 4107 ἐν
1316 4060 1378 4114 τῆ
1412 4051 1575 4110 πόλει.
1627 4056 1697 4110 Ex

1903 4069 1981 4111 ius
2050 4052 2393 4125 intelligitur
2443 4052 2803 4126 sapientiam
2859 4065 2995 4108 esse
3030 4048 3304 4120 reginam
3368 4061 3499 4104 omo

100 4141 297 4199 nium
327 4141 737 4212 scientiarum,
769 4142 1163 4216 omniumque
1187 4142 1429 4215 artium,
1456 4142 1786 4216 praesertim
1816 4159 1956 4201 cum
1979 4143 2302 4218 prudentia
2321 4143 2454 4216 ipsa
2473 4139 2629 4199 illius
2655 4153 2842 4199 causa
2867 4139 3072 4198 omnia
3103 4135 3496 4196 administrat.

101 4229 358 4287 idcirco
387 4228 625 4289 dicebat
657 4228 1018 4303 Aristoteles,
1039 4224 1100 4286 Εἰ
1148 4227 1216 4292 δὴ
1271 4225 1404 4287 Θεῖον
1431 4232 1615 4295 ὀΝοῦς
1658 4254 1697 4287 π

1905 4255 1925 4286 ν
1979 4227 2267 4310 ἄνθρωπον,
2332 4237 2423 4286 καὶ
2483 4230 2665 4285 ὀκατά
2724 4233 2811 4285 τὸν
2875 4234 3012 4285 Νοῦν
3076 4226 3189 4303 βίος
3235 4228 3361 4303 πρὸς
3410 4228 3501 4281 τὸν

100 4319 454 4396 ἀνθρωπινον
486 4320 637 4383 θεῖος.
658 4323 876 4378 Verum
905 4323 1109 4378 tamen
1132 4320 1279 4379 illud
1308 4327 1544 4380 constat
1590 4339 1696 4397 quc

1903 4322 2165 4379 tissimus
2195 4322 2263 4379 Μ.
2287 4319 2508 4378 Tullius
2524 4319 2674 4378 dixit
2708 4340 2721 4377 :
2755 4321 2974 4377 Omnes
3018 4322 3195 4387 artes,
3254 4328 3499 4374 omnes-

96 4426 240 4485 que
263 4409 572 4480 scientias,
604 4410 914 4468 communi
933 4411 1202 4485 quodam
1233 4412 1529 4469 societatis
1541 4412 1779 4470 vinculo
1793 4412 2106 4471 contineri.
2132 4414 2213 4468 Ex
2230 4426 2353 4486 quo
2384 4409 2887 4471 exsistitxoimuag
2902 4407 3241 4483 sapientum
3266 4407 3417 4463 inter
3438 4418 3502 4462 se

89 4500 398 4573 itemque
426 4498 804 4573 ἐπιστημόνων,
834 4499 1095 4573 denique
1124 4497 1440 4570 artiﬁcum,
1480 4501 1816 4559 secundum
1846 4500 1992 4559 illud
2027 4501 2193 4575 quod
2223 4506 2315 4558 est
2342 4501 2536 4572 magis
2569 4502 2627 4557 et
2655 4499 2902 4557 minius.
2952 4500 3104 4555 Nam
3149 4492 3497 4568 reipublicu

90 4587 503 4660 gubernator
526 4589 724 4663 potius
744 4589 1235 4646 communionem
1260 4605 1331 4646 ac
1352 4589 1695 4647 societatem
1714 4591 1887 4648 inibit
1915 4604 2054 4648 cum
2075 4592 2228 4648 duce
2247 4593 2561 4658 exercitus,
2590 4588 2690 4647 vel
2706 4606 2845 4647 cum
2868 4587 3104 4645 medico
3154 4599 3339 4659 quam
3361 4595 3502 4641 cum

93 4676 420 4735 cerdone.
447 4680 511 4735 Et
538 4678 776 4752 sapiens
794 4680 884 4736 vir
895 4696 1034 4736 cum
1055 4679 1183 4736 viro
1203 4674 1496 4753 prudente
1522 4679 1721 4753 potius
1737 4680 2228 4737 communionem
2251 4680 2590 4749 constituet,
2615 4690 2804 4753 quam
2845 4694 2984 4735 cum
3010 4673 3250 4734 artiﬁce.
3276 4672 3501 4730 Eodem

88 4766 317 4827 modo
347 4766 427 4824 de
441 4767 685 4841 reliquis
702 4768 1105 4841 judicandum
1127 4772 1234 4826 est.
1254 4770 1547 4825 Hactenus
1570 4768 1751 4842 igitur
1773 4770 1848 4825 de
1896 4769 2323 4825 communione
2345 4768 2779 4825 elementorum
2801 4771 2857 4824 et
2875 4780 3077 4822 rerum
3100 4774 3172 4819 ex
3193 4757 3501 4818 elementis

86 4856 613 4930 compositarum
630 4862 810 4931 atque
827 4857 980 4915 adeo
1002 4858 1077 4915 de
1098 4856 1523 4915 communione
1544 4856 2023 4914 hominuminter
2042 4857 2434 4923 se.Quoniam
2459 4860 2661 4914 autem
2680 4866 2880 4913 rerum
2895 4854 3046 4910 inter
3073 4861 3135 4908 se
3163 4845 3501 4907 communi-

88 4946 285 5005 catio
302 4945 572 5004 maxime
592 4946 655 5003 in
674 4946 1006 5019 ﬁgurarum
1025 4947 1477 5006 coordinatione
1491 4946 2088 5020 cernitur,soiendum
2100 4950 2186 5004 est
2205 4946 2464 5018 ﬁguram
2480 4943 2876 5003 orbicularem
2889 4940 3150 5020 matime
3171 4942 3504 4996 accomom-

85 5034 345 5092 datam
358 5050 494 5091 esse
514 5033 591 5092 ad
603 5015 1035 5094 continendum
1049 5040 1106 5094 et
1118 5035 1659 5110 complectendum,
1679 5015 1820 5108 quia
1833 5034 2119 5091 nimirum
2141 5015 2514 5106 exfomnihus
2527 5028 2739 5103 ﬁguris
2769 5032 2856 5088 est
2871 5015 3287 5103 capacissima,
3310 5023 3504 5077 ἁκλινο-

89 5125 297 5182 στιὲτη
332 5128 431 5177 καί
460 5123 692 5198 panum
717 5130 1020 5201 τεταγμένη.
1058 5126 1284 5183 Idcirco
1306 5124 1483 5183 orbes
1509 5124 1685 5183 caelos

1910 5138 1955 5181 lc
1982 5122 2407 5195 ﬁgurationem
2421 5119 2709 5178 obtinent.
2743 5116 3085 5178 Secundum
3105 5110 3506 5173 orbicuiarem

96 5212 576 5273 constituimus
610 5215 971 5289 quadratam
996 5216 1274 5288 ﬁguram.
1309 5217 1374 5272 In
1403 5215 1587 5272 tertiis
1620 5214 1886 5272 consistit
1916 5212 2283 5285 triangulum
2313 5209 2742 5284 aequilaterurn.
2798 5205 3204 5275 Quamobrem
3232 5203 3508 5262 omnium

82 5301 591 5361 mundanarum
610 5304 939 5378 ﬁgurarum
964 5305 1314 5364 orbicularis
1332 5304 1512 5377 longe
1541 5309 1627 5362 est
1646 5303 2136 5378 pzaestantissima
2154 5305 2398 5377 propter
2417 5314 2519 5359 eas
2539 5312 2758 5357 causas
2778 5311 2931 5372 quas
2952 5294 3281 5362 attulimus,
3300 5294 3356 5350 et
3371 5304 3508 5365 pro-

79 5396 254 5467 pter
288 5391 456 5450 alias
477 5393 679 5468 plures
707 5410 862 5470 quas
887 5396 1057 5455 Plato
1084 5401 1141 5453 et
1170 5395 1510 5454 Aristoteles
1545 5393 1821 5453 afferunt.
1844 5397 1917 5453 At
1950 5394 2015 5452 in
2044 5395 2179 5451 ortu
2201 5404 2404 5449 rerum
2433 5388 2568 5449 aliae
2614 5387 2824 5462 figurae
2853 5386 3079 5446 habent
3101 5380 3306 5447 tonum
3362 5378 3510 5452 qun

76 5481 245 5538 εὐθὺ
277 5488 355 5545 τῆ
390 5487 592 5557 γενέσει
609 5486 672 5542 in
700 5485 906 5560 primis
936 5485 1231 5545 convenit.
1260 5482 1412 5553 Quia
1438 5500 1581 5542 vero
1607 5499 1703 5543 res
1745 5483 1809 5541 in
1868 5480 2191 5541 orbiculari
2243 5479 2345 5539 illa
2409 5478 2770 5553 ﬁguratione
2833 5471 3295 5551 Quodammodo
3332 5476 3510 5560 suae;

72 5552 576 5646 perfectionem
602 5552 1041 5648 adipiscuntur,
1069 5552 1293 5635 idcirco
1335 5573 1420 5634 sic
1452 5572 1568 5629 κατ’
1598 5570 1668 5630 ἀνι

1936 5579 2029 5636 τῆς
2057 5572 2297 5647 γενέσεως
2346 5568 2642 5632 elementa
2703 5568 2839 5642 ipsa
2867 5569 2925 5629 et
2945 5575 3045 5626 res
3068 5571 3205 5638 qu.
3246 5560 3325 5641 δέ
3385 5552 3508 5620 2::-
