4042 6214
140 0 161 55 ﬁ

140 58 161 123 Ε

134 200 155 321 ξ

132 348 161 417 ,τ

694 325 831 385 1263
2109 324 2290 379 ΛΒΠΕ

2345 323 2471 378 DA.
3841 340 3941 395 tm

685 445 902 503 mentis
921 448 1217 505 constant.
1240 445 1449 516 ﬁgurae
1469 446 1625 503 illius
1643 446 1995 504 orbicularis
2018 445 2425 518 praestantiam
2446 443 2666 500 imitari
2685 448 3001 501 conantur.
3032 445 3331 517 Superest,
3365 452 3430 503 ut
3451 447 3541 504 his
3561 450 3824 522 diligenter
3842 474 3942 516 con.

689 535 981 600 sideratis,
1000 534 1336 601 videamus,
1362 534 1729 607 quibuscum
1759 537 2103 593 societatem
2128 535 2422 591 ineamus.
2446 534 2677 589 Clamat
2708 533 3003 606 sapientia
3033 552 3045 589 :
3076 534 3181 590 Fili
3213 536 3311 607 mi,
3339 537 3546 593 recede
3567 543 3865 602 amatorum
3878 565 3940 605 or.

688 623 835 693 bita,
870 628 989 678 tere
1009 622 1219 678 limina
1248 623 1586 695 sapientum
1620 643 1633 678 :
1662 630 1719 680 et
1748 624 2221 698 sapientissimus
2244 623 2456 679 Paulus
2479 640 2617 678 cum
2641 624 2963 679 Menandro
2987 625 3219 687 asserit,
3246 641 3564 697 pravorum
3604 637 3941 694 consuetudine

688 717 883 769 bonos
904 728 1101 769 mores
1121 712 1439 784 depravari
1456 731 1527 770 ac
1548 716 1870 787 corrumpi.
1896 714 2301 780 Quamobrem
2322 714 2399 769 illi
2420 714 2521 785 qui
2543 714 2602 768 in
2626 713 3104 770 administranda
3119 715 3429 787 republica
3449 723 3583 774 sunt
3617 718 3939 794 ἀρχιτατσνιχω

689 802 932 858 videant
956 818 1096 857 cum
1116 802 1338 874 quibus
1359 805 1845 860 communionem
1864 808 2250 871 constituant,
2271 819 2343 859 ne
2365 808 2512 858 torte
2538 804 2796 857 Nerones
2819 809 2875 857 et
2904 802 3267 872 Heliogabali
3290 804 3576 861 evadant:
3605 823 3669 862 ac
3692 812 3845 868 verius
3865 817 3939 871 sint

689 896 959 947 monstra
974 908 1160 963 quam
1172 892 1466 948 homines.
1487 893 1748 966 Denique
1771 893 1987 964 singuli
1999 893 2276 948 homines
2300 892 2361 947 in
2382 890 2693 963 republica
2716 890 2928 946 eadem
2949 891 3078 947 haec
3096 898 3397 965 praecepta
3412 910 3519 966 pro
3542 912 3647 953 suo
3660 912 3837 968 genere
3854 906 3937 960 vita

690 995 761 1036 ac
787 979 1054 1036 instituto
1083 980 1396 1050 diligenter
1420 981 1757 1052 observent,
1784 989 1847 1037 ut
1871 998 2079 1037 veram
2109 982 2453 1038 beatitatem
2488 979 2732 1035 tandem
2771 995 2981 1035 omnes
3020 996 3437 1053 assequamur.

1952 1241 2761 1364 SYNOPSIS

1018 1503 1261 1599 SEU
1327 1504 2006 1599 REPETIT/E
2074 1504 2809 1599 SIGILLATIM
2872 1503 3706 1602 HYPOTHESES

1220 1753 1492 1885 SEX
1547 1704 2263 1885 THEODORI
2317 1754 2729 1886 suam
2803 1753 3514 1886 SERMONIS

1946 2023 2374 2092 AUCTORE
2420 2024 2769 2092 EODEM.

1916 2368 2205 2457 PRIMI
2263 2367 2787 2459 SEBMONIS.

744 2580 813 2637 In
833 2580 1031 2653 primo
1057 2595 1331 2637 sermone
1362 2579 1620 2637 ostendit
1644 2580 1849 2638 omnia
1875 2597 2066 2637 unum
2088 2598 2216 2637 esse
2241 2586 2483 2654 propter
2501 2586 2801 2649 naturam,
2825 2598 2896 2637 ac
2926 2598 3132 2638 rursus
3175 2583 3419 2654 singula
3458 2584 3635 2641 dividi
3660 2585 3784 2642 inter
3804 2598 3857 2647 se,
3878 2595 3914 2635 ac

673 2670 948 2727 distribui
972 2671 1032 2727 in
1061 2675 1279 2728 natura
1309 2688 1323 2725 :
1352 2685 1462 2726 nec
1487 2686 1560 2726 ex
1598 2670 1974 2727 naturalibus
1997 2676 2163 2727 extra
2188 2677 2465 2728 naturam
2487 2687 2617 2727 esse
2640 2670 3001 2743 quidquam.
3032 2674 3109 2728 Ex
3134 2672 3357 2744 quibus
3388 2674 3714 2745 intelligitur
3730 2678 3913 2728 naturam

671 2775 804 2816 esse
843 2775 1230 2817 communem
1259 2758 1543 2816 omnibus
1570 2759 1749 2816 rebus
1782 2759 2177 2822 naturalibus,
2207 2765 2263 2816 et
2298 2761 2358 2815 in
2380 2776 2453 2815 ea
2477 2759 2816 2829 generalem
2847 2761 3337 2817 communicandi
3364 2763 3611 2819 modum
3664 2763 3807 2819 situm
3823 2774 3910 2815 esse.

670 2847 892 2905 Deinde
904 2848 1059 2905 intra
1074 2854 1354 2905 naturam
1375 2847 1751 2904 distribution
1759 2864 1821 2903 es
1834 2848 2331 2920 temperationum
2346 2850 2654 2915 consitere,
2671 2854 2725 2904 et
2748 2865 2854 2922 per
2878 2850 3339 2924 temperationes
3352 2852 3696 2908 secundario
3709 2849 3844 2907 modo
3860 2863 3909 2901 res

665 2936 817 2993 inter
839 2953 903 2993 se
923 2936 1390 2994 communicare.
1419 2937 1484 2993 Hi
1509 2936 1632 2993 duo
1650 2943 1790 2993 sunt
1810 2936 1975 2993 modi
1995 2936 2169 2993 nobis
2192 2938 2249 2992 in
2268 2938 2474 3010 primis
2494 2937 2879 2993 observandi.
2907 2939 3085 2994 Addit
3123 2946 3422 3013 praeterea
3445 2957 3549 3013 per
3570 2939 3910 3013 temperationes

664 3042 769 3103 res,
784 3041 910 3083 non
940 3026 1095 3082 uniri
1114 3026 1407 3094 absolute,
1434 3026 1539 3082 sed
1565 3025 1897 3082 secundum
1914 3026 2302 3099 proprietates
2324 3027 2517 3098 magis
2550 3032 2856 3098 cognatas.
2884 3029 2947 3082 Et
2976 3028 3285 3100 quoniam,
3310 3035 3380 3085 ut
3413 3031 3496 3086 ait
3517 3033 3772 3091 Socrates,
3802 3027 3909 3096 Ὀμμ

662 3124 753 3176 τῆς
810 3115 987 3187 ψυχῆς
1046 3116 1145 3169 ὑπὸ
1246 3124 1344 3168 τῶν
1436 3115 1599 3167 ἄλλων
1682 3111 2109 3187 ἐπιτηδευμάτων
2191 3114 2635 3188 ἀποτυφλούμενον
2698 3121 2786 3167 καὶ
2851 3121 3306 3191 κατορυττόμενον,
3380 3119 3481 3170 ’.3πό
3545 3128 3637 3171 τῶν
3686 3119 3906 3191 μαθπμπτων

664 3207 829 3275 μόνων
863 3202 1322 3276 ἂναζωπυρεῐσθαι
1352 3209 1441 3256 καὶ
1473 3202 1823 3277 ἀνεγείρεσθοιι
1854 3203 2064 3275 πέφυκε,
2097 3203 2260 3259 ἱᾶοῘΓ(

2308 3204 2607 3259 iostendit
2636 3204 2695 3259 in
2747 3206 3013 3260 numeris
3074 3222 3143 3261 ac
3197 3206 3413 3275 ﬁguris
3486 3213 3769 3278 utrumque
3806 3218 3904 3257 como

663 3293 1012 3350 municandi
1040 3294 1311 3351 modum.
1345 3292 1869 3359 Quemadmodum
1896 3293 2055 3348 enim
2096 3296 2152 3344 τὸ
2179 3313 2259 3364 an}

2308 3300 2411 3361 ιίον,
2444 3292 2727 3347 referente
2762 3293 2983 3361 Proclo,
3015 3296 3188 3355 πάσης
3219 3294 3480 3367 ἐξηγῆται
3509 3303 3672 3371 σειρᾶς
3716 3298 3785 3345 καὶ
3807 3294 3904 3341 rm

664 3381 770 3434 ἑνοῖ
822 3384 888 3435 τὰ
946 3386 1171 3455 μεριστὰ
1234 3388 1324 3435 καὶ
1386 3387 1597 3454 συνέχει
1661 3388 1751 3434 καὶ
1816 3382 1977 3456 ὁρίζει
2041 3385 2135 3442 τὰς
2217 3378 2477 3454 προόδους
2544 3382 2713 3433 αὐτῶν
2777 3387 2862 3434 καὶ
2918 3385 3163 3457 παράγει,
3233 3390 3321 3436 καὶ
3396 3384 3735 3459 περιλαμϐάνει
3785 3398 3902 3432 mf:-

662 3472 842 3544 χὸθεν,
866 3471 948 3528 ita
984 3472 1164 3528 etiam
1190 3487 1392 3527 rerum
1416 3470 1781 3527 naturalium
1802 3487 2013 3527 omnes
2044 3474 2240 3542 partes
2261 3477 2476 3526 natura
2498 3472 2643 3539 unit,
2662 3472 2921 3527 continet
2942 3477 2999 3527 et
3031 3473 3323 3529 terminat.
3390 3476 3457 3530 Et
3488 3480 3549 3530 ut
3577 3472 3789 3529 circulus
3810 3467 3902 3519 miu-

660 3552 848 3630 γωιίαν
878 3559 1139 3629 ﬁguram
1158 3559 1587 3630 complectitur,
1608 3560 1692 3616 ita
1718 3560 1897 3617 etiam
1917 3564 2135 3615 natura
2162 3576 2363 3616 rerum
2389 3559 2755 3616 naturalium
2777 3560 3218 3616 multitudinem
3236 3566 3293 3618 et
3343 3562 3683 3619 varietatem
3712 3558 3900 3617 continet.

1845 3719 2267 3812 SECUNDI
2325 3719 2840 3814 SERMUNIS.

731 3902 796 3959 In
823 3900 1089 3961 secundo
1104 3917 1377 3960 sermone
1398 3897 1472 3958 de
1484 3900 1916 3957 elementorum
1934 3898 2358 3954 communione
2381 3898 2521 3967 agit,
2545 3913 2729 3970 quam
2741 3897 2987 3971 quidem
3020 3901 3517 3957 communionem
3529 3917 3627 3957 seu
3654 3903 3796 3951 ἕνωσιν
3809 3891 3894 3963 eiusr

658 3993 827 4050 modi
852 4010 980 4050 esse
1008 3994 1204 4058 docet,
1226 3997 1291 4049 ut
1320 3993 1392 4049 sit
1412 3991 1500 4050 ὅλη
1525 3999 1634 4053 τοῖς
1654 3990 1785 4051 ὅλοις
1812 3985 1886 4041 δι’
1907 3988 2032 4041 ὅλων
2063 3993 2151 4040 καὶ
2174 3987 2254 4039 οὐκ

2297 3986 2345 4038 ἐν
2370 3991 2511 4059 μέσῳ
2539 3996 2707 4039 τινῶν.
2741 3987 3010 4043 Ostendit
3030 3988 3209 4044 etiam
3236 3991 3550 4061 quomodo
3571 3986 3834 4045 secundum
3847 3993 3893 4032 ra-

657 4083 847 4140 tiOnes
874 4083 1259 4140 harmonicas
1294 4081 1590 4138 elementa
1634 4078 2083 4136 communicent
2118 4079 2268 4133 inter
2296 4092 2379 4142 se,
2410 4091 2626 4148 nempe
2660 4076 2987 4131 secundum
3028 4077 3300 4149 dulplam
3324 4079 3631 4148 rationem,
3661 4067 3893 4144 sesquialtf“

655 4188 787 4228 ram
822 4177 879 4228 et
903 4172 1352 4246 sesquitertiam.
1381 4170 1601 4227 Deinde
1624 4167 1836 4225 transit
1868 4166 1943 4222 ad
1983 4165 2467 4238 temperationes,
2500 4164 2929 4237 mistionesque
2963 4163 3201 4221 illarum
3240 4182 3445 4223 rerum
3493 4183 3621 4240 quae
3647 4181 3707 4220 ex
3728 4164 3893 4246 φιδίυοῖ

655 4258 961 4315 elementis
979 4244 1272 4316 constant.
1305 4264 1384 4315 Ac
1405 4259 1668 4331 primum
1693 4257 1814 4327 agit
1843 4256 1917 4311 de
1948 4254 2467 4327 temperationibus
2488 4270 2619 4325 quae
2650 4258 2971 4309 cernuntur
2995 4255 3054 4309 in
3084 4255 3455 4321 inanimatis,
3489 4256 3623 4312 utin
3663 4244 3891 4309 metalli“?l

653 4346 717 4402 in
742 4346 1068 4419 lapidibus.
1103 4346 1324 4402 Deinde
1354 4346 1567 4403 transit
1602 4346 1682 4402 ad
1707 4343 2165 4416 temperationes
2189 4342 2425 4398 illarum
2447 4358 2647 4398 rerum
2669 4358 2803 4415 quae
2829 4343 3047 4415 partim
3073 4345 3355 4400 animatae
3394 4345 3607 4418 partim
3654 4336 3889 4425 inanimali?

655 4418 952 4500 videntur,
985 4434 1328 4508 cujusmodi
1358 4439 1499 4491 sunt
1528 4434 1767 4508 plantae.
1798 4433 1988 4489 Tertio
2040 4432 2120 4487 ad
2184 4432 2665 4504 temperationes,
2730 4447 2868 4504 quae
2898 4432 2961 4487 in
2990 4432 3357 4489 animalibus
3387 4438 3705 4500 cernuntur,
3729 4418 3886 4482 accedit
3932 4468 3933 4481 χ

685 1120 3920 1161 M

1857 4594 2197 4683 ΤΕΒΤΙΙ
2256 4592 2783 4684 SEBMONIS.

717 4776 859 4832 Cum
886 4776 1072 4833 homo
1098 4776 1171 4833 sit
1199 4774 1762 4850 praestantissimum
1791 4771 1936 4828 illud
1957 4771 2201 4837 animal,
2234 4772 2297 4827 in
2327 4771 2494 4844 quod
2532 4786 2743 4827 omnes
2773 4770 3209 4828 communionis
3246 4773 3466 4831 modos
3492 4775 3690 4828 natura
3705 4754 3882 4850 contulit

648 4881 844 4939 operm
861 4867 1119 4938 pretium
1134 4848 1328 4922 fuitde
1343 4862 1875 4937 temperationibus
1887 4862 2198 4919 hominum
2230 4878 2427 4929 agere.
2458 4865 2575 4917 Has
2598 4862 2774 4931 igitur
2800 4861 2914 4917 hoc
2926 4861 2985 4916 in
3007 4860 3161 4917 libro
3179 4862 3615 4919 accuratissime
3631 4848 3879 4939 peritum}:

645 4932 800 5025 quas
823 4932 1153 5026 nonaginta
1173 4956 1325 5012 duas
1342 4932 1714 5014 esse—asserit,
1740 4957 1949 5024 praeter
1969 4952 2303 5023 simplicem
2328 4951 2563 5007 etillam
2581 4966 2717 5022 quae
2767 4950 3023 5022 simplici
3069 4951 3410 5022 respondet.
3439 4950 3694 5011 Galenus,
3713 4940 3790 4997 lib.
3806 4951 3819 4989 ι
3834 4932 3879 4984 Di

649 5047 893 5111 temper.
921 5045 1220 5117 sapienter
1246 5046 1467 5113 monet,
1500 5059 1536 5099 a
1574 5042 1726 5098 bene
1748 5045 2075 5113 temperata
2095 5040 2513 5097 constitutione
2537 5039 2945 5111 incipiendum
2969 5054 3127 5109 esse,
3164 5039 3281 5095 nisi
3305 5040 3443 5113 quis
3461 5038 3592 5094 velit
3615 5036 3669 5090 in
3706 5030 3875 5117 οιτρτω

638 5129 868 5188 induci.
885 5114 1027 5189 Nam
1044 5134 1243 5188 sicum
1264 5132 1415 5188 bene
1432 5135 1761 5204 temperata
1780 5130 1927 5185 alias
1945 5129 2404 5200 temperationes
2450 5128 2913 5200 comparaveris,
2937 5127 3102 5184 nullo
3125 5129 3365 5198 negotio
3376 5126 3541 5201 quod
3558 5126 3613 5181 in
3641 5114 3876 5205 quam?

643 5200 1650 5294 cedat,deﬁciatve,reperies.Qnare
1676 5219 1871 5291 primo
1897 5216 1972 5273 de
1997 5217 2109 5272 illis
2136 5233 2272 5289 quas
2298 5221 2362 5273 ut
2391 5217 2735 5289 simpliciter
2763 5221 3105 5289 temperatas
3136 5223 3239 5273 aut
3266 5200 3656 5288 intemperatb
3676 5200 3873 5294 οοιξείξωξ

646 5284 836 5365 tiones
857 5284 1330 5377 considerantur,
1344 5284 1803 5366 dicendum-est.
1827 5305 2086 5377 Simplex
2118 5284 2206 5362 est
2228 5305 2488 5378 illa,qusa
2508 5284 2705 5378 neque
2732 5284 3126 5362 intensionem
3140 5321 3337 5378 neque
3350 5284 3872 5387 remissionemllai’f“
3902 5344 3909 5387 λ

642 5396 748 5453 sed
762 5398 1067 5469 mquatiter
1086 5399 1381 5455 habetilla
1391 5403 1619 5468 septem
1634 5400 1681 5451 Α
1704 5398 1741 5450 Β
1773 5396 1834 5463 C,
1849 5400 2133 5467 praeterea
2146 5397 2185 5450 E
2210 5397 2249 5451 F
2265 5398 2307 5452 G
2339 5377 2408 5448 Η.
2430 5395 2545 5451 Sed
2562 5377 2853 5465 quoniam
2872 5394 3173 5465 ejusmodi
3201 5377 3543 5451 constitutio
3566 5377 3871 5469 perfectis“:

642 5454 897 5559 aequalis
922 5454 1025 5544 vis
1038 5454 1589 5560 reperitur,idcirco
1604 5483 1705 5539 illa
1715 5454 2075 5553 constitutio,
2094 5498 2230 5556 qua;
2260 5482 2339 5541 ad
2364 5484 2521 5540 hanc
2540 5454 2972 5555 perfectissime
3001 5482 3298 5555 aequalem
3318 5454 3586 5555 proxime
3604 5454 3870 5560 αοοθάθξιῆῧξ

638 5573 701 5630 in
715 5550 935 5645 primis
952 5550 1252 5648 optabilis.
1280 5550 1379 5629 Ille
1397 5569 1937 5643 temperatissimus
1956 5550 2143 5628 homo
2162 5575 2273 5639 est,
2295 5572 2489 5645 inquit
2508 5550 2786 5641 Calenus,
2803 5572 2908 5643 qui
2935 5550 3204 5644 corporis
3220 5550 3430 5629 habitu
3452 5566 3664 5627 medius
3697 5560 3766 5614 est
3782 5550 3869 5648 ίυίξτ

641 5643 1055 5737 gracilitatem,
1086 5662 1563 5729 crassitudinem,
1583 5658 1882 5732 duritiem,
1905 5659 2237 5729 mollitiem,
2270 5643 2534 5734 itemque
2550 5659 2813 5717 calorem
2840 5664 2898 5717 et
2923 5643 3132 5731 frigus.
3155 5660 3319 5717 Idem
3362 5660 3558 5717 animo
3582 5655 3776 5725 quoque
3795 5643 3869 5690 ω’
