4042 6214
110 284 261 343 i203
730 286 1080 343 THEODORI
1105 290 1153 343 II
1185 288 1323 344 IMP.
1359 289 1448 343 DE
1472 280 1931 344 COMMUNIONE
1969 288 2343 349 NATURALI.
2374 324 2447 334 —-
2475 292 2870 350 PREFATIO.
3363 299 3501 355 1266

101 412 253 468 dius
281 416 371 469 est
408 412 560 468 inter
585 412 905 469 audaciam
932 416 986 469 et
1014 413 1310 480 timorem,
1339 413 1491 467 inter
1520 412 1993 469 misericordiam
2021 420 2077 469 et
2108 415 2418 473 invidiam.
2462 421 2558 474 Est
2599 418 2779 474 etiam
2810 417 3027 486 alacer,
3060 418 3344 492 φιλόφιλος,
3385 422 3496 478 hu-

99 518 338 558 manus
359 507 416 558 et
445 502 727 574 prudens,
761 506 816 557 et
844 502 1133 574 quoniam
1159 503 1526 575 comparatio
1548 501 1609 557 in
1624 502 1717 558 his
1734 503 2262 577 conjugationibus
2280 505 2481 585 locum
2504 508 3139 581 habet,circumspecte
3160 510 3491 569 videndum

100 596 219 664 est,
257 592 409 666 quid
433 608 572 647 cum
608 607 731 663 quo
770 586 1175 648 conferamus.

1320 825 1690 923 QUARTI
1750 826 2277 920 SERMONIS.

103 1055 416 1122 Quoniam
437 1056 723 1119 ἐπιτάσεως
745 1061 835 1109 καὶ
870 1054 1084 1117 ἀνέσεως
1119 1055 1209 1111 vis
1260 1071 1662 1128 permagnum

1878 1044 2121 1114 :iusum
2158 1059 2221 1114 in
2264 1060 2819 1131 conjugationibus,
2872 1062 2958 1118 uti
3003 1078 3186 1134 supra
3223 1063 3474 1121 demon-

100 1150 371 1200 stratum
392 1148 495 1216 est,
520 1147 581 1199 in
606 1145 717 1200 hoc
737 1150 948 1216 quarto
975 1160 1252 1201 sermone
1273 1145 1696 1211 accuratissim

1876 1146 1993 1203 ibat
2029 1147 2262 1200 ἐπίτασιν
2283 1153 2373 1201 καὶ
2425 1149 2620 1212 ἄνεσιν,
2677 1151 2792 1205 hoc
2821 1155 2913 1206 est
2976 1151 3376 1208 intensionem
3402 1170 3472 1211 ac

101 1234 532 1289 remissionem
554 1248 681 1289 esse
728 1241 819 1285 τοῦ
844 1241 1016 1300 ποιοῦ,
1060 1249 1184 1288 non
1214 1239 1416 1289 autem
1464 1234 1650 1295 οὐσίας
1669 1256 1697 1291 4

1892 1245 2079 1292 ποσοῦ.
2115 1235 2453 1310 Ἐπιδέχεται
2481 1236 2560 1307 δὲ,
2582 1239 2776 1311 inquit
2800 1240 3155 1313 Aristoteles,
3188 1245 3248 1293 τὸ
3279 1242 3468 1315 μᾶλλον

95 1327 187 1375 χοὶ
212 1326 274 1375 τὸ
304 1324 454 1381 ἧττον
475 1324 541 1374 τά
560 1342 672 1379 ποι.
699 1322 876 1374 λευκὸν
904 1325 1005 1394 γάρ
1034 1322 1220 1394 μᾶλλον
1246 1327 1335 1375 καί
1364 1323 1517 1381 ἧττον
1562 1325 1691 1397 ἔτερα

1877 1346 1936 1378 ου
1984 1326 2185 1398 λέγεται
2235 1370 2249 1393 ,
2305 1332 2413 1394 etc,
2466 1330 2529 1382 In
2579 1328 2693 1384 hoc
2746 1330 2927 1384 etiam
2969 1345 3244 1385 sermone
3295 1332 3467 1389 docet

92 1417 354 1484 propter
380 1411 729 1484 qualitatem
776 1427 868 1466 res
915 1411 1031 1466 dici
1070 1411 1289 1467 similes
1336 1418 1393 1468 et
1442 1414 1688 1469 disemilt

1870 1435 1995 1486 μοια
2043 1411 2101 1467 δὲ
2131 1436 2160 1474 η
2189 1414 2425 1488 ἀνόμοια,
2482 1416 2678 1489 inquit
2715 1417 3070 1489 Arsitoteles,
3132 1438 3267 1471 κατα
3304 1441 3466 1492 μονας

89 1503 197 1562 τάς
227 1504 514 1561 ποιότητας
548 1500 767 1572 λέγεται·
807 1501 981 1573 ὅμοιον
1019 1503 1120 1574 γὰρ
1149 1502 1315 1575 ἕτερον
1352 1501 1503 1576 ἑτέρῳ
1532 1504 1646 1554 κατ’
1687 1502 1779 1555 ἄλλ
1817 1501 1989 1573 οὐδὲν,
2023 1503 2130 1573 ἀλλ(
2185 1504 2216 1563 ἣ
2271 1505 2389 1557 καθ’
2414 1506 2587 1557 ὅποιὸν
2641 1506 2778 1562 ἐστι,
2816 1506 2929 1562 Sed
2966 1522 3260 1578 quorsum
3289 1508 3466 1565 haec?

89 1589 397 1645 Nimirum
418 1594 481 1645 ut
509 1589 772 1645 sciamus
801 1588 1202 1644 intensionem
1232 1605 1301 1644 ac
1330 1590 1763 1658 remissionem,
1805 1592 2256 1648 similitudinem
2286 1609 2359 1649 ac
2395 1592 2943 1653 dissimilitudinem
3006 1594 3229 1651 habere
3258 1596 3461 1654 locum

82 1679 154 1734 in
183 1678 550 1735 enumeratis
576 1677 1121 1750 conjugationibus,
1153 1692 1275 1734 non
1304 1679 1535 1736 ratione
1563 1679 1678 1732 οὖσί

1863 1681 2153 1741 (1ΐὰῑὶοω
2211 1690 2305 1737 τοῦ
2363 1689 2519 1737 ποιοῦ
2565 1690 2658 1745 τῆς
2685 1686 2985 1751 ποιότητος,
3055 1684 3223 1756 quod
3278 1686 3458 1743 etiam

90 1784 289 1841 supra
318 1767 691 1824 monuimus.

1318 1986 1655 2084 QUINTI
1713 1986 2234 2078 SERMONIS.

167 2240 235 2293 In
246 2237 457 2309 quinto
482 2251 754 2292 sermone
766 2234 1115 2306 gravissime
1131 2252 1200 2291 ac
1219 2236 1658 2308 sapientissime
1670 2235 1907 2292 disserit
1920 2235 1995 2293 de
2024 2237 2339 2293 hominum
2362 2235 3050 2293 communionibusinter
3069 2252 3151 2292 se.
3168 2239 3450 2296 Convenit

87 2326 351 2396 homini,
388 2325 584 2397 inquit
620 2324 896 2393 Galenus,
937 2329 1002 2380 ut
1041 2324 1113 2380 sit
1152 2325 1646 2397 sapientissimus.
1677 2325 1831 2381 Alibi
1868 2326 2043 2382 docet
2080 2326 2234 2382 bene
2271 2331 2329 2383 et
2364 2326 2672 2398 aequaliter
2705 2329 3105 2397 temperatum
3136 2342 3265 2384 esse
3299 2344 3449 2400 pru-

88 2414 338 2470 dentem
352 2457 365 2470 .
386 2412 533 2469 Cum
548 2417 751 2470 autem
763 2412 1087 2469 similitudo
1099 2415 1599 2485 temperationum
1621 2415 1950 2485 conjungat
1964 2419 2021 2470 et
2040 2414 2341 2470 consociet
2355 2414 2632 2469 homines
2651 2413 2801 2469 inter
2830 2430 2912 2485 se,
2934 2430 3058 2484 quo
3076 2417 3449 2487 praestantior

86 2502 272 2559 fuerit
296 2502 677 2559 consociatio.
703 2504 882 2558 Porro
909 2502 1006 2558 hic
1034 2518 1241 2557 rursus
1267 2502 1383 2558 duo
1399 2507 1538 2557 sunt
1550 2504 2037 2560 communicandi
2058 2504 2225 2560 modi
2246 2504 2421 2560 nobis
2441 2503 2752 2574 diligenter
2768 2504 3153 2560 observandi.
3181 2507 3344 2562 Unus
3360 2510 3449 2563 est

86 2594 233 2644 κατά
255 2596 349 2649 τὴν
382 2596 581 2664 σοφίαν,
610 2591 756 2648 alter
771 2596 862 2647 est
889 2594 1020 2644 κατά
1040 2596 1134 2650 τὴν
1164 2592 1430 2651 πολιτικὴν
1462 2597 1682 2665 φρόνησι

1851 2593 2094 2649 scrimen
2131 2594 2246 2649 hoc
2272 2592 2501 2649 elicitur
2529 2607 2603 2647 ex
2630 2592 2975 2649 discrimine
3000 2598 3186 2666 σοφὶας
3206 2600 3296 2648 καὶ
3328 2615 3447 2671 φρο-

84 2685 308 2747 νήσεως,
344 2680 508 2752 quod
526 2680 771 2753 quidem
810 2681 1132 2737 discrimen
1185 2697 1325 2737 cum
1363 2682 1566 2737 multis
1602 2682 1663 2738 in
1701 2682 1868 2748 locis,
1918 2686 2047 2737 tum
2075 2698 2136 2751 x,
2170 2684 2247 2737 De
2291 2681 2496 2748 moris,
2521 2680 2601 2737 ab
2652 2680 2958 2737 Aristotele
2981 2682 3323 2753 assignatur
3349 2684 3447 2739 his

80 2768 291 2825 verbis
324 2770 695 2830 εΣυνόζευκται
726 2766 787 2823 δὲ
823 2775 914 2823 καὶ
932 2772 1221 2843 ἡφρόνησις
1247 2778 1312 2843 τῇ
1338 2779 1431 2823 τοῦ
1458 2771 1616 2832 ἦθους
1636 2768 1790 2843 ἀρετῆ
1828 2814 1842 2840 ,
1873 2776 1965 2823 καὶ
2002 2770 2134 2829 αὕτη
2166 2778 2231 2843 τῇ
2263 2774 2531 2842 φρονήσει,
2558 2771 2699 2842 εἴπερ
2748 2772 2815 2823 αἱ·
2995 2778 3089 2832 τῆς
3149 2774 3445 2845 φρονήσεως

74 2858 253 2935 ἀρχαὶ
276 2857 413 2911 κατά
442 2858 537 2921 τὰς
561 2861 747 2921 ἠθικὰς
777 2859 907 2912 εἰσιν
930 2858 1138 2933 ἀρετὰς,
1171 2863 1230 2912 τὸ
1261 2856 1311 2912 δ’
1355 2860 1505 2933 ὀρθὸν
1533 2868 1636 2912 τῶν
1667 2862 1863 2919 ὴθῖκῶν
1884 2862 2020 2912 κατὰ
2048 2864 2141 2918 τὴν
2164 2863 2436 2931 φρόνησιν,
2467 2862 2816 2933 Συνηρτμέναι
2841 2855 2894 2911 δ’
2922 2855 3201 2922 αὗταιτοῖς
3229 2862 3443 2931 πάθεσι,

75 2952 171 3000 καὶ
206 2952 324 3022 περὶ
360 2951 419 3000 τὸ
452 2949 693 3001 σύνθετον
724 2950 786 3000 ἀν
817 2946 931 3015 εἶεν,
964 2950 1020 3001 αἱ
1049 2944 1109 3002 δε
1135 2955 1226 3002 τοῦ
1260 2948 1507 3001 συνθέτου
1539 2947 1718 3021 ἀρεταὶ
1749 2947 2097 3024 ἀνθρωπικαὶ,
2136 2952 2226 3000 καὶ
2252 2949 2278 3001 ὀ
2310 2946 2431 3020 βίος
2458 2944 2519 3000 δὲ
2544 2949 2570 3000 ὁ
2595 2946 2711 3000 κατ’
2742 2947 2901 3008 αὐτὰς
2925 2953 3014 3000 καὶ
3043 2950 3073 3007 ἡ
3107 2945 3438 3021 εὐδαιμονια,

77 3041 109 3095 ὴ
139 3032 201 3089 δὲ
223 3044 315 3089 τοῦ
343 3040 453 3093 Νοῦ
477 3040 862 3110 κεχωρισμένη.
892 3037 971 3092 De
1002 3036 1426 3094 communione
1450 3036 1655 3109 politia

1900 3037 2025 3097 rist.
2057 3037 2162 3095 lib.
2182 3052 2279 3093 vni
2318 3035 2610 3105 moribus,
2640 3051 2764 3109 quo
2784 3035 2845 3094 in
2881 3034 3016 3094 loco
3042 3038 3133 3096 τὰς
3168 3035 3444 3103 πολιτικὰς

73 3131 350 3188 κοινωνὶας
376 3126 494 3179 καθ’
522 3126 748 3185 ἑκαστην
776 3134 877 3179 τῶν
905 3125 1175 3179 πολιτειῶν
1205 3125 1509 3197 eleganter
1522 3118 1830 3183 'excendit.

1330 3358 1621 3451 SEXTI
1690 3357 2209 3451 SERMONIS.

148 3590 215 3647 In
242 3594 403 3648 sexto
430 3596 740 3664 comparat
768 3592 1077 3649 scientiam
1097 3608 1237 3648 cum
1266 3596 1413 3658 arte,
1448 3596 1507 3648 et
1532 3597 1814 3648 naturam
1842 3607 1981 3647 cum
1998 3590 2449 3663 temperatione,
2483 3590 2779 3663 docetque
2802 3594 2993 3648 artem
3016 3591 3097 3649 ad
3122 3591 3432 3652 scientiam

65 3679 324 3753 perinde
363 3696 425 3736 se
444 3680 668 3738 habere
683 3685 862 3754 atque
887 3682 1381 3754 temperationem
1403 3681 1481 3738 ad
1493 3687 1791 3737 naturam.
1806 3682 2092 3736 Praeterea
2113 3680 2316 3734 monet
2334 3682 2616 3735 naturam
2636 3681 2695 3735 et
2712 3679 3024 3736 scientiam
3035 3695 3166 3736 esse
3174 3680 3435 3753 conjun-

61 3768 321 3839 gendas,
346 3774 409 3826 ut
436 3769 680 3827 scientia
698 3774 976 3827 naturam
999 3770 1176 3843 quasi
1191 3770 1488 3826 informet.
1506 3770 1767 3842 Denique
1780 3767 2083 3824 constituit
2100 3766 2246 3829 τὰξιν
2270 3766 2625 3839 quamdam,
2638 3783 2712 3823 ex
2726 3782 2848 3839 qua
2858 3768 3189 3840 poterimus
3210 3784 3436 3840 cogno-

60 3872 235 3913 scere
255 3856 398 3913 illud
436 3858 603 3929 quod
620 3862 710 3915 est
739 3858 931 3931 magis
952 3864 1055 3915 aut
1087 3860 1284 3914 minus
1308 3863 1635 3930 τειαγμένον,
1666 3859 1781 3913 hoc
1812 3861 1915 3927 est,
1932 3857 2242 3926 magisaut
2258 3855 2457 3911 minus
2489 3855 2825 3911 secundum
2844 3859 3125 3913 naturam
3154 3864 3213 3913 et
3242 3859 3430 3915 scien-

60 3946 426 4011 tiam.Quod
462 3946 813 4020 utperﬁciat,
846 3948 1027 4004 utitur
1072 3946 1511 4002 mathematicis
1542 3947 1873 4015 ﬁgurarum
1885 3942 2460 4017 comparationibus,
2477 3944 2771 4016 docetque
2789 3943 3049 4013 ﬁguram
3065 3945 3426 4016 sphairicam

62 4050 208 4091 esse
230 4050 413 4106 supra
433 4035 584 4091 alias
600 4051 811 4092 omnes
834 4040 1148 4108 τεταγμένην
1164 4034 1381 4091 deinde
1392 4035 1753 4107 quadratam
1773 4033 2054 4104 ﬁguram,
2072 4038 2375 4105 postremo
2387 4032 2757 4101 triangulum
2792 4031 3225 4105 aequilaterum.
3249 4034 3425 4098 Quod

63 4125 231 4192 igtur
256 4122 314 4177 in
334 4124 774 4180 mathematicis
787 4124 1019 4195 ﬁguris,
1039 4125 1329 4197 sphaerica
1355 4124 1573 4194 ﬁgura,
1586 4123 1648 4179 id
1659 4123 1816 4179 estin
1832 4122 2013 4178 rebus
2022 4120 2306 4177 humanis
2320 4120 2628 4193 sapientiae
2645 4116 3043 4192 etprudentiaa
3055 4126 3195 4175 cum
3210 4122 3443 4177 natura

65 4210 209 4280 conj
218 4211 436 4280 unctio,
448 4212 680 4284 etquod
694 4214 749 4268 in
765 4213 877 4268 illis
889 4218 946 4269 et
962 4213 1257 4285 quadrata
1268 4212 1485 4284 ﬁgura,
1499 4214 1559 4268 in
1571 4213 1661 4269 his
1675 4217 1763 4268 est
1792 4212 2050 4268 scientiae
2073 4227 2212 4267 cum
2231 4214 2448 4266 natura
2475 4209 2611 4281 conj
2619 4209 3162 4266 unctio.Postremo
3174 4208 3349 4281 quod
3359 4210 3425 4266 in

64 4300 188 4355 illis
220 4300 629 4372 mquilaterum
667 4303 1050 4373 triangulum,
1082 4304 1176 4358 his
1206 4309 1296 4359 est
1316 4303 1457 4359 artis
1485 4319 1623 4359 cum
1644 4299 2177 4373 temperationibus
2197 4298 2573 4354 naturalibus
2595 4296 2958 4369 conjunctio.
2982 4300 3065 4353 De
3079 4298 3428 4371 praestantia

67 4388 381 4460 sphaericae
410 4389 618 4459 ﬁgurae
652 4391 781 4447 haec
819 4391 1174 4459 Aristoteles,
1205 4398 1330 4463 Περὶ
1358 4393 1577 4467 οὐρανοῦ
1609 4391 1657 4464 β’

1828 4411 1884 4442 αν
1915 4384 1983 4448 δὴ
2014 4396 2205 4461 σχῆμα
2244 4384 2487 4441 ἐπίπεδον
2517 4389 2547 4446 ἦ
2581 4387 2949 4461 εὐθύγραμμὸν
2980 4386 3117 4440 ἐστιν
3147 4390 3180 4446 ἦ
3214 4406 3424 4462 περιφε-

64 4480 398 4549 ρόγραμμον,
429 4482 516 4529 καὶ
542 4481 600 4529 τὸ
630 4481 719 4551 μὲν
749 4478 1113 4553 εὐθύγραμμον
1148 4481 1247 4532 ὑπὸ
1272 4479 1513 4531 πλειόνων
1544 4484 1837 4553 περιέχεται
1854 4488 2125 4552 γραμμῶν,
2160 4482 2217 4531 τὸ
2257 4475 2316 4530 δὲ
2353 4481 2836 4552 περιφερόγραμμον
2883 4478 2983 4529 ὑπὸ
3013 4483 3155 4549 μιᾶς.
3189 4476 3332 4530 Ἐπεὶ
3364 4474 3425 4530 δέ

66 4569 316 4638 πρότερον
334 4573 397 4624 τῆ
425 4568 644 4636 φύσειέν
675 4567 876 4638 ἑκάστῳ
901 4572 1034 4638 γένει
1062 4573 1120 4620 τὸ
1160 4568 1208 4621 ἐν
1239 4576 1337 4620 τῶν
1367 4566 1564 4620 πολλῶν
1610 4573 1700 4620 καὶ
1725 4588 1784 4620 το
1822 4568 2014 4620 ἁπλουν
2059 4574 2151 4621 τοῦ
2206 4569 2472 4637 συνθέτου,
2528 4574 2733 4641 πρῶτον
2774 4564 2835 4618 ἃν
2889 4568 2967 4625 εἴη
3020 4573 3122 4619 τῶν
3159 4562 3421 4619 ἐπιπέδων

67 4655 367 4724 σχημάτων
415 4656 441 4706 ὁ
497 4654 700 4722 κύκλος,
749 4660 864 4711 etc.
914 4656 1080 4721 Quod
1127 4657 1176 4710 si
1228 4657 1362 4728 quis
1418 4656 1663 4712 auctoris

1828 4657 1929 4713 stri
1984 4657 2211 4714 factum
2262 4657 2419 4714 ausit
2475 4655 2911 4729 reprehendere
2975 4655 3143 4727 quod
3192 4654 3424 4711 mathe-

66 4742 295 4799 matica
321 4742 590 4815 physicis
622 4743 973 4806 admisceat.
1004 4744 1390 4817 respondebit
1416 4744 1656 4799 Proclus

1827 4750 1883 4807 κὸς
1950 4743 2009 4798 δὴ
2032 4750 2126 4803 τὴν
2179 4751 2403 4818 φυσικὴν
2434 4748 2647 4818 θεωρίαν
2699 4748 2765 4798 τὰ
2793 4749 3017 4817 μέγιστα
3073 4742 3423 4815 συμϐάλλεται

63 4832 434 4904 μαθηματικὴ,
510 4837 605 4890 τήν
633 4852 688 4886 τε
747 4842 845 4886 τῶν
907 4833 1071 4905 λογων
1136 4833 1372 4896 εὐταξίαν
1436 4832 1794 4905 ἀναφαίνουσα
1865 4835 1983 4886 καθ’
2050 4834 2111 4892 ἣν
2186 4831 2645 4909 δεδημιούργηται
2681 4836 2740 4886 τὸ
2800 4839 2923 4902 πᾶν,
2983 4836 3073 4884 καὶ
3143 4830 3418 4900 ἀναλογίαν

66 4921 169 4977 τὴν
220 4922 389 4975 πάντα
446 4925 513 4974 τὰ
556 4920 604 4973 ἐν
659 4930 732 4994 τῷ
777 4928 953 4994 κόσμφ
1012 4919 1370 4987 συνδήσασαν,
1422 4924 1487 4982 ὦς
1530 4926 1632 4976 πού
1680 4942 1838 4995 φησιν
1889 4929 2131 4994 Τιμαίος,
2205 4928 2296 4975 καὶ
2370 4923 2493 4995 φίλα
2572 4925 2639 4974 τά
2728 4924 3008 4994 μαχόμενα
3082 4924 3174 4973 καὶ
3243 4934 3419 4993 προσ-

62 5012 243 5081 ἡγορα
283 5014 373 5062 καὶ
430 5012 682 5083 συμπαθῆ
732 5015 796 5064 τὰ
848 5009 1110 5065 διεστῶτα
1167 5016 1442 5069 ποιήσασα
1506 5016 1596 5064 καὶ
1631 5015 1697 5065 τὰ
1752 5012 1891 5065 ἁπλᾶ
1931 5016 2021 5063 καὶ
2076 5014 2391 5084 πρωτουργὰ
2443 5013 2690 5082 στοιχεῖα
2731 5014 2820 5062 καὶ
2866 5011 3034 5067 πάντη
3086 5016 3149 5081 τῇ
3209 5026 3417 5081 συμμετ-

59 5102 191 5172 τρίᾳ
219 5103 306 5150 καὶ
333 5108 394 5159 τῆ
421 5100 625 5158 ἰσότητι
655 5104 978 5174 συνεχόμενοι
1008 5097 1247 5163 δείξασα.
1290 5102 1433 5166 Quae
1464 5116 1643 5172 porro

1822 5106 2051 5156 xtremo
2085 5098 2239 5155 libro
2286 5099 2566 5155 dicuntur
2614 5102 2735 5174 περὶ
2769 5104 2867 5151 τοῦ
2902 5103 3255 5170 τριγωνισμοῦ
3301 5096 3418 5154 cir-

62 5186 207 5256 culi,
234 5202 352 5244 non
372 5203 622 5259 possum
641 5190 883 5259 adduci,
914 5194 979 5246 ut
1006 5190 1248 5245 credam
1264 5189 1363 5245 illa
1385 5204 1521 5245 esse
1539 5191 1728 5245 nostri
1747 5190 2024 5255 auctoris,
2048 5204 2186 5244 cum
2216 5187 2359 5261 quia
2386 5192 2526 5244 sunt
2554 5193 2767 5259 praeter
2789 5187 3121 5244 institutam
3153 5186 3421 5259 disputa.-

61 5278 288 5332 tionem
316 5277 543 5343 addita,
575 5284 704 5334 tum
733 5280 915 5335 etiam
943 5279 1088 5350 quia
1134 5285 1270 5335 sunt
1326 5278 1598 5349 puerilia.
1653 5282 1657 5335 ζ

1864 5278 2050 5335 verba
2091 5279 2240 5347 haec,
2264 5280 2331 5330 τὰ
2374 5284 2500 5349 γοῦν
2554 5296 2638 5343 ατ,
2678 5296 2767 5347 τη,
2800 5275 2886 5342 ηϐ,
2929 5274 3025 5346 ϐω,
3054 5295 3151 5349 οχ,
3183 5296 3283 5349 χοι,
3312 5280 3415 5348 τμή

58 5384 205 5437 ματα
228 5366 291 5417 τὰ
314 5363 370 5417 ix
392 5373 480 5426 τῆς
508 5366 700 5419 κύκλου
735 5372 1002 5441 περιφείας
1022 5374 1112 5420 καὶ
1169 5376 1267 5420 τῶν
1326 5372 1588 5441 τριγώνων
1648 5367 1876 5441 πλευρων
1933 5373 2193 5441 γινόμενα,
2257 5370 2493 5420 ἔστωσαν
2524 5367 2618 5420 ἷσα
2670 5374 2778 5428 τοῖς
2804 5363 2934 5420 δυσὶ
2993 5372 3269 5439 τριγώνοις
3294 5362 3417 5424 ηδ’

58 5452 199 5526 χωγ’
220 5453 361 5525 quid
392 5454 559 5510 aliud
575 5455 820 5519 habent,
852 5473 1040 5527 quam
1073 5455 1387 5527 αἱτημαλίαν
1416 5456 1616 5521 εὔηθες,
1642 5473 1654 5510 I

1825 5458 1982 5514 uitur
2005 5457 2341 5515 Aristoteles
2358 5455 2386 5512 ‘I
2407 5455 2657 5513 Additur
2673 5456 2888 5513 deinde
2902 5456 3053 5513 ratio
3082 5471 3218 5527 quae
3245 5455 3416 5525 igne,-

62 5560 98 5597 V
108 5541 415 5612 umtingeni
426 5560 525 5600 um
538 5544 752 5616 arguit,
768 5540 1030 5618 δηλοῖγὰρ
1043 5545 1167 5596 αὐτὸ
1182 5550 1270 5596 καὶ
1293 5546 1323 5602 ἠ
1340 5546 1658 5612 αῖσθησιςβτ

1820 5547 2286 5604 emonstratione
2306 5561 2463 5619 opus
2488 5544 2681 5601 fuerit.
2698 5545 3103 5611 Quamobrem
3113 5542 3292 5601 credo
3304 5554 3416 5613 ego

57 5631 412 5689 additaesse
435 5632 537 5689 illa
557 5634 868 5691 aGraeculo
877 5634 1178 5707 quodam;
1200 5633 1368 5706 quod
1378 5634 1558 5691 etiam
1581 5633 1834 5704 quilibet
1860 5650 1934 5691 ex
1945 5639 2253 5693 contextus
2265 5636 2415 5692 serie
2445 5633 2611 5692 nullo
2622 5634 2864 5704 negotio
2884 5632 3411 5702 conjicerepotest,
