4042 6214
615 261 753 318 1267

2104 251 2461 312 ΑΠΠΕΝΠΑ.
3777 268 3871 327 ηδε

1311 545 2154 666 ΘΕΟΔΩΡΟΥ
2229 549 2508 665 ΤΟΥ
2583 540 3265 666 ΛΑΣΚΑΡΙ

1211 792 1342 843 ΤΟΥ
1396 791 1549 843 ΥΙΟΥ
1599 790 1919 840 MEI‘AAOT
1974 789 2295 840 ΒΔΣΙΛΕΩΣ
2355 791 2569 842 ΚΥΡΟΥ
2622 791 2927 843 ΙΩΛΝΝΟΥ
2979 794 3110 842 ΤΟΥ
3163 789 3389 847 ΔΟΥΚΑ

1308 977 1617 1097 ΤΗΣ
1683 977 2346 1093 ΦΥΣΙΚΗΣ
2413 975 3279 1099 ΚΟΙΝΩΝΙΑΣ

1844 1219 2235 1314 ΛΟΓΟΣ
2276 1220 2762 1313 ΠΡΩΤΟΣ.

2267 1465 2356 1484 —

1530 1643 2294 1768 THEODOBI
2388 1646 3082 1772 LASCARIS

1374 1918 1535 1974 FlLII
1594 1917 1807 1975 SUMMI
1865 1916 2328 1978 IMPERATORIS
2387 1917 2630 1976 DOMINI
2685 1917 2974 1977 JOANNIS
3031 1916 3239 1976 DUCE

1283 2109 1470 2231 DE
1546 2105 2298 2224 NATURALI
2376 2113 3314 2228 COMMUNIONE

1857 2349 2222 2445 SERMO
2281 2356 2706 2445 PRIMUS

697 2762 750 2818 α’
788 2761 874 2816 Ἐκ
939 2757 1134 2813 πολλῶν
1173 2757 1262 2830 μὶν
1308 2755 1628 2830 πραγμάτων
1675 2758 1764 2809 καὶ
1831 2754 1993 2817 ἄλλως
2074 2756 2278 2827 γνόντες

629 2853 965 2926 οἰᾶνθρωποι
1004 2848 1080 2902 ὃτι
1118 2851 1176 2901 τό
1200 2849 1349 2919 φύσει
1389 2854 1618 2922 κρεῖττον
1679 2853 1770 2899 τοῦ
1830 2847 1986 2911 θεσει,
2035 2845 2279 2917 ὑπερέχει

625 2962 682 2997 τε
706 2946 795 2995 καὶ
830 2947 920 2994 τοῦ
957 2940 1124 3011 τύχη,
1184 2942 1272 2991 καὶ
1304 2935 1356 3000 ἐξ
1410 2936 1577 2989 αὐτῶν
1644 2933 1710 2995 δὴ
1777 2943 1967 2994 νοῆσαι
2006 2931 2274 3006 δύνανται,

625 3032 694 3085 ὧν
733 3029 1004 3101 ἐπείγομαι
1099 3026 1238 3090 λὶξαι
1331 3033 1438 3092 νῦν,
1499 3029 1587 3078 καὶ
1643 3025 1735 3078 οὐκ
1791 3026 1851 3077 ἄν
1918 3023 2083 3086 ἄλλως
2139 3026 2278 3096 ἔχειν

627 3124 744 3180 sirm
785 3138 862 3181 τις
889 3115 1028 3171 τοῦτ’
1102 3115 1226 3169 αὐτό
1270 3119 1300 3176 ἦ
1343 3117 1412 3177 ὡς
1470 3111 1498 3173 ἧ
1593 3118 1788 3188 φυσικὴ
1856 3112 2136 3167 ἀκολουθία
2191 3118 2279 3166 καὶ

626 3209 826 3270 ἀληθὴς
891 3209 1224 3280 παραστήσει
1331 3208 1552 3278 τήμερον
1621 3199 1690 3256 δι’
1757 3202 1899 3274 ἐμοῦ·
1967 3202 2124 3256 Ἔστι
2189 3205 2279 3274 μὲν

627 3307 714 3353 οῦν
744 3300 897 3371 φύσις
935 3299 1024 3348 καὶ
1061 3298 1266 3356 κίνησις
1320 3292 1366 3345 ἓν
1408 3301 1470 3352 τῆ
1533 3294 1702 3364 φύσει,
1759 3294 2004 3352 ὡσαύτως
2061 3289 2110 3344 δ’
2169 3294 2280 3344 ἔστι

626 3391 716 3443 καὶ
744 3386 1017 3460 μερισμὸςο
1053 3386 1178 3457 πρὸς
1229 3384 1328 3455 γὰρ
1396 3379 1760 3455 Ἀριστοτελην
1824 3385 1908 3433 καὶ
1971 3383 2279 3453 Πυθαγόραν

625 3479 713 3530 καὶ
781 3475 1086 3550 Ἑρμογένην
1173 3476 1262 3523 καὶ
1338 3469 1573 3542 Ὅμηρον
1631 3476 1811 3530 κοινῶς
1879 3471 1908 3527 ἠ
2001 3466 2276 3542 διαίρεσις,

627 3565 799 3638 ὥσπερ
831 3567 921 3615 καὶ
958 3563 1013 3614 αἱ
1053 3563 1272 3632 στιγμαὶ
1345 3567 1650 3633 μετροῦνται
1722 3566 1967 3631 στιγμαῖς
2025 3564 2114 3611 καὶ
2176 3566 2281 3620 τοῖς

628 3651 872 3725 ἀριθμοῖς
939 3648 1169 3720 ἀριθμοί.
1239 3653 1311 3719 Τῇ
1400 3649 1489 3719 μεν
1553 3650 1651 3722 γάρ
1714 3653 1917 3705 κινήσει
1980 3647 2081 3700 εἰσὶ
2149 3652 2276 3721 μέρη

628 3746 882 3800 κινήσεως
911 3742 1000 3791 καὶ
1036 3744 1137 3798 τοῖς
1175 3740 1355 3810 μέρεσι
1414 3733 1662 3811 διαφορά,
1698 3742 1786 3789 καὶ
1825 3737 1883 3789 οὐ
1944 3739 2087 3799 θέσις
2144 3735 2280 3790 ἐστὶν

630 3831 797 3884 αὐτῶν
826 3831 856 3889 ἠ
887 3828 1116 3896 ὄντότης,
1157 3825 1284 3879 ἀλλὰ
1311 3830 1524 3888 ποιότης
1580 3829 1608 3886 ἠ
1670 3830 1804 3881 κατά
1853 3830 2028 3898 φύσιν,
2108 3826 2279 3902 ὥσπερ

631 3916 756 3975 οὐδὲ
780 3928 841 3992 τῇ
874 3921 1025 3992 φύσει
1064 3919 1096 3976 ἡ
1137 3920 1361 3983 κίνησις,
1433 3915 1558 3969 ἀλλὰ
1621 3919 1676 3970 τὸ
1753 3914 1881 3968 εἶναι
1949 3915 2124 3990 ἀρχὴν
2191 3919 2280 3988 μὲν

626 4014 902 4079 κινήσεως,
944 4009 1206 4080 περιεχειν
1273 4002 1332 4061 δε
1397 4010 1484 4058 καὶ
1551 4006 1736 4081 ἄρχειν
1795 4009 1882 4057 καὶ
1946 4005 2111 4069 αὐτῆς
2152 4008 2279 4062 στά-

630 4115 776 4161 σεως·
810 4101 898 4151 καὶ
939 4096 1212 4170 φύσιςμεν
1251 4091 1337 4148 οὖν
1394 4101 1525 4148 κινεῖ
1585 4097 1754 4148 πάντα
1821 4096 1887 4148 τὰ
1952 4094 2124 4158 ἁπλῶς
2190 4099 2279 4148 καὶ

626 4189 946 4254 καθέκαστα,
989 4181 1222 4246 ἰδιότησι
1265 4184 1397 4257 [καὶ]
1436 4193 1675 4258 μερισμῷ
1718 4185 2062 4237 συνάπτουσα
2129 4186 2278 4238 θάτε-

627 4273 851 4349 ρα,οἶον
882 4277 941 4328 ἄν
983 4273 1117 4347 ληφῇ
1178 4273 1290 4346 κατ’
1345 4271 1585 4332 ἰδιότητα
1646 4282 1879 4346 φυσικῶς
1929 4276 2086 4348 μερη,
2139 4275 2204 4335 ὡς
2231 4273 2279 4328 ἐν

624 4372 697 4436 τῷ
721 4368 850 4437 πυρὶ
907 4365 966 4418 τὸ
1032 4365 1313 4418 κανστικόν
1374 4368 1463 4417 καὶ
1526 4365 1862 4437 summa,
1926 4367 2016 4416 καὶ
2083 4365 2129 4415 ἐν
2171 4371 2278 4427 τοῖς

696 4545 753 4600 1.
783 4544 929 4600 Cum
945 4556 1019 4599 ex
1037 4541 1239 4601 multis
1267 4541 1396 4600 aliis
1425 4540 1605 4598 rebus
1624 4540 1959 4612 intelligunt
1978 4541 2275 4606 homines,

621 4633 768 4696 illud
791 4632 957 4707 quod
981 4636 1201 4690 natura
1229 4637 1315 4690 est
1333 4636 1391 4689 et
1414 4637 1666 4702 constat,
1691 4631 1878 4688 multo
1904 4633 2278 4702 praestantius

619 4739 749 4782 esse
778 4738 848 4780 eo
873 4722 1039 4795 quod
1076 4721 1369 4794 positione
1393 4737 1461 4778 ac
1491 4720 1729 4777 fortuna
1749 4724 2001 4790 constat,
2048 4725 2175 4777 tum
2206 4738 2277 4778 ex

617 4813 690 4870 iis
719 4827 854 4889 quae
877 4811 1070 4869 dicere
1103 4810 1434 4882 aggredior,
1471 4815 1730 4883 possunt
1781 4810 2273 4868 animadvertere.

2388 2752 2557 2815 ἄλλοις
2595 2753 2662 2807 τὰ
2699 2759 2882 2810 οἰκεῖα.
2937 2757 3156 2830 Πότερον
3190 2763 3280 2810 οῦν
3315 2756 3411 2810 οὐκ
3451 2755 3591 2832 ἀρχὴ
3619 2762 3706 2808 τῶν
3739 2750 3889 2827 ἐνύδρων

2389 2843 2591 2918 ἡάρχή
2634 2851 2732 2896 τῶν
2805 2849 3093 2917 χερσαίων,
3159 2847 3277 2899 οὔτε
3344 2855 3437 2908 τῆς
3499 2849 3682 2899 ἆκείνων
3715 2850 3890 2900 iuvem;

2389 2936 2418 2992 ἡ
2468 2941 2562 2994 τῆς
2625 2935 2817 2987 τούτων
2885 2940 3138 2996 κινήσεως

2391 3028 2684 3096 σχήματων
2741 3043 3002 3098 γραμμαι,
3037 3020 3150 3077 οὐδ’
3186 3023 3331 3099 ἀρχὴ
3395 3045 3646 3098 σχηματα
3677 3030 3758 3077 τῶν
3780 3041 3890 3094 γραμ-

2389 3120 2515 3183 μῶν,
2557 3111 2685 3166 ἀλλά
2738 3121 2836 3166 τῶν
2904 3115 3055 3187 ἄμφω
3123 3120 3296 3188 στγμή
3364 3115 3424 3169 Εἰ
3490 3112 3539 3168 δ’
3604 3114 3742 3176 οὕτως
3792 3110 3888 3172 ἔστιν,

2389 3203 2494 3275 ἄρα
2554 3203 2583 3260 ἡ
2651 3200 2704 3255 ἔκ
2766 3211 2862 3264 τῆς
2930 3205 3130 3275 φύσεως
3194 3209 3409 3267 κίνησις
3475 3207 3524 3258 εν
3576 3209 3799 3278 γραμμαῖς
3839 3203 3888 3248 καὶ

2393 3295 2645 3363 σχήμασι
2678 3297 2898 3364 στιγμή⁸
2931 3289 3053 3346 οὐδὲ
3087 3295 3188 3368 γὰρ
3245 3296 3366 3368 εἷμη
3401 3315 3476 3356 τις
3507 3295 3651 3367 φύσιν
3687 3293 3888 3364 σχημάτων

2390 3381 2572 3445 αὐτὴν,
2647 3381 2775 3434 ἀλλά
2847 3385 3146 3441 κινηθεῖσαν
3218 3384 3272 3448 εξ
3333 3387 3513 3458 ἀρχῆς
3580 3391 3782 3456 φυσικῆς.
3824 3385 3888 3430 Τὼ

2389 3469 2552 3522 ἄλλων
2587 3478 2673 3523 οὖν
2695 3471 2934 3523 ἁπάντων
2965 3474 3212 3535 ὡσαῦτως
3275 3472 3506 3546 ἐχόντων
3566 3479 3648 3524 καὶ
3679 3480 3757 3524 τῶν
3803 3472 3886 3538 πρώ-

3203 2953 3215 2991 ;
3257 2941 3350 2988 καὶ
3416 2940 3622 3010 πότερον
3682 2934 3755 2988 οὐκ
3801 2931 3887 3005 ἆρχε

2388 3577 2487 3612 των
2532 3557 2713 3634 ἀρχῶν
2774 3563 2966 3614 τούτων
3034 3562 3202 3615 οὐσῶν
3267 3569 3562 3638 γνωρίμων,
3602 3561 3747 3629 πολλῷ
3769 3555 3886 3630 pili-r4

2389 3651 2447 3700 τό
2479 3650 2614 3701 κατά
2669 3652 2840 3721 φύσιν,
2906 3658 3139 3724 κρεῖττον
3204 3653 3234 3710 ἡ
3303 3657 3465 3724 φὺσις
3513 3653 3622 3713 ἣτις
3685 3650 3887 3720 ὑπερέκεινα

2388 3737 2591 3790 πάντων
2620 3736 2749 3804 ἐστὶ,
2791 3742 2861 3810 μὴ
2937 3737 3142 3802 ἐντελῶς
3207 3742 3276 3801 ὡς
3363 3741 3503 3816 ἁρχὴ
3577 3745 3712 3804 ποιεῖ,
3764 3730 3889 3803 τάμε

2390 3824 2583 3885 εκείνην
2610 3830 2754 3900 ἡμῖν,
2787 3829 2867 3879 ὅτι
2931 3824 2989 3881 δὲ
3065 3829 3286 3883 ἐνταῦθα
3349 3836 3437 3883 καὶ
3501 3834 3697 3888 κίνησος
3748 3828 3884 3890 καὶμε-

2387 3918 2580 3988 ρισμὸς
2654 3915 2725 3978 εἰς
2800 3913 3046 3992 διάφορα,
3111 3915 3399 3994 πρόδηλον.
3467 3915 3782 3992 Ἀριστοτέλην
3826 3926 3884 3979 7⁵ιέ

2388 4009 2478 4059 καὶ
2510 4004 2745 4079 ’Όμηρον
2777 4002 3068 4060 δίαστέλλει
3123 4010 3260 4061 κατὰ
3323 4015 3416 4068 τὴν
3473 4011 3602 4084 ὥραν
3661 4008 3685 4064 ἠ
3739 4007 3884 4055 κίνησις·

2389 4095 2546 4170 ίὶῪάΡ
2601 4097 2628 4154 ἡ
2672 4109 2709 4151 α
2748 4099 2872 4168 πρὸς
2909 4100 3003 4154 τὴν
3042 4117 3075 4169 ’γ
3145 4093 3240 4150 διὰ
3275 4107 3370 4161 τῆς
3399 4097 3429 4150 6
3496 4082 3681 4169 διέλθῃ,
3734 4082 3883 4145 exuti"

2391 4191 2602 4257 συνεχεῖ
2629 4188 2832 4243 κινήσει
2873 4181 3166 4260 διέρχεται,
3205 4193 3293 4240 καὶ
3337 4185 3681 4241 διαστεὶλὲται
3704 4185 3750 4235 τὸ
3772 4179 3883 4230 iam-.-

2389 4276 2418 4332 ἡ
2452 4287 2490 4330 a
2537 4277 2727 4345 στιγμὴ
2770 4275 2894 4348 πρὸς
2933 4277 3025 4333 τὴν
3052 4295 3084 4346 γ
3152 4278 3295 4352 παρὰ
3357 4285 3446 4338 τῆς
3499 4274 3555 4350 β,
3618 4270 3683 4326 δι’
3715 4270 3763 4331 ἧς
3803 4262 3885 4316 κατὰ

2391 4366 2662 4436 συνέχειαν
2699 4365 2758 4416 τὸ
2800 4368 3026 4437 συμφυές
3065 4363 3206 4418 ἐστιν
3246 4365 3452 4429 αὐταῖς·
3491 4373 3634 4420 τοῦτο
3670 4359 3717 4416 δε
3750 4362 3883 4412 κίνησις

2386 4541 2519 4613 ipsa
2544 4541 2774 4608 entitas,
2807 4546 2872 4598 ut
2891 4542 2972 4598 ita
3005 4542 3225 4610 dicam,
3257 4559 3363 4617 per
3381 4560 3562 4618 quam
3584 4542 3665 4598 hie
3692 4553 3765 4594 res
3794 4531 3878 4590 sunt

2387 4635 2475 4688 est
2500 4631 2712 4704 positio
2734 4647 2901 4699 ;cum
2926 4632 3145 4704 positio
3166 4633 3239 4690 sit
3264 4634 3658 4706 qualitasquae
3670 4644 3729 4685 ex
3741 4629 3881 4681 natura

2387 4726 2475 4778 est
2508 4738 2520 4776 :
2550 4735 2672 4776 non
2700 4736 2870 4776 secus
2887 4721 3140 4793 atqueid
3158 4723 3322 4795 quod
3353 4728 3438 4780 est
3468 4719 3792 4789 naturaipsa,
3807 4719 3878 4763 non

2386 4809 2643 4866 dicimus
2673 4826 2801 4866 esse
2829 4814 3081 4878 motum,
3117 4812 3221 4867 sed
3251 4817 3530 4869 naturam
3565 4809 3777 4866 dicimus
3797 4807 3878 4854 esse

617 4906 698 4960 Ac
720 4919 898 4960 nemo
927 4916 1071 4958 sane
1100 4901 1214 4957 hoc
1234 4901 1433 4974 ipsum
1460 4900 1624 4957 aliter
1655 4916 1717 4956 se
1757 4900 1978 4957 habere
2039 4901 2272 4972 dixerit,
2317 4925 2354 4978 Β
2386 4899 2745 4972 principium
2776 4904 2973 4955 motus
3006 4904 3062 4956 et
3091 4901 3307 4973 quietis
3335 4921 3347 4958 :
3382 4903 3462 4958 ita
3493 4906 3552 4956 ut
3579 4893 3815 4954 contineat
3832 4897 3872 4937 ac

616 5007 802 5064 quam
824 5007 959 5065 qua:
972 4991 1155 5048 modo
1168 4990 1456 5049 naturalis
1476 5007 1545 5046 ac
1558 5005 1694 5046 vera
1722 4991 2062 5046 consecutio
2095 4990 2272 5046 hodie

611 5095 831 5152 perme
850 5080 1232 5138 manifestum
1280 5079 1601 5138 exhibebit.
1646 5085 1726 5138 Ac
1779 5081 2042 5152 primum
2105 5086 2270 5138 natu-

610 5182 745 5226 ram
773 5169 1026 5226 dicimus
1052 5186 1180 5227 esse
1209 5176 1264 5228 et
1291 5176 1520 5228 motum
1561 5171 1621 5227 in
1645 5174 1881 5235 natura,
1939 5169 2271 5242 eodemque

609 5258 795 5315 modo
824 5258 1301 5317 distributionem
1329 5278 1480 5320 esse.
1517 5264 1664 5316 Nam
1715 5259 2078 5330 Aristoteles,
2129 5259 2269 5315 Her-

607 5361 915 5418 mogenes,
948 5352 1004 5404 et
1031 5350 1488 5406 Homerusinter
1555 5365 1615 5404 se
1677 5348 1986 5404 communi
2041 5348 2268 5405 ratione

601 5435 974 5508 divkluntur,
1005 5438 1315 5508 quomodo
1337 5439 1516 5494 etiam
1534 5442 1759 5509 puncta
1775 5437 2011 5508 punctis
2031 5453 2267 5494 mensu-

599 5526 809 5584 ranfur
853 5530 907 5582 et
965 5526 1199 5582 numeri
1254 5527 1540 5583 numeris.
1601 5529 1748 5582 Nam
1802 5526 1990 5582 motui
2062 5531 2263 5599 partes

596 5620 796 5680 motus
823 5613 1208 5690 assignantur
1223 5633 1242 5690 ς
1269 5620 1337 5676 et
1362 5613 1638 5690 partibus
1683 5611 2034 5686 discrimen,
2066 5629 2262 5690 neque

2385 4989 2776 5062 principatum
2794 4993 3207 5058 gerat.Natura
3223 4990 3400 5061 igitur
3416 4983 3878 5048 movetomniaque'

2383 5093 2621 5151 cunque
2635 5083 2773 5134 sunt
2789 5077 3354 5154 absolute,adeoque
3368 5074 3779 5152 singulariaipsa
3789 5076 3873 5137 pro-

2382 5167 2730 5242 prietatibus
2765 5183 2834 5223 ac
2865 5167 3277 5226 distributione
3319 5173 3656 5226 connectens
3680 5165 3868 5226 utraque.

2384 5259 2452 5314 Ut
2482 5257 2530 5312 si
2563 5256 2820 5328 exempli
2848 5258 3038 5325 gratia
3051 5259 3479 5330 proprietatum
3497 5260 3672 5330 partes
3697 5253 3867 5304 suman-

2381 5351 2474 5404 tur
2517 5365 2528 5414 ;
2556 5344 2764 5418 quales
2791 5351 2932 5402 sunt
2961 5346 3022 5401 in
3050 5346 3173 5416 igni
3190 5348 3398 5404 urendi
3420 5335 3767 5404 etillustrandi
3783 5341 3868 5404 pro-

2381 5437 2660 5509 prietates
2695 5454 2707 5491 :
2738 5439 2794 5492 et
2814 5435 2875 5491 in
2906 5435 3037 5492 aliis
3088 5453 3224 5510 quae
3254 5438 3517 5511 ipsorum
3545 5419 3866 5516 propriasu-nt.

2380 5528 2584 5583 Utrum
2609 5525 2788 5597 igitur
2807 5525 3168 5598 principium
3188 5528 3538 5586 terrestrium
3558 5536 3664 5580 non
3679 5519 3866 5608 estpriu-

2377 5616 2601 5691 cipium
2621 5615 2981 5690 aquatilium
3016 5617 3332 5692 “temque
3367 5620 3556 5678 utrum
3587 5603 3858 5686 princile
