4042 6214
212 243 361 300 1269

233 372 336 422 καὶ
366 368 528 442 ὧρικὴ
583 369 814 431 ποσότης
871 363 964 421 διὰ
1017 373 1266 433 κινήσεως
1318 392 1332 406 ο

235 455 333 510 οὖν
381 456 729 531 ’Δριστοτέλει
767 461 856 510 καὶ
905 457 1119 533 Ὁμήρῳ
1149 463 1284 513 κατά
1333 465 1540 520 κίνησιν
1578 465 1841 536 καιρικήν.

237 546 326 601 Ἐν
380 549 470 620 μεν
511 543 598 600 οὖν
632 554 695 619 τῇ
758 551 963 606 κινήσει
1023 549 1273 621 συνέχειά
1306 555 1387 612 τίς
1437 549 1548 604 ἐστι
1601 558 1842 624 μερισμῷ

233 636 730 716 καθυποϐαλλομένη
766 637 796 696 ἦ
824 641 1022 714 χρόνου
1051 639 1079 698 ἦ
1109 643 1304 714 τρόπου
1363 641 1392 699 ἦ
1454 644 1693 700 ποιότητι
1749 648 1840 694 τοῦ

231 730 562 801 κινουμένου,
622 727 728 780 οἷον
784 728 854 788 ὡς
917 734 1006 780 νοῦ
1079 732 1208 802 πρὸς
1274 733 1488 788 πτηνόν.
1528 730 1610 784 Ἐν
1665 727 1724 784 δι
1773 738 1836 804 τῇ

233 820 394 891 φύσει
421 819 672 891 μερισμοὶ
703 818 936 888 κράσεων
962 819 1097 870 κατὰ
1147 821 1206 871 τό
1240 818 1362 872 ἄλλο
1390 839 1444 872 τε
1501 824 1590 872 καὶ
1641 818 1839 873 ἀλλοῖον

230 911 331 960 καὶ
383 904 564 968 ἄλλως.
616 905 696 958 Ἐν
759 902 818 959 δὲ
854 913 970 970 ταῖς
1020 910 1270 982 κράσεσιν
1327 908 1386 961 οὗ
1441 906 1700 982 διαίρεσις
1754 929 1840 982 με·

229 997 448 1070 ρισμός,
476 997 541 1055 ὡς
567 993 651 1047 ἐπὶ
702 1001 794 1056 τῆς
831 997 1032 1068 φύσεως
1083 1004 1200 1059 ταῖς
1236 999 1485 1071 κράσεσιν
1515 999 1545 1056 ἠ
1581 995 1838 1073 διαίρεσις

229 1087 514 1161 μερισμὸς,
582 1081 690 1136 ἀλλ’
752 1085 928 1146 ἕνωσις
993 1089 1263 1160 μερισμός,
1323 1088 1349 1139 ὃ
1398 1107 1509 1140 τισι
1579 1095 1708 1161 φανῇ
1768 1090 1836 1150 ὡς

227 1178 412 1228 καινόν
464 1194 476 1208 ·
527 1175 597 1236 ὡς
645 1175 747 1249 γὰρ
814 1177 1070 1248 μερισμόν
1129 1183 1228 1228 τῶν
1293 1178 1547 1229 συνθέτων
1617 1175 1670 1228 ἐκ
1734 1185 1834 1229 τῶν

227 1263 408 1318 ἁπλῶν
475 1264 502 1322 ἡ
562 1271 662 1316 τῶν
717 1272 939 1337 μερικῶν
1014 1266 1211 1332 ἓνωσις,
1292 1266 1423 1318 οὕτω
1480 1261 1547 1324 δὴ
1602 1271 1692 1322 καὶ
1735 1275 1833 1319 τῶν

226 1355 469 1429 κράσεων
531 1353 732 1424 ἓνωσις,
820 1349 1077 1428 διαίρεσις
1153 1355 1404 1426 κράσεων.
1462 1354 1682 1408 Ἐκεῖθεν
1729 1358 1831 1431 γὰρ

227 1443 262 1501 ἠ
292 1438 554 1517 διαίρεσις
581 1445 753 1504 κοινός
780 1445 1060 1515 μερισμὸς,
1091 1439 1330 1495 ἕνταυθοῖ
1378 1439 1436 1496 δὲ
1478 1445 1509 1502 ἠ
1572 1441 1833 1517 διαίρεσις

226 1532 436 1599 ἓνωσις,
477 1528 656 1590 ἐπειδὴ
697 1539 918 1605 μερικῶν
974 1533 1317 1604 ὑποκειμένων
1368 1531 1481 1585 ἐστὶ
1549 1529 1829 1609 διαίρεσις.

225 1620 363 1674 Ἀπὸ
391 1623 491 1694 γὰρ
523 1627 615 1674 τοῦ
653 1625 857 1694 πρώτου
909 1624 1175 1692 στοιχείου
1221 1641 1254 1673 α
1305 1621 1398 1682 ἔως
1455 1629 1545 1674 τοῦ
1597 1621 1829 1695 ἐσχάτου

225 1731 271 1763 ω
317 1713 538 1785 μερίζων
575 1729 654 1772 τις
693 1709 798 1782 οὐχ
864 1708 968 1762 ἑνοῖ
1021 1711 1088 1762 τὰ
1134 1713 1263 1783 μέρη
1291 1718 1352 1783 τῇ
1389 1707 1646 1782 διαιρέσει
1675 1732 1688 1744 '
1720 1719 1830 1774 ταῖς

225 1804 374 1873 τρισὶ
399 1795 458 1853 δε
491 1803 700 1874 μερίσιν
738 1799 782 1851 εἰ
813 1797 1054 1871 λάϐοιμεν
1107 1802 1275 1851 αὐτῶν
1303 1802 1576 1874 μερισμὸν,
1637 1799 1828 1872 μᾶλλον

222 1897 329 1944 τῶν
375 1895 540 1964 μερῶν
589 1888 768 1941 ἕνωσιν
819 1886 1071 1960 λάϐωμεν,
1111 1889 1246 1956 ὥστε
1292 1889 1322 1947 ἡ
1366 1892 1455 1962 μὲν
1501 1891 1652 1961 φύσει
1683 1885 1826 1943 διαί-

221 1997 374 2055 ρεσις
407 1978 608 2048 ἔνωσις,
642 1978 672 2036 ἠ
709 1972 768 2031 δε
804 1979 941 2029 κατὰ
968 1982 1156 2052 κρᾶσιν
1213 1977 1390 2039 ἓνωσις
1427 1977 1616 2050 μᾶλλον
1684 1975 1718 2032 δ
1724 1983 1826 2032 ιαί-

221 2087 392 2141 ρεσις.
447 2068 594 2120 Κατὰ
657 2068 814 2118 ταυτό
868 2073 993 2138 γοῦν
1041 2069 1108 2118 τὰ
1181 2069 1331 2139 φύσει
1395 2061 1734 2142 διαιρούμενα
1789 2069 1819 2128 ἦ

220 2160 402 2230 χρόνῳ
427 2156 457 2216 ἦ
481 2159 622 2227 τόπῳ
648 2155 677 2214 ἦ
707 2174 970 2218 ποιότητι,
1003 2155 1062 2208 οὗ
1096 2157 1232 2208 κατὰ
1261 2157 1415 2228 φύσιν
1446 2152 1776 2229 διαιροῦνται
1805 2178 1818 2191 ο

223 2248 382 2318 φύσις
449 2247 551 2319 γὰρ
601 2251 710 2307 τοῖς
778 2251 908 2297 πᾶσι
963 2249 1131 2314 κοινὴ,
1184 2243 1312 2296 ἀλλὰ
1374 2247 1510 2297 κατά
1568 2250 1822 2318 μερισμόν

220 2335 479 2409 κράσεων,
530 2331 662 2391 πλὴν
715 2329 988 2408 ἀρχούσης
1015 2341 1109 2396 τῆς
1169 2335 1368 2406 φύσεως
1396 2354 1408 2367 ο
1440 2333 1821 2406 συμϐάλλονται

219 2424 328 2495 ⁹,γὰρ
383 2423 436 2474 αἱ
490 2423 699 2496 κράσεις
757 2423 822 2484 ὡς
857 2427 1070 2497 μερικαὶ
1112 2424 1296 2476 καθότι
1349 2424 1566 2498 κράσεις
1627 2425 1820 2500 κράσε-

228 2530 315 2565 σιν
352 2511 562 2586 ἐτὲραις,
611 2507 791 2570 ἐπειδὴ
854 2516 944 2565 καὶ
997 2511 1153 2564 αὗται
1221 2516 1450 2586 μερικαὶ,
1503 2511 1562 2565 οὐ
1609 2517 1712 2586 μὴν
1761 2510 1820 2568 δε

225 2606 420 2677 κρᾶσις
475 2607 620 2653 πᾶσα
668 2599 716 2653 ἐν
781 2602 926 2675 πάσῃ
995 2603 1202 2677 κράσει.
1253 2604 1322 2655 Τό
1411 2603 1512 2676 γὰρ
1565 2605 1818 2675 μουσικὸν

227 2694 468 2764 φυσικόν,
498 2693 555 2744 τό
595 2693 926 2744 σκυτευτικόν
952 2688 1000 2742 ἓν
1037 2698 1100 2764 τῇ
1135 2693 1286 2764 φύσει
1318 2710 1331 2725 ο
1361 2693 1494 2744 ἔστω
1541 2695 1711 2744 τοίνυν
1757 2695 1817 2745 τό

224 2782 558 2834 σκυτευτικόν
583 2784 856 2852 μουσικὸν,
885 2781 915 2839 ἡ
949 2781 1030 2833 ὅτι
1067 2781 1096 2838 ἠ
1140 2779 1417 2853 φιλοσοφία
1459 2788 1555 2844 τῆς
1594 2783 1816 2854 φύσεως,

219 2872 253 2930 ἡ
287 2873 498 2932 ποίησις
525 2868 580 2921 ἐκ
617 2877 713 2932 τῆς
762 2871 980 2942 φύσεως.
1023 2867 1198 2923 Ἐστω
1236 2874 1407 2923 τοίνυν
1453 2868 1817 2943 ’Δρίστοτέλης

186 3139 495 3206 Praeterea,
537 3140 738 3193 utrum
757 3135 1087 3207 ﬁgurarum
1117 3135 1288 3192 linea
1319 3151 1441 3193 non
1463 3139 1602 3193 sunt
1625 3137 1841 3208 princi-

185 3226 358 3300 pium
395 3241 627 3299 :neque
670 3224 880 3296 ﬁguras
926 3226 1220 3283 linearum
1265 3229 1403 3283 sunt
1430 3225 1841 3299 principium?

185 3317 496 3388 Anpotius
538 3315 834 3372 linearum
890 3331 960 3372 ac
1009 3314 1340 3388 ﬁgurarum
1401 3318 1695 3386 punctum
1750 3318 1842 3373 est

183 3404 542 3477 principium
569 3404 596 3460 ‘I
627 3403 798 3470 Quod
827 3403 876 3460 si
902 3404 986 3461 ita
1053 3409 1184 3461 est:
1231 3408 1432 3460 utrum
1478 3406 1679 3460 motus
1742 3403 1840 3461 ille

183 3493 292 3567 qui
320 3509 357 3550 a
381 3498 596 3550 natura
625 3493 688 3550 in
715 3492 886 3549 lineis
911 3509 980 3550 ac
1001 3492 1209 3563 ﬁguris
1233 3492 1480 3558 exsistit,
1512 3496 1604 3548 est
1648 3506 1838 3565 punc-

183 3587 317 3640 tum
339 3585 366 3640 ‘2
395 3585 579 3640 Nemo
604 3582 765 3639 enim
796 3581 1318 3655 dixeritpunctum
1354 3597 1486 3640 esse
1501 3581 1837 3652 ﬁgurarum

177 3673 488 3740 naturam,
515 3671 619 3728 sed
647 3671 846 3744 potius
875 3686 912 3728 a
939 3670 1194 3728 naturali
1241 3671 1536 3744 principio
1599 3673 1835 3728 motum

173 3759 491 3818 habuisse.
515 3761 661 3816 Cum
700 3760 880 3830 igitur
908 3760 1114 3817 omnia
1154 3759 1273 3816 alia
1311 3758 1526 3816 eodem
1563 3758 1748 3815 modo
1769 3775 1834 3817 se

173 3848 462 3916 habeant,
503 3853 560 3906 et
581 3849 712 3905 hinc
741 3849 1035 3922 principia
1055 3848 1172 3905 sint
1194 3847 1474 3904 omnibus
1519 3850 1666 3905 nota
1685 3862 1832 3905 sane

173 3943 398 3996 natura
429 3941 591 4011 (cum
623 3938 700 3994 sit
723 3954 795 3995 eo
823 3938 990 4011 quod
1033 3941 1124 3994 est
1171 3953 1244 3994 ex
1286 3938 1419 4010 ipsa
1456 3936 1646 3994 multo
1685 3951 1832 4010 pras-

175 4028 446 4100 stantior,
459 4028 684 4101 quippe
713 4043 848 4102 quae
876 4031 1089 4101 praeter
1109 4026 1422 4099 omniasit)
1444 4041 1567 4083 non
1595 4025 1830 4098 vulgari

173 4117 366 4175 modo
389 4117 564 4175 nobis
601 4117 704 4174 illa
725 4134 862 4190 quae
893 4122 1031 4176 sunt
1058 4116 1211 4174 infra
1241 4133 1324 4184 se,
1357 4122 1648 4189 tanquam
1668 4116 1828 4190 prin-

173 4207 404 4279 cipium
433 4211 491 4264 et
517 4223 702 4264 causa
729 4206 924 4262 eﬂicit.
969 4206 1141 4273 Quod
1169 4210 1369 4264 autem
1398 4205 1460 4263 in
1520 4210 1735 4263 natura
1755 4205 1828 4262 sit

172 4300 379 4354 motus
407 4300 464 4353 et
491 4295 834 4353 distributio
860 4295 922 4352 in
942 4311 1015 4353 ea
1043 4311 1182 4368 quae
1209 4295 1366 4352 inter
1395 4311 1458 4352 se
1520 4294 1822 4362 ditl'erunt,

168 4385 402 4442 nemini
438 4389 526 4442 est
578 4385 927 4442 obscurum.
982 4387 1166 4443 Motus
1232 4385 1392 4442 enim
1451 4384 1555 4457 qui
1605 4383 1668 4440 in
1708 4384 1825 4442 hoc

169 4480 443 4548 tempore
472 4475 783 4532 conﬁcitur
807 4474 1111 4545 distinguit
1137 4473 1502 4530 Aristotelem
1535 4476 1592 4530 et
1615 4476 1824 4530 Home-

167 4580 339 4623 rum.
375 4568 524 4623 Nam
554 4565 603 4621 si
623 4569 823 4621 motus
851 4580 888 4622 a
919 4564 999 4621 ad
1017 4569 1250 4622 motum
1280 4579 1312 4620 c
1367 4579 1473 4636 per
1522 4567 1758 4620 motum
1789 4563 1822 4619 b

167 4654 498 4730 perveniat,
528 4655 776 4712 omnino
806 4653 1154 4711 continuata
1174 4652 1591 4726 progressione
1619 4656 1822 4710 motus

167 4742 504 4802 conﬁcitur.
551 4745 614 4800 Et
667 4758 876 4800 rursus
925 4745 1220 4815 punctum
1257 4757 1296 4799 a
1349 4741 1735 4814 distinguitur
1788 4757 1823 4798 a

164 4837 399 4908 puncto
424 4848 456 4889 c
481 4847 588 4906 per
612 4835 904 4906 punctum
945 4832 978 4888 b
998 4847 1105 4904 per
1125 4830 1290 4905 quod
1336 4833 1580 4904 propter
1635 4831 1822 4888 conti-

165 4921 522 4981 nuationem
553 4922 676 4979 duo
704 4924 968 4978 extrema
1021 4920 1173 4978 inter
1222 4936 1285 4977 se
1330 4920 1652 4977 cohaerent.
1699 4917 1824 4976 Hoc

168 5014 375 5070 autem
400 5013 492 5068 est
513 5016 712 5068 motus
733 5015 790 5068 et
815 5011 981 5068 horas
1015 5010 1317 5082 quantitas
1345 5009 1405 5065 in
1419 5012 1605 5065 motu.
1629 5010 1824 5076 Quare

166 5101 498 5159 discrimen
523 5100 832 5157 intercedit
857 5099 1009 5156 inter
1043 5098 1417 5156 Aristotelem
1428 5102 1484 5155 et
1502 5100 1824 5155 Homerum

165 5195 416 5266 propter
441 5199 676 5248 motum
719 5194 1198 5262 temporaneum.
1233 5191 1328 5244 Est
1357 5187 1535 5259 igitur
1552 5188 1615 5244 in
1655 5192 1824 5245 motu

165 5281 531 5340 cohaerentia
569 5281 849 5354 quaedam
887 5296 1024 5354 quas
1057 5279 1370 5350 subjicitur
1425 5277 1820 5345 distinctioni,

165 5375 277 5430 aut
303 5371 614 5444 temporis,
645 5375 749 5428 aut
779 5370 964 5437 modi,
994 5374 1098 5427 aut
1112 5370 1242 5440 ejus
1255 5369 1422 5442 quod
1455 5368 1824 5442 exqualitate

165 5464 468 5531 movetur,
486 5459 654 5517 verbi
691 5459 901 5532 gratia,
926 5463 990 5516 ut
1033 5459 1081 5515 si
1135 5462 1366 5515 motum
1423 5458 1638 5514 mentis
1683 5474 1822 5514 cum

168 5553 342 5609 motu
369 5549 581 5608 alatilis
605 5548 949 5608 confera.ln
971 5552 1190 5608 natura
1201 5563 1346 5606 vero
1375 5546 1824 5605 distributiones

1095 242 1450 303 THEODORI
1479 245 1528 303 II
1554 245 1692 303 IMP.
1727 245 1818 304 DE
1850 246 2307 314 COMMUNIONE
2365 257 2508 317 ΝΑΤ
2572 260 2614 316 l.

3480 261 3620 319 1270

1394 368 1429 424 δ
1435 373 1626 446 ιαφορά
1672 375 1843 425 τοίνυν
1905 375 1950 428 Α
2003 375 2258 454 Ὅμηρος,
2281 382 2311 442 ἦ
2344 385 2426 437 ὅτι
2471 384 2501 442 ἡ
2530 387 2754 444 κίνησις.
2785 381 2865 437 Ἐν
2895 389 2956 456 τῇ
2990 382 3142 454 φύσει
3179 383 3210 441 ἠ
3275 383 3464 446 στάσις
3509 394 3601 447 τῆς

2007 470 2208 540 φύσεως
2236 492 2248 504 ·
2279 473 2410 526 ἔστω
2435 474 2540 547 ἄρα
2567 475 2596 532 ἠ
2633 475 2822 535 στάσις
2841 476 3044 533 κίνησις
3069 491 3082 506 ·
3108 475 3220 544 ἔχει
3242 469 3300 524 δὲ
3331 469 3599 536 ἀδυνάτως

2006 553 2135 610 εἶναι
2165 559 2298 613 αὑτά
2339 581 2354 596 ο
2395 561 2564 624 ἁπλῶς
2601 565 2699 636 γὰρ
2741 563 2794 614 αἱ
2845 564 3054 634 κράσεις
3085 561 3326 614 ἑνοῦσθαι
3381 563 3596 632 ἄτοπον,

2007 642 2156 709 ἰδίως
2209 645 2269 702 δέ
2319 669 2378 722 ’γε
2416 653 2707 727 εὑρίσκεται
2741 673 2752 684 ·
2783 649 3018 704 ἑνωτικόν
3047 653 3147 722 ’γὰρ
3207 650 3254 702 ἓν
3287 650 3479 725 ἑτέρου,
3540 655 3596 703 τό

2001 733 2178 790 λευκόν
2241 757 2296 791 τε
2333 744 2422 792 καὶ
2465 743 2524 792 τὸ
2578 739 2777 806 ξανθόν,
2831 744 2921 792 καὶ
2967 742 3025 792 τό
3065 742 3318 812 μουσικόν
3357 743 3596 810 συγγενὲς

1999 832 2092 878 τοῦ
2145 825 2458 902 ἀριθμητοῦ,
2524 833 2614 882 καὶ
2669 832 2727 882 1'6
2785 829 3056 902 φιλόσοφον
3116 837 3208 882 τοῦ
3276 828 3590 902 θεολογικοῦ,

2000 919 2169 969 καὶτὸ
2193 922 2465 977 ποιητικόν
2516 926 2607 971 τοῦ
2658 919 2958 994 ῥητορικοῦ,
3017 923 3103 970 καὶ
3154 920 3183 977 ἡ
3245 921 3433 980 στάσις
3497 926 3594 971 τοῦ

2001 1015 2344 1080 σωφρονικοῦ,
2403 1011 2492 1060 καὶ
2549 1015 2640 1060 τοῦ
2698 1003 2946 1082 ἀνδρικοῦ
2981 1009 3011 1066 ἡ
3071 1011 3298 1074 κίνησις,
3341 1009 3590 1070 ὡσαύτως

1996 1099 2086 1148 καὶ
2115 1095 2141 1147 ὁ
2192 1099 2413 1168 κναφεὺς
2475 1103 2568 1150 τοῦ
2619 1099 2866 1164 σκυτέως,
2916 1100 3006 1149 καὶ
3052 1094 3214 1148 ἄλλων
3272 1095 3422 1166 ἄλλα,
3475 1097 3590 1150 κατ’

1999 1179 2239 1242 ἰδιότητα
2273 1192 2519 1258 συγγενῆ.

2066 1271 2141 1344 β’.
2172 1275 2269 1326 Δύο
2297 1282 2422 1346 γοῦν
2447 1277 2497 1328 οἱ
2549 1273 2777 1329 ἑνωτικοὶ
2805 1278 2989 1350 τρόποι
3015 1294 3027 1308 ο
3062 1274 3087 1326 6
3117 1276 3253 1328 κατὰ
3299 1275 3452 1347 φύσιν
3499 1277 3590 1328 καὶ

1993 1361 2019 1412 ό
2049 1364 2185 1414 κατὰ
2215 1368 2425 1434 κρᾶσιν.
2472 1367 2647 1426 Κοινός
2710 1361 2797 1416 οὖν
2827 1366 3029 1416 πάντων
3060 1363 3085 1415 ό
3121 1362 3192 1425 εἷς
3239 1384 3251 1396 ·
3283 1371 3589 1416 κοινωνοῦσι

1991 1451 2090 1523 γὰρ
2118 1452 2310 1520 πάντα,
2367 1453 2488 1504 ὅταν
2518 1453 2586 1513 εἰς
2637 1457 2724 1511 τὴν
2763 1456 3019 1510 ποιότητα
3067 1452 3390 1524 ἀναχθῶσιν,
3431 1453 3461 1511 ἠ
3523 1452 3590 1513 εὶς

1991 1541 2086 1595 τὴν
2125 1537 2329 1607 ουσίαν,
2362 1540 2391 1599 ἣ
2436 1539 2505 1602 εἰς
2531 1544 2588 1592 τὸ
2619 1536 2777 1611 εἶδος,
2816 1541 2844 1599 ἣ
2877 1540 2942 1600 εἰς
2989 1543 3083 1598 τὴν
3113 1539 3258 1609 ὕλην,
3302 1540 3330 1600 ἦ
3379 1539 3448 1602 εἰς
3495 1545 3588 1599 τὴν

1993 1629 2146 1698 φύσιν
2185 1632 2375 1702 κυρίως
2428 1647 2481 1681 τε
2531 1633 2623 1681 καὶ
2676 1627 2979 1694 καθολικῶς,
3038 1627 3166 1680 ἀλλὰ
3224 1636 3445 1702 μερικῶς
3498 1634 3588 1681 καὶ

1994 1712 2142 1780 ἰδίως
2192 1722 2283 1770 καὶ
2330 1717 2390 1771 οὐ
2455 1720 2641 1771 καθότι
2686 1721 2920 1786 ποιότης,
2961 1719 2990 1778 ἣ
3064 1718 3249 1770 καθότι
3307 1717 3481 1784 οὐσία,
3553 1719 3584 1777 ᾖ

1989 1806 2175 1858 καθότι
2201 1802 2360 1874 εἶδος,
2393 1807 2422 1866 ἣ
2455 1809 2640 1860 καθότι
2678 1806 2772 1865 ὕλη
2805 1806 2926 1876 ἑνοῖ,
2986 1804 3115 1859 ἀλλὰ
3154 1807 3338 1858 καθότι
3384 1810 3437 1859 τί
3487 1825 3589 1858 τινι

1991 1893 2359 1967 συμϐάλλεται,
2418 1900 2509 1949 καὶ
2557 1897 2624 1948 τὰ
2687 1903 2933 1968 στοιχεῖα
3000 1896 3183 1948 καθότι
3235 1902 3332 1956 τῆς
3387 1896 3589 1968 φύσεως

1985 1991 2312 2053 κοινωνοῦσι,
2341 1987 2514 2038 καὶτὸ
2545 1981 2690 2060 ὕδωρ
2723 1985 2781 2037 οὐ
2822 1987 3016 2058 φθείρει
3045 1987 3104 2036 τὸ
3171 1991 3295 2058 πῦρ,
3352 1987 3471 2037 οὔτε
3522 1987 3587 2038 τὰ

1985 2072 2114 2126 ἄλλα
2141 2077 2207 2126 τὰ
2234 2079 2306 2147 μὴ
2345 2076 2634 2150 ὁμότροπα,
2675 2076 2756 2128 ὅτι
2813 2071 2872 2127 δε
2921 2079 3050 2146 πυρὶ
3101 2080 3296 2148 μερικῷ
3353 2072 3584 2148 ἔκρεύσει

1983 2157 2127 2237 ὕδωρ
2159 2161 2207 2215 ὶν
2265 2163 2405 2235 αὐτῷ
2465 2166 2674 2237 μερικόν
2704 2166 2874 2238 κάρτα
2920 2165 3112 2237 φθείρει
3149 2162 3274 2215 αῦτό
3323 2183 3336 2196 ·
3369 2165 3434 2215 τὰ
3479 2165 3583 2234 γὰρ

1983 2249 2185 2304 ἐναντία
2220 2257 2328 2314 τοῖς
2352 2250 2636 2326 ἔναιτίφοις
2663 2253 2976 2326 φθείρονται,
3009 2253 3149 2306 ἔστιν
3199 2251 3330 2305 ὅπου
3386 2246 3448 2306 δι
3491 2254 3585 2306 καὶ

1980 2341 2046 2393 τὰ
2123 2343 2374 2414 φάρμακα
2424 2341 2539 2394 κατ’
2609 2337 2854 2400 ἰδιότητα
2902 2343 3152 2414 σωμάτων
3207 2347 3296 2394 καὶ
3347 2343 3580 2416 κράσεων

1979 2437 2236 2484 κοινωνεῖν
2267 2449 2320 2483 τε
2347 2435 2438 2484 καὶ
2476 2429 2702 2503 ὠφελεῖν,
2735 2437 2835 2484 ποῦ
2887 2427 2946 2483 δὲ
2996 2435 3086 2483 καὶ
3141 2431 3362 2505 φθείρειν
3394 2428 3488 2483 διὰ
3523 2434 3580 2484 1'6

1980 2517 2107 2572 αὐτό
2160 2517 2209 2572 ἐν
2265 2518 2468 2580 ἐκείνοις
2551 2517 2818 2576 ἀνοίκειον.
2856 2518 3035 2592 Ὀμως
3093 2523 3182 2572 καὶ
3220 2521 3268 2572 ἂν
3318 2518 3580 2592 μετάλλοις

1979 2611 2220 2660 κοινωνία
2271 2609 2585 2682 εὑρίσκεται,
2662 2605 2711 2660 ἓν
2789 2606 2962 2670 ἄλλοις
3016 2603 3076 2660 δε
3127 2612 3218 2660 καὶ
3273 2603 3576 2676 διάστασις,

1979 2699 2154 2749 καινὸν
2185 2693 2244 2750 δε
2271 2696 2366 2750 οὐκ
2396 2693 2480 2767 ἦν,
2512 2699 2649 2772 εἴπερ
2679 2699 2771 2750 καὶ
2815 2699 2880 2750 τὰ
2926 2695 2974 2749 ἕν
3002 2704 3063 2769 τῇ
3103 2704 3322 2772 γραμμῇ
3385 2705 3580 2770 σημεῖα

1980 2785 2038 2838 οῦ
2092 2787 2424 2840 παντάπασιν
2482 2785 2712 2839 ἐνοῦνται
2757 2788 2894 2839 κατὰ
2974 2790 3249 2858 συνέχειαν
3291 2806 3304 2820 ο
3347 2789 3406 2840 τὸ
3470 2789 3573 2858 γὰρ

1906 2913 1910 2917 -
1979 2883 2180 2948 πρῶτον
2209 2883 2280 2947 τῷ
2314 2879 2473 2949 τρίτῳ
2503 2874 2608 2948 οὐχ
2637 2874 2838 2928 ἐνούταί
2865 2873 2911 2928 εἰ
2934 2879 3006 2947 μὴ
3041 2871 3077 2928 δ
3082 2877 3134 2927 ιά
3162 2883 3254 2928 τοῦ
3306 2871 3573 2948 δευτέρου,

188 3050 394 3105 motus
416 3046 655 3106 illorum
694 3061 814 3104 non
843 3049 933 3104 est
965 3046 1328 3120 principium
1349 3050 1550 3104 motus
1579 3047 1842 3107 horum?
1882 3083 1922 3138 ο
1950 3053 2562 3125 temperamentorum
2578 3050 2958 3107 exsistuntex
2969 3065 3040 3106 eo
3055 3049 3220 3122 quod
3241 3049 3524 3116 estaliud,
3543 3054 3602 3108 et

1951 3157 2023 3198 ex
2053 3156 2123 3198 eo
2150 3141 2316 3214 quod
2329 3143 2418 3197 est
2439 3139 2730 3196 dissimile
2759 3157 2772 3194 :
2787 3140 3048 3212 itemque
3062 3139 3193 3194 aliis
3207 3139 3426 3197 modis.
3445 3143 3516 3196 At
3535 3140 3598 3197 in

1948 3227 2484 3302 temperationibus
2495 3227 2708 3283 divisio
2720 3243 2841 3283 non
2855 3232 2942 3283 est
2955 3227 3458 3299 distributio(utin
3482 3244 3597 3286 na-

1948 3324 2082 3377 tura
2109 3319 2210 3376 illa
2229 3317 2731 3391 temperationum
2761 3316 2976 3374 divisio
2989 3322 3076 3374 est
3089 3317 3472 3390 distributio).
3492 3319 3597 3376 sed

1946 3407 2283 3466 distributio
2293 3407 2430 3480 ipsa
2441 3407 2900 3475 estcommunio,
2913 3407 3079 3480 quod
3094 3407 3453 3480 quibusdam
3467 3413 3596 3466 tan-

1945 3513 2132 3572 quam
2162 3495 3172 3567 absurdumvideripossit.Utenim
3215 3496 3590 3568 singulorum

1947 3603 2055 3644 seu
2065 3585 2515 3660 particularium
2527 3585 2876 3642 communio
2893 3589 2982 3642 est
2991 3585 3330 3643 distributio
3343 3586 3585 3645 illorum

1943 3675 2417 3750 compositorum
2427 3691 2564 3748 quae
2574 3690 2646 3732 ex
2661 3674 3031 3748 simplicibus
3043 3680 3337 3747 constant,
3378 3677 3592 3735 eodem

1940 3766 2128 3824 modo
2138 3764 2484 3822 communio
2495 3765 2982 3837 temperationum
2998 3769 3086 3822 est
3103 3767 3590 3838 temperationum

1940 3854 2174 3912 divisio.
2227 3853 2345 3909 Illic
2409 3854 2571 3909 enim
2624 3853 2841 3910 divisio
2890 3857 2978 3910 est
3018 3855 3358 3911 communis
3399 3856 3592 3913 distri-

1939 3943 2128 4009 butio,
2159 3941 2257 3998 hic
2285 3955 2428 3997 vero
2451 3941 2586 4014 ipsa
2613 3941 2824 3998 divisio
2872 3945 2961 3997 est
3023 3943 3395 4014 communio,
3448 3959 3588 4001 cum

1937 4032 2178 4106 proprie
2207 4028 2338 4100 subj
2347 4032 2615 4086 ectorum
2627 4028 3078 4102 particularium
3094 4031 3170 4086 sit
3188 4030 3420 4087 divisio.
3437 4033 3588 4089 Nam

1937 4137 1974 4178 a
1997 4120 2194 4194 primo
2219 4117 2512 4176 elemento
2544 4132 2583 4174 a
2612 4133 2804 4190 usque
2851 4117 2931 4174 ad
2982 4122 3315 4175 extremum
3367 4141 3428 4187 ω,
3481 4121 3588 4192 qui

1935 4208 2254 4280 distribuit,
2283 4222 2406 4263 non
2425 4205 2556 4262 unit
2588 4212 2791 4278 partes
2819 4205 3145 4264 dividendo
3183 4212 3282 4275 ;at
3313 4208 3365 4264 si
3403 4209 3585 4265 trium

1935 4298 2196 4373 partium
2225 4295 2702 4353 distributionem
2737 4296 3050 4362 sumimus,
3078 4297 3276 4370 potius
3323 4299 3586 4371 partium

1934 4387 2221 4444 unionem
2260 4384 2578 4442 sumimus.
2644 4386 2838 4450 Quare
2875 4383 3088 4442 divisio
3144 4385 3246 4442 illa
3291 4401 3428 4459 quin
3481 4403 3587 4444 na-

1933 4480 2079 4534 tura:
2108 4475 2339 4532 ratione
2363 4472 2739 4530 constituitur
2791 4478 2880 4530 est
2921 4475 3085 4530 unio.
3132 4477 3204 4530 At
3259 4473 3399 4548 ipsa
3446 4476 3585 4533 unio

1933 4581 2070 4639 qua:
2099 4562 2514 4622 ﬁtsecundum
2534 4563 3027 4636 temperationem
3039 4567 3126 4620 est
3139 4565 3337 4636 potius
3369 4564 3585 4622 divisio

1932 4659 2014 4712 Ex
2030 4651 3148 4728 quorntelligiturillaqueenaturasunt
3182 4658 3239 4710 et
3278 4657 3578 4723 constant,

1931 4760 2071 4801 cum
2086 4742 2456 4807 dividuntur,
2469 4741 2978 4815 tempore,modo,
3002 4747 3105 4798 aut
3124 4741 3430 4814 qualitate,
3457 4756 3582 4797 non

1931 4830 2118 4887 dividi
2159 4828 2494 4886 secundum
2511 4834 2791 4887 naturam
2817 4830 2987 4902 (nam
3028 4828 3312 4886 omnibus
3363 4832 3582 4887 natura

1931 4918 2272 4977 communis
2292 4918 2426 4989 est),
2451 4917 2559 4974 sed
2582 4916 2918 4973 secundum
2933 4915 3411 4972 distributionem
3437 4919 3583 4974 tem-

1930 5008 2332 5082 perationum,
2363 5009 2579 5063 natura
2605 5009 2837 5062 tantum
2862 5004 3266 5078 principatum
3313 5010 3579 5075 gerente.

1931 5101 2080 5156 Nam
2111 5095 2495 5152 conferuntur
2519 5094 2979 5167 temperationes
3008 5097 3074 5150 ut
3106 5093 3495 5168 particulares
3509 5112 3582 5154 eo

1930 5185 2097 5262 quod
2135 5182 2486 5257 temperatio
2511 5199 2650 5240 cum
2680 5182 2809 5239 aliis
2853 5183 3387 5256 temperationibus
3417 5201 3582 5243 com-

1929 5277 2189 5352 ponitur,
2214 5272 2710 5347 quandoquidem
2738 5276 2795 5330 et
2813 5273 2959 5346 ipsa;
2992 5277 3134 5332 sunt
3163 5275 3581 5346 particulares,

1934 5370 2147 5424 Verum
2174 5379 2299 5421 non
2329 5362 2528 5420 omnis
2557 5363 2909 5436 temperatio
2939 5379 3079 5420 cum
3132 5364 3298 5420 omni
3349 5368 3582 5438 tempe-

1930 5456 2179 5514 ratione.
2216 5456 2364 5510 Nam
2391 5451 2558 5526 quod
2584 5453 2884 5509 musicum
2919 5453 3093 5510 estin
3143 5456 3378 5526 natura,
3430 5457 3582 5510 esset

1931 5561 2176 5619 quoque
2202 5541 3006 5604 coriariuminnaturazesto
3043 5543 3223 5616 igitur
3263 5543 3580 5603 coriarium
