4042 6214
173 41 234 70 ’τ’

301 109 333 192 ρ

293 239 384 340 273
1113 286 1467 343 THEODOBI
1495 288 1544 343 II
1583 285 1722 342 1MP.
1753 285 1843 342 DE
1874 284 2329 344 COMMUNIONE
2359 281 2712 344 NATURALI

3450 291 3586 346 1274

305 408 473 460 ςαύταὶ
503 410 634 480 πρὸς
672 406 824 466 αὐτὸς
862 405 1107 468 ἀλληλαις
1161 413 1436 481 συνέχειαν
1488 409 1702 482 ἔχουσι,
1749 413 1839 462 καὶ
1894 411 1942 465 Α
1998 411 2277 482 τπμσὴθω
2309 407 2680 486 ἑνδεκαμερῶς,
2712 412 2872 482 ἤγουν
2902 409 2933 468 ἢ
2961 429 2996 462 α
3021 408 3112 484 βγ
3153 407 3190 463 δ
3241 429 3265 462 ε
3303 409 3353 481 ζ,
3403 419 3593 484 τετμή-

305 489 440 567 ὶοίαν,
469 500 560 548 καὶ
614 501 744 557 πῶς.
799 493 972 550 Ἔστω
1028 501 1198 549 τοίνυν
1229 519 1262 550 α
1289 497 1325 571 β
1355 520 1388 570 7
1418 495 1452 551 δ
1482 519 1503 551 ε
1526 499 1558 560 ξ
1578 501 1604 551 ὁ
1658 498 1834 562 κύϐος,

305 581 528 644 Ἇωθὴτω
553 586 583 643 ἡ
613 605 646 637 α
679 585 768 646 ἕως
803 593 893 646 τῆς
915 585 1158 660 ἑκατέρας
1197 587 1356 648 αὐτῆς
1417 586 1453 661 β
1500 607 1554 640 τε
1599 591 1690 640 καὶ
1743 595 1840 648 τῆς

317 679 407 728 καὶ
437 676 467 733 ἡ
503 670 538 726 ὃ
563 676 695 749 πρὸς
713 677 805 733 τὴν
833 672 869 747 β
897 694 952 727 τε
981 681 1070 728 καὶ
1095 680 1190 734 τὴν
1219 697 1275 748 γ,
1305 680 1395 728 καὶ
1426 677 1456 735 ἡ
1482 695 1503 728 ε
1551 680 1682 748 πρὸς
1741 680 1836 734 τὴν

299 762 334 834 β
365 785 398 836 γ
431 759 485 834 δ,
515 768 604 815 καὶ
632 765 664 822 ἠ
697 763 730 824 ζ
750 765 946 836 ὁμοίως
971 768 1098 838 πρὸς
1121 769 1211 824 τὴν
1241 785 1275 818 α
1313 763 1408 838 βεγ
1437 763 1473 818 δ
1532 787 1544 800 ⁸
1606 765 1835 818 ἱνοῦνται

271 860 357 905 οῦν
384 851 540 905 αὗται
566 854 698 926 πρὸς
725 854 820 915 τὰς
841 852 1053 921 κλίσεις,
1087 857 1142 906 αἱ
1188 849 1248 907 δὲ
1301 856 1464 916 θέσεις
1488 859 1578 908 καὶ
1630 855 1836 918 ἔνὼσεις

229 941 398 994 αὐτῶν
419 940 754 1013 οἰκυκλικαὶ,
788 941 962 1018 ὥσπερ
1011 947 1102 995 καὶ
1155 941 1239 995 ἐπὶ
1289 951 1388 995 τῶν
1444 945 1834 1018 ἀριθμηθεισῶν

227 1039 484 1105 γραμμῶν
525 1031 654 1084 ἀλλὰ
716 1036 1099 1105 γεγωνιωμέναι
1160 1038 1249 1086 καὶ
1305 1033 1503 1097 κλίσεις
1557 1037 1783 1106 ἔχουσαι
1817 1079 1830 1091 .

227 1120 262 1178 ἡ
297 1125 342 1175 Α
371 1123 472 1194 ’γὰρ
493 1119 584 1179 ὅλη
613 1122 706 1182 ἕως
731 1120 852 1183 ὅλης
874 1130 964 1182 τῆς
991 1127 1044 1186 Β,
1073 1127 1163 1175 καὶ
1200 1122 1332 1180 αὕτη
1411 1125 1502 1186 ἕως
1569 1123 1692 1185 ὅλης
1742 1143 1833 1184 της

230 1213 293 1277 Γ,
326 1213 416 1262 καὶ
437 1209 568 1268 αὕτη
598 1209 692 1272 ἕως
719 1209 841 1270 ὅλης
870 1219 961 1271 τῆς
996 1217 1052 1280 Δ,
1093 1217 1182 1264 καὶ
1217 1214 1246 1270 ἡ
1309 1218 1348 1265 Ε
1377 1211 1472 1273 ἕως
1533 1213 1658 1264 ὅλων
1731 1219 1830 1264 τῶν

231 1303 493 1364 ΑΒΓΔ,
535 1304 626 1351 καὶ
677 1301 708 1357 ἡ
769 1305 808 1350 Ζ
863 1300 1054 1372 ὁμοίως
1107 1300 1196 1360 ἕως
1249 1299 1376 1353 ὅλων
1437 1301 1601 1354 αὐτῶν
1651 1307 1692 1354 Α
1729 1307 1832 1353 ΒΓ

229 1391 290 1442 Δ.
351 1391 590 1440 Φαίνεται
663 1395 788 1459 γοῦν
855 1387 910 1440 ἔκ
982 1391 1169 1441 τούτου
1241 1392 1320 1443 ὅτι
1394 1389 1647 1443 ἅπτονται
1715 1393 1828 1463 μὲν,

227 1475 300 1536 εἰς
327 1475 511 1536 ἑαυτὰς
537 1471 596 1529 δὲ
626 1472 804 1529 διόλου
859 1477 917 1529 ού
987 1481 1293 1554 στρέφονται
1347 1479 1606 1542 κυκλικῶς
1663 1482 1828 1532 εἰτουν

225 1571 481 1636 φυσικῶς.
525 1565 888 1637 Τμηθὴτωσαν
941 1573 1070 1637 γοῦν
1131 1568 1185 1616 αἱ
1239 1566 1526 1639 ἐπιφάνειαι
1582 1563 1656 1620 δι’
1707 1567 1826 1620 ὅλου

221 1661 413 1706 τούτου
443 1653 604 1706 κύϐου
650 1657 882 1726 πάχους,
939 1660 1028 1707 καὶ
1091 1655 1532 1729 συλληφθὴτωσαν
1577 1661 1719 1710 καπὰ
1767 1661 1826 1710 τὸ

222 1741 474 1814 ἀνάλογον
525 1741 701 1806 ἑξίσου
751 1741 842 1795 ὅλα
891 1745 958 1796 τὰ
1008 1748 1261 1816 τμήματα
1304 1765 1317 1778 ⁸
1375 1744 1654 1799 ἄκτέθειται
1703 1755 1826 1818 γοῦν

217 1833 254 1890 ἦ
290 1833 337 1886 Α
369 1827 648 1904 διάμετρος
677 1839 739 1905 τῇ
775 1837 832 1900 I‘,
876 1837 966 1884 καὶ
1006 1833 1037 1891 ἦ
1083 1840 1121 1885 Β
1155 1840 1220 1906 τῇ
1263 1841 1319 1904 Δ,
1360 1840 1450 1888 καὶ
1488 1837 1518 1894 ἡ
1561 1841 1600 1888 Ε
1633 1844 1694 1909 τῇ
1737 1841 1776 1889 Ζ
1808 1857 1822 1869 ο

221 1923 356 1973 ἵστω
391 1923 570 1992 γοῦνή
608 1923 739 1993 μετὰ
812 1921 906 1980 τὴν
975 1927 1016 1975 Α
1083 1927 1147 1994 Η,
1205 1928 1295 1976 καὶ
1350 1925 1381 1982 ἡ
1444 1927 1576 1997 μετὰ
1638 1929 1734 1984 τὴν
1788 1929 1827 1978 Γ

223 2017 292 2078 Θ,
319 2015 410 2063 καὶ
447 2012 478 2069 ἡ
520 2012 652 2083 μετὰ
689 2016 782 2069 τὴν
844 2017 883 2062 Β
949 2015 993 2081 Ῑ,
1063 2017 1152 2064 καὶ
1211 2015 1241 2070 ὴ
1308 2016 1441 2085 μετά
1495 2017 1589 2072 τὴν
1655 2021 1691 2066 Δ
1758 2021 1822 2082 Κ,

219 2103 311 2150 καὶ
342 2100 373 2156 ἠ
401 2103 534 2172 μετὰ
563 2103 721 2156 τήνΕ
763 2101 832 2166 Λ,
888 2104 979 2152 καὶ
1049 2101 1076 2159 ὁ
1139 2102 1267 2173 μετὰ
1329 2105 1424 2160 τὴν
1483 2108 1523 2154 Ζ
1596 2109 1666 2168 Μ,
1734 2107 1824 2156 καὶ

219 2186 436 2245 πάλινή
470 2189 715 2260 μετάτὴν
745 2189 789 2240 Η
845 2193 905 2256 Ε,
968 2191 1058 2241 καὶ
1101 2190 1131 2248 ἠ
1192 2190 1324 2261 μετὰ
1370 2194 1465 2248 τὴν
1522 2199 1567 2244 Θ
1622 2192 1681 2262 Ξ,
1733 2196 1823 2244 καὶ

221 2277 255 2334 ἡ
310 2278 443 2348 μετὰ
482 2280 578 2335 τὴν
639 2281 661 2330 Ι
709 2283 774 2346 0,
833 2281 923 2330 καὶ
979 2283 1005 2336 r',
1051 2280 1180 2350 μετὰ
1225 2283 1319 2336 τὴν
1386 2285 1430 2332 Κ
1494 2285 1560 2346 Π,
1626 2285 1715 2332 καὶ
1788 2283 1819 2339 ἠ

220 2366 356 2438 μετὰ
375 2369 469 2423 τὴν
527 2371 574 2419 Λ
641 2363 700 2432 P,
766 2367 907 2424 καὶή
977 2369 1108 2439 μετὰ
1168 2371 1263 2426 τὴν
1329 2367 1381 2421 Μ
1454 2375 1488 2421 Σ
1548 2390 1561 2402 ·
1625 2371 1824 2428 τεθητω

219 2461 348 2526 γοῦν
384 2456 416 2514 ἡ
471 2473 506 2506 α
543 2457 675 2528 πρὸς
726 2457 822 2512 τὴν
888 2453 924 2525 β
978 2476 1014 2528 γ
1055 2455 1372 2528 ἐπιφάνειαν,
1433 2459 1709 2531 τετμήσθω
1763 2455 1824 2512 δι

222 2537 596 2620 ἑνδεκαμερῶς,
623 2545 869 2606 ὡσαύτως
898 2563 988 2597 και
1016 2545 1046 2604 ἡ
1108 2542 1143 2598 δ
1205 2549 1333 2622 πρὸς
1387 2553 1482 2607 τὴν
1531 2567 1564 2600 α
1604 2569 1638 2620 γ
1704 2547 1821 2601 ἔπι-

223 2633 435 2705 φάνειαν
467 2627 806 2708 ἐνδεκαμερῶς
835 2633 1052 2710 ἑκατέρα
1086 2653 1142 2689 τε
1195 2641 1287 2690 καὶ
1335 2637 1572 2713 ἑκατέρα,
1627 2639 1822 2711 ὁμοίως

186 2856 667 2913 numerationem
692 2857 1066 2926 circularem,
1086 2859 1268 2916 etiam
1290 2860 1623 2917 secundum
1640 2876 1846 2934 super-

2001 500 2110 551 σθω
2141 497 2200 551 δὲ
2230 499 2533 574 ἔννεαμερὼς
2560 501 2699 558 καιή
2730 519 2760 558 η
2823 501 2850 551 θ
2892 521 2909 550 ι
2953 519 2986 550 κ
3021 499 3050 551 λ
3095 521 3154 572 μ,
3203 501 3479 571 τετμήσθω
3533 495 3592 553 δὲ

1999 586 2295 662 ἐπταμερῶς
2325 609 2415 640 και
2438 591 2468 648 ἡ
2500 589 2575 652 νξ
2604 608 2629 641 ο
2651 610 2689 642 π
2731 610 2760 662 ρ
2807 609 2859 656 σ,
2907 607 2996 640 και
3050 587 3389 647 ὺωθήτωσαν
3440 588 3590 651 αὖθις

1997 680 2132 730 κατὰ
2160 681 2219 729 τὸ
2241 676 2485 729 ἁνάπολιν
2510 679 2539 735 ἡ
2571 699 2596 728 ν
2621 694 2642 733 ,⁸
2675 698 2708 730 σ
2806 677 2877 740 ξε
2914 697 2943 752 ρ
3066 696 3092 729 ο
3126 691 3148 732 .⁶
3194 696 3233 730 π
3363 697 3392 736 η
3414 695 3435 732 ,⁸
3479 699 3518 750 μ

1999 765 2026 818 θ
2055 781 2079 822 ,⁸
2102 765 2130 818 λ
2228 786 2242 817 ι
2267 781 2289 822 ,⁸
2317 785 2349 818 κ
2462 785 2496 818 α
2520 781 2542 822 ,⁸
2570 787 2603 838 γ
2705 765 2741 840 β
2769 783 2793 824 ,⁸
2821 762 2856 819 δ
2875 785 2921 824 ::
2950 785 2974 819 ε
3004 781 3029 823 ,⁸
3079 766 3130 834 ζ,
3172 786 3262 819 και
3306 769 3592 826 συνέστηκε

1995 855 2147 907 πάλιν
2177 856 2204 907 ὁ
2258 856 2471 928 τμηθεὶς
2527 854 2679 916 κύϐος
2717 860 3019 928 τεμνόμενος
3047 877 3060 889 ⁸
3117 857 3222 930 ἄρα
3266 855 3424 919 κύϐος
3459 857 3591 930 εὑρί-

1998 963 2174 996 σκεται
2193 964 2283 996 και
2319 946 2677 1017 συντιθέμενος
2706 949 2796 997 καὶ
2826 944 3108 1017 ἑνούμενος,
3152 965 3242 997 και
3292 943 3445 997 πάλιν
3503 947 3591 996 κύ-

1995 1030 2078 1094 ϐος
2103 1034 2418 1109 εὑρίσκεται.
2445 1031 2534 1095 Ὠς
2556 1037 2658 1107 γὰρ
2689 1037 2718 1093 ἠ
2753 1054 2786 1087 α
2816 1031 2907 1107 βγ
2929 1030 2964 1086 δ
2989 1053 3011 1086 ε
3032 1034 3064 1094 ξ
3091 1037 3218 1108 πρὸς
3247 1039 3340 1093 τὴν
3368 1055 3398 1092 η
3442 1037 3471 1088 θ
3498 1055 3515 1087 ι
3557 1054 3590 1086 κ

1992 1121 2020 1172 λ
2057 1122 2351 1194 μ,ούτωςῆ
2382 1143 2412 1180 η
2447 1122 3000 1196 θικλμπρόςτὴνν
3032 1121 3228 1198 ξοπρ
3271 1143 3323 1189 σ,
3374 1123 3591 1196 ἑκατέρα

1991 1217 2086 1271 τῆς
2119 1211 2361 1286 ἑκατέρας
2387 1212 2654 1285 ὑπεροχὴν
2695 1210 2938 1283 ἀνάλογον
2995 1213 3218 1284 ἔχουσα.
3275 1213 3337 1264 Εἰ
3379 1209 3438 1265 δὲ
3498 1231 3589 1264 και

1992 1304 2066 1361 εὶς
2092 1299 2294 1362 πλείους
2341 1303 2506 1372 τομὰς
2542 1305 2573 1360 ἧ
2618 1301 2851 1362 ἐλάττους
2912 1303 3048 1354 κατὰ
3101 1306 3195 1360 τὴν
3253 1301 3415 1360 αὐτὴν
3469 1300 3589 1353 ἁνα-

1988 1388 2168 1460 λογίαν
2199 1390 2272 1452 εἰς
2306 1397 2546 1462 συνεχεῖς
2585 1389 2878 1464 ἑπιφανείάς
2929 1393 3103 1462 τέμνεν
3143 1409 3225 1452 τις
3281 1393 3368 1441 τὸν
3432 1388 3586 1442 κύϐον

1989 1480 2318 1553 πειράσεται,
2384 1482 2452 1530 τὰ
2507 1479 2642 1531 αύτὰ
2686 1497 2778 1531 και
2832 1479 2978 1540 οὗτος
3022 1480 3200 1554 εὑρὼν,
3255 1477 3410 1531 κύϐον
3457 1480 3587 1531 εἶναι

1989 1565 2127 1621 ἐάσει
2163 1567 2339 1623 αὐτόν.

2059 1657 2113 1713 ε’.
2147 1655 2409 1730 Ἐδείχθη
2449 1665 2574 1730 γοῦν
2623 1660 2797 1721 καθὼς
2854 1654 2962 1712 ἔδει
3013 1656 3062 1710 ἓν
3113 1665 3186 1728 τῷ
3239 1655 3383 1728 κύϐῳ
3430 1655 3584 1717 διττὴ

1991 1751 2259 1818 συνέχεια,
2311 1749 2341 1805 ἡ
2397 1749 2534 1799 κατὰ
2577 1746 2764 1799 κύκλον
2820 1765 2909 1798 και
2962 1747 2993 1806 ἠ
3067 1741 3326 1818 ἑξάεδρος.
3411 1741 3587 1797 Ἔστω

1985 1842 2110 1905 γοῦν
2141 1836 2170 1894 ἠ
2205 1839 2339 1888 κατᾶ
2357 1835 2544 1888 κύκλον
2583 1855 2674 1888 και
2712 1835 2978 1910 ἀριθμητὴ
3021 1838 3240 1908 φυσικὴ,
3281 1835 3312 1892 ἠ
3356 1830 3416 1886 δέ
3452 1835 3588 1886 κατὰ

1983 1928 2041 1977 τὸ
2102 1923 2225 1978 ἄλλο
2291 1934 2485 1999 σχῆμα
2539 1929 2677 1978 κατὰ
2729 1932 2918 2002 κρᾶσιν
2973 1945 3064 1977 και
3113 1923 3254 1994 μίξιν
3307 1943 3320 1957 ·
3372 1926 3428 1975 αἳ
3481 1925 3584 1999 γὰρ

1985 2016 2194 2088 κράσεις
2275 2020 2483 2088 μικταὶ,
2575 2017 2644 2068 τὰ
2736 2011 2797 2068 δι
2884 2017 3243 2087 γεγωνιωμένα
3323 2017 3586 2086 σχήματα

1985 2093 2206 2176 ἔμφασιν
2269 2103 2459 2176 έχουσι
2523 2103 2740 2178 μιζεως,
2801 2099 2896 2157 διὰ
2944 2109 3095 2156 τοῦτο
3150 2103 3210 2155 τὸ
3261 2109 3355 2154 τοῦ
3420 2099 3582 2154 κύϐου

1986 2201 2180 2263 σχῆμα
2225 2195 2407 2246 καθότι
2466 2197 2847 2266 γεγωνιωμένον
2899 2195 3103 2265 μικτὸν.
3155 2191 3217 2245 Εἰ
3266 2187 3426 2244 δ’ὅτι
3492 2209 3584 2243 και

1983 2287 2133 2333 τοῦτο
2163 2289 2259 2344 τῆς
2315 2285 2512 2355 φύσεως
2577 2301 2667 2334 και
2732 2282 2759 2335 ὁ
2823 2281 3009 2344 κύκλος
3063 2287 3159 2344 τῆς
3225 2282 3428 2353 φύσεως
3492 2299 3583 2332 και

1983 2378 2240 2422 κοινωνεῖν
2313 2369 2426 2423 κατ’
2499 2372 2625 2424 αύτό
2702 2369 2823 2444 εἴπῃ
2897 2365 3107 2428 δηλαδὴ
3200 2387 3284 2431 τις
3386 2367 3583 2440 στέρξω

1984 2456 2110 2510 αύτό
2179 2479 2192 2492 ο
2261 2457 2311 2511 ἓν
2374 2461 2475 2532 γὰρ
2541 2467 2604 2532 τῇ
2697 2463 2849 2532 φύσει
2923 2460 3110 2511 καθότι
3195 2465 3293 2520 τῆς
3380 2459 3583 2529 φύσεως

1984 2547 2214 2600 ενούνται
2242 2547 2468 2612 ἅπαντα,
2499 2555 2672 2620 ὥσπερ
2730 2567 2822 2600 και
2877 2547 2945 2608 εὶς
2985 2550 3044 2599 τὸ
3095 2553 3310 2619 σημεῖον
3375 2547 3432 2598 αἰ
3481 2543 3584 2598 διπό

1981 2643 2078 2698 τῆς
2139 2641 2465 2711 περιφερείας
2511 2636 2602 2689 τοῦ
2655 2635 2846 2688 κύκλου
2915 2639 3154 2709 γραμμαὶ
3218 2634 3585 2708 εἰσερχομεναι

1953 2857 2152 2930 ipsam
2179 2875 2201 2914 ι
2225 2858 2410 2916 altera
2429 2874 2490 2928 p,
2503 2861 2640 2931 post
2663 2857 2861 2932 ipsam
2878 2859 2917 2914 Ιι
2949 2856 3137 2914 altera
3164 2874 3223 2928 q,
3255 2860 3386 2928 post
3409 2856 3607 2928 ipsam

184 2944 380 3001 ﬁcies.
413 2946 710 3011 Quoniam
741 2951 943 3003 autem
957 2948 1286 3004 harmoniai
1299 2949 1844 3021 partiumomnium
1876 2965 1918 3022 ρ
1957 2948 2190 3004 taltera
2217 2963 2272 3018 ν,
2310 2947 2666 3020 postipsam
2697 2963 2755 3003 m
2780 2947 2964 3003 altera
2992 2961 3040 3014 ε,
3071 2950 3206 3020 post
3229 2945 3428 3017 ipsam
3456 2960 3497 3000 η
3527 2943 3609 3000 al-

188 3033 331 3090 cubi
361 3039 607 3107 propter
653 3050 975 3092 numerum
1009 3036 1088 3092 ad
1140 3036 1430 3094 circulum
1489 3037 1846 3107 referuntur,

187 3122 448 3179 circulus
460 3139 603 3180 vero
615 3124 888 3180 omnium
902 3125 1145 3180 aliarum
1158 3125 1480 3196 ﬁgurarum
1493 3127 1846 3183 estmaxime

187 3211 481 3268 naturalis
534 3213 922 3286 maximeque
994 3213 1332 3284 uniformis,
1372 3231 1566 3288 neque
1625 3215 1847 3271 mixtus

186 3303 302 3369 est,
331 3299 438 3356 sed
479 3300 733 3374 simplex
787 3305 845 3358 et
863 3317 936 3358 ex
991 3301 1265 3375 partibus
1302 3318 1426 3360 non
1481 3303 1706 3374 multis,
1758 3307 1846 3360 est

187 3391 441 3446 omnino
465 3405 712 3447 necesse
743 3391 1083 3448 secundum
1129 3408 1475 3462 numerum,
1505 3392 1846 3450 naturalem

181 3477 513 3558 intelligere
535 3479 675 3535 cubi
712 3480 1243 3544 continuationem,
1285 3483 1533 3554 quando
1559 3483 1846 3538 nimirum

183 3567 268 3624 ad
322 3567 525 3624 circuli
581 3567 1093 3624 continuationem
1120 3576 1461 3628 revocatur.

255 3659 310 3714 4.
344 3657 475 3713 Jam
501 3672 643 3713 vero
665 3657 1115 3714 consideremus
1155 3658 1335 3715 etiam
1373 3660 1598 3716 cubum
1635 3676 1845 3718 secun-

177 3744 338 3802 dum
363 3745 676 3802 continuas
707 3745 1079 3818 superﬁcies,
1111 3762 1188 3802 an
1217 3747 1370 3820 ipsa;
1397 3749 1550 3805 inter
1580 3765 1642 3804 se
1663 3749 1848 3806 conti-

175 3833 546 3890 nuationem
574 3833 865 3904 habeant,
885 3839 943 3891 et
971 3834 1214 3908 qualem
1240 3841 1298 3892 et
1353 3837 1684 3909 quomodo.
1709 3840 1846 3893 Esto

175 3925 370 3994 igitur
407 3938 446 3980 a
479 3923 512 3978 b
533 3938 562 3980 e
591 3923 633 3979 d
651 3939 681 3980 e
704 3924 745 3994 Γ
763 3921 974 3980 cubus.
1002 3925 1249 3980 Uniatur
1279 3925 1622 3998 superﬁcies
1653 3941 1688 3981 α
1717 3940 1847 3980 cum

183 4016 469 4084 utraque,
499 4011 778 4084 nempe,b
808 4017 862 4069 et
892 4029 924 4069 c
946 4026 972 4085 ;
997 4005 1138 4069 item
1176 4013 1218 4068 d
1267 4030 1408 4070 cum
1440 4015 1472 4070 ὁ
1504 4019 1560 4070 et
1589 4029 1620 4070 c
1651 4027 1676 4087 ,‘
1704 4014 1844 4069 item

184 4117 217 4158 e
248 4117 390 4158 cum
413 4117 452 4158 a
479 4102 511 4158 ὁ
539 4118 570 4158 c
595 4103 656 4170 d,
687 4102 950 4175 itemque
969 4105 1157 4174 [cum
1195 4118 1233 4160 a
1273 4105 1305 4160 ὁ
1327 4119 1358 4160 c
1386 4104 1428 4160 d
1455 4119 1504 4161 e.
1555 4104 1848 4160 Uniuntur

183 4190 375 4260 igitur
409 4190 470 4246 in
494 4189 730 4260 angulis
785 4189 1266 4250 inclinationum.
1318 4192 1472 4250 Situs
1498 4209 1640 4250 vero
1671 4198 1728 4248 et
1753 4208 1850 4248 co-

189 4278 534 4351 pulationes
558 4279 829 4352 ipsarum
849 4296 974 4336 non
1013 4285 1152 4336 sunt
1180 4281 1585 4350 circulares,ut
1609 4299 1746 4339 cum
1771 4283 1848 4338 ad

189 4384 517 4425 numerum
535 4365 726 4424 lineas
764 4368 1217 4442 revocabamus,
1246 4371 1352 4426 sed
1377 4372 1440 4427 in
1470 4372 1724 4442 angulos
1753 4387 1849 4428 re-

190 4457 486 4528 diguntur
550 4461 606 4514 et
652 4456 1067 4513 inclinationes
1116 4457 1361 4516 habent.
1420 4464 1569 4516 Nam
1634 4464 1758 4517 tota
1810 4476 1849 4518 α

187 4561 391 4618 usque
429 4545 506 4602 ad
540 4551 726 4603 totam
761 4546 792 4601 ὁ
817 4547 1117 4618 pertingit,
1139 4553 1197 4604 et
1222 4549 1350 4604 haec
1380 4565 1568 4623 usque
1632 4549 1712 4604 ad
1759 4555 1847 4606 to-

186 4641 321 4692 tam
351 4635 560 4705 c,item
589 4635 718 4692 haec
748 4651 944 4708 usque
995 4635 1075 4692 ad
1105 4642 1289 4694 totam
1320 4637 1379 4705 d,
1413 4644 1466 4694 et
1492 4654 1523 4696 ε
1552 4654 1741 4711 usque
1769 4638 1846 4695 ad

186 4729 349 4782 totas
380 4740 416 4780 a
447 4723 479 4780 b
510 4741 541 4781 c
566 4725 625 4795 d,
648 4725 787 4781 item
809 4727 850 4796 Γ
889 4741 1082 4798 usque
1134 4725 1210 4782 ad
1235 4731 1390 4782 totas
1418 4742 1455 4783 a
1493 4728 1525 4782 b
1555 4743 1587 4783 c
1612 4728 1653 4782 d
1685 4742 1734 4784 e.
1766 4729 1848 4783 Ex

183 4829 318 4888 quo
344 4811 687 4884 intelligitur
714 4813 878 4886 ipsas
909 4829 972 4870 se
1000 4815 1151 4870 inter
1183 4801 1252 4870 se
1285 4821 1546 4887 tangere,
1600 4816 1707 4872 sed
1732 4815 1846 4872 hoc

181 4901 380 4959 modo
400 4899 478 4958 ad
511 4901 863 4959 circularem
919 4903 1374 4960 conversionem
1405 4909 1461 4960 et
1509 4903 1845 4960 naturalem

181 4990 688 5049 communionem
738 5007 862 5048 non
891 4992 1178 5048 revocari.
1206 4993 1487 5049 Secentur
1534 4993 1714 5062 itigur
1747 5009 1844 5048 su-

181 5078 466 5153 perﬁcies
486 5095 592 5152 per
611 5083 797 5136 totam
818 5078 956 5136 cubi
980 5079 1377 5150 altitudinem,
1391 5087 1446 5137 et
1471 5081 1843 5151 colligantur,

186 5166 417 5240 aequali
438 5167 824 5240 proportione
840 5165 1181 5235 observata,
1206 5184 1416 5225 omnes
1433 5170 1707 5226 sectionis
1737 5185 1848 5242 par

184 5262 303 5313 ms.
336 5256 656 5329 Expositus
685 5261 775 5312 est
797 5256 978 5327 igitur
1005 5262 1061 5312 et
1113 5257 1448 5314 substratus
1495 5258 1786 5315 diameter
1809 5273 1847 5313 a

187 5345 313 5418 ipsi
339 5361 388 5413 c,
421 5349 478 5401 et
507 5345 540 5400 ὁ
559 5343 674 5418 ipsi
697 5345 758 5413 d,
772 5345 999 5418 eteipsi
1009 5347 1061 5416 f.
1079 5349 1217 5402 Esto
1243 5345 1420 5416 igitur
1432 5352 1566 5420 post
1587 5349 1779 5419 ipsam
1808 5363 1846 5404 a

188 5434 380 5490 altera
393 5435 453 5502 h,
479 5450 592 5508 pos
615 5434 810 5507 ipsam
835 5451 866 5491 c
887 5435 1143 5505 alterak,
1165 5441 1302 5508 post
1327 5438 1520 5508 ipsam
1546 5436 1578 5491 b
1601 5437 1785 5494 altera
1801 5439 1844 5504 ἱ,

187 5527 335 5596 post
360 5523 556 5596 ipsam
587 5526 629 5579 d
655 5522 840 5580 altera
883 5525 922 5591 ι,
951 5539 1064 5596 pos
1083 5523 1281 5596 ipsam
1313 5540 1344 5580 e
1385 5525 1574 5581 altera
1599 5543 1678 5596 m,
1710 5531 1850 5598 post

186 5611 394 5683 ipsam
403 5613 446 5684 f
458 5611 643 5670 altera
662 5627 727 5679 η,
747 5627 957 5668 rursus
984 5615 1123 5684 post
1138 5613 1340 5685 ipsam
1366 5615 1406 5669 Ιι
1426 5613 1608 5672 altera
1633 5631 1686 5685 ο,
1707 5617 1848 5687 post

1954 3040 2139 3092 terat.
2174 3041 2529 3108 Apponatur
2556 3035 2734 3106 igitur
2761 3036 2898 3110 ipsa
2917 3049 2952 3091 a
2985 3033 3318 3106 superﬁciei
3346 3033 3379 3088 ὁ
3410 3048 3441 3089 c
3461 3047 3486 3089 .'
3515 3047 3606 3088 se-

1954 3136 2120 3181 cetur
2148 3140 2290 3181 vero
2307 3124 2371 3180 in
2401 3123 2682 3180 undecim
2720 3129 2939 3197 partes.
2963 3122 3186 3178 Eodem
3209 3121 3390 3177 modo
3409 3121 3547 3193 ipsa
3565 3120 3608 3176 d

1956 3212 2290 3286 superﬁciei
2309 3229 2348 3270 α
2373 3228 2412 3268 a
2448 3216 2809 3284 apponatur,
2837 3216 2895 3268 et
2920 3211 3290 3284 reliquarum
3326 3207 3608 3282 quaelibet

1955 3300 2141 3358 altera
2170 3301 2334 3358 alteri
2361 3301 2637 3372 apposita
2661 3300 2928 3356 similiter
2966 3303 3197 3356 secetur
3232 3298 3294 3355 in
3321 3297 3604 3354 undecim

1952 3395 2153 3463 partes
2175 3405 2396 3462 nempe
2435 3405 2472 3446 a
2495 3390 2524 3445 b
2563 3406 2594 3447 c
2619 3389 2662 3446 ιι
2685 3404 2715 3446 e
2741 3389 2792 3460 f.
2836 3389 3058 3446 Deinde
3088 3388 3129 3446 Ιι
3166 3389 3250 3459 iﬂ
3281 3389 3303 3444 ι
3346 3404 3405 3444 m
3434 3403 3476 3444 η
3507 3402 3604 3443 se-

1955 3485 2163 3537 centur
2190 3480 2251 3535 in
2290 3495 2502 3536 novem
2527 3484 2750 3553 partes.
2793 3480 3102 3536 Postremo
3140 3495 3173 3534 o
3206 3494 3252 3548 ρ
3276 3495 3312 3550 q
3343 3493 3377 3533 r
3398 3493 3426 3534 ε
3456 3481 3479 3532 ι
3517 3493 3606 3534 se-

1955 3573 2164 3625 centur
2186 3568 2249 3624 in
2279 3572 2507 3640 septem
2532 3573 2731 3633 partes
2761 3583 2832 3625 ac
2870 3567 2945 3623 de
2998 3567 3228 3640 integro
3277 3581 3605 3638 coagmen-

1953 3661 2151 3714 tentur
2169 3657 2314 3730 ipsae
2339 3660 2539 3729 partes
2570 3656 2727 3714 facto
2748 3655 2913 3714 initio
2935 3673 2973 3713 a
3003 3656 3338 3730 postremis,
3369 3661 3605 3712 contra-

1952 3745 2607 3804 rioetinversoordine.
2641 3745 2650 3817 Ι
2683 3735 2786 3802 ολ.
2823 3747 2832 3818 |
2861 3761 2977 3816 ρης.
3010 3744 3020 3818 |
3062 3761 3184 3816 μγ.
3218 3746 3228 3816 |
3273 3745 3398 3802 Ιι.η.
3434 3744 3444 3816 |
3475 3745 3602 3800 22m.

1982 3836 1994 3908 Ι
2063 3835 2122 3890 h.
2167 3836 2190 3890 ι
2245 3837 2256 3905 ι
2313 3849 2445 3891 a.c.
2503 3849 2513 3905 |
2575 3834 2720 3904 b,d.
2778 3835 2788 3906 Ι
2839 3849 2886 3891 e.
2909 3835 3272 3906 f.—Atque
3299 3833 3384 3889 ita
3411 3832 3604 3888 cubus

1955 3931 2150 3982 sectus
2221 3924 2526 3980 restitutus
2564 3928 2669 3980 est.
2713 3926 2860 3981 Cum
2898 3923 3076 3996 igitur
3109 3928 3364 3988 secatur,
3414 3921 3607 3978 cubus

1953 4015 2264 4086 reperitur,
2279 4017 2484 4069 etcum
2497 4012 2943 4085 componituret
2964 4015 3438 4083 coagmentatur,
3467 4025 3601 4066 rur-

1957 4119 2059 4160 sus
2073 4101 2263 4158 cubus
2276 4102 2584 4173 reperitur.
2608 4103 2726 4158 Uta
2740 4100 2772 4155 ὸ
2787 4100 2870 4155 cd
2879 4117 2910 4157 ι-
2919 4102 2950 4171 f
2966 4116 3028 4156 se
3056 4097 3329 4156 habetad
3347 4100 3386 4156 h
3403 4099 3460 4154 il
3469 4115 3526 4156 m
3538 4115 3602 4170 η,

1958 4192 2042 4247 sic
2069 4191 2104 4246 h
2133 4191 2158 4246 ἰ
2183 4191 2220 4246 k
2251 4191 2346 4246 lm
2369 4206 2408 4246 η
2426 4189 2504 4245 ad
2526 4205 2558 4245 ο
2578 4189 2610 4244 b
2636 4206 2673 4261 ι]
2694 4206 2728 4244 r
2755 4193 2842 4245 st:
2871 4188 2956 4245 sic
2981 4193 3046 4245 ut
3073 4187 3259 4244 altera
3277 4203 3420 4260 pars
3441 4187 3606 4245 alieri

1877 4318 1919 4370 ι)
1958 4297 2094 4338 cum
2118 4279 2502 4352 proportione
2526 4277 2794 4370 excellat.
2820 4279 2992 4344 Quod
3005 4277 3272 4370 siquisin
3285 4277 3490 4370 plures
3513 4293 3604 4334 se-

1957 4373 2183 4425 ctiones
2213 4367 2610 4426 autminores.
2627 4366 2951 4422 observata
2961 4365 3176 4422 eadem
3193 4362 3602 4438 proportione,

1957 4457 2183 4514 cubum
2221 4471 2422 4512 secare
2451 4455 2511 4510 in
2525 4455 2838 4512 continuas
2880 4455 3228 4528 superﬁcies
3266 4451 3605 4521 conabitur,

1955 4546 2051 4603 hic
2069 4544 2287 4601 ilsdem
2317 4544 2564 4616 repertis
2589 4563 2601 4612 ;
2625 4543 2830 4616 ipsum
2859 4544 3011 4601 sinet
3049 4559 3178 4600 esse
3216 4541 3461 4598 cubum.

2029 4640 2080 4691 5.
2111 4633 2504 4690 Probavimus
2532 4632 2732 4702 igitur,
2765 4637 2829 4688 ut
2852 4633 3186 4706 oportebat,
3218 4631 3281 4686 in
3311 4629 3467 4686 cubo
3493 4627 3605 4682 du-

1956 4723 2172 4796 plicem
2193 4739 2324 4780 esse
2345 4721 2876 4791 continuationem,
2917 4721 3262 4777 circularem
3302 4734 3508 4781 unam,
3549 4720 3606 4772 et

1956 4812 2207 4868 alteram
2234 4811 2624 4867 hexaedram.
2649 4813 2786 4866 Esto
2811 4810 2989 4879 igitur
3019 4807 3305 4866 naturalis
3342 4805 3441 4861 illa
3467 4819 3602 4878 qum

1955 4907 2047 4958 est
2065 4900 2369 4956 circularis
2394 4905 2452 4956 et
2475 4895 2885 4965 numerabilis,
2914 4904 2974 4953 at
3002 4897 3100 4953 illa
3115 4913 3253 4969 qum
3279 4899 3366 4950 est
3395 4909 3602 4950 secun-

1955 4989 2103 5046 dum
2129 4988 2309 5045 aliam
2339 4989 2600 5058 ﬁguram
2623 4992 2749 5043 esto
2780 4986 3147 5042 continuatio
3177 4986 3606 5055 coagmentata

1955 5083 2012 5135 et
2032 5077 2234 5132 mixta.
2267 5080 2415 5133 Nam
2437 5075 2897 5148 temperationes
2917 5077 3056 5130 sunt
3081 5073 3300 5129 mixtae.
3326 5075 3506 5129 Porro
3534 5071 3600 5127 ﬁ-

1955 5181 2117 5238 guraa
2143 5162 2377 5234 angulis
2427 5161 2691 5235 praedita;
2732 5161 3033 5217 mixtionis
3067 5161 3293 5218 habent
3317 5160 3602 5233 speciem.

1956 5253 2363 5322 Quamobrem
2401 5251 2598 5322 ﬁgura
2635 5251 2865 5323 cubica,
2907 5255 3206 5323 quatenus
3246 5255 3335 5307 est
3364 5249 3600 5321 angulis

1953 5343 2222 5419 praedita,
2257 5347 2349 5398 est
2363 5341 2569 5397 mixta.
2595 5340 2766 5406 Quod
2787 5340 2834 5395 si
2859 5341 2996 5414 quis
3013 5339 3174 5396 dicat
3192 5346 3248 5396 et
3276 5339 3392 5396 hoc
3418 5344 3474 5396 et
3494 5339 3603 5394 cir-

1955 5434 2158 5491 culum
2187 5448 2314 5490 esse
2333 5436 2581 5494 naturai,
2607 5430 2863 5504 ideoque
2883 5430 3035 5486 inter
3052 5446 3112 5486 se
3133 5429 3600 5490 communicare,

1954 5533 2077 5581 non
2089 5523 2356 5595 rejiciam
2375 5520 2614 5590 ;namin
2627 5524 2842 5576 natura
2869 5524 2932 5576 ut
2953 5523 3090 5575 sunt
3110 5523 3359 5583 naturae,
3386 5517 3601 5571 uniun-

1954 5617 2050 5669 tur
2077 5611 2304 5682 omnia,
2343 5609 2865 5683 quemadmodum
2888 5609 2950 5665 in
2977 5607 3196 5664 circulo
3224 5615 3435 5663 omnes
3463 5617 3600 5674 quae
