4042 6214
524 342 661 413 1259
2130 322 2364 395 ADDEN
2373 328 2482 395 DA.
3727 336 3858 390 {250

1590 602 2824 791 ΘΕΟΔΩΡΟΥ

1907 910 2083 977 ΤΟΥ
2134 903 2312 974 ΔΑΣ
2332 905 2546 973 KAPI

1739 453 3860 493 ψ

521 462 1736 514 ετξ-μ’

1084 1120 1214 1170 ΤΟΥ
1250 1119 1404 1169 ΥΙΟΥ
1440 1118 1569 1167 ΤΟΥ
1619 1113 1939 1165 ΜΕΓΑΛοΥ
1976 1110 2296 1161 ΒΑΣΙΛΕΩΣ
2339 1110 2550 1159 ΚΥΡοΥ
2584 1106 2885 1156 ΙΩΑΝΝΟΥ
2919 1104 3051 1155 ΤΟΥ
3089 1101 3313 1154 ΔΟΥΚΑ

1444 1296 1659 1385 ΤΗΣ
1738 1292 2231 1383 ΦΥΣΙΚΗΣ
2317 1284 2936 1377 ΚΟΙΝΩΝΙΑΣ

1868 1506 2239 1598 ΛΟΓΟΙ
2316 1495 2490 1592 ΕΞ.

1012 1844 2171 2018 THEODORI
2284 1838 3377 2005 LASGARIS

1573 2142 1777 2209 FILII
1822 2137 2112 2206 SUMMI
2154 2137 2515 2206 JOANNIS
2559 2137 2811 2200 DUC/E

1150 2348 1336 2459 DE
1445 2344 2199 2457 NATURALI
2294 2339 3225 2452 COMMUNIONE

1857 2592 2206 2689 LIBRI
2273 2589 2528 2686 SEX

584 2822 809 2892 (Graeca
835 2832 995 2873 nunc
1021 2813 1282 2888 primum
1312 2811 1693 2885 prodeuntex
1723 2808 1985 2867 cod.ms.
2018 2811 2157 2874 Reg.
2182 2810 2374 2873 MMIV,
2399 2806 2473 2863 de
2489 2823 2612 2881 quo
2643 2807 2981 2934 Cataloius:
3001 2828 3028 2858 «
3060 2804 3260 2862 Codex
3274 2804 3861 2881 membranaceusin

584 2909 633 2934 ιη
659 2889 1040 2934 mniinnninr
1068 2885 1355 2934 Theodori
1391 2883 1654 2934 Lascaris
1683 2884 1828 2934 imo.
1861 2881 1936 2934 de
1967 2879 2512 2934 communicatione
2538 2878 2788 2934 nhvsica
2816 2878 2853 2933 li
2903 2880 2950 2933 ri
2977 2893 3077 2933 sex
3111 2880 3306 2933 Graece
3351 2876 3649 2932 mondum
3701 2876 3860 2934 editi.

509 2876 633 2965 quo
659 2876 1040 2965 continuntur
1064 2876 1356 2965 Theodori
1390 2883 1662 2965 Lascaris.
1683 2881 1945 2965 impzde.
1967 2876 2950 2965 communicatioptfphxsica‘libri
2977 2893 3077 2965 seis
3111 2880 3306 2958 Graece
3351 2876 3860 2965 mondum‘fditi,

508 2946 785 3019 ljsvcodel
816 2958 1034 3016 seculo
1063 2957 1175 3013 XIII
1206 2960 1484 3011 exaratos
1507 2954 1741 3009 videtur
1762 2946 1790 3003 ἦ
1825 2952 2028 3008 Latine
2062 2949 2235 3007 vertit
2277 2955 2333 3005 et
2386 2946 2569 3005 edidit
2623 2946 2909 3006 Claudius
2973 2949 3259 3004 Auberius
3312 2948 3426 3003 sub
3488 2948 3603 3019 hoc
3648 2946 3857 3019 titulo:

508 3017 536 3084 ξ‹
564 3017 855 3090 Theodori
892 3034 1066 3086 Ducas
1108 3026 1395 3097 Lascaris,
1446 3026 1592 3097 imp.
1665 3027 1809 3097 Caes.
1855 3023 2122 3097 Joannis
2161 3023 2315 3091 Aug,
2372 3021 2497 3097 lilii,
2528 3021 2629 3097 _de
2659 3020 3229 3097 communicatione
3278 3019 3535 3097 naturali
3585 3018 3724 3097 libri
3778 3017 3857 3097 Y1,

507 3088 866 3177 admiranda
897 3099 1279 3177 philosophia
1304 3088 1709 3177 refertiL‘nunc
1724 3095 1989 3177 primum
2013 3094 2075 3149 in
2096 3088 2308 3177 lucem
2326 3090 2542 3165 prolaIi
2562 3095 2634 3177 et“
2647 3092 2715 3177 in
2746 3091 3203 3177 Latinamversi
3232 3106 3270 3147 a
3297 3088 3855 3177 ClaudionAubfsio.

504 3161 956 3242 'l‘riuncuriano,
990 3188 1062 3230 ex
1081 3161 1153 3226 J.‘
1178 3167 1461 3228 Sambuci
1499 3161 1559 3225 γ.
1590 3171 1650 3226 C.
1680 3161 2065 3224 bibliotheca.
2096 3161 2347 3221 Basileai
2368 3179 2530 3221 anno
2574 3167 2731 3234 1561,
2761 3163 2908 3220 ἱην8ο
2945 3162 3116 3233 (Bibl.
3146 3163 3295 3235 imp.
3324 3161 3505 3219 Paris.
3547 3163 3613 3218 R.
3679 3166 3851 3229 1755),

1289 3440 2187 3552 HYPOTHESIS
2248 3438 3057 3548 GENERALIS

785 3686 1068 3781 SEX
1204 3682 2042 3780 SERMONUM
2191 3681 2995 3774 THEODORI
3142 3675 3563 3775 DUCAE

1526 3890 1651 3957 DE
1695 3888 2161 3959 NATURALI
2202 3888 2819 3960 COMMUNIONE

1300 4086 1622 4158 Confecta
1666 4109 1706 4155 a
1753 4084 2033 4157 Claudio
2082 4083 2386 4154 Auberio
2434 4082 2951 4153 Triuncuriano.

550 4384 660 4438 Res
688 4397 900 4439 omnes
927 4397 1048 4439 uno
1075 4381 1345 4455 quodam
1370 4381 1664 4440 societatis
1704 4378 1940 4438 vinculo
1967 4380 2363 4438 continentur.
2388 4381 2587 4452 Neque
2610 4378 2726 4435 hoc
2757 4378 2832 4435 de
2856 4377 2926 4434 iis
2948 4377 3241 4436 duntaxat
3294 4378 3477 4436 rebus
3524 4378 3667 4455 quae
3724 4379 3842 4438 sub

475 4486 724 4529 sensum
758 4471 983 4529 cadunt
1012 4477 1069 4527 et
1097 4488 1170 4527 ex
1195 4471 1499 4528 elementis
1538 4474 1831 4540 constant,
1862 4484 2069 4527 verum
2086 4470 2264 4526 etiam
2277 4468 2350 4524 de
2379 4466 2773 4539 intelligentiis
2804 4483 2908 4523 seu
2921 4468 3242 4534 mentibus,
3258 4468 3332 4525 de
3348 4470 3842 4541 animis,animo-

469 4575 606 4616 rum
645 4561 1056 4633 potestatibus,
1093 4560 1167 4616 de
1196 4559 1542 4616 hominibus
1566 4560 1710 4631 ipsis
1728 4557 1880 4616 inter
1905 4576 1965 4615 se
1991 4559 2251 4632 denique
2276 4557 2349 4613 de
2381 4558 2547 4613 omni
2573 4555 2907 4614 liberalium
2934 4573 3003 4613 ac
3021 4558 3420 4628 ingenuarum
3444 4560 3840 4618 scientiarum

468 4652 526 4706 et
558 4649 775 4707 artium
806 4649 1076 4706 doctrina
1093 4648 1320 4705 dictum
1350 4648 1545 4704 velim.
1570 4648 1741 4714 Quod
1770 4648 1818 4704 si
1834 4649 1969 4721 quis
1998 4663 2219 4719 genera
2244 4663 2445 4703 rerum
2473 4647 2787 4718 diligenter
2807 4647 3107 4703 intueatur
3132 4648 3296 4705 nullo
3312 4649 3553 4720 negotio
3583 4651 3645 4706 id
3665 4650 3842 4724 quod

465 4737 727 4796 diximus
748 4738 1174 4812 deprehendet.
1204 4740 1273 4795 Et
1305 4741 1371 4794 ut
1396 4737 1473 4794 ab
1501 4736 1572 4792 iis
1585 4735 1764 4794 rebus
1792 4753 1925 4810 quae
1953 4751 2162 4793 sensus
2182 4740 2415 4794 nostros
2439 4752 2563 4793 non
2580 4736 2832 4808 fugiunt,
2851 4736 3371 4811 exordiamur.qui
3393 4738 3667 4812 aliquam
3693 4755 3844 4813 ope-

458 4842 591 4885 ram
619 4828 680 4885 in
702 4828 1095 4902 philosophiae
1127 4826 1324 4885 studio
1348 4830 1697 4899 posuerunt,
1719 4829 2052 4883 noruntres
2073 4841 2284 4882 omnes
2320 4829 2537 4882 natura
2588 4825 2873 4883 contineri
2925 4830 2981 4882 et
3033 4826 3186 4883 uniri
3241 4828 3297 4883 vi
3354 4826 3654 4898 ejusdem,
3691 4846 3841 4903 quae

458 4917 707 4988 quidem
733 4922 950 4975 natura
978 4922 1271 4991 tanquam
1303 4915 1402 4973 Dei
1431 4914 1641 4988 optimi
1668 4914 1919 4971 maximi
1940 4915 2215 4972 ministra
2244 4915 2306 4971 in
2343 4913 2524 4971 rebus
2553 4914 2925 4972 naturalibus
2956 4914 3319 4989 principium
3366 4922 3455 4973 est
3497 4923 3710 4974 motus
3762 4934 3838 4975 ac

456 5006 695 5076 quietis.
723 5008 823 5064 Est
860 5008 1037 5080 igitur
1061 5011 1278 5064 natura
1314 5005 1375 5062 in
1403 5004 1519 5063 hoc
1545 5004 1776 5060 mundo
1807 5004 2149 5062 elementari
2164 5009 2452 5078 tanquam
2466 5004 2834 5071 centrum,in
2853 5019 2974 5077 quo
2988 5005 3274 5062 uniuntur
3293 5006 3499 5063 omnia
3515 5007 3839 5065 naturalia

453 5107 577 5150 non
600 5095 797 5151 solum
825 5096 943 5165 illa,
977 5112 1112 5169 quae
1144 5094 1438 5170 simplicia
1466 5093 1842 5167 appellamus
1855 5109 2128 5167 corpora,
2159 5110 2370 5151 verum
2395 5093 2575 5150 etiam
2593 5094 2929 5166 composita
2944 5097 3000 5150 et
3019 5094 3223 5162 mixta,
3239 5095 3512 5169 adeoque
3527 5096 3834 5166 singulia,

448 5180 618 5253 ipsa:
647 5190 713 5240 ut
741 5183 855 5241 hoc
883 5185 1069 5242 modo
1097 5201 1305 5242 verum
1322 5185 1394 5240 sit
1423 5183 1589 5257 quod
1601 5187 1830 5240 veteres
1855 5182 1936 5239 illi
1964 5182 2336 5240 subobscure
2366 5182 2646 5239 dixerunt
2676 5199 2689 5239 :
2716 5183 2908 5239 Unum
2930 5198 3063 5240 esse
3085 5183 3273 5241 multa
3298 5189 3353 5241 et
3384 5184 3576 5242 multa
3596 5201 3831 5255 unum,

448 5273 531 5325 Ac
550 5271 808 5343 primum
820 5273 1065 5345 quidem
1079 5273 1253 5330 orbes
1267 5272 1531 5329 caelestes
1543 5271 1658 5328 hoc
1676 5272 2016 5329 universum
2030 5272 2489 5346 amplectuntur,
2504 5287 2734 5344 suoque
2748 5276 2915 5328 motu
2926 5271 3216 5329 cienthaec
3227 5271 3528 5331 inferiora.
3539 5276 3833 5349 Sequun-

441 5360 536 5415 tur
564 5359 782 5418 deinde
810 5365 1028 5434 quator
1065 5361 1376 5428 elementa,
1409 5377 1545 5433 quae
1575 5360 1961 5433 proportione
1993 5362 2183 5420 amica
2210 5362 2362 5419 inter
2394 5378 2459 5418 se
2487 5361 2853 5433 conspirant;
2881 5366 3023 5419 eunt
3042 5362 3413 5436 redeuntque
3427 5363 3488 5419 in
3511 5378 3600 5434 se,
3654 5364 3831 5423 inter

440 5464 506 5505 se
530 5453 585 5505 et
606 5465 677 5506 ex
700 5454 909 5507 mutuo
946 5450 1235 5507 oriuntur.
1271 5449 1489 5506 Deinde
1520 5464 1593 5507 ex
1621 5454 1880 5523 quatuor
1909 5451 2238 5520 elementis,
2266 5451 2498 5525 reliqua
2534 5454 2997 5525 componuntur,
3022 5467 3092 5509 ac
3113 5452 3377 5525 primum
3420 5468 3558 5526 quae
3616 5455 3827 5512 mixta

434 5541 747 5607 vocantur,
775 5544 841 5597 ut
867 5538 1099 5613 lapides
1132 5543 1191 5596 et
1217 5537 1475 5596 metalla.
1508 5539 1774 5605 Quatuor
1793 5538 2100 5598 elementis
2120 5540 2487 5615 respondent
2501 5544 2671 5614 χυμοὶ
2696 5539 2757 5597 in
2782 5539 2983 5597 herbis
3005 5544 3061 5597 et
3082 5539 3324 5614 plantis,
3354 5539 3416 5597 in
3439 5542 3825 5615 corporibus

434 5626 856 5702 animantium,
887 5633 1067 5703 atque
1084 5627 1237 5689 adeo
1265 5627 1328 5687 in
1347 5627 1843 5702 praestantissimo
1864 5646 2114 5705 corpore
2126 5630 2393 5691 animato
2404 5629 2667 5690 hominis
2686 5634 2965 5704 quatuor,
2980 5629 3289 5701 humores,
3311 5628 3447 5688 bilis
3457 5630 3642 5703 ﬂava,
3662 5630 3820 5691 bilis
