4042 6214
218 332 331 401 tedt
724 330 1083 401 meonom
1107 340 1156 399 II
1207 342 1353 402 IMP.
1378 341 1469 401 DE
1508 334 1814 398 COMMUNI

1958 375 1960 389 ν
1984 338 2356 401 NATURALI.
2383 374 2453 389 —-
2481 344 2879 405 PREFATIO.
3416 341 3554 409 1282

216 470 348 536 atra,
371 466 618 539 sanguis
629 470 685 525 et
700 454 931 541 pituita,
965 468 1135 527 tanta
1152 474 1243 527 est
1262 473 1495 528 naturae
1524 466 1614 525 vis
1630 466 1903 523 inrerum
1925 462 2291 525 naturalium
2321 470 2877 545 temperatiouibus.
2903 468 3015 525 Sed
3032 469 3161 541 jam
3175 470 3255 527 ad
3283 474 3558 532 secretio-

216 573 331 616 rem
352 556 896 615 considerationem
926 558 1258 617 veniamus.
1300 561 1448 618 Sunt
1477 555 1886 616 animantibus
1900 554 2144 613 rationis
2166 560 2507 632 expertibus
2529 561 2639 618 tria
2665 558 2966 633 plantasia
3003 559 3308 633 quaedam,
3328 563 3557 622 irarum

216 647 377 707 ardor
401 646 675 721 quidam,
698 647 995 721 cupiditas
1027 649 1313 723 quasdam
1340 667 1353 719 ;
1384 648 1447 707 iu
1466 645 1710 705 nomine
1738 645 1889 703 ratio
1909 661 2046 719 quae
2074 646 2454 720 phantasiam
2484 650 2774 719 nobilitat,
2808 648 3026 707 deinde
3046 651 3209 725 esse;
3236 655 3294 710 et
3312 651 3561 728 ἐπιθυμία

214 753 338 811 quae
357 736 477 795 duo
492 752 564 795 eo
586 741 726 795 sunt
746 734 1043 796 nobiliora
1055 739 1221 813 quod
1245 738 1541 797 rationem
1563 735 2027 794 moderatrinem
2048 741 2105 793 et
2124 736 2603 808 gubernatricem
2620 739 3026 797 haheautTria
3047 740 3176 798 haec
3195 739 3369 816 λόγος,
3396 744 3558 819 θυμὸς

215 831 268 884 et
288 826 547 900 ἐπιθυμία,
571 831 637 884 ut
656 830 795 884 sunt
814 827 1031 885 animae
1056 828 1339 887 humanae
1362 844 1538 903 pares
1560 824 1925 893 essentiales,
1954 825 2016 882 in
2038 827 2369 886 tensionem
2396 834 2452 887 et
2475 830 2889 887 remissionem
2903 844 3027 887 non
3050 830 3451 905 suscipiunt.N
3458 848 3560 891 am

213 916 424 974 ratione
449 916 630 978 οὐσίας
656 918 928 974 Socrates
964 933 1088 976 nou
1109 922 1198 975 est
1221 918 1416 990 magis
1445 917 1651 992 λογικὸς
1684 930 1805 990 qua

1960 918 2086 989 lato,
2117 921 2219 975 aut
2244 918 2439 990 magis
2475 916 2739 992 Θυμωιὸςη
2772 924 2877 979 aut
2905 919 3101 992 magis
3160 921 3556 997 ἐπιθυμητικὸς.

217 1005 322 1065 Sed
337 1005 559 1063 ratione
574 1006 974 1079 copulationis
1001 1007 1219 1065 animae
1242 1013 1299 1066 et
1329 1006 1620 1066 materiali
1640 1001 1907 1079 corporis
1924 1003 2178 1079 physici,
2202 1009 2491 1082 organici,
2514 1009 2795 1067 dicuntur
2808 1009 2901 1066 hae
2922 1012 3249 1083 potestates
3299 1011 3559 1086 qualita-

212 1106 295 1161 tes
329 1111 405 1153 no
434 1092 733 1161 οὐσιῶδεις,
767 1101 823 1153 et
846 1097 1097 1170 proinde
1124 1098 1525 1156 intensionem
1554 1112 1626 1155 ac
1649 1097 1808 1153 remi:

1964 1111 2066 1153 .em
2096 1098 2467 1172 suscipiunt:
2508 1098 2663 1158 adeo
2686 1104 2750 1157 ut
2772 1098 2865 1156 hic
2890 1099 2991 1157 illo
3018 1098 3377 1177 λογικώτερος,
3405 1105 3560 1177 θυμι-

211 1189 417 1260 κώτερος
436 1190 493 1243 et
516 1186 953 1260 ἕπιθυμικὼτερος
978 1187 1230 1245 dicatur.
1265 1191 1473 1262 Itaque
1496 1187 1634 1245 bilis
1657 1185 1807 1243 ﬂava

1965 1185 2067 1242 nia
2107 1187 2281 1261 copia
2323 1189 2631 1247 hominem
2683 1189 3031 1265 θυμικώτιρον
3075 1190 3289 1248 reddit.
3350 1190 3561 1250 Pituita

208 1274 383 1332 nimia
430 1274 739 1332 hominem
791 1275 990 1348 minus
1030 1277 1267 1349 θυμικὸν,
1288 1293 1474 1351 quam
1511 1290 1621 1351 par
1661 1280 1804 1341 est,t

1958 1277 1984 1331 ι.
2005 1275 2324 1347 Sanguinis
2346 1278 2723 1336 abundantia
2739 1279 3048 1336 hominem
3097 1278 3554 1357 ἐπιθυμικώτιρον,

207 1363 496 1422 interdum
521 1364 1003 1424 etiamlaatiorem
1024 1367 1237 1424 reddit.
1263 1372 1405 1424 Atra
1417 1366 1551 1424 bilis
1572 1366 1880 1423 hominem
1898 1365 2217 1423 tristiorem
2238 1367 2434 1425 efﬁcit.
2455 1373 2740 1426 Praeterea
2752 1368 2904 1441 λόγος
2924 1371 3378 1443 praesertimque
3416 1391 3559 1447 πρα-

208 1457 338 1516 κτιός
359 1453 778 1512 interveniente
798 1455 1143 1529 phantasia,
1172 1458 1354 1515 utitur
1373 1456 1649 1514 sensibus
1663 1460 1957 1528 tanquam
1973 1455 2634 1515 instrumentis.ldcirco
2664 1458 2893 1516 ratione
2906 1457 3208 1532 qualitatis
3230 1464 3288 1517 et
3301 1464 3562 1534 potesta-

207 1544 278 1601 tis
314 1559 430 1601 non
451 1541 743 1607 οὐσιώδους
770 1545 1423 1619 recipitiutensionem,
1453 1544 1803 1603 etremissio:

1971 1545 2125 1602 adeo
2146 1551 2209 1602 ut
2228 1561 2388 1603 unus
2407 1547 2591 1604 altero
2620 1546 2958 1621 λογιὲιὼτερος
2989 1548 3078 1604 vel
3101 1544 3315 1621 [minus
3352 1548 3556 1622 λογικὸν

208 1632 449 1705 dicatur,
486 1633 790 1691 interdum
824 1635 1003 1691 etiam
1032 1634 1191 1692 idem
1212 1635 1408 1709 seipso
1435 1634 1776 1709 λογικώτερος
1805 1632 2039 1701 dicitur,
2059 1647 2181 1692 non
2206 1636 2440 1714 ratione
2460 1636 2770 1710 potestatis
2795 1637 3145 1709 essentialis,
3190 1637 3302 1708 sed
3315 1643 3561 1713 propter

207 1722 504 1779 meliorem
535 1723 801 1797 corporis
832 1723 1070 1796 physici
1095 1728 1335 1781 statum.
1358 1728 1616 1797 Purgato
1656 1726 1816 1781 enim
1845 1724 2110 1791 cerebro,
2143 1727 2471 1798 praesertim
2521 1743 2662 1784 cum
2698 1727 2894 1784 noxiis
2919 1727 3276 1784 humoribus
3320 1729 3560 1788 infestas

209 1811 540 1886 tur,aliquis
555 1812 633 1869 ad
644 1812 1124 1872 ratiocinandum
1137 1814 1330 1887 aptior
1342 1814 1511 1871 reddi
1523 1818 1737 1888 potest.
1751 1814 2117 1887 thuoniam
2129 1819 2387 1888 quatuor
2399 1816 2685 1873 humores
2700 1832 2758 1873 in
2773 1816 3125 1890 corporibus
3137 1817 3419 1875 humanis
3431 1818 3560 1891 piu-

204 1901 417 1959 rimum
439 1906 712 1976 possunt,
737 1906 800 1960 ut
823 1907 1003 1976 patet,
1028 1919 1152 1961 non
1171 1902 1467 1961 immerito
1493 1909 1800 1962 conuectui

1963 1904 2408 1976 conjugationes
2438 1905 2591 1978 λόγου
2613 1907 2779 1979 θυμοῦ
2798 1906 3091 1979 ἐπιθυμίας,
3115 1922 3255 1963 cum
3272 1904 3559 1980 conjugae

204 1990 458 2048 tionibus
477 1995 733 2065 quatuor
748 1991 1094 2063 humorum,
1118 2009 1335 2067 nempe
1354 1992 1489 2050 bilis
1510 1992 1844 2064 ﬂavte,bilis
1860 1997 2023 2060 atrae,
2038 1995 2346 2065 sanguinis
2368 2011 2438 2052 ac
2467 1996 2711 2069 pituita.
2740 1997 2899 2062 Quas
2919 1995 3163 2069 quidem
3188 1997 3559 2069 conjugatio-

202 2095 307 2139 nes
319 2080 510 2155 siquis
524 2080 837 2153 diligenter
847 2081 1560 2155 pervestiget,nonagiuta
1574 2084 1726 2139 duas
1742 2083 2187 2156 reperiet,etiam
2201 2100 2322 2141 non
2342 2090 2728 2142 aunumerata
2742 2084 2986 2157 simplici
2999 2086 3133 2157 conj
3144 2085 3558 2157 ugatioue,uec

200 2170 298 2229 illa
319 2186 451 2244 quae
474 2169 729 2244 simplici
753 2171 1091 2245 respondet.
1117 2175 1265 2229 Nam
1289 2178 1516 2247 septem
1539 2172 1667 2229 aliae
1690 2172 2143 2244 conjugationes
2197 2175 2398 2247 quaain
2427 2176 2651 2232 unitate
2678 2174 2806 2231 sola
2832 2174 3230 2232 intensionem
3257 2191 3326 2232 ac
3348 2175 3560 2232 remis-

203 2256 427 2318 sionem
451 2259 803 2333 suscipiunt,
816 2260 1048 2317 nullum
1062 2262 1609 2334 autperobscurum
1632 2260 2224 2335 habentusum,qum
2264 2267 2465 2320 tamen
2481 2264 2530 2319 si
2546 2263 2848 2320 addantur
2878 2263 3134 2336 simplici
3154 2280 3225 2321 ac
3244 2263 3559 2334 monagin3

203 2349 362 2420 ginta
390 2349 656 2419 duabus,
685 2355 925 2407 centum
953 2351 1408 2424 conjugationes
1440 2351 1799 2409 constituent

1981 2351 2203 2425 quibus
2228 2352 2570 2423 intelligitur
2594 2353 2745 2410 ratio
2778 2354 3106 2426 συμπαθείας
3132 2356 3190 2410 et
3214 2352 3555 2415 ἀντιπαθείας

199 2438 509 2495 hominum
530 2438 680 2495 inter
697 2455 780 2508 se,
805 2455 940 2512 qua:
964 2455 1033 2496 ex
1046 2440 1263 2497 anima:
1278 2444 1333 2497 et
1358 2440 1623 2513 corporis
1649 2440 1911 2511 organici
1930 2443 2163 2516 physici
2185 2443 2563 2517 copulatione
2581 2444 2829 2501 exsistit.
2854 2447 3039 2501 Nemo
3076 2457 3215 2501 vero
3246 2447 3414 2517 putet
3440 2459 3554 2501 nos

201 2528 454 2585 tribuere
474 2542 721 2585 causam
742 2529 939 2585 omnis
959 2529 1293 2587 vitiositatis
1317 2546 1516 2603 pravae
1536 2530 1951 2603 temperationi
1990 2532 2257 2606 corporis
2284 2532 2551 2603 organici
2575 2532 2823 2606 physici.
2847 2535 2997 2590 Nam
3025 2530 3335 2605 quomodo
3364 2535 3423 2585 τὸ
3449 2539 3556 2607 φῶς

203 2614 256 2669 ἄν
283 2620 343 2677 τῆ
386 2619 569 2691 Morta
605 2622 775 2691 φαίης
805 2622 891 2671 καὶ
914 2617 944 2677 ἡ
974 2619 1159 2672 σκοτία
1184 2615 1311 2672 αὗτό
1332 2617 1389 2672 οὐ
1426 2617 1793 2694 καταλαμϐάκε

1964 2637 2021 2677 10
2069 2637 2190 2678 non
2232 2626 2321 2679 est
2380 2628 2657 2679 nostrum
2697 2621 3030 2680 ostendere.
3087 2622 3178 2680 Ad
3208 2632 3560 2696 supremam

201 2704 358 2763 enim
372 2704 726 2779 theologiam
740 2708 1437 2781 pertinethmctractatio.
1483 2711 1749 2783 Cumque
1773 2709 1837 2766 in
1864 2709 2175 2783 republica
2194 2711 2347 2768 ﬁnes
2380 2710 2856 2785 praestantissimi
2887 2712 3004 2769 sint
3029 2711 3095 2764 τᾶ
3131 2719 3231 2764 τῶν
3254 2706 3563 2786 ἀρχιτεκτό-

196 2804 347 2849 νικῶν
367 2796 508 2864 τέλη,
535 2797 773 2871 sintque
806 2794 1251 2871 Ἀρχιτικτονιχοὶ
1281 2798 1695 2873 imperatores,
1724 2815 1786 2856 re

1964 2799 2265 2874 principes
2330 2806 2387 2857 et
2446 2799 2860 2874 magistratus,
2918 2799 3250 2858 videndum
3302 2805 3390 2858 est
3438 2802 3558 2858 im-

194 2886 406 2961 primis
435 2890 495 2943 et
520 2885 877 2957 curandum,
908 2891 974 2944 ut
1002 2886 1296 2955 educatio,
1328 2892 1570 2942 κοινωνία
1590 2892 1647 2945 et
1688 2889 1790 2945 vita

1961 2890 2027 2946 .io
2082 2899 2181 2943 τῶν
2242 2889 2682 2966 ἁρχιτεκτονικῶν
2729 2886 2951 2965 ἀνδρῶν,
3002 2886 3082 2947 ad
3134 2889 3557 2964 ἀρχιτεκτονικόν

191 2975 332 3039 τῦιος
360 2974 667 3033 referatur.
704 2974 907 3042 Qualis
939 2975 1100 3033 enim
1127 2982 1216 3035 est
1240 2975 1269 3038 ἡ
1302 2982 1462 3052 σοφία
1490 2977 1641 3035 inter
1662 2993 1787 3035 omr

1958 2978 2208 3049 :ieutias,
2240 2979 2373 3036 talis
2402 2981 2432 3038 ἠ
2467 2983 2716 3055 φρόνησις
2748 2979 2797 3033 ἐν
2839 2985 2951 3041 ταῖς
2988 2978 3280 3041 πολιτικαῖς
3327 2979 3554 3053 ἀρεταῖς.

192 3066 261 3123 Et
284 3069 349 3123 ut
363 3064 645 3140 quaedam
668 3065 928 3123 scientiae
954 3071 1197 3140 prOpter
1216 3065 1588 3125 nobilitatem
1606 3073 1663 3124 et
1688 3068 2132 3125 accurationem
2149 3068 2345 3139 magis
2371 3069 2663 3126 accedunt
2684 3069 2763 3125 ad
2786 3068 3143 3141 sapientiam
3173 3082 3186 3136 ;
3205 3068 3289 3124 ita
3309 3080 3556 3141 quoque

190 3158 351 3214 artes
372 3155 659 3229 quaedam
680 3160 736 3212 et
756 3154 1035 3224 scientiae,
1063 3169 1324 3230 quarum
1354 3173 1499 3213 usus
1527 3157 1591 3213 in
1618 3156 1786 3230 repul

1958 3155 2230 3231 cernitur,
2261 3158 2455 3229 magis
2477 3157 2772 3216 accedunt
2798 3160 2928 3232 πρὸς
2950 3161 3042 3217 τὴν
3100 3156 3554 3234 ἀρχιτεκτονικὴν,

187 3243 400 3318 quales
421 3248 561 3301 sunt
588 3242 619 3303 ἡ
655 3245 1052 3320 στρατήγικὴ,ἠ
1098 3241 1324 3320 ἰατρική.
1370 3247 1518 3303 Nam
1547 3289 1566 3317 ,
1616 3249 1682 3302 ut
1733 3245 1783 3303 ai

1962 3251 2077 3304 ator
2121 3252 2341 3317 noster,
2399 3255 2538 3324 τρεῖς
2588 3252 2849 3301 κοινωνίαι
2895 3252 2967 3319 τῷ
3016 3247 3240 3323 ἄρχῡντι
3295 3241 3558 3323 ἁρμόδιὼ-

187 3351 359 3405 mret,
399 3329 699 3407 φιλθσοφία,
730 3332 1000 3408 στρατεία,
1070 3334 1301 3409 ἰατρικὴ,
1370 3333 1499 3407 μετά
1556 3343 1657 3389 τῶν
1716 3331 1783 3390 Ml

1962 3345 2014 3389 ῑιν
2052 3335 2245 3393 «dum.
2283 3337 2446 3393 Idem
2497 3337 2680 3411 paulo
2726 3341 2864 3395 ante
2885 3326 3115 3395 dixerat
3149 3352 3163 3394 :
3192 3330 3204 3353 ‘
3234 3342 3278 3390 Ο
3307 3335 3558 3410 βασιλεὺς

185 3418 248 3476 οὐ
268 3431 500 3477 κοινωνεῖ
534 3430 625 3477 τοῦ
651 3420 907 3493 λιθοξοου,
941 3419 1047 3477 ἀλλ’
1087 3420 1430 3499 ἀποδέχεται,
1462 3424 1597 3480 ὥστε
1659 3427 1716 3479 τὸ
1780 3419 2143 3500 ἀποδέχεσθαι
2215 3430 2349 3489 τινός
2409 3424 2542 3499 ἔστι,
2593 3432 2682 3481 καὶ
2756 3424 2849 3479 οὐκ
2915 3423 3032 3487 ὅλης
3095 3432 3190 3489 τῆς
3264 3429 3554 3489 κοινωνίαςο

182 3504 319 3566 ὅπου
354 3533 456 3587 γαρ
477 3516 536 3567 τὸ
566 3517 860 3567 κοινωνικὸν
899 3515 1061 3588 ὄνομα
1123 3516 1311 3585 κεῖται,
1374 3523 1472 3568 τῶν
1529 3519 1778 3571 κοινώννοτ

1968 3514 2236 3576 δηλοποιςῖ
2276 3521 2596 3591 συμφωνίαν.
2637 3519 2818 3574 Porro
2870 3515 3165 3589 sapientia
3223 3513 3556 3589 prudentiae

181 3602 354 3660 tanto
378 3608 640 3677 praestat,
672 3608 899 3677 quanto
929 3620 1099 3661 mens
1130 3605 1366 3662 animae.
1400 3604 1624 3662 Idcirco
1655 3605 1834 3665 etiam
1860 3605 2196 3664 Aristoteles
2226 3610 2391 3663 sexto
2412 3607 2491 3663 De
2521 3605 2791 3663 moribus
2830 3604 3029 3663 divine
3059 3603 3207 3662 dixit
3234 3618 3248 3661 :
3281 3599 3419 3659 Δλλὰ
3436 3602 3540 3679 μὴν

178 3688 313 3746 οὐδὲ
343 3698 501 3767 κυρία
529 3697 586 3767 γέ
606 3693 714 3746 ἐστι
742 3700 840 3756 τῆς
873 3698 1053 3767 σοφίας
1073 3691 1197 3748 οὐδὶ
1251 3702 1342 3748 τοῦ
1383 3693 1641 3769 βελτίονος
1697 3702 1883 3774 μορίου
1927 3693 2139 3772 ,ὥσπερ
2196 3692 2320 3750 οὐδὶ
2378 3702 2476 3758 τῆς
2531 3697 2705 3769 ὑγείας
2770 3694 3000 3771 ὶατριιιήο
3068 3692 3127 3748 οὐ
3190 3711 3292 3768 γαρ
3350 3700 3555 3770 χρῆται

179 3780 347 3846 αὐτῆ,
378 3780 489 3836 ἀλλ’
513 3782 611 3857 ὁρᾷ
637 3784 771 3845 ὅπως
798 3786 1034 3856 γίνηται.
1066 3783 1285 3841 Deinde
1316 3784 1775 3856 subjicitverissi

1979 3785 2333 3843 sententiam
2366 3801 2379 3841 :
2410 3784 2637 3847 Ἐκείνης
2660 3785 2747 3838 οὖν
2777 3784 2919 3838 Etuta
2938 3785 3182 3857 (nempe
3225 3791 3321 3847 τῆς
3345 3783 3555 3857 σοφίας)

176 3871 449 3926 ἐπιτάττει
476 3913 494 3944 ,
529 3871 636 3925 ἀλλ’
659 3872 752 3925 οὐκ
776 3872 962 3933 intra.
987 3874 1294 3931 Postremo
1319 3874 1662 3934 acutissime
1690 3874 1772 3933 lut

1962 3889 2032 3931 ur
2058 3873 2216 3947 illos,
2249 3874 2299 3931 si
2339 3872 2444 3947 qui
2466 3874 2617 3931 forte
2645 3874 3042 3947 reperiantur,
3070 3872 3177 3945 qui
3244 3869 3558 3929 temerario

173 3956 417 4033 judicio
445 3960 828 4034 prudentiam
854 3961 1157 4035 sapientiae
1195 3962 1461 4020 audeant
1489 3963 1769 4021 anteferre

1963 3984 1987 4016 ἰ
2017 3964 2211 4037 ὅμοιον,
2234 3963 2448 4036 inquit,
2487 3961 2583 4015 κᾶν
2608 3966 2732 4025 εἴτις
2771 3962 2866 4022 τὴν
2894 3961 3164 4021 πολιτικὴν
3207 3962 3333 4034 φαίη
3373 3958 3559 4035 ἆρχιιν

177 4057 288 4103 τῶν
324 4050 471 4121 θεῶν,
498 4050 579 4104 ὅτι
601 4049 865 4105 ἐπιτάττει
887 4055 1006 4125 περὶ
1024 4052 1192 4105 πάντα
1214 4054 1279 4105 τὰ
1309 4050 1357 4105 ἐν
1377 4059 1440 4112 τῆ
1474 4050 1637 4110 πόλει.
1688 4055 1769 4109 Ex

1964 4068 2043 4110 ius
2113 4052 2455 4124 intelligitur
2505 4052 2865 4125 sapientiam
2921 4066 3057 4108 esse
3092 4050 3366 4122 reginam
3430 4062 3560 4105 om-

178 4139 364 4196 nium
392 4138 798 4210 scientiarum,
830 4140 1230 4217 omniumque
1248 4141 1491 4214 artium,
1518 4141 1847 4215 praesertim
1877 4159 2018 4200 cum
2042 4142 2364 4217 prudentia
2382 4142 2516 4215 ipsa
2535 4139 2690 4199 illius
2717 4152 2904 4199 causa
2928 4140 3134 4199 omnia
3165 4136 3558 4196 administrat.

178 4227 422 4285 Idcirco
449 4226 686 4287 dicebat
719 4226 1079 4301 Aristoteles,
1100 4222 1162 4285 Εἰ
1209 4225 1277 4291 δὴ
1332 4224 1465 4285 θεῖον
1493 4232 1518 4284 ὁ
1538 4235 1676 4295 Νοῦς
1720 4252 1774 4308 πε

1967 4255 1988 4286 ν
2041 4228 2328 4310 ἄνθρωπον,
2393 4236 2485 4286 καὶ
2545 4230 2727 4285 ὁκατά
2786 4234 2873 4285 τὸν
2937 4234 3074 4284 Νοῦν
3137 4227 3251 4303 ﬁta;
3297 4229 3422 4304 πρὸς
3472 4228 3563 4282 τὸν

180 4316 515 4393 saepem-uos
547 4318 698 4381 θεῖος.
720 4321 938 4376 Verum
967 4321 1170 4377 tamen
1194 4319 1341 4378 illud
1370 4326 1605 4379 constat
1651 4321 1818 4396 quod
1842 4322 2227 4380 doctissimus
2257 4322 2325 4379 Ili.
2348 4320 2570 4378 Tullius
2586 4319 2735 4377 dixit
2769 4340 2782 4376 :
2816 4321 3037 4377 Omnes
3080 4322 3256 4387 artes,
3316 4329 3561 4374 omnes-

177 4423 312 4481 que
334 4407 633 4479 scientias,
666 4409 975 4467 communi
994 4410 1263 4484 quodam
1294 4411 1841 4470 societatisvinculo
1854 4412 2168 4470 contineri.
2194 4414 2275 4467 Ex
2292 4426 2415 4484 quo
2445 4409 2670 4468 exsistit
2684 4413 2949 4470 κοινωνίας
2964 4407 3302 4482 sapientum
3327 4406 3479 4463 inter
3500 4418 3564 4462 se

172 4496 461 4570 itemque
488 4496 865 4572 ἕττιστημὸνωνδ
896 4498 1156 4572 denique
1186 4496 1501 4571 artiﬁcum,
1541 4500 1877 4558 secundum
1908 4500 2054 4557 illud
2089 4500 2255 4573 quod
2285 4505 2376 4557 est
2403 4500 2597 4571 magis
2630 4501 2688 4556 et
2717 4498 2964 4555 minius.
3014 4500 3166 4555 Nam
3211 4493 3559 4569 reipublica

174 4585 564 4658 gubernator
587 4588 785 4661 potius
806 4588 1295 4645 communionem
1321 4605 1392 4647 ac
1414 4588 1755 4647 societatem
1775 4589 1949 4646 inibit
1977 4603 2117 4646 cum
2136 4590 2289 4647 duce
2308 4592 2622 4657 exercitus,
2650 4587 2751 4646 vel
2768 4605 2907 4646 cum
2930 4587 3166 4644 medico
3215 4600 3401 4659 quam
3422 4596 3564 4641 cum

178 4674 482 4733 cerdoue.
509 4679 573 4734 Et
600 4677 838 4751 sapiens
856 4679 1096 4736 vircum
1115 4678 1244 4735 viro
1265 4675 1557 4752 prudente
1583 4679 1782 4753 potius
1798 4679 2290 4737 communionem
2312 4680 2651 4747 constituet,
2676 4689 2865 4752 quam
2907 4694 3046 4734 cum
3072 4673 3311 4734 artiﬁce.
3338 4672 3563 4730 Eodem

174 4765 386 4824 modo
412 4764 488 4823 de
502 4765 747 4840 reliquis
764 4767 1166 4839 judicandum
1188 4771 1294 4825 est.
1314 4770 1607 4825 Hactenus
1631 4768 1811 4842 igitur
1834 4770 1909 4825 de
1958 4768 2383 4825 communione
2406 4768 2840 4825 elementorum
2863 4770 2918 4823 et
2937 4779 3139 4821 rerum
3162 4774 3234 4819 ex
3254 4757 3562 4818 elementis

174 4853 673 4927 compositarum
692 4861 872 4929 atque
889 4856 1040 4915 adeo
1063 4857 1138 4915 de
1159 4857 1584 4915 communione
1605 4857 2085 4915 hominuminter
2104 4869 2188 4914 se.
2202 4857 2494 4923 Quoniam
2519 4860 2721 4914 autem
2741 4867 2942 4912 rerum
2956 4853 3108 4909 inter
3134 4860 3197 4908 se
3225 4846 3563 4907 communi-

177 4944 358 5003 catio
373 4944 633 5002 maxime
653 4945 716 5002 in
735 4944 1067 5018 ﬁgurarum
1086 4947 1537 5005 coordinatione
1552 4946 2149 5021 cernitur,soiendum
2162 4950 2248 5004 est
2266 4946 2523 5018 ﬁguram
2540 4943 2937 5003 orbicularem
2951 4940 3212 5021 manune
3232 4944 3565 4996 accomom-

175 5032 412 5089 datam
424 5047 555 5089 esse
574 5032 652 5090 ad
664 5014 1095 5093 continendum
1110 5039 1167 5093 ct
1179 5051 1310 5093 com
1317 5035 1719 5109 plectendum,
1740 5014 1882 5109 quia
1894 5035 2181 5092 nimirum
2203 5014 2573 5107 exidmnibus
2587 5028 2800 5103 ﬁguris
2831 5033 2918 5089 est
2932 5014 3348 5103 capacissima,
3372 5024 3565 5078 ἀκλινο-

180 5123 370 5180 στάτη
400 5126 493 5174 καί
521 5121 754 5196 μάλιστα
778 5129 1081 5200 τεταγμένη.
1120 5125 1345 5182 Idcirco
1367 5125 1544 5183 orbes
1570 5125 1776 5183 ccelest

1971 5140 2017 5182 ιο
2043 5124 2466 5196 ﬁgurationem
2480 5120 2770 5178 obtinent.
2804 5117 3145 5178 Secundum
3166 5113 3567 5174 orbicularem

188 5209 637 5271 constituimus
672 5213 1032 5286 quadratam
1056 5214 1335 5286 ﬁguram.
1370 5217 1435 5271 lu
1464 5215 1648 5272 tertiis
1680 5215 1947 5272 consistit
1977 5213 2343 5286 triangulum
2374 5209 2803 5285 aequilaterurn.
2859 5206 3265 5277 Quamobrem
3293 5204 3569 5263 omnium

177 5299 652 5391 mundanarum
671 5302 999 5375 ﬁgurarum
1024 5304 1375 5362 orbicularis
1394 5304 1572 5376 longe
1602 5308 1688 5361 est
1705 5304 2196 5378 pzaastantlssima
2215 5306 2458 5377 propter
2477 5314 2578 5391 eas
2598 5312 2820 5391 causas
2839 5296 3343 5391 quas‘attulimus,
3361 5294 3418 5351 et
3432 5304 3569 5391 pro-

176 5394 334 5464 pter
364 5389 517 5448 alias
537 5390 741 5465 plures
768 5408 922 5468 quas
947 5394 1118 5453 Plato
1144 5400 1201 5451 et
1232 5394 1571 5453 Aristoteles
1606 5392 1881 5452 afferunt.
1904 5396 1978 5453 At
2011 5394 2075 5451 in
2104 5396 2240 5451 ortu
2261 5406 2464 5449 rerum
2492 5389 2628 5450 alias
2674 5388 2886 5463 ﬁguras
2915 5386 3140 5447 habent
3162 5381 3367 5447 laeum
3424 5381 3571 5455 qui)

177 5479 326 5535 εὐθὺ
355 5486 421 5542 τῆ
454 5483 732 5554 γινιστιὶιι
761 5483 966 5557 primis
997 5483 1292 5543 convenit.
1321 5481 1472 5551 Quia
1498 5498 1642 5541 vero
1668 5498 1763 5542 res
1805 5482 1869 5539 in
1930 5480 2252 5540 orbiculari
2304 5480 2405 5539 illa
2469 5480 2831 5554 ﬁguratione
2894 5472 3353 5551 Quodammodo
3393 5479 3571 5557 causa

173 5567 637 5643 perfectionem
662 5554 1102 5646 adipiscuntur,
1131 5571 1354 5633 idcirco
1395 5572 1481 5632 sic
1512 5571 1629 5628 κατ’
1659 5569 1769 5629 imi:

1997 5579 2089 5636 τῆς
2117 5571 2357 5646 γενέσεως
2406 5568 2702 5634 elementa
2764 5568 2901 5643 ipsa
2927 5569 2986 5629 et
3006 5577 3106 5628 res
3129 5573 3267 5639 qua
3306 5562 3386 5642 δᾶ
3446 5554 3568 5623 :2:-
