4042 6214
676 320 812 375 mea
2090 319 2452 375 ADDENDA.
3824 336 3931 392 ml,

666 441 883 499 mentis
902 444 1198 501 constant.
1221 440 1430 512 ﬁgurae
1450 441 1606 498 illius
1625 442 1977 499 orbicularis
2000 441 2406 514 praestantiam
2428 439 2646 497 imitari
2667 443 2982 497 conantur.
3013 441 3311 513 Superest,
3346 448 3410 500 ut
3430 443 3519 500 his
3538 446 3804 518 diligenter
3822 471 3927 513 non.

670 530 961 596 sideratis,
982 530 1318 596 videamus,
1344 530 1709 602 quibuscum
1741 532 2084 588 societatem
2110 531 2403 586 ineamus.
2427 530 2657 585 Clamat
2689 529 2984 602 sapientia
3014 547 3027 585 :
3056 530 3163 585 Fili
3195 531 3292 601 mi,
3320 533 3523 589 recede
3543 551 3577 591 a
3595 539 3846 599 malorum
3859 562 3926 601 or-

670 618 817 689 bita,
852 623 970 674 tere
990 618 1201 675 limina
1229 619 1568 690 sapientum
1601 638 1614 674 :
1643 626 1700 676 et
1729 620 2202 694 sapientissimus
2224 619 2438 675 Paulus
2461 636 2598 674 cum
2622 620 2945 674 Menandro
2967 620 3199 682 asserit,
3228 637 3542 693 pravorum
3580 634 3926 691 consuetudine

670 712 864 764 bonos
885 723 1083 764 mores
1102 708 1420 780 depravari
1437 726 1507 765 ac
1529 712 1852 783 corrumpi.
1876 710 2282 776 Quamobrem
2302 709 2380 765 illi
2401 710 2502 781 qui
2524 711 2583 764 in
2607 709 3085 766 administranda
3100 710 3407 783 republica
3428 718 3559 770 sunt
3593 715 3924 790 ἁρχιτατοναοί

671 797 913 853 videant
937 814 1076 853 cum
1097 798 1320 869 quibus
1340 800 1827 856 communionem
1846 802 2232 866 constituant,
2252 815 2324 854 ne
2346 804 2493 854 torte
2520 801 2777 853 Nerones
2800 804 2856 853 et
2885 798 3249 868 Heliogabali
3270 800 3553 857 evadant:
3581 819 3644 859 ac
3667 808 3825 865 verius
3844 814 3923 868 sint

670 892 941 943 monstra
954 903 1141 959 quam
1153 887 1447 943 homines.
1468 889 1729 961 Denique
1752 889 1968 960 singuli
1981 889 2257 944 homines
2281 889 2342 943 in
2363 886 2674 958 republica
2698 886 2910 941 eadem
2931 886 3059 943 haec
3076 894 3377 961 praecepta
3392 906 3496 962 pro
3518 908 3622 948 suo
3636 909 3815 964 genere
3832 901 3920 957 vita

671 991 742 1031 ac
769 975 1035 1032 instituto
1064 976 1377 1046 diligenter
1401 976 1738 1047 observent,
1764 985 1827 1033 ut
1851 994 2060 1033 veram
2090 977 2434 1034 beatitatem
2470 975 2713 1032 tandem
2752 991 2962 1031 omnes
3001 992 3416 1050 assequamur.

1933 1220 2742 1360 SYNOPSIS

1000 1498 1242 1595 SEU
1307 1499 1988 1595 REPETITXE
2055 1500 2789 1595 SIGILLATIM
2853 1499 3679 1598 HYPOTHESES

1201 1749 1473 1881 SEX
1527 1700 2244 1881 THEODORI
2298 1750 2710 1881 DUCE
2783 1749 3491 1882 SERMONIS

1926 2018 2355 2087 AUCTORE
2401 2020 2749 2088 EODEM.

666 1116 3901 1157 Μ

1897 2363 2185 2453 ΡΒΙΜΙ
2243 2363 2768 2455 SEBMONIS.

725 2575 794 2633 In
814 2575 1012 2649 primo
1038 2591 1311 2633 sermone
1342 2575 1599 2633 ostendit
1623 2576 1829 2634 omnia
1855 2593 2046 2633 unum
2068 2593 2195 2632 esse
2222 2582 2463 2649 propter
2481 2582 2781 2645 naturam,
2805 2594 2876 2634 ac
2906 2594 3112 2634 rursus
3155 2579 3397 2649 singula
3436 2579 3609 2636 dividi
3635 2580 3760 2637 inter
3780 2593 3835 2643 se,
3858 2590 3897 2630 ac

653 2665 928 2722 distribui
952 2667 1013 2723 in
1040 2671 1259 2724 natura
1289 2684 1303 2721 :
1332 2682 1441 2723 nec
1466 2682 1539 2723 ex
1577 2666 1954 2724 naturalibus
1977 2671 2142 2722 extra
2168 2672 2445 2724 naturam
2467 2682 2598 2722 esse
2620 2665 2980 2739 quidquam.
3012 2670 3089 2725 Ex
3114 2668 3337 2739 quibus
3368 2669 3688 2740 intelligitur
3704 2673 3895 2723 naturam

651 2771 785 2812 esse
823 2771 1209 2813 communem
1239 2755 1522 2812 omnibus
1548 2755 1729 2812 rebus
1762 2755 2157 2817 naturalibus,
2187 2760 2243 2811 et
2278 2756 2338 2811 in
2360 2772 2433 2810 ea
2457 2755 2795 2824 generalem
2828 2757 3319 2813 communicandi
3344 2758 3586 2815 modum
3638 2759 3782 2813 situm
3799 2769 3894 2810 esse.

650 2843 872 2900 Deinde
884 2845 1038 2901 intra
1054 2850 1333 2901 naturam
1355 2844 1731 2901 distribution
1739 2859 1800 2899 es
1814 2849 2007 2915 tempe
2015 2843 2311 2899 rationum
2326 2845 2634 2911 consitere,
2651 2849 2705 2900 et
2729 2860 2835 2918 per
2858 2846 3321 2920 temperationes
3334 2847 3669 2903 secundario
3682 2844 3821 2901 modo
3837 2858 3893 2896 res

646 2932 797 2988 inter
818 2949 882 2989 se
903 2933 1369 2990 communicare.
1398 2933 1465 2988 Hi
1489 2932 1611 2988 duo
1630 2938 1770 2988 sunt
1790 2932 1955 2988 modi
1975 2931 2149 2987 nobis
2171 2933 2229 2988 in
2248 2933 2454 3005 primis
2474 2933 2859 2989 observandi.
2887 2934 3065 2990 Addit
3103 2942 3398 3009 praeterea
3420 2953 3522 3009 per
3543 2933 3893 3008 temperationes

645 3037 890 3095 res'non
920 3022 1074 3078 uniri
1095 3022 1387 3090 absolute,
1414 3021 1521 3077 sed
1545 3020 1877 3077 secundum
1893 3022 2283 3094 proprietates
2304 3023 2497 3092 magis
2530 3028 2835 3092 cognatas.
2866 3025 2927 3078 Et
2955 3024 3267 3096 quoniam,
3296 3032 3357 3081 ut
3389 3026 3469 3081 ait
3490 3028 3745 3087 Socrates,
3776 3021 3892 3090 Ὀμέιί

642 3120 733 3172 τῆς
790 3110 968 3182 ψυχῆς
1027 3112 1126 3164 ὑπὸ
1226 3120 1325 3163 τῶν
1416 3111 1579 3163 ἄλλων
1662 3107 2089 3183 ἐπιτηδευμάτων
2171 3109 2615 3183 ἀποτυφλούμενον
2678 3116 2766 3163 καὶ
2831 3117 3289 3186 κατορυττόμενον,
3357 3115 3455 3166 ὐπὸ
3517 3123 3609 3166 τῶν
3658 3114 3887 3185 patinam”

645 3202 809 3271 μόνων
844 3198 1302 3272 ἂναζωπυρεῖσθαι
1333 3205 1421 3252 καὶ
1453 3197 1803 3273 ἀνεγείρειν-θαι
1834 3199 2044 3271 πέφυκε,
2077 3199 2241 3254 idcirt

2289 3199 2586 3255 postendit
2616 3199 2676 3255 in
2726 3202 2992 3256 numeris
3054 3218 3123 3257 ac
3178 3202 3389 3271 ﬁguris
3460 3208 3742 3273 utrumque
3781 3211 3885 3252 com-

643 3289 992 3346 municandi
1020 3289 1291 3347 modum.
1325 3288 1849 3355 Quemadmodum
1876 3288 2035 3343 enim
2076 3291 2132 3339 τὸ
2159 3308 2239 3360 an:

2290 3297 2391 3357 ςῐον,
2424 3288 2707 3343 referente
2741 3288 2963 3357 Proclo,
2995 3293 3167 3351 πάσης
3199 3290 3454 3364 ἐξηγῆται
3482 3297 3643 3366 σειρᾶς
3688 3293 3759 3340 καὶ
3782 3288 3886 3335 πάντα

644 3377 749 3430 ἑνοῖ
802 3380 868 3431 τὰ
926 3381 1151 3451 μεριστὰ
1214 3383 1303 3430 καὶ
1365 3383 1577 3449 συνέχει
1641 3383 1731 3430 καὶ
1796 3378 1957 3451 ὁρίζει
2021 3380 2115 3438 τὰς
2197 3374 2457 3449 προόδους
2524 3378 2692 3428 αὐτῶν
2756 3383 2841 3429 καὶ
2899 3381 3143 3453 παράγει,
3212 3386 3305 3433 καὶ
3372 3379 3707 3455 περιλαμϐάνει
3759 3392 3885 3426 1mm-

641 3468 822 3539 χόθεν,
846 3466 929 3523 ita
964 3467 1144 3523 etiam
1170 3483 1372 3522 rerum
1397 3465 1761 3522 naturalium
1782 3482 1993 3522 omnes
2024 3470 2220 3538 partes
2241 3472 2455 3522 natura
2478 3467 2623 3534 unit,
2642 3468 2901 3523 continet
2922 3472 2978 3523 et
3010 3469 3307 3526 terminat.
3366 3472 3431 3525 Et
3462 3475 3521 3525 ut
3549 3466 3763 3524 circulus
3785 3462 3884 3513 πολυ-

639 3548 828 3626 γὼιίαν
858 3555 1119 3623 ﬁguram
1138 3554 1566 3625 complectitur,
1588 3554 1671 3611 ita
1698 3555 1877 3613 etiam
1897 3559 2115 3611 natura
2143 3571 2343 3611 rerum
2369 3555 2733 3611 naturalium
2756 3556 3197 3612 multitudinem
3216 3563 3276 3614 et
3328 3558 3656 3614 varietatem
3683 3552 3881 3610 continet.

1825 3714 2247 3807 SECUNDI
2305 3714 2820 3809 SEBMUNIS.

712 3896 776 3954 In
803 3896 1069 3956 secundo
1083 3912 1357 3954 sermone
1378 3893 1452 3953 de
1464 3894 1896 3952 elementorum
1914 3893 2338 3949 communione
2360 3893 2500 3963 agit,
2524 3909 2708 3965 quam
2720 3893 2967 3967 quidem
2999 3897 3492 3953 communionem
3505 3910 3601 3951 seu
3629 3896 3772 3946 ἕνωσιν
3786 3885 3879 3956 ejus-
3942 3918 3945 3967 ς

637 3988 806 4045 modi
832 4005 960 4046 esse
988 3989 1184 4054 docet,
1206 3992 1271 4044 ut
1300 3987 1372 4044 sit
1392 3986 1480 4045 ὅλη
1505 3993 1614 4048 τοῖς
1634 3984 1765 4045 ὅλοις
1792 3980 1866 4036 δι’
1887 3983 2011 4036 ὅλων
2042 3988 2130 4036 καὶ
2154 3982 2233 4035 οὐκ

2281 3982 2324 4033 ἐν
2349 3987 2491 4054 μέσῳ
2519 3991 2687 4034 τινῶν.
2721 3983 2989 4039 Ostendit
3009 3983 3189 4040 etiam
3214 3986 3525 4057 quomodo
3545 3978 3812 4039 secundum
3826 3986 3877 4025 ra-

638 4078 827 4135 tiOnes
854 4078 1239 4135 harmonicas
1274 4076 1570 4133 elementa
1614 4073 2062 4131 communicent
2098 4074 2247 4127 inter
2275 4087 2358 4137 se,
2390 4086 2605 4143 nempe
2639 4071 2966 4127 secundum
3007 4072 3281 4145 dulplam
3304 4074 3604 4143 rationem,
3634 4060 3877 4137 sesquialté‘

635 4183 767 4223 ram
802 4172 859 4223 et
883 4167 1332 4240 sesquitertiam.
1362 4165 1581 4231 Deinde
1604 4162 1816 4220 transit
1847 4162 1923 4218 ad
1963 4161 2446 4233 temperationes,
2480 4159 2908 4233 mistionesque
2942 4159 3179 4216 illarum
3219 4178 3423 4219 rerum
3468 4177 3595 4235 quae
3621 4174 3681 4214 ex
3703 4155 3876 4240 quam

634 4254 941 4311 elementis
959 4236 1252 4310 constant.
1285 4246 1369 4308 Ac
1384 4253 1647 4326 primum
1673 4252 1794 4322 agit
1822 4251 1897 4307 de
1928 4249 2446 4322 temperationibus
2468 4265 2598 4321 quae
2629 4253 2950 4305 cernuntur
2974 4250 3033 4305 in
3064 4251 3432 4317 inanimatis,
3464 4250 3597 4307 utin
3636 4238 3826 4302 metallis
3842 4236 3874 4286 εί

632 4340 696 4397 in
721 4341 1048 4413 lapidibus.
1083 4340 1304 4397 Deinde
1334 4340 1547 4398 transit
1582 4340 1661 4398 ad
1686 4338 2145 4411 temperationes
2168 4338 2404 4393 illarum
2427 4353 2626 4392 rerum
2648 4354 2782 4410 quae
2808 4338 3026 4410 partim
3052 4341 3335 4396 animatae
3372 4340 3581 4413 partim
3628 4328 3872 4419 inanima}?

634 4410 932 4495 videntur,
965 4429 1308 4503 cujusmodi
1338 4434 1477 4487 sunt
1508 4429 1747 4503 plantae.
1778 4410 1968 4485 Tertio
2020 4427 2101 4482 ad
2163 4427 2643 4499 temperationes,
2709 4443 2846 4499 quae
2878 4428 2940 4482 in
2968 4428 3336 4485 animalibus
3365 4410 3679 4493 cernuntur,
3704 4410 3868 4476 accedit

1837 4588 2177 4678 TEBTH
2235 4588 2762 4679 SEBMONIS.

698 4771 839 4827 Cum
867 4771 1052 4829 homo
1078 4772 1150 4829 sit
1178 4769 1741 4845 praestantissimum
1770 4765 1915 4822 illud
1936 4766 2180 4834 animal,
2213 4767 2276 4822 in
2305 4766 2472 4839 quod
2511 4782 2722 4823 omnes
2752 4766 3187 4823 communionis
3225 4767 3441 4825 modos
3467 4768 3663 4822 natura
3678 4746 3864 4845 οοηιειλξι

629 4874 825 4932 operae
841 4863 1099 4933 pretium
1114 4838 1307 4918 fuitde
1323 4856 1854 4932 temperationibus
1866 4856 2177 4912 hominum
2209 4838 2405 4925 agere.
2435 4860 2553 4912 Has
2576 4858 2752 4926 igitur
2779 4856 2964 4913 hocin
2986 4856 3141 4913 libro
3157 4856 3587 4914 accuratissime
3604 4838 3862 4933 petitam}:

626 4923 781 5019 quas
803 4923 1133 5021 nonaginta
1152 4951 1305 5006 duas
1321 4923 1693 5008 esseesserit.
1720 4950 1928 5018 praeter
1948 4923 2281 5017 simplicem
2307 4946 2542 5002 etillam
2560 4923 2696 5017 quae
2745 4945 3002 5017 simplici
3048 4947 3387 5018 respondet.
3415 4943 3667 5003 Galenus,
3686 4923 3863 4989 lib-10‘

629 5042 873 5107 temper.
901 5041 1199 5112 sapienter
1226 5040 1446 5105 monet,
1478 5052 1516 5092 a
1554 5035 1705 5091 bene
1727 5039 2054 5106 temperata
2074 5035 2491 5091 constitutione
2516 5034 2923 5106 incipiendum
2948 5050 3105 5104 esse,
3142 5035 3258 5091 nisi
3283 5035 3419 5108 quis
3437 5031 3565 5088 velit
3587 5029 3641 5083 in

617 5126 846 5184 induci.
864 5110 1007 5185 Nam
1023 5129 1221 5183 sicum
1242 5126 1394 5181 bene
1410 5128 1739 5197 temperata
1758 5123 1905 5180 alias
1922 5123 2382 5195 temperationes
2429 5124 2891 5195 comparaveris,
2915 5123 3080 5179 nullo
3104 5124 3343 5194 negotio
3353 5120 3514 5195 quod
3531 5119 3586 5174 in
3614 5110 3860 5198 (Ιυδνίδξθ

622 5192 1628 5287 cedat,deﬁciatve,reperies.Quare
1656 5213 1849 5285 primo
1875 5211 1950 5268 de
1974 5192 2087 5267 illis
2114 5228 2250 5284 quae
2275 5217 2341 5268 ut
2369 5192 2714 5283 simpliciter
2742 5192 3084 5284 temperatas
3114 5192 3217 5269 aut
3243 5192 3629 5282 intemperata
3649 5192 3855 5287 οοιξείξως

624 5274 814 5363 tiones
836 5274 1309 5370 considerantur,
1322 5303 1647 5359 dicendum
1676 5307 1781 5358 est.
1804 5301 2064 5373 Simplex
2096 5305 2184 5357 est
2207 5300 2466 5374 illa,quae
2486 5316 2683 5373 neque
2711 5300 3103 5357 intensionem
3118 5316 3314 5374 neque
3328 5274 3855 5379 remissionem

620 5395 727 5451 sed
740 5393 1046 5466 aqualiter
1065 5368 1597 5462 habetillaseptem
1612 5394 1659 5446 A
1680 5393 1719 5445 Β
1750 5391 1812 5459 C,
1827 5368 2111 5463 praeterea
2124 5393 2163 5445 E
2189 5392 2227 5447 F
2243 5392 2285 5447 G
2316 5368 2386 5443 ΙίΪ.
2408 5390 2522 5445 Sed
2539 5368 2831 5460 quoniam
2850 5389 3152 5459 ejusmodi
3180 5368 3515 5446 constitutio
3540 5368 3855 5466 βοήθοξίῧίᾞξ

622 5446 1007 5554 chulfi;
1018 5446 1682 5552 reperi-tumvidcircoilla
1693 5446 2053 5548 constitutio,
2072 5494 2209 5552 quas
2238 5446 2318 5536 ad
2342 5479 2499 5535 hanc
2519 5446 2950 5551 perfectissime
2979 5478 3274 5551 aequalem
3295 5446 3559 5550 proxime

615 5570 680 5626 in
695 5540 915 5640 primis
931 5540 1230 5640 optabilis.
1259 5540 1357 5624 Ille
1376 5566 1915 5638 temperatissimus
1934 5540 2121 5624 homo
2141 5571 2251 5635 est,
2273 5567 2467 5640 inquit
2486 5540 2764 5637 Calenus,
2781 5567 2886 5639 qui
2914 5540 3183 5640 corporis
3199 5540 3406 5624 habitu
3428 5558 3637 5620 medius
3670 5550 3743 5605 θοι
3759 5540 3853 5640 ψ’

619 5634 1034 5733 gracilitatem,
1064 5634 1541 5726 crassitudinem,
1560 5655 1859 5728 duritiem,
1882 5655 2216 5725 mollitiem,
2248 5634 2513 5729 itemque
2529 5634 2875 5712 calorem-et
2900 5634 3110 5727 frigus.
3133 5655 3296 5714 idem
3340 5653 3532 5711 animo
3556 5646 3753 5717 (Ιιιοίίυθ
3772 5634 3853 5680 ω’
