4042 6214
137 284 274 343 ίεθε
738 287 1089 344 THEODORI
1115 290 1162 344 II
1195 288 1333 345 IMP.
1367 289 1458 344 DE
1482 280 1941 344 COMMUNIONE
1979 289 2352 350 NATURALI.
2384 324 2456 335 --
2482 291 2879 349 PREFA’I‘IO.
3371 298 3509 353 1266

128 412 266 469 dius
293 418 381 470 est
418 413 569 469 inter
594 412 914 470 audaciam
941 416 996 470 et
1024 414 1320 480 timorem,
1348 413 1500 469 inter
1529 413 2002 470 misericordiam
2030 419 2087 469 et
2117 415 2427 473 invidiam.
2471 420 2566 474 Est
2608 417 2788 473 etiam
2820 417 3035 485 alacer,
3069 417 3353 490 φιλόφιλος,
3394 421 3505 476 hu-

124 518 348 559 manus
368 508 426 559 et
455 503 735 575 prudens,
770 508 825 558 et
853 504 1141 575 quoniam
1168 504 1536 575 comparatio
1556 502 1618 558 in
1633 502 1727 559 his
1743 503 2271 577 conjugationibus
2289 506 2490 566 locum
2513 508 3148 579 habet,circumspecte
3168 508 3500 567 videndum

125 597 234 665 est,
269 592 418 667 quid
442 609 582 648 cum
617 608 741 664 quo
779 588 1184 650 conferamus.

1329 825 1699 924 QUARTI
1761 826 2286 920 SERMONIS.

124 1056 425 1123 Quoniam
446 1056 731 1119 ἑπιτάσεως
755 1062 845 1109 καὶ
880 1055 1094 1117 ἀνέσεως
1130 1056 1219 1112 vis
1271 1072 1672 1128 permagnum
1710 1057 1720 1113 1

1888 1074 1892 1113 ;
1948 1072 2129 1114 usum
2167 1059 2230 1115 in
2273 1059 2828 1130 conjugationibus,
2882 1060 2968 1117 uti
3013 1077 3196 1133 supra
3233 1062 3484 1120 demon-

121 1150 380 1201 stratum
401 1149 504 1217 est,
529 1147 591 1200 in
616 1146 726 1201 hoc
746 1150 958 1217 quarto
985 1161 1262 1201 sermone
1284 1146 1717 1209 accuratissime

1886 1146 2002 1203 ὼᾶῐ
2038 1148 2271 1200 ἐπίτασιν
2292 1154 2382 1201 καὶ
2435 1148 2629 1212 ἄνεσιν,
2686 1150 2801 1205 hoc
2830 1154 2923 1206 est
2985 1150 3385 1207 intensionem
3411 1169 3482 1209 ac

121 1235 541 1289 remissionem
562 1250 690 1289 esse
737 1242 828 1286 τοῦ
853 1241 1025 1301 ποιοῦ,
1071 1249 1194 1289 non
1225 1239 1427 1289 autem
1474 1235 1660 1295 οὐσίας
1679 1255 1717 1290 44

1901 1246 2089 1292 ποσοῦ.
2124 1235 2462 1310 Ἐπιδέχεται
2490 1235 2570 1307 δὲ,
2591 1238 2785 1312 inquit
2810 1240 3165 1312 Aristoteles,
3198 1245 3258 1292 τὸ
3289 1241 3478 1313 μᾶλλον

118 1328 204 1376 xci
227 1328 285 1375 τὸ
314 1325 464 1381 ἧττον
485 1325 551 1375 τά
570 1343 681 1379 ποι.
709 1322 886 1375 λευκὸν
913 1326 1014 1395 γάρ
1043 1322 1230 1395 μᾶλλον
1256 1328 1346 1374 καί
1374 1323 1528 1381 ἦττον
1572 1325 1714 1397 ἕτεροί

1887 1346 1945 1377 ου
1994 1326 2195 1397 λέγεται
2244 1370 2258 1393 ,
2314 1332 2423 1394 etc,
2475 1329 2538 1382 In
2588 1328 2703 1383 hoc
2756 1330 2937 1384 etiam
2979 1344 3254 1385 sermone
3305 1330 3477 1389 docet

115 1419 364 1485 propter
390 1412 738 1485 qualitatem
784 1428 878 1467 res
925 1412 1041 1467 dici
1081 1412 1299 1467 similes
1346 1417 1403 1468 et
1453 1413 1711 1469 disemile

1880 1436 2005 1487 μοια
2053 1412 2111 1467 δὲ
2140 1436 2169 1473 η
2198 1415 2435 1488 ἀνόμοια,
2491 1416 2687 1488 inquit
2725 1416 3080 1487 Arsitoteles,
3141 1437 3277 1469 κατα
3314 1440 3476 1491 μονας

113 1504 212 1563 τάς
240 1504 524 1562 ποιότητας
557 1502 777 1573 λέγεται)
817 1503 991 1574 ὅμοιον
1029 1503 1130 1575 γὰρ
1159 1502 1326 1575 ἕτερον
1362 1501 1514 1576 ἑτέρῳ
1543 1504 1657 1554 κατ’
1697 1502 1790 1555 ἄλλ
1827 1501 1999 1573 οὐδὲν,
2033 1503 2139 1573 ἀλλ(
2195 1504 2225 1563 ἢ
2280 1505 2397 1557 καθ’
2423 1506 2597 1556 ὃποιόν
2651 1504 2788 1561 ἐστι.
2826 1504 2939 1561 Sed
2976 1520 3270 1577 quorsum
3300 1507 3426 1565 haec
3448 1508 3475 1561 ?

113 1590 406 1646 Nimirum
429 1595 491 1646 ut
519 1590 781 1646 sciamus
812 1590 1212 1646 intensionem
1242 1605 1311 1645 ac
1340 1590 1773 1658 remissionem,
1816 1592 2265 1648 similitudinem
2296 1608 2367 1649 ac
2405 1592 2953 1653 dissimilitudinem
3016 1593 3240 1649 habere
3269 1594 3471 1653 locum

106 1680 172 1735 in
198 1679 560 1736 enumeratis
586 1678 1131 1751 conjugationibus,
1162 1694 1286 1735 non
1314 1679 1547 1736 ratione
1574 1679 1702 1732 οὖσίι

1874 1681 2162 1741 ἀιδὰῐίοῐιθ
2221 1689 2314 1736 τοῦ
2373 1688 2528 1736 ποιοῦ
2574 1690 2667 1744 τῆς
2696 1685 2995 1750 ποιότητος,
3066 1683 3234 1754 quod
3288 1685 3467 1742 etiam

112 1785 299 1842 supra
328 1768 701 1826 monuimus.

1328 1987 1666 2085 QUIZNTI
1723 1986 2243 2078 SERMONIS.

182 2241 245 2293 In
257 2236 468 2310 quinto
492 2252 765 2293 sermone
776 2235 1125 2307 gravissime
1141 2252 1211 2292 ac
1229 2236 1668 2308 sapientissime
1680 2235 1917 2292 disserit
1931 2236 2006 2293 de
2034 2237 2349 2293 hominum
2373 2235 2899 2293 communionibus
2909 2236 3060 2292 inter
3080 2251 3162 2292 se.
3178 2238 3461 2294 Convenit

106 2326 361 2396 homini,
398 2325 595 2398 inquit
632 2325 907 2394 Galenus,
946 2330 1013 2380 ut
1051 2325 1123 2381 sit
1163 2325 1657 2398 sapientissimus.
1687 2325 1841 2381 Alibi
1879 2326 2054 2382 docet
2089 2326 2244 2382 bene
2281 2330 2339 2383 et
2375 2326 2683 2398 aequaliter
2714 2330 3116 2396 temperatum
3146 2341 3276 2383 esse
3309 2342 3459 2398 pru-

105 2415 347 2471 dentem
362 2458 376 2471 .
396 2413 544 2470 Cum
560 2418 762 2470 autem
774 2414 1096 2469 similitudo
1108 2418 1228 2470 tem
1236 2415 1609 2484 perationum
1631 2415 1763 2485 conj
1773 2420 1961 2483 ungat
1975 2419 2033 2470 et
2051 2414 2352 2470 consociet
2366 2414 2643 2469 homines
2662 2414 2812 2468 inter
2840 2429 2922 2485 se,
2945 2430 3068 2483 quo
3087 2414 3460 2486 praestantior

102 2503 283 2559 fuerit
306 2502 688 2559 consociatio.
714 2505 892 2559 Porro
920 2503 1016 2559 hic
1044 2518 1251 2557 rursus
1277 2502 1394 2558 duo
1410 2507 1548 2557 sunt
1560 2504 2048 2560 communicandi
2068 2504 2236 2559 modi
2256 2504 2433 2559 nobis
2452 2503 2763 2574 diligenter
2779 2503 3164 2559 observandi.
3191 2506 3354 2560 Unus
3370 2509 3459 2561 est

102 2595 243 2645 κατά
265 2597 359 2650 τὴν
392 2597 591 2665 σοφίαν,
620 2592 767 2649 alter
781 2597 873 2648 est
899 2594 1030 2645 κατά
1050 2597 1144 2650 τὴν
1174 2592 1440 2651 πολιτικὴν
1472 2598 1698 2665 φρόνησιι

1861 2593 2104 2649 scrimen
2141 2593 2258 2649 hoc
2282 2592 2512 2648 elicitur
2540 2606 2613 2647 ex
2641 2591 2987 2647 discrimine
3011 2597 3196 2665 σοφὶας
3215 2599 3306 2646 καὶ
3338 2614 3457 2669 φρο-

100 2686 318 2747 νήσεως,
354 2681 519 2754 quod
537 2681 782 2754 quidem
820 2681 1143 2738 discrimen
1195 2698 1335 2737 cum
1373 2681 1576 2737 multis
1613 2682 1675 2737 in
1712 2682 1879 2749 locis,
1928 2685 2058 2737 tum
2085 2698 2146 2751 x,
2180 2684 2259 2737 De
2302 2680 2507 2748 moris,
2532 2679 2611 2736 ab
2663 2679 2969 2737 Aristotele
2991 2680 3333 2752 assignatur
3359 2682 3456 2738 his

96 2769 301 2827 verbis
335 2770 706 2831 εΣυνὲζευκται
737 2767 797 2824 δὴ
834 2775 924 2824 καὶ
942 2772 1231 2843 ἠφρόνησις
1258 2778 1322 2843 τῇ
1349 2778 1441 2823 τοῦ
1468 2771 1626 2832 ἣθους
1648 2768 1801 2843 ἀρετῆ
1839 2814 1854 2839 ,
1885 2775 1976 2823 καὶ
2012 2770 2145 2828 αὕτη
2177 2778 2243 2842 τῇ·
2274 2773 2542 2842 φρονήσει,
2569 2771 2710 2842 εἴπερ
2759 2771 2825 2822 αἰ-
3006 2776 3099 2830 τῆς
3159 2773 3456 2844 φρονήσεως

89 2859 265 2936 ἀρχαὶ
286 2858 423 2912 κατά
452 2859 548 2921 τὰς
572 2862 759 2922 ὴθικάς
788 2860 918 2912 εἰσιν
940 2859 1148 2934 ἀρετὰς,
1181 2864 1240 2912 τὸ
1271 2856 1321 2912 δ’
1365 2859 1515 2933 ὀρθὸν
1543 2868 1647 2912 τῶν
1678 2862 1874 2918 ὴθίκῶν
1895 2861 2031 2912 κατὰ
2058 2864 2151 2917 τὴν
2174 2863 2447 2931 φρόνησιν,
2478 2861 2826 2932 Συνηρτμέναι
2852 2853 2905 2910 δ’
2932 2854 3212 2921 αὖταιτοῐς
3238 2860 3453 2930 πάθεσι,

90 2954 181 3001 καὶ
217 2953 335 3024 περὶ
370 2952 430 3001 τὸ
463 2950 704 3002 σύνθετον
735 2950 797 3001 ἀν
828 2947 941 3015 εἶεν,
974 2951 1030 3001 αἱ
1059 2945 1119 3002 δὲ
1145 2956 1237 3002 τοῦ
1270 2948 1517 3001 συνθέτου
1550 2947 1729 3021 ἀρεταὶ
1760 2947 2107 3023 ἀνθρωπικαὶ,
2146 2952 2237 3000 καὶ
2263 2949 2288 3000 ὁ
2320 2946 2442 3019 βίος
2470 2942 2530 2999 δᾶ
2555 2948 2580 2999 ὁ
2606 2945 2722 2999 κατ’
2753 2946 2912 3007 αὐτὰς
2936 2952 3025 2998 καὶ
3054 2949 3084 3005 ἠ
3118 2944 3448 3020 εὐδαιμονια,

91 3043 122 3096 ἡ
150 3033 211 3090 δὲ
234 3045 325 3089 τοῦ
354 3040 464 3094 Nat}
488 3040 872 3111 κεχωρισμένη.
902 3038 982 3092 De
1012 3036 1436 3094 communione
1461 3037 1687 3109 politia;

1910 3036 2035 3097 rist.
2068 3036 2173 3094 lib.
2195 3052 2290 3091 VIII
2328 3034 2621 3105 moribus,
2650 3050 2774 3108 quo
2795 3034 2856 3093 in
2892 3033 3027 3093 loco
3054 3036 3144 3095 τὰς
3180 3034 3506 3104 πολιτικὰς

85 3132 361 3189 κοινωνὶας
386 3127 505 3180 καθ’
533 3127 759 3186 έκαστην
787 3134 888 3179 τῶν
916 3126 1185 3181 πολιτειῶν
1215 3125 1519 3197 eleganter
1533 3118 1841 3183 'excendit.

1340 3359 1633 3452 SEXTI
1701 3356 2220 3451 SEBMONIS.

159 3592 225 3648 In
252 3595 415 3649 sexto
441 3597 751 3665 comparat
780 3593 1088 3650 scientiam
1107 3608 1247 3648 cum
1276 3596 1423 3658 arte,
1459 3596 1517 3649 et
1543 3597 1825 3648 naturam
1853 3606 1992 3646 cum
2010 3590 2460 3663 temperatione,
2494 3590 2790 3663 docetque
2814 3593 3005 3647 artem
3028 3590 3109 3648 ad
3133 3591 3443 3650 scientiam

75 3681 334 3754 perinde
374 3697 436 3738 se
456 3681 679 3738 habere
694 3685 873 3755 atque
898 3683 1391 3754 temperationem
1414 3682 1491 3738 ad
1503 3686 1801 3737 naturam.
1816 3682 2103 3736 Praeterea
2124 3680 2327 3733 monet
2344 3681 2626 3734 naturam
2647 3682 2706 3734 et
2723 3678 3036 3736 scientiam
3047 3678 3447 3753 esse'conjun-

72 3770 331 3839 gendas,
358 3776 420 3827 ut
447 3770 692 3828 scientia
709 3776 987 3827 naturam
1010 3769 1187 3843 quasi
1202 3770 1498 3826 informet.
1515 3770 1779 3842 Denique
1791 3767 2093 3824 constituit
2111 3766 2257 3829 τάξιν
2281 3765 2637 3839 quamdam,
2649 3782 2724 3823 ex
2738 3782 2860 3839 qua
2870 3768 3200 3839 poterimus
3221 3784 3447 3839 cogno-

70 3873 245 3914 scere
265 3858 410 3914 illud
447 3858 613 3930 quod
632 3864 721 3915 est
750 3859 942 3931 magis
962 3864 1066 3915 aut
1098 3859 1295 3914 minus
1319 3862 1647 3930 τειαιγμένον,
1677 3859 1793 3913 hoc
1823 3860 1927 3927 est,
1944 3856 2138 3926 magis
2150 3860 2253 3911 aut
2268 3855 2469 3910 minus
2500 3855 2836 3911 secundum
2855 3853 3137 3913 naturam
3166 3862 3225 3912 et
3253 3858 3441 3914 scien-

71 3947 435 4013 tiam.Quod
474 3947 824 4020 utperﬁciat,
858 3948 1038 4004 utitur
1082 3947 1522 4003 mathematicis
1553 3947 1885 4015 ﬁgurarum
1897 3940 2472 4017 comparationibus,
2488 3943 2783 4016 docetque
2801 3943 3060 4013 ﬁguram
3078 3944 3438 4015 sphaaricam

72 4051 217 4092 esse
239 4050 425 4107 supra
444 4035 595 4092 alias
612 4051 822 4093 omnes
846 4040 1159 4109 τεταγμένην
1175 4034 1392 4091 deinde
1403 4035 1765 4107 quadratam
1784 4033 2065 4104 ﬁguram,
2083 4038 2387 4104 postremo
2399 4032 2768 4101 triangulum
2803 4031 3239 4104 mquilaterum.
3261 4034 3437 4097 Quod

72 4125 240 4194 igtur
267 4123 325 4179 in
346 4125 786 4181 mathematicis
797 4124 1030 4196 ﬁguris,
1050 4125 1340 4197 sphmrica
1368 4124 1584 4194 ﬁgura,
1596 4123 1660 4179 id
1671 4127 1759 4179 est
1769 4124 1827 4178 in
1843 4122 2023 4178 rebus
2033 4120 2318 4177 humanis
2332 4120 2639 4193 sapientiae
2656 4117 3055 4192 etprudentiw
3066 4124 3207 4175 cum
3221 4120 3453 4176 natura

73 4213 217 4282 conj
225 4214 447 4283 unctio,
460 4214 690 4286 etquod
706 4215 761 4269 in
776 4213 888 4269 illis
900 4219 957 4270 et
973 4214 1269 4286 quadrata
1278 4212 1495 4285 ﬁgura,
1509 4213 1569 4268 in
1581 4213 1673 4269 his
1686 4217 1775 4268 est
1803 4211 2061 4267 scientias
2084 4226 2224 4267 cum
2244 4214 2459 4266 natura
2488 4209 2622 4281 conj
2630 4209 3174 4265 unctio.Postremo
3186 4207 3435 4280 quod'in

72 4302 195 4356 illis
228 4302 641 4374 sequilaterurn
678 4303 1061 4373 triangulum,
1093 4304 1187 4358 his
1216 4308 1308 4359 est
1326 4303 1467 4359 artis
1496 4319 1635 4359 cum
1656 4300 2189 4373 temperationibus
2208 4298 2584 4355 naturalibus
2607 4296 2970 4369 coniunctio.
2994 4299 3075 4353 De
3090 4297 3440 4370 praastantia

75 4390 393 4461 sphaericas
421 4391 628 4460 ﬁguras
663 4392 791 4448 haec
830 4392 1185 4458 Aristoteles,
1216 4398 1341 4464 Περὶ
1369 4393 1589 4467 οὐρανοῦ
1620 4391 1669 4465 β’

1840 4411 1895 4442 αν
1926 4384 1994 4447 δὴ
2026 4396 2217 4461 σχῆμα
2256 4385 2499 4441 ἐπίπεδον
2528 4388 2558 4446 ἡ
2592 4386 2961 4461 εὐθύγραμμον
2991 4385 3129 4439 ἐστιν
3159 4390 3191 4446 ἦ
3226 4406 3436 4461 napiqu-

70 4483 410 4549 ρόγραμμον,
440 4483 528 4530 καὶ
554 4482 610 4530 τὸ
641 4482 730 4551 μὲν
760 4479 1124 4553 εὐθύγραμμον
1158 4481 1258 4532 ὑπὸ
1283 4479 1524 4532 πλειόνων
1556 4485 1848 4553 περιέχεται
1866 4488 2138 4552 γραμμῶν,
2172 4482 2229 4531 τὸ
2269 4475 2328 4530 δὲ
2366 4481 2847 4551 περιφερόγραμμον
2894 4477 2995 4529 ὑπὸ
3024 4482 3167 4548 μιᾶς.
3200 4476 3344 4529 Ἐπεὶ
3375 4474 3437 4530 δὲ

72 4570 327 4639 πρότερον
347 4574 408 4624 τῆ
438 4568 655 4637 φύσειέν
685 4567 887 4639 ἑκάστῳ
912 4572 1045 4639 γένει
1073 4572 1131 4619 τὸ
1170 4567 1219 4620 ἐν
1249 4576 1348 4619 τῶν
1378 4567 1575 4620 πολλῶν
1622 4573 1712 4620 καὶ
1736 4588 1795 4620 το
1833 4568 2026 4620 ἁπλουν
2071 4575 2163 4620 τοῦ
2218 4569 2484 4636 συνθέτου,
2540 4574 2745 4640 πρῶτον
2786 4564 2847 4618 ἂν
2901 4567 2978 4624 εἴη
3032 4572 3134 4619 τῶν
3170 4561 3432 4619 ἐπιπέδων

73 4655 379 4725 σχημάτων
427 4656 453 4707 ὁ
509 4655 711 4723 κύκλος,
760 4660 875 4711 etc.
925 4656 1091 4721 Quod
1138 4657 1187 4710 si
1239 4656 1374 4727 quis
1430 4656 1669 4712 auctori:

1840 4657 1939 4712 stri
1996 4657 2223 4713 factum
2273 4656 2431 4713 ausit
2487 4654 2923 4728 reprehendere
2987 4654 3155 4727 quod
3205 4653 3436 4710 mathe-

70 4743 306 4798 matica
334 4742 602 4814 physicis
633 4744 984 4805 admisceat,
1015 4744 1402 4816 respondebit
1428 4744 1666 4799 Proclus

1866 4767 1895 4807 ις
1962 4742 2021 4797 δὲ
2044 4750 2138 4803 τὴν
2192 4751 2415 4817 φυσικὴν
2446 4747 2658 4817 θιωρίαν
2710 4747 2776 4797 τὰ
2804 4748 3029 4816 μέγιστα
3085 4741 3435 4814 συμϐάλλεται

67 4832 447 4903 μαθηματικὴ,
523 4838 617 4890 τήν
644 4853 699 4886 τι
758 4842 856 4886 τῶν
917 4833 1082 4905 λογων
1148 4833 1384 4895 εὐταξίαν
1448 4832 1805 4905 ἀναφαίνουσα
1877 4834 1995 4885 καθ’
2062 4833 2123 4891 ἣν
2198 4830 2657 4909 δεδημιούργηται
2692 4836 2752 4886 τὸ
2810 4832 2955 4901 πᾶνί
2995 4835 3084 4883 καὶ
3155 4828 3430 4899 ἀναλογίαν

69 4921 174 4977 την
230 4922 402 4974 πάντα
459 4926 526 4974 τὰ
567 4920 616 4973 ἕν
670 4930 743 4994 τῷ
788 4928 964 4994 κὸσμφ
1023 4919 1382 4988 συνδήσασαν,
1434 4924 1498 4983 ὣς
1542 4925 1644 4975 πού
1692 4942 1849 4994 φησιν
1901 4928 2143 4993 Τιμαίος,
2218 4927 2307 4974 καὶ
2382 4922 2504 4994 φίλα
2582 4924 2650 4974 τά
2740 4923 3020 4993 μαχόμενα
3094 4922 3185 4971 καὶ
3255 4933 3430 4992 προσ-

64 5011 252 5081 ἡγορα
294 5013 386 5063 καὶ
443 5012 693 5082 συμπαθῆ
743 5016 808 5064 τὰ
859 5008 1122 5064 διεστῶτα
1178 5017 1454 5070 ποιήσασα
1519 5017 1607 5064 καὶ
1642 5015 1708 5064 τὰ
1763 5010 1902 5063 ἁπλᾶ
1942 5015 2033 5062 καὶ
2089 5013 2403 5083 πρωτουργὰ
2455 5012 2702 5081 στοιχεῖα
2741 5012 2832 5061 καὶ
2878 5010 3046 5065 πάντη
3096 5014 3161 5080 τῇ
3220 5025 3429 5079 συμμετ-

62 5102 197 5172 τρίᾳ
227 5103 318 5151 καὶ
345 5108 407 5159 τῆ
434 5099 637 5157 ἰσότητι
667 5105 989 5174 συνεχόμενα
1019 5097 1260 5163 δείξασα.
1302 5102 1445 5166 Quae
1476 5116 1655 5172 porro

1834 5104 2064 5155 xtremo
2098 5098 2251 5154 libro
2298 5099 2577 5153 dicuntur
2626 5101 2746 5173 περὶ
2780 5102 2878 5150 τοῦ
2913 5102 3267 5168 τριγωνισμοῦ
3313 5095 3430 5153 cir-

62 5187 213 5257 culi,
242 5203 364 5245 non
386 5203 634 5260 possum
654 5189 895 5258 adduci,
926 5194 990 5246 ut
1017 5190 1260 5246 credam
1277 5189 1376 5245 illa
1397 5204 1532 5245 esse
1552 5190 1739 5245 nostri
1758 5189 2036 5253 auctoris,
2061 5203 2199 5244 cum
2228 5186 2371 5260 quia
2398 5191 2538 5243 sunt
2565 5191 2779 5258 printer
2801 5185 3134 5242 institutam
3165 5184 3432 5257 disputa-

60 5278 299 5333 tionem
328 5277 557 5343 addita,
588 5284 717 5335 tum
745 5280 926 5335 etiam
955 5280 1100 5351 quia
1146 5284 1282 5334 sunt
1338 5278 1609 5348 puerilia.

1875 5277 2063 5335 verba
2103 5278 2252 5345 haec,
2276 5278 2342 5330 τὰ
2386 5283 2511 5348 γοῦν
2566 5295 2649 5343 ατ,
2690 5295 2779 5345 τη,
2811 5274 2898 5340 ηϐ,
2941 5273 3037 5344 ϐω,
3066 5293 3163 5347 οχ,
3195 5293 3295 5347 χα,
3324 5279 3426 5347 τμή

56 5384 212 5437 ματα
236 5367 301 5417 τὰ
326 5364 382 5417 ἇκ
404 5373 493 5426 τῆς
521 5366 713 5419 κύκλου
748 5372 1013 5442 περιφείας
1034 5372 1123 5419 καὶ
1181 5375 1279 5419 τῶν
1338 5372 1601 5439 τριγώνων
1660 5366 1888 5439 πλευρων
1944 5371 2206 5439 γινόμενα,
2271 5369 2505 5419 ἔστωσαν
2536 5365 2630 5417 ἶσα
2682 5372 2790 5425 τοῖς
2816 5360 2946 5417 δυσὶ
3006 5370 3280 5437 τριγώνοις
3306 5360 3429 5423 ηδ’

56 5453 205 5525 χωγ’
227 5454 374 5525 quid
406 5454 569 5511 aliud
588 5455 831 5521 habent,
863 5472 1053 5527 quam
1084 5455 1398 5527 αἰτημαλίαν
1429 5455 1628 5521 εὔηθες,

1836 5456 1994 5512 uitur
2018 5455 2354 5512 Aristoteles
2370 5454 2398 5510 ?
2419 5453 2669 5511 Additur
2684 5454 2899 5511 deinde
2913 5453 3067 5511 ratio
3096 5469 3229 5525 quas
3257 5453 3428 5523 igua,-

59 5542 539 5612 vumtingenium
551 5545 764 5615 arguit,
780 5541 1041 5618 ὃηλοίγὰρ
1055 5544 1179 5597 αὐτὸ
1194 5549 1282 5596 καὶ
1305 5545 1335 5601 ἠ
1351 5545 1511 5602 αἲσθη
1521 5560 1655 5613 σις,ρ

1833 5545 2299 5602 emonstratione
2319 5560 2474 5616 opus
2500 5541 2693 5600 fuerit.
2709 5543 3116 5609 Quamobrem
3126 5541 3304 5598 credo
3316 5550 3429 5610 ego

53 5631 425 5689 additaesse
448 5631 551 5690 illa
571 5633 1191 5707 aGrasculoquodam;
1212 5632 1381 5705 quod
1390 5634 1570 5691 etiam
1594 5632 1846 5704 quilibet
1872 5649 1947 5690 ex
1958 5637 2265 5690 contextus
2277 5633 2427 5690 serie
2456 5631 2622 5690 nullo
2633 5634 2875 5703 negotio
2896 5630 3424 5701 conjicete§potest,
