4042 6214
596 261 732 318 1267

2083 251 2442 313 ᾹΠΒΕΝΒΑ.
3769 266 3869 324 {253

1291 546 2134 666 ΘΕΟΔΩΡΟΥ
2210 549 2488 665 ΤΟΥ
2563 540 3248 665 ΛΑΣΚΑΡΙ

3267 397 3870 425 Ἥ

1191 793 1322 844 ΤΟΥ
1376 792 1530 844 ΥΙΟΥ
1580 791 1900 840 ΜΕΓΛΛΟΥ
1953 789 2276 840 ΒΔΣΙΛΕΩΣ
2336 790 2550 841 ΚΥΡΟΥ
2602 791 2907 842 ΙΩΑΝΝΟΥ
2959 793 3090 842 ΤΟΥ
3143 788 3367 847 ΔΟΥΚΑ

1288 977 1598 1099 ΤΗΣ
1663 977 2326 1094 ΦΥΣΙΚΗΣ
2394 975 3260 1098 ΚΟΙΝΩΝΙΑΣ

1825 1220 2216 1316 ΛΟΓΟΣ
2257 1220 2743 1312 ΠΡΩΤΟΣ.

2248 1465 2336 1485 μ’

1511 1643 2276 1768 THEODOBI
2369 1646 3063 1772 LASCARIS

1356 1918 1517 1974 FlLlI
1576 1917 1789 1975 SUMMI
1847 1916 2309 1977 IMPERATORIS
2368 1916 2612 1977 DOMINI
2666 1917 2955 1976 JOANNIS
3014 1915 3220 1976 DUCE

1265 2109 1452 2230 DE
1527 2105 2280 2224 NATURALI
2358 2112 3294 2228 COMMUNIONE

1839 2349 2204 2445 SERMO
2263 2356 2688 2445 PRIMUS

679 2763 732 2820 α’
771 2762 856 2817 Ἐκ
921 2757 1117 2814 πολλῶν
1155 2758 1245 2832 μὶν
1291 2756 1611 2831 πραγμάτων
1657 2759 1746 2809 καὶ
1813 2754 1975 2817 ἄλλως
2057 2756 2260 2826 γνόντες

612 2854 947 2927 οἱᾶνθρωποι
986 2848 1063 2902 ὃτι
1101 2851 1158 2902 τὸ
1183 2849 1332 2920 φύσει
1371 2853 1600 2923 κρεῖττον
1662 2853 1752 2899 τοῦ
1813 2847 1968 2910 θὶσει,
2018 2845 2262 2918 ὑπερέχει

608 2963 664 2998 τι
688 2946 778 2996 καὶ
812 2947 902 2994 τοῦ
939 2941 1107 3012 τύχη,
1167 2942 1256 2991 καὶ
1287 2935 1338 3000 ἐξ
1393 2937 1560 2990 αὐτῶν
1627 2933 1693 2994 δὴ
1759 2943 1950 2994 νοῆσαι
1989 2931 2257 3005 δύνανται,

609 3033 677 3086 ὧν
716 3030 986 3102 ἐπείγομαι
1081 3026 1221 3091 λὶξαι
1313 3033 1421 3093 νῦν,
1481 3030 1570 3078 καὶ
1625 3025 1718 3078 οὐκ
1773 3025 1834 3077 ἄν
1901 3023 2066 3085 ἄλλως
2121 3026 2261 3096 ἔχειν

610 3125 727 3180 ι’ἰπη
768 3139 845 3182 τις
872 3116 1010 3172 τοῦτ’
1085 3115 1209 3170 αὐτό
1253 3119 1283 3176 ἤ
1327 3117 1395 3177 ὡς
1453 3111 1481 3174 ἧ
1576 3118 1770 3187 φυσικὴ
1839 3112 2119 3166 ἀκολουθία
2173 3117 2262 3166 καὶ

610 3209 810 3270 ἀληθὴς
873 3210 1206 3280 παραστήσει
1314 3208 1535 3278 τήμερον
1603 3199 1672 3256 δι’
1739 3202 1882 3274 ἐμοῦ·
1951 3201 2106 3256 Ἔστι
2172 3204 2261 3274 μὲν

610 3307 698 3353 οῦν
727 3300 879 3371 φύσις
919 3299 1007 3348 καὶ
1044 3299 1249 3357 κίνησις
1302 3292 1350 3346 ἐν
1391 3301 1453 3352 τῆ
1515 3294 1685 3364 φύσει,
1742 3294 1987 3351 ὡσαύτως
2044 3289 2093 3343 δ’
2151 3293 2262 3344 ἔστι

609 3391 698 3443 καὶ
728 3386 1000 3461 μερισμὸς·
1037 3386 1162 3457 πρὸς
1211 3385 1311 3455 γὰρ
1379 3379 1743 3455 Ἀριστοτέλην
1806 3385 1893 3433 καὶ
1953 3382 2262 3452 Πυθαγόραν

608 3480 697 3531 καὶ
764 3475 1069 3551 Ἑρμογένην
1156 3475 1245 3523 καὶ
1321 3469 1556 3542 Ὅμηρον
1614 3476 1794 3531 κοινῶς
1861 3471 1890 3527 ἠ
1984 3466 2259 3541 διαίρεσις,

610 3566 783 3639 ὥσπερ
814 3568 904 3616 καὶ
941 3563 996 3615 αἱ
1037 3564 1254 3632 στιγμαὶ
1327 3567 1634 3633 μετροῦνται
1705 3565 1950 3630 στιγμαῖς
2008 3563 2097 3610 καὶ
2159 3565 2264 3620 τοῖς

611 3653 856 3726 ἀριθμοῖς
922 3649 1152 3720 ἀριθμοί.
1221 3653 1294 3719 Τῇ
1383 3650 1472 3720 μὲν
1535 3649 1634 3722 γάρ
1697 3652 1900 3705 κινήσει
1963 3646 2064 3699 εἰσὶ
2132 3651 2260 3721 μέρη

611 3747 864 3800 κινήσεως
893 3743 983 3792 καὶ
1018 3744 1120 3799 τοῖς
1158 3740 1337 3810 μέρεσι
1397 3733 1644 3811 διαφορά,
1681 3741 1770 3788 καὶ
1809 3736 1866 3788 οὐ
1927 3739 2070 3798 θέσις
2127 3735 2264 3789 ἐστὶν

613 3832 780 3886 αὐτῶν
809 3831 839 3890 ἠ
871 3829 1099 3897 ὄντὸτης,
1140 3825 1266 3880 ἀλλὰ
1293 3830 1507 3888 ποιότης
1562 3829 1591 3886 ἡ
1653 3829 1787 3880 κατὰ
1836 3830 2012 3898 φύσιν,

613 3917 739 3976 οὐδὲ
764 3928 825 3994 τῇ
858 3921 1008 3993 φύσει
1047 3920 1078 3976 ἡ
1120 3921 1344 3984 κίνησις,
1416 3915 1542 3969 ἀλλὰ
1604 3919 1660 3969 τὸ
1737 3913 1864 3967 εἶναι
1932 3913 2108 3989 ἀρχὴν
2173 3919 2263 3988 μὲν

609 4015 886 4080 κινήσεως,
927 4009 1189 4080 περιὲχειν
1256 4003 1315 4061 δὲ
1379 4010 1468 4058 καὶ
1535 4005 1719 4080 ἄρχειν
1778 4008 1866 4056 καὶ
1930 4005 2095 4068 αὐτῆς
2135 4007 2262 4061 στά-

613 4117 760 4162 σεως·
793 4102 882 4152 καὶ
922 4097 1077 4171 φῦσις
1105 4098 1194 4168 μὲν
1235 4091 1320 4147 οὖν
1377 4100 1508 4147 κινεῖ
1568 4095 1737 4146 πάντα
1804 4096 1870 4148 τὰ
1935 4093 2108 4157 ἁπλῶς
2174 4098 2262 4148 καὶ

609 4190 929 4256 καθέκαστα,
971 4182 1205 4246 ἰδιότησι
1248 4183 1380 4257 [καὶ]
1419 4191 1658 4258 μερισμῷ
1701 4185 2045 4237 συνάπτουσα
2112 4185 2261 4238 θάτε-

609 4275 834 4351 ρα,οἷον
864 4277 924 4330 οἶν
965 4274 1100 4347 ληφῇ
1160 4273 1274 4346 κατ’
1328 4271 1569 4332 ἰδιότητα
1629 4282 1862 4346 φυσικῶς
1913 4275 2069 4349 μὶρη,
2122 4275 2187 4335 ὡς
2214 4273 2262 4327 ἐν

607 4373 680 4438 τῷ
705 4370 832 4439 πυρὶ
889 4366 948 4420 τὸ
1014 4365 1296 4418 καυστικόν
1357 4367 1446 4416 καὶ
1509 4365 1846 4436 φωτιστικόν,
1909 4367 1999 4416 καὶ
2065 4364 2113 4415 ἑν
2154 4371 2262 4427 τοῖς

2091 3825 2262 3901 ὥσπερ

677 4547 735 4601 1.
766 4545 912 4602 Cum
928 4557 1002 4600 ex
1020 4541 1222 4601 multis
1251 4541 1380 4600 aliis
1409 4540 1589 4598 rebus
1607 4540 1943 4612 intelligunt
1962 4541 2258 4606 homines,

603 4634 750 4697 illud
774 4633 940 4708 quod
964 4636 1185 4692 natura
1212 4637 1299 4690 est
1317 4637 1374 4689 et
1398 4636 1649 4702 constat,
1674 4631 1862 4689 multo
1887 4632 2262 4702 praestantius

602 4740 732 4784 esse
760 4739 832 4782 eo
856 4723 1022 4796 quod
1059 4723 1353 4796 positione
1376 4738 1445 4779 ac
1474 4721 1713 4778 fortuna
1733 4723 1985 4789 constat,
2034 4725 2159 4776 tum
2190 4737 2261 4778 ex

600 4815 673 4873 iis
702 4829 838 4890 qua:
860 4813 1054 4870 dicere
1087 4812 1418 4884 aggredior,
1455 4814 1713 4884 possunt
1765 4809 2256 4867 animadvertere.

599 4908 681 4961 Ac
703 4919 882 4961 nemo
911 4917 1055 4960 sane
1084 4903 1198 4958 hoc
1217 4903 1417 4975 ipsum
1443 4901 1609 4957 aliter
1639 4916 1701 4955 se
1741 4899 1962 4955 habere
2023 4899 2256 4972 dixerit,

599 5008 786 5065 quam
807 5007 943 5064 quae
956 4991 1139 5048 modo
1153 4990 1440 5049 naturalis
1460 5007 1528 5046 ac
1542 5005 1678 5045 vera
1707 4989 2046 5044 consecutio
2079 4989 2256 5044 hodie

594 5095 815 5152 perme
835 5079 1217 5138 manifestum
1265 5079 1585 5138 exhibebit.
1630 5084 1711 5138 Ac
1764 5078 2026 5150 primum
2089 5083 2254 5135 natu-

594 5183 730 5226 ram
757 5169 1011 5227 dicimus
1036 5186 1164 5227 esse
1193 5175 1250 5228 et
1276 5175 1505 5227 motum
1545 5171 1605 5226 in
1628 5173 1866 5235 natura,
1923 5167 2255 5240 eodemque

593 5258 779 5316 modo
808 5258 1286 5318 distributionem
1313 5276 1465 5318 esse.
1501 5264 1648 5316 Nam
1699 5257 2063 5328 Aristoteles,
2113 5258 2254 5314 Her-

591 5361 898 5417 mogenes,
933 5353 988 5406 et
1015 5350 1473 5406 Homerusinter
1539 5365 1599 5404 se
1662 5347 1970 5403 communi
2026 5347 2253 5404 ratione

586 5435 956 5508 divkluntur,
989 5438 1300 5511 quomodo
1321 5437 1500 5494 etiam
1519 5441 1744 5508 puncta
1758 5437 1996 5508 punctis
2016 5452 2252 5494 mensu-

583 5524 792 5583 ranfur
837 5532 890 5584 et
947 5527 1183 5584 numeri
1238 5526 1525 5583 numeris.
1585 5527 1734 5581 Nam
1787 5525 1974 5583 motui
2045 5531 2248 5599 partes

580 5617 780 5676 motus
807 5615 1192 5691 assignantur
1208 5633 1227 5689 ε
1255 5620 1322 5675 et
1347 5613 1622 5689 partibus
1668 5611 2018 5687 discrimen,
2050 5630 2247 5690 neque

2371 2752 2539 2815 ἄλλοις
2577 2753 2645 2806 τὰ
2681 2757 2864 2810 οἰκεῖοι.
2919 2756 3139 2829 Πότερον
3172 2762 3260 2808 οῦν
3295 2754 3393 2808 οὐκ
3435 2754 3578 2832 ἀρχὴ
3607 2761 3697 2808 τῶν
3730 2750 3890 2826 ἐνύδρων

2371 2845 2401 2903 ἠ
2431 2842 2574 2917 ἀρχὴ
2616 2850 2716 2896 τῶν
2788 2848 3076 2916 χερσαίων,
3141 2846 3258 2899 οὔτι
3323 2853 3420 2906 τῆς
3484 2848 3672 2898 inium
3706 2851 3890 2901 κινώσιως

2371 2936 2401 2992 ἠ
2449 2941 2544 2994 τῆς
2608 2934 2799 2987 τούτων
2867 2939 3121 2995 κινήσεως
3186 2939 3328 2990 ικαὶ
3399 2939 3610 3009 πότερον
3672 2934 3748 2987 οὐκ
3796 2931 3887 3005 ἀρχὴ

2374 3027 2667 3095 σχήματων
2724 3042 2985 3097 γραμμαι,
3019 3019 3133 3076 οὐδ’
3169 3021 3310 3099 ἁρχὴ
3376 3044 3635 3097 σχηματα
3667 3032 3751 3077 τῶν
3774 3041 3891 3094 γραμ-

2371 3119 2498 3183 μῶν,
2540 3110 2668 3165 ἀλλά
2721 3121 2819 3165 τῶν
2885 3113 3038 3186 οἶμφω
3106 3118 3277 3186 στγμή
3341 3115 3408 3168 Εἰ
3474 3111 3524 3168 δ’
3591 3113 3734 3176 οὕτως
3786 3110 3890 3172 ἔστιν,

2371 3201 2477 3274 ἄρα
2537 3202 2566 3259 ἠ
2633 3200 2687 3254 ἑκ
2749 3210 2845 3263 τῆς
2913 3204 3112 3275 φύσεως
3176 3208 3392 3265 κίνησις
3459 3207 3509 3257 ἓν
3563 3208 3795 3278 γραμμαῖς
3837 3205 3891 3249 καὶ

2375 3295 2628 3362 σχήμασι
2660 3296 2880 3364 στιγμή·
2914 3288 3036 3344 οὐδὲ
3070 3294 3170 3367 γὰρ
3228 3294 3344 3367 εἴμη
3382 3313 3461 3355 τις
3492 3294 3641 3366 φύσιν
3678 3290 3890 3364 σχημάτων

2373 3380 2555 3444 αὐτὴν,
2630 3379 2758 3433 ἀλλὰ
2830 3385 3128 3440 κινηθεῖσαν
3201 3382 3254 3447 ἐξ
3312 3385 3498 3456 ἀρχῆς
3566 3392 3778 3456 φυσικῆς,
3821 3386 3890 3430 Τῶν

2372 3468 2535 3521 ἄλλων
2569 3477 2656 3522 οῦν
2679 3469 2916 3523 ἁπάντων
2948 3474 3196 3534 ὡσαῧτως
3259 3471 3491 3544 ἐχόντων
3553 3478 3638 3524 καὶ
3670 3480 3751 3524 τῶν
3798 3470 3889 3540 πρώ-

2371 3577 2470 3611 των
2515 3557 2695 3634 ἀρχῶν
2757 3561 2950 3613 τούτων
3017 3561 3186 3614 οὐσῶν
3251 3567 3548 3636 γνωρίμων,
3589 3561 3741 3630 πολλῷ
3765 3556 3890 3631 μᾶλλον

2371 3649 2430 3699 τὸ
2462 3649 2597 3700 κατὰ
2652 3651 2824 3720 φύσιν,
2889 3657 3122 3723 κρεῖττον
3187 3651 3217 3710 η
3285 3655 3450 3723 φὺσις
3499 3652 3610 3713 ἣτις
3676 3651 3891 3721 ὑπερέκεινα

2370 3737 2574 3790 πάντων
2603 3735 2732 3804 ἐστὶ,
2773 3741 2845 3810 μὴ
2921 3737 3126 3801 ἐντελῶς
3190 3741 3259 3800 ὡς
3341 3738 3488 3814 ἁρχὴ
3564 3746 3705 3804 ποιιῖ,
3759 3732 3892 3805 τάμπ’

2373 3824 2566 3884 ἑκιίνην
2593 3829 2737 3899 ἡμῖν,
2771 3829 2850 3879 ὁτι
2914 3823 2973 3880 δὲ
3047 3827 3270 3881 ἐνταῦθα
3329 3835 3421 3881 καὶ
3485 3833 3690 3889 κίνησος
3743 3829 3887 3892 καὶμε-

2370 3918 2563 3989 Ρίσμὸς
2637 3915 2708 3977 είς
2783 3911 3030 3992 διάφορα,
3094 3913 3378 3992 πρόδηλον.
3452 3916 3779 3992 Ἀριστοτελην
3825 3911 3888 3980 γὰρ

2370 4009 2462 4058 καὶ
2492 4003 2728 4078 ⁴Ὀμηρον
2761 4001 3051 4059 διαστέλλει
3107 4009 3242 4060 κατὰ
3305 4012 3398 4066 τὸν
3458 4011 3591 4082 ὥραν
3651 4008 3678 4065 ἡ
3733 4008 3887 4056 κίνησις.

2372 4093 2530 4169 εἰγάρ
2583 4096 2612 4152 ἡ
2655 4109 2693 4151 a
2730 4098 2856 4167 πρὸς
2893 4099 2986 4154 την
3025 4115 3058 4168 γ
3128 4092 3223 4149 διὰ
3258 4105 3350 4159 τῆς
3379 4096 3413 4149 ϐ
3481 4095 3673 4169 διέλθῃ,
3728 4083 3888 4147 dumi?

2375 4190 2585 4256 συνεχεῖ
2613 4187 2816 4242 κινήσει
2856 4181 3150 4258 διέρχεται,
3188 4192 3276 4239 καὶ
3318 4182 3673 4240 διαστέλλέται
3697 4179 3888 4236 vilem-'1‘!

2371 4276 2401 4331 ἠ
2435 4286 2473 4330 a
2521 4276 2710 4344 στιγμή
2752 4274 2877 4347 πρὸς
2916 4277 3009 4332 τὴν
3035 4294 3068 4346 γ
3135 4277 3278 4350 παρὰ
3338 4283 3430 4337 τῆς
3485 4274 3543 4349 β,
3608 4271 3675 4327 δι’
3709 4271 3759 4332 ἧς
3801 4263 3890 4318 κατά

2374 4365 2644 4435 συνέχειαν
2682 4364 2740 4415 τὸ
2783 4367 3009 4436 συμφυές
3049 4362 3189 4417 ἐστιν
3229 4364 3436 4428 αὐταῖς
3476 4373 3624 4419 τοῦτο
3661 4359 3712 4416 δὲ
3746 4364 3887 4415 κίνησις

2369 4541 2502 4613 ipsa
2527 4540 2757 4607 entitas,
2790 4544 2855 4597 ut
2875 4541 2956 4598 ita
2988 4541 3208 4609 dicam,
3239 4557 3344 4616 per
3362 4559 3551 4616 quam
3572 4542 3658 4598 hie
3685 4555 3761 4596 res
3792 4533 3882 4593 sunt

2371 4634 2459 4687 est
2483 4630 2694 4704 positio
2717 4647 2729 4700 ;
2747 4646 2885 4688 cum
2909 4631 3128 4702 positio
3151 4632 3222 4688 sit
3247 4632 3508 4705 qualitas
3520 4648 3649 4705 quae
3661 4645 3725 4686 ex
3736 4631 3886 4682 natura

2370 4724 2458 4777 est
2491 4737 2503 4775 :
2532 4734 2656 4776 non
2683 4735 2853 4775 secus
2871 4719 3125 4791 atqueid
3141 4721 3306 4794 quod
3336 4728 3423 4778 est
3453 4721 3792 4790 naturaipsa,
3806 4722 3885 4766 non

2369 4808 2626 4865 dicimus
2656 4825 2784 4865 esse
2812 4812 3064 4876 motum,
3101 4810 3206 4866 sed
3235 4816 3517 4868 naturam
3553 4810 3775 4866 dicimus
3797 4810 3883 4857 esse

2300 4924 2338 4977 Β
2369 4898 2729 4972 principium
2759 4903 2956 4954 motus
2989 4903 3045 4955 et
3075 4900 3290 4972 quietis
3318 4919 3331 4957 :
3365 4901 3446 4958 ita
3479 4906 3540 4956 ut
3568 4896 3817 4955 contineat
3835 4901 3878 4942 ac

2368 4987 2760 5061 principatum
2777 4991 3190 5057 gerat.Natura
3206 4989 3385 5060 igitur
3400 4984 3764 5047 movetomnia
3774 4989 3884 5051 (μεθ’

2367 5092 2605 5150 cunque
2618 5082 2757 5134 sunt
2771 5077 3337 5153 absolute,adeoque
3351 5076 3881 5151 singulariaipsapro-

2366 5167 2714 5242 prietatibus
2749 5183 2818 5223 ac
2849 5167 3261 5225 distributione
3302 5175 3650 5226 connectens
3675 5169 3874 5229 utraque.

2368 5258 2437 5313 Ut
2466 5256 2514 5311 si
2547 5255 2804 5328 exempli
2831 5257 3022 5325 gratia
3034 5258 3465 5329 proprietatum
3484 5262 3668 5330 partes
3693 5257 3874 5307 suman-

2365 5350 2458 5403 tur
2500 5363 2512 5414 ;
2540 5344 2747 5417 quales
2775 5349 2916 5400 sunt
2944 5345 3005 5400 in
3034 5345 3157 5415 igni
3174 5347 3382 5403 urendi
3405 5338 3768 5402 etillustrandi
3783 5346 3875 5408 pro-

2364 5436 2644 5507 prietates
2679 5453 2691 5490 :
2721 5438 2777 5492 et
2797 5434 2859 5490 in
2890 5434 3020 5490 aliis
3071 5451 3207 5508 qua:
3237 5436 3505 5509 ipsorum
3534 5431 3745 5508 propria
3762 5423 3873 5481 sunt.

2365 5527 2568 5582 Utrum
2593 5523 2772 5595 igitur
2790 5524 3150 5597 principium
3170 5527 3527 5584 terrestrium
3547 5538 3658 5580 non
3675 5522 3748 5576 est
3756 5513 3875 5587 prin‘

2361 5615 2586 5690 cipium
2605 5613 2964 5689 aquatilium
2999 5615 3028 5674 ?
3047 5615 3316 5691 itemque
3351 5619 3546 5677 utrum
3579 5601 3866 5686 principium
