4042 6214
209 208 356 264 1269

231 336 331 386 καὶ
361 331 523 406 ὠρικὴ
578 332 810 395 ποσότης
865 327 958 385 διὰ
1011 338 1261 396 κινήσεως
1313 356 1326 370 ·

232 418 328 474 οὖν
376 419 724 494 ’Δριστοτέλει
761 425 851 474 καὶ
900 421 1113 496 Ὁμήρῳ
1143 426 1278 476 κατὰ
1327 429 1534 484 κίνησιν
1573 427 1836 500 καιρικήν.

179 519 185 522 ‘
233 510 321 565 Ἐν
375 512 465 584 μεν
505 507 592 563 οὖν
627 517 690 582 τῇ
753 514 958 569 κινήσει
1017 513 1267 584 συνέχειά
1300 518 1382 576 τίς
1432 513 1543 568 ἔστι
1597 521 1838 588 μερισμῷ

229 599 725 680 καθυποϐαλλομένη
761 600 790 660 ἧ
819 605 1017 677 χρόνου
1045 602 1074 661 ἦ
1104 606 1298 677 τρόπου
1357 605 1386 662 ᾗ
1449 608 1688 663 ποιότητι
1744 611 1836 658 τοῦ

229 694 556 764 κινουμένου,
617 689 722 743 οἷον
779 692 850 751 ὡς
911 697 1000 744 νοῦ
1074 696 1203 766 πρὸς
1269 697 1482 752 πτηνόν.
1523 694 1604 747 Ἐν
1660 690 1718 746 δὲ
1768 702 1831 767 τῇ

231 783 388 854 φύσει
416 783 666 854 μερισμοὶ
698 781 931 852 κράσεων
957 783 1092 834 κατὰ
1142 785 1200 834 τό
1235 781 1356 836 ἄλλο
1384 802 1439 836 τε
1495 787 1585 836 καὶ
1635 781 1834 836 ἀλλοῖον

226 874 325 923 καὶ
377 867 558 932 ἄλλως.
611 869 691 922 Ἐν
754 865 813 922 δὲ
849 877 964 933 ταῖς
1015 873 1264 945 κράσεσιν
1321 871 1380 925 οῦ
1435 869 1695 945 διαίρεσις
1749 892 1835 945 με·

225 961 442 1033 ρισμός,
471 961 535 1018 ὡς
562 956 646 1011 ἐπὶ
697 965 788 1018 τῆς
826 960 1028 1031 φύσεως
1078 967 1194 1022 ταῖς
1230 961 1480 1034 κράσεσιν
1509 963 1540 1020 ἠ
1575 958 1832 1036 διαίρεσις

225 1051 509 1124 μερισμὸς,
577 1045 685 1099 ἀλλ’
747 1048 924 1109 ἓνωσις
988 1052 1258 1122 μερισμός,
1317 1051 1344 1102 6
1393 1071 1504 1103 τισι
1575 1058 1703 1124 φανῇ
1763 1053 1831 1114 ὡς

224 1141 406 1192 καινόν
459 1157 472 1172 ο
522 1138 592 1199 ὡς
641 1139 742 1213 γὰρ
809 1141 1065 1211 μερισμόν
1123 1146 1223 1190 τῶν
1287 1141 1542 1192 συνθέτων
1611 1139 1666 1192 ἐκ
1730 1148 1829 1192 τῶν

225 1227 403 1281 ἁπλῶν
470 1227 496 1286 ὃ
557 1234 656 1279 τῶν
711 1235 934 1300 μερικῶν
1009 1229 1206 1296 ἓνωσις,
1287 1229 1418 1282 οὕτω
1475 1225 1542 1288 δὴ
1597 1234 1686 1282 καὶ
1730 1238 1828 1282 τῶν

223 1318 464 1393 κράσεων
525 1316 726 1386 ἓνωσις,
815 1311 1072 1390 διαίρεσις
1147 1318 1400 1390 κράσεων.
1457 1317 1677 1372 Ἐκεῖθεν
1725 1321 1826 1394 γὰρ

224 1407 258 1465 ἠ
287 1401 548 1480 διαίρεσις
576 1408 748 1466 κοινός
775 1408 1054 1478 μερισμός,
1086 1403 1324 1458 ἕνταυθοί
1373 1402 1431 1460 δὲ
1473 1408 1504 1465 ἠ
1567 1404 1828 1480 διαίρεσις

223 1495 430 1562 ἓνωσις,
472 1491 652 1554 ἐπειδὴ
692 1503 913 1568 μερικῶν
969 1496 1312 1568 ὑποκειμένων
1363 1495 1476 1548 ἐστὶ
1544 1492 1824 1572 διαίρεσις.

222 1583 358 1637 Ἀπὸ
386 1586 486 1657 γὰρ
518 1590 610 1637 τοῦ
648 1588 852 1658 πρώτου
905 1587 1170 1655 στοιχείου
1216 1604 1249 1636 α
1300 1585 1393 1645 ἕως
1449 1592 1540 1637 τοῦ
1592 1584 1824 1658 ἐσχάτου

222 1695 266 1726 ω
310 1676 532 1748 μερίζων
570 1692 649 1735 τις
687 1672 792 1745 οὐχ
859 1671 963 1725 ἑνοῖ
1015 1674 1083 1725 τὰ
1129 1676 1258 1745 μέρη
1286 1681 1348 1746 τῇ
1384 1670 1640 1745 διαιρέσει
1671 1695 1683 1708 ο
1715 1682 1825 1736 ταῖς

221 1767 369 1836 τρισὶ
393 1757 454 1816 δε
486 1766 694 1837 μερίσιν
733 1761 776 1814 εἰ
807 1759 1049 1834 λάϐοιμεν
1101 1765 1270 1813 αὐτῶν
1298 1765 1572 1836 μερισμόν,
1633 1762 1823 1835 μᾶλλον

220 1859 324 1907 τῶν
369 1858 535 1926 μερῶν
583 1851 764 1904 ἕνωσιν
813 1849 1066 1922 λάϐωμεν,
1107 1852 1240 1904 ὥστε
1287 1853 1317 1909 ἡ
1361 1853 1450 1924 μὲν
1496 1853 1646 1924 φύσει
1678 1848 1822 1906 διαί.

219 1959 368 2017 ρεσις
401 1940 602 2012 ἔνωσις,
637 1941 667 1999 ἡ
704 1935 763 1994 δε
799 1942 936 1992 κατὰ
963 1945 1151 2015 κρᾶσιν
1208 1940 1385 2002 ἓνωσις
1423 1940 1611 2012 μᾶλλον
1679 1937 1821 1995 διαί-

218 2049 387 2105 ρεσις.
443 2031 589 2082 Κατὰ
652 2031 809 2082 ταυτό
863 2036 988 2102 γοῦν
1035 2032 1103 2081 τὰ
1176 2032 1326 2102 φύσει
1390 2023 1730 2104 διαιρούμενα
1785 2031 1814 2091 ἣ

217 2123 397 2192 χρόνῳ
422 2119 452 2179 ἣ
475 2122 617 2190 τόπῳ
643 2118 672 2178 ἡ
702 2137 964 2181 ποιοτητι,
999 2118 1057 2171 οὐ
1091 2121 1226 2172 κατὰ
1256 2121 1410 2192 φύσιν
1441 2115 1771 2192 διαιροῦνται
1801 2141 1814 2154 ο

219 2211 376 2281 φύσις
444 2210 546 2282 γὰρ
596 2214 705 2271 τοῖς
773 2213 903 2260 πᾶσι
958 2212 1126 2277 κοινὴ,
1179 2206 1308 2260 ἀλλὰ
1369 2210 1506 2260 κατὰ
1563 2213 1817 2281 μερισμόν

216 2297 474 2373 κράσεων,
525 2295 657 2354 πλὴν
710 2293 984 2371 ἀρχούσης
1010 2304 1104 2359 τῆς
1164 2298 1363 2369 φύσεως
1391 2317 1403 2330 ο
1435 2296 1816 2370 συμϐάλλονται

215 2388 321 2459 γὰρ
377 2386 431 2438 αἱ
485 2386 694 2460 κράσεις
751 2387 816 2446 ὡς
853 2391 1064 2460 μερικαὶ
1107 2387 1290 2439 καθότι
1345 2387 1561 2462 κράσεις
1623 2388 1815 2462 κράσε-

223 2493 308 2529 σιν
346 2474 558 2550 ἑτέραις,
606 2470 786 2533 ἒπειδὴ
848 2479 938 2528 καὶ
992 2474 1148 2528 αὗται
1216 2479 1445 2550 μερικαὶ,
1497 2475 1558 2528 οὐ
1605 2480 1707 2549 μὴν
1756 2473 1816 2532 δὲ

221 2570 413 2641 κρᾶσις
469 2570 614 2617 πᾶσα
663 2562 711 2617 ἐν
776 2565 921 2638 πάσῃ
989 2566 1198 2640 κράσει.
1248 2567 1318 2618 T6
1405 2567 1508 2639 γὰρ
1560 2568 1814 2638 μουσικὸν

222 2657 462 2728 φυσικόν,
493 2657 549 2707 τὸ
590 2656 921 2708 σκυτευτικὸν
947 2651 994 2706 ἓν
1032 2662 1096 2727 τῇ
1130 2656 1281 2727 φύσει
1313 2673 1326 2689 ο
1357 2656 1489 2708 ἔστω
1536 2659 1706 2708 τοίνυν
1752 2659 1812 2709 16

219 2745 553 2798 σκυτευτικόν
579 2747 851 2816 μουσικὸν,
879 2744 909 2802 ᾖ
945 2744 1024 2796 ὅτι
1061 2745 1092 2802 ἠ
1136 2743 1412 2817 φιλοσοφία
1455 2751 1551 2807 τῆς
1590 2747 1810 2818 φύσεως,

215 2835 248 2894 ἡ
280 2837 493 2895 ποίησις
521 2831 575 2885 ἐκ
612 2840 708 2895 τῆς
757 2835 976 2906 φύσεως.
1019 2831 1194 2886 Ἔστω
1232 2838 1402 2887 τοίνυν
1447 2832 1812 2907 Ἀρίστοτὲλης

1089 207 1446 268 THEODORI
1474 210 1522 267 II
1549 209 1688 267 IMP.
1722 209 1813 268 DE
1845 210 2301 277 COMMUNIONE
2359 221 2502 280 ΝΑΤ
2566 224 2608 279 Ι.

3474 224 3614 282 1270

1389 333 1424 388 δ
1430 337 1622 409 ιαφθρά
1667 339 1838 388 τοίνυν
1899 338 1945 391 Α
1998 339 2252 418 Ὅμηρος,
2275 346 2305 406 ἦ
2338 348 2420 400 ότι
2465 347 2496 406 ἡ
2524 351 2749 408 κίνησις.
2780 344 2860 400 Ἐν
2889 352 2951 418 τῇ
2986 345 3137 417 φύσει
3173 346 3204 404 ἡ
3270 347 3458 408 στάσις
3503 357 3595 409 τῆς

2002 433 2202 504 φύσεως
2231 455 2242 468 ·
2273 437 2404 489 ἔστω
2429 438 2533 510 ἄρα
2562 439 2590 496 ἡ
2628 438 2817 498 στάσις
2836 439 3039 496 κίνησις
3064 455 3077 469 ο
3102 437 3214 508 ἔχει
3237 431 3296 488 δε
3326 431 3594 498 ἀδυνάτως

2001 517 2129 573 εἶναι
2159 523 2293 576 αὐτά
2333 545 2348 559 ο
2389 525 2558 587 ἁπλῶς
2595 528 2694 599 γὰρ
2735 526 2789 577 αἱ
2839 526 3049 598 κράσεις
3079 523 3320 577 ἐνοῦσθαι
3376 525 3591 595 άτοπον,

2002 605 2150 673 ἰδίως
2203 608 2262 665 δέ
2313 632 2373 685 ἰε
2411 616 2702 690 εὑρίσκεται
2735 635 2747 648 ’
2777 613 3012 667 ἑνωτικόν
3041 615 3142 685 γὰρ
3201 612 3248 665 ἓν
3283 613 3474 688 ἐτέρου,
3534 617 3591 666 τό

1996 696 2172 753 λευκόν
2235 721 2290 754 τε
2327 707 2416 756 καὶ
2459 706 2518 756 1'6
2572 702 2772 769 ξανθὸν,
2825 707 2915 755 καὶ
2961 705 3019 755 τό
3059 705 3312 774 μουσικόν
3351 706 3590 773 συγγενὲς

1993 795 2087 842 τοῦ
2139 789 2452 866 ἁριθμητοῦ,
2519 797 2608 846 καὶ
2663 796 2722 846 τό
2779 792 3051 865 φιλόσοφον
3111 799 3202 845 τοῦ
3271 791 3584 864 θεολογικοῦ,

1995 883 2084 931 καὶ
2107 881 2164 932 τό
2188 885 2459 940 ποιητικὸν
2510 889 2602 934 τοῦ
2652 883 2953 957 ῥητορικοῦ,
3011 885 3098 934 καὶ
3149 883 3178 940 ἡ
3239 884 3428 943 στάσις
3491 889 3588 934 τοῦ

1995 978 2338 1043 σωφρονικοῦ,
2397 975 2487 1024 καὶ
2544 978 2635 1024 τοῦ
2692 967 2941 1046 ἀνδρικοῦ
2975 972 3005 1029 ἡ
3065 974 3292 1036 κίνησις,
3336 972 3584 1033 ὡσαύτως

1991 1062 2080 1111 καὶ
2110 1058 2136 1110 6
2187 1062 2408 1132 κναφεὺς
2469 1067 2563 1114 τοῦ
2614 1063 2861 1128 σκυτέως,
2911 1063 3000 1112 καὶ
3046 1057 3208 1111 ἄλλων
3266 1057 3416 1129 ἄλλα,
3470 1060 3585 1112 κατ’

1993 1142 2233 1206 ἰδιότητα
2267 1156 2513 1222 συγγενῆ.

2061 1234 2136 1308 β’.
2167 1239 2264 1289 Δύο
2291 1245 2416 1309 γοῦν
2442 1240 2491 1291 οἱ
2543 1236 2771 1292 ἕνωτικοὶ
2799 1241 2984 1312 τρόποι
3009 1257 3021 1270 ·
3056 1237 3081 1289 ό
3111 1239 3246 1290 κατὰ
3293 1238 3446 1310 φύσιν
3493 1240 3584 1291 καὶ

1989 1324 2014 1376 6
2045 1327 2180 1377 κατὰ
2211 1331 2420 1398 κρᾶσιν.
2466 1331 2642 1388 Κοινὸς
2705 1324 2792 1379 οὖν
2821 1328 3023 1379 πάντων
3054 1326 3079 1378 6
3115 1325 3187 1387 εἷς
3233 1347 3246 1359 ο
3278 1334 3584 1379 κοινωνοῦσι

1986 1415 2085 1486 γὰρ
2113 1416 2305 1483 πάντα,
2361 1417 2482 1467 ὅταν
2513 1415 2580 1476 εἰς
2631 1419 2718 1474 τὴν
2757 1419 3014 1472 ποιότητα
3061 1415 3385 1486 ἀναχθῶσιν,
3426 1415 3455 1474 ᾖ
3517 1415 3584 1476 εἰς

1986 1504 2081 1558 τὴν
2121 1501 2323 1570 οὐσίαν,
2356 1503 2386 1562 ἦ
2430 1503 2499 1565 εἰς
2525 1506 2583 1555 τό
2613 1499 2772 1573 εἶδος,
2810 1505 2839 1562 ἦ
2871 1503 2936 1563 εἰς
2983 1507 3077 1561 τὴν
3107 1501 3253 1571 ὕλην,
3296 1503 3325 1562 ᾖ
3373 1502 3442 1565 είς
3489 1507 3583 1562 τὴν

1988 1592 2142 1661 φύσιν
2180 1595 2370 1664 κυρίως
2423 1610 2476 1644 τε
2526 1596 2617 1644 καὶ
2670 1591 2974 1656 καθολικῶς,
3033 1590 3161 1643 ἀλλὰ
3219 1599 3440 1664 μερικῶς
3493 1597 3583 1644 καὶ

1881 1698 1921 1753 Β
1989 1675 2137 1742 ἰδίως
2187 1685 2278 1733 καὶ
2325 1680 2384 1734 οῦ
2450 1683 2636 1734 καθότι
2681 1684 2914 1748 ποιότης,
2955 1682 2984 1740 ἣ
3058 1681 3244 1733 καθότι
3301 1680 3476 1748 οὐσία,
3547 1681 3578 1740 ἣ

1984 1769 2170 1821 καθότι
2195 1765 2354 1837 εἶδος,
2388 1769 2416 1829 ἢ
2449 1771 2635 1823 καθότι
2673 1769 2767 1828 ῦλη
2800 1769 2921 1839 ἑνοῖ,
2981 1767 3109 1822 ἀλλὰ
3149 1771 3333 1822 καθότι
3379 1773 3431 1822 τί
3481 1788 3583 1822 τινι

1985 1856 2354 1930 συμϐάλλεται,
2413 1863 2502 1912 καὶ
2551 1860 2618 1912 τὰ
2682 1865 2928 1931 στοιχεῖα
2995 1859 3178 1912 καθότι
3230 1865 3327 1920 τῆς
3381 1859 3583 1932 φύσεως

1981 1954 2307 2015 κοινωνοῦσι,
2337 1952 2425 2000 καὶ
2450 1949 2508 2000 16
2539 1944 2685 2022 ὕδωρ
2717 1948 2776 2000 οὐ
2817 1949 3011 2021 φθείρει
3040 1951 3098 2000 τό
3165 1954 3290 2021 πῦρ,
3347 1951 3465 2000 οὔτε
3516 1951 3582 2001 τὰ

1980 2035 2109 2090 ἄλλα
2137 2040 2202 2089 τὰ
2230 2041 2300 2110 μὴ
2339 2039 2629 2113 ὁμότροπα,
2670 2038 2751 2090 ὅτι
2808 2034 2867 2090 δὲ
2916 2041 3045 2109 πυρὶ
3096 2043 3291 2111 μερικῷ
3348 2035 3578 2112 ἕκρεῦσει

1979 2121 2122 2200 ὕδωρ
2155 2123 2202 2178 ἐν
2260 2125 2400 2197 αὐτῷ
2460 2129 2668 2200 μερικόν
2699 2129 2869 2201 κάρτα
2915 2127 3108 2200 φθείρει
3145 2125 3269 2178 αὐτό
3318 2145 3330 2159 ·
3364 2128 3428 2178 τὰ
3473 2128 3577 2197 γὰρ

1978 2211 2180 2266 ἐναντία
2215 2221 2323 2278 τοῖς
2347 2213 2631 2289 ἕναντίφοις
2658 2215 2972 2288 φθείρονται,
3004 2216 3144 2268 ἔστιν
3195 2213 3324 2268 ὅπου
3380 2209 3443 2268 δε
3486 2216 3579 2268 καὶ

1975 2303 2042 2356 τὰ
2119 2306 2369 2378 φάρμακα
2419 2303 2534 2357 κατ’
2604 2300 2848 2362 ἰδιότητα
2897 2306 3147 2377 σωμάτων
3202 2309 3291 2357 καὶ
3343 2306 3574 2378 κράσεων

1975 2399 2230 2446 κοινωνεῖν
2262 2413 2316 2446 τε
2342 2397 2432 2446 καὶ
2471 2392 2697 2466 ὠφελεῖν,
2730 2400 2830 2446 ποῦ
2882 2389 2941 2446 δὲ
2991 2397 3080 2446 καὶ
3136 2394 3356 2467 φθείρειν
3389 2391 3483 2445 διὰ
3518 2396 3574 2446 τό

1975 2480 2102 2535 αὐτό
2155 2480 2204 2534 ἐν
2261 2481 2462 2543 ἐκείνοις
2547 2480 2814 2538 ἀνοίκειον.
2851 2481 3030 2554 Ὀμως
3087 2486 3177 2534 καὶ
3215 2483 3263 2534 ἓν
3313 2480 3575 2554 μετάλλοις

1974 2574 2216 2623 κοινωνία
2266 2573 2580 2645 εὑρίσκεται,
2657 2569 2706 2623 ἐν
2783 2569 2957 2633 ἄλλοις
3011 2566 3071 2623 δε
3122 2574 3213 2622 καὶ
3268 2565 3570 2637 διάστασις,

1974 2662 2149 2712 καινόν
2179 2657 2239 2714 δὲ
2266 2659 2360 2713 οὐκ
2391 2657 2475 2731 ἦν,
2507 2662 2644 2736 εἴπερ
2674 2663 2765 2714 καὶ
2810 2662 2874 2713 τὰ
2921 2658 2968 2712 ἓν
2997 2667 3057 2732 τῇ
3098 2667 3316 2734 γραμμῇ
3379 2667 3574 2733 σημεῖα

1975 2748 2034 2801 οὐ
2087 2751 2419 2803 παντάπασιν
2478 2749 2707 2802 ἑνοῦνται
2752 2751 2888 2802 κατὰ
2969 2753 3243 2820 συνέχειαν
3287 2769 3299 2782 ·
3342 2752 3400 2802 τό
3465 2751 3567 2821 γὰρ

1901 2877 1906 2880 -
1974 2846 2175 2912 πρῶτον
2205 2846 2276 2910 τῷ
2309 2843 2468 2912 τρίτῳ
2497 2838 2603 2911 οὐχ
2632 2837 2832 2891 ἐνοῦταί
2860 2837 2905 2891 εἰ
2929 2842 3000 2910 μὴ
3036 2834 3129 2891 διὰ
3157 2845 3249 2892 τοῦ
3301 2834 3568 2911 δευτέρου,

184 3014 388 3068 motus
411 3010 650 3068 illorum
689 3025 810 3102 non
837 3013 928 3067 est
961 3010 1324 3102 principium
1344 3014 1545 3068 motus
1575 3010 1837 3102 horum?
1877 3046 1917 3102 Ο
1945 3016 2557 3102 temperamentorum
2573 3013 2953 3070 exsistuntex
2964 3028 3035 3069 eo
3049 3013 3216 3102 quod
3236 3015 3324 3069 est
3335 3011 3519 3079 aliud,
3539 3017 3598 3070 et

183 3103 490 3170 Praeterea,
533 3104 734 3157 utrum
752 3099 1082 3170 ﬁgurarum
1113 3099 1284 3156 linem
1314 3115 1437 3156 non
1459 3103 1598 3156 sunt
1621 3100 1836 3172 princi-

181 3189 352 3264 pium
389 3205 622 3262 :neque
665 3188 876 3260 ﬁguras
921 3189 1216 3247 linearum
1261 3193 1398 3246 sunt
1426 3189 1836 3262 principium?

179 3281 490 3352 Anpotius
533 3279 830 3336 linearum
886 3295 956 3336 ac
1004 3277 1335 3352 ﬁgurarum
1397 3282 1691 3350 punctum
1745 3281 1838 3336 est

178 3368 536 3441 principium
563 3368 592 3424 ?
621 3367 793 3434 Quod
823 3367 871 3423 si
898 3368 981 3425 ita
1049 3372 1179 3425 est:
1226 3371 1428 3424 utrum
1473 3370 1674 3424 motus
1737 3366 1836 3424 ille

178 3457 286 3530 qui
314 3473 352 3514 a
375 3462 591 3514 natura
619 3457 684 3513 in
709 3456 880 3513 lineis
906 3473 975 3514 ac
996 3456 1204 3527 ﬁguris
1229 3455 1475 3522 exsistit,
1507 3459 1600 3512 est
1643 3470 1833 3528 punc-

177 3551 310 3604 tum
334 3549 361 3604 ?
390 3549 575 3603 Nemo
599 3546 760 3604 enim
791 3546 1004 3604 dixerit
1021 3550 1314 3620 punctum
1349 3561 1482 3603 esse
1497 3544 1832 3616 ﬁgurarum

173 3638 484 3704 naturam,
510 3635 614 3692 sed
643 3635 842 3708 potius
870 3651 908 3692 a
934 3635 1189 3692 naturali
1236 3634 1531 3708 principio
1594 3636 1830 3691 motum

170 3723 486 3782 habuisse.
510 3725 656 3780 Cum
696 3723 875 3794 igitur
903 3723 1109 3780 omnia
1149 3723 1268 3779 alia
1307 3722 1521 3780 eodem
1559 3722 1744 3779 modo
1765 3738 1829 3780 se

169 3812 458 3880 habeant,
498 3817 556 3870 et
577 3813 708 3869 hinc
736 3812 1030 3885 principia
1050 3812 1167 3869 sint
1189 3811 1469 3868 omnibus
1513 3814 1662 3868 nota
1681 3825 1828 3868 sane

169 3908 392 3960 natura
423 3904 587 3975 (cum
619 3901 696 3958 sit
718 3917 790 3958 eo
818 3901 986 3974 quod
1029 3905 1119 3958 est
1165 3917 1240 3958 ex
1281 3901 1414 3973 ipsa
1451 3899 1641 3957 multo
1680 3915 1827 3973 prae-

169 3992 441 4064 stantior,
455 3991 680 4064 quippe
708 4007 844 4064 quae
871 3994 1084 4065 praeter
1104 3990 1416 4062 omniasit)
1439 4005 1562 4046 non
1591 3989 1825 4061 vulgari

167 4081 360 4139 modo
384 4081 559 4138 nobis
597 4080 699 4138 illa
720 4097 858 4154 quas
889 4085 1026 4138 sunt
1052 4079 1206 4137 infra
1237 4096 1320 4146 se,
1352 4085 1643 4152 tanquam
1663 4079 1823 4153 prin-

167 4171 398 4243 cipium
428 4175 486 4228 et
511 4186 698 4228 causa
725 4169 920 4226 eﬂicit.
964 4169 1136 4236 Quod
1165 4173 1364 4227 autem
1394 4169 1456 4226 in
1515 4173 1730 4226 natura
1750 4168 1823 4226 sit

166 4264 373 4318 motus
401 4264 458 4316 et
486 4258 830 4316 distributio
855 4258 917 4315 in
938 4273 1010 4315 ea
1038 4275 1177 4331 quas
1204 4259 1362 4316 inter
1389 4274 1452 4315 se
1515 4257 1817 4325 diﬂ'erunt,

163 4348 396 4406 nemini
433 4353 521 4405 est
574 4348 922 4406 obscurum.
976 4351 1160 4406 Motus
1227 4348 1387 4404 enim
1446 4347 1550 4420 qui
1601 4347 1664 4403 in
1704 4347 1820 4404 hoc

164 4444 438 4511 tempore
467 4438 778 4494 conﬁcitur
802 4437 1106 4508 distinguit
1133 4437 1497 4494 Aristotelem
1531 4439 1587 4493 et
1610 4439 1820 4493 Home-

162 4544 333 4587 rum.
369 4531 519 4587 Nam
549 4528 598 4584 si
617 4532 819 4584 motus
846 4543 883 4585 a
914 4527 994 4584 ad
1013 4532 1246 4584 motum
1275 4543 1307 4584 ι·
1362 4541 1468 4599 per
1517 4530 1752 4583 motum
1785 4525 1818 4581 ὁ

162 4617 494 4693 perveniat,
523 4617 771 4674 omnino
801 4616 1148 4674 continuata
1169 4615 1586 4689 progressione
1614 4619 1818 4672 motus

161 4705 500 4764 conﬁcitur.
545 4708 610 4762 Et
662 4721 872 4762 rursus
921 4708 1216 4778 punctum
1253 4720 1292 4762 a
1345 4703 1730 4776 distinguitur
1783 4719 1818 4760 a

159 4800 394 4870 puncto
419 4811 451 4852 c
476 4810 584 4869 per
608 4799 900 4868 punctum
940 4795 974 4850 ό
993 4809 1100 4867 per
1120 4793 1286 4868 quod
1331 4796 1576 4866 propter
1631 4793 1818 4850 conti-

159 4884 518 4944 nuationem
549 4885 671 4942 duo
699 4887 964 4942 extrema
1017 4883 1168 4940 inter
1217 4899 1280 4940 se
1325 4883 1647 4939 cohmrent.
1694 4880 1818 4938 Hoc

162 4977 370 5032 autem
396 4977 488 5031 est
509 4978 708 5032 motus
728 4978 786 5030 et
810 4974 976 5030 horae
1010 4973 1312 5045 quantitas
1340 4971 1400 5028 in
1415 4975 1600 5028 motu.
1625 4973 1819 5038 Quare

161 5064 494 5122 discrimen
519 5063 827 5120 intercedit
852 5063 1004 5120 inter
1039 5061 1412 5119 Aristotelem
1423 5065 1480 5117 et
1497 5062 1818 5117 Homerum

160 5157 411 5228 propter
436 5162 672 5210 motum
715 5157 1194 5225 temporaneum.
1227 5154 1323 5207 Est
1351 5150 1531 5221 igitur
1548 5151 1611 5207 in
1650 5155 1819 5208 motu

161 5245 527 5302 cohaerentia
565 5244 844 5317 quaedam
883 5259 1020 5316 qua;
1051 5241 1365 5313 subjicitur
1420 5241 1816 5307 distinctioni,

161 5337 272 5392 aut
298 5334 610 5407 temporis,
639 5339 744 5391 aut
775 5333 960 5399 modi,
989 5333 1237 5404 autejus
1251 5331 1418 5405 quod
1450 5331 1818 5405 exqualitate

162 5427 461 5494 movetur,
482 5423 649 5480 verbi
687 5423 896 5496 gratia,
922 5426 985 5479 ut
1029 5422 1076 5478 si
1131 5425 1361 5478 motum
1418 5421 1634 5478 mentis
1678 5437 1818 5478 cum

164 5515 338 5572 motu
365 5512 576 5571 alatilis
600 5511 944 5572 confera.In
967 5514 1185 5571 natura
1197 5526 1341 5570 vero
1370 5509 1820 5569 distributiones

1945 3121 2019 3162 ex
2047 3119 2119 3162 eo
2145 3103 2312 3176 quod
2325 3106 2414 3160 est
2435 3101 2725 3159 dissimile
2754 3120 2767 3158 :
2782 3103 3044 3175 itemque
3057 3101 3188 3158 aliis
3201 3101 3421 3160 modis.
3440 3107 3510 3160 At
3530 3103 3593 3161 in

1943 3191 2479 3266 temperationibus
2490 3190 2703 3247 divisio
2715 3206 2836 3246 non
2850 3195 2936 3246 est
2950 3190 3285 3248 distributio
3296 3191 3453 3263 (utin
3477 3207 3592 3249 na-

1943 3288 2077 3340 tura
2105 3282 2205 3339 illa
2225 3280 2727 3354 temperationum
2756 3280 2971 3337 divisio
2983 3280 3466 3354 estdistributio),
3487 3283 3592 3340 sed

1941 3371 2278 3430 distributio
2289 3371 2425 3444 ipsa
2437 3370 2895 3438 estcommunio,
2908 3370 3074 3443 quod
3089 3370 3448 3442 quibusdam
3462 3376 3591 3429 tan-

1939 3477 2127 3534 quam
2157 3458 3166 3530 absurdumvideripossit.Utenim
3210 3459 3584 3530 singulorum

1941 3566 2050 3607 seu
2061 3548 2510 3624 particularium
2522 3549 2870 3605 communio
2887 3548 3324 3606 estdistributio
3338 3549 3580 3608 illorum

1938 3639 2412 3713 compositorum
2423 3654 2559 3711 quae
2569 3654 2641 3695 ex
2656 3638 3026 3711 simplicibus
3038 3643 3332 3710 constant,
3373 3640 3586 3698 eodem

1935 3729 2122 3788 modo
2133 3728 2480 3786 communio
2491 3727 2976 3800 temperationum
2993 3733 3081 3785 est
3098 3730 3479 3802 temperation
3489 3747 3585 3786 um

1935 3817 2169 3875 divisio.
2222 3817 2340 3872 illic
2404 3817 2565 3872 enim
2619 3816 2836 3873 divisio
2885 3821 2973 3873 est
3013 3819 3352 3874 communis
3394 3819 3586 3876 distri-

1933 3907 2123 3973 butio,
2154 3904 2252 3962 hic
2280 3919 2423 3960 vero
2446 3904 2581 3976 ipsa
2607 3903 2820 3961 divisio
2867 3909 2956 3960 est
3018 3906 3390 3978 communio,
3443 3922 3583 3964 cum

1933 3995 2174 4068 proprie
2202 3991 2334 4062 subj
2343 3995 2610 4048 ectorum
2622 3991 3073 4064 particularium
3089 3993 3164 4050 sit
3183 3993 3416 4050 divisio.
3432 3997 3583 4052 Nam

1932 4083 2188 4156 aprimo
2214 4081 2507 4138 elemento
2539 4095 2578 4137 a
2607 4096 2799 4152 usque
2847 4080 2926 4137 ad
2977 4085 3311 4138 extremum
3362 4104 3423 4151 ω,
3476 4084 3584 4156 qui

1930 4171 2248 4242 distribuit,
2277 4184 2401 4225 non
2420 4167 2551 4225 unit
2583 4174 2786 4242 partes
2815 4169 3140 4226 dividendo
3178 4186 3192 4238 ;
3217 4175 3278 4227 at
3309 4171 3360 4227 si
3399 4172 3579 4228 trium

1929 4261 2191 4336 partium
2219 4257 2698 4316 distributionem
2731 4259 3045 4326 sumimus,
3074 4260 3272 4333 potius
3318 4263 3581 4334 partium

1928 4349 2215 4406 unionem
2254 4347 2573 4404 sumimus.
2639 4349 2833 4413 Quare
2870 4347 3083 4406 divisio
3139 4349 3241 4406 illa
3286 4365 3424 4423 qua:
3476 4367 3582 4408 na-

1928 4443 2074 4496 tura:
2103 4438 2333 4495 ratione
2357 4435 2734 4493 constituitur
2786 4441 2874 4493 est
2916 4437 3081 4494 unio.
3128 4441 3200 4493 At
3255 4437 3394 4512 ipsa
3441 4440 3579 4496 unio

1927 4544 2064 4602 quae
2093 4528 2162 4585 ﬁt
2173 4526 2508 4583 secundum
2529 4526 3022 4598 temperationem
3035 4531 3122 4584 est
3135 4528 3332 4599 potius
3365 4527 3580 4585 divisio

1927 4622 2010 4675 Ex
2025 4633 2147 4690 quo
2160 4615 2503 4686 intelligitur
2517 4615 2617 4672 illa
2628 4632 2764 4689 quae
2776 4620 2993 4674 natura
3005 4621 3143 4672 sunt
3177 4622 3234 4673 et
3273 4621 3573 4686 constant,

1926 4723 2066 4764 cum
2081 4705 2754 4778 dividuntur,tempore,
2769 4705 2974 4776 modo,
2998 4709 3101 4761 aut
3120 4705 3426 4776 qualitate,
3453 4719 3577 4760 non

1927 4793 2113 4850 dividi
2153 4791 2489 4850 secundum
2505 4797 2786 4850 naturam
2812 4794 2981 4866 (nam
3023 4791 3308 4849 omnibus
3359 4795 3577 4850 natura

1927 4881 2267 4939 communis
2286 4881 2420 4952 est),
2446 4880 2554 4937 sed
2577 4879 2913 4936 secundum
2929 4879 3406 4936 distributionem
3431 4882 3578 4937 tem-

1925 4971 2328 5044 perationum,
2358 4972 2574 5026 natura
2599 4972 2832 5025 tantum
2857 4967 3262 5040 principatum
3309 4972 3574 5038 gerente.

1925 5064 2076 5118 Nam
2106 5058 2490 5116 conferuntur
2513 5057 2974 5130 temperationes
3003 5059 3068 5112 ut
3101 5056 3490 5130 particulares
3504 5075 3577 5117 eo

1926 5148 2092 5224 quod
2130 5145 2480 5220 temperatio
2506 5162 2645 5203 cum
2675 5145 2804 5202 aliis
2848 5146 3382 5219 temperationibus
3412 5163 3578 5206 com-

1925 5240 2184 5314 ponitur,
2209 5235 2706 5310 quandoquidem
2734 5239 2791 5292 et
2808 5236 2955 5308 ipsas
2987 5241 3130 5294 sunt
3157 5237 3577 5310 particulares,

1929 5333 2142 5388 Verum
2169 5342 2294 5384 non
2324 5325 2522 5383 omnis
2552 5325 2904 5399 temperatio
2934 5341 3075 5383 cum
3127 5327 3293 5384 omni
3344 5331 3579 5402 tempe-

1926 5419 2174 5477 ratione.
2211 5418 2358 5472 Nam
2387 5415 2553 5488 quod
2579 5415 2880 5472 musicum
2914 5419 3002 5473 est
3025 5416 3088 5472 in
3138 5420 3373 5488 natura,
3425 5421 3579 5474 esset

1927 5523 2171 5582 quoque
2197 5504 2824 5566 coriariuminnatura
2845 5509 3001 5565 :esto
3038 5505 3217 5578 igitur
3258 5505 3575 5564 coriarium
