4042 6214
567 255 693 307 1271

2074 242 2431 301 ADDENDA.

3774 262 3885 317 t272

589 380 839 437 ὡσαύτως
867 381 957 427 καὶ
1014 377 1079 425 τὰ
1126 374 1261 442 ἑξῆς,
1316 372 1346 430 ἡ
1389 376 1478 423 καὶ
1508 381 1581 442 τῷ
1616 380 1802 444 στερεῷ
1842 371 1884 422 εἰ
1932 369 1990 422 ού
2047 371 2183 420 κατὰ
2237 369 2285 421 Α
2339 374 2404 422 τὰ
2453 374 2601 445 ἕτεροι
2648 382 2780 449 μέρη
2821 384 2913 431 τοῦ
2971 375 3132 428 κύϐου
3185 375 3391 429 εὐθειῶν
3442 388 3676 449 γραμμῶν
3718 381 3867 437 εὐθεῖαι

590 470 743 538 φύσιν
800 472 951 537 μόνον
1006 464 1233 515 ἐνοῦνται
1295 464 1358 513 τα
1404 461 1565 512 αὐτοῦ
1640 466 1858 533 πέρατα,
1919 458 2047 511 ἀλλὰ
2093 464 2182 510 καὶ

589 559 724 607 κατὰ
774 562 961 627 κρᾶσιν
997 574 1007 585 ·
1041 556 1070 610 ἡ
1130 555 1231 625 ’γὰρ
1259 560 1351 602 τοῦ
1404 549 1563 603 κύϐου
1599 556 1847 621 συνέχεια
1909 553 2043 601 κατὰ
2092 553 2180 621 μὲν

590 648 680 705 τὰς
721 643 1007 713 ἐπιφανείας
1029 642 1087 693 ού
1120 648 1337 713 φυσική,
1371 640 1484 691 κατ’
1518 639 1737 714 ἀριθμὸν
1783 636 1843 694 δὲ
1874 636 2182 692 συνδέδεται

589 741 842 804 φυσικῶς.

656 823 724 891 γ’.
812 824 1022 879 Τεοητω
1101 828 1222 891 γοῦν
1298 820 1411 881 ἑξὰς
1462 820 1509 871 ἐν
1565 820 1725 890 αὐτῷ,
1791 822 2041 879 ὡσαύτως
2093 825 2182 871 καὶ

588 908 798 981 ὀγδοὰς,
842 914 973 962 ἔστω
1027 907 1085 961 δε
1131 915 1219 961 καὶ
1254 918 1465 981 σημεῖον
1507 910 1577 970 εἰς
1606 910 1631 960 ὃ
1681 908 1942 983 ἀφορῶσιν
1979 910 2182 961 ἅπασαι

588 1003 921 1071 αὶγραμμαὶ,
955 1000 1009 1049 αἱ
1038 1018 1092 1051 τε
1124 997 1223 1049 ἀπὸ
1268 1005 1367 1048 τῶν
1407 999 1641 1064 κλίσεων,
1697 1006 1785 1050 καὶ
1817 1001 1869 1049 αἱ
1923 997 2023 1049 ἀπὸ
2083 1005 2180 1048 τῶν

584 1092 711 1140 ἴσων
735 1096 987 1161 γραμμῶν
1030 1109 1041 1120 ·
1077 1087 1298 1158 ἀχθὴτω
1356 1087 1455 1139 ἀπὸ
1507 1096 1599 1147 τῆς
1656 1107 1688 1138 α
1741 1088 1957 1149 κλίσεως
2014 1087 2184 1138 εὐθεῖα

585 1183 802 1250 γραμμή
846 1179 915 1239 εἰς
948 1182 1005 1229 τὸ
1038 1177 1073 1249 β
1108 1184 1344 1249 σημεῖον,
1381 1180 1629 1238 ωσαύτως
1669 1184 1758 1228 καὶ
1811 1178 1958 1252 ἑτέρα
2010 1178 2181 1230 εὐθεῖα

583 1274 799 1341 γραμμὴ
869 1268 970 1319 ἀπὸ
1053 1276 1150 1318 τῶν
1202 1266 1248 1317 ἐν
1302 1274 1362 1337 τῇ
1417 1266 1547 1323 αὐτῆ
1610 1266 1875 1339 ἐπιφανείᾳ
1946 1268 2177 1333 κλίσεων,

585 1362 746 1427 ἤγουν
786 1365 876 1417 τῆς
904 1379 937 1427 γ
972 1377 991 1408 ε
1022 1358 1053 1416 ζ
1083 1356 1165 1407 ἐπὶ
1194 1360 1252 1406 τὸ
1284 1356 1409 1406 αὐτὸ
1460 1355 1495 1427 β
1530 1363 1743 1428 σημεῖον
1811 1378 1822 1390 ·
1886 1360 2020 1408 κατὰ
2094 1362 2179 1409 τὸν

586 1447 740 1497 αὐτὸν
813 1447 963 1516 λόγον
1043 1445 1363 1515 ἀχθὴτωσαν
1443 1450 1532 1497 καὶ
1587 1444 1641 1496 ἐκ
1695 1454 1795 1496 τῶν
1861 1447 2037 1517 ἐτέρων
2089 1454 2180 1498 τοῦ

584 1534 745 1586 κύϐου
799 1544 963 1608 μερῶν
1028 1535 1220 1585 εὐθεῖαι
1284 1538 1526 1607 γραμμαὶ
1572 1538 1701 1607 πρὸς
1745 1538 1801 1585 τὸ
1850 1533 1885 1605 β
1944 1544 2180 1606 σημεῖον,

586 1622 1029 1695 ἀριθμηθῆντωσαν
1110 1626 1163 1673 αὶ
1227 1628 1463 1693 γραμμαὶ
1537 1630 1704 1675 πᾶσαι
1751 1627 1839 1675 καὶ
1890 1627 2180 1682 συντεθὴτω

585 1717 801 1773 ταύταις
882 1717 969 1763 καὶ
1048 1716 1104 1762 τὸ
1184 1719 1396 1782 σημεῖον
1474 1716 1564 1763 καὶ
1634 1718 1922 1770 ποιήσουσι
1996 1714 2179 1765 κύκλον

588 1800 840 1871 ἐξανάγκη
853 1821 873 1861 ς

585 1894 643 1941 τὸ
695 1888 729 1961 β
787 1897 997 1961 σημεῖον
1042 1889 1213 1940 εὐθεῖα
1258 1894 1498 1962 γραμμὴ,
1555 1890 1805 1950 ὡσαύτως
1858 1890 2179 1961 ἁχθήτωσαν

929 1822 940 1833 ·
983 1800 1134 1851 πάλιν
1165 1798 1385 1871 ἀχθὴτω
1434 1798 1534 1851 ἀπὸ
1577 1808 1666 1860 τῆς
1722 1820 1751 1851 κ
1801 1810 2047 1875 ’γραμμῆς
2100 1801 2180 1853 ἐπὶ

584 1983 673 2030 καὶ
711 1981 879 2049 ἕτεραι
923 1982 1163 2049 γραμμαὶ
1228 1978 1420 2029 εὐθεῖαι
1485 1979 1586 2030 ἀπὸ
1634 1979 1733 2029 τῶν
1798 1978 1847 2031 ἐν
1909 1987 1981 2050 τῷ
2038 1980 2177 2049 αὐτῷ

582 2072 725 2141 μέρει
764 2068 970 2119 εὐθειῶν
1026 2075 1279 2141 γραμμῶν
1320 2075 1473 2140 τριῶν
1533 2077 1623 2127 τῆς
1670 2068 1721 2137 λ,
1768 2089 1825 2140 μ,
1886 2090 1933 2137 ν,
1987 2069 2070 2121 ἐπὶ
2117 2073 2175 2122 τὸ

585 2156 621 2229 β
655 2164 888 2229 σημεῖον.
919 2156 1137 2228 Ὁμοίως
1174 2163 1299 2225 γοῦν
1341 2154 1663 2226 ἀχθήτωσαν
1719 2162 1806 2208 καὶ
1859 2156 1913 2209 ἐκ
1968 2168 2068 2209 τῶν
2104 2159 2175 2221 εἰς

551 2335 849 2390 musicum
879 2353 896 2405 ;
921 2339 1023 2389 aut
1047 2334 1107 2389 id
1128 2334 1293 2405 quod
1320 2338 1412 2389 est
1434 2334 1815 2406 philosophia
1866 2336 1927 2390 in
1966 2342 2200 2405 natura,

553 2428 677 2477 esto
709 2424 907 2494 poesis
932 2423 989 2477 in
1019 2428 1234 2477 natura
1271 2440 1283 2477 :
1317 2427 1442 2478 esto
1490 2423 1669 2493 igitur
1723 2424 2059 2480 Aristoteles
2093 2428 2203 2480 Ho-

557 2528 757 2568 merus
786 2530 803 2583 ς
838 2518 939 2567 aut
959 2512 1123 2583 quod
1156 2516 1246 2567 est
1272 2518 1469 2567 motus
1488 2512 1548 2567 in
1569 2514 1990 2585 natura,quies
2020 2515 2079 2569 in
2104 2530 2203 2570 na-

557 2608 711 2669 tura,
752 2606 877 2656 esto
913 2601 1088 2669 igitur
1116 2602 1285 2672 quies
1325 2606 1543 2656 motus.
1575 2604 1705 2656 Hmc
1737 2608 1935 2657 autem
1964 2602 2087 2658 ﬁeri
2106 2619 2205 2660 ne-

551 2696 799 2763 queunt.
816 2694 955 2746 Nam
968 2689 1239 2745 absolute
1250 2690 1699 2761 temperationes
1712 2692 1864 2746 uniri
1880 2692 2203 2747 absurdum

552 2786 666 2836 est.
703 2779 1121 2835 Atsecundum
1146 2780 1538 2851 proprietates
1559 2781 1674 2835 hoc
1695 2779 1821 2836 ﬁeri
1877 2781 2192 2853 reperitur.

552 2873 701 2925 Nam
722 2884 912 2923 unum
941 2868 1186 2923 uniendi
1211 2867 1451 2923 alterius
1473 2868 1595 2924 vim
1635 2869 1835 2936 habet,
1883 2875 1947 2925 ut
1994 2870 2200 2926 album

550 2965 607 3014 et
650 2958 897 3022 ﬂavum,
930 2964 986 3012 et
1014 2956 1178 3029 quod
1205 2962 1295 3011 est
1343 2958 1639 3013 musicum
1669 2963 1754 3013 est
1780 2964 2097 3027 cognatum
2150 2961 2201 3016 ei
2233 2984 2272 3039 ο

550 3048 713 3118 quod
740 3051 828 3102 est
855 3044 1249 3113 numerabile,
1288 3049 1343 3101 et
1373 3045 1757 3117 philosophia
1786 3047 2121 3118 theologim,
2146 3053 2202 3105 et

548 3135 781 3207 poetica
811 3135 922 3190 arti
946 3133 1203 3189 dicendi.
1236 3138 1291 3189 et
1330 3134 1726 3206 tranquillitas
1770 3137 2197 3207 temperantiae,

550 3230 607 3280 et
622 3224 814 3279 fortitn
824 3223 949 3278 dini
962 3226 1179 3278 motus.
1203 3222 1547 3295 Eodemque
1572 3223 1754 3279 modo
1766 3222 1910 3280 fullo
1924 3225 2198 3292 coriario,

550 3319 606 3369 et
632 3314 758 3369 aliis
789 3312 905 3368 alia
953 3317 1193 3384 prOpter
1252 3312 1676 3384 proprietatem
1730 3319 1872 3369 sunt
1921 3320 2197 3385 cognata.

618 3407 677 3457 2.
713 3406 902 3468 Quare
928 3401 1051 3456 duo
1079 3408 1218 3456 sunt
1257 3401 1421 3456 modi
1464 3401 1728 3471 uniendi,
1793 3417 1951 3457 unus
1988 3403 2093 3475 qui
2115 3410 2203 3462 est

551 3484 883 3538 secundum
902 3488 1197 3551 naturam,
1224 3482 1370 3537 alter
1390 3482 1493 3553 qui
1517 3488 1604 3537 est
1628 3483 1959 3537 secundum
1972 3490 2202 3555 tempe-

548 3573 860 3628 rationem.
904 3574 1053 3625 Nam
1086 3570 1755 3627 omniacommunicant
1784 3573 1937 3628 inter
1975 3589 2040 3627 se
2060 3587 2201 3628 cum

547 3665 927 3727 revocantur,
960 3664 1063 3713 aut
1083 3659 1160 3713 ad
1191 3658 1565 3730 qualitatem,
1599 3665 1703 3715 aut
1728 3663 1805 3715 ad
1858 3662 2196 3727 essentiam,

552 3753 655 3804 aut
682 3748 759 3803 ad
788 3747 1066 3815 formam,
1099 3752 1203 3802 aut
1232 3747 1309 3803 ad
1336 3753 1637 3816 naturam,
1670 3749 1851 3819 idque
1898 3749 2201 3821 prmcipue

551 3843 731 3908 atque
760 3837 1051 3891 universe.
1098 3839 1169 3891 At
1224 3837 1558 3892 secundum
1611 3839 2000 3909 proprietates
2055 3838 2202 3894 alter

551 3935 638 3985 est
656 3926 875 3982 modus
929 3945 941 3991 ;
986 3940 1182 3997 neque
1223 3928 1382 3981 enim
1430 3926 1525 3982 hic
1586 3927 1715 3982 unit
1765 3928 2113 3984 naturaliter
2145 3935 2203 3985 et

551 4017 843 4081 universe,
908 4016 1012 4070 sed
1083 4016 1519 4086 particulariter
1569 4021 1627 4071 et
1694 4017 1955 4089 proprie,
2004 4032 2200 4089 neque

548 4111 845 4177 quatenus
869 4104 1147 4175 qualitas,
1182 4109 1284 4159 aut
1304 4110 1606 4175 quatenus
1621 4107 1901 4174 essentia,
1928 4111 2199 4178 antqua-

552 4199 723 4248 tenus
736 4193 1359 4263 torma,autquatenus
1375 4193 1621 4247 materia
1632 4194 1888 4263 unit,sed
1902 4200 2199 4266 quatenus

551 4281 775 4352 aliquid
805 4296 943 4335 cum
967 4280 1169 4351 aliquo
1194 4282 1595 4351 componitur.
1637 4284 1994 4355 Quanquam
2018 4285 2197 4338 etiam

552 4370 844 4425 elementa
876 4368 1104 4423 ratione
1132 4376 1359 4425 naturm
1392 4371 1621 4425 inter-se
1648 4373 2115 4437 communicant,
2141 4377 2199 4427 et

553 4475 714 4530 aqua
726 4458 1901 4525 noninterimitignem,necinterimitalia
1916 4476 2051 4531 qum
2074 4476 2196 4515 non

552 4547 963 4618 suntejusdem
980 4547 1272 4602 modi.Sed
1285 4564 1414 4602 cum
1426 4564 1565 4620 pars
1578 4565 1750 4621 aqum
1764 4550 2196 4618 obruitpartem

549 4637 873 4708 ignis,tuuc
886 4652 1025 4709 pars
1042 4636 1137 4691 illa
1151 4653 1324 4708 aqum
1336 4638 1603 4693 interimit
1618 4645 1838 4709 partem
1854 4638 2009 4693 illam
2024 4638 2194 4705 ignis;

549 4726 847 4782 contraria
858 4727 1005 4781 enim
1021 4726 1330 4780 contrariis
1344 4726 2038 4783 interimuntur.Fitetiam
2054 4742 2198 4783 non-

547 4832 860 4888 nunquam
877 4816 1967 4887 utpharmacapropterproprietatem
1990 4832 2195 4887 corpo.

545 4922 680 4960 rum
694 4912 751 4959 et
765 4904 1267 4977 temperationum
1283 4920 1482 4959 comm
1494 4905 1733 4959 unicent
1748 4905 1900 4959 inter
1912 4921 1975 4959 se
1988 4911 2196 4977 etpro-

547 4992 1116 5064 sint,nonnunquam
1130 4992 1297 5047 etiam
1312 4993 1647 5047 interimant
1660 4993 2195 5065 propterdiversam

546 5080 818 5150 ipsorum
846 5082 998 5136 inter
1025 5099 1086 5136 se
1108 5083 1551 5153 proprietatem.
1612 5082 1887 5137 Similiter
1925 5083 2105 5138 etiam
2136 5083 2195 5137 in

546 5168 799 5223 metallis
838 5171 1302 5226 communicatio
1334 5171 1641 5242 reperitur,
1664 5170 1722 5226 in
1748 5171 1876 5227 aliis
1923 5171 2192 5226 verodis-

545 5259 869 5330 crepantia.
896 5260 1067 5325 Quod
1112 5266 1268 5316 certe
1325 5276 1445 5316 non
1500 5266 1588 5316 est
1626 5277 1870 5332 novum,
1917 5262 2188 5332 quando-

543 5348 790 5419 quidem
816 5350 1919 5422 necinlineapunctaomniaomnibus
1954 5351 2189 5421 punctis

2338 469 2579 535 γραμμαὶ
2605 466 2690 518 ἐπὶ
2725 471 2782 518 τὸ
2816 465 2852 540 β
2909 473 3143 538 σημεῖον,
3206 464 3636 537 ἀριθμηθήτωσαν
3677 476 3753 522 καὶ
3800 475 3868 523 αύ-

2339 568 2424 601 ται
2474 558 2644 605 πᾶσαι
2702 562 2792 607 καὶ
2855 556 3151 612 συντεθίγτω
3184 556 3402 615 ταύταις
3446 560 3532 606 καὶ
3580 560 3631 607 τὸ
3683 567 3869 630 σημεῖον,

2339 644 2429 690 καὶ
2514 648 2838 701 πονήσουσιν
2899 643 2953 707 ἐξ
3017 643 3245 714 ἀνάγκης
3325 647 3414 695 καὶ
3484 640 3630 696 αὗται
3710 649 3870 703 κύκλσι,

2340 728 2483 783 Ἐπεὶ
2509 728 2567 783 δὲ
2596 731 2649 784 ἐκ
2678 736 2881 786 πάντων
2920 742 3020 785 τῶν
3059 742 3151 785 τοῦ
3183 731 3345 784 κύϐου
3385 741 3546 807 μερῶν
3597 736 3647 785 αἱ
3694 740 3797 808 πρὸς
3831 745 3873 790 τὸ

2343 817 2378 889 β
2411 829 2624 892 σημεῖον
2678 823 2870 875 εὐθεῖαι
2908 826 3150 895 γραμμαὶ
3203 825 3295 874 σὺν
3339 829 3409 894 τῷ
3439 826 3629 894 σημείῳ
3658 823 3719 885 εἰς
3768 823 3871 877 Erm-

2339 911 2591 982 ρίθμησιν
2663 912 2914 971 κυκλικὴν
2986 911 3342 984 ἀναφέρονται,
3422 913 3561 962 ἔστιν
3629 913 3720 986 ἄρα
3774 918 3873 967 κατὰ

2339 998 2557 1074 ἀριθμὸν
2598 999 2668 1062 εἰς
2697 1005 2784 1054 τὸν
2840 1000 2995 1053 κύϐον
3047 1005 3243 1073 φυσικὴ
3305 1003 3553 1071 συνέχεια
3601 1008 3688 1051 τῶν
3728 1012 3868 1075 μερῶν,

2336 1090 2599 1160 Τμηθήτω
2668 1098 2792 1161 γοῦν
2863 1095 2952 1142 καὶ
3016 1091 3088 1152 εἰς
3166 1089 3465 1161 ἐπιφανείας
3517 1090 3542 1139 6
3604 1089 3759 1153 κύϐος,
3808 1098 3871 1143 καὶ

2339 1180 2472 1229 ἔστω
2555 1179 2671 1241 ἑξὰς
2725 1182 2755 1236 ἡ
2834 1176 3077 1240 ἐπίπεδος
3134 1177 3427 1250 ἐπιφάνεια,
3503 1182 3591 1230 καὶ
3638 1178 3869 1231 πολλαπλα-

2341 1269 2614 1324 σιασθήτω
2672 1270 2696 1318 6
2753 1266 2968 1342 ἀριθμὸς
3015 1271 3105 1319 καὶ
3145 1266 3298 1318 πάλιν
3336 1266 3501 1318 πολλὰ
3554 1266 3869 1325 πλασιασθήτω

2339 1356 2505 1420 οὗτος,
2537 1362 2627 1408 καὶ
2654 1359 2987 1431 εὑρεθήσεται
3019 1360 3087 1418 ὡς
3114 1358 3138 1407 6
3171 1375 3204 1408 α
3252 1358 3383 1429 πρὸς
3412 1358 3499 1407 τὸν
3532 1353 3589 1427 β,
3645 1357 3668 1406 ὁ
3709 1353 3738 1427 β
3780 1360 3871 1430 πρὸς

2338 1448 2425 1497 τὸν
2476 1466 2510 1516 7
2553 1466 2566 1478 ο
2629 1447 2958 1520 εὑρίσκονται
3042 1446 3145 1518 ἄρα
3204 1450 3293 1496 καὶ
3352 1443 3470 1496 κατ’
3522 1443 3785 1516 ἐπιφανείας
3823 1444 3870 1504 εἰς

2340 1534 2701 1609 ἀπαρίθμησιν
2731 1535 2980 1593 κυκλικὴν
3032 1542 3229 1605 συνεχῆ
3264 1536 3329 1586 τὰ
3379 1535 3511 1606 μέρη
3572 1536 3735 1586 αὑτοῦ.
3773 1533 3870 1585 Ἐπεὶ

2341 1621 2399 1676 δὲ
2455 1625 2508 1675 αἱ
2556 1626 2690 1676 κατὰ
2731 1628 2925 1685 παντὸς
2978 1627 3165 1697 μέρους
3216 1622 3378 1674 αὐτοῦ
3434 1621 3669 1694 ἁρμονίαι
3718 1621 3870 1695 ἀριθμῷ

2339 1713 2410 1774 εἰς
2489 1712 2672 1764 κύκλον
2763 1712 3061 1783 ἀνάγονται,
3136 1713 3162 1763 ὁ
3236 1707 3297 1763 δὲ
3362 1710 3549 1769 κύκλος
3596 1717 3686 1761 τῶν
3753 1710 3872 1761 ἄλλων

2341 1804 2632 1875 σχημάτων
2685 1808 3037 1876 φυσικώτερος
3115 1805 3205 1853 καὶ
3260 1796 3669 1872 μονοειδέστερος
3715 1804 3786 1852 καὶ
3830 1802 3869 1851 οὐ

2336 1895 2520 1964 μικτὸς
2549 1895 2638 1942 καὶ
2668 1889 2862 1951 ἁπλοῦς
2912 1895 3000 1941 καὶ
3030 1889 3085 1941 ἐκ
3140 1898 3306 1963 μερῶν
3362 1889 3423 1940 ού
3475 1887 3683 1951 πολλῶν,
3723 1887 3868 1957 ἀνάγκη

2334 1986 2483 2033 πᾶσα
2553 1979 2665 2032 κατ’
2725 1979 2942 2053 ἀριθμὸν
3014 1983 3239 2051 φυσικὴν
3287 1985 3419 2029 νοεῖν
3491 1982 3583 2035 τὴν
3633 1983 3715 2029 τοῦ
3753 1975 3869 2029 κύϐον

2337 2073 2632 2141 συνέχειαν,
2661 2066 2769 2121 ἐπεὶ
2797 2068 2866 2129 εἰς
2884 2067 3102 2128 κύκλους
3134 2066 3401 2138 ἀνοίγεται.

2386 2155 2458 2214 δ’.
2500 2159 2829 2231 Θεωρηθήτω
2855 2163 2982 2227 γοῦν
3015 2161 3105 2209 καὶ
3136 2158 3275 2208 κατὰ
3323 2162 3565 2228 συνεχεῖς
3617 2152 3866 2226 ἐπιφανείας,

2312 2335 2601 2391 uniuntur
2627 2350 2734 2408 per
2748 2333 3278 2391 continuationem.
3296 2336 3450 2390 Nam
3479 2332 3725 2405 primum
3767 2330 3880 2386 tertio

2311 2441 2435 2481 non
2490 2426 2710 2494 unitur,
2760 2424 2876 2480 nisi
2931 2438 3039 2495 per
3081 2423 3467 2492 secundum;
3518 2422 3714 2479 eodem
3753 2420 3879 2475 modo

2311 2514 2491 2570 etiam
2518 2514 2766 2585 reliqua,
2785 2516 2848 2569 ut
2872 2512 3050 2568 etiam
3077 2512 3137 2567 in
3152 2511 3368 2575 solido.
3397 2510 3684 2584 siquidem
3715 2524 3809 2565 non
3825 2522 3880 2562 se-

2311 2602 2575 2658 cundum
2596 2606 2873 2658 naturam
2893 2601 3392 2673 duntaxatipsius
3407 2600 3634 2657 termini
3647 2599 3877 2664 uniuntur,

2309 2706 2516 2746 verum
2539 2691 2717 2746 etiam
2747 2688 3083 2745 secundum
3111 2690 3621 2761 temperationem.
3641 2690 3766 2743 Nam
3788 2683 3879 2739 cubi

2311 2780 2700 2851 continuatio,
2733 2778 2941 2835 habita
2970 2778 3198 2834 ratione
3223 2777 3686 2850 superﬁcierum,
3714 2788 3808 2831 non
3823 2777 3877 2827 est

2309 2868 2621 2932 naturalis,
2639 2868 2744 2924 sed
2756 2867 3048 2924 beneﬁcio
3069 2867 3307 2923 numeri
3326 2867 3577 2922 vincitur
3587 2862 3876 2921 naturaliter.

2382 2963 2438 3015 3.
2478 2962 2736 3014 Ponatur
2767 2958 2944 3027 igitur
2961 2956 3307 3012 senariusin
3339 2957 3517 3022 cubo,
3544 2954 3734 3011 eodem
3748 2948 3875 3006 modo

2310 3047 2654 3104 octonarius
2683 3048 2782 3117 (t).
2810 3047 2949 3102 Esto
2973 3060 3114 3101 vero
3144 3046 3325 3101 etiam
3355 3050 3640 3117 punctum
3682 3042 3747 3097 ad
3762 3036 3874 3112 quod

2308 3135 2638 3192 referantur
2654 3133 3062 3205 omneslinem,
3080 3138 3199 3190 tam
3214 3148 3353 3206 qum
3364 3134 3444 3190 ab
3476 3126 3872 3188 inclinationibus

2310 3223 2693 3295 angulorum,
2709 3239 2894 3296 quam
2918 3236 3053 3291 qum
3081 3222 3159 3277 ab
3171 3222 3511 3294 mqualibus
3534 3221 3690 3276 lineis
3712 3216 3875 3273 ducun-

2310 3317 2423 3368 tur.
2449 3313 2709 3368 Ducatur
2738 3312 2816 3368 ab
2837 3327 2875 3368 a
2903 3310 3303 3367 inclinationis
3355 3310 3575 3381 angulo
3608 3309 3744 3364 linea
3764 3305 3873 3359 recta

2310 3401 2369 3455 in
2401 3401 2433 3455 ὁ
2464 3404 2775 3472 punctum,
2819 3399 3032 3455 eodem
3090 3398 3273 3455 modo
3298 3399 3432 3455 alim
3470 3400 3633 3453 rectm
3671 3388 3874 3449 linemab

2310 3488 2439 3545 aliis
2462 3487 2861 3544 inclinationis
2885 3487 3120 3557 angulis
3153 3500 3290 3559 qum
3350 3492 3489 3543 sunt
3531 3486 3589 3541 in
3618 3476 3871 3555 superﬁcie.

2311 3592 2528 3649 nempe
2555 3576 2635 3633 ab
2662 3592 2694 3632 ι·
2724 3592 2754 3632 e
2776 3577 2817 3646 f
2834 3576 2893 3632 in
2924 3576 3084 3631 idem
3098 3580 3394 3648 punctum
3421 3576 3473 3630 ὁ.
3498 3568 3873 3630 Eademratione

2310 3667 2606 3723 ducantur
2625 3664 2756 3722 alim
2788 3669 2965 3721 rectm
2982 3664 3152 3720 linem
3165 3665 3243 3721 ab
3259 3664 3394 3721 aliis
3432 3662 3566 3721 cubi
3604 3653 3871 3735 partibusin

2312 3760 2601 3828 punctum
2636 3755 2689 3810 b.
2722 3758 3343 3811 Numerenturomnes
3356 3753 3523 3810 linem
3557 3755 3610 3807 et
3639 3742 3866 3816 cumipsis

2308 3852 2600 3917 punctum
2629 3843 2809 3899 etiam
2831 3846 3395 3913 componatur,sane
3414 3838 3723 3897 necessario
3738 3834 3868 3889 circu-

2308 3933 2434 3988 lum
2454 3931 2957 3988 eﬂicientﬁursus
2977 3931 3407 3988 ducaturlinea
3420 3935 3575 3987 recta
3593 3944 3625 3983 a
3644 3923 3812 3982 lineali
3828 3919 3866 3973 in

2308 4026 2598 4094 punctum
2614 4022 2667 4076 b.
2686 4021 2905 4075 Eodem
2919 4019 3149 4074 modod
3162 4025 3416 4075 ucantur
3428 4021 3600 4074 etiam
3634 4012 3871 4071 alimrectze

2308 4110 2480 4165 linem
2520 4125 2552 4165 a
2600 4109 2789 4165 tribus
2843 4109 3012 4164 lineis
3052 4109 3224 4164 rectis
3276 4125 3414 4181 qum
3455 4112 3585 4163 sunt
3642 4104 3693 4158 in
3716 4096 3866 4155 eadem

2308 4205 2497 4270 parte,
2529 4213 2747 4270 nempe
2772 4198 2851 4253 ab
2886 4196 2908 4253 ι
2926 4214 2984 4252 m
3014 4213 3055 4251 η
3086 4197 3143 4252 in
3157 4204 3451 4268 punctum
3473 4198 3522 4253 ο.
3558 4185 3868 4250 Consimiliter

2306 4287 2484 4355 igitur
2513 4302 2549 4342 a
2586 4286 2828 4358 reliquis
2855 4285 3026 4340 lineis
3076 4285 3441 4357 reliquarum
3510 4281 3635 4339 cubi
3673 4275 3864 4351 partium

2308 4376 2480 4430 linem
2506 4379 2678 4430 rectm
2703 4374 3000 4430 ducantur
3023 4374 3083 4429 in
3125 4373 3159 4429 ὁ
3204 4380 3513 4446 punctum.
3554 4366 3865 4427 Numerantur

2307 4465 2486 4519 etiam
2540 4463 2633 4518 bm
2664 4478 2875 4519 omnes
2910 4468 2968 4518 et
3022 4478 3155 4518 cum
3202 4463 3294 4519 his
3323 4467 3605 4534 punctum
3656 4456 3861 4528 ponatur,

2307 4552 2645 4607 necessario
2709 4566 2952 4623 quoque
3068 4550 3358 4607 circulum
3443 4548 3691 4606 etﬁcient.
3760 4542 3859 4623 Cum

2308 4643 2485 4712 igitur
2515 4642 2593 4697 ab
2621 4621 2907 4697 omnibus
2932 4640 3071 4697 cubi
3101 4642 3372 4711 partibus
3396 4640 3561 4697 linem
3588 4636 3752 4691 ductm
3781 4621 3863 4681 inb

2308 4736 2599 4802 punctum
2622 4729 2955 4785 referantur
2976 4729 3055 4784 ad
3090 4728 3439 4785 circularem
3451 4720 3859 4802 numeratiOncm,

2311 4801 2582 4890 sequitur
2594 4818 2794 4873 essein
2809 4817 2985 4883 cubo,
3002 4823 3245 4889 propter
3256 4830 3589 4873 numerum,
3601 4801 3859 4894 naturales!

2309 4906 2568 4979 partium
2600 4904 3133 4961 continuationem.
3164 4908 3403 4962 Secetur
3428 4904 3594 4959 etiam
3650 4893 3856 4985 cuiius“!

2308 4994 2676 5067 superﬁcies,
2721 5000 2775 5049 et
2842 5001 2968 5050 esto
3030 4995 3303 5050 senarius
3357 4993 3531 5065 plana
3572 4979 3858 5058 superﬁcies,

2306 5083 2850 5156 multipliceturque
2879 5098 3188 5151 numerus,
3246 5098 3453 5139 rursus
3479 5080 3574 5153 qui
3594 5073 3711 5131 inde
3723 5068 3857 5123 tactus

2309 5179 2396 5228 est
2416 5172 2858 5245 multiplicetur,
2888 5173 3136 5229 tandem
3165 5173 3520 5243 reperiemus
3538 5170 3595 5223 ut
3642 5160 3857 5253 numoetllti

2310 5278 2347 5319 a
2382 5263 2458 5318 ad
2490 5263 2597 5317 bse
2618 5261 3107 5333 habet,itabadg
3131 5277 3195 5317 se
3246 5261 3484 5318 habere.
3530 5249 3855 5342 ϐοωξιθτξωέξ

2309 5352 2489 5421 igitur
2533 5322 3042 5407 continuationem
3068 5322 3094 5333 ν
3132 5350 3385 5423 partium
3428 5345 3556 5404 cubi
3600 5332 3761 5396 referri
3802 5322 3852 5380 ad

613 5492 687 5563 (t)
712 5494 932 5563 Nempe
964 5494 1155 5548 sexies
1182 5508 1281 5547 sex
1316 5491 1527 5563 sexies,
1556 5497 1657 5544 aut
1685 5492 1867 5547 octies
1909 5500 2043 5550 octo
2069 5492 2269 5563 octies,
2300 5494 2381 5550 ita
2419 5501 2481 5550 ut
2519 5493 2789 5551 senarius
2814 5499 2918 5550 aut
2946 5494 3287 5551 octonarius
3335 5492 3407 5548 sit
3443 5504 3584 5546 unus
3631 5494 3692 5535 ex
3715 5468 3849 5529 tribuS

539 5561 807 5619 numeris
838 5561 910 5619 ex
939 5564 1159 5636 quibus
1193 5561 1463 5617 senarius
1488 5566 1738 5616 constat.
