4042 6214
245 279 387 337 12³73

1117 283 1469 341 THEODORI
1498 286 1546 340 Π
1586 282 1725 340 1MP.
1755 283 1846 340 DE
1877 281 2332 341 COMMUNIONE
2363 277 2717 342 NATURALI

3453 287 3588 344 1274

242 405 291 457 εἰ
319 405 477 458 αὐταὶ
505 407 638 478 πρὸς
676 405 826 464 αὐτὸς
865 403 1110 467 ἆλληλαις
1165 411 1439 479 συνέχειαν
1491 409 1704 480 ἔχουσι,
1753 411 1842 460 καὶ
1899 411 1945 463 Α
2001 411 2280 480 τετμσήθω
2312 405 2684 483 ἐνδεκαμερῶς,
2717 409 2877 480 ἣγουν
2907 407 2937 466 ἡ
2966 427 3000 460 α
3025 405 3116 481 βγ
3157 403 3194 460 6
3245 426 3270 460 ε
3307 407 3356 478 ζ,
3407 415 3596 482 τετμή-

239 495 444 566 ὀποίαν,
473 497 562 546 καὶ
618 501 747 555 πῶς.
802 492 976 548 Ἐστω
1031 499 1202 547 τοίνυν
1233 517 1266 548 α
1293 495 1328 568 β
1358 517 1391 568 7
1421 493 1456 548 6
1485 516 1506 549 ε
1530 497 1561 558 ζ
1581 499 1606 549 ὅ
1661 496 1837 560 κύϐος,

237 581 532 642 ἁπλωθητω
556 583 586 641 ἡ
617 603 650 635 α
683 582 771 644 ἔως
807 591 896 644 τῆς
918 583 1161 658 ἑκατέρας
1200 584 1359 645 αὐτῆς
1421 583 1456 658 β
1503 604 1556 638 τε
1602 589 1693 638 καὶ
1747 593 1842 646 τῆς

232 693 293 745 7,
321 677 410 726 καὶ
440 674 470 731 ἡ
505 668 541 724 6
565 673 808 747 πρόςτήν
836 670 872 745 β
901 691 956 725 τε
984 679 1074 725 καὶ
1099 677 1193 731 τὴν
1222 695 1279 745 7,
1309 677 1399 725 καὶ
1430 674 1458 732 ἡ
1485 693 1506 726 ε
1554 677 1684 746 πρὸς
1744 677 1838 732 τὴν

231 779 271 814 α
301 759 338 834 β
369 783 402 834 7
434 757 488 834 δ,
518 767 606 814 καὶ
635 763 668 820 ἡ
701 761 948 834 ςὸμοίως
974 765 1101 835 πρὸς
1123 767 1214 821 τὴν
1244 782 1278 814 α
1317 761 1412 836 βγ
1441 760 1476 815 6
1535 785 1548 797 ο
1609 761 1838 816 ἱνούνται

228 857 361 922 γοῦν
388 849 543 903 αὗται
569 852 701 925 πρὸς
727 852 824 912 τὰς
843 850 1055 918 κλίσεις,
1090 854 1146 904 αἱ
1191 847 1251 904 δὲ
1305 853 1467 913 θέσεις
1491 857 1582 905 καὶ
1633 852 1840 916 ἐνὼσεις

230 939 402 992 αύτῶν
423 938 472 991 οἰ
491 939 757 1010 κυκλικαὶ,
791 937 966 1016 ὥσπερ
1014 945 1104 993 καὶ
1158 938 1242 992 ἐπὶ
1292 948 1392 992 τῶν
1447 941 1836 1015 ἁριθμηθεισῶν

228 1037 486 1104 γραμμῶν
529 1029 657 1082 ἀλλὰ
719 1033 1102 1102 γεγωνιωμέναι
1164 1035 1252 1084 καὶ
1308 1030 1506 1094 κλίσεις
1560 1034 1787 1104 ἔχουσαι
1819 1076 1832 1089 .

230 1118 265 1176 ἦ
300 1123 346 1173 Α
374 1121 476 1191 γὰρ
497 1118 587 1177 ὅλη
616 1120 709 1180 ἕως
733 1118 855 1181 ὅλης
877 1128 967 1180 τῆς
995 1125 1046 1183 Β,
1076 1125 1166 1173 καὶ
1204 1120 1335 1179 αὕτη
1413 1123 1505 1183 ἓως
1573 1121 1695 1182 ὅλης
1745 1140 1836 1181 της

233 1211 296 1275 Γ,
329 1212 419 1260 καὶ
440 1207 572 1266 αὕτη
601 1207 695 1270 ἕως
721 1207 843 1268 ὅλης
872 1217 964 1269 τῆς
999 1215 1054 1278 Δ,
1095 1214 1185 1262 καὶ
1220 1212 1249 1267 ἡ
1312 1215 1351 1262 Ε
1379 1209 1474 1270 ἕως
1536 1209 1661 1261 ὅλων
1734 1217 1834 1262 τῶν

234 1301 496 1362 ΑΒΓΔ,
537 1302 629 1349 καὶ
680 1298 710 1355 ἡ
772 1303 812 1349 Ζ
867 1297 1057 1370 ὁμοίως
1110 1297 1199 1358 ἕως
1253 1297 1379 1350 ὄ)ων
1440 1297 1605 1351 αὐτῶν
1655 1305 1694 1352 Α
1734 1305 1768 1350 Β
1799 1303 1836 1350 Γ

232 1389 293 1439 Δ.
355 1389 593 1438 Φαίνεται
665 1393 791 1456 γοῦν
857 1385 913 1438 ἐκ
985 1389 1172 1440 τούτου
1244 1389 1324 1440 ὅτι
1397 1387 1651 1440 ἅπτονται
1718 1391 1831 1460 μὲν,

230 1473 302 1534 εἰς
331 1473 514 1535 ἑαυτὰς
541 1469 600 1527 6's
629 1470 807 1527 διόλου
862 1474 920 1527 ού
989 1479 1296 1552 στρέφονται
1349 1476 1610 1539 κυκλικῶς
1666 1480 1832 1529 εἱτουν

227 1570 485 1634 φυσικῶς.
529 1563 891 1634 Τμηθὴτωσαν
944 1571 1072 1635 γοῦν
1133 1565 1188 1615 αἱ
1241 1563 1530 1636 ἐπιφάνειαι
1585 1561 1660 1618 δι’
1711 1565 1830 1618 ὅλου

225 1659 417 1704 τοῦτου
447 1651 608 1704 κύϐου
653 1655 884 1724 πάχους,
941 1658 1030 1705 καὶ
1093 1653 1535 1726 συλληφθὴτωσαν
1581 1657 1722 1708 καπὰ
1771 1659 1829 1708 τὸ

226 1738 478 1812 ἀνάλογον
529 1739 704 1804 ἑξίσου
753 1739 845 1793 ὅλα
894 1743 960 1794 τὰ
1010 1745 1264 1815 τμήματα
1306 1763 1320 1776 ·
1379 1741 1657 1797 ἑκτέθειται
1707 1752 1830 1816 γοῦν

221 1829 256 1888 ἡ
293 1831 341 1883 Α
372 1825 652 1902 διάμετρος
680 1837 742 1902 τῇ
778 1833 835 1898 Γ,
879 1835 969 1883 καὶ
1008 1831 1039 1888 ἠ
1085 1837 1123 1884 Β
1157 1837 1222 1904 τῇ
1266 1838 1322 1902 Δ,
1363 1837 1453 1885 καὶ
1491 1834 1522 1891 ἡ
1565 1839 1604 1886 Ε
1636 1841 1698 1906 τῇ
1741 1839 1780 1886 Ζ
1812 1854 1825 1866 '

224 1921 360 1971 Ξστω
395 1921 574 1990 γοῦνή
612 1920 742 1990 μετά
815 1919 908 1978 τήν
977 1924 1018 1972 Δ
1085 1925 1148 1992 Η,
1208 1926 1297 1974 καὶ
1353 1923 1384 1980 ἠ
1447 1925 1580 1994 μετὰ
1642 1928 1737 1981 τὴν
1791 1927 1830 1976 Γ

226 2015 296 2076 Θ,
323 2012 414 2060 καί¹
451 2009 482 2066 ἠ
525 2009 656 2080 μετὰ
693 2013 786 2066 τὴν
849 2013 886 2060 Β
951 2013 996 2079 Ῑ,
1065 2014 1154 2062 καὶ
1213 2013 1244 2068 ὴ
1311 2014 1444 2083 μετὰ
1498 2015 1592 2070 τὴν
1659 2019 1694 2064 Δ
1763 2018 1825 2080 K,

223 2087 376 2154 καῖἠ
405 2101 538 2170 μετά
566 2100 724 2154 τὴνΕ
767 2101 834 2162 Λ,
891 2101 982 2150 καὶ
1051 2097 1078 2156 ἡ
1141 2099 1270 2170 μετὰ
1331 2103 1428 2158 τὴν
1487 2107 1527 2152 Ζ
1598 2107 1670 2166 Μ,
1737 2105 1827 2153 καὶ

224 2183 382 2236 πάλιν
412 2186 441 2242 ἠ
475 2186 718 2256 μετάτὴν
749 2189 792 2238 Η
847 2191 908 2253 Ε,
971 2187 1062 2238 καὶ
1103 2187 1134 2245 ἡ
1195 2187 1327 2259 μετὰ
1373 2191 1468 2246 τὴν
1525 2195 1570 2242 Θ
1625 2189 1684 2260 Ξ,
1735 2193 1826 2242 καὶ

225 2275 258 2331 ἠ
314 2276 447 2345 μετὰ
485 2278 582 2332 τὴν
643 2277 664 2327 ῐ
711 2280 777 2343 Ο,
836 2279 926 2326 καὶ
981 2281 1008 2333 r’,
1053 2277 1183 2347 μετὰ
1227 2280 1322 2334 την
1389 2283 1433 2330 Κ
1498 2283 1564 2344 Π,
1628 2282 1719 2330 καὶ
1792 2280 1822 2336 ἠ

225 2364 472 2435 μετὰτήν
530 2368 577 2416 Λ
643 2361 703 2429 Ρ,
769 2363 910 2421 καὶή
979 2365 1112 2436 μετὰ
1171 2369 1266 2423 τὴν
1331 2371 1384 2419 Μ
1457 2371 1491 2418 Σ
1551 2387 1565 2399 ·
1628 2369 1828 2426 τεθητω

223 2459 351 2523 γοῦν
388 2453 420 2511 ἠ
474 2470 508 2504 α
547 2455 678 2525 πρὸς
730 2454 826 2510 τὴν
891 2449 927 2522 β
981 2472 1017 2524 7
1058 2451 1374 2525 ἐπιφάνειαν,
1435 2456 1713 2528 τετμήσθω
1767 2452 1828 2508 δι

227 2535 599 2618 ἔνδεκαμερῶς,
627 2543 872 2604 ὡσαύτως
901 2543 1050 2601 καιή
1111 2539 1146 2596 δ
1209 2547 1336 2619 πρὸς
1391 2549 1486 2604 τήν
1534 2565 1567 2598 α
1607 2567 1642 2618 7
1708 2543 1825 2599 ἑπι-

227 2630 439 2702 φάνειαν
470 2625 809 2706 ἐνδεκαμερῶς
837 2631 1056 2708 ἑκατέρα
1089 2651 1145 2686 τε
1199 2639 1290 2688 καὶ
1337 2634 1576 2711 ἑκατέρα,
1630 2636 1826 2709 ὁμοίως

191 2853 671 2911 numerationem
695 2855 1068 2923 circularem,
1089 2857 1272 2914 etiam
1293 2858 1626 2914 secundum
1643 2874 1850 2932 super-

2004 498 2113 549 σθω
2144 494 2203 549 6's
2233 497 2536 572 ἐννεαμερώς
2565 499 2704 556 καιή
2735 517 2764 556 η
2827 499 2855 550 θ
2897 518 2913 548 ι
2957 517 2990 548 κ
3025 496 3054 548 λ
3099 518 3157 569 μ,
3207 498 3484 568 τετμήσθω
3537 491 3595 550 δὲ

2001 583 2298 659 ἐπταμερῶς
2329 607 2417 638 και
2442 588 2472 645 ἡ
2504 586 2579 649 νξ
2609 606 2633 639 ο
2656 607 2693 639 π
2735 608 2764 660 ρ
2811 607 2863 653 σ,
2911 605 3000 637 και
3054 584 3392 645 ἡωθήτωσαν
3445 584 3594 648 αὖθις

2000 678 2135 727 κατὰ
2162 679 2222 727 τό
2244 674 2488 727 ἁνάπολιν
2513 677 2542 733 ἠ
2575 697 2600 726 ν
2625 691 2646 731 ,⁸
2679 696 2713 727 σ
2811 675 2881 738 ξε
2917 695 2946 750 ρ
3069 694 3095 727 ο
3129 690 3151 730 ,⁸
3196 694 3236 727 π
3366 695 3396 733 η
3417 693 3438 729 .’
3483 697 3521 748 μ

2003 763 2029 816 θ
2059 779 2082 820 ,⁸
2105 763 2133 816 λ
2231 784 2245 815 ι
2270 779 2292 820 .'
2320 783 2352 816 κ
2465 783 2500 816 α
2523 779 2545 819 .⁶
2574 785 2607 836 7
2709 763 2745 838 β
2773 779 2797 821 ,⁸
2825 760 2860 816 6
2879 783 2925 822 ::
2954 782 2978 816 ε
3007 777 3032 821 ,⁸
3083 763 3134 831 ζ,
3175 783 3266 816 και
3309 767 3596 822 συνέστηκε

1999 853 2150 905 πάλιν
2181 854 2207 904 ὅ
2262 854 2475 926 τμηθεὶς
2530 853 2683 914 κύϐος
2721 857 3023 926 τεμνόμενος
3050 875 3063 886 ο
3121 855 3226 928 ἄρα
3269 853 3428 916 κύϐος
3462 854 3595 927 εύρί-

2001 949 2178 994 σκεται
2197 962 2286 994 και
2323 944 2681 1015 συντιθέμενος
2710 946 2799 995 καὶ
2829 941 3111 1015 ἑνούμενος,
3155 939 3244 994 και
3295 941 3448 994 πάλιν
3507 944 3595 994 κύ-

1998 1027 2082 1091 ϐος
2107 1031 2422 1107 εύρίσκεται.
2449 1030 2538 1093 Ὠς
2560 1035 2662 1105 ’γὰρ
2693 1035 2722 1091 ἠ
2757 1052 2790 1084 α
2820 1029 2910 1105 βίγ
2933 1027 2968 1084 δ
2993 1051 3014 1084 ε
3037 1032 3068 1092 ζ
3095 1035 3222 1105 πρὸς
3250 1037 3343 1090 τὴν
3371 1052 3401 1089 η
3446 1033 3474 1084 θ
3501 1052 3518 1083 ι
3561 1051 3592 1082 κ

1995 1118 2024 1170 λ
2061 1141 2119 1192 μ,
2147 1120 2355 1180 οὓτωςή
2386 1140 2416 1178 η
2451 1119 3004 1194 θικλμπρὸςτηνν
3036 1119 3231 1194 ξοπρ
3275 1140 3326 1187 σ,
3377 1119 3595 1192 ἑκατέρα

1995 1213 2090 1268 τῆς
2123 1209 2365 1284 ἑκατέρας
2391 1210 2658 1282 ὑπεροχὴν
2699 1208 2942 1281 ἀνάλογον
2998 1211 3222 1280 ἔχουσα.
3278 1209 3340 1261 Εἰ
3383 1205 3441 1262 δὲ
3501 1227 3593 1261 και

1996 1301 2069 1358 εἱς
2095 1297 2298 1359 πλείους
2345 1300 2510 1370 τομὰς
2547 1302 2578 1358 ἦ
2623 1298 2855 1360 ἐλάττους
2916 1301 3052 1350 κατὰ
3105 1303 3198 1357 τὴν
3255 1297 3418 1357 αὐτὴν
3472 1296 3592 1350 ἀναο

1992 1385 2172 1458 λογίαν
2203 1388 2275 1450 εἰς
2310 1394 2550 1460 συνεχεῖς
2589 1387 2882 1461 ἑπιφανείάς
2933 1391 3107 1460 τέμνεν
3147 1407 3228 1448 τις
3283 1391 3371 1438 τὸν
3435 1385 3590 1439 κύϐον

1993 1477 2322 1551 πειράσεται,
2388 1480 2455 1529 τὰ
2510 1476 2646 1529 αὐτὰ
2690 1495 2782 1529 και
2836 1477 2981 1537 οὗτος
3024 1477 3203 1551 εὑρὼν,
3258 1474 3412 1528 κύϐον
3461 1477 3590 1528 εἶναι

1993 1563 2131 1618 ἕάσει
2167 1565 2343 1621 αὐτὸν.

2063 1654 2118 1711 ε’.
2152 1652 2412 1728 Ἐδείχθη
2452 1663 2578 1728 γοῦν
2627 1657 2800 1719 καθὼς
2857 1651 2964 1708 ἔδει
3017 1653 3066 1707 ἐν
3115 1662 3189 1725 τῷ
3242 1652 3386 1726 κύϐῳ
3433 1652 3587 1714 διττὴ

1994 1748 2263 1815 συνέχεια,
2315 1746 2345 1802 ἡ
2400 1747 2537 1797 κατὰ
2581 1744 2767 1796 κύκλον
2824 1763 2912 1796 και
2965 1745 2996 1803 ἣ
3069 1737 3329 1816 ἐξάεδρος.
3415 1739 3591 1794 Ἐστω

1989 1840 2114 1903 ’γοῦν
2145 1833 2175 1891 ἠ
2209 1836 2343 1885 κατὰ
2361 1833 2548 1886 κύκλον
2587 1853 2678 1886 και
2715 1832 2982 1907 ἀριθμητὴ
3025 1836 3244 1906 φυσικὴ,
3285 1832 3316 1890 ἡ
3359 1829 3419 1884 δέ
3455 1833 3592 1883 κατὰ

3375 1923 3432 1973 αἶ
3485 1923 3587 1996 γὰρ

1989 2014 2198 2085 κράσεις
2279 2017 2487 2084 μικταὶ,
2578 2013 2647 2065 τὰ
2740 2008 2800 2065 6's
2888 2015 3247 2084 γεγωνιωμένα
3327 2015 3590 2083 σχήματα

1989 2101 2210 2172 ἔμφασιν
2273 2100 2463 2172 έχουσι
2528 2099 2744 2174 μιζεως,
2806 2095 2899 2154 διὰ
2948 2106 3100 2152 τοῦτο
3154 2101 3214 2152 τὸ
3265 2106 3358 2152 τοῦ
3424 2097 3586 2151 κύϐου

1990 2198 2184 2260 σχῆμα
2230 2191 2412 2242 καθότι
2471 2194 2850 2263 γεγωνιωμένον
2902 2191 3107 2262 μικτὸν.
3161 2188 3221 2242 Εἰ
3270 2184 3322 2240 δ’
3349 2189 3430 2241 ὅτι
3496 2207 3587 2240 και

1987 2285 2137 2330 τοῦτο
2167 2285 2263 2341 τῆς
2319 2282 2517 2352 φύσεως
2581 2299 2672 2331 και
2737 2279 2763 2331 ὀ
2827 2278 3013 2340 κύκλος
3067 2283 3162 2340 τῆς
3229 2279 3432 2350 φύσεως
3496 2295 3588 2329 και

1987 2375 2244 2420 κοινωνεῖν
2317 2367 2430 2420 κατ’
2503 2368 2630 2420 αὐτὸ
2706 2365 2828 2440 εἳπη
2902 2362 3111 2425 δηλαδὴ
3203 2385 3288 2428 τις
3390 2365 3587 2438 στέρξω

1988 2453 2114 2508 αύτό
2183 2477 2196 2489 ·
2265 2455 2314 2508 ἔν
2378 2457 2479 2530 γὰρ
2545 2465 2608 2529 τῇ
2701 2459 2853 2529 φύσει
2926 2456 3114 2508 καθότι
3199 2462 3298 2517 τῆς
3385 2455 3587 2526 φύσεως

1987 2544 2218 2598 ἑνοῠνται
2245 2545 2473 2609 ἃπαντα,
2503 2552 2676 2618 ὥσπερ
2735 2564 2826 2596 και
2881 2544 2949 2604 εἰς
2989 2547 3049 2596 τὸ
3099 2550 3314 2616 σημεῖον
3380 2544 3436 2594 αἱ
3485 2539 3587 2594 ἀπὸ

1985 2641 2082 2696 τῆς
2143 2638 2469 2708 περιφερείας
2515 2633 2606 2686 τού
2659 2632 2850 2686 κύκλου
2919 2636 3158 2706 γραμμαὶ
3221 2631 3590 2706 εἰσερχομεναι

1987 1925 2045 1975 τὸ
2107 1921 2229 1975 ἄλλο
2296 1931 2489 1996 σχῆμα
2544 1927 2681 1976 κατὰ
2733 1929 2921 1998 κρᾶσιν
2977 1941 3067 1974 και
3117 1921 3258 1991 μίξιν
3310 1941 3324 1955 ο

1957 2855 2155 2928 ipsam
2183 2873 2205 2912 ι
2229 2856 2414 2914 altera
2434 2873 2494 2927 p,
2507 2859 2644 2929 post
2667 2855 2921 2929 ipsamk
2953 2854 3140 2912 altera
3168 2871 3227 2926 ᾳ,
3259 2858 3390 2926 post
3413 2853 3611 2925 ipsam

189 2942 383 3000 ﬁcies.
416 2943 714 3008 Quoniam
744 2949 946 3001 autem
959 2945 1289 3002 harmoniae
1303 2946 1848 3018 partiumomnium
1881 2962 1922 3019 ο
1961 2946 2194 3002 [altera
2221 2961 2276 3014 r,
2314 2950 2450 3018 post
2469 2946 2670 3016 ipsam
2700 2961 2760 3001 m
2784 2944 2968 3001 altera
2995 2959 3044 3012 ε,
3075 2947 3210 3018 post
3233 2942 3431 3014 ipsam
3459 2957 3501 2997 η
3531 2940 3613 2997 al-

193 3031 334 3088 cubi
364 3037 612 3105 propter
656 3047 978 3090 numerum
1012 3034 1091 3090 ad
1144 3034 1433 3092 circulum
1492 3035 1849 3105 referuntur,

192 3120 451 3177 circulus
463 3136 606 3177 vero
618 3123 891 3178 omnium
905 3122 1149 3178 aliarum
1162 3122 1484 3193 ﬁgurarum
1496 3130 1586 3181 est
1597 3124 1850 3180 maxime

191 3209 484 3266 naturalis
539 3210 925 3284 maximeque
997 3211 1336 3282 uniformis,
1375 3228 1570 3285 neque
1628 3213 1851 3268 mixtus

191 3303 305 3366 est,
334 3297 442 3354 sed
481 3298 736 3372 simplex
791 3302 848 3356 et
867 3315 940 3355 ex
995 3299 1268 3373 partibus
1305 3316 1429 3357 non
1485 3300 1709 3372 multis,
1761 3305 1850 3358 est

191 3389 444 3444 omnino
469 3403 716 3445 necesse
747 3389 1086 3446 secundum
1131 3405 1478 3460 numerum,
1509 3389 1849 3448 naturalem

187 3475 516 3546 intelligere
538 3477 678 3534 cubi
716 3478 1246 3543 continuationem,
1287 3481 1537 3552 quando
1563 3479 1850 3536 nimirum

188 3565 274 3622 ad
327 3564 529 3621 circuli
585 3566 1095 3622 continuationem
1123 3573 1464 3626 revocatur.

259 3657 314 3712 4.
348 3656 479 3710 1am
505 3670 647 3710 vero
668 3655 1118 3712 consideremus
1158 3656 1338 3712 etiam
1376 3657 1602 3714 cubum
1639 3674 1849 3714 secun-

184 3742 341 3799 dum
366 3743 680 3800 continuas
711 3743 1082 3816 superﬁcies,
1114 3761 1190 3801 an
1220 3744 1373 3818 ipsae
1401 3747 1554 3802 inter
1584 3763 1646 3801 se
1667 3746 1853 3804 conti-

181 3831 548 3888 nuationem
578 3830 869 3901 habeant,
889 3836 946 3888 et
974 3832 1217 3906 qualem
1243 3838 1300 3891 et
1357 3835 1689 3907 quomodo.
1713 3837 1850 3891 Esto

182 3921 374 3992 igitur
411 3936 450 3977 α
483 3920 516 3976 b
537 3935 566 3977 e
594 3921 684 3978 de
707 3921 750 3991 Γ
766 3918 978 3977 cubus.
1006 3922 1252 3978 Uniatur
1282 3923 1627 3995 superﬁcies
1657 3939 1692 3979 ξι
1721 3938 1852 3977 cum

189 4013 472 4082 utraque,
502 4007 782 4082 nempe,b
812 4014 866 4066 et
896 4025 927 4066 c
949 4023 975 4081 ;
1001 4010 1142 4066 item
1179 4011 1221 4066 d
1270 4028 1411 4068 cum
1444 4013 1477 4068 b
1507 4017 1564 4068 et
1593 4028 1624 4068 c
1655 4025 1680 4084 ;
1707 4013 1849 4067 item

189 4115 220 4156 e
252 4115 394 4156 cum
417 4115 454 4155 a
483 4100 515 4155 b
542 4115 574 4156 ο
599 4100 659 4168 d,
692 4100 955 4172 itemque
973 4103 1007 4171 f
1021 4116 1160 4155 cum
1198 4116 1236 4158 a
1277 4102 1308 4158 b
1331 4117 1362 4158 c
1390 4103 1432 4158 d
1459 4118 1508 4159 ε.
1558 4102 1852 4159 Uniuntur

191 4187 378 4258 igitur
413 4187 474 4243 in
497 4187 733 4258 angulis
787 4187 1270 4247 inclinationum.
1321 4190 1475 4247 Situs
1501 4207 1644 4247 vero
1675 4194 1732 4246 et
1757 4205 1854 4245 co-

194 4275 538 4348 pulationes
562 4277 833 4350 ipsarum
853 4293 977 4333 non
1017 4284 1155 4334 sunt
1184 4279 1588 4347 circulares,ut
1613 4297 1750 4336 cum
1774 4280 1852 4335 ad

194 4381 520 4422 numerum
540 4361 730 4422 lineas
769 4365 1220 4439 revocabamus,
1251 4368 1356 4423 sed
1381 4369 1444 4425 in
1473 4369 1728 4439 angulos
1756 4385 1853 4425 re-

195 4453 491 4525 diguntur
554 4457 610 4511 et
655 4454 1071 4511 inclinationes
1121 4455 1365 4513 habent.
1423 4461 1572 4513 Nam
1637 4462 1762 4514 tota
1814 4473 1853 4515 α

193 4558 395 4616 usque
433 4541 511 4599 ad
545 4548 730 4600 totam
764 4543 796 4599 b
821 4543 1120 4616 pertingit,
1143 4551 1201 4601 et
1226 4545 1354 4601 hinc
1385 4562 1572 4620 usque
1635 4546 1714 4602 ad
1763 4552 1852 4604 to-

192 4639 324 4689 tam
355 4633 566 4702 c,item
595 4633 723 4689 haec
754 4649 947 4706 usque
999 4633 1080 4690 ad
1108 4639 1293 4690 totam
1324 4635 1383 4703 ά,
1417 4641 1471 4691 et
1496 4651 1526 4692 ε
1553 4652 1745 4708 usque
1773 4636 1851 4692 ad

191 4725 353 4778 totas
383 4737 421 4778 α
451 4721 484 4776 b
515 4739 546 4778 c
571 4722 630 4793 d,
653 4722 792 4778 item
813 4725 855 4794 Γ
893 4738 1086 4795 usque
1138 4723 1215 4780 ad
1240 4729 1394 4780 totas
1422 4739 1459 4780 a
1497 4725 1529 4780 ὁ
1559 4740 1590 4780 c
1616 4725 1656 4780 d
1689 4740 1738 4782 e.
1770 4727 1852 4781 Ex

191 4825 322 4884 quo
348 4809 692 4880 intelligitur
719 4810 883 4884 ipsas
913 4827 975 4867 se
1003 4811 1154 4868 inter
1187 4798 1257 4868 se.
1288 4818 1550 4884 tangere,
1604 4815 1711 4869 sed
1735 4814 1850 4870 hoc

191 4899 384 4956 modo
404 4895 482 4954 ad
516 4898 867 4956 circularem
923 4901 1378 4957 conversionem
1408 4906 1464 4957 et
1513 4901 1850 4958 naturalem

191 4987 692 5046 communionem
743 5004 866 5044 non
896 4989 1182 5045 revocari.
1210 4991 1491 5046 Secentur
1538 4990 1718 5061 itigur
1752 5007 1849 5046 su-

190 5075 470 5150 perﬁcies
491 5091 597 5148 per
615 5079 802 5132 totam
823 5075 960 5132 cubi
984 5077 1380 5148 altitudinem,
1394 5083 1449 5134 et
1474 5079 1848 5148 colligantur,

195 5163 421 5236 aequali
441 5163 829 5237 proportione
845 5162 1185 5232 observata,
1211 5181 1420 5221 omnes
1437 5168 1712 5222 sectionis
1741 5182 1852 5239 par

193 5258 306 5310 tes.
341 5253 661 5326 Expositus
690 5257 780 5308 est
802 5253 982 5324 igitur
1010 5259 1065 5309 et
1117 5253 1452 5310 substratus
1500 5255 1790 5312 diameter
1813 5270 1852 5311 α

193 5342 318 5416 ipsi
343 5358 393 5410 c,
425 5347 483 5398 et
511 5343 544 5398 ὸ
564 5341 680 5416 ipsi
702 5341 1065 5414 d,eteipsif.
1083 5345 1221 5399 Esto
1247 5341 1424 5413 igitur
1437 5350 1572 5417 post
1591 5347 1783 5416 ipsam
1811 5361 1850 5402 α

195 5431 385 5488 altera
397 5433 458 5499 Ιι,
483 5447 597 5505 pos
620 5431 815 5504 ipsam
839 5448 870 5488 c
891 5433 1078 5488 altera
1089 5433 1147 5502 k,
1168 5439 1307 5504 post
1332 5434 1525 5505 ipsam
1551 5433 1583 5488 ὁ
1605 5433 1789 5490 altera
1805 5435 1847 5500 ί,

192 5525 339 5593 post
364 5520 562 5593 ipsam
591 5523 634 5577 d
660 5519 844 5578 altera
886 5523 927 5588 ι,
956 5536 1068 5593 pos
1088 5521 1285 5594 ipsam
1318 5537 1348 5578 e
1390 5521 1580 5578 altera
1604 5539 1683 5592 m,
1714 5529 1854 5594 post

193 5608 398 5681 ipsam
408 5611 451 5680 f
463 5609 648 5666 altera
667 5625 732 5676 η,
752 5625 961 5666 rursus
989 5613 1127 5682 post.
1143 5611 1344 5682 ipsam
1370 5612 1410 5666 h
1429 5609 1614 5667 altera
1638 5627 1691 5682 ο,
1713 5614 1852 5683 post

1958 3037 2143 3091 terat.
2178 3039 2532 3106 Apponatur
2560 3033 2738 3104 igitur
2765 3034 2901 3106 ipsa
2920 3047 2956 3088 a
2988 3030 3322 3104 superﬁciei
3350 3031 3383 3086 b
3414 3046 3445 3087 c
3465 3045 3490 3086 .'
3521 3044 3611 3086 se-

1958 3133 2124 3179 cetur
2152 3138 2294 3179 vero
2312 3123 2374 3178 in
2405 3121 2686 3178 undecim
2725 3125 2943 3194 partes.
2967 3119 3190 3176 Eodem
3213 3119 3394 3174 modo
3413 3118 3552 3190 ipsa
3569 3118 3612 3174 d

1960 3211 2294 3284 superﬁciei
2314 3226 2352 3268 a
2377 3226 2416 3266 a
2452 3214 2813 3282 apponatur,
2841 3213 2898 3266 et
2923 3207 3293 3280 reliquarum
3330 3206 3613 3280 quaslibet

1959 3299 2145 3356 altera
2175 3299 2338 3356 alteri
2365 3298 2642 3371 apposita
2665 3297 2932 3354 similiter
2970 3302 3201 3354 secetur
3236 3295 3297 3353 in
3324 3295 3610 3352 undecim

1957 3394 2157 3460 partes
2180 3403 2399 3460 nempe
2439 3402 2476 3444 a
2499 3388 2528 3443 b
2567 3404 2598 3444 ι·
2623 3387 2666 3443 d
2688 3402 2718 3444 e
2745 3387 2797 3457 Γ.
2840 3385 3061 3444 Deinde
3092 3387 3133 3443 Ιι
3170 3387 3255 3456 iﬂ
3285 3386 3307 3442 ι
3350 3403 3410 3442 m
3439 3401 3481 3442 η
3511 3400 3608 3441 se-

1959 3483 2168 3534 centur
2194 3478 2254 3533 in
2293 3493 2507 3533 novem
2531 3481 2753 3550 partes.
2797 3478 3106 3533 Postremo
3144 3492 3178 3532 o
3210 3492 3256 3546 ρ
3280 3493 3316 3548 q
3346 3492 3381 3531 γ·
3402 3491 3430 3532 s
3461 3479 3484 3531 ι
3521 3491 3610 3532 se-

1960 3571 2168 3623 centur
2190 3567 2253 3622 in
2283 3570 2510 3638 septem
2535 3571 2735 3630 partes
2765 3581 2836 3622 ac
2874 3564 2949 3621 de
3001 3565 3232 3638 integro
3281 3579 3609 3636 coagmen-

1958 3659 2155 3712 tentur
2173 3655 2318 3728 ipsa;
2343 3659 2542 3726 partes
2574 3653 2730 3711 facto
2751 3653 2917 3711 initio
2939 3670 2977 3710 a
3006 3653 3342 3728 postremis,
3374 3658 3609 3710 contra-

1957 3742 2610 3801 rioetinversoordine.
2645 3743 2654 3815 Ι
2687 3731 2790 3800 o.t.
2826 3743 2836 3814 |
2865 3759 2981 3813 με.
3014 3742 3024 3815 |
3067 3758 3188 3813 μγ.
3222 3743 3232 3812 |
3276 3743 3402 3800 h.n.
3438 3743 3448 3815 Ι
3479 3743 3606 3799 {.m.

1987 3833 1998 3906 Ι
2067 3832 2126 3888 Ιι.
2171 3834 2193 3889 ι
2249 3834 2260 3902 1
2316 3847 2449 3888 a.c.
2506 3847 2517 3902 |
2579 3831 2723 3902 b,d.
2782 3831 2792 3904 |
2842 3847 2890 3888 e.
2913 3833 3276 3904 f.—Atque
3303 3830 3388 3887 ita
3415 3830 3607 3886 cubus

1959 3928 2154 3978 sectus
2225 3921 2530 3978 restitutus
2567 3926 2672 3978 est.
2717 3923 2864 3978 Cum
2902 3921 3080 3993 igitur
3113 3925 3368 3986 secatur,
3418 3919 3611 3976 cubus

1958 4011 2268 4083 reperitur,
2283 4015 2488 4066 etcum
2501 4009 2881 4082 componitur
2890 4015 2948 4065 et
2968 4012 3442 4080 ooagmentatur,
3471 4023 3605 4064 rur-

1961 4117 2063 4157 sus
2077 4099 2268 4155 cubus
2280 4099 2588 4170 reperitur.
2612 4101 2730 4155 Uta
2743 4097 2776 4153 b
2791 4098 2874 4154 σά
2883 4114 2914 4155 ι·
2923 4100 2953 4168 f
2970 4113 3032 4153 se
3060 4097 3245 4154 habet
3254 4096 3332 4152 ad
3351 4097 3391 4153 h
3407 4097 3464 4152 il
3473 4113 3530 4152 m
3542 4112 3606 4167 η,

1962 4189 2047 4245 sic
2073 4188 2109 4242 h
2139 4189 2162 4244 ί
2187 4189 2225 4244 k
2256 4188 2350 4243 lm
2372 4204 2412 4243 η
2430 4187 2508 4243 ad
2530 4203 2562 4243 ο
2582 4187 2614 4242 b
2640 4204 2677 4258 q
2697 4203 2731 4243 ν
2759 4192 2846 4242 st:
2875 4186 2960 4242 sic
2985 4191 3050 4243 ut
3077 4185 3263 4242 altera
3282 4200 3424 4258 pars
3445 4183 3610 4241 alieri

1880 4315 1923 4366 D
1962 4295 2099 4334 cum
2121 4276 2506 4366 proportione
2531 4275 2798 4366 excellat.
2824 4276 2995 4342 Quod
3009 4274 3275 4366 siquisin
3290 4274 3494 4366 plures
3517 4290 3608 4330 se-

1962 4370 2188 4421 ctiones
2217 4364 2615 4424 autminores.
2631 4365 2955 4420 observata
2965 4363 3180 4420 eadem
3197 4358 3606 4434 proportione,

1961 4453 2187 4512 cubum
2226 4468 2426 4508 secare
2455 4452 2842 4509 incontinuas
2884 4453 3232 4526 superﬁcies
3269 4449 3608 4518 conabitur,

1959 4543 2055 4600 hic
2074 4541 2291 4598 ilsdem
2322 4541 2568 4613 repertis
2593 4559 2606 4609 ;
2629 4539 2834 4613 ipsum
2864 4541 3015 4598 sinet
3053 4557 3182 4597 esse
3221 4539 3464 4596 cubum.

2034 4637 2084 4688 5.
2117 4629 2508 4687 Probavimus
2536 4629 2737 4700 igitur,
2769 4634 2834 4685 ut
2857 4630 3190 4702 oportebat,
3221 4627 3285 4682 in
3315 4627 3470 4682 cubo
3496 4625 3608 4681 du-

1959 4721 2176 4794 plicem
2197 4736 2328 4776 esse
2349 4719 2881 4787 continuationem,
2921 4718 3266 4774 circularem
3305 4731 3512 4778 unam,
3553 4717 3608 4770 et

1960 4810 2211 4866 alteram
2238 4809 2628 4865 hexaedram.
2653 4811 2790 4863 Esto
2815 4807 2994 4876 igitur
3024 4804 3309 4862 naturalis
3346 4802 3446 4858 illa
3470 4817 3606 4874 quas

1959 4905 2051 4956 est
2069 4899 2373 4955 circularis
2399 4903 2456 4954 et
2479 4893 2890 4962 numerabilis,
2918 4901 2978 4950 at
3005 4893 3104 4949 illa
3119 4909 3256 4966 quas
3282 4895 3369 4948 est
3399 4905 3607 4946 secun-

1959 4989 2108 5045 dum
2133 4987 2314 5045 aliam
2343 4989 2603 5056 ﬁguram
2627 4989 2753 5040 esto
2783 4982 3151 5039 continuatio
3180 4983 3609 5052 coagmentata

1959 5081 2016 5133 et
2037 5076 2238 5132 mixta.
2272 5079 2420 5132 Nam
2441 5072 2900 5145 temperationes
2921 5075 3060 5128 sunt
3085 5070 3304 5126 mixtas.
3330 5072 3509 5126 Porro
3537 5067 3604 5124 ﬁ-

1959 5180 2122 5236 gurae
2147 5162 2381 5234 angulis
2431 5160 2695 5232 praeditas
2735 5159 3037 5215 mixtionis
3072 5158 3296 5216 habent
3321 5157 3604 5230 speciem.

1960 5251 2367 5320 Quamobrem
2404 5249 2601 5318 ﬁgura
2639 5248 2868 5320 cubica,
2911 5253 3210 5320 quatenus
3250 5251 3337 5304 est
3367 5245 3602 5318 angulis

1957 5343 2226 5416 praedita,
2261 5344 2352 5396 est
2367 5338 2573 5394 mixta.
2599 5337 2768 5403 Quod
2790 5338 2838 5392 si
2863 5337 3000 5412 quis
3017 5337 3177 5394 dicat
3195 5342 3252 5393 et
3279 5337 3394 5392 hoc
3421 5341 3478 5392 et
3497 5335 3606 5391 cir-

1959 5432 2162 5488 culum
2191 5446 2318 5486 esse
2337 5433 2584 5492 naturae,
2610 5427 2866 5500 ideoque
2887 5427 3039 5483 inter
3055 5443 3116 5483 se
3137 5425 3603 5488 communicare,

1958 5529 2080 5578 non
2092 5520 2360 5592 rejiciam
2379 5515 2617 5587 ;namin
2630 5521 2845 5572 natura
2871 5520 2935 5572 ut
2956 5520 3094 5571 sunt
3114 5520 3363 5582 naturre,
3391 5515 3604 5568 uniun-

1958 5615 2054 5666 tur
2081 5609 2308 5679 omnia,
2347 5604 2868 5679 quemadmodum
2891 5606 2954 5661 in
2980 5603 3200 5660 circulo
3228 5613 3440 5660 omnes
3467 5615 3604 5672 quae
