4042 6214
542 217 677 273 1275

564 342 649 395 Δεῖ
720 344 846 413 γοῦν
907 337 1042 394 κατά
1098 338 1314 403 τούτους
1362 338 1481 400 τούς
1525 335 1712 410 λόγους
1760 339 1890 387 νοεῖν
1940 332 2017 387 ὅτι
2068 352 2158 386 και

563 434 712 486 πᾶσα
759 435 949 504 κρᾶσις
996 430 1150 490 οὕτως
1208 429 1321 501 ἔχει
1382 431 1511 501 πρὸς
1550 431 1645 487 τὴν
1703 428 1856 500 φύσιν
1936 431 2157 499 μερικῶς

564 521 643 574 ὅτι
693 523 853 594 μικτὴ
891 540 903 553 ·
937 521 966 579 ἠ
1016 521 1166 592 φύσις
1194 520 1295 592 γὰρ
1339 520 1543 571 πάντων
1588 522 1979 591 κατηγορεῖται,
2035 520 2158 588 κρᾶσ

567 628 647 671 σις
669 605 727 662 δέ
748 605 1005 670 ἐνοειδοῦς
1030 610 1229 681 φύσεως
1260 607 1442 662 τώποτ’
1482 608 1543 660 ἄν
1593 605 1931 680 κατηγορηθῇ
1970 622 1982 637 ·
2026 603 2159 657 ἑστω

562 699 663 773 γὰρ
696 694 1000 766 ἀδιόριστος
1052 699 1082 757 ἡ
1109 717 1162 767 α,
1188 694 1535 771 διωρισμέναι
1562 692 1621 751 δὲ
1650 715 1708 768 γε
1750 697 1779 756 ἠ
1813 693 1903 768 βγ
1970 690 2005 747 ὃ
2069 712 2159 746 και

562 784 637 861 ἐφ’
667 785 779 849 ἑξῆς
803 791 972 839 πᾶσαι
1010 806 1022 820 ·
1060 787 1090 845 ἠ
1123 793 1249 858 γοῦν
1303 782 1610 865 ἀδιόριστος
1670 804 1703 839 α
1760 782 1936 836 οὔποτ’
1989 780 2048 834 ἂν
2091 789 2153 854 τῇ

564 874 670 951 βσγ
725 870 760 930 δ
821 872 981 929 δώσει
1028 880 1315 950 γνώμονας,
1366 876 1522 931 αὗται
1573 871 1632 929 δὲ
1699 873 2159 946 γνωματεύσουσιν

563 964 766 1025 αὐτὴνο
816 970 973 1019 παντὶ
1023 968 1123 1042 γὰρ
1181 970 1429 1040 σχήματι
1484 966 1896 1039 γνωματευμένω
1953 966 1978 1015 ό
2031 966 2159 1035 γνώ-

562 1076 670 1130 μων
690 1059 1027 1131 περιέχεται*
1075 1054 1125 1109 ἐν
1165 1054 1305 1128 αύτῷ
1352 1059 1521 1130 τὲμνει
1562 1057 1662 1129 γὰρ
1730 1073 1821 1107 και
1879 1049 2156 1127 διακρίνει.

560 1145 619 1202 Ἠ
666 1148 821 1219 φύσις
862 1147 965 1219 ἄρα
991 1148 1481 1221 κατηγορηθήσεται
1531 1148 1705 1205 πάσης
1758 1145 2012 1217 κράσεως,
2070 1162 2161 1195 και

563 1232 766 1299 δέξεται
794 1234 999 1291 ἅπαντα
1022 1238 1089 1289 τὰ
1124 1238 1260 1289 κατά
1314 1242 1503 1314 κρᾶσιν
1556 1237 1859 1289 καθέκαστα
1904 1252 1994 1285 και
2042 1230 2162 1283 ἀνά-

564 1324 637 1389 ξει
681 1327 811 1401 πρὸς
887 1324 1071 1384 ἑαυτὴν
1131 1326 1199 1389 ὡς
1250 1332 1423 1401 μήτηρ
1482 1325 1669 1380 αὐτῶν.
1722 1323 1881 1394 Ἔχει
1935 1324 2024 1395 μὲν
2073 1317 2160 1374 οὖν

560 1421 726 1470 ταῦτα
789 1413 954 1478 οὓτως
1012 1435 1103 1469 και
1166 1418 1334 1479 καθὼς
1396 1418 1617 1491 εἴρηται.
1692 1416 2003 1489 Εὑρίσκεται
2078 1406 2158 1477 δὲ,

562 1504 735 1578 ὥσπερ
764 1505 986 1577 εἴπομεν,
1030 1504 1077 1557 ἕν
1107 1512 1169 1564 τῆ
1198 1507 1382 1581 κράσει
1410 1524 1500 1558 και
1572 1512 1635 1577 τῇ
1690 1506 1841 1576 φύσει
1896 1521 1983 1555 και
2033 1500 2163 1554 ἄλλα

562 1595 697 1659 τινὰ,
765 1592 799 1645 ἃ
872 1593 986 1647 καθ’
1044 1595 1080 1646 ἄ
1129 1602 1384 1648 κοινωνεῖν
1452 1598 1715 1667 φαίνονται
1790 1595 1981 1664 ὁμοίως
2072 1610 2161 1643 και

565 1679 985 1754 διαστὶλλεσθαι,
1007 1682 1141 1737 ὣστε
1168 1692 1261 1738 ποῖ
1285 1687 1374 1756 μὲν
1406 1683 1652 1754 ἐνοῦνται,
1678 1689 1769 1737 ποῖ
1797 1678 1856 1735 δὲ
1917 1676 2161 1733 διαστέλ-

562 1770 756 1828 λονται.
791 1776 1009 1848 Πότερον
1044 1771 1130 1826 οὖν
1185 1775 1363 1848 εὑρέθη
1437 1793 1528 1825 και
1579 1772 1695 1826 καθ’
1754 1773 1921 1843 ἕτερον
1973 1773 2160 1846 τρόπον

563 1862 593 1920 ἡ
628 1868 725 1913 τῶν
751 1862 986 1934 κράσεων
1038 1865 1169 1939 πρὸς
1218 1866 1317 1922 τὴν
1370 1863 1523 1936 φύσιν
1581 1865 1725 1921 κοινή
1769 1863 1949 1921 ἓνωσις
1997 1878 2087 1913 και
2127 1860 2157 1917 ἡ

565 1946 681 2005 ἰδία
715 1947 980 2025 διάκρισις
1004 1948 1109 2005 οἷον
1141 1954 1204 2014 ὡς
1230 1950 1314 2006 ἐπὶ
1334 1960 1432 2005 τῶν
1461 1950 1692 2027 ἀριθμῶν
1734 1967 1749 2019 ;
1793 1952 1862 2003 Τὸ
1911 1950 2012 2023 γὰρ
2060 1954 2160 2000 τῶν

562 2037 794 2116 ἀριθμῶν
831 2043 987 2114 χύμα
1040 2046 1183 2114 πηγὴ
1235 2040 1491 2115 ἕγγίστων
1548 2039 1687 2094 ἕστίν
1755 2058 1768 2075 ·
1822 2038 2045 2112 ἔγγιστα
2103 2033 2163 2090 δὲ

558 2128 700 2185 καλῶ
728 2131 821 2196 τάς
847 2133 1057 2206 κράσεις
1086 2151 1176 2185 και
1198 2132 1262 2184 τὰ
1287 2133 1589 2185 καθέκαστα
1617 2151 1629 2165 ·
1680 2128 1907 2202 πηγάζει
1958 2130 2060 2201 γὰρ
2109 2124 2162 2189 ἐξ

558 2218 719 2275 αύτοῡ
749 2218 814 2273 τά
841 2222 1065 2295 ἔγγιστα
1088 2242 1101 2255 ’
1134 2222 1201 2274 τὰ
1230 2216 1290 2275 δέ
1318 2223 1538 2293 ἔγγιστα
1556 2222 1681 2296 πρὸς
1728 2218 1885 2273 ἑαυτά
1935 2217 2161 2291 συστρέ-

558 2328 739 2382 φονται
793 2330 883 2363 και
940 2306 1296 2386 διακέκρινται
1352 2313 1419 2374 ὡς
1463 2312 1552 2384 μὲν
1628 2308 1685 2363 ἐκ
1782 2314 1874 2363 τοῦ
1958 2310 2159 2380 γένους,

557 2400 622 2461 ὡς
681 2396 733 2454 δ’
790 2400 1019 2456 ἐνούνται
1088 2404 1225 2456 κοιτά
1278 2404 1371 2462 τὴν
1428 2405 1623 2476 φυσική
1682 2400 1755 2465 εἰς
1808 2398 1965 2454 ἐκεῖνο
2043 2396 2161 2451 ἀνα·

556 2492 751 2561 reviv-

629 2581 703 2650 ς”ο
740 2582 1023 2640 Ἐκκείσθω
1088 2586 1259 2640 τοίνυν
1306 2584 1366 2638 τὸ
1430 2584 1585 2656 χύμα
1634 2589 1733 2635 τῶν
1784 2578 2036 2657 ἀριθμῶν.
2085 2578 2164 2631 Τά

530 2777 567 2818 a
594 2758 1072 2818 circumferentia
1091 2760 1151 2818 in
1168 2764 1463 2835 punctum
1475 2758 1984 2817 ducunturlineee.
2011 2755 2179 2812 Intel-

526 2848 840 2920 ligendum
867 2854 957 2907 est
982 2850 1161 2922 igitur
1191 2866 1259 2908 ex
1296 2850 1390 2907 his
1437 2866 1572 2924 quae
1611 2848 1892 2915 diximus,
1933 2860 2179 2903 omnem

527 2939 1020 3012 temperationem
1042 2940 1123 2997 ita
1153 2956 1214 2997 se
1252 2939 1475 2997 habere
1515 2939 1593 2997 ad
1630 2942 1934 3007 naturam,
1962 2950 2180 3008 nempe

526 3029 976 3102 particulariter,
1001 3030 1144 3103 quia
1156 3034 1244 3088 est
1258 3030 1462 3086 mixta.
1481 3033 1630 3087 Nam
1659 3032 1876 3085 natura
1894 3025 1967 3083 de
1990 3025 2183 3082 omni-

526 3120 641 3177 bus
664 3119 896 3178 dicitur.
948 3124 1021 3177 At
1072 3121 1421 3194 temperatio
1490 3121 1564 3177 de
1603 3123 1820 3176 natura
1865 3131 2182 3189 nunquam

532 3211 808 3267 universe
828 3210 1077 3268 dicetur.
1147 3214 1285 3267 Esto
1350 3211 1512 3268 enim
1554 3208 1862 3265 indeﬁnita
1925 3205 2181 3279 superﬁ-

528 3300 647 3356 cies
683 3315 743 3369 α,
808 3300 1069 3357 deﬁnitae
1133 3316 1275 3357 vero
1308 3300 1341 3356 b
1403 3300 1522 3366 cd,
1583 3303 1740 3354 certe
1809 3296 2183 3353 indeﬁnitaa

526 3404 842 3464 nunquam
873 3389 1041 3446 dabit
1056 3404 1396 3460 gnomonas
1421 3387 1681 3445 deﬁnitis
1727 3388 1759 3444 ὁ
1785 3403 1815 3444 c
1836 3387 1895 3442 d.
1917 3388 2013 3442 Hae
2040 3401 2183 3441 vero

527 3477 609 3534 illi
634 3494 972 3549 gnomonas
1002 3480 1403 3552 suppeditant.
1423 3482 1573 3535 Nam
1599 3476 1794 3534 omnis
1814 3476 2010 3546 ﬁgura
2039 3489 2184 3545 gno-

532 3584 712 3625 mone
734 3569 988 3642 praedita
1046 3584 1415 3639 gnomonem
1445 3568 1505 3624 in
1559 3584 1621 3625 se
1687 3566 1948 3623 continet
1995 3567 2184 3633 ;secat

529 3658 689 3714 enim
743 3661 801 3714 et
861 3656 1169 3729 distinguit
1253 3672 1539 3728 gnomon.
1606 3658 1798 3723 Quare
1859 3658 2076 3711 natura
2106 3652 2182 3710 de

529 3745 696 3803 omni
753 3744 1185 3817 temperatione
1242 3746 1489 3815 dicetur,
1539 3749 1595 3802 et
1643 3743 1922 3817 suscipiet
1979 3739 2184 3797 omnia

530 3833 865 3891 secundum
898 3835 1391 3907 temperationem
1423 3834 1770 3906 singularia,
1805 3836 1862 3905 et
1880 3827 2184 3887 revocabit

529 3922 609 3982 ad
636 3939 698 3981 se
718 3929 1010 3998 tanquam
1040 3928 1232 3982 mater
1270 3924 1529 3981 illorum.
1550 3925 1636 3981 Ita
1658 3928 1749 3979 est
1780 3922 1955 3993 igitur
1974 3935 2183 3993 quem-

530 4013 863 4072 admodum
882 4013 1106 4070 dictum
1122 4018 1208 4071 est
1225 4014 1337 4072 Sed
1354 4015 1731 4089 reperiuntur
1747 4012 1946 4080 etiam,
1972 4026 2183 4084 quem-

530 4104 863 4162 admodum
893 4103 1153 4161 diximus
1177 4102 1294 4161 alia
1324 4104 1609 4177 quaedam
1648 4118 1784 4177 quas
1810 4118 1935 4178 qua
1955 4101 2185 4157 ratione

532 4196 985 4251 communicant
1011 4194 1163 4251 inter
1187 4210 1247 4251 se
1269 4194 1482 4251 eadem
1514 4194 1692 4250 etiam
1752 4193 2029 4253 videntur
2060 4191 2186 4247 dis-

530 4282 739 4353 tingui.
794 4284 987 4349 Quare
1044 4283 1145 4340 illo
1198 4283 1382 4340 modo
1439 4283 1746 4351 uniuntur,
1792 4282 1907 4339 hoc
1983 4285 2185 4337 autem

532 4371 716 4430 modo
747 4371 1216 4443 distinguuntur.
1234 4373 1630 4444 Utrumigitur
1657 4376 1891 4444 reperta
1904 4370 2185 4427 estetiam

534 4460 870 4520 secundum
914 4461 1167 4519 alterum
1222 4465 1473 4521 modum
1517 4462 1856 4519 communis
1902 4459 2184 4534 quaedam

533 4552 1029 4625 temperationum
1053 4568 1190 4609 cum
1212 4557 1427 4610 natura
1485 4551 1806 4625 copulatio,
1838 4555 1894 4607 et
1942 4550 2184 4623 propria

532 4643 708 4699 etiam
750 4642 1048 4700 distinctio
1075 4646 1138 4698 ut
1159 4642 1219 4698 in
1246 4642 1513 4699 numeris
1545 4641 1572 4697 ‘I
1598 4645 1746 4698 Nam
1792 4655 2183 4697 numerorum

529 4730 755 4789 ﬂumen
789 4732 922 4789 fons
953 4736 1043 4788 est
1082 4731 1498 4806 proximorum
1532 4749 1544 4787 :
1595 4729 1874 4804 proxima
1894 4744 2030 4785 vero
2071 4744 2182 4802 ap-

530 4822 686 4893 pello
717 4822 1179 4895 temperationes
1210 4826 1266 4878 et
1318 4820 1661 4892 singularia.
1707 4823 1999 4877 Numerus
2024 4820 2183 4876 enim

531 4928 600 4966 ex
630 4913 824 4987 seipso
856 4913 1108 4970 effundit
1152 4913 1448 4987 proxima.
1502 4912 1776 4968 Proxima
1831 4926 1973 4967 vero
1997 4910 2057 4966 in
2120 4925 2184 4966 se

530 4999 680 5055 inter
709 5018 770 5057 se
793 5003 1237 5076 reciprocantur
1264 5007 1321 5061 et
1376 5003 1842 5075 distinguuntur-
1864 5006 1947 5058 Ac
1970 5000 2186 5058 distin-

535 5093 797 5158 guuntur
815 5091 1060 5165 quidem
1091 5093 1234 5165 quia
1262 5110 1333 5150 ex
1388 5109 1602 5165 genere
1646 5096 1917 5159 manant,
1974 5094 2186 5153 uniun-

532 5179 785 5235 turvero
815 5181 1150 5239 secundum
1215 5183 1552 5241 naturalem
1607 5183 1685 5240 ad
1740 5181 1889 5239 illud
1937 5199 2183 5243 revoca«

534 5266 783 5325 tionem.

603 5361 653 5413 6.
688 5362 1029 5430 Exponatur
1069 5360 1247 5433 igitur
1291 5363 1519 5418 ﬂumen
1578 5378 1992 5420 numerorum.
2029 5364 2187 5430 Qua-

531 5452 665 5506 tuor
689 5452 969 5508 autemet
999 5451 1205 5523 viginti
1224 5451 1517 5507 elementa
1566 5452 1682 5509 sint
1741 5452 1891 5508 illud
1934 5452 2185 5513 ﬂumen.

531 5540 896 5613 Reputentur
916 5543 981 5599 ut
1023 5540 1277 5599 inﬁnita.
1316 5539 1597 5597 Secentur
1627 5539 1807 5612 igitur
1830 5540 1941 5602 tria
1984 5557 2023 5601 a
2047 5545 2080 5599 b
2132 5560 2184 5603 ε.

2043 204 2389 267 ADDENDA

3741 219 3839 279 1276

2214 335 2263 392 Α.
2322 336 2725 416 εἰκοσιτέσσαρα
2818 347 3064 413 στοιχεῖα
3125 340 3503 413 νομιζέσθωσαν
3563 343 3621 405 ὣς
3667 344 3825 419 ἄπειρα,

2322 430 2686 501 Τμηθάτωσαν
2707 436 2832 504 γοῦν
2873 433 2940 485 τὰ
2956 434 3081 507 τρία
3106 433 3165 483 τὸ
3194 450 3227 483 α
3257 429 3292 503 β
3319 452 3377 503 γ,
3426 432 3484 484 Εἰ
3523 433 3598 503 μὲν
3644 430 3713 485 οὖν
3764 456 3831 489 κα-

2324 519 2435 573 θὸτι
2466 540 2500 572 α
2531 518 2621 593 βγ
2652 527 2868 578 κεῖνται.
2908 528 3225 594 χυματικῶς
3252 528 3319 591 τῷ
3363 528 3569 593 φυσικῷ,
3603 542 3678 574 και
3714 524 3832 577 παὶιν

2320 615 2420 663 τῶν
2452 607 2683 684 ἀριθμῶν
2712 609 2941 664 ἐνοῦνται
2971 610 3180 685 κύματι
3204 629 3292 662 και
3322 609 3413 663 οὐκ
3466 610 3583 665 εἰσὶν
3607 614 3797 683 ἓγγιστον
3822 636 3831 647 ·

2322 696 2365 751 εἰ
2395 692 2455 752 δέ
2483 700 2541 750 τὸ
2574 718 2608 750 α
2633 697 2690 771 β,
2722 706 2815 756 ποῖ
2837 702 2927 775 μὲν
2950 700 3007 752 τὸ
3045 719 3098 765 α,
3138 718 3227 751 και
3253 705 3343 751 ποῖ
3386 699 3441 751 τὸ
3498 718 3546 770 7,
3598 718 3675 750 και
3725 697 3835 763 αὖθις

2319 788 2379 841 τὸ
2409 808 2442 858 7
2469 794 2562 841 ποῖ
2587 790 2676 861 μὶν
2706 791 2765 843 τὸ
2800 786 2856 862 β,
2890 808 2979 841 και
3010 795 3102 841 ποῖ
3131 791 3189 841 τὸ
3246 807 3296 859 α,
3359 788 3731 860 σχηματισθῶσι
3771 809 3836 841 και

2322 874 2584 931 ἓκκοπῶσι
2608 884 2700 930 τοῦ
2726 886 2824 931 τῶν
2883 876 3111 952 ἀριθμῶν
3160 880 3413 950 χύματος,
3465 895 3549 928 και
3597 882 3836 947 ’γενήσονται

2321 971 2571 1041 τρίγωνος
2595 964 2836 1028 ἐπίπεδος
2859 966 3101 1041 ἀριθμὸς,
3134 968 3377 1029 ὡσαύτως
3414 985 3500 1018 και
3550 967 3610 1017 τὰ
3663 969 3839 1038 τέσσαρα

2322 1076 2413 1112 και
2474 1057 2624 1120 ἄλλος
2672 1064 2770 1119 πᾶς
2832 1057 3047 1133 ἀριθμὸς
3103 1059 3294 1112 ὀπὸταν
3359 1055 3543 1129 ἐκκοπῇ
3589 1064 3674 1107 τῶν
3713 1054 3837 1107 ἁπλῶν

2321 1167 2411 1200 και
2440 1155 2668 1220 φυσικῶν
2708 1146 2939 1221 ἀριθμῶν
2993 1150 3057 1209 ὡς
3110 1149 3429 1200 καθέκαστόν
3486 1164 3537 1198 τε
3578 1164 3656 1196 και
3700 1150 3840 1218 κρᾶσις

2322 1237 2889 1309 κηθήσεταιέγγιστον·
2946 1236 3310 1309 ἀναχθήσεται
3365 1231 3422 1288 δὲ
3470 1233 3536 1296 ὡς
3578 1231 3685 1305 ἕχον
3729 1236 3840 1305 μονά-

2325 1321 2425 1389 δας
2454 1325 2525 1388 εἰς
2560 1328 2619 1378 τὸ
2650 1328 2806 1400 χύμα
2847 1334 2946 1380 τῶν
2989 1324 3245 1399 ἀριθμῶν,
3296 1320 3679 1399 διακριθήσεται
3720 1317 3765 1373 δέ
3804 1320 3840 1372 ἐκ

2322 1422 2413 1468 τοῦ
2452 1417 2694 1488 χύματος
2729 1435 2819 1469 και
2858 1414 2914 1468 ἐκ
2961 1422 3061 1469 τῶν
3110 1414 3274 1467 ἄλλων
3331 1413 3608 1486 σχημάτπν
3648 1413 3708 1473 ὡς
3738 1415 3842 1483 στρέ-

2324 1525 2414 1579 φον
2464 1507 2531 1558 τά
2581 1501 2753 1559 οἰδεῖα
2795 1507 2842 1559 ἓν
2907 1504 3071 1576 ἑαυτῷ
3111 1508 3242 1580 μέρη
3299 1523 3390 1556 και
3429 1502 3623 1575 enitor
3668 1502 3843 1575 θάτερον-

2327 1596 2521 1667 θατέρῳ
2580 1594 2697 1648 καθ’
2757 1596 2957 1651 ἔνὼσιν.
3025 1592 3180 1648 Ἐστι
3233 1589 3292 1646 δὲ
3347 1611 3436 1645 και
3485 1598 3589 1651 τοῖς
3645 1587 3845 1660 Enimn;

2326 1687 2511 1755 σχέσις
2541 1680 2673 1750 ἰδία,
2703 1684 2880 1737 οὔποτ’
2913 1683 2971 1736 ἆν
3000 1679 3059 1737 δὲ
3096 1702 3231 1737 πασι
3277 1683 3449 1735 πάντα
3499 1679 3697 1734 ἑνῶσθαι
3729 1681 3844 1747 πέφν-

2322 1791 2426 1842 κεν,
2468 1772 2511 1827 εἰ
2534 1776 2606 1845 μὴ
2642 1772 2708 1833 εἰς
2733 1777 2826 1832 τὴν
2846 1777 3056 1849 πρώτην
3106 1770 3300 1830 ἐκείνην
3356 1773 3581 1843 πηγαίαν
3635 1765 3848 1838 ἀναχθῶσι

2321 1869 2415 1916 τοῦ
2444 1864 2705 1935 κύματος,
2738 1862 2966 1915 ἐνοῦνται
3000 1858 3059 1915 δὲ
3087 1881 3177 1914 και
3220 1868 3445 1935 μερικῶς
3492 1854 3591 1913 οἷον
3643 1857 3668 1915 ἠ
3716 1857 3846 1929 τετρὰς

2324 1950 2396 2014 εἰς
2422 1955 2514 2010 τὴν
2542 1948 2929 2015 ἐξακαιδεκαδα
2986 1971 3001 1987 ο
3061 1954 3092 2004 ὅ
3138 1953 3239 2024 γὰρ
3296 1949 3371 2012 εἰς
3412 1945 3563 2001 κύϐον
3619 1944 3846 2019 στιριωθιὶς

2324 2038 2544 2117 ἀριθμός
2586 2038 2839 2115 τετράδας
2904 2040 3040 2117 φέρει
3087 2038 3161 2113 ἐφ’
3198 2041 3462 2115 ἑκατέροις
3522 2042 3621 2097 τοῖς
3661 2038 3847 2108 μέρεσιν

2324 2131 2352 2189 ἡ
2405 2131 2553 2205 τριὰς
2599 2130 2667 2192 iis
2716 2135 2805 2189 τὴν
2845 2132 3125 2205 τριάκοντα
3172 2125 3428 2195 πεντάδα,
3475 2128 3531 2180 τὸ
3570 2128 3658 2199 γὰρ
3708 2125 3849 2181 ταύτης

2324 2215 2610 2275 ἐπίπεδονό
2641 2216 3032 2284 πεντεκαίδεκα,
3082 2239 3173 2275 και
3225 2222 3283 2272 τὸ
3332 2214 3629 2291 ὑπερϐαῖνον
3671 2214 3692 2264 ὁ
3742 2206 3847 2273 δέκα,

2323 2328 2413 2362 και
2440 2311 2496 2361 τὸ
2528 2309 2654 2384 ὑπὲρ
2678 2311 2873 2364 τούτων
2900 2311 2926 2364 ὁ
2959 2308 3030 2376 ἓξ,
3071 2328 3161 2366 και
3214 2311 3273 2362 τὸ
3332 2308 3521 2361 ἄνωθεν
3557 2307 3580 2356 ὁ
3624 2304 3742 2378 τρία,
3790 2316 3849 2348 και

2324 2400 2353 2459 ἡ
2387 2399 2545 2470 μονὰς
2575 2399 2733 2472 ἄκρον
2789 2419 2879 2452 και
2926 2404 3149 2474 κορυφή.
3214 2398 3271 2451 Ὀ
3317 2401 3408 2471 μὲν
3474 2393 3556 2449 οὖν
3603 2390 3849 2466 ἰἐτροίἹωνθς

2325 2486 2392 2549 εἰς
2417 2491 2503 2540 τὸν
2526 2487 2682 2542 κύϐον
2711 2498 2968 2561 σχετικῶς
3021 2489 3254 2563 ἑνωθῇ,ὁ
3316 2485 3377 2542 δὲ
3420 2491 3656 2561 τρίγωνος
3699 2479 3753 2541 εἷς
3790 2480 3848 2527 τάν

2323 2574 2735 2654 πυραμοειδῆ,ὁ
2790 2576 2849 2633 δὲ
2904 2577 3149 2643 κυκλικὸς
3203 2578 3272 2642 εἰς
3324 2580 3413 2631 τὸν
3455 2567 3749 2651 σφαιροειδῆ,
3789 2583 3849 2618 και

2293 2755 2350 2814 Si
2396 2755 2576 2827 igitur
2630 2756 3080 2815 considerentur
3125 2756 3208 2815 ab
3236 2772 3266 2813 c
3320 2760 3388 2814 ut
3439 2753 3627 2829 posita
3677 2748 3793 2805 sicut
3824 2742 3862 2799 in

2291 2844 2455 2903 ﬂuxa
2506 2845 2606 2903 illa
2660 2846 3124 2913 continuatione,
3181 2844 3476 2903 uniuntur
3516 2836 3809 2900 naturaliter
3828 2834 3863 2886 et

2223 2948 2263 3005 ί]
2290 2950 2498 2991 rursus
2529 2936 2605 2993 ad
2634 2951 3029 2993 numerorum
3072 2937 3296 2993 ﬂumen
3360 2935 3709 2992 revocantur,
3730 2930 3863 2982 etnon

2291 3030 2433 3082 sunt
2458 3025 2804 3099 proximum
2840 3026 3007 3099 quid.
3069 3028 3140 3083 At
3202 3026 3251 3082 si
3302 3040 3344 3082 a
3381 3020 3743 3096 assumpserit
3775 3029 3861 3087 par-

2292 3116 2397 3172 tim
2434 3116 2467 3171 b
2520 3120 2737 3189 partim
2791 3116 2970 3174 etiam
3023 3132 3074 3184 c,
3115 3120 3171 3174 et
3226 3133 3439 3174 rursus
3482 3116 3595 3172 sic
3647 3123 3857 3179 assump-

2292 3206 2666 3279 seritpartim
2696 3206 2941 3278 quidem
2984 3208 3037 3271 b,
3062 3208 3284 3280 partim
3325 3208 3507 3265 etiam
3544 3221 3578 3262 a
3621 3209 3767 3276 atque
3787 3199 3862 3255 hoc

2290 3295 2473 3352 modo
2495 3296 2556 3351 in
2607 3294 2868 3366 ﬁguram
2918 3296 3268 3368 redigantur
3309 3303 3370 3354 et
3420 3297 3775 3367 decerpantur
3814 3285 3861 3341 de

2290 3401 2685 3443 numerorum
2738 3386 2986 3458 perenni
3065 3386 3337 3455 ﬂumine,
3393 3391 3563 3444 erunt
3606 3377 3859 3449 triangulus

2288 3474 2506 3548 planus
2552 3490 2859 3531 numerus.
2912 3475 3133 3532 Eodem
3171 3476 3360 3533 modo
3417 3478 3663 3549 quatuor
3711 3473 3757 3526 et
3793 3462 3861 3536 qui

2289 3563 2436 3623 libet
2486 3563 2638 3620 alius
2683 3579 2973 3620 numerus
3028 3581 3166 3621 cum
3220 3566 3460 3621 excisus
3500 3562 3662 3620 fuerit
3710 3554 3859 3615 abab-

2291 3653 2498 3709 solutis
2523 3657 2579 3709 et
2612 3652 2991 3710 naturalibus
3029 3653 3320 3721 numeris,
3368 3651 3735 3728 appellabitur
3769 3657 3858 3717 pro.

2287 3743 2522 3800 ximum
2544 3742 2712 3817 quid,
2732 3744 3360 3815 nimirum‘singulare
3412 3749 3469 3802 et
3515 3738 3857 3814 temperatione

2289 3834 2627 3907 praeditum.
2668 3835 3060 3891 Revocabitur
3108 3840 3309 3892 autem
3340 3835 3421 3892 ad
3449 3835 3662 3891 ﬂumen
3708 3838 3860 3884 nume.

2289 3939 2496 3981 rorum
2522 3939 2593 3980 eo
2617 3923 2783 3997 quod
2798 3924 3018 3980 habeat
3056 3925 3332 3992 unitates,
3370 3924 3478 3981 sed
3507 3911 3859 3980 secerneturab

2292 4013 2424 4087 ipso
2446 4013 2691 4070 ﬂumine
2740 4018 2796 4069 et
2855 4014 2933 4071 ab
2995 4014 3125 4070 aliis
3189 4013 3402 4084 ﬁguris
3463 4018 3527 4069 ut
3584 4026 3710 4067 suas
3735 4006 3782 4061 in
3804 4018 3860 4056 se-

2291 4104 2424 4179 ipos
2459 4108 2656 4177 partes
2720 4107 2973 4171 vertens,
3024 4108 3081 4160 et
3144 4104 3260 4160 hac
3318 4103 3686 4177 copulatione
3729 4106 3860 4152 unam

2293 4199 2526 4269 partem
2576 4194 2745 4251 alteri
2799 4194 3155 4265 adjungens.
3207 4196 3305 4250 Est
3384 4198 3579 4251 autem
3646 4181 3861 4263 proximis

2216 4309 2261 4365 ι)
2295 4302 2405 4342 sua
2443 4283 2853 4341 conveneintia
2873 4285 3135 4357 propria.
3176 4286 3383 4357 Neque
3412 4282 3671 4340 omnium
3718 4285 3861 4365 reruni

2293 4380 2507 4433 natura
2536 4373 2644 4430 fert
2672 4379 2735 4432 ut
2754 4374 2987 4447 possint
3010 4389 3149 4430 cum
3179 4374 3464 4430 omnibus
3484 4367 3726 4446 copulari
3754 4358 3861 4420 :nisi

2292 4464 2375 4520 ad
2400 4464 2662 4536 primum
2692 4462 2859 4518 illum
2886 4477 3213 4534 perennem
3244 4460 3727 4518 ﬂuminisfontem
3746 4462 3861 4509 revo-

2293 4557 2519 4611 centur.
2560 4555 2629 4609 At
2667 4553 2953 4608 uniuntur
2990 4552 3168 4610 etiam
3203 4552 3644 4625 particulariter.
3679 4548 3736 4603 Ut
3757 4552 3859 4613 qua-

2290 4642 2585 4701 ternarius
2614 4644 2674 4699 in
2712 4657 2814 4698 sex
2853 4640 3166 4697 denarium
3207 4641 3529 4715 propagari
3564 4638 3751 4713 potest,
3773 4640 3857 4686 rur

2294 4749 2394 4788 sus
2420 4733 2480 4788 in
2522 4732 2765 4789 cubum.
2794 4734 2942 4787 Nam
2996 4745 3284 4786 numerus
3316 4745 3391 4786 ex
3420 4723 3764 4803 quaternario
3793 4731 3855 4771 50-

2289 4821 2407 4879 lide
2434 4825 2784 4895 eompactus
2809 4819 2871 4876 in
2902 4819 3151 4889 cubum,
3200 4818 3605 4893 quaternarios
3656 4804 3854 4869 habetin

2294 4912 2415 4967 suis
2438 4911 2712 4984 utrinque
2741 4909 3034 4984 partibus.
3088 4910 3403 4966 Ternarius
3459 4909 3596 4965 item
3645 4904 3697 4960 in
3732 4896 3854 4971 quin-

2293 5017 2411 5074 que
2434 5000 2753 5074 propagari
2778 5003 2995 5073 potest,
3045 5014 3190 5057 nam
3240 4998 3419 5071 hujus
3477 4997 3678 5071 planus
3709 5000 3857 5047 nume-

2293 5107 2395 5148 rus
2429 5095 2516 5146 est
2556 5094 2618 5145 15
2658 5104 2946 5145 numerus
2996 5107 3010 5145 :
3047 5090 3150 5161 qui
3205 5088 3474 5162 superior
3502 5087 3589 5143 his
3612 5086 3687 5139 est
3727 5079 3858 5136 dena-

2293 5179 2417 5237 rius
2452 5196 2464 5246 ;
2491 5179 2584 5236 his
2614 5178 2795 5235 etiam
2822 5177 3093 5250 superior
3142 5182 3229 5235 cst
3282 5177 3548 5235 senarius
3578 5178 3859 5244 :supremus

2294 5269 2612 5337 ternarius,
2654 5268 2850 5325 unitas
2906 5284 3043 5325 vero
3084 5273 3171 5325 est
3234 5284 3521 5325 cacumen
3542 5270 3593 5322 et
3627 5257 3857 5329 fastigium

2297 5360 2637 5428 Quadratus
2675 5360 2854 5431 igitur
2881 5359 2942 5415 in
2968 5358 3192 5415 cubum
3246 5358 3485 5415 uniatur
3510 5358 3723 5429 propter
3738 5341 3859 5404 babi-

2296 5451 2567 5509 tudinem
2598 5495 2614 5521 ,
2646 5449 2979 5521 triangulus
3026 5465 3166 5507 vero
3196 5448 3257 5506 in
3300 5446 3619 5523 pyramidis
3667 5436 3859 5527 similes]

2295 5557 2636 5609 numerum,
2665 5539 2971 5598 circularis
3020 5556 3164 5598 vero
3204 5554 3490 5597 numerus
3508 5538 3566 5594 in
3594 5532 3858 5607 sphteraesr
