4042 6214
246 310 389 367 1277

1120 300 1477 361 THEODORI
1515 300 1561 357 Π
1600 299 1740 361 IMP.
1778 295 1871 358 DE
1910 294 2375 357 COMMUNIONE
2412 295 2780 356 NATULALI.

3526 298 3665 359 1278

244 432 402 496 ἄλλος
479 434 582 494 πᾶς
646 428 714 494 εἰς
789 428 878 485 τὸν
941 430 1227 503 πεφυκότα.
1290 430 1393 484 Καὶ
1440 428 1627 483 καθότι
1680 424 1771 516 μὶν
1817 429 1907 516 οὖν
1936 422 1984 478 Α
2013 442 2179 504 οὔσης
2256 444 2346 495 καὶ
2418 439 2478 496 οὐ
2520 448 2728 516 μικτῆς,
2803 437 2973 513 πολλῷ
3055 438 3243 514 μᾶλλον
3310 439 3403 494 τὰν
3450 443 3666 516 κράσεις

246 523 434 585 πάντες
456 523 677 595 μονάσιν
728 520 833 578 εἰσί
860 539 915 576 τε
968 523 1059 573 καὶ
1116 526 1411 594 γεννῶνται,
1459 519 1676 590 ἔχουσιν
1727 514 1795 577 εἰς
1844 514 1903 569 τὸ

251 621 356 668 τῶν
401 611 633 687 ἀριθμῶν
687 613 844 685 χύμα
892 613 982 671 τὴν
1036 609 1236 679 ἕνωσιν,
1297 610 1378 667 ὅτι
1444 603 1504 664 δί
1553 602 1906 679 διακριθέντες

249 702 400 759 ἄλλοι
436 701 610 766 ἄλλοις
637 701 888 772 ἕνοῡνται,
913 705 1003 755 καὶ
1032 699 1207 764 ἄλλοις
1265 700 1449 773 ἕτεροι,
1510 700 1598 754 καὶ
1652 694 1712 752 οὐ
1795 713 1905 749 κοι-

250 799 504 852 νωνοῦσιν
528 794 596 855 ὡς
620 793 884 867 τύχωσιν,
924 789 1013 845 ἀπ’
1056 788 1285 851 ἀλλήλων
1333 788 1559 866 ἂναργῶς
1612 783 1904 861 διακέκριν-

251 902 346 940 ται
374 882 524 939 ταῦθ’
574 883 655 936 ὅτι
678 886 770 936 καὶ
822 883 960 936 κατὰ
1009 882 1164 956 φύσιν
1215 884 1307 936 καὶ
1362 884 1552 955 κρᾶσιν
1598 880 1836 951 γίγνεται
1884 894 1902 912 ο

253 972 326 1036 εἰς
366 974 470 1047 γὰρ
515 975 607 1032 τὴν
656 976 869 1048 πρώτην
907 969 1102 1031 ἄκείνην
1151 973 1329 1044 πηγὴν
1372 968 1603 1026 ενοῡνται
1648 966 1854 1023 ἅπαντα
1883 986 1900 1003 υ

253 1058 616 1137 διακρίνονται
647 1058 706 1117 δι
758 1059 847 1116 ἀπ’
896 1060 1123 1122 ἀλλήλων
1173 1062 1296 1116 ὅταν
1340 1058 1394 1125 ἕξ
1449 1058 1643 1125 ἄκείνης
1697 1056 1901 1115 ποικιλτ

253 1154 390 1208 ϐῶσι
413 1155 504 1206 καὶ
530 1151 764 1207 παλῶσι
792 1152 925 1227 πρὸς
950 1154 1226 1228 μερισμόν.

324 1239 389 1304 ζ.
425 1241 487 1296 Ἠ
652 1238 741 1295 οὖν
800 1248 865 1315 τῇ
912 1243 1064 1315 φύσει
1117 1241 1351 1296 συνοῦσᾶ
1393 1243 1679 1301 συνακτική
1739 1237 1900 1313 ἰσχὺς

246 1329 424 1391 διήκει
496 1335 587 1385 καὶ
667 1330 761 1395 ἕως
848 1337 951 1383 τῶν
1064 1329 1386 1385 λεπτοτάτων
1472 1338 1574 1385 τῶν
1665 1330 1900 1405 κράσεων

242 1427 530 1498 μερισμῶν,
619 1422 835 1494 συνάγει
888 1417 948 1474 δε
1016 1419 1170 1474 πάλιν
1221 1422 1292 1485 ὡς
1350 1419 1552 1494 ἀρχικὴ
1627 1421 1695 1474 τὰ
1765 1421 1897 1494 μέρη

250 1511 320 1574 εἰς
369 1514 429 1566 τὸ
480 1510 727 1586 καθόλου,
786 1514 817 1572 ἤ
866 1515 956 1566 καὶ
999 1518 1113 1575 ταῖς
1168 1513 1418 1586 κράσεσιν
1474 1510 1641 1566 οἰκεία
1694 1507 1900 1573 ἰδιότης

244 1600 489 1678 ἑκατέρας
575 1600 665 1655 ἀπ’
740 1599 970 1661 ἀλλήλων
1034 1604 1258 1676 μερίζει,
1325 1600 1427 1656 ἑνοῖ
1478 1597 1539 1655 δε
1587 1599 1705 1655 κατ’
1765 1597 1900 1655 ἰδιό-

242 1711 383 1753 τητα
448 1698 691 1767 μερικῶς.
771 1690 1003 1765 Ἔχουσι
1078 1687 1139 1746 δε
1212 1693 1278 1745 τὰ
1322 1692 1512 1765 μερικὰ
1565 1689 1614 1745 ἄν
1666 1698 1900 1769 μφικοῖς

245 1782 581 1858 πολοτρόπως
616 1785 713 1842 τὴν
763 1782 965 1851 ἕνωσιν,
1015 1782 1189 1857 ὥσπερ
1252 1785 1341 1835 καὶ
1397 1779 1447 1835 ἓν
1494 1788 1567 1853 τῷ
1620 1786 1747 1857 Ιιιρὶ
1801 1781 1903 1854 ψυ-
1931 1791 1973 1845 Β
2007 1793 2160 1841 τοῦτο
2178 1791 2271 1841 καὶ
2308 1789 2454 1864 πειρὰ
2478 1790 2634 1861 φύσιν
2683 1785 2850 1843 ἐκεῖνα
2899 1786 3146 1847 κέκληται
3193 1808 3206 1823 ·

248 1882 360 1949 χῆς
410 1871 770 1947 Ἀριστοτέλης
811 1877 1017 1946 μνήμην
1064 1872 1195 1927 εἷναι
1244 1878 1404 1941 ποιεῖ,
1470 1874 1562 1926 καί
1612 1890 1674 1945 γε
1734 1871 1901 1933 ἁπλῆν

248 1966 447 2023 ταύτην
493 1965 735 2037 νομίζων,
802 1961 1160 2025 πολυπλόκους
1221 1963 1313 2026 τὰς
1369 1964 1659 2036 φαντασίας
1714 1960 1904 2037 ὀνομά-

252 2054 332 2117 ζει
386 2052 567 2115 αὐτῆς.
634 2051 827 2127 Εἰ
865 2048 953 2107 οὖν
1018 2060 1080 2126 τῇ
1138 2050 1272 2126 ἁπλῇ
1330 2051 1486 2126 ψυχῇ
1529 2055 1619 2114 τὰς
1669 2057 1905 2119 κινήσεις

248 2141 605 2205 πολυπλόκους
689 2148 903 2216 νοοῦμεν
977 2138 1127 2211 εἶναι,
1203 2146 1292 2196 καὶ
1351 2140 1739 2216 συμϐάλλεσθαι
1811 2145 1903 2217 μεν

248 2232 407 2297 ἄλλας
460 2234 591 2309 πρὸν
670 2230 847 2299 ἄλλας,
909 2231 1084 2307 ἐτέρας
1142 2227 1204 2286 δέ
1246 2233 1371 2308 πρὸς
1408 2230 1601 2307 ἕτεροις,
1654 2235 1745 2287 καὶ
1796 2231 1903 2306 οὐχ

246 2320 420 2384 ἁπλῶς
457 2322 539 2377 ὅτι
584 2326 687 2387 πᾶς
735 2320 918 2386 ἑαυτῆς
971 2320 1214 2379 ἐνοῦσθαι
1260 2329 1442 2386 κοινῶς
1490 2325 1580 2378 καί
1634 2340 1695 2396 γε
1728 2328 1904 2399 νοερᾶς

245 2555 454 2616 milem
475 2570 830 2614 numerum:
893 2558 952 2614 et
1002 2554 1254 2630 quilibet
1303 2556 1457 2615 alius
1516 2571 1806 2616 numerus
1835 2557 1898 2617 in

248 2662 436 2722 quem
455 2648 667 2704 natura
706 2646 1032 2721 propagari
1060 2649 1117 2705 et
1170 2646 1326 2705 uniri
1367 2650 1565 2722 potest
1597 2690 1611 2705 .
1667 2651 1732 2707 Et
1753 2663 1902 2723 quo-

247 2736 418 2795 niam
445 2751 655 2794 omnes
682 2752 757 2794 ex
794 2736 1124 2795 unitatibus
1173 2738 1468 2796 exsistunt
1495 2742 1554 2797 et
1602 2738 1895 2810 oriuntur,

242 2826 384 2886 ideo
399 2826 671 2885 omnium
693 2826 992 2903 copulatio
1024 2827 1378 2886 universalis
1408 2827 1487 2886 ad
1506 2844 1899 2887 numerorum

242 2916 475 2975 ﬂumen
494 2932 757 2992 perenne
782 2920 1114 2975 revocatur.
1161 2920 1242 2975 Eo
1280 2922 1483 2976 autem
1534 2919 1702 2992 quod
1731 2935 1899 2994 sepa-

244 3008 359 3066 rati
415 3007 515 3066 alii
572 3007 653 3065 ab
709 3006 841 3065 aliis
896 3008 1181 3065 uniantur
1224 3008 1405 3066 etiam
1442 3008 1542 3066 alii
1590 3025 1729 3066 cum
1768 3009 1897 3068 aliis

241 3113 357 3156 nec
386 3096 740 3171 copulentur
769 3113 908 3155 cum
937 3096 1323 3172 quibuslibet,
1358 3114 1395 3157 a
1423 3113 1486 3157 se
1512 3097 1664 3156 inter
1684 3114 1748 3156 se
1772 3114 1896 3156 ma-

241 3187 456 3246 nifeste
482 3186 746 3245 distincti
777 3191 933 3246 sunt.
966 3190 1085 3245 Hoc
1113 3192 1315 3245 autem
1346 3187 1482 3246 ideo
1527 3187 1596 3246 ﬁt
1646 3186 1814 3262 quod
1842 3191 1899 3247 et

242 3276 582 3335 secundum
610 3281 891 3335 naturam
916 3280 975 3340 et
1032 3276 1366 3335 secundum
1397 3277 1899 3351 temperationem

239 3366 530 3425 uniantur
561 3385 575 3436 ;
606 3382 750 3423 nam
776 3367 839 3424 in
869 3367 1133 3440 primum
1161 3366 1332 3424 illum
1357 3366 1583 3425 fontem
1611 3367 1900 3424 uniuntur

241 3456 469 3514 omnia.
511 3456 935 3514 Discernuntur
977 3472 1121 3514 vero
1163 3456 1315 3515 inter
1372 3474 1435 3516 se
1474 3473 1615 3515 cum
1645 3473 1684 3515 a
1737 3457 1900 3516 fonte

238 3543 343 3602 illo
397 3544 663 3618 profecta
717 3545 1064 3604 varietatem
1125 3545 1445 3620 acquirunt
1500 3550 1558 3604 et
1598 3546 1662 3604 in
1700 3545 1899 3604 distri-

240 3633 559 3691 butionem
613 3633 878 3691 veniunt.

318 3728 372 3781 7.
404 3723 499 3780 Vis
538 3721 715 3794 igitur
751 3723 1077 3797 copulandi
1114 3740 1251 3798 quas
1290 3728 1579 3798 perpetuo
1615 3728 1901 3783 naturam

247 3811 586 3879 comitatur,
617 3818 887 3886 permeat
922 3812 1403 3870 distributionem
1433 3815 1613 3871 etiam
1652 3813 1730 3871 ad
1762 3813 1902 3869 sub-

246 3901 561 3959 tilissimas
644 3917 835 3976 usque
892 3904 1379 3976 temperationes.
1438 3906 1661 3961 Rursus
1700 3907 1901 3959 autem

248 3994 319 4048 ut
339 3991 618 4064 princeps
681 4006 865 4049 causa
926 3996 1164 4048 revocat
1250 3996 1447 4065 partes
1494 3991 1573 4048 ad
1618 3992 1902 4048 unionem

247 4079 673 4138 universalem.
711 4084 784 4137 At
841 4080 932 4136 vis
1015 4081 1392 4154 proprietatis
1467 4080 1774 4154 utriusque
1826 4080 1903 4136 si-

250 4169 504 4241 gillatim
560 4174 763 4244 partes
816 4171 967 4227 inter
1023 4187 1086 4228 se
1149 4170 1479 4241 distinguit.
1516 4170 1765 4245 Copulat
1801 4187 1905 4229 au-

249 4264 376 4318 tem
397 4260 834 4334 particulariter
862 4261 1195 4318 secundum
1235 4262 1677 4335 proprietatem.
1720 4261 1904 4320 Parti-

248 4350 481 4408 cularia
534 4366 676 4408 vero
728 4351 790 4408 in
842 4351 1297 4425 particularibus
1352 4353 1535 4410 variis
1565 4351 1762 4410 modis
1798 4353 1905 4409 ba-

2016 526 2321 603 δοξάσωμεν
2377 535 2448 604 μή
2529 531 2775 585 ἑνοῦσθαι
2866 537 3071 596 κοινῶς,
3157 528 3264 583 ἀλλ’
3335 526 3503 598 ἰδίως,
3570 534 3663 595 τὰς

2011 624 2102 675 καὶ
2156 619 2282 680 ὕλην
2337 620 2565 695 ἂχούσας
2616 625 2707 676 καὶ
2758 617 2935 676 διόλου
2989 622 3201 694 μικτὰς,
3254 621 3389 675 κατὰ
3438 624 3496 676 τὸ
3536 618 3665 676 εἶναι

2011 713 2225 785 κράσεις
2254 711 2436 775 αὐτὰς.
2465 711 2527 767 Εἰ
2568 713 2670 787 γὰρ
2710 716 2800 767 καὶ
2847 718 3040 787 κρᾶσις
3088 716 3159 785 μὴ
3221 713 3424 786 ἔχουσα
3481 712 3657 789 εὑρεθῇ

2011 799 2159 867 ὕλην,
2191 799 2303 854 ἀλλ’
2364 797 2452 855 οὖν
2512 805 2603 855 καὶ
2661 801 2793 862 αὕτη
2834 803 3021 855 καθότι
3056 802 3281 877 κράσεσι
3331 804 3422 855 καὶ
3470 800 3664 877 ἑτέραις

2013 886 2073 947 δε
2095 893 2168 965 μὴ
2214 889 2608 965 συμϐὰλλεσθαι
2664 910 2680 926 ⁸
2736 895 2967 967 περιόντι
3021 894 3123 966 γὰρ
3177 893 3315 945 θέσει
3360 895 3665 965 καταγίνον-

2010 999 2097 1034 ται
2174 982 2468 1055 πράγματι,
2542 984 2716 1035 καίτοι
2774 978 2869 1035 διὰ
2923 988 3075 1035 τοῦτο
3128 983 3265 1034 κατὰ
3318 984 3412 1041 τὴν
3472 984 3661 1054 σχέσιν

2011 1068 2245 1146 ἀφορῶσι
2277 1079 2374 1134 τῆς
2427 1070 2618 1134 οἰκείας
2669 1073 2881 1146 ὁρμῆς·
2937 1070 3198 1145 πολυμερῆ
3247 1072 3345 1147 γὰρ
3419 1072 3488 1124 τὰ
3527 1075 3663 1125 κατὰ

2007 1166 2196 1237 κρᾶσιν
2276 1159 2554 1236 τελούμενα
2602 1162 2683 1215 ὃτι
2754 1163 2809 1215 αἱ
2877 1161 3088 1237 κράσεις
3155 1160 3459 1237 πολυμερείς
3543 1161 3658 1215 κατ’

2008 1248 2337 1305 ἕπισύνθεσιν
2369 1292 2384 1308 .
2416 1250 2471 1305 αἰ
2500 1253 2591 1325 μεν
2627 1254 2729 1328 γὰρ
2797 1251 3047 1320 ἱνοῦνται,
3097 1253 3153 1304 αἱ
3206 1247 3266 1304 δε
3321 1249 3664 1311 ἁνοικειότητι

2010 1337 2401 1395 διαστέλλονται
2437 1379 2452 1394 .
2484 1345 2603 1417 περὶ
2655 1343 2758 1418 γὰρ
2813 1345 2908 1400 τὴν
2952 1340 3023 1403 εἰς
3068 1341 3349 1399 κοινότητα
3420 1337 3664 1401 ἰδιότητα

2008 1427 2066 1483 οὐ
2090 1428 2243 1502 λόγος
2270 1429 2476 1499 αὐταῖς,
2511 1428 2619 1484 ἀλλ’
2665 1430 2737 1493 εἰς
2791 1426 3039 1489 ἰδιότητα
3088 1431 3114 1483 ὁ
3175 1433 3365 1492 σκοπὸς
3408 1429 3518 1484 ἐπεὶ
3572 1434 3664 1484 καὶ

2006 1518 2068 1573 οὐ
2094 1520 2278 1573 καθότι
2305 1516 2355 1572 ἓν
2379 1518 2451 1574 ἑνὶ
2499 1519 2629 1574 τέλει
2660 1517 2921 1597 ἀφορῶσιν
2970 1518 3101 1592 ὀμοῦ
3148 1538 3161 1554 ο
3222 1521 3332 1573 ἔστι
3376 1521 3478 1596 γὰρ
3532 1521 3661 1574 ὅπου

2006 1611 2096 1663 καὶ
2143 1608 2314 1682 φαῦλα
2365 1609 2483 1669 τέλη
2548 1608 2755 1663 τελοῦσι
2836 1616 3073 1683 μιγεῖσαι
3134 1610 3370 1684 κράσεις,
3424 1611 3454 1668 ἡ
3512 1612 3663 1683 φύσις

2010 1693 2070 1752 δι
2128 1694 2279 1753 οὐδὶν
2352 1697 2426 1761 εἰς
2480 1697 2710 1775 αἰσχρὸν
2763 1696 3011 1772 ἀφορῶσα
3060 1696 3201 1761 τελος
3276 1696 3511 1758 ἕποίησε.
3569 1700 3666 1753 Διὰ

3264 1789 3324 1840 τὸ
3382 1783 3441 1841 δὲ
3491 1786 3662 1841 πλεῖον

2008 1884 2245 1951 μιγεῖσαι
2284 1879 2499 1951 κράσεις
2556 1878 2709 1931 αἴσια
2779 1876 2897 1937 τέλη
2954 1877 3180 1945 τελοῦσι,
3241 1872 3547 1952 Παράδοξον
3605 1873 3665 1930 δι

2012 1962 2248 2021 δοκεῖται
2317 1973 2429 2029 ταῖς
2484 1967 2597 2021 κατ’
2660 1962 2905 2026 ἰδιότητα
2950 1968 3173 2044 κράσεσι
3224 1969 3566 2041 μιγνυμέναις
3627 1968 3658 2026 ἡ

2009 2064 2111 2109 τῶν
2143 2055 2326 2131 ἑτέρων
2373 2057 2609 2131 κράσεων
2658 2057 2837 2119 ἔνωσις
2900 2076 2915 2093 ο
2972 2054 3142 2131 ἀφορᾷ
3195 2058 3294 2131 γὰρ
3349 2054 3566 2111 ἑκαστον
3596 2054 3664 2117 εἰς

2010 2149 2105 2205 τήν
2141 2152 2235 2199 τοῦ
2286 2144 2534 2219 ἕγγιστου
2581 2146 2764 2201 ἕνωσιν
2802 2166 2816 2182 ο
2870 2146 3180 2219 συνάγονται
3228 2147 3331 2218 γὰρ
3379 2144 3567 2220 μᾶλλον
3596 2146 3664 2198 τὰ

2011 2235 2170 2307 ὅμοια
2192 2235 2221 2295 ἦ
2255 2235 2323 2291 τὰ
2351 2233 2589 2309 ἀνόμοια,
2618 2236 2702 2289 ὅτι
2729 2238 2789 2290 τὸ
2816 2237 3063 2308 συγγενες
3108 2234 3240 2291 ἕλκει
3287 2236 3347 2287 τὸ
3394 2237 3657 2307 συγγενίς.

2012 2328 2239 2402 Πότερον
2268 2320 2357 2381 οὖν
2386 2324 2561 2390 ἁπλῶς
2587 2326 2618 2386 ἠ
2651 2326 2808 2401 φύσις
2844 2328 3125 2387 ποιήσασα
3181 2321 3389 2406 δηλαδὴ
3421 2325 3517 2388 τὰς
3563 2323 3661 2402 ἀρυ-

2008 2559 2391 2634 perationum
2450 2559 2629 2632 igitur
2663 2561 2883 2617 natura
2917 2558 3049 2631 fert,
3088 2560 3156 2617 ut
3194 2573 3334 2615 cum
3374 2559 3664 2631 tempera-

2008 2648 2273 2708 tionibus
2302 2648 2680 2724 copulentur,
2719 2664 2917 2724 neque
2955 2664 3095 2706 cum
3134 2647 3382 2706 diversis
3421 2662 3667 2720 compo-

2006 2743 2247 2797 nantur.
2289 2743 2436 2798 Nam
2475 2740 2562 2797 rei
2598 2739 2808 2814 positae
2848 2738 3154 2797 exsistenti
3194 2736 3491 2806 accidunt,
3532 2736 3666 2794 licet

2007 2830 2186 2887 etiam
2216 2845 2253 2887 a
2287 2845 2352 2887 re
2411 2829 2729 2887 discedant
2791 2844 2902 2902 pro
2956 2829 3187 2886 ratione
3247 2826 3663 2903 propensionis

2007 2918 2286 2993 propria.
2329 2922 2479 2977 Nam
2535 2917 2889 2991 multiplicia
2914 2922 3207 2991 suntquae
3236 2932 3344 2989 per
3372 2921 3664 2988 tempera-

2006 3009 2233 3068 tionem
2298 3008 2761 3079 constituuntur,
2831 3023 2901 3065 eo
2968 3006 3136 3081 quod
3198 3004 3661 3077 temperationes

1942 3089 1981 3146 C
2008 3098 2189 3157 etiam
2215 3097 2332 3156 sint
2364 3097 2744 3171 multiplices,
2784 3102 3026 3171 propter
3064 3092 3510 3169 compositionis
3548 3091 3661 3151 ad-

2008 3188 2314 3246 ditionem.
2375 3186 2521 3244 Alias
2559 3187 2738 3257 igitur
2774 3186 3084 3254 uniuntur,
3125 3184 3250 3242 alia:
3287 3186 3533 3258 propter
3568 3182 3659 3239 di-

2005 3292 2243 3335 versam
2281 3276 2707 3350 proprietatem
2762 3276 3184 3349 sejunguntur.
3243 3276 3392 3331 Nam
3449 3275 3664 3345 printer

2006 3365 2171 3423 illam
2228 3365 2569 3438 generalem
2645 3364 2891 3422 uniendi
2962 3364 3256 3422 rationem
3309 3360 3661 3435 temperatio

2009 3470 2185 3512 suam
2211 3471 2470 3530 quisque
2512 3454 2939 3529 proprietatem
2993 3452 3278 3528 sequitur,
3350 3467 3486 3508 cum
3538 3465 3662 3507 non

2008 3561 2245 3618 semper
2270 3544 2349 3601 ad
2380 3561 2571 3601 unum
2608 3544 2793 3601 ﬁnem
2855 3543 3037 3601 simul
3066 3542 3401 3613 dirigantur
3433 3545 3662 3612 tempe-

2008 3634 2284 3692 rationes.
2321 3633 2404 3691 Fit
2441 3633 2601 3690 enim
2641 3650 2801 3707 saepe
2836 3638 2900 3692 ut
2936 3632 3402 3707 temperationes
3440 3628 3662 3703 permi-

2010 3727 2113 3781 stis
2139 3722 2348 3781 effecta
2371 3722 2534 3781 mala
2587 3723 2784 3781 edant.
2827 3726 2898 3780 At
2945 3728 3161 3780 natura
3198 3735 3515 3794 nunquam
3548 3716 3663 3775 sibi

2008 3814 2321 3888 proposuit
2344 3818 2515 3887 turpe
2568 3813 2798 3887 aliquid
2853 3813 3257 3870 efﬁciendum.
3307 3810 3532 3869 Idcirco
3560 3808 3664 3865 illa

2008 3909 2225 3979 praeter
2243 3909 2521 3961 naturam
2545 3904 2704 3962 facta
2725 3904 3023 3961 dicuntur.
3062 3904 3290 3976 Saepius
3349 3915 3488 3958 vero
3515 3903 3661 3955 tem-

2011 3994 2349 4069 perationes
2369 3995 2668 4066 permistaa
2698 4009 3019 4066 prosperos
3071 4007 3382 4048 successus
3436 3986 3663 4046 habue-

2010 4088 2167 4141 runt.
2219 4084 2401 4139 Porro
2451 4082 2619 4156 quod
2687 4082 3150 4154 temperationes
3208 4080 3465 4135 diversae
3519 4090 3656 4132 cum

2008 4170 2544 4243 temperationibus
2602 4170 2935 4228 secundum
2998 4168 3424 4244 proprietatem
3465 4164 3659 4221 mistis

2008 4263 2292 4321 uniantur
2320 4261 2665 4320 incredibile
2692 4261 2945 4324 videtur.
2978 4266 3123 4319 Nam
3181 4256 3662 4333 unumquodque

2007 4369 2147 4411 cum
2177 4352 2451 4426 proximo
2475 4352 2741 4424 copulari
2795 4350 2963 4410 solet.
3018 4350 3220 4407 Potius
3240 4349 3399 4405 enim
3441 4345 3657 4404 similia

249 4438 862 4513 bentcopulationem
895 4446 959 4498 ut
1023 4440 1203 4498 etiam
1258 4441 1320 4498 in
1348 4441 1516 4498 libris
1579 4444 1665 4499 De
1698 4442 1903 4500 anima
1935 4454 1978 4508 ι)
2008 4459 2194 4517 quam
2222 4441 2537 4499 dissimilia
2565 4441 3074 4514 conglutinantur,
3125 4439 3268 4513 quia
3293 4437 3355 4495 id
3381 4436 3546 4511 quod
3572 4440 3664 4491 est

248 4529 591 4587 Aristoteles
623 4530 815 4587 tradit.
853 4532 919 4587 Et
948 4547 1086 4587 cum
1118 4530 1453 4603 simplicem
1483 4530 1752 4588 animam
1782 4547 1903 4588 cre-

248 4618 357 4677 dat
384 4634 534 4690 esse,
569 4623 771 4676 tamen
801 4619 1149 4694 multiplicia
1176 4619 1367 4693 ipsius
1390 4620 1517 4677 visa
1536 4636 1902 4679 commemo-

246 4712 362 4767 rat.
397 4709 455 4766 Si
491 4709 670 4780 igitur
707 4708 959 4783 simplici
1027 4710 1246 4767 animus
1287 4709 1643 4783 multiplices
1704 4715 1903 4767 motus

246 4798 444 4856 inesse
464 4798 874 4871 intelligimus,
930 4804 987 4857 et
1037 4799 1187 4857 alios
1232 4816 1372 4856 cum
1403 4799 1531 4857 aliis
1596 4800 1897 4874 componi,

248 4892 310 4946 et
372 4889 639 4946 diversos
729 4905 870 4947 cum
957 4889 1231 4958 diversis,
1298 4905 1494 4963 neque
1556 4889 1903 4964 simpliciter

247 4977 429 5049 uniri,
458 4979 739 5053 quamvis
768 4979 906 5053 ipsa
934 4979 1007 5036 sit
1044 4979 1397 5050 intelligens,
1425 4978 1772 5054 nullamque
1801 4978 1903 5036 ad-

248 5068 596 5127 mistionem
614 5069 781 5134 ferat,
814 5070 1216 5141 multomagis
1243 5070 1582 5127 existimare
1612 5070 1904 5127 debemus

249 5159 715 5233 temperationes
752 5159 854 5217 illo
879 5160 1186 5217 communi
1224 5159 1409 5216 modo
1446 5175 1566 5216 non
1596 5159 1769 5231 uniri,
1798 5159 1903 5216 sed

248 5247 557 5323 peculiari,
598 5265 737 5307 cum
766 5250 1095 5323 prmsertim
1118 5253 1175 5306 et
1211 5249 1526 5307 materiam
1563 5249 1904 5308 habeantet

246 5339 487 5413 penitus
554 5340 1006 5413 permistionem
1071 5340 1401 5414 suscipiant
1463 5356 1534 5397 eo
1598 5340 1764 5413 quod
1788 5340 1904 5397 sint

250 5429 735 5503 temperationes.
764 5432 911 5487 Nam
938 5429 1193 5487 etiamisi
1233 5429 1407 5487 detur
1446 5428 1649 5502 aliqua
1681 5434 1903 5503 tempe-

249 5518 402 5576 ratio
464 5534 599 5591 quas
665 5519 981 5577 materiam
1038 5535 1162 5575 non
1221 5518 1425 5589 habet,
1482 5523 1903 5589 verumtamen

250 5607 396 5681 quia
417 5608 769 5682 temperatio
806 5611 915 5682 est,
955 5606 1385 5669 admistionem
1423 5607 1689 5682 suscipit.
1729 5611 1901 5666 Tem-

2009 4531 2279 4605 ejusdem
2336 4529 2570 4601 generis
2624 4530 2862 4587 attrahit
2917 4530 3098 4587 etiam
3155 4527 3301 4585 illud
3356 4525 3522 4601 quod
3576 4527 3665 4580 est

2008 4621 2281 4692 ejusdem
2317 4620 2567 4691 generis.
2611 4623 2814 4677 Utrum
2854 4619 3051 4690 igitur,
3093 4634 3232 4676 cum
3260 4620 3475 4675 natura
3496 4613 3664 4687 prin-

2010 4712 2167 4786 cipia
2197 4709 2492 4783 simplicia
2521 4710 2953 4775 constituisset,
2984 4713 3041 4765 et
3076 4707 3157 4766 ad
3196 4706 3539 4763 mistionem
3574 4718 3663 4757 se-

2011 4800 2278 4859 cundum
2318 4801 2813 4872 temperationem
2864 4798 3155 4872 principia
3191 4796 3291 4853 illa
3329 4791 3662 4850 concurris-

2012 4894 2164 4960 sent,
2207 4894 2581 4947 attraxerunt
2616 4887 2762 4944 illud
2799 4887 2965 4960 quod
3003 4884 3237 4942 misceri
3265 4880 3457 4957 potuit
3486 4880 3513 4936 ?
3535 4883 3664 4936 Non

2012 4979 2172 5037 enim
2222 4976 2369 5034 illud
2425 4976 2591 5049 quod
2653 4976 2882 5032 nullum
2939 4973 3185 5030 omnino
3236 4970 3511 5029 habitum
3572 4972 3665 5026 est

2011 5068 2401 5124 consecutum
2460 5064 2873 5136 turpissimum
2928 5061 3153 5135 aliquid
3206 5060 3317 5117 sibi
3358 5058 3659 5133 proponit.

2011 5158 2177 5213 Esset
2200 5154 2360 5211 enim
2384 5157 2643 5209 erratum
2667 5168 2737 5208 ac
2759 5150 3048 5224 probrum
3071 5152 3665 5222 naturae.Postquam

2012 5246 2189 5317 igitur
2216 5242 2363 5300 illud
2397 5241 2564 5316 quod
2594 5257 2715 5298 non
2754 5246 2881 5299 erat
2908 5257 3041 5297 esse
3068 5241 3244 5314 coepit
3281 5244 3338 5297 et
3385 5238 3661 5295 habitum

2012 5336 2299 5409 adeptum
2338 5336 2443 5401 est,
2502 5332 2703 5389 statim
2742 5331 3030 5388 diffusum
3069 5331 3129 5389 in
3159 5331 3425 5388 diversas
3463 5332 3665 5403 partes

2010 5426 2173 5485 varie
2209 5426 2496 5498 permeat,
2564 5426 2740 5496 atque
2801 5421 3023 5479 idcirco
3077 5422 3207 5480 aliis
3269 5421 3557 5477 uniuntur
3614 5421 3671 5474 et

2010 5515 2262 5573 diversis
2293 5512 2586 5578 diversas,
2610 5527 2733 5570 non
2762 5516 2964 5569 tamen
2985 5528 3125 5568 cum
3154 5510 3435 5568 omnibus
3460 5508 3666 5564 omnia

2010 5604 2311 5666 Facultate
2329 5603 2513 5679 igitur
2527 5602 2732 5662 omnia
2750 5608 2890 5662 sunt
2908 5617 3101 5660 unum
3119 5601 3183 5658 in
3204 5604 3444 5667 natura,
3459 5594 3564 5653 sed
3579 5610 3665 5651 se-
