4042 6214
207 296 352 361 1281

1138 293 1495 373 THEODORI
1528 299 1594 353 Ιῐ.
1627 297 1721 353 DE
1748 288 2214 359 ΟΟΠΠῙΙΝΙΟΝΕ
2241 290 2616 355 NATURALI.

3458 303 3595 359 128!

241 421 430 481 συνέϐη
448 426 540 475 καὶ
564 424 783 484 ταύταις
808 425 991 493 οχίσις
1019 441 1075 476 τε
1101 428 1191 475 καὶ
1244 420 1546 482 διάστασις.
1607 424 1833 493 Πότερον
1894 455 1939 501 Α
1996 440 2083 473 και
2151 430 2430 494 πανταχοῦ
2489 442 2580 475 και
2652 423 2759 495 οὐχ
2804 425 2869 485 ὡς
2932 426 3119 496 μερικὴ
3172 431 3423 498 μερικῶς,
3482 423 3591 478 ἀλλ’

239 509 329 564 οὖν
368 510 416 563 ἐν
455 518 528 581 τῷ
578 513 772 573 ταύτας
827 512 1135 583 μερίζεσθαι
1194 512 1499 569 συνεισῆλθε
1668 510 1835 561 αὐτῶν

240 597 502 676 διαιρέσει
525 603 584 651 τό
618 599 812 671 ἀγαθὸν
858 620 949 651 και
988 604 1047 652 τὸ
1078 605 1372 674 χείριστον,
1405 604 1462 651 τὸ
1512 604 1694 672 μικτὸν
1746 619 1836 651 και

237 689 298 738 τὸ
372 684 686 753 στασιῶδες,
774 695 989 740 κακείνα
1061 693 1120 741 1'6
1170 688 1432 741 ποικίλλον
1507 689 1832 759 εἰσήγαγον;

236 778 503 847 πεφύκασι
556 779 656 848 γὰρ
712 776 992 829 ποικίλλειν
1046 780 1110 829 τὰ
1161 781 1298 850 μέσα
1354 780 1409 829 αἱ
1471 776 1832 839 ἐναντιότητες,

238 868 416 939 ὥσπερ
455 886 545 918 και
589 865 672 918 ἐπὶ
695 875 795 918 τῶν
823 870 1136 939 σχημάτων.
1163 867 1222 919 Ἡ
1252 870 1351 940 γὰρ
1411 864 1694 928 διάστασις
1737 877 1835 920 τῶν

242 957 391 1008 θείων
448 975 537 1007 και
587 975 685 1006 των
750 954 1079 1029 ἀνθρωπίνων
1134 953 1268 1008 οὖσα
1321 955 1505 1019 πολλὴ,
1562 957 1725 1015 αύτήν
1777 954 1837 1010 δε

238 1040 422 1101 ἱπειδὴ
514 1039 609 1096 διὰ
686 1048 848 1115 μέσου
900 1048 1035 1104 τινὸς
1071 1044 1403 1117 ἁρμοσθῆναι
1482 1048 1547 1106 ὡς
1599 1048 1836 1098 ὁπωσοῦν

239 1131 438 1207 ἀρχὴν,
489 1136 547 1185 τὸ
599 1137 756 1205 μέσον
813 1136 1007 1185 τούτων
1056 1134 1160 1196 ἕξις
1211 1133 1464 1188 ἐποίκιλλε
1514 1144 1839 1209 τετραμερῶς

237 1241 333 1273 και
367 1220 670 1294 πολυμερῶς
712 1243 725 1255 ·
773 1224 803 1279 ἡ
858 1224 959 1296 γὰρ
985 1229 1077 1275 τοῦ
1111 1226 1345 1275 τοιούτου
1390 1228 1607 1299 στέρησι
1637 1223 1838 1296 ἀγαθοῦ

238 1314 337 1368 τὴν
366 1309 467 1373 ἕξιν
504 1312 693 1383 ἔφερεν,
726 1309 859 1368 αὕτη
926 1307 985 1362 δὲ
1029 1315 1122 1369 τὴν
1182 1311 1464 1382 ποικιλίαν,
1514 1316 1571 1365 τὸ
1605 1313 1838 1366 ποικιλον

237 1400 307 1451 τὰ
335 1403 615 1471 σχήματα,
666 1404 758 1451 καὶ
803 1406 971 1451 ταῦτα
1019 1404 1114 1457 τὴν
1166 1401 1366 1469 ἕνωσιν,
1419 1404 1554 1455 ὥστε
1605 1399 1700 1455 διὰ
1746 1410 1837 1455 τοῦ

238 1491 406 1559 μέσου
445 1507 498 1540 τε
520 1492 610 1540 καὶ
636 1487 872 1540 ποικίλου
907 1490 973 1539 τὰ
1007 1484 1266 1541 διεστῶτα
1323 1490 1669 1548 συνήλθοσαν.
1732 1499 1839 1554 Τῆς

238 1580 333 1648 μὲν
385 1572 472 1628 οὖν
536 1576 796 1637 ποικιλίας
845 1579 1041 1629 τούτων
1096 1584 1186 1630 καὶ
1238 1586 1335 1638 τῆς
1390 1579 1613 1641 ἑνώσεως
1657 1579 1838 1655 ἐτέρων

235 1665 401 1737 λόγων
442 1664 585 1737 λόγοι
636 1668 826 1737 ἔχουσι
910 1670 1005 1723 τὴν
1095 1663 1384 1735 ἀπόδειξιν,

234 1756 472 1826 κράσεων
497 1756 523 1806 6
544 1762 632 1805 νϋν
658 1758 853 1814 σκοπός
878 1752 1213 1829 ἐφαρμόδιος.

1468 1673 1587 1743 περὶ
1629 1666 1688 1721 δὲ
1739 1678 1839 1722 τῶν

308 1931 385 2005 β’.
444 1937 726 2005 Διῄρηνται
780 1939 906 2005 γοῦν
972 1935 1027 1985 αἱ
1070 1935 1279 2008 κράσεις
1331 1932 1432 1986 ἀπὸ
1485 1942 1576 1996 τῆς
1642 1937 1839 2008 φύσεως

233 2029 309 2093 τῷ
365 2027 541 2096 τρόπῳ
612 2021 664 2073 ὃν
706 2026 827 2095 πρὶν
880 2024 1108 2094 εἴπομεν,
1162 2022 1318 2075 αὗται
1371 2020 1431 2077 δε
1476 2029 1839 2096 μεμονωμένως

235 2109 432 2183 οἰμῶσι
483 2130 579 2167 και,
628 2114 923 2183 μίγνυνται.
976 2115 1272 2184 Θεωρητέον
1328 2119 1453 2184 γοῦν
1509 2112 1668 2173 αὐτὰς
1722 2114 1839 2165 καθ’

236 2199 398 2262 αὐτὰς
432 2200 567 2262 ὅπως
594 2198 698 2252 εἰσί
736 2219 790 2253 τε
841 2219 933 2252 και
963 2208 1291 2257 κοινωνοῦσι,
1352 2206 1518 2254 Τοῦτο
1568 2197 1627 2254 δὲ
1680 2201 1840 2263 οὕτως

238 2286 300 2340 ἆν
330 2289 508 2363 εὑρεθῇ
545 2308 559 2321 ·
595 2286 964 2351 ἐξπασθὲντων
1019 2297 1116 2341 τῶν
1171 2294 1452 2361 στοιχείων
1507 2309 1563 2343 τε
1613 2309 1702 2342 και
1750 2299 1841 2353 τῆς

226 2382 459 2451 ·φύσεως,
489 2399 580 2431 και
608 2380 638 2438 ἡ
667 2382 758 2451 μεν
785 2374 872 2431 οὖν
916 2382 1074 2452 φύσις
1110 2383 1255 2438 κοινή
1312 2385 1447 2433 πᾶσι
1492 2399 1583 2433 και
1637 2383 1838 2434 πάντων

240 2476 609 2543 κατηγορεῖται
673 2487 764 2519 και
818 2470 1224 2540 γνωματεύεται,
1307 2489 1396 2520 και
1453 2472 1659 2542 κέντρον
1713 2490 1839 2521 παν-

248 2562 449 2628 ταχόσε
479 2558 771 2630 εὑρίσκεται
807 2576 897 2609 και
926 2556 1069 2631 ἀρχὴ
1124 2577 1213 2608 και
1268 2562 1437 2629 πηγὴ,
1492 2577 1582 2632 και
1621 2578 1701 2609 τοι
1749 2578 1838 2610 και

249 2664 346 2698 των
376 2646 544 2720 ἄκρων
572 2645 659 2704 ὅλη
693 2643 873 2699 διόλου
898 2644 1013 2699 ἐστί
1033 2665 1123 2698 και
1172 2654 1273 2698 τῶν
1310 2651 1613 2719 μεσοτήτων
1646 2648 1841 2719 ὁμοίως

217 2862 376 2927 sunt,
408 2859 707 2917 interdum
720 2861 901 2917 etiam
923 2861 1308 2932 conveniunt,
1353 2878 1426 2918 ex
1452 2878 1524 2919 eo
1553 2862 1620 2918 ﬁt
1647 2866 1710 2919 ut
1731 2879 1870 2920 con-

215 2950 568 3006 venientiam
583 2967 652 3007 ac
664 2950 1008 3007 distantiam
1020 2951 1132 3006 illis
1146 2952 1416 3008 accidere
1431 2952 1871 3009 animadverta—

1996 512 2066 572 ὡς
2092 511 2294 563 πάντων
2319 515 2488 577 κοινὴ,
2520 513 2575 563 αἱ
2622 508 2682 564 δὲ
2732 514 2943 582 κράσεις
2990 510 3040 563 ἐν
3092 517 3184 584 μὲν
3237 521 3298 585 τῇ
3341 516 3493 585 φύσει
3530 515 3595 573 ὡς

1996 618 2087 651 και
2114 602 2467 672 τὰστοιχεῖα,
2522 599 2647 655 ἐπὰν
2714 598 2775 654 δὲ
2821 600 3136 654 ποικιλθῶσι
3185 602 3387 676 ῥέποιεν
3441 602 3515 665 εἰς
3567 603 3595 655 ὃ

1995 690 2287 760 πεφύκασιν
2345 688 2562 756 ἑκάστη,
2630 692 2800 750 καθὼς
2849 694 3174 765 προείρηται.
3226 692 3347 745 Εἰσί
3395 688 3455 745 δε
3506 710 3597 744 και

1996 780 2205 851 κράσεις
2233 782 2304 850 μὴ
2339 778 2534 845 ύλικαί,
2590 780 2775 841 αἵτινες
2803 782 2940 831 κατὰ
2961 783 3048 833 τόν
3087 780 3243 833 αὐτόν
3304 779 3453 851 λόγον
3506 800 3597 833 και

1998 867 2150 921 αὐταί
2177 875 2486 923 κοινωνοῦσι
2538 876 2634 933 τῆς
2690 871 2886 941 φύσεως
2919 890 2932 902 -
2966 869 3010 922 εἰ
3051 870 3151 942 γὰρ
3179 889 3271 922 και
3316 870 3467 922 αὗται
3519 874 3591 941 μὴ

1998 958 2193 1024 ύλικαί,
2252 957 2361 1011 ἄλλ’
2414 954 2501 1013 οὖν
2558 960 2639 1011 ὅτι
2695 960 2904 1031 κράσεις
2952 963 3158 1031 μικταί,
3206 960 3379 1022 καθὼς
3423 958 3472 1010 ἐν
3523 966 3596 1030 τῷ

1996 1052 2227 1121 προτέρῳ
2266 1051 2470 1123 εἳρηται
2507 1047 2641 1120 λόγῳ
2683 1068 2695 1080 ·
2755 1049 2862 1099 οἷον
2909 1050 2981 1111 ὡς
3041 1048 3127 1101 ἐπί
3183 1057 3282 1101 τῶν
3329 1057 3597 1120 μουσικῶν

1998 1136 2275 1209 ἁρμονιῶν,
2328 1135 2413 1189 ἐπί
2459 1145 2557 1188 τῶν
2607 1156 2900 1209 σχηματων
2951 1145 3049 1195 τῶν
3103 1145 3319 1207 νοητῶν,
3371 1136 3456 1189 ἐπί
3496 1145 3595 1190 τῶν

2001 1229 2233 1297 σχέσεων
2284 1234 2385 1277 τῶν
2455 1244 2511 1279 τε
2585 1225 2943 1298 ἀριθμητικῶν
2993 1245 3083 1277 και
3140 1234 3239 1278 τῶν
3307 1225 3469 1278 ἄλλων
3527 1226 3594 1277 ὧν

1999 1318 2225 1387 εῖπομεν.
2287 1316 2352 1366 Αἱ
2383 1310 2435 1367 δ’
2487 1313 2662 1366 ύλικαί
2713 1316 2925 1387 κράσεις
2982 1334 3073 1365 και
3119 1314 3276 1366 αύται
3323 1322 3385 1387 τῇ
3442 1317 3598 1388 ὁμοίᾳ

1998 1403 2142 1467 τάξει
2183 1410 2489 1456 κοινωνοῦσι
2542 1411 2636 1464 τῆς
2682 1405 2879 1474 φύσεως
2926 1422 3017 1455 και
3052 1404 3374 1477 μερίζονται,
3437 1406 3503 1457 τὰ
3536 1401 3598 1456 δὲ

2003 1500 2249 1564 στοιχεῖα
2302 1492 2395 1544 ούκ
2452 1490 2651 1563 ἀλόγως
2706 1499 3039 1543 κοινωνοῦσιν
3091 1492 3219 1551 αὐτῆ
3234 1513 3274 1555 ς,
3333 1512 3426 1545 και
3466 1496 3597 1566 πρὸς

2001 1581 2159 1635 ἑαυτὰ
2192 1584 2338 1652 πηγὴ
2386 1584 2527 1647 ὄντα,
2592 1600 2683 1631 και
2710 1599 2793 1631 τοι
2838 1588 2937 1632 τῶν
2989 1581 3245 1653 κράσεων,
3305 1579 3432 1633 ἀλλὰ
3478 1579 3597 1634 καθ’

2000 1669 2313 1743 ἁρμονικοὺς
2380 1668 2566 1739 λόγους
2644 1664 3007 1735 διπλασίονας,
3080 1668 3356 1740 ἡμιολίους
3397 1688 3452 1721 τε
3508 1689 3601 1722 και

2001 1757 2294 1833 ἐπιτρίτους
2334 1779 2347 1791 ο
2380 1760 2551 1810 πάντα
2604 1759 2707 1830 γὰρ
2751 1759 2818 1809 τὰ
2863 1757 2979 1810 καθ’
3019 1759 3155 1809 αὐτὰ
3206 1760 3460 1829 ἡνωμένα,
3509 1778 3602 1811 και

1999 1851 2071 1920 μὴ
2131 1844 2183 1900 δ’
2246 1846 2432 1915 ἄλλων,
2498 1846 2749 1903 κυκλικὴν
2800 1850 2895 1904 τὴν
2952 1850 3254 1921 συστροφὴν
3311 1849 3529 1918 ἔχουσιν
3583 1866 3598 1879 ο

1999 1940 2223 1995 ἤνωνται
2272 1938 2374 2009 γὰρ
2409 1955 2500 1987 και
2550 1937 2617 1987 τὰ
2667 1942 2762 1987 τῶν
2819 1936 3073 2007 σωμάτων
3125 1939 3255 2008 μέρη
3305 1955 3397 1988 και
3446 1934 3599 2008 μέλη,

1998 2026 2066 2077 τά
2091 2044 2145 2077 τε
2194 2033 2295 2077 τῶν
2325 2023 2551 2095 ἀψύχων
2597 2043 2687 2075 και
2720 2031 2820 2075 τῶν
2868 2022 3149 2095 ἐμψύχων,
3203 2022 3312 2075 ἀλλ’
3363 2023 3421 2075 ού
3479 2024 3599 2076 καθ’

2001 2112 2137 2166 αύτίι
2172 2116 2297 2187 πρὸς
2345 2112 2479 2165 αύτὰ
2525 2111 2618 2165 ὅλα
2672 2118 2779 2172 τοῖς
2821 2112 2960 2174 ὅλοις
3006 2112 3188 2165 ἕνωσιν
3235 2114 3447 2184 ἔχουσι,
3510 2108 3604 2165 διὰ

1999 2211 2099 2255 τῶν
2153 2206 2324 2275 μέσων
2373 2198 2433 2253 δὲ
2480 2201 2716 2253 ἐνοῦνται
2767 2203 2834 2253 τὰ
2888 2202 3232 2276 παρεκάτερα,
3292 2202 3322 2259 ἠ
3390 2197 3450 2255 δε
3500 2208 3602 2253 τῶν

2004 2295 2284 2364 στοιχείων
2339 2292 2517 2351 ἓνωσις
2554 2289 2613 2343 ού
2643 2292 2885 2358 τοιαύτη,
2927 2288 3034 2341 ἀλλ’
3065 2289 3155 2348 ὅλη
3197 2296 3300 2351 τοῖς
3338 2289 3472 2351 ὅλοις
3527 2284 3601 2343 δι’

2000 2380 2127 2433 ὅλων
2157 2400 2247 2433 και
2272 2379 2367 2432 ούκ
2417 2379 2468 2433 ἓν
2520 2382 2666 2452 μέσῳ
2714 2386 2881 2434 τινῶν.
2928 2377 3085 2431 Ἐστι
3125 2375 3183 2431 δὲ
3236 2397 3326 2430 και
3354 2378 3497 2440 τάξις
3553 2380 3604 2430 ἓν

2001 2469 2173 2530 αὐτοῖς
2215 2470 2350 2521 κατά
2386 2487 2441 2520 τε
2490 2470 2547 2520 τὸ
2595 2468 2701 2519 ἄνω
2753 2486 2844 2518 και
2884 2470 2942 2518 τὸ
2982 2468 3146 2535 κάτω,
3204 2470 3263 2518 τό
3308 2464 3497 2537 μᾶλλόν
3549 2485 3606 2518 τε

1999 2578 2087 2610 και
2134 2560 2192 2610 τὸ
2224 2558 2397 2628 ἧττον,
2429 2560 2488 2609 τὸ
2516 2559 2701 2621 ποσὸν,
2738 2558 2798 2607 τό
2849 2559 3039 2627 κοῦφόν
3092 2573 3146 2607 τε
3196 2574 3288 2606 και
3327 2552 3478 2629 βαρῖ,
3516 2574 3608 2606 και

1998 2650 2132 2700 κατὰ
2326 2649 2384 2699 τό
2455 2647 2560 2698 ἄνω
2629 2664 2719 2697 και
2782 2646 2943 2715 κάτω,
3009 2663 3101 2696 και
3151 2643 3283 2703 αὐτη
3356 2638 3510 2703 δηλοῖ
3570 2645 3602 2701 ἦ

1979 2862 2094 2921 bus
2124 2863 2467 2933 misceatur,
2510 2864 2616 2920 sed
2638 2867 2701 2921 ut
2711 2863 2986 2921 omnium
3012 2859 3636 2933 communis.Tempe-

1978 2952 2238 3009 rationes
2267 2958 2470 3008 autem
2509 2953 2641 3009 alia;
2670 2953 2916 3025 quidem
2932 2957 3068 3008 sunt
3084 2956 3318 3021 natura,
3370 2954 3434 3005 ut
3455 2950 3636 3005 etiam

215 3054 377 3093 mus.
403 3040 802 3110 Utrumigitur
817 3056 955 3096 cum
982 3040 1411 3110 dividerentur,
1426 3057 1547 3097 una
1566 3058 1705 3097 cum
1722 3042 1872 3097 divi-
1904 3077 1946 3131 ο
1980 3040 2291 3096 elementa.
2322 3043 2645 3112 Postquam
2672 3056 2815 3096 vero
2838 3041 3188 3096 varietatem
3216 3040 3628 3109 susceperunt,

217 3128 389 3183 sione
408 3128 677 3200 ipsarum
689 3128 1227 3201 irrepseritbonum
1241 3136 1295 3185 et
1312 3130 1551 3200 malum,
1599 3130 1872 3202 proclivi-

220 3220 311 3271 tas
338 3217 416 3273 ad
454 3218 817 3283 mistionem,
849 3223 905 3273 et
931 3217 1271 3289 proclivitas
1303 3218 1382 3273 ad
1444 3219 1870 3287 secessionem,

217 3309 307 3363 ita
332 3313 395 3362 ut
422 3307 772 3364 varietatem
800 3307 1144 3363 induxerint
1181 3310 1208 3364 ‘2
1247 3311 1394 3364 Nam
1426 3309 1874 3364 contrarietates

222 3396 421 3452 solent
442 3396 811 3453 intermediis
846 3398 1200 3453 varietatem
1226 3396 1459 3465 afferre,
1502 3402 1566 3452 ut
1608 3398 1789 3455 etiam
1811 3396 1879 3453 ﬁt

217 3485 284 3541 in
313 3484 541 3554 ﬁguris,
575 3484 722 3541 Cum
744 3485 902 3541 enim
919 3485 1201 3541 distantia
1213 3486 1573 3557 positionum
1608 3493 1879 3542 etrerum

219 3575 633 3630 humanarum
668 3575 827 3646 (quia
852 3589 1080 3643 magna
1099 3572 1209 3647 est)
1230 3575 1586 3632 intermedio
1611 3576 1881 3647 quodam

220 3668 384 3720 esset
408 3661 750 3735 copulanda
790 3678 804 3716 :
854 3662 1074 3718 harum
1124 3662 1477 3719 intermedio
1536 3666 1882 3720 varietatem

219 3750 683 3825 quadruplicem
722 3750 996 3823 adeoque
1022 3750 1414 3823 multiplicem
1446 3751 1729 3808 habilitas
1741 3768 1883 3808 con-

222 3840 462 3897 ciliavit.
498 3842 647 3895 Nam
686 3839 818 3895 talis
847 3839 992 3895 boni
1029 3839 1288 3912 privatio
1327 3840 1701 3896 habilitatem
1733 3845 1884 3897 attu-

220 3929 310 3994 lit,
338 3928 619 3984 habilitas
651 3944 790 3983 vero
802 3930 1151 3984 varietatem
1178 3947 1195 3999 ;
1224 3929 1484 3985 varietas
1507 3934 1709 3984 autem
1730 3929 1883 4000 ﬁgu-

222 4034 352 4087 ras,
368 4022 424 4073 et
437 4017 647 4086 ﬁgurae
660 4015 1102 4088 copulationem
1113 4058 1125 4070 .
1144 4017 1547 4081 Quamobrem
1572 4034 1709 4089 quas
1734 4018 1886 4074 inter

227 4122 294 4162 se
334 4105 590 4161 multum
605 4104 929 4171 distabant,
944 4104 1342 4161 intercedente
1381 4104 1801 4177 aliquomedio
1829 4111 1886 4162 et

225 4195 398 4251 vario
416 4208 771 4251 convenere.
798 4194 1076 4250 Rationes
1102 4199 1304 4250 autem
1321 4195 1624 4250 varietatis
1664 4194 1884 4250 horum

227 4288 290 4340 et
324 4282 720 4356 copulationis
745 4282 863 4338 alio
915 4282 977 4338 in
1027 4282 1160 4338 loco
1216 4283 1473 4355 aliisque
1511 4283 1884 4352 argumentis

226 4371 736 4428 demonstrantur.
784 4373 952 4427 Nunc
1006 4386 1149 4427 vero
1220 4372 1588 4427 tractationis
1611 4372 1761 4428 ordo
1793 4388 1885 4429 re-

227 4461 412 4535 quirit
422 4465 507 4531 ut,
536 4459 1059 4533 quemadmodum
1073 4461 1449 4533 propositum
1472 4466 1562 4515 est
1577 4461 1776 4524 nobis,
1809 4461 1886 4517 de

229 4549 769 4623 temperationibus
793 4549 1090 4606 dicamus.

306 4733 367 4785 2.
401 4729 705 4786 Dictinctte
721 4731 861 4783 sunt
894 4728 1073 4797 igitur
1092 4726 1551 4799 temperationes
1583 4740 1621 4781 a
1671 4729 1888 4783 natura

237 4818 427 4875 modo
454 4833 640 4890 quem
670 4822 807 4874 ante
818 4817 1098 4873 diximus.
1118 4821 1268 4888 ipsae
1281 4821 1481 4871 autem
1495 4815 1774 4871 solitariae
1792 4814 1886 4870 in-

236 4909 438 4965 ferunt
471 4924 534 4965 se
563 4913 619 4964 et
658 4908 1005 4965 miscentur.
1059 4909 1206 4964 Sunt
1254 4906 1434 4977 igitur
1493 4906 1638 4977 ipse
1677 4920 1785 4978 per
1822 4919 1888 4961 se

238 5013 520 5055 seorsum
531 4997 983 5053 considerandas
997 5012 1120 5069 quo
1137 4995 1321 5051 modo
1330 4994 1619 5051 exsistant
1631 4999 1690 5050 et
1709 5009 1892 5067 copu-

235 5087 454 5144 lentur.
484 5088 602 5142 Hoc
641 5090 844 5142 autem
872 5085 1120 5141 inveniri
1149 5084 1366 5156 poterit
1419 5083 1470 5139 si
1510 5082 1804 5139 elementa
1831 5087 1891 5139 et

237 5183 527 5235 naturam
554 5176 906 5249 perscrutati
934 5174 1244 5232 fuerimus.
1284 5178 1366 5229 Ac
1394 5177 1610 5230 natura
1642 5172 1891 5246 quidem

239 5266 641 5325 communiter
666 5270 724 5323 et
750 5264 1363 5330 deomnibusdicitur,
1378 5268 1435 5319 et
1452 5263 1624 5334 quasi
1641 5277 1889 5331 gnomo«

239 5356 421 5413 nibus
449 5354 925 5412 circumdaturet
937 5353 1342 5426 undequaque
1353 5358 1624 5409 centrum
1662 5366 1894 5408 essere-

241 5443 488 5515 peritur,
521 5442 884 5515 principium
905 5447 964 5501 et
980 5442 1136 5510 fons,
1163 5441 1299 5496 licet
1334 5439 1507 5496 etiam
1538 5443 1661 5496 tota
1676 5455 1784 5512 per
1798 5443 1894 5496 to-

244 5539 338 5591 tas
361 5532 785 5602 extremitates,
816 5531 1158 5589 medietates
1168 5543 1503 5601 omnesque
1512 5528 1667 5585 adeo
1693 5532 1896 5599 partes

314 5619 645 5688 diffundat.
658 5636 859 5695 neque
873 5624 939 5678 ut
1338 5631 1479 5674 cum
1522 5615 1895 5689 particulati-

1980 3130 2038 3184 in
2052 3126 2196 3184 illud
2221 3127 2564 3184 inﬂuuntad
2579 3128 2744 3200 quod
2757 3134 2910 3201 aptas
2932 3133 3209 3199 nataeque
3238 3130 3394 3196 sunt,
3420 3140 3635 3197 quem-

1982 3216 2307 3272 admodum
2334 3220 2469 3271 ante
2495 3215 2713 3271 dictum
2737 3220 2846 3271 est.
2917 3217 3063 3272 Sunt
3101 3218 3303 3270 autem
3352 3212 3637 3285 qumdam

1981 3303 2444 3376 temperationes
2458 3318 2579 3358 non
2594 3304 2921 3359 materiatae
2932 3318 3069 3374 qum
3081 3301 3380 3373 ex;eadem
3405 3300 3638 3357 ratione

1983 3393 2128 3465 ipsae
2151 3407 2396 3465 quoque
2427 3396 2706 3447 naturam
2732 3391 3109 3463 participant.
3162 3388 3446 3455 Quamvis
3475 3389 3639 3444 enim

1986 3483 2104 3539 sint
2144 3480 2411 3537 materiai
2446 3484 2737 3551 expertes,
2773 3480 2917 3552 quia
2955 3484 3158 3535 tamen
3180 3483 3320 3534 sunt
3348 3482 3642 3550 tempera-

1988 3571 2198 3637 tiones,
2232 3574 2370 3625 sunt
2436 3568 2815 3626 admistionis
2855 3568 3194 3641 participes,
3254 3571 3321 3623 ut
3366 3567 3547 3623 etiam
3576 3566 3641 3623 in

1988 3660 2186 3732 priore
2201 3672 2477 3715 sermone
2488 3657 2827 3727 docuimus,
2840 3656 3184 3730 cujusmodi
3205 3660 3348 3712 sunt
3371 3656 3433 3712 in
3456 3656 3645 3712 musi-

1993 3750 2078 3805 cis
2104 3747 2533 3816 instrumentis,
2566 3747 2627 3803 in
2653 3747 2864 3818 ﬁguris
2892 3763 3029 3821 quae
3044 3747 3161 3802 sub
3190 3746 3644 3817 intelligentiam

1993 3838 2238 3900 cadunt,
2269 3837 2331 3892 in
2362 3836 2919 3908 comparationibus
2988 3835 3373 3892 arithmeticis
3422 3840 3480 3891 et
3514 3833 3645 3891 aliis

1992 3924 2172 3979 rebus
2198 3938 2461 3995 quarum
2490 3923 2900 3979 meminimus.
2948 3927 3128 3979 Porro
3182 3922 3647 3994 temperationes

1993 4013 2321 4069 materiataa
2346 4013 2527 4068 etiam
2565 4012 2714 4083 ipsas
2744 4011 2959 4068 eadem
2991 4012 3219 4068 ratione
3269 4026 3409 4066 cum
3425 4015 3648 4067 natura

1994 4101 2485 4157 communionem
2543 4099 2772 4155 habent
2812 4105 2871 4156 et
2921 4099 3374 4172 dispartiuntur.
3424 4102 3497 4154 At
3525 4097 3643 4154 ele-

1993 4194 2199 4246 menta
2260 4204 2386 4245 non
2458 4188 2689 4261 absque
2765 4188 2996 4244 ratione
3043 4187 3404 4260 participant
3454 4186 3643 4255 illam,

1994 4278 2215 4337 etiamsi
2241 4278 2351 4334 sibi
2365 4277 2482 4333 sint
2499 4276 2708 4334 fonset
2752 4277 2924 4347 origo
2954 4277 3456 4350 temperationum
3490 4291 3505 4343 ;
3538 4275 3648 4333 sed

1994 4368 2353 4440 participant
2377 4366 2602 4423 secund
2611 4382 2715 4422 um
2724 4366 3113 4423 harmonicas
3132 4365 3395 4422 rationes
3425 4380 3648 4438 nempe

1994 4456 2233 4530 duplas,
2265 4455 2685 4528 sesquialteras
2728 4460 2788 4511 et
2808 4454 3236 4528 sesquitertias.
3303 4457 3455 4511 Nam
3478 4469 3645 4526 qum-

1995 4561 2232 4619 cunque
2256 4560 2363 4618 per
2400 4544 2763 4601 seuniuntur
2793 4548 2853 4601 et
2875 4558 3001 4601 non
3012 4559 3119 4616 per
3132 4543 3644 4609 alia,circularem

1994 4634 2452 4693 conversionem
2482 4632 2727 4703 habent,
2755 4633 2937 4689 unita;
2962 4632 3124 4689 enim
3193 4636 3334 4687 sunt
3379 4630 3647 4702 corporis

1995 4728 2218 4797 partes.
2241 4727 2300 4780 et
2326 4721 2603 4779 membra
2630 4726 2754 4779 tam
2775 4722 3180 4778 animatorum
3248 4734 3437 4791 quam
3456 4716 3644 4772 inani.

1995 4817 2320 4880 matorum,
2343 4811 2450 4867 sed
2478 4826 2601 4866 non
2622 4812 2756 4883 ipsa
2784 4824 2891 4882 per
2910 4825 2972 4866 se
3001 4813 3125 4865 tota
3144 4806 3435 4863 cumtotis
3476 4804 3646 4860 unita

1998 4906 2156 4967 sunt,
2176 4901 2285 4956 sed
2298 4900 2800 4956 intercedentibus
2825 4898 3041 4953 mediis
3051 4897 3204 4952 inter
3214 4910 3276 4950 se
3289 4894 3457 4950 unita
3480 4899 3639 4962 sunt,

1999 4994 2069 5046 At
2086 4989 2517 5046 elementorum
2538 4986 2885 5043 communio
2921 5000 3046 5041 non
3075 4987 3164 5040 est
3200 4981 3352 5051 talis,
3398 4982 3506 5038 sed
3520 4985 3647 5040 tota

1998 5078 2134 5134 totis
2161 5092 2270 5149 per
2286 5079 2415 5132 tota
2427 5073 2609 5131 nullis
2621 5072 3124 5130 intercedentibus
3135 5070 3349 5128 mediis
3378 5070 3649 5128 adunata

2001 5170 2163 5222 sunt.
2189 5166 2287 5220 Est
2322 5163 2504 5219 etiam
2527 5161 2679 5218 ordo
2706 5162 2769 5217 in
2796 5161 2890 5217 his
2915 5160 3251 5218 secundum
3276 5160 3647 5233 superiorem

2000 5259 2058 5312 et
2074 5252 2412 5310 inferiorem
2440 5249 2665 5318 locum,
2690 5249 2755 5306 id
2772 5250 2939 5323 quod
2975 5255 3065 5306 est
3091 5250 3288 5320 magis
3335 5254 3392 5306 et
3412 5248 3637 5317 minus,

2001 5340 2334 5401 secundum
2349 5338 2771 5411 quantitatem,
2781 5338 3102 5408 levitatem,
3115 5344 3172 5396 et
3183 5338 3553 5410 gravitatem,
3565 5337 3650 5392 Ac

2003 5433 2154 5492 ordo
2173 5430 2416 5504 quidem
2438 5429 2776 5486 secundum
2814 5429 3183 5502 superiorem
3239 5426 3648 5484 etinferiorem

2002 5524 2201 5581 locum
2219 5518 2537 5577 manifeste
2554 5520 2833 5576 cernitur.
2861 5522 3012 5576 Nam
3062 5516 3217 5589 ignis
3268 5529 3512 5572 sursum
3527 5512 3651 5567 fer-

2006 5618 2122 5685 tur,
2145 5609 2286 5669 huic
2308 5608 2621 5682 subjicitur
2645 5625 2771 5676 aer,
2787 5624 2953 5682 aqua
2966 5608 3167 5679 magis
3183 5603 3414 5666 accedit
3430 5601 3511 5660 ad
3530 5604 3650 5660 ter-
