4042 6214
539 504 792 577 χέστερον
816 495 875 551 δί
906 500 963 551 τὸ
989 493 1132 574 ὕδωρ
1164 503 1226 569 τῇ
1252 503 1321 568 ’γῇ
1378 516 1389 529 ·
1424 499 1558 569 μέση
1601 497 1631 555 ἠ
1691 502 1781 567 γῆ.
1830 494 2008 547 Πάντα
2056 507 2147 545 και

539 592 641 666 γὰρ
670 591 737 642 τὰ
762 587 902 664 βάρη
934 586 1203 660 αὐτοφυῶς
1224 588 1353 661 πρὸς
1383 588 1439 638 τὸ
1463 590 1668 660 κέντρον
1699 586 1838 661 ὁρμᾷ
1866 604 1879 618 ·
1912 586 1971 636 τό
2013 581 2145 656 μᾶλ-

538 678 622 732 λον
649 675 707 731 δὲ
736 697 825 730 και
848 678 908 729 τὸ
933 677 1106 746 ἧττον,
1139 674 1322 738 οὕτως.
1359 674 1562 730 Μᾶλλον
1594 675 1645 728 ἐν
1684 682 1752 748 γῇ
1789 669 1933 749 ὕδωρ
1965 691 2055 725 και
2084 666 2143 724 ού

536 774 663 842 πῦρ,
688 786 778 820 και
816 764 865 819 ἐν
914 765 1081 840 αἰθέρι
1148 764 1272 843 ἀὴρ,
1321 784 1411 818 και
1459 764 1587 838 οὐχί
1630 773 1723 837 γῆ,
1781 783 1871 817 και
1923 761 1974 815 ἓν
2031 760 2144 836 ἀέρι

536 852 679 933 ὕδωρ
718 875 810 910 και
857 853 985 927 ούχί
1011 863 1103 928 γῆ,
1144 875 1235 909 και
1264 853 1314 909 ἐν
1353 851 1514 908 ὕδατι
1566 852 1666 928 ἀὴρ
1697 873 1787 906 και
1835 851 1964 924 ούχί
2014 857 2141 924 πῦρ.

533 943 688 1000 Ἐστι
727 943 787 999 δε
824 951 958 999 πᾶσι
989 946 1178 1014 πάντα,
1230 947 1474 1019 οὔμενουν
1521 940 1581 998 δί
1627 939 1722 996 διὰ
1773 946 1936 1016 μέσον
1984 942 2139 1010 τινός,

536 1032 642 1088 ἀλλ’
673 1035 808 1089 αύτά
846 1032 920 1088 δι’
965 1034 1091 1088 ὅλων
1141 1033 1331 1106 αὐτῶν,
1376 1034 1510 1094 πλὴν
1554 1035 1691 1087 κατὰ
1743 1036 1802 1085 τό
1841 1030 2031 1105 μᾶλλόν
2086 1046 2142 1082 τε

533 1145 623 1179 και
670 1128 728 1178 τό
772 1126 946 1195 ἧττον,
997 1128 1254 1184 ποσότητι
1310 1120 1368 1178 δὲ
1432 1125 1617 1178 κάθότι
1672 1124 1739 1176 τὰ
1794 1122 2142 1196 περιεχόμενα

532 1223 630 1267 τῶν
677 1217 1058 1291 περιεχομένων
1142 1213 1369 1287 ἐλάσσω,
1429 1216 1565 1267 κατὰ
1602 1217 1695 1272 τὴν
1748 1218 1842 1265 τοῦ
1898 1216 2141 1283 σώματος

533 1302 776 1375 ἀνάλογον
858 1308 1209 1376 στεγανότητα
1279 1305 1309 1363 ἦ
1404 1304 1672 1379 ὑγρότητα
1744 1303 1773 1361 ἢ
1822 1299 2063 1358 λειοτητα
2104 1298 2134 1357 ἣ

528 1398 820 1466 μανότητα,
869 1395 898 1453 ἣ
945 1393 1251 1461 λεπτότητα,
1311 1398 1609 1466 κουφότητα
1639 1393 1886 1452 ὡσαύτως
1939 1409 1994 1443 τε
2050 1406 2140 1441 και

531 1482 831 1559 βαρύτητα,
874 1503 963 1536 και
1015 1491 1168 1536 τοῦτο
1217 1486 1451 1555 γνωστὸν
1501 1481 1588 1535 ἀπ’
1639 1482 1804 1543 αὐτῆς
1847 1485 1938 1540 τῆς
1996 1477 2138 1551 ἔναρ-

528 1578 670 1645 γείας
735 1574 878 1626 ἐστίν
936 1591 949 1608 ο
988 1570 1114 1627 οὐδὲ
1167 1575 1267 1647 γὰρ
1312 1571 1731 1649 εἰλικρινέστερον
1777 1573 2027 1642 γνοίη-’γε
2076 1566 2137 1619 ἆν

528 1668 627 1724 πᾶς
674 1662 768 1715 ούκ
815 1661 902 1735 ἀφ’
958 1662 1141 1716 ἑαυτοῦ
1196 1668 1324 1716 νοῶν
1398 1663 1536 1715 τοῦτ’
1578 1661 1704 1714 αὐτὸ
1748 1661 1777 1719 ἢ
1826 1657 1879 1722 ἐξ
1918 1657 2085 1710 αὐτῶν
2117 1676 2133 1692 ο

529 1754 644 1824 ἔχει
706 1754 804 1827 γὰρ
867 1750 1003 1805 αὐτὰ
1044 1754 1109 1805 τὰ
1176 1756 1420 1825 στοιχεῖα
1464 1755 1558 1811 τὴν
1605 1758 1703 1803 τῶν
1760 1748 2010 1822 ἑκατέρων
2068 1745 2134 1808 εἰς

531 1839 691 1894 ἑαυτὰ
730 1839 981 1916 ἐνέργειαν
1040 1841 1113 1903 εἰς
1149 1841 1436 1915 τούμφανὲς
1482 1843 1547 1893 τὰ
1592 1839 1782 1892 ἑαυτῶν
1832 1834 2134 1890 δεικνύοντα

530 1926 796 2004 ἰδιώματα
828 1951 840 1964 ο
873 1932 1079 1993 τούτοις
1117 1926 1176 1983 δὲ
1204 1934 1359 2004 φύσις
1399 1930 1538 1983 ἐστὶν
1568 1926 1735 2005 ἀρχὴ,
1770 1928 2021 2003 μερισμὸς
2073 1921 2132 1978 δί

526 2020 759 2093 ὑπάρχει
808 2019 969 2081 αὐτῆς
1016 2040 1029 2055 ο
1065 2019 1198 2073 οὕτω
1242 2023 1340 2096 γὰρ
1395 2038 1485 2073 και
1542 2019 1610 2072 τὰ
1660 2019 1793 2091 μετὰ
1848 2023 2015 2068 ταῦτα
2064 2021 2125 2088 τῇ

527 2107 682 2182 ὁμοίᾳ
710 2108 945 2182 ποικιλίᾳ
992 2106 1347 2164 ἐπακολουθεῖ.
1402 2108 1549 2165 Ἐπεί
1580 2104 1639 2160 δὲ
1681 2125 1773 2159 και
1820 2100 2130 2157 ἀποδεικτι-

524 2204 745 2275 κώτερον
784 2205 902 2275 περί
955 2202 1156 2273 φύσεως
1206 2220 1299 2253 και
1336 2202 1569 2275 κράσεων
1598 2201 1708 2273 χρὴ
1757 2199 1898 2269 ἡμᾶς
1947 2195 2123 2263 εἰπεῖν,

525 2288 620 2342 ούκ
660 2286 1067 2363 ἀναϐαλλόμεθα,
1129 2287 1236 2342 ἀλλ’
1277 2287 1331 2353 ἐξ
1387 2288 1553 2342 αὐτῶν
1600 2295 1700 2340 τῶν
1756 2286 2032 2358 στοιχείων
2073 2302 2128 2338 τε

524 2382 614 2431 καὶ
643 2387 734 2441 τῆς
787 2380 986 2451 φύσεως
1027 2374 1368 2451 ἀποδείξομεν
1415 2374 1509 2431 διὰ
1563 2382 1657 2430 τοῦ
1708 2378 2126 2451 καταγραφέντος

496 2653 650 2703 ram,
678 2637 882 2696 media
901 2640 1103 2696 autem
1129 2639 1218 2695 est
1243 2639 1400 2695 terra
1428 2650 1602 2707 ;nam
1622 2632 1828 2693 omnia
1864 2647 2001 2708 quas
2018 2646 2151 2706 gra-

494 2728 597 2785 via
626 2732 765 2786 sunt
793 2744 904 2786 sua
933 2731 1150 2802 sponte
1180 2727 1259 2785 ad
1288 2730 1561 2784 centrum
1627 2725 1917 2782 feruntur.
1964 2727 2038 2781 At
2058 2739 2148 2780 se-

495 2816 764 2875 cundum
792 2817 856 2875 id
891 2817 1058 2892 quod
1087 2821 1176 2875 est
1201 2816 1398 2889 magis
1428 2820 1486 2874 et
1528 2815 1728 2872 minus
1787 2814 1903 2871 hoc
1940 2812 2145 2871 modo.

494 2906 677 2979 Magis
701 2906 764 2963 in
790 2911 946 2964 terra
971 2911 1059 2964 est
1086 2922 1251 2980 aqua
1274 2921 1463 2980 quam
1492 2904 1667 2977 ignis,
1695 2903 1757 2960 in
1784 2903 2001 2960 aethere
2047 2917 2150 2959 aer

494 3012 684 3070 quam
712 3000 883 3066 terra,
910 2997 974 3053 in
986 3011 1122 3054 aere
1150 3011 1332 3070 aqua,
1356 3010 1544 3070 quam
1560 2997 1744 3063 terra,
1762 2993 1824 3050 in
1849 3008 2012 3067 aqua
2032 3007 2147 3065 po-

494 3085 608 3142 tius
633 3102 753 3159 aer,
786 3102 974 3160 quam
1001 3086 1177 3158 ignis.
1214 3087 1574 3144 Suntautem
1602 3083 1829 3141 interse
1863 3081 2147 3140 omnibus

492 3176 719 3246 omnia,
748 3192 960 3234 verum
992 3192 1116 3234 non
1139 3174 1544 3234 intercedente
1592 3173 1795 3231 medio
1848 3172 2143 3247 quodam,

491 3265 597 3323 sed
621 3265 758 3339 ipsa
785 3266 849 3323 in
873 3266 1022 3340 ipsis
1047 3266 1208 3335 totis,
1224 3265 1408 3338 idque
1434 3262 1773 3322 secundum
1793 3262 1856 3319 id
1870 3261 2039 3336 quod
2059 3263 2148 3319 est
2175 3275 2215 3331 (ς

489 3354 684 3427 magis
698 3359 752 3413 et
767 3355 989 3425 minus,
1005 3354 1335 3412 secundum
1349 3353 1734 3429 quantitatem
1746 3392 1760 3416 ,
1772 3356 1835 3409 ut
1846 3367 1975 3409 cum
1993 3366 2148 3408 com-

489 3445 791 3517 prehensa
803 3444 1255 3519 comprehensis
1266 3445 1503 3501 minora
1515 3447 1654 3501 sunt
1666 3440 2001 3500 secundum
2011 3455 2147 3513 pro-

487 3534 828 3608 portionem
859 3535 1012 3608 ejus,
1039 3548 1177 3609 quae
1207 3533 1651 3607 estincorpore,
1689 3530 2024 3601 soliditatis,
2041 3532 2146 3587 aut

484 3622 881 3693 humiditatis,
895 3621 1427 3693 autmollitudinis,
1444 3626 1549 3681 aut
1567 3619 2146 3691 raritatis,autetiam

487 3713 847 3773 subtilitatis.
862 3714 1088 3773 Eodem
1102 3713 1286 3772 modo
1303 3712 1638 3770 secundum
1653 3711 1950 3769 levitatem
1970 3712 2026 3766 et
2036 3723 2145 3781 gra

484 3802 752 3862 vitatem.
805 3806 992 3877 Atque
1019 3802 1136 3860 hoc
1192 3818 1265 3860 ex
1305 3802 1440 3876 ipsa
1507 3800 1805 3859 evidentia
1856 3795 2143 3871 cognosci

484 3894 682 3967 potest
714 3894 900 3951 Nemo
925 3893 1087 3950 enim
1119 3892 1408 3965 (cogitans
1438 3890 1565 3965 ipse
1588 3905 1697 3964 per
1744 3889 1827 3960 se)
1877 3888 1996 3947 hoc
2048 3887 2141 3961 ip-

485 3997 621 4039 sum
649 3981 845 4040 verius
868 3997 1056 4056 quam
1082 3996 1155 4040 ex
1180 3978 1519 4055 ipsisrebus
1540 3993 1897 4050 cognoscere
1918 3980 2134 4051 potest.

483 4071 716 4129 Habent
764 4072 923 4129 enim
979 4072 1117 4145 ipsa
1171 4070 1466 4128 elementa
1513 4073 1906 4141 utrorumque
1950 4066 2011 4125 in
2075 4080 2139 4122 se

481 4160 884 4229 efﬁcientiam,
934 4160 1017 4217 ita
1084 4163 1150 4216 ut
1200 4158 1511 4216 manifeste
1559 4172 1701 4214 suas
1744 4155 2136 4230 proprietates

479 4249 761 4323 prodant.
784 4250 881 4306 His
910 4252 1112 4306 autem
1135 4252 1350 4306 natura
1374 4246 1737 4321 principium
1773 4250 1879 4303 est.
1918 4247 2135 4303 Verum

477 4337 574 4395 his
591 4337 772 4395 etiam
799 4338 955 4395 inest
980 4337 1336 4395 distributio.
1359 4339 1507 4394 Nam
1529 4339 1741 4394 cratera
1759 4351 1896 4409 quae
1918 4350 2135 4408 sequn-

480 4430 576 4485 tur
610 4426 893 4500 deinceps
950 4426 1205 4483 similem
1267 4425 1612 4484 varietatem
1687 4424 1963 4482 retinent.
2016 4422 2133 4482 Sed

479 4515 772 4590 quoniam
797 4519 1029 4589 oportet
1045 4529 1159 4574 nos
1181 4514 1256 4573 de
1276 4519 1494 4574 natura
1517 4520 1575 4571 et
1593 4513 1668 4571 de
1687 4512 2129 4587 temperationi-

2667 1511 3462 1800 ρ

2294 1929 2379 1978 Δεῖ
2403 1930 2526 1997 γοῦν
2558 1920 2833 1989 ἀποδεῖξαι
2879 1922 2926 1979 ἐν
2972 1920 3112 1997 αὐτῷ
3162 1926 3257 1985 τὴν
3302 1931 3393 1990 τῆς
3449 1927 3638 2001 φύσεως
3686 1928 3818 1981 ἕνωσιν

2292 2033 2381 2067 και
2437 2022 2536 2067 τῶν
2586 2017 2818 2089 κράσεων
2868 2010 2962 2068 διὰ
3010 2022 3108 2069 τῶν
3180 2020 3459 2088 στοιχείων
3520 2037 3570 2071 τε
3640 2038 3713 2070 και
3751 2025 3818 2080 τῆς

2292 2106 2503 2177 φύσεως.
2554 2104 2805 2177 Ἀχθήτω
2834 2102 2935 2159 ἀπὸ
2966 2114 3061 2167 τῆς
3108 2110 3147 2158 Α
3202 2102 3480 2181 διάμετρος
3538 2111 3814 2184 περαιουμένη

2287 2201 2360 2265 τῷ
2433 2198 2622 2270 κέντρῳ
2674 2198 2805 2248 κατὰ
2851 2197 2945 2255 τὴν
3007 2200 3064 2263 Γ,
3114 2195 3366 2259 ὡσαύτως
3419 2217 3507 2250 και
3558 2195 3648 2251 ἀπὸ
3683 2206 3757 2260 τῆς
3794 2203 3819 2251 Β

2287 2281 2504 2356 axem.
2533 2287 2875 2360 περαιουμένη
2907 2293 2977 2358 τῷ
3027 2288 3219 2362 κέντρῳ
3252 2288 3392 2341 κατὰ
3440 2290 3532 2347 τήν
3574 2294 3624 2342 Δ*
3672 2290 3818 2363 γεγρά-

2288 2375 2498 2447 φθωσαν
2527 2379 2617 2429 καὶ
2667 2375 2831 2451 ἕτεροι
2877 2381 3011 2453 τρεῖς
3050 2374 3230 2430 κύκλοι
3265 2398 3278 2412 ·
3313 2373 3461 2432 ἔνδον
3496 2384 3583 2432 τοῦ
3615 2383 3651 2433 Α
3692 2384 3721 2431 Β
3744 2382 3815 2431 ΓΔ

2260 2634 2415 2692 stent
2443 2633 2484 2690 ο
2536 2635 2601 2691 D.
2644 2632 2947 2694 Scribatur
2989 2632 3053 2693 in
3091 2633 3297 2694 circuli
3350 2640 3550 2695 centro
3589 2636 3751 2696 littera
3792 2634 3836 2694 [ἶ.

2653 2881 3516 3215 η

2474 2825 3678 4017 __

2244 4150 2503 4212 Tollatur
2534 4157 2585 4214 Μ
2613 4159 2827 4229 sector,
2858 4157 2918 4215 et
2951 4152 3304 4230 adaequetur
3335 4155 3453 4234 ipsi
3490 4159 3550 4230 Τ,
3578 4160 3632 4216 et
3677 4160 3717 4212 Α
3749 4146 3831 4225 ipsi

2242 4244 2311 4315 Μ,
2341 4247 2399 4302 et
2416 4246 2437 4299 Ι
2455 4244 2570 4318 ipsi
2590 4246 2639 4300 A
2662 4261 2677 4301 :
2706 4246 3143 4320 comperiemus
3161 4248 3212 4303 M
3232 4246 3513 4322 dulplum
3536 4261 3655 4306 esse
3686 4241 3829 4318 ipsius

2242 4334 2284 4403 l,
2301 4335 2359 4390 et
2376 4337 2422 4390 A
2444 4333 2634 4408 ipsius
2656 4337 2705 4393 ﬂ
2726 4333 3203 4409 sesquialterum,
3235 4340 3294 4394 et
3346 4337 3535 4411 ipsius
3576 4340 3622 4393 Α
3649 4328 3827 4405 sesqui-

2239 4422 2495 4480 tertium.
2520 4423 2828 4481 Ponamus
2844 4424 3024 4496 igitur
3036 4427 3076 4481 Τ
3090 4439 3223 4483 esse
3242 4431 3482 4500 terram,
3507 4430 3555 4484 Μ
3573 4437 3781 4500 aquam,
3800 4420 3832 4473 Α

2238 4526 2462 4583 aerem,
2490 4516 2511 4569 Ι
2550 4512 2771 4584 ignem.
2798 4515 2944 4571 Cum
2962 4514 3142 4587 igitur
3160 4514 3365 4573 circuli
3404 4520 3655 4590 quatuor
3677 4508 3835 4569 sectio-

476 4604 593 4664 bus
616 4620 955 4663 sermonem
972 4605 1254 4664 facientes
1274 4603 1878 4678 aﬁ‘erreprobationes
1890 4602 2133 4660 eviden-
2159 4642 2207 4699 Ι)
2237 4615 2346 4657 nes
2375 4617 2514 4659 cum
2553 4605 2597 4660 N
2624 4603 2994 4677 copulentur,
3024 4604 3325 4679 copulatio
3370 4607 3548 4663 totius
3602 4598 3832 4661 circulum

476 4695 680 4765 tiores,
713 4710 859 4753 sane
887 4694 1122 4753 differre
1152 4694 1455 4752 nolumus.
1493 4699 1573 4749 Ac
1602 4708 1676 4750 ex
1702 4692 1850 4765 ipsis
1878 4691 2133 4750 elemen~

476 4785 549 4842 tis
576 4784 828 4859 ipsaque
855 4784 1008 4842 adeo
1033 4789 1249 4842 natura
1272 4783 1573 4856 descripto
1594 4782 1709 4839 hoc
1730 4780 1950 4839 circulo
1965 4782 2132 4856 quod

472 4875 756 4933 volumus
785 4874 1358 4933 demonstrabimus.
1393 4875 1531 4929 Esto
1562 4871 1884 4929 circulusA
1922 4873 1959 4929 Β
1990 4875 2030 4931 C
2061 4875 2127 4930 D.

476 4967 717 5038 Oportet
747 4964 927 5037 igitur
961 4966 1025 5023 in
1048 4966 1164 5023 hoc
1198 4962 1419 5022 circulo
1448 4965 1678 5020 naturai
1731 4965 1787 5018 et
1840 4965 2133 5036 tempera-

473 5054 707 5111 tionum
733 5054 1223 5111 communionem
1249 5058 1372 5110 tam
1402 5051 1465 5108 in
1506 5050 1815 5108 elementis
1854 5066 2040 5124 quam
2068 5050 2131 5108 in

471 5146 690 5201 natura
709 5142 1041 5202 ostendere.
1082 5146 1342 5201 Ducatur
1367 5140 1445 5199 ab
1467 5142 1517 5196 A
1545 5140 1837 5198 diameter
1865 5155 1974 5214 per
1997 5155 2132 5198 cen-

471 5236 631 5291 trum
649 5248 786 5308 quaa
801 5234 1151 5292 terminetur
1165 5233 1227 5290 in
1243 5235 1304 5289 E.
1330 5230 1555 5290 Eodem
1577 5230 1761 5289 modo
1782 5229 2038 5289 ducatur
2056 5245 2131 5289 ex

469 5324 513 5381 B
541 5338 649 5398 per
686 5327 955 5383 centrum
976 5322 1182 5393 altera,
1221 5337 1360 5395 quas
1388 5321 1738 5379 terminetur
1773 5320 1835 5378 in
1892 5323 1959 5381 D.
2026 5323 2132 5379 De-

469 5414 809 5475 scribantur
833 5414 932 5473 alii
962 5418 1078 5472 tres
1098 5411 1305 5471 circuli
1341 5411 1499 5470 intra
1536 5409 1826 5468 circulum
1854 5414 1902 5468 A
1928 5413 1968 5468 B
1994 5412 2034 5470 C
2061 5414 2127 5484 ι),

466 5505 572 5578 qui
599 5505 851 5581 quidem
872 5502 1091 5577 aequali
1113 5501 1307 5576 spatio
1325 5501 1479 5558 inter
1507 5513 1573 5556 se
1601 5498 1839 5558 distent.
1893 5501 2128 5568 Quanto

466 5598 667 5658 autem
709 5592 1024 5656 intervallo
1066 5592 1289 5654 distent
1315 5595 1363 5650 A
1382 5594 1441 5650 et
1467 5591 1528 5663 Β,
1560 5591 1730 5652 tanto
1779 5589 1960 5652 etiam
2031 5590 2129 5653 ἀί·-

2239 4691 2474 4764 efﬁciat,
2494 4692 2747 4751 efﬁcitur
2765 4709 2910 4751 sane
2930 4698 2997 4751 ut
3014 4697 3056 4752 Τ
3072 4697 3122 4751 M
3149 4700 3195 4751 A
3220 4698 3243 4752 Ι
3259 4710 3400 4752 cum
3426 4697 3471 4753 U
3516 4689 3832 4768 copulatione

2238 4781 2496 4839 naturali
2523 4782 2825 4842 uniantur.
2858 4787 3037 4842 Porro
3060 4784 3205 4858 quia
3224 4785 3287 4842 in
3314 4789 3433 4843 tres
3463 4789 3651 4859 partes
3696 4784 3742 4837 et
3787 4776 3831 4832 in

2240 4870 2540 4944 triangula
2559 4872 2927 4943 dividuntur,
2952 4890 3022 4932 ac
3042 4876 3301 4948 majores
3321 4875 3567 4949 quidem
3604 4875 3771 4947 partes
3787 4864 3831 4921 in

2240 4961 2717 5020 oircmcurrentis
2730 4963 2905 5021 lineae
2922 4964 3173 5022 modum
3186 4963 3718 5036 inﬂexas,obliquas
3725 4965 3831 5012 vero

2238 5050 2301 5108 in
2317 5056 2545 5110 rectum
2572 5052 2895 5126 productas
2914 5053 3157 5127 habent,
3187 5071 3257 5112 ex
3277 5070 3349 5112 eo
3377 5050 3832 5128 temperationes:

2239 5144 2350 5199 tem
2357 5141 2767 5215 perationibus
2781 5157 2986 5201 revera
3000 5144 3267 5217 separari
3279 5143 3567 5213 videmus,
3579 5154 3691 5200 non
3701 5146 3831 5194 secus

2239 5234 2422 5305 atque
2441 5235 2642 5305 partes
2662 5231 2825 5305 ipsas
2842 5233 2905 5290 in
2917 5238 3175 5291 sectores
3190 5235 3231 5290 Τ
3250 5234 3298 5291 ﬂ
3318 5237 3397 5291 Al
3428 5230 3744 5291 distributas
3760 5235 3832 5279 va-

2236 5320 2444 5380 rietate
2463 5320 2749 5395 distingui
2763 5321 3082 5380 cernimus.
3099 5324 3252 5381 Nam
3266 5322 3560 5396 generalis
3576 5319 3653 5379 illi
3668 5330 3781 5376 cum
3797 5305 3830 5364 Ν

2238 5410 2759 5484 convenientia,ad
2772 5412 3039 5471 intcrnos
3053 5428 3242 5487 usque
3255 5417 3510 5471 sectores
3520 5414 3637 5470 tota
3646 5403 3830 5483 ponit!!!

2234 5500 2609 5573 estﬂgurata.
2629 5501 2742 5562 Sed
2755 5501 3055 5577 capulatio
3064 5517 3202 5578 quae
3213 5507 3303 5562 est
3313 5503 3429 5562 inN
3450 5506 3541 5561 est
3550 5493 3828 5578 individua,

2236 5590 2493 5667 perinde
2516 5606 2590 5653 ac
2613 5591 2666 5653 si
2692 5576 2946 5653 dixerim
2973 5576 3249 5657 constare
3276 5609 3350 5655 ex
3371 5595 3621 5667 quatuor
3637 5576 3829 5664 puncti!
