4042 6214
200 365 346 425 1285

1093 359 1450 420 THEODORI
1489 355 1536 415 II
1572 355 1708 412 IMP.
1751 345 1842 408 DE
1881 345 2342 410 COMMUNIONE
2379 351 2728 414 NATURALI

3481 359 3618 422 i286

194 492 414 563 κύκλου,
458 487 629 552 ἐξίσου
665 487 867 558 ἔχοντες
914 487 1008 546 τὴν
1063 482 1366 554 διάστασιν,
1427 487 1496 548 ὡς
1553 483 1579 536 ὁ
1634 487 1676 535 Α
1730 477 1930 551 πρὸςΑ
1967 471 2121 529 Ἐστι
2171 484 2297 549 γοῦν
2355 485 2597 555 συγγενὲς
2643 479 2834 556 μᾶλλον
2877 482 2936 536 τὸ
2975 478 3119 556 ὕδωρ
3174 478 3267 536 διὰ
3311 487 3478 538 ταῦτα
3525 495 3618 548 τῆς

195 584 292 633 τὸν
332 586 368 634 Β
422 586 484 652 τῇ
526 575 827 650 διαστάσει,
878 576 904 628 6
963 581 1001 629 Γ
1052 578 1176 651 πρὸς
1223 579 1310 630 τὸν
1367 581 1422 630 Δ.
1460 570 1744 646 Ἐγκείσθω
1797 563 1856 620 δι

193 674 292 722 καὶ
344 677 415 740 τῷ
467 669 658 742 κέντρῳ
699 669 758 718 τὸ
819 671 878 722 Φ.
931 664 1180 738 Ἀχθήτω
1237 661 1323 719 οὖν
1380 665 1406 718 6
1443 671 1486 718 Υ
1537 663 1720 735 τομεύς
1764 660 1856 710 καὶ

171 747 536 823 ’ἄεισασθήτω
565 765 638 828 τῷ
669 761 725 828 Γ,
767 759 858 809 καί
896 755 922 808 6
962 761 1004 810 Α
1041 763 1114 827 τῷ
1152 762 1211 824 Υ,
1242 760 1333 809 καὶ
1389 755 1415 808 ὁ
1465 760 1508 808 Π
1550 760 1621 806 τῶ
1663 757 1725 821 Α,
1766 751 1856 802 καὶ

195 848 572 922 εὑρεθήσονται
624 846 650 898 ὁ
702 848 792 918 μὲν
842 851 884 898 Υ
923 851 1015 897 τοῦ
1069 850 1107 897 Γ
1155 840 1457 915 διπλάσιος,
1507 844 1533 896 6
1589 837 1648 896 δὲ
1688 847 1728 895 A
1762 843 1854 892 1'06

194 943 242 990 Υ
291 935 544 1009 ἡμιόλιος,
597 935 624 988 ὁ
672 929 731 988 δε
786 941 830 988 Π
860 941 952 987 τοῦ
1009 940 1052 988 Δ
1091 931 1364 1008 ἐπίτριτος.
1411 931 1620 992 Τεθὴτω
1663 935 1789 1003 γοῦν
1827 927 1854 980 ό

195 1027 294 1098 μὲν
344 1023 473 1077 εἶναι
525 1032 618 1096 γῆ,
669 1020 787 1076 ὁδε
814 1019 984 1097 ὕδωρ,
1035 1023 1062 1076 6
1094 1019 1154 1077 δὲ
1193 1021 1314 1098 ἀὴρ,
1357 1024 1382 1076 ό
1428 1019 1488 1076 δὲ
1537 1028 1664 1096 πῦρ,
1702 1021 1762 1072 1'6
1795 1013 1855 1071 δὲ

197 1120 241 1168 Φ
300 1117 506 1187 κέντρον
559 1117 650 1166 καὶ
703 1115 876 1185 φύσις.
919 1112 981 1165 Εἰ
1025 1116 1149 1186 γοῦν
1208 1113 1288 1165 ὃτι
1351 1114 1406 1164 αἱ
1469 1113 1606 1164 κατὰ
1666 1107 1852 1161 κύκλον

191 1209 444 1278 τέσσαρες
491 1207 642 1276 τομοὶ
679 1205 810 1277 πρός
865 1206 922 1256 1'6
981 1209 1020 1257 Φ
1077 1204 1444 1272 συνάπτονται,
1500 1204 1529 1262 ἡ
1574 1198 1750 1254 διόλου
1793 1193 1852 1252 δι

195 1296 399 1366 συναφὴ
491 1287 678 1354 κύκλος
763 1291 924 1359 ἐστὶν,
1002 1286 1232 1346 ένοῦνται
1306 1293 1410 1366 ἄρα
1481 1289 1601 1344 καθ’
1671 1288 1851 1342 ἕνωσιν

190 1386 418 1456 φυσικὴν
449 1382 478 1441 ἡ
537 1387 576 1435 Γ
613 1386 655 1434 Υ
696 1387 737 1435 Α
769 1386 812 1434 Π
843 1383 973 1456 πρὸς
1023 1385 1119 1441 τὴν
1169 1387 1206 1436 Φ
1238 1397 1251 1412 ⁶
1310 1383 1392 1434 ὅτι
1431 1375 1490 1434 δὲ
1535 1373 1851 1454 τετραδικῶς

187 1474 495 1544 μερίζονται
560 1469 591 1529 ἢ
658 1475 998 1545 τριγωνικῶς,
1063 1469 1092 1528 ἦ
1149 1471 1240 1531 τὰς
1285 1471 1376 1543 μὲν
1433 1471 1646 1542 μείζους
1697 1483 1850 1540 περι-

185 1567 353 1634 φερῶς
397 1560 670 1631 νὲχουσιν,
740 1559 942 1620 εύθείως
1018 1555 1077 1612 δὲ
1141 1560 1237 1621 τὰς
1299 1557 1546 1632 πλαγίας,
1616 1559 1848 1630 φαίνεται

185 1649 272 1701 ὅτι
339 1653 428 1702 καὶ
475 1649 690 1717 κράσεις
749 1646 908 1710 ὄντως
967 1647 1291 1723 χωρίζονται
1363 1649 1619 1721 κράσεων,
1675 1646 1847 1708 καθὼς

179 1743 277 1792 καὶ
334 1741 401 1792 τὰ
431 1738 504 1801 εἰς
549 1742 673 1800 τοὺς
723 1743 761 1791 Γ
805 1743 846 1792 Υ
879 1744 916 1792 Α
969 1743 1015 1792 Π
1065 1741 1196 1812 μέρη
1229 1737 1582 1792 ποικίλλονται
1611 1757 1626 1773 ο
1678 1737 1708 1795 ἠ
1743 1738 1845 1810 γὰρ

1965 571 2086 636 γῆς,
2135 570 2226 620 καὶ
2266 567 2325 622 06
2377 573 2436 624 τό
2465 579 2591 647 πῦρ,
2624 573 2692 635 ὡς
2743 575 2834 624 καὶ
2881 573 2906 624 6
2936 568 3038 648 ἀὴρ
3068 577 3160 624 τοῦ
3189 575 3354 650 πυρός
3401 573 3614 648 μᾶλλον,

1966 654 2056 705 καὶ
2111 651 2218 726 οὐχ
2273 656 2304 715 ἦ
2345 665 2437 730 γῆ,
2473 664 2564 712 καὶ
2613 662 2671 713 τό
2703 656 2848 735 ὕδωρ
2895 667 2988 714 τοῦ
3045 658 3212 736 ἀέρος,
3265 667 3355 716 καὶ
3411 663 3470 717 06
3522 671 3616 718 τοῦ

1965 741 2152 815 πυρός,
2194 749 2282 798 καὶ
2325 747 2352 799 6
2383 745 2482 824 ἀὴρ
2539 756 2630 803 τοῦ
2661 746 2872 818 ὕδατος,
2927 751 3016 804 καὶ
3046 749 3106 804 ού
3135 760 3232 814 τῆς
3285 758 3406 824 γῆς,
3461 754 3526 814 ὡς
3555 757 3614 807 τὸ

1967 825 2210 903 ἀνάλογον
2267 831 2317 887 ἔν
2367 845 2482 901 ταῖς
2535 846 2628 892 τοῦ
2683 839 2877 894 κύκλου
2933 836 3168 894 δείκνυσι
3205 845 3436 917 μοίραις.
3491 846 3612 896 Κέν-

1963 935 2084 992 τρον
2137 923 2240 998 γὰρ
2291 935 2556 999 παντεχοῦ
2612 945 2666 983 τε
2729 933 2819 983 καὶ
2877 928 2929 994 ἐξ
2993 929 3226 1003 ἀνάγκης
3266 929 3379 985 ἐστὶ
3429 933 3488 984 τὸ
3551 938 3612 1002 Φ,

1964 1015 2130 1064 ταῦτα
2179 1008 2239 1066 δέ
2271 1011 2413 1068 ἐστιν
2445 1014 2492 1070 ἐν
2522 1012 2594 1070 δι’
2627 1017 2779 1072 αλλου
2810 1022 2899 1073 καὶ
2928 1018 2978 1073 ἓν
3026 1017 3198 1094 ἑτέρῳ,
3251 1026 3335 1074 καὶ
3383 1023 3613 1094 γειτνιά-

1965 1097 2054 1158 ξον
2078 1103 2210 1176 πρὸς
2238 1101 2358 1157 ἄλλο
2392 1121 2406 1135 ⁸
2455 1108 2591 1160 κατὰ
2637 1110 2696 1161 τό
2751 1107 2940 1181 μᾶλλόν
2969 1127 3024 1162 τε
3071 1114 3157 1163 καὶ
3184 1113 3242 1163 1'6
3273 1110 3448 1179 ἧττον,
3481 1111 3611 1184 ὁμοῦ

1964 1182 2024 1242 δὲ
2078 1193 2213 1244 κατὰ
2263 1198 2356 1254 τὴν
2417 1204 2509 1249 τοῦ
2562 1202 2602 1252 Φ
2649 1198 2829 1252 ἕνωσιν
2888 1208 3108 1272 συγγενῆ
3169 1209 3351 1263 κοινῶς
3406 1200 3612 1254 ἅπαντα

1959 1279 2173 1352 κράσεις
2227 1299 2282 1336 τε
2333 1289 2419 1337 καὶ
2468 1294 2730 1359 στοιχεῖα,
2781 1289 2916 1341 κατὰ
2963 1286 3022 1343 6“:
3059 1291 3150 1353 τὰς
3183 1291 3345 1364 τομὰς
3382 1295 3470 1344 καὶ
3519 1292 3610 1352 τὰς

1962 1367 2128 1431 θέσεις
2180 1373 2502 1447 μερίζονται.
2549 1373 2760 1436 Ἐπειδὴ
2804 1374 2864 1431 δὲ
2918 1384 3018 1432 πᾶν
3074 1387 3228 1452 σῶμα
3272 1383 3606 1454 κεχωρισμέ-

1957 1474 2040 1508 νον
2093 1456 2147 1510 ἐκ
2186 1468 2283 1513 τῶν
2340 1461 2517 1540 ἑτέρων
2573 1467 2826 1539 σωμάτων
2877 1469 2968 1520 καὶ
3007 1463 3183 1522 εἰδοπε
3209 1474 3484 1542 ποιημένον
3517 1474 3608 1522 καὶ

1957 1549 2030 1617 μὴ
2063 1548 2132 1610 ὡς
2157 1548 2250 1609 ὕλη
2283 1554 2572 1626 νοούμενον,
2615 1553 2722 1608 ἀλλ’
2758 1557 2910 1630 ἄμφω
2941 1556 2996 1610 ὃν
3028 1561 3122 1610 σὺν
3149 1562 3219 1630 τῷ
3257 1553 3387 1613 εἴδει
3417 1579 3431 1594 ο
3471 1559 3607 1612 οὕτω

1955 1635 2057 1710 γὰρ
2098 1641 2188 1691 καί
2238 1657 2292 1692 τι
2343 1643 2593 1715 νομισθῇ,
2642 1647 2732 1696 καὶ
2781 1643 2887 1717 οὐχ
2941 1644 3113 1710 ἁπλῶς
3160 1645 3256 1706 ὕλη
3320 1648 3553 1722 θεωρηθῇ
3588 1661 3603 1677 ⁸

1956 1726 2014 1776 τό
2053 1733 2214 1800 τριχῆ
2249 1733 2386 1804 φέρει
2414 1726 2723 1802 διαστατόν,
2781 1741 2934 1788 τοῦτο
2985 1728 3046 1790 δι
3071 1743 3226 1810 τριῶν
3257 1731 3429 1790 δεῖται
3487 1733 3608 1790 δια-

184 1829 320 1902 πρός
375 1830 434 1880 1'6
494 1832 532 1880 Φ
574 1830 761 1899 σχέσις
807 1825 1056 1886 καθολικὴ
1114 1827 1203 1888 ἕως
1257 1833 1357 1880 τῶν
1411 1823 1612 1880 ἔνδοθεν
1652 1828 1844 1898 τομίων
1873 1831 1918 1889 Β
1959 1815 2212 1886 στάσεων,
2274 1820 2393 1896 ὅπερ
2462 1819 2516 1884 ἕξ
2581 1818 2814 1895 ἀνάγκης
2870 1822 3197 1900 ἀποτέλεσμά
3257 1823 3370 1879 ἔστι
3420 1833 3512 1879 τοῦ
3568 1829 3608 1880 Γ

185 1915 626 1990 ἐσχηματισμένην)
670 1911 871 1979 διόλου,
903 1914 933 1974 ἡ
988 1910 1048 1969 δε
1078 1914 1125 1968 έν
1161 1924 1232 1988 τῷ
1286 1923 1325 1972 Φ
1373 1920 1573 1989 συναφὴ
1630 1912 1839 1990 ἀμερὴς,

185 2005 253 2067 ὡς
314 2005 374 2058 ἂν
425 2006 642 2079 εἴποιμι,
704 2005 785 2058 ὃτι
836 2004 980 2059 ἐστὶν
1032 2004 1136 2058 οἷον
1184 2004 1239 2058 ἐκ
1306 2009 1574 2082 τεσσάρων
1615 2007 1844 2078 σημείων

185 2098 448 2170 ἁπτομένη
517 2099 609 2148 τοῦ
654 2093 702 2147 ἐν
749 2099 821 2168 τῷ
873 2095 1064 2171 κέντρῳ
1123 2102 1182 2166 Φ,
1248 2097 1382 2150 ὥστε
1439 2097 1470 2155 ἡ
1530 2099 1619 2169 μὲν
1671 2092 1842 2166 κύκλῳ

184 2190 278 2238 καὶ
334 2185 364 2244 ἡ
412 2182 588 2260 πόρῥω
639 2187 771 2258 πρὸς
821 2188 880 2238 1'6
919 2188 958 2238 Φ
1017 2189 1207 2257 σχέσις
1263 2183 1694 2259 ἐσχηματισμένη
1752 2186 1842 2237 καὶ

183 2279 283 2344 τίς,
342 2275 372 2332 ἠ
443 2270 503 2327 δε
572 2275 772 2346 συναφὴ
833 2269 1012 2333 έπειδη
1081 2276 1128 2327 ἐν
1186 2282 1430 2348 στιγμοῖς
1493 2272 1686 2351 ἀμερὴς
1751 2277 1841 2326 καὶ

183 2361 486 2424 ἀσύνθετος.
543 2362 852 2439 Εὑρίσκεται
888 2370 1011 2435 γοῦν
1069 2364 1149 2416 ὅτι
1203 2361 1251 2416 ἓν
1286 2371 1358 2436 τῷ
1407 2369 1446 2419 Φ
1494 2366 1560 2417 τὰ
1596 2369 1841 2435 στοιχεῖα

185 2455 526 2524 στηρίζονται
563 2455 653 2504 καὶ
701 2450 1028 2526 λαμϐάνουσι
1076 2450 1252 2528 πόῤῥω
1301 2456 1394 2512 τὴν
1435 2453 1674 2506 σύνθεσιν
1703 2454 1839 2506 κατὰ

183 2541 445 2612 συζυγίας
499 2544 626 2616 πρὸς
685 2540 751 2594 τὰ
801 2541 920 2602 τέλη
977 2541 1165 2610 αὐτῶν,
1217 2544 1286 2604 ὡς
1339 2541 1392 2595 αἰ
1439 2545 1488 2596 ἐν
1539 2551 1612 2615 τῷ
1664 2540 1834 2614 κύκλῳ

182 2631 414 2701 κείμεναι
471 2637 648 2704 μοῖραι
709 2632 764 2684 αἱ
826 2630 1052 2704 μείζονες
1114 2634 1247 2706 πρὸς
1300 2632 1396 2694 τὰς
1454 2632 1714 2704 μείζονας,
1781 2633 1835 2684 αἱ

179 2715 401 2789 πλαγίαι
473 2721 602 2794 πράς
673 2721 768 2780 τὰς
841 2718 1084 2792 πλαγίας,
1147 2724 1238 2773 καὶ
1312 2718 1478 2783 οὕτως
1555 2721 1836 2796 κραθεῖσαι

178 2805 335 2858 αὗται
387 2809 441 2859 αἱ
497 2809 666 2862 εὐθεῖα
726 2809 857 2880 μετὰ
911 2813 1004 2868 τὴν
1055 2815 1154 2862 τῶν
1219 2817 1500 2886 περιφερῶν
1557 2811 1833 2884 σχηματία

179 2899 380 2963 ζονται,
411 2896 630 2971 ἑκάτερα
679 2901 807 2974 πρὸς
861 2902 920 2952 τὸ
963 2907 1060 2960 τῆς
1098 2899 1343 2974 ἑκατέρας
1387 2896 1642 2974 ἁρμόδιον
1698 2901 1834 2953 κατὰ

174 2990 268 3044 τὴν
324 2993 420 3048 τῆς
469 2989 767 3059 ἐπιστήμης
825 2984 1112 3052 ἀπόδειξιν.
1171 2991 1347 3062 Τούτῳ
1397 2986 1466 3049 δὴ
1531 2997 1604 3061 τῷ
1657 2993 1830 3062 τρόπῳ

175 3079 264 3127 καὶ
349 3083 518 3130 ταῦτα
591 3078 779 3150 ὁμοίως
871 3078 1096 3133 ἑνοῦνταί
1167 3096 1222 3132 τε
1293 3082 1385 3132 καὶ
1455 3077 1828 3134 ποικίλλονται.

174 3320 313 3380 quae
325 3305 386 3362 in
401 3305 640 3379 U,quod
652 3305 810 3364 estin
822 3306 1575 3378 centro,cohaarent.Quare
1587 3306 1832 3368 circula-

173 3395 259 3452 ris
276 3394 378 3452 illa
395 3399 576 3469 atque
597 3411 628 3452 e
644 3395 978 3470 longinquo
994 3397 1244 3456 reducta
1257 3398 1675 3457 convenientia
1691 3415 1830 3456 cum

169 3486 345 3554 N,est
363 3483 621 3555 ﬁgurata
650 3489 707 3542 et
735 3485 1453 3561 particularis.Copulatio
1471 3503 1614 3546 vero
1641 3504 1831 3562 quan-

167 3568 500 3646 doquidem
528 3575 591 3631 in
613 3577 852 3648 punctis
875 3576 1256 3646 consistit,est
1279 3575 1588 3635 individua
1613 3582 1670 3636 et
1695 3579 1831 3636 sim-

162 3661 750 3737 plex.Comperimus
783 3665 964 3738 igitur
991 3665 1286 3724 elementa
1314 3666 1567 3724 fundata
1595 3683 1724 3725 esse
1759 3685 1830 3726 ac

165 3751 292 3810 ﬁxa
316 3751 379 3809 in
411 3758 614 3810 centro
641 3757 706 3821 N,
741 3770 811 3812 ac
840 3755 900 3811 in
933 3755 1178 3813 remotis
1206 3756 1386 3814 etiam
1417 3756 1690 3830 partibus
1727 3758 1830 3816 ad-

163 3842 405 3899 mittere
435 3843 932 3916 compositionem
985 3862 1124 3903 cum
1155 3845 1436 3902 extremis
1467 3843 1589 3902 suis
1619 3859 1829 3903 secun-

162 3929 318 3989 dum
349 3932 966 4006 conjugationes,non
991 3935 1161 3992 aliter
1181 3939 1381 4009 partes
1403 3939 1582 4008 atque
1613 3949 1750 4007 quae
1765 3934 1830 3992 in

169 4019 396 4080 circulo
435 4023 819 4093 assignantur
848 4023 1109 4098 majores
1139 4040 1277 4082 cum
1305 4023 1660 4097 majoribus,
1685 4023 1830 4081 obli~

173 4114 316 4183 quze
355 4127 493 4168 cum
523 4111 804 4186 obliquis,
839 4117 1018 4187 atque
1058 4115 1138 4172 ita
1171 4115 1324 4171 inter
1357 4130 1420 4171 se
1451 4113 1633 4170 simul
1680 4117 1830 4171 tem-

173 4202 403 4271 peratae
432 4205 607 4258 rectae
657 4218 794 4258 cum
842 4202 1230 4260 circularibus
1283 4203 1638 4276 ﬁgurantur,
1679 4203 1832 4260 inter

176 4305 248 4345 se
286 4290 703 4348 convenienter
757 4293 1090 4350 secundum
1145 4293 1406 4351 scientiae
1457 4293 1830 4350 demonstra-

181 4377 428 4436 tionem.
485 4383 605 4437 Hoc
649 4381 832 4452 igitur
881 4382 1066 4439 modo
1114 4387 1171 4440 et
1215 4383 1345 4440 haec
1377 4382 1642 4440 similiter
1678 4382 1831 4442 inter

175 4483 245 4523 se
274 4469 562 4526 uniuntur
590 4485 660 4526 ac
691 4470 1036 4528 varietatem
1065 4471 1407 4544 acquirunt.
1435 4473 1628 4538 Quare
1666 4488 1829 4548 aqua

1954 1910 1994 1957 Υ
2031 1910 2072 1958 Α
2130 1911 2175 1959 Π
2215 1904 2530 1980 ἀναγκαίως,
2559 1915 2617 1964 τό
2665 1920 2707 1967 Υ
2755 1920 2848 1966 τοῦ
2899 1917 2939 1968 Γ
2980 1911 3108 1968 εἶναι
3162 1911 3462 1984 διπλάσιον,
3523 1916 3607 1970 ἵνα

1953 1992 2418 2069 προσλαμϐάνοντα
2464 2007 2632 2053 ταῦτα
2672 2005 2763 2054 καὶ
2818 2003 2878 2055 τὸ
2931 2008 2972 2056 Α
3032 2009 3075 2057 Π
3112 2002 3326 2057 τελῶσιν
3373 2007 3504 2079 ὁμοῦ
3537 2009 3606 2060 τὰ

1951 2083 2271 2150 καθέκαστα,
2327 2093 2418 2173 καὶ
2455 2097 2657 2162 πρῶτον
2691 2094 2784 2165 μεν
2827 2091 2914 2144 οὖν
2975 2094 3167 2166 σχῆμά
3223 2092 3336 2148 έστι
3387 2099 3446 2148 τὸ
3494 2095 3605 2173 τρι-ι

1949 2191 2131 2246 γωνον.
2167 2171 2377 2236 Ἐπειδὴ
2426 2173 2485 2231 δὲ
2514 2179 2540 2230 ὁ
2586 2173 2683 2234 δύο
2735 2189 2825 2243 τῆς
2852 2177 3078 2255 μονάδος
3117 2179 3418 2253 διπλάσιος,
3458 2185 3489 2244 ἡ
3526 2171 3603 2238 ⁷δε

1949 2265 2110 2335 μονάς
2162 2283 2217 2318 τε
2258 2271 2348 2319 καὶ
2403 2268 2434 2326 ἠ
2487 2263 2616 2331 δυὰς
2669 2266 2866 2344 τριάδα
2919 2269 3173 2340 τελοῦσιν,
3229 2271 3283 2326 ἐκ
3337 2281 3432 2336 τῆς
3479 2276 3598 2328 τού-

1946 2368 2045 2404 των
2093 2355 2378 2417 συνθέσεως
2420 2354 2474 2420 ἐξ
2525 2355 2750 2432 ἀνάγκης
2805 2357 2944 2414 ἐστὶν
2983 2363 3013 2422 ἡ
3058 2364 3226 2436 τριὰς,
3276 2361 3308 2422 ἡ
3370 2359 3430 2417 δὲ
3456 2365 3601 2437 τριὰς

1949 2442 2062 2513 ἔχει
2094 2451 2284 2515 μῆκος,
2339 2442 2504 2518 βάθος
2560 2451 2651 2501 καὶ
2708 2448 2948 2514 πλάτοςο
3006 2455 3096 2504 καὶ
3146 2448 3313 2525 βάθος
3369 2455 3459 2525 μὲν
3505 2457 3599 2512 τὴν

1946 2529 2153 2604 μονάδα
2221 2536 2460 2608 πυθμένα
2533 2533 2695 2591 οὖσαν
2748 2543 2941 2602 παντὸς
3004 2539 3249 2615 ἀριθμοῦ,
3310 2550 3474 2614 μῆκος
3540 2538 3601 2596 δὲ

1945 2625 2039 2706 τὴν
2097 2616 2278 2676 δυάδα
2325 2643 2340 2660 ·
2406 2634 2611 2701 πρῶτος
2676 2629 2779 2704 γὰρ
2844 2634 2936 2683 καὶ
2997 2629 3309 2706 ἑτερομήκης
3369 2630 3510 2685 ἔστὶν
3563 2633 3594 2692 ἡ

1947 2705 2076 2772 δυάς
2105 2731 2118 2745 ·
2178 2712 2367 2778 πλάτος
2433 2709 2492 2769 δὲ
2540 2715 2724 2777 ἑαυτήν
2753 2736 2770 2752 ·
2835 2718 2906 2783 εἰς
2960 2719 3248 2795 τούμφανὶς
3297 2723 3397 2796 γὰρ
3460 2725 3599 2799 φέρει

1943 2801 2009 2852 τὰ
2041 2804 2320 2874 σχήματα.
2381 2803 2532 2858 Ούτω
2579 2813 2706 2878 γοῦν
2760 2811 2898 2862 κατὰ
2951 2807 3098 2883 λόγον
3130 2811 3206 2884 (1)
3249 2814 3598 2885 σπερματικόν

1944 2886 2372 2964 ἀναλογιζόμενον
2448 2891 2728 2950 διπλάσιον
2807 2901 2896 2951 καὶ
2962 2901 3021 2952 1'6
3084 2895 3230 2973 ὕδωρ
3306 2898 3598 2973 ἀναγκαίως

1941 2986 2032 3040 τῆς
2100 2987 2200 3052 γῆς
2258 2977 2351 3034 διὰ
2406 2991 2573 3037 ταῦτα
2629 2983 2844 3058 ἐγένετο,
2912 2991 3000 3040 καὶ
3045 2985 3360 3048 ἐπετέθησαν
3405 2990 3598 3064 θάτερα

1939 3068 2252 3122 ὑποκεῖσθαι
2298 3077 2454 3126 παντὶ
2495 3081 2684 3148 στερεῷ
2732 3093 2787 3128 τε
2823 3075 2900 3148 (2)
2951 3080 3042 3130 καὶ
3081 3077 3230 3150 πάσῃ
3286 3084 3348 3151 τῇ
3393 3077 3472 3131 ἐπ’
3504 3077 3594 3132 αύ-

1937 3300 2444 3369 untur.Quoniam
2461 3307 2664 3362 autem
2686 3319 2866 3364 omne
2895 3317 3117 3381 corpus
3141 3312 3492 3382 separatum
3513 3307 3592 3372 ab

1939 3389 2070 3447 aliis
2093 3391 2448 3465 corporibus
2477 3392 2674 3452 forma
2701 3394 3016 3470 prwditum
3037 3401 3142 3469 est,
3169 3413 3366 3474 neque
3380 3405 3446 3460 ut
3466 3417 3594 3462 ma-

1942 3479 2086 3537 teria
2106 3477 2470 3555 intelligitur,
2503 3483 2611 3542 sed
2631 3487 2954 3559 utrumque
2975 3489 3068 3545 est
3095 3502 3232 3545 cum
3252 3487 3451 3550 forma
3478 3490 3591 3565 (sio

1938 3569 2099 3641 enim
2110 3571 2340 3644 aliquid
2357 3589 2492 3630 esse
2505 3574 2898 3647 putabitur,et
2908 3591 3032 3634 non
3046 3576 3316 3638 absolute
3328 3582 3394 3638 ut
3406 3586 3593 3642 mate‘

1936 3660 2026 3716 ria
2046 3661 2497 3720 consideratum
2524 3664 2742 3737 fuerit),
2769 3665 2884 3722 hoc
2915 3671 3118 3725 autem
3139 3674 3270 3742 eget
3289 3669 3479 3728 tribus
3497 3672 3592 3731 in-

1937 3748 2194 3807 tervallis
2222 3751 2329 3826 qui
2348 3753 2690 3812 necessario
2710 3754 2953 3813 effectus
2973 3761 3064 3814 est
3086 3757 3302 3818 horum
3333 3760 3596 3821 elemen-

1941 3843 2136 3898 torum
2175 3843 2216 3899 T
2244 3845 2294 3900 Μ
2321 3847 2410 3901 ΑΙ
2439 3862 2452 3900 :
2491 3844 2628 3902 ideo
2661 3861 2809 3904 sane
2837 3861 3084 3905 necesse
3113 3853 3202 3908 est
3230 3854 3295 3908 ut
3322 3853 3373 3910 M
3400 3852 3591 3926 ipsius

1937 3933 1980 3989 T
2010 3931 2082 3989 sit
2108 3931 2384 4006 duplum,
2407 3938 2473 3992 ut
2501 3935 2827 4008 assumptis
2857 3951 3062 3994 secum
3084 3941 3133 3994 Α
3169 3937 3192 3994 Ι
3229 3939 3491 4000 efﬁciant
3517 3943 3591 3999 sio

1937 4020 2068 4078 mul
2095 4021 2439 4093 singularia.
2471 4028 2550 4081 Ac
2577 4025 2774 4098 prima
2795 4024 3044 4099 quidem
3068 4021 3265 4098 ﬁgura
3290 4031 3377 4086 est
3402 4031 3588 4090 trian-

1939 4111 2169 4183 gulum.
2199 4112 2496 4177 Quoniam
2516 4118 2718 4170 autem
2738 4113 2862 4171 duo
2883 4120 3022 4172 sunt
3042 4115 3285 4174 unitatis
3307 4114 3586 4192 daplum,

1938 4207 2137 4260 unitas
2158 4217 2300 4259 vero
2327 4209 2383 4261 et
2409 4203 2724 4261 binaribus
2742 4220 3032 4262 numerus
3059 4205 3173 4264 tria
3195 4206 3588 4283 eﬂiciunt,ne-

1938 4289 2196 4348 cessario
2217 4307 2292 4348 ex
2309 4291 2530 4350 harum
2549 4293 2985 4367 compositione
3006 4299 3240 4354 constat
3268 4300 3584 4360 ternarias.

1936 4379 2250 4438 Ternarius
2281 4385 2483 4439 autem
2508 4381 2692 4440 habet
2716 4381 3177 4458 longitudinem,
3211 4383 3588 4450 altitudinem

1937 4475 1996 4526 et
2011 4471 2498 4529 latitudinem.Ac
2523 4470 2900 4532 altitudinem
2919 4473 3166 4548 quidem
3186 4472 3369 4534 habet
3387 4481 3587 4540 unita-

170 4558 374 4628 magis
419 4563 675 4629 cognata
699 4563 788 4615 est
813 4563 980 4617 terrae
1027 4576 1214 4644 quam
1259 4561 1434 4632 ignis,
1486 4564 1544 4618 et
1572 4576 1674 4618 aer
1702 4563 1828 4634 igni
1859 4551 1902 4607 Ῑ)
1937 4567 2201 4636 temqute
2219 4561 2875 4620 velutifundamentum
2893 4565 3582 4645 estcujuslibetnumeri;

166 4647 371 4718 magis
402 4664 588 4717 quam
620 4652 862 4716 terra,et
880 4666 1041 4723 aqua
1069 4650 1190 4707 aeri
1210 4649 1446 4722 magnis
1466 4665 1653 4723 quam
1675 4651 1822 4725 igni,

165 4740 230 4792 et
245 4751 346 4793 aer
357 4753 532 4810 aqua:
550 4739 734 4809 magis
749 4754 926 4812 quam
950 4739 1669 4813 terrte,quemadmodum
1684 4755 1820 4814 pro-

159 4826 364 4900 portio
383 4827 447 4884 in
472 4828 673 4886 circuli
699 4829 967 4903 partibus
997 4830 1274 4889 ostendit.
1288 4833 1536 4904 Semper
1559 4830 1719 4888 enim
1745 4847 1817 4890 ac

159 4917 505 4976 necessario
556 4926 828 4977 centrum
869 4924 958 4976 est
989 4922 1049 4977 U.
1083 4920 1198 4977 Illae
1229 4936 1366 4978 vero
1422 4926 1622 4994 partes
1673 4927 1815 4980 sunt

158 5022 357 5066 unum
387 5022 494 5080 per
532 5009 696 5066 aliud
725 5014 782 5066 et
809 5011 871 5066 in
890 5009 1096 5080 altero,
1127 5017 1184 5068 et
1219 5011 1708 5084 appropinquant
1735 5013 1814 5070 ad

158 5096 328 5154 aliud
351 5099 685 5156 secundum
713 5099 860 5156 illud
888 5100 1052 5173 quod
1079 5105 1167 5156 est
1192 5101 1384 5171 magis
1405 5115 1475 5157 ac
1505 5101 1815 5170 minus,si-

153 5186 291 5244 mul
303 5201 444 5244 vero
457 5193 700 5262 propter
711 5189 1226 5262 copulationemin
1239 5189 1372 5263 ipso
1388 5191 1431 5246 U
1444 5190 1651 5248 omnia
1663 5206 1810 5248 com-

153 5277 332 5332 muni
350 5279 582 5335 ratione
613 5283 755 5336 sunt
770 5283 1049 5351 cognata.
1075 5280 1556 5353 Temperationes
1577 5297 1720 5339 vero
1741 5297 1812 5340 ac

150 5364 453 5425 elementa
468 5367 803 5426 secundum
815 5368 1108 5428 sectiones
1122 5373 1178 5427 et
1190 5371 1516 5443 positiones
1531 5370 1810 5430 distribu-

1929 4651 2372 4724 longitudinem
2399 4667 2561 4726 vero,
2593 4651 2898 4710 binarium
2921 4670 3242 4714 numerum
3264 4657 3428 4730 (nam
3461 4661 3584 4732 pri-

1929 4759 2067 4801 mus
2089 4757 2379 4799 numerus
2405 4757 2478 4799 ex
2507 4741 2696 4800 altera
2723 4747 2893 4816 parte
2920 4743 3138 4816 longus
3159 4750 3248 4802 est
3265 4745 3578 4818 binarius);

1923 4833 2302 4906 latitudinem
2347 4847 2491 4889 vero
2521 4832 2806 4905 seipsum.
2851 4830 3000 4890 Nam
3029 4833 3092 4889 in
3127 4833 3324 4890 lucem
3353 4833 3580 4906 profert

1921 4923 2298 4996 ﬁgurasﬂoc
2315 4921 2495 4990 igitur
2515 4919 2699 4978 modo
2727 4916 3061 4976 secundum
3079 4920 3371 4978 rationem
3395 4921 3476 4979 ad
3491 4923 3576 4996 gi-

1924 4985 2236 5084 éaendum
2252 4985 2731 5082 progredientem
2745 5007 3053 5082 proportio
3079 5023 3246 5082 aqua;
3261 5024 3400 5067 cum
3416 4985 3576 5070 teria

1923 5104 2282 5174 comparatas
2311 5097 2650 5155 necessario
2689 5096 2857 5170 dupli
2894 5097 3187 5155 rationem
3211 5097 3458 5172 obtinet,
3489 5107 3573 5160 at-

1920 5206 2038 5269 que
2055 5189 2176 5246 duo
2196 5188 2428 5260 reliqua
2441 5186 2687 5258 insuper
2705 5184 2913 5244 addita
2929 5192 3068 5246 sunt
3088 5191 3152 5244 ut
3172 5191 3328 5247 esset
3347 5191 3513 5264 quod
3533 5207 3574 5251 a

1919 5284 2137 5338 natura
2158 5277 2634 5334 substerneretur
2658 5273 3079 5351 compositioni
3099 5278 3294 5337 omnis
3325 5279 3500 5338 solidi
3514 5284 3572 5339 et

1921 5369 2189 5444 corporis
2219 5371 2276 5426 et
2303 5363 2503 5424 omnis
2532 5364 2596 5424 in
2629 5362 2764 5441 ipso
2811 5364 3148 5442 superﬁciei
3197 5373 3379 5444 atque
3413 5368 3568 5428 adeo

214 5622 290 5768 ﬁt)
321 5625 493 5696 Λόγος
524 5625 1060 5703 σπερματικὸς,ι·δ.ιίο
1087 5625 1168 5686 ad
1191 5622 1569 5700 gignendum
1594 5627 1852 5706 progred

240 5695 299 5766 2)
327 5695 482 5768 Lego
502 5703 658 5755 παντὶ
686 5709 872 5768 στερεῷ
907 5712 963 5755 τι
988 5705 1078 5759 καὶ
1113 5701 1432 5768 σωματικαὶ
1459 5699 1604 5768 πάσῃ
1633 5705 1695 5768 τῇ
1737 5701 1816 5762 ἐπ’
1846 5728 1852 5760 ι

1944 5649 2008 5723 is,
2021 5645 2160 5708 quae
2188 5623 2253 5712 in
2271 5625 2694 5706 progressione
2715 5640 3109 5695 numerorum
3125 5620 3558 5690 consideratur.

1944 5726 2036 5760 κων.

199 5695 299 5768 ’(2)
327 5695 482 5769 Lego
502 5695 665 5755 παντῖ
686 5695 885 5777 στερεῷ
907 5712 963 5755 τι
988 5705 1078 5759 καὶ
1113 5695 1319 5777 σώματι
1341 5701 1432 5760 καὶ
1459 5695 1816 5780 «day-133.619
1846 5695 2036 5763 αύτῶν.
