  <div class='ocr_page' id='page_1' title='image "/cluster/home/n/w/nwhite01/storage/ocr_20150623/140/hvd.32044073502551/737.png"; bbox 0 0 4042 6214; ppageno 0'>
   <div class='ocr_carea' id='block_1_1' title="bbox 545 282 2141 369">
    <p class='ocr_par' dir='ltr' id='par_1_1' title="bbox 545 282 2141 356">
     <span class='ocr_line' id='line_1_1' title="bbox 545 282 2141 356; baseline -0.006 0"><span class='ocrx_word' id='word_1_1' title='bbox 545 302 686 356; x_wconf 75' lang='grc'>1287</span> <span class='ocrx_word' id='word_1_2' title='bbox 2074 282 2141 347; x_wconf 67' lang='grc' dir='ltr'>Α]</span> 
     </span>
    </p>
   </div>
   <div class='ocr_carea' id='block_1_2' title="bbox 2263 282 3859 369">
    <p class='ocr_par' dir='ltr' id='par_1_2' title="bbox 2263 288 3859 369">
     <span class='ocr_line' id='line_1_2' title="bbox 2263 288 3859 369; baseline -0.006 -22"><span class='ocrx_word' id='word_1_3' title='bbox 2263 288 2431 348; x_wconf 67' lang='lat' dir='ltr'>rma.</span> <span class='ocrx_word' id='word_1_4' title='bbox 3759 315 3859 369; x_wconf 55' lang='lat' dir='ltr'>mg</span> 
     </span>
    </p>
   </div>
   <div class='ocr_carea' id='block_1_3' title="bbox 536 417 3863 501">
    <p class='ocr_par' dir='ltr' id='par_1_3' title="bbox 536 417 3863 501">
     <span class='ocr_line' id='line_1_3' title="bbox 536 417 3863 501; baseline 0.001 -18"><span class='ocrx_word' id='word_1_5' title='bbox 536 433 637 477; x_wconf 77' lang='grc' dir='ltr'>τῶν</span> <span class='ocrx_word' id='word_1_6' title='bbox 690 422 957 496; x_wconf 77' lang='grc' dir='ltr'>ἐπιφανείᾳ</span> <span class='ocrx_word' id='word_1_7' title='bbox 982 426 1072 474; x_wconf 83' lang='grc' dir='ltr'>καὶ</span> <span class='ocrx_word' id='word_1_8' title='bbox 1128 424 1334 491; x_wconf 80' lang='grc' dir='ltr'>σώματι</span> <span class='ocrx_word' id='word_1_9' title='bbox 1371 422 1461 470; x_wconf 79' lang='grc' dir='ltr'>καὶ</span> <span class='ocrx_word' id='word_1_10' title='bbox 1497 421 1655 490; x_wconf 76' lang='grc' dir='ltr'>μήκει</span> <span class='ocrx_word' id='word_1_11' title='bbox 1699 421 1852 468; x_wconf 82' lang='grc' dir='ltr'>παντὶ</span> <span class='ocrx_word' id='word_1_12' title='bbox 1890 417 2033 490; x_wconf 76' lang='grc' dir='ltr'>παρὰ</span> <span class='ocrx_word' id='word_1_13' title='bbox 2086 423 2179 477; x_wconf 87' lang='grc' dir='ltr'>τῆς</span> <span class='ocrx_word' id='word_1_14' title='bbox 2209 421 2257 483; x_wconf 76' lang='grc' dir='ltr'>Α</span> <span class='ocrx_word' id='word_1_15' title='bbox 2284 420 2491 492; x_wconf 80' lang='grc' dir='ltr'>κύκλον,</span> <span class='ocrx_word' id='word_1_16' title='bbox 2522 419 2799 478; x_wconf 72' lang='grc' dir='ltr'>διπλάσιοι</span> <span class='ocrx_word' id='word_1_17' title='bbox 2846 427 2895 478; x_wconf 84' lang='grc' dir='ltr'>οἱ</span> <span class='ocrx_word' id='word_1_18' title='bbox 2946 435 2988 480; x_wconf 99' lang='grc' dir='ltr'>Υ</span> <span class='ocrx_word' id='word_1_19' title='bbox 3038 428 3347 501; x_wconf 75' lang='grc' dir='ltr'>ὑπάρχουσι</span> <span class='ocrx_word' id='word_1_20' title='bbox 3397 434 3579 498; x_wconf 80' lang='grc' dir='ltr'>τομεῖς,</span> <span class='ocrx_word' id='word_1_21' title='bbox 3627 436 3704 483; x_wconf 82' lang='grc' dir='ltr'>καὶ</span> <span class='ocrx_word' id='word_1_22' title='bbox 3744 436 3863 489; x_wconf 76' lang='grc' dir='ltr'>ὀύπό</span> 
     </span>
    </p>
   </div>
   <div class='ocr_carea' id='block_1_4' title="bbox 541 503 3870 589">
    <p class='ocr_par' dir='ltr' id='par_1_4' title="bbox 541 503 3870 589">
     <span class='ocr_line' id='line_1_4' title="bbox 541 503 3870 589; baseline -0.001 -24"><span class='ocrx_word' id='word_1_23' title='bbox 541 516 754 588; x_wconf 74' lang='grc' dir='ltr'>φύσεως.</span> <span class='ocrx_word' id='word_1_24' title='bbox 816 514 911 565; x_wconf 81' lang='grc' dir='ltr'>Διὰ</span> <span class='ocrx_word' id='word_1_25' title='bbox 960 518 1112 562; x_wconf 73' lang='grc' dir='ltr'>τοῦτο</span> <span class='ocrx_word' id='word_1_26' title='bbox 1171 512 1340 559; x_wconf 80' lang='grc' dir='ltr'>τοίνυν</span> <span class='ocrx_word' id='word_1_27' title='bbox 1396 515 1488 558; x_wconf 81' lang='grc' dir='ltr'>τοῦ</span> <span class='ocrx_word' id='word_1_28' title='bbox 1546 513 1583 558; x_wconf 91' lang='grc' dir='ltr'><strong><em>Γ</em></strong></span> <span class='ocrx_word' id='word_1_29' title='bbox 1638 511 1828 578; x_wconf 86' lang='grc' dir='ltr'>τομέως</span> <span class='ocrx_word' id='word_1_30' title='bbox 1882 503 2019 557; x_wconf 78' lang='grc' dir='ltr'>ἐστὶν</span> <span class='ocrx_word' id='word_1_31' title='bbox 2072 507 2097 556; x_wconf 85' lang='grc' dir='ltr'><strong>ὁ</strong></span> <span class='ocrx_word' id='word_1_32' title='bbox 2152 512 2193 558; x_wconf 90' lang='grc' dir='ltr'>Υ</span> <span class='ocrx_word' id='word_1_33' title='bbox 2300 515 2422 572; x_wconf 81' lang='grc' dir='ltr'>τοὺς</span> <span class='ocrx_word' id='word_1_34' title='bbox 2474 521 2513 565; x_wconf 88' lang='grc' dir='ltr'>Υ</span> <span class='ocrx_word' id='word_1_35' title='bbox 2568 523 2740 587; x_wconf 78' lang='grc' dir='ltr'>τομιῐς</span> <span class='ocrx_word' id='word_1_36' title='bbox 2779 517 2884 589; x_wconf 79' lang='grc' dir='ltr'>ἄρα</span> <span class='ocrx_word' id='word_1_37' title='bbox 2930 516 3116 579; x_wconf 79' lang='grc' dir='ltr'>κύκλος</span> <span class='ocrx_word' id='word_1_38' title='bbox 3168 520 3402 589; x_wconf 76' lang='grc' dir='ltr'>περιέχει</span> <span class='ocrx_word' id='word_1_39' title='bbox 3456 522 3537 569; x_wconf 83' lang='grc' dir='ltr'>τὸν</span> <span class='ocrx_word' id='word_1_40' title='bbox 3583 521 3667 572; x_wconf 76' lang='grc' dir='ltr'>ὑπὸ</span> <span class='ocrx_word' id='word_1_41' title='bbox 3710 528 3806 586; x_wconf 57' lang='grc' dir='ltr'>τοὺς</span> <span class='ocrx_word' id='word_1_42' title='bbox 3846 532 3870 578; x_wconf 73' lang='grc' dir='ltr'><strong><em>Γ</em></strong></span> 
     </span>
    </p>
   </div>
   <div class='ocr_carea' id='block_1_5' title="bbox 538 592 3869 677">
    <p class='ocr_par' dir='ltr' id='par_1_5' title="bbox 538 592 3869 677">
     <span class='ocr_line' id='line_1_5' title="bbox 538 592 3869 677; baseline 0 -20"><span class='ocrx_word' id='word_1_43' title='bbox 538 600 833 671; x_wconf 75' lang='grc' dir='ltr'>διπλάσιος,</span> <span class='ocrx_word' id='word_1_44' title='bbox 899 601 948 652; x_wconf 80' lang='grc' dir='ltr'>ἓν</span> <span class='ocrx_word' id='word_1_45' title='bbox 1016 596 1074 652; x_wconf 69' lang='grc' dir='ltr'>δὲ</span> <span class='ocrx_word' id='word_1_46' title='bbox 1120 602 1210 650; x_wconf 82' lang='grc' dir='ltr'>καὶ</span> <span class='ocrx_word' id='word_1_47' title='bbox 1267 595 1363 650; x_wconf 75' lang='grc' dir='ltr'>δύο</span> <span class='ocrx_word' id='word_1_48' title='bbox 1418 601 1557 670; x_wconf 83' lang='grc' dir='ltr'>τρία,</span> <span class='ocrx_word' id='word_1_49' title='bbox 1599 602 1688 648; x_wconf 85' lang='grc' dir='ltr'>καὶ</span> <span class='ocrx_word' id='word_1_50' title='bbox 1747 592 1891 670; x_wconf 75' lang='grc' dir='ltr'>ὕδωρ</span> <span class='ocrx_word' id='word_1_51' title='bbox 1941 597 2046 669; x_wconf 78' lang='grc' dir='ltr'>ἄρα</span> <span class='ocrx_word' id='word_1_52' title='bbox 2102 599 2191 649; x_wconf 76' lang='grc' dir='ltr'>καὶ</span> <span class='ocrx_word' id='word_1_53' title='bbox 2299 608 2473 672; x_wconf 89' lang='grc' dir='ltr'>τομεῖς</span> <span class='ocrx_word' id='word_1_54' title='bbox 2541 604 2723 656; x_wconf 78' lang='grc' dir='ltr'>κύκλον</span> <span class='ocrx_word' id='word_1_55' title='bbox 2792 609 2927 658; x_wconf 79' lang='grc' dir='ltr'>κατὰ</span> <span class='ocrx_word' id='word_1_56' title='bbox 2990 605 3141 677; x_wconf 75' lang='grc' dir='ltr'>λόγον</span> <span class='ocrx_word' id='word_1_57' title='bbox 3202 609 3287 658; x_wconf 84' lang='grc' dir='ltr'>τὸν</span> <span class='ocrx_word' id='word_1_58' title='bbox 3343 602 3653 676; x_wconf 74' lang='grc' dir='ltr'>διπλασίονα,</span> <span class='ocrx_word' id='word_1_59' title='bbox 3703 618 3775 664; x_wconf 81' lang='grc' dir='ltr'>καὶ</span> <span class='ocrx_word' id='word_1_60' title='bbox 3826 618 3869 666; x_wconf 69' lang='grc' dir='ltr'>τὸ</span> 
     </span>
    </p>
   </div>
   <div class='ocr_carea' id='block_1_6' title="bbox 538 684 3869 772">
    <p class='ocr_par' dir='ltr' id='par_1_6' title="bbox 538 684 3869 772">
     <span class='ocr_line' id='line_1_6' title="bbox 538 684 3869 772; baseline 0.001 -28"><span class='ocrx_word' id='word_1_61' title='bbox 538 695 568 752; x_wconf 77' lang='grc' dir='ltr'>ἡ</span> <span class='ocrx_word' id='word_1_62' title='bbox 636 700 701 765; x_wconf 73' lang='grc' dir='ltr'>γῆ</span> <span class='ocrx_word' id='word_1_63' title='bbox 769 698 905 765; x_wconf 81' lang='grc' dir='ltr'>τρεῖς</span> <span class='ocrx_word' id='word_1_64' title='bbox 953 684 1165 762; x_wconf 79' lang='grc' dir='ltr'>μερίδες</span> <span class='ocrx_word' id='word_1_65' title='bbox 1229 687 1358 740; x_wconf 73' lang='grc' dir='ltr'>εἰσιν</span> <span class='ocrx_word' id='word_1_66' title='bbox 1416 686 1762 758; x_wconf 76' lang='grc' dir='ltr'>ἐξισούμεναι,</span> <span class='ocrx_word' id='word_1_67' title='bbox 1820 685 1872 737; x_wconf 87' lang='grc' dir='ltr'>ἐν</span> <span class='ocrx_word' id='word_1_68' title='bbox 1928 686 2005 745; x_wconf 84' lang='grc' dir='ltr'>αἷς</span> <span class='ocrx_word' id='word_1_69' title='bbox 2060 689 2190 759; x_wconf 85' lang='grc' dir='ltr'>πρὸς</span> <span class='ocrx_word' id='word_1_70' title='bbox 2298 688 2441 764; x_wconf 73' lang='grc' dir='ltr'>ὕδωρ</span> <span class='ocrx_word' id='word_1_71' title='bbox 2502 691 2603 765; x_wconf 77' lang='grc' dir='ltr'>ἀρα</span> <span class='ocrx_word' id='word_1_72' title='bbox 2663 698 2898 768; x_wconf 79' lang='grc' dir='ltr'>περιέχει</span> <span class='ocrx_word' id='word_1_73' title='bbox 2965 702 3140 748; x_wconf 79' lang='grc' dir='ltr'>πᾶσαν</span> <span class='ocrx_word' id='word_1_74' title='bbox 3186 700 3277 754; x_wconf 79' lang='grc' dir='ltr'>τὴν</span> <span class='ocrx_word' id='word_1_75' title='bbox 3332 704 3431 768; x_wconf 73' lang='grc' dir='ltr'>γῆν</span> <span class='ocrx_word' id='word_1_76' title='bbox 3481 700 3604 749; x_wconf 78' lang='grc' dir='ltr'>κατὰ</span> <span class='ocrx_word' id='word_1_77' title='bbox 3641 698 3763 772; x_wconf 70' lang='grc' dir='ltr'>λόγον</span> <span class='ocrx_word' id='word_1_78' title='bbox 3807 707 3869 755; x_wconf 76' lang='grc' dir='ltr'>τὸν</span> 
     </span>
    </p>
   </div>
   <div class='ocr_carea' id='block_1_7' title="bbox 537 776 3869 856">
    <p class='ocr_par' dir='ltr' id='par_1_7' title="bbox 537 776 3869 856">
     <span class='ocr_line' id='line_1_7' title="bbox 537 776 3869 856; baseline 0 -22"><span class='ocrx_word' id='word_1_79' title='bbox 537 788 632 842; x_wconf 75' lang='grc' dir='ltr'>τὴν</span> <span class='ocrx_word' id='word_1_80' title='bbox 682 788 772 833; x_wconf 88' lang='grc' dir='ltr'>τοῦ</span> <span class='ocrx_word' id='word_1_81' title='bbox 831 786 1029 833; x_wconf 84' lang='grc' dir='ltr'>σκοποῦ</span> <span class='ocrx_word' id='word_1_82' title='bbox 1085 776 1398 848; x_wconf 74' lang='grc' dir='ltr'>ἐντελέχειαν</span> <span class='ocrx_word' id='word_1_83' title='bbox 1458 776 1688 829; x_wconf 82' lang='grc' dir='ltr'>ἐνοῡνται</span> <span class='ocrx_word' id='word_1_84' title='bbox 1730 780 1820 826; x_wconf 83' lang='grc' dir='ltr'>καὶ</span> <span class='ocrx_word' id='word_1_85' title='bbox 1854 776 1882 832; x_wconf 82' lang='grc' dir='ltr'>ἡ</span> <span class='ocrx_word' id='word_1_86' title='bbox 1921 781 1959 827; x_wconf 80' lang='grc' dir='ltr'>Α</span> <span class='ocrx_word' id='word_1_87' title='bbox 1995 781 2058 841; x_wconf 89' lang='grc' dir='ltr'>Π,</span> <span class='ocrx_word' id='word_1_88' title='bbox 2100 780 2190 826; x_wconf 81' lang='grc' dir='ltr'>καὶ</span> <span class='ocrx_word' id='word_1_89' title='bbox 2300 776 2634 849; x_wconf 77' lang='grc' dir='ltr'>διπλασίονα,</span> <span class='ocrx_word' id='word_1_90' title='bbox 2685 782 2989 856; x_wconf 74' lang='grc' dir='ltr'>ἐξογκοῦται</span> <span class='ocrx_word' id='word_1_91' title='bbox 3042 788 3099 837; x_wconf 90' lang='grc' dir='ltr'>τὸ</span> <span class='ocrx_word' id='word_1_92' title='bbox 3151 785 3330 838; x_wconf 83' lang='grc' dir='ltr'>λοιπὸν</span> <span class='ocrx_word' id='word_1_93' title='bbox 3381 786 3406 836; x_wconf 88' lang='grc' dir='ltr'><strong><em>ὁ</em></strong></span> <span class='ocrx_word' id='word_1_94' title='bbox 3445 786 3539 837; x_wconf 86' lang='grc' dir='ltr'>ὑπὸ</span> <span class='ocrx_word' id='word_1_95' title='bbox 3590 791 3693 849; x_wconf 79' lang='grc' dir='ltr'>τοὺς</span> <span class='ocrx_word' id='word_1_96' title='bbox 3729 798 3761 843; x_wconf 84' lang='grc' dir='ltr'>Υ</span> <span class='ocrx_word' id='word_1_97' title='bbox 3805 811 3869 843; x_wconf 74' lang='grc' dir='ltr'>το-</span> 
     </span>
    </p>
   </div>
   <div class='ocr_carea' id='block_1_8' title="bbox 537 863 3867 953">
    <p class='ocr_par' dir='ltr' id='par_1_8' title="bbox 537 863 3867 953">
     <span class='ocr_line' id='line_1_8' title="bbox 537 863 3867 953; baseline 0 -28"><span class='ocrx_word' id='word_1_98' title='bbox 537 872 741 926; x_wconf 80' lang='grc' dir='ltr'>τελοῦσι</span> <span class='ocrx_word' id='word_1_99' title='bbox 767 874 833 923; x_wconf 80' lang='grc' dir='ltr'>τὰ</span> <span class='ocrx_word' id='word_1_100' title='bbox 869 869 922 932; x_wconf 81' lang='grc' dir='ltr'>ἐξ</span> <span class='ocrx_word' id='word_1_101' title='bbox 950 868 1145 922; x_wconf 76' lang='grc' dir='ltr'>αὐτῶν.</span> <span class='ocrx_word' id='word_1_102' title='bbox 1198 868 1356 920; x_wconf 85' lang='grc' dir='ltr'>Πάλιν</span> <span class='ocrx_word' id='word_1_103' title='bbox 1383 863 1563 924; x_wconf 73' lang='grc' dir='ltr'>ἐπειδὴ</span> <span class='ocrx_word' id='word_1_104' title='bbox 1617 869 1685 927; x_wconf 83' lang='grc' dir='ltr'>ὡς</span> <span class='ocrx_word' id='word_1_105' title='bbox 1721 863 1995 939; x_wconf 78' lang='grc' dir='ltr'>ὑποϐάθρα</span> <span class='ocrx_word' id='word_1_106' title='bbox 2023 872 2190 916; x_wconf 79' lang='grc' dir='ltr'>ταῦτα</span> <span class='ocrx_word' id='word_1_107' title='bbox 2295 877 2408 941; x_wconf 85' lang='grc' dir='ltr'>μεὶς</span> <span class='ocrx_word' id='word_1_108' title='bbox 2489 871 2692 933; x_wconf 88' lang='grc' dir='ltr'>κύκλος.</span> <span class='ocrx_word' id='word_1_109' title='bbox 2779 873 3113 946; x_wconf 85' lang='grc' dir='ltr'>Ἀναχθῶμεν</span> <span class='ocrx_word' id='word_1_110' title='bbox 3201 881 3327 946; x_wconf 73' lang='grc' dir='ltr'>γοῦν</span> <span class='ocrx_word' id='word_1_111' title='bbox 3418 881 3502 926; x_wconf 86' lang='grc' dir='ltr'>καί</span> <span class='ocrx_word' id='word_1_112' title='bbox 3586 876 3647 937; x_wconf 86' lang='grc' dir='ltr'>εἰς</span> <span class='ocrx_word' id='word_1_113' title='bbox 3723 878 3867 953; x_wconf 62' lang='grc' dir='ltr'>ἕτερον,</span> 
     </span>
    </p>
   </div>
   <div class='ocr_carea' id='block_1_9' title="bbox 536 953 3867 1035">
    <p class='ocr_par' dir='ltr' id='par_1_9' title="bbox 536 953 3867 1035">
     <span class='ocr_line' id='line_1_9' title="bbox 536 953 3867 1035; baseline -0 -15"><span class='ocrx_word' id='word_1_114' title='bbox 536 961 787 1019; x_wconf 74' lang='grc' dir='ltr'>ἕτέθησαν</span> <span class='ocrx_word' id='word_1_115' title='bbox 841 964 931 1012; x_wconf 79' lang='grc' dir='ltr'>καὶ</span> <span class='ocrx_word' id='word_1_116' title='bbox 988 960 1052 1019; x_wconf 85' lang='grc' dir='ltr'>ὡς</span> <span class='ocrx_word' id='word_1_117' title='bbox 1107 956 1201 1015; x_wconf 79' lang='grc' dir='ltr'>ὕλη</span> <span class='ocrx_word' id='word_1_118' title='bbox 1248 961 1543 1029; x_wconf 79' lang='grc' dir='ltr'>παχυτέρα,</span> <span class='ocrx_word' id='word_1_119' title='bbox 1598 955 1629 1027; x_wconf 69' lang='grc' dir='ltr'><strong>ᾖ</strong></span> <span class='ocrx_word' id='word_1_120' title='bbox 1689 974 1783 1006; x_wconf 80' lang='grc' dir='ltr'>συν</span> <span class='ocrx_word' id='word_1_121' title='bbox 1846 953 2061 1024; x_wconf 67' lang='grc' dir='ltr'>ἄγονται</span> <span class='ocrx_word' id='word_1_122' title='bbox 2098 958 2188 1005; x_wconf 78' lang='grc' dir='ltr'>καὶ</span> <span class='ocrx_word' id='word_1_123' title='bbox 2294 957 2465 1012; x_wconf 81' lang='grc' dir='ltr'>Ἔστω</span> <span class='ocrx_word' id='word_1_124' title='bbox 2520 966 2689 1012; x_wconf 79' lang='grc' dir='ltr'>τοίνυν</span> <span class='ocrx_word' id='word_1_125' title='bbox 2755 967 2845 1014; x_wconf 88' lang='grc' dir='ltr'>καί</span> <span class='ocrx_word' id='word_1_126' title='bbox 2899 965 2923 1014; x_wconf 84' lang='grc' dir='ltr'><strong><em>ὁ</em></strong></span> <span class='ocrx_word' id='word_1_127' title='bbox 2964 971 3002 1015; x_wconf 90' lang='grc' dir='ltr'>Υ</span> <span class='ocrx_word' id='word_1_128' title='bbox 3056 966 3242 1035; x_wconf 73' lang='grc' dir='ltr'>τομεύς</span> <span class='ocrx_word' id='word_1_129' title='bbox 3303 959 3480 1025; x_wconf 67' lang='grc' dir='ltr'>δεκὰς,</span> <span class='ocrx_word' id='word_1_130' title='bbox 3519 965 3543 1015; x_wconf 84' lang='grc' dir='ltr'><strong>ὁ</strong></span> <span class='ocrx_word' id='word_1_131' title='bbox 3581 960 3633 1016; x_wconf 81' lang='grc' dir='ltr'>δέ</span> <span class='ocrx_word' id='word_1_132' title='bbox 3666 972 3698 1017; x_wconf 79' lang='grc' dir='ltr'>Α</span> <span class='ocrx_word' id='word_1_133' title='bbox 3742 988 3867 1021; x_wconf 78' lang='grc' dir='ltr'>πεντε-</span> 
     </span>
    </p>
   </div>
   <div class='ocr_carea' id='block_1_10' title="bbox 535 1041 3867 1124">
    <p class='ocr_par' dir='ltr' id='par_1_10' title="bbox 535 1041 3867 1124">
     <span class='ocr_line' id='line_1_10' title="bbox 535 1041 3867 1124; baseline 0 -20"><span class='ocrx_word' id='word_1_134' title='bbox 535 1052 602 1104; x_wconf 82' lang='grc' dir='ltr'>τὰ</span> <span class='ocrx_word' id='word_1_135' title='bbox 674 1052 852 1124; x_wconf 76' lang='grc' dir='ltr'>ἔτερα,</span> <span class='ocrx_word' id='word_1_136' title='bbox 949 1045 1244 1118; x_wconf 70' lang='grc' dir='ltr'>ἀναγκαίως</span> <span class='ocrx_word' id='word_1_137' title='bbox 1325 1044 1464 1107; x_wconf 82' lang='grc' dir='ltr'>λέξαι</span> <span class='ocrx_word' id='word_1_138' title='bbox 1537 1047 1813 1113; x_wconf 77' lang='grc' dir='ltr'>κατεπειγό</span> <span class='ocrx_word' id='word_1_139' title='bbox 1887 1043 2020 1114; x_wconf 81' lang='grc' dir='ltr'>μεθα</span> <span class='ocrx_word' id='word_1_140' title='bbox 2094 1041 2185 1094; x_wconf 82' lang='grc' dir='ltr'>αύ·</span> <span class='ocrx_word' id='word_1_141' title='bbox 2295 1044 2566 1114; x_wconf 76' lang='grc' dir='ltr'>καιδεκάς,</span> <span class='ocrx_word' id='word_1_142' title='bbox 2613 1055 2913 1124; x_wconf 72' lang='grc' dir='ltr'>περιέχεται</span> <span class='ocrx_word' id='word_1_143' title='bbox 2951 1060 3074 1123; x_wconf 73' lang='grc' dir='ltr'>γοῦν</span> <span class='ocrx_word' id='word_1_144' title='bbox 3114 1054 3139 1103; x_wconf 85' lang='grc' dir='ltr'><strong><em>ὁ</em></strong></span> <span class='ocrx_word' id='word_1_145' title='bbox 3187 1059 3227 1105; x_wconf 89' lang='grc' dir='ltr'>Υ</span> <span class='ocrx_word' id='word_1_146' title='bbox 3277 1054 3379 1104; x_wconf 75' lang='grc' dir='ltr'>ὑπὸ</span> <span class='ocrx_word' id='word_1_147' title='bbox 3429 1056 3511 1104; x_wconf 84' lang='grc' dir='ltr'>τὸν</span> <span class='ocrx_word' id='word_1_148' title='bbox 3565 1060 3639 1106; x_wconf 83' lang='grc' dir='ltr'>Δ·</span> <span class='ocrx_word' id='word_1_149' title='bbox 3689 1058 3867 1109; x_wconf 68' lang='grc' dir='ltr'>ἔστωσαν</span> 
     </span>
    </p>
   </div>
   <div class='ocr_carea' id='block_1_11' title="bbox 534 1133 3867 1214">
    <p class='ocr_par' dir='ltr' id='par_1_11' title="bbox 534 1133 3867 1214">
     <span class='ocr_line' id='line_1_11' title="bbox 534 1133 3867 1214; baseline -0 -21"><span class='ocrx_word' id='word_1_150' title='bbox 534 1149 632 1193; x_wconf 85' lang='grc' dir='ltr'>τῶν</span> <span class='ocrx_word' id='word_1_151' title='bbox 691 1146 783 1198; x_wconf 75' lang='grc' dir='ltr'>τὴν</span> <span class='ocrx_word' id='word_1_152' title='bbox 859 1139 1215 1210; x_wconf 83' lang='grc' dir='ltr'>συνάθροισιν,</span> <span class='ocrx_word' id='word_1_153' title='bbox 1281 1135 1415 1187; x_wconf 84' lang='grc' dir='ltr'>ούτω</span> <span class='ocrx_word' id='word_1_154' title='bbox 1488 1137 1590 1207; x_wconf 74' lang='grc' dir='ltr'>γὰρ</span> <span class='ocrx_word' id='word_1_155' title='bbox 1665 1138 1754 1185; x_wconf 90' lang='grc' dir='ltr'>καὶ</span> <span class='ocrx_word' id='word_1_156' title='bbox 1806 1135 1894 1192; x_wconf 80' lang='grc' dir='ltr'>τὰς</span> <span class='ocrx_word' id='word_1_157' title='bbox 1946 1133 2182 1204; x_wconf 80' lang='grc' dir='ltr'>κράσεις,</span> <span class='ocrx_word' id='word_1_158' title='bbox 2296 1133 2356 1189; x_wconf 76' lang='grc' dir='ltr'>δέ</span> <span class='ocrx_word' id='word_1_159' title='bbox 2411 1143 2500 1189; x_wconf 89' lang='grc' dir='ltr'>καί</span> <span class='ocrx_word' id='word_1_160' title='bbox 2562 1141 2611 1190; x_wconf 82' lang='grc' dir='ltr'>οἱ</span> <span class='ocrx_word' id='word_1_161' title='bbox 2649 1139 2811 1214; x_wconf 82' lang='grc' dir='ltr'>ἕτεροι</span> <span class='ocrx_word' id='word_1_162' title='bbox 2856 1146 2991 1214; x_wconf 84' lang='grc' dir='ltr'>τρεῖς</span> <span class='ocrx_word' id='word_1_163' title='bbox 3054 1148 3229 1214; x_wconf 86' lang='grc' dir='ltr'>τομεῖς</span> <span class='ocrx_word' id='word_1_164' title='bbox 3273 1149 3314 1193; x_wconf 87' lang='grc' dir='ltr'>Υ</span> <span class='ocrx_word' id='word_1_165' title='bbox 3377 1137 3605 1207; x_wconf 79' lang='grc' dir='ltr'>δεκάδες,</span> <span class='ocrx_word' id='word_1_166' title='bbox 3662 1145 3702 1194; x_wconf 88' lang='grc' dir='ltr'>οἱ</span> <span class='ocrx_word' id='word_1_167' title='bbox 3747 1141 3791 1196; x_wconf 77' lang='grc' dir='ltr'>δέ</span> <span class='ocrx_word' id='word_1_168' title='bbox 3840 1153 3867 1197; x_wconf 74' lang='grc' dir='ltr'><strong>Α</strong></span> 
     </span>
    </p>
   </div>
   <div class='ocr_carea' id='block_1_12' title="bbox 536 1220 3868 1302">
    <p class='ocr_par' dir='ltr' id='par_1_12' title="bbox 536 1220 3868 1302">
     <span class='ocr_line' id='line_1_12' title="bbox 536 1220 3868 1302; baseline 0.001 -19"><span class='ocrx_word' id='word_1_169' title='bbox 536 1232 620 1283; x_wconf 81' lang='grc' dir='ltr'>ἶνα</span> <span class='ocrx_word' id='word_1_170' title='bbox 677 1234 939 1301; x_wconf 82' lang='grc' dir='ltr'>νοήσωμεν</span> <span class='ocrx_word' id='word_1_171' title='bbox 996 1235 1107 1287; x_wconf 88' lang='grc' dir='ltr'>πῶς</span> <span class='ocrx_word' id='word_1_172' title='bbox 1165 1227 1355 1297; x_wconf 79' lang='grc' dir='ltr'>ἔχουσι</span> <span class='ocrx_word' id='word_1_173' title='bbox 1409 1227 1503 1282; x_wconf 82' lang='grc' dir='ltr'>τὴν</span> <span class='ocrx_word' id='word_1_174' title='bbox 1564 1222 1638 1284; x_wconf 84' lang='grc' dir='ltr'>εἰς</span> <span class='ocrx_word' id='word_1_175' title='bbox 1711 1220 1930 1282; x_wconf 76' lang='grc' dir='ltr'>ἀλλήλας</span> <span class='ocrx_word' id='word_1_176' title='bbox 1988 1224 2185 1291; x_wconf 74' lang='grc' dir='ltr'>συγγέ-</span> <span class='ocrx_word' id='word_1_177' title='bbox 2292 1223 2772 1290; x_wconf 82' lang='grc' dir='ltr'>πεντεκαιδεκάδες.</span> <span class='ocrx_word' id='word_1_178' title='bbox 2834 1228 2894 1282; x_wconf 85' lang='grc' dir='ltr'>Εἰ</span> <span class='ocrx_word' id='word_1_179' title='bbox 2962 1231 3067 1301; x_wconf 79' lang='grc' dir='ltr'>ἄρα</span> <span class='ocrx_word' id='word_1_180' title='bbox 3121 1230 3358 1302; x_wconf 77' lang='grc' dir='ltr'>ἡμιόλιος</span> <span class='ocrx_word' id='word_1_181' title='bbox 3408 1237 3448 1283; x_wconf 77' lang='grc' dir='ltr'><strong>Α</strong></span> <span class='ocrx_word' id='word_1_182' title='bbox 3500 1238 3586 1283; x_wconf 81' lang='grc' dir='ltr'>τοῦ</span> <span class='ocrx_word' id='word_1_183' title='bbox 3634 1239 3684 1299; x_wconf 93' lang='grc' dir='ltr'>Υ,</span> <span class='ocrx_word' id='word_1_184' title='bbox 3731 1240 3798 1285; x_wconf 81' lang='grc' dir='ltr'>καί</span> <span class='ocrx_word' id='word_1_185' title='bbox 3834 1238 3868 1286; x_wconf 83' lang='grc' dir='ltr'>οἱ</span> 
     </span>
    </p>
   </div>
   <div class='ocr_carea' id='block_1_13' title="bbox 533 1315 3864 1394">
    <p class='ocr_par' dir='ltr' id='par_1_13' title="bbox 533 1315 3864 1394">
     <span class='ocr_line' id='line_1_13' title="bbox 533 1315 3864 1394; baseline 0.005 -36"><span class='ocrx_word' id='word_1_186' title='bbox 533 1340 689 1376; x_wconf 49' lang='lat' dir='ltr'>“tam.</span> <span class='ocrx_word' id='word_1_187' title='bbox 2292 1315 2517 1389; x_wconf 78' lang='grc' dir='ltr'>ἔτεροιΑ</span> <span class='ocrx_word' id='word_1_188' title='bbox 2547 1325 2645 1367; x_wconf 85' lang='grc' dir='ltr'>τῶν</span> <span class='ocrx_word' id='word_1_189' title='bbox 2692 1324 2730 1369; x_wconf 91' lang='grc' dir='ltr'>Υ</span> <span class='ocrx_word' id='word_1_190' title='bbox 2776 1317 3009 1391; x_wconf 77' lang='grc' dir='ltr'>ἡμιόλιοι</span> <span class='ocrx_word' id='word_1_191' title='bbox 3043 1340 3055 1351; x_wconf 88' lang='grc'><strong>·</strong></span> <span class='ocrx_word' id='word_1_192' title='bbox 3109 1318 3153 1371; x_wconf 82' lang='grc' dir='ltr'>εἰ</span> <span class='ocrx_word' id='word_1_193' title='bbox 3208 1316 3269 1371; x_wconf 79' lang='grc' dir='ltr'>δέ</span> <span class='ocrx_word' id='word_1_194' title='bbox 3320 1328 3420 1370; x_wconf 83' lang='grc' dir='ltr'>τῶν</span> <span class='ocrx_word' id='word_1_195' title='bbox 3469 1320 3569 1394; x_wconf 72' lang='grc' dir='ltr'>ἄρα</span> <span class='ocrx_word' id='word_1_196' title='bbox 3597 1322 3805 1393; x_wconf 75' lang='grc' dir='ltr'>τεττάρων</span> <span class='ocrx_word' id='word_1_197' title='bbox 3838 1331 3864 1374; x_wconf 82' lang='grc' dir='ltr'>Υ</span> 
     </span>
    </p>
   </div>
   <div class='ocr_carea' id='block_1_14' title="bbox 602 1394 3864 1479">
    <p class='ocr_par' dir='ltr' id='par_1_14' title="bbox 602 1394 3864 1479">
     <span class='ocr_line' id='line_1_14' title="bbox 602 1394 3864 1479; baseline -0.003 -8"><span class='ocrx_word' id='word_1_198' title='bbox 602 1406 670 1479; x_wconf 75' lang='grc' dir='ltr'>γ’·</span> <span class='ocrx_word' id='word_1_199' title='bbox 721 1410 823 1461; x_wconf 75' lang='grc' dir='ltr'>Καὶ</span> <span class='ocrx_word' id='word_1_200' title='bbox 871 1407 951 1458; x_wconf 79' lang='grc' dir='ltr'>ὅτι</span> <span class='ocrx_word' id='word_1_201' title='bbox 985 1408 1075 1477; x_wconf 66' lang='grc' dir='ltr'>μὲν</span> <span class='ocrx_word' id='word_1_202' title='bbox 1118 1400 1206 1456; x_wconf 68' lang='grc' dir='ltr'>οὖν</span> <span class='ocrx_word' id='word_1_203' title='bbox 1264 1407 1320 1455; x_wconf 75' lang='grc' dir='ltr'>τό</span> <span class='ocrx_word' id='word_1_204' title='bbox 1382 1410 1422 1454; x_wconf 87' lang='grc' dir='ltr'>Υ</span> <span class='ocrx_word' id='word_1_205' title='bbox 1470 1407 1562 1452; x_wconf 66' lang='grc' dir='ltr'>ὀὗ</span> <span class='ocrx_word' id='word_1_206' title='bbox 1620 1405 1657 1451; x_wconf 87' lang='grc' dir='ltr'><strong>Γ</strong></span> <span class='ocrx_word' id='word_1_207' title='bbox 1710 1394 2011 1461; x_wconf 68' lang='grc' dir='ltr'>διπλάσιον,</span> <span class='ocrx_word' id='word_1_208' title='bbox 2057 1395 2184 1449; x_wconf 78' lang='grc' dir='ltr'>ἀλλὰ</span> <span class='ocrx_word' id='word_1_209' title='bbox 2292 1408 2483 1475; x_wconf 86' lang='grc' dir='ltr'>τομέων</span> <span class='ocrx_word' id='word_1_210' title='bbox 2540 1413 2637 1456; x_wconf 84' lang='grc' dir='ltr'>τῶν</span> <span class='ocrx_word' id='word_1_211' title='bbox 2707 1411 3101 1479; x_wconf 76' lang='grc' dir='ltr'>συναπτομένων</span> <span class='ocrx_word' id='word_1_212' title='bbox 3169 1412 3259 1459; x_wconf 91' lang='grc' dir='ltr'>καί</span> <span class='ocrx_word' id='word_1_213' title='bbox 3322 1411 3597 1460; x_wconf 76' lang='grc' dir='ltr'>ποιούντων</span> <span class='ocrx_word' id='word_1_214' title='bbox 3660 1417 3694 1462; x_wconf 90' lang='grc' dir='ltr'>Υ</span> <span class='ocrx_word' id='word_1_215' title='bbox 3733 1409 3864 1461; x_wconf 68' lang='grc' dir='ltr'>κύκλον</span> 
     </span>
    </p>
   </div>
   <div class='ocr_carea' id='block_1_15' title="bbox 531 1491 3865 1570">
    <p class='ocr_par' dir='ltr' id='par_1_15' title="bbox 531 1491 3865 1570">
     <span class='ocr_line' id='line_1_15' title="bbox 531 1491 3865 1570; baseline -0 -20"><span class='ocrx_word' id='word_1_216' title='bbox 531 1502 623 1550; x_wconf 82' lang='grc' dir='ltr'>καὶ</span> <span class='ocrx_word' id='word_1_217' title='bbox 668 1500 726 1548; x_wconf 90' lang='grc' dir='ltr'>τὸ</span> <span class='ocrx_word' id='word_1_218' title='bbox 757 1503 797 1549; x_wconf 84' lang='grc' dir='ltr'><strong>Δ</strong></span> <span class='ocrx_word' id='word_1_219' title='bbox 853 1492 1299 1565; x_wconf 76' lang='grc' dir='ltr'>τοῡΥὴμιολιον,</span> <span class='ocrx_word' id='word_1_220' title='bbox 1339 1492 1585 1549; x_wconf 80' lang='grc' dir='ltr'>ὡσαύτως</span> <span class='ocrx_word' id='word_1_221' title='bbox 1636 1493 1727 1540; x_wconf 80' lang='grc' dir='ltr'>καὶ</span> <span class='ocrx_word' id='word_1_222' title='bbox 1776 1491 1835 1539; x_wconf 80' lang='grc' dir='ltr'>τὸ</span> <span class='ocrx_word' id='word_1_223' title='bbox 1894 1494 1938 1540; x_wconf 88' lang='grc' dir='ltr'>Π</span> <span class='ocrx_word' id='word_1_224' title='bbox 1996 1494 2087 1538; x_wconf 79' lang='grc' dir='ltr'>τοῦ</span> <span class='ocrx_word' id='word_1_225' title='bbox 2142 1492 2183 1543; x_wconf 75' lang='grc' dir='ltr'>Α</span> <span class='ocrx_word' id='word_1_226' title='bbox 2292 1493 2523 1564; x_wconf 76' lang='grc' dir='ltr'>ἡμιόλιοι</span> <span class='ocrx_word' id='word_1_227' title='bbox 2582 1497 2632 1546; x_wconf 82' lang='grc' dir='ltr'>οἱ</span> <span class='ocrx_word' id='word_1_228' title='bbox 2693 1501 2733 1547; x_wconf 81' lang='grc' dir='ltr'><strong>Α</strong></span> <span class='ocrx_word' id='word_1_229' title='bbox 2792 1505 2963 1569; x_wconf 85' lang='grc' dir='ltr'>τομεῖς</span> <span class='ocrx_word' id='word_1_230' title='bbox 3007 1499 3319 1570; x_wconf 72' lang='grc' dir='ltr'>ὑπάρχουσι</span> <span class='ocrx_word' id='word_1_231' title='bbox 3370 1501 3461 1549; x_wconf 85' lang='grc' dir='ltr'>καί</span> <span class='ocrx_word' id='word_1_232' title='bbox 3520 1499 3544 1549; x_wconf 82' lang='grc' dir='ltr'><strong><em>ὁ</em></strong></span> <span class='ocrx_word' id='word_1_233' title='bbox 3592 1498 3681 1550; x_wconf 87' lang='grc' dir='ltr'>ύπὸ</span> <span class='ocrx_word' id='word_1_234' title='bbox 3716 1503 3805 1559; x_wconf 79' lang='grc' dir='ltr'>τούς</span> <span class='ocrx_word' id='word_1_235' title='bbox 3835 1505 3865 1553; x_wconf 81' lang='grc' dir='ltr'><strong>Α</strong></span> 
     </span>
    </p>
   </div>
   <div class='ocr_carea' id='block_1_16' title="bbox 534 1581 3868 1661">
    <p class='ocr_par' dir='ltr' id='par_1_16' title="bbox 534 1581 3868 1661">
     <span class='ocr_line' id='line_1_16' title="bbox 534 1581 3868 1661; baseline -0.001 -17"><span class='ocrx_word' id='word_1_236' title='bbox 534 1585 815 1657; x_wconf 65' lang='grc' dir='ltr'>ἐπίτριτον,</span> <span class='ocrx_word' id='word_1_237' title='bbox 876 1583 1056 1643; x_wconf 79' lang='grc' dir='ltr'>ἀληθές</span> <span class='ocrx_word' id='word_1_238' title='bbox 1087 1603 1100 1615; x_wconf 86' lang='grc'><em>’</em></span> <span class='ocrx_word' id='word_1_239' title='bbox 1154 1583 1183 1639; x_wconf 73' lang='grc' dir='ltr'>ἡ</span> <span class='ocrx_word' id='word_1_240' title='bbox 1242 1584 1342 1655; x_wconf 76' lang='grc' dir='ltr'>γὰρ</span> <span class='ocrx_word' id='word_1_241' title='bbox 1396 1582 1699 1652; x_wconf 66' lang='grc' dir='ltr'>καταγραφή</span> <span class='ocrx_word' id='word_1_242' title='bbox 1752 1584 1844 1628; x_wconf 75' lang='grc' dir='ltr'>τοῦ</span> <span class='ocrx_word' id='word_1_243' title='bbox 1903 1581 2183 1647; x_wconf 79' lang='grc' dir='ltr'>σχήματος</span> <span class='ocrx_word' id='word_1_244' title='bbox 2290 1591 2465 1654; x_wconf 63' lang='grc' dir='ltr'>’νομεῖς</span> <span class='ocrx_word' id='word_1_245' title='bbox 2516 1584 2621 1656; x_wconf 83' lang='grc' dir='ltr'>ἄρα</span> <span class='ocrx_word' id='word_1_246' title='bbox 2683 1585 2870 1647; x_wconf 78' lang='grc' dir='ltr'>κύκλος</span> <span class='ocrx_word' id='word_1_247' title='bbox 2929 1591 3165 1661; x_wconf 78' lang='grc' dir='ltr'>περιέχει</span> <span class='ocrx_word' id='word_1_248' title='bbox 3220 1591 3307 1639; x_wconf 88' lang='grc' dir='ltr'>τὸν</span> <span class='ocrx_word' id='word_1_249' title='bbox 3356 1589 3457 1639; x_wconf 84' lang='grc' dir='ltr'>ύπο</span> <span class='ocrx_word' id='word_1_250' title='bbox 3509 1591 3623 1649; x_wconf 77' lang='grc' dir='ltr'>τοὺς</span> <span class='ocrx_word' id='word_1_251' title='bbox 3664 1596 3699 1641; x_wconf 89' lang='grc' dir='ltr'>Υ</span> <span class='ocrx_word' id='word_1_252' title='bbox 3748 1596 3868 1659; x_wconf 58' lang='lat' dir='ltr'>rapti;</span> 
     </span>
    </p>
   </div>
   <div class='ocr_carea' id='block_1_17' title="bbox 534 1664 3867 1751">
    <p class='ocr_par' dir='ltr' id='par_1_17' title="bbox 534 1664 3867 1751">
     <span class='ocr_line' id='line_1_17' title="bbox 534 1664 3867 1751; baseline -0.001 -22"><span class='ocrx_word' id='word_1_253' title='bbox 534 1681 625 1730; x_wconf 83' lang='grc' dir='ltr'>καὶ</span> <span class='ocrx_word' id='word_1_254' title='bbox 660 1672 827 1751; x_wconf 77' lang='grc' dir='ltr'>ῥᾳδία</span> <span class='ocrx_word' id='word_1_255' title='bbox 854 1679 943 1726; x_wconf 85' lang='grc' dir='ltr'>καὶ</span> <span class='ocrx_word' id='word_1_256' title='bbox 994 1672 1251 1743; x_wconf 77' lang='grc' dir='ltr'>ἀναγκαία</span> <span class='ocrx_word' id='word_1_257' title='bbox 1289 1674 1377 1722; x_wconf 85' lang='grc' dir='ltr'>καὶ</span> <span class='ocrx_word' id='word_1_258' title='bbox 1413 1669 1507 1720; x_wconf 86' lang='grc' dir='ltr'>ούκ</span> <span class='ocrx_word' id='word_1_259' title='bbox 1558 1667 1724 1728; x_wconf 75' lang='grc' dir='ltr'>ἄλλως</span> <span class='ocrx_word' id='word_1_260' title='bbox 1775 1668 1978 1738; x_wconf 78' lang='grc' dir='ltr'>ἔχουσά</span> <span class='ocrx_word' id='word_1_261' title='bbox 2017 1664 2179 1733; x_wconf 79' lang='grc' dir='ltr'>ἐστιν,</span> <span class='ocrx_word' id='word_1_262' title='bbox 2290 1674 2475 1723; x_wconf 81' lang='grc' dir='ltr'>κύκλον</span> <span class='ocrx_word' id='word_1_263' title='bbox 2549 1675 2686 1725; x_wconf 82' lang='grc' dir='ltr'>κατὰ</span> <span class='ocrx_word' id='word_1_264' title='bbox 2756 1673 2907 1746; x_wconf 71' lang='grc' dir='ltr'>λόγον</span> <span class='ocrx_word' id='word_1_265' title='bbox 2982 1678 3068 1727; x_wconf 86' lang='grc' dir='ltr'>τὸν</span> <span class='ocrx_word' id='word_1_266' title='bbox 3132 1675 3393 1748; x_wconf 74' lang='grc' dir='ltr'>ἡμιόλιον,</span> <span class='ocrx_word' id='word_1_267' title='bbox 3459 1680 3547 1727; x_wconf 86' lang='grc' dir='ltr'>καί</span> <span class='ocrx_word' id='word_1_268' title='bbox 3604 1678 3627 1727; x_wconf 86' lang='grc' dir='ltr'>ὁ</span> <span class='ocrx_word' id='word_1_269' title='bbox 3678 1676 3758 1749; x_wconf 75' lang='grc' dir='ltr'>ἀήρ</span> 
     </span>
    </p>
   </div>
   <div class='ocr_carea' id='block_1_18' title="bbox 535 1752 3866 1837">
    <p class='ocr_par' dir='ltr' id='par_1_18' title="bbox 535 1752 3866 1837">
     <span class='ocr_line' id='line_1_18' title="bbox 535 1752 3866 1837; baseline -0.001 -16"><span class='ocrx_word' id='word_1_270' title='bbox 535 1766 649 1823; x_wconf 64' lang='lat' dir='ltr'>im</span> <span class='ocrx_word' id='word_1_271' title='bbox 717 1768 853 1818; x_wconf 86' lang='grc' dir='ltr'>κατὰ</span> <span class='ocrx_word' id='word_1_272' title='bbox 908 1768 965 1815; x_wconf 86' lang='grc' dir='ltr'>τὸ</span> <span class='ocrx_word' id='word_1_273' title='bbox 1042 1765 1253 1834; x_wconf 66' lang='grc' dir='ltr'>συνεχὲς</span> <span class='ocrx_word' id='word_1_274' title='bbox 1304 1764 1467 1813; x_wconf 74' lang='grc' dir='ltr'>ποσὸν</span> <span class='ocrx_word' id='word_1_275' title='bbox 1541 1760 1994 1831; x_wconf 75' lang='grc' dir='ltr'>καταμετρουμένη</span> <span class='ocrx_word' id='word_1_276' title='bbox 2069 1752 2256 1822; x_wconf 80' lang='grc' dir='ltr'>δει-Β</span> <span class='ocrx_word' id='word_1_277' title='bbox 2294 1764 2528 1832; x_wconf 76' lang='grc' dir='ltr'>περιέχει</span> <span class='ocrx_word' id='word_1_278' title='bbox 2578 1765 2636 1813; x_wconf 89' lang='grc' dir='ltr'>τὸ</span> <span class='ocrx_word' id='word_1_279' title='bbox 2694 1759 2837 1835; x_wconf 71' lang='grc' dir='ltr'>ὕδωρ</span> <span class='ocrx_word' id='word_1_280' title='bbox 2887 1769 2988 1816; x_wconf 82' lang='grc' dir='ltr'>πᾶν</span> <span class='ocrx_word' id='word_1_281' title='bbox 3032 1766 3166 1815; x_wconf 84' lang='grc' dir='ltr'>κατὰ</span> <span class='ocrx_word' id='word_1_282' title='bbox 3208 1763 3362 1836; x_wconf 64' lang='grc' dir='ltr'>λόγον</span> <span class='ocrx_word' id='word_1_283' title='bbox 3408 1768 3493 1816; x_wconf 75' lang='grc' dir='ltr'>τὸν</span> <span class='ocrx_word' id='word_1_284' title='bbox 3542 1764 3781 1837; x_wconf 76' lang='grc' dir='ltr'>ἡμιόλιονο</span> <span class='ocrx_word' id='word_1_285' title='bbox 3813 1764 3866 1827; x_wconf 78' lang='grc' dir='ltr'>ἐξ-</span> 
     </span>
    </p>
   </div>
   <div class='ocr_carea' id='block_1_19' title="bbox 534 1850 3865 1926">
    <p class='ocr_par' dir='ltr' id='par_1_19' title="bbox 534 1850 3865 1926">
     <span class='ocr_line' id='line_1_19' title="bbox 534 1850 3865 1926; baseline -0.001 -18"><span class='ocrx_word' id='word_1_286' title='bbox 534 1858 701 1908; x_wconf 87' lang='grc' dir='ltr'>κνύειν</span> <span class='ocrx_word' id='word_1_287' title='bbox 747 1852 968 1908; x_wconf 78' lang='grc' dir='ltr'>δύναται</span> <span class='ocrx_word' id='word_1_288' title='bbox 1030 1858 1118 1911; x_wconf 77' lang='grc' dir='ltr'>τὴν</span> <span class='ocrx_word' id='word_1_289' title='bbox 1168 1850 1409 1910; x_wconf 79' lang='grc' dir='ltr'>ἀλήθειαν</span> <span class='ocrx_word' id='word_1_290' title='bbox 1451 1854 1541 1900; x_wconf 85' lang='grc' dir='ltr'>καὶ</span> <span class='ocrx_word' id='word_1_291' title='bbox 1606 1852 1700 1906; x_wconf 76' lang='grc' dir='ltr'>τήν</span> <span class='ocrx_word' id='word_1_292' title='bbox 1756 1856 1850 1908; x_wconf 83' lang='grc' dir='ltr'>τῆς</span> <span class='ocrx_word' id='word_1_293' title='bbox 1919 1864 2185 1916; x_wconf 86' lang='grc' dir='ltr'>στοιχεια-</span> <span class='ocrx_word' id='word_1_294' title='bbox 2292 1856 2539 1919; x_wconf 78' lang='grc' dir='ltr'>ογκουται</span> <span class='ocrx_word' id='word_1_295' title='bbox 2611 1855 2779 1902; x_wconf 85' lang='grc' dir='ltr'>τοίνυν</span> <span class='ocrx_word' id='word_1_296' title='bbox 2868 1854 2897 1910; x_wconf 73' lang='grc' dir='ltr'><em>ἡ</em></span> <span class='ocrx_word' id='word_1_297' title='bbox 2991 1859 3309 1924; x_wconf 72' lang='grc' dir='ltr'>στοιχειακὴ</span> <span class='ocrx_word' id='word_1_298' title='bbox 3404 1852 3620 1926; x_wconf 82' lang='grc' dir='ltr'>ἁρμονία</span> <span class='ocrx_word' id='word_1_299' title='bbox 3692 1858 3865 1925; x_wconf 79' lang='grc' dir='ltr'>πότερον.</span> 
     </span>
    </p>
   </div>
   <div class='ocr_carea' id='block_1_20' title="bbox 534 1936 3867 2018">
    <p class='ocr_par' dir='ltr' id='par_1_20' title="bbox 534 1936 3867 2018">
     <span class='ocr_line' id='line_1_20' title="bbox 534 1936 3867 2018; baseline -0.007 -21"><span class='ocrx_word' id='word_1_300' title='bbox 534 1953 633 2006; x_wconf 83' lang='grc' dir='ltr'>κῆς</span> <span class='ocrx_word' id='word_1_301' title='bbox 683 1944 810 2005; x_wconf 77' lang='grc' dir='ltr'>ὕλης</span> <span class='ocrx_word' id='word_1_302' title='bbox 874 1948 1037 2018; x_wconf 78' lang='grc' dir='ltr'>φέρειν</span> <span class='ocrx_word' id='word_1_303' title='bbox 1089 1945 1163 2003; x_wconf 80' lang='grc' dir='ltr'>εἰς</span> <span class='ocrx_word' id='word_1_304' title='bbox 1223 1939 1343 2010; x_wconf 69' lang='grc' dir='ltr'>ὄψιν</span> <span class='ocrx_word' id='word_1_305' title='bbox 1417 1936 1714 2007; x_wconf 79' lang='grc' dir='ltr'>ἀναλογίαν,</span> <span class='ocrx_word' id='word_1_306' title='bbox 1781 1939 1876 1993; x_wconf 81' lang='grc' dir='ltr'>τὴν</span> <span class='ocrx_word' id='word_1_307' title='bbox 1939 1940 2057 2008; x_wconf 80' lang='grc' dir='ltr'>περὶ</span> <span class='ocrx_word' id='word_1_308' title='bbox 2125 1936 2184 1986; x_wconf 91' lang='grc' dir='ltr'>τὸ</span> <span class='ocrx_word' id='word_1_309' title='bbox 2292 1938 2602 2013; x_wconf 77' lang='grc' dir='ltr'>Μετάϐὠμεν</span> <span class='ocrx_word' id='word_1_310' title='bbox 2665 1945 2755 1993; x_wconf 87' lang='grc' dir='ltr'>καί</span> <span class='ocrx_word' id='word_1_311' title='bbox 2801 1945 2928 2015; x_wconf 85' lang='grc' dir='ltr'>πρὸς</span> <span class='ocrx_word' id='word_1_312' title='bbox 2977 1945 3061 1993; x_wconf 85' lang='grc' dir='ltr'>τόν</span> <span class='ocrx_word' id='word_1_313' title='bbox 3116 1941 3243 2016; x_wconf 80' lang='grc' dir='ltr'>ἀέρα</span> <span class='ocrx_word' id='word_1_314' title='bbox 3300 1938 3520 2004; x_wconf 74' lang='grc' dir='ltr'>δικαίως</span> <span class='ocrx_word' id='word_1_315' title='bbox 3549 1964 3561 1975; x_wconf 93' lang='grc'><em>.</em></span> <span class='ocrx_word' id='word_1_316' title='bbox 3626 1945 3737 1994; x_wconf 60' lang='grc' dir='ltr'>ἔστω</span> <span class='ocrx_word' id='word_1_317' title='bbox 3778 1950 3867 2013; x_wconf 53' lang='grc' dir='ltr'>γοῦν</span> 
     </span>
    </p>
   </div>
   <div class='ocr_carea' id='block_1_21' title="bbox 537 2022 3867 2102">
    <p class='ocr_par' dir='ltr' id='par_1_21' title="bbox 537 2022 3867 2102">
     <span class='ocr_line' id='line_1_21' title="bbox 537 2022 3867 2102; baseline -0.005 -16"><span class='ocrx_word' id='word_1_318' title='bbox 537 2037 719 2101; x_wconf 88' lang='grc' dir='ltr'>ποσὸν,</span> <span class='ocrx_word' id='word_1_319' title='bbox 777 2038 868 2085; x_wconf 84' lang='grc' dir='ltr'>καὶ</span> <span class='ocrx_word' id='word_1_320' title='bbox 917 2034 998 2083; x_wconf 86' lang='grc' dir='ltr'>ὅτι</span> <span class='ocrx_word' id='word_1_321' title='bbox 1054 2030 1380 2102; x_wconf 81' lang='grc' dir='ltr'>ἀλληλουχία</span> <span class='ocrx_word' id='word_1_322' title='bbox 1434 2028 1665 2101; x_wconf 73' lang='grc' dir='ltr'>ὑπάρχει</span> <span class='ocrx_word' id='word_1_323' title='bbox 1729 2022 1777 2076; x_wconf 78' lang='grc' dir='ltr'>ἐν</span> <span class='ocrx_word' id='word_1_324' title='bbox 1835 2024 1997 2095; x_wconf 76' lang='grc' dir='ltr'>αύτῷ.</span> <span class='ocrx_word' id='word_1_325' title='bbox 2046 2023 2186 2076; x_wconf 77' lang='grc' dir='ltr'>Ἐπεὶ</span> <span class='ocrx_word' id='word_1_326' title='bbox 2290 2033 2380 2079; x_wconf 89' lang='grc' dir='ltr'>καί</span> <span class='ocrx_word' id='word_1_327' title='bbox 2433 2029 2592 2090; x_wconf 71' lang='grc' dir='ltr'>οὕτως</span> <span class='ocrx_word' id='word_1_328' title='bbox 2652 2031 2677 2081; x_wconf 83' lang='grc' dir='ltr'><strong>ό</strong></span> <span class='ocrx_word' id='word_1_329' title='bbox 2717 2036 2755 2081; x_wconf 82' lang='grc' dir='ltr'><strong>Α</strong></span> <span class='ocrx_word' id='word_1_330' title='bbox 2796 2034 2999 2102; x_wconf 58' lang='grc' dir='ltr'>τομεύς,</span> <span class='ocrx_word' id='word_1_331' title='bbox 3049 2026 3474 2099; x_wconf 64' lang='grc' dir='ltr'>πεντααιδεχάς’</span> <span class='ocrx_word' id='word_1_332' title='bbox 3526 2032 3551 2083; x_wconf 73' lang='grc' dir='ltr'><strong><em>ὁ</em></strong></span> <span class='ocrx_word' id='word_1_333' title='bbox 3593 2028 3647 2084; x_wconf 76' lang='grc' dir='ltr'><em>δέ</em></span> <span class='ocrx_word' id='word_1_334' title='bbox 3697 2039 3730 2084; x_wconf 80' lang='grc' dir='ltr'>[ι</span> <span class='ocrx_word' id='word_1_335' title='bbox 3773 2031 3867 2083; x_wconf 49' lang='lat' dir='ltr'>Et“-</span> 
     </span>
    </p>
   </div>
   <div class='ocr_carea' id='block_1_22' title="bbox 539 2108 3870 2194">
    <p class='ocr_par' dir='ltr' id='par_1_22' title="bbox 539 2108 3870 2194">
     <span class='ocr_line' id='line_1_22' title="bbox 539 2108 3870 2194; baseline -0.002 -18"><span class='ocrx_word' id='word_1_336' title='bbox 539 2119 598 2176; x_wconf 73' lang='grc' dir='ltr'>δε</span> <span class='ocrx_word' id='word_1_337' title='bbox 649 2127 737 2175; x_wconf 83' lang='grc' dir='ltr'>καὶ</span> <span class='ocrx_word' id='word_1_338' title='bbox 784 2120 841 2173; x_wconf 83' lang='grc' dir='ltr'>ἐκ</span> <span class='ocrx_word' id='word_1_339' title='bbox 881 2117 1321 2194; x_wconf 79' lang='grc' dir='ltr'>παραδειγμάτων</span> <span class='ocrx_word' id='word_1_340' title='bbox 1371 2116 1455 2169; x_wconf 82' lang='grc' dir='ltr'>ἐπὶ</span> <span class='ocrx_word' id='word_1_341' title='bbox 1497 2119 1555 2168; x_wconf 88' lang='grc' dir='ltr'>τὸ</span> <span class='ocrx_word' id='word_1_342' title='bbox 1606 2117 1917 2186; x_wconf 77' lang='grc' dir='ltr'>σαφέστερον</span> <span class='ocrx_word' id='word_1_343' title='bbox 1971 2108 2055 2165; x_wconf 86' lang='grc' dir='ltr'>δεῖ</span> <span class='ocrx_word' id='word_1_344' title='bbox 2100 2131 2184 2164; x_wconf 85' lang='grc' dir='ltr'>επ-</span> <span class='ocrx_word' id='word_1_345' title='bbox 2295 2118 2411 2186; x_wconf 66' lang='grc' dir='ltr'>σὰς,</span> <span class='ocrx_word' id='word_1_346' title='bbox 2460 2123 2760 2191; x_wconf 82' lang='grc' dir='ltr'>περιέχεται</span> <span class='ocrx_word' id='word_1_347' title='bbox 2807 2127 2929 2190; x_wconf 72' lang='grc' dir='ltr'>γοῦν</span> <span class='ocrx_word' id='word_1_348' title='bbox 2987 2120 3013 2171; x_wconf 87' lang='grc' dir='ltr'><strong><em>ὁ</em></strong></span> <span class='ocrx_word' id='word_1_349' title='bbox 3068 2125 3107 2171; x_wconf 80' lang='grc' dir='ltr'><strong>Α</strong></span> <span class='ocrx_word' id='word_1_350' title='bbox 3157 2121 3257 2172; x_wconf 81' lang='grc' dir='ltr'>ὑπὸ</span> <span class='ocrx_word' id='word_1_351' title='bbox 3313 2128 3407 2172; x_wconf 83' lang='grc' dir='ltr'>τοῦ</span> <span class='ocrx_word' id='word_1_352' title='bbox 3460 2127 3502 2173; x_wconf 88' lang='grc' dir='ltr'>Π</span> <span class='ocrx_word' id='word_1_353' title='bbox 3536 2138 3547 2150; x_wconf 87' lang='grc'>·</span> <span class='ocrx_word' id='word_1_354' title='bbox 3600 2123 3792 2172; x_wconf 76' lang='grc' dir='ltr'>ἔστωσαν</span> <span class='ocrx_word' id='word_1_355' title='bbox 3828 2115 3870 2169; x_wconf 76' lang='grc' dir='ltr'>δέ</span> 
     </span>
    </p>
   </div>
   <div class='ocr_carea' id='block_1_23' title="bbox 538 2197 3867 2285">
    <p class='ocr_par' dir='ltr' id='par_1_23' title="bbox 538 2197 3867 2285">
     <span class='ocr_line' id='line_1_23' title="bbox 538 2197 3867 2285; baseline -0.002 -20"><span class='ocrx_word' id='word_1_356' title='bbox 538 2215 680 2284; x_wconf 67' lang='grc' dir='ltr'>άγειν</span> <span class='ocrx_word' id='word_1_357' title='bbox 755 2214 891 2285; x_wconf 78' lang='grc' dir='ltr'>ἡμᾶς</span> <span class='ocrx_word' id='word_1_358' title='bbox 964 2212 1030 2263; x_wconf 86' lang='grc' dir='ltr'>τὰ</span> <span class='ocrx_word' id='word_1_359' title='bbox 1101 2214 1357 2281; x_wconf 77' lang='grc' dir='ltr'>νοήματα,</span> <span class='ocrx_word' id='word_1_360' title='bbox 1437 2202 1691 2276; x_wconf 74' lang='grc' dir='ltr'>δείξομεν.</span> <span class='ocrx_word' id='word_1_361' title='bbox 1752 2202 1928 2255; x_wconf 79' lang='grc' dir='ltr'>Ἐστω</span> <span class='ocrx_word' id='word_1_362' title='bbox 1995 2197 2054 2254; x_wconf 68' lang='grc' dir='ltr'>δὲ</span> <span class='ocrx_word' id='word_1_363' title='bbox 2126 2205 2186 2254; x_wconf 85' lang='grc' dir='ltr'>τὸ</span> <span class='ocrx_word' id='word_1_364' title='bbox 2291 2211 2381 2258; x_wconf 88' lang='grc' dir='ltr'>καί</span> <span class='ocrx_word' id='word_1_365' title='bbox 2441 2208 2490 2258; x_wconf 81' lang='grc' dir='ltr'>οἱ</span> <span class='ocrx_word' id='word_1_366' title='bbox 2546 2209 2704 2281; x_wconf 78' lang='grc' dir='ltr'>ἕτεροι</span> <span class='ocrx_word' id='word_1_367' title='bbox 2757 2216 2891 2280; x_wconf 84' lang='grc' dir='ltr'>τρεῖς</span> <span class='ocrx_word' id='word_1_368' title='bbox 2958 2215 3133 2281; x_wconf 85' lang='grc' dir='ltr'>τομεῖς</span> <span class='ocrx_word' id='word_1_369' title='bbox 3205 2215 3245 2262; x_wconf 77' lang='grc' dir='ltr'>Α</span> <span class='ocrx_word' id='word_1_370' title='bbox 3322 2205 3771 2270; x_wconf 74' lang='grc' dir='ltr'>πεντεκαιδεκάδες.</span> <span class='ocrx_word' id='word_1_371' title='bbox 3828 2206 3867 2260; x_wconf 81' lang='grc' dir='ltr'>Εἰ</span> 
     </span>
    </p>
   </div>
   <div class='ocr_carea' id='block_1_24' title="bbox 536 2291 3865 2375">
    <p class='ocr_par' dir='ltr' id='par_1_24' title="bbox 536 2291 3865 2375">
     <span class='ocr_line' id='line_1_24' title="bbox 536 2291 3865 2375; baseline -0.006 -11"><span class='ocrx_word' id='word_1_372' title='bbox 536 2298 875 2375; x_wconf 71' lang='grc' dir='ltr'>παράδειγμα</span> <span class='ocrx_word' id='word_1_373' title='bbox 929 2299 1093 2360; x_wconf 80' lang='grc' dir='ltr'>οὕτως</span> <span class='ocrx_word' id='word_1_374' title='bbox 1125 2320 1139 2332; x_wconf 87' lang='grc'><strong>·</strong></span> <span class='ocrx_word' id='word_1_375' title='bbox 1189 2296 1332 2350; x_wconf 83' lang='grc' dir='ltr'>Ἠτω</span> <span class='ocrx_word' id='word_1_376' title='bbox 1370 2300 1396 2347; x_wconf 83' lang='grc' dir='ltr'><strong><em>ὁ</em></strong></span> <span class='ocrx_word' id='word_1_377' title='bbox 1452 2296 1543 2367; x_wconf 69' lang='grc' dir='ltr'>μὲν</span> <span class='ocrx_word' id='word_1_378' title='bbox 1596 2298 1633 2345; x_wconf 88' lang='grc' dir='ltr'>Γ</span> <span class='ocrx_word' id='word_1_379' title='bbox 1682 2296 1865 2364; x_wconf 79' lang='grc' dir='ltr'>τομεὺς</span> <span class='ocrx_word' id='word_1_380' title='bbox 1916 2292 2117 2361; x_wconf 80' lang='grc' dir='ltr'>πεντὰς,</span> <span class='ocrx_word' id='word_1_381' title='bbox 2160 2291 2185 2342; x_wconf 89' lang='grc' dir='ltr'>ὁ</span> <span class='ocrx_word' id='word_1_382' title='bbox 2292 2295 2397 2367; x_wconf 77' lang='grc' dir='ltr'>ἄρα</span> <span class='ocrx_word' id='word_1_383' title='bbox 2456 2293 2714 2369; x_wconf 78' lang='grc' dir='ltr'>ἐπίτριτος</span> <span class='ocrx_word' id='word_1_384' title='bbox 2774 2299 2799 2348; x_wconf 82' lang='grc' dir='ltr'><strong><em>ὁ</em></strong></span> <span class='ocrx_word' id='word_1_385' title='bbox 2858 2304 2901 2349; x_wconf 88' lang='lat' dir='ltr'>II</span> <span class='ocrx_word' id='word_1_386' title='bbox 2954 2305 3047 2349; x_wconf 86' lang='grc' dir='ltr'>τοῦ</span> <span class='ocrx_word' id='word_1_387' title='bbox 3104 2304 3166 2369; x_wconf 83' lang='grc' dir='ltr'>Α,</span> <span class='ocrx_word' id='word_1_388' title='bbox 3227 2302 3322 2349; x_wconf 88' lang='grc' dir='ltr'>καί</span> <span class='ocrx_word' id='word_1_389' title='bbox 3375 2301 3425 2350; x_wconf 87' lang='grc' dir='ltr'>οἱ</span> <span class='ocrx_word' id='word_1_390' title='bbox 3475 2299 3631 2372; x_wconf 78' lang='grc' dir='ltr'>ἕτεροι</span> <span class='ocrx_word' id='word_1_391' title='bbox 3667 2304 3703 2350; x_wconf 88' lang='lat' dir='ltr'>ll</span> <span class='ocrx_word' id='word_1_392' title='bbox 3736 2306 3811 2348; x_wconf 74' lang='grc' dir='ltr'>τον</span> <span class='ocrx_word' id='word_1_393' title='bbox 3841 2301 3865 2345; x_wconf 83' lang='lat' dir='ltr'>.t</span> 
     </span>
    </p>
   </div>
   <div class='ocr_carea' id='block_1_25' title="bbox 538 2382 3866 2462">
    <p class='ocr_par' dir='ltr' id='par_1_25' title="bbox 538 2382 3866 2462">
     <span class='ocr_line' id='line_1_25' title="bbox 538 2382 3866 2462; baseline -0.002 -19"><span class='ocrx_word' id='word_1_394' title='bbox 538 2387 598 2443; x_wconf 71' lang='grc' dir='ltr'>δὲ</span> <span class='ocrx_word' id='word_1_395' title='bbox 639 2399 678 2442; x_wconf 88' lang='grc' dir='ltr'>Υ</span> <span class='ocrx_word' id='word_1_396' title='bbox 708 2386 859 2449; x_wconf 73' lang='grc' dir='ltr'>δεκάς</span> <span class='ocrx_word' id='word_1_397' title='bbox 892 2410 905 2421; x_wconf 89' lang='grc'><strong>·</strong></span> <span class='ocrx_word' id='word_1_398' title='bbox 956 2392 1258 2462; x_wconf 79' lang='grc' dir='ltr'>περιέχεται</span> <span class='ocrx_word' id='word_1_399' title='bbox 1304 2392 1429 2457; x_wconf 69' lang='grc' dir='ltr'>γοῦν</span> <span class='ocrx_word' id='word_1_400' title='bbox 1485 2385 1511 2435; x_wconf 85' lang='grc' dir='ltr'><strong>ὁ</strong></span> <span class='ocrx_word' id='word_1_401' title='bbox 1552 2389 1588 2435; x_wconf 89' lang='grc' dir='ltr'><strong>Γ</strong></span> <span class='ocrx_word' id='word_1_402' title='bbox 1617 2384 1717 2434; x_wconf 74' lang='grc' dir='ltr'>ὑπὸ</span> <span class='ocrx_word' id='word_1_403' title='bbox 1756 2386 1842 2433; x_wconf 84' lang='grc' dir='ltr'>τὸν</span> <span class='ocrx_word' id='word_1_404' title='bbox 1890 2390 1929 2433; x_wconf 91' lang='grc' dir='ltr'>Υ</span> <span class='ocrx_word' id='word_1_405' title='bbox 1962 2402 1974 2413; x_wconf 89' lang='grc'><strong>·</strong></span> <span class='ocrx_word' id='word_1_406' title='bbox 2033 2383 2187 2432; x_wconf 72' lang='grc' dir='ltr'>ἔστωο</span> <span class='ocrx_word' id='word_1_407' title='bbox 2294 2382 2590 2458; x_wconf 78' lang='grc' dir='ltr'>ἐπὶτριτοι·</span> <span class='ocrx_word' id='word_1_408' title='bbox 2646 2385 2690 2437; x_wconf 87' lang='grc' dir='ltr'>εἰ</span> <span class='ocrx_word' id='word_1_409' title='bbox 2747 2382 2807 2438; x_wconf 77' lang='grc' dir='ltr'>δέ</span> <span class='ocrx_word' id='word_1_410' title='bbox 2860 2394 2957 2437; x_wconf 89' lang='grc' dir='ltr'>τῶν</span> <span class='ocrx_word' id='word_1_411' title='bbox 3018 2387 3123 2459; x_wconf 77' lang='grc' dir='ltr'>ἄρα</span> <span class='ocrx_word' id='word_1_412' title='bbox 3185 2388 3443 2460; x_wconf 76' lang='grc' dir='ltr'>τεττάρων</span> <span class='ocrx_word' id='word_1_413' title='bbox 3502 2394 3541 2441; x_wconf 82' lang='grc' dir='ltr'><strong>Α</strong></span> <span class='ocrx_word' id='word_1_414' title='bbox 3599 2390 3763 2459; x_wconf 81' lang='grc' dir='ltr'>τομέων</span> <span class='ocrx_word' id='word_1_415' title='bbox 3803 2394 3866 2435; x_wconf 73' lang='grc' dir='ltr'>τῶν</span> 
     </span>
    </p>
   </div>
   <div class='ocr_carea' id='block_1_26' title="bbox 538 2466 3867 2550">
    <p class='ocr_par' dir='ltr' id='par_1_26' title="bbox 538 2466 3867 2550">
     <span class='ocr_line' id='line_1_26' title="bbox 538 2466 3867 2550; baseline -0.002 -19"><span class='ocrx_word' id='word_1_416' title='bbox 538 2499 635 2532; x_wconf 85' lang='grc' dir='ltr'>σαν</span> <span class='ocrx_word' id='word_1_417' title='bbox 689 2474 748 2529; x_wconf 74' lang='grc' dir='ltr'>δε</span> <span class='ocrx_word' id='word_1_418' title='bbox 789 2482 876 2529; x_wconf 87' lang='grc' dir='ltr'>καὶ</span> <span class='ocrx_word' id='word_1_419' title='bbox 924 2478 973 2528; x_wconf 86' lang='grc' dir='ltr'>οἱ</span> <span class='ocrx_word' id='word_1_420' title='bbox 996 2477 1160 2550; x_wconf 80' lang='grc' dir='ltr'>ἕτεροι</span> <span class='ocrx_word' id='word_1_421' title='bbox 1205 2482 1338 2548; x_wconf 81' lang='grc' dir='ltr'>τρεῖς</span> <span class='ocrx_word' id='word_1_422' title='bbox 1374 2479 1412 2525; x_wconf 89' lang='grc' dir='ltr'>Γ</span> <span class='ocrx_word' id='word_1_423' title='bbox 1440 2467 1704 2541; x_wconf 73' lang='grc' dir='ltr'>πεντάδες,</span> <span class='ocrx_word' id='word_1_424' title='bbox 1739 2472 1787 2522; x_wconf 83' lang='grc' dir='ltr'>οἱ</span> <span class='ocrx_word' id='word_1_425' title='bbox 1827 2466 1886 2522; x_wconf 71' lang='grc' dir='ltr'>δὲ</span> <span class='ocrx_word' id='word_1_426' title='bbox 1937 2478 1977 2521; x_wconf 90' lang='grc' dir='ltr'>Υ</span> <span class='ocrx_word' id='word_1_427' title='bbox 2035 2466 2190 2521; x_wconf 82' lang='grc' dir='ltr'>δεκά-</span> <span class='ocrx_word' id='word_1_428' title='bbox 2296 2477 2689 2545; x_wconf 79' lang='grc' dir='ltr'>συναπτομένων</span> <span class='ocrx_word' id='word_1_429' title='bbox 2754 2479 2842 2526; x_wconf 90' lang='grc' dir='ltr'>καί</span> <span class='ocrx_word' id='word_1_430' title='bbox 2909 2478 3190 2527; x_wconf 85' lang='grc' dir='ltr'>ποιούντων</span> <span class='ocrx_word' id='word_1_431' title='bbox 3248 2479 3337 2528; x_wconf 89' lang='grc' dir='ltr'>τὸν</span> <span class='ocrx_word' id='word_1_432' title='bbox 3393 2483 3436 2529; x_wconf 74' lang='grc' dir='ltr'><strong>Α</strong></span> <span class='ocrx_word' id='word_1_433' title='bbox 3501 2474 3671 2527; x_wconf 84' lang='grc' dir='ltr'>κύκλον</span> <span class='ocrx_word' id='word_1_434' title='bbox 3728 2474 3867 2546; x_wconf 71' lang='grc' dir='ltr'>ἐπίτρι-</span> 
     </span>
    </p>
   </div>
   <div class='ocr_carea' id='block_1_27' title="bbox 540 2561 3867 2638">
    <p class='ocr_par' dir='ltr' id='par_1_27' title="bbox 540 2561 3867 2638">
     <span class='ocr_line' id='line_1_27' title="bbox 540 2561 3867 2638; baseline -0.003 -17"><span class='ocrx_word' id='word_1_435' title='bbox 540 2565 642 2627; x_wconf 77' lang='grc' dir='ltr'>δες.</span> <span class='ocrx_word' id='word_1_436' title='bbox 680 2567 741 2620; x_wconf 85' lang='grc' dir='ltr'><strong>Εἰ</strong></span> <span class='ocrx_word' id='word_1_437' title='bbox 796 2568 900 2635; x_wconf 77' lang='grc' dir='ltr'>ἄρα</span> <span class='ocrx_word' id='word_1_438' title='bbox 952 2562 1228 2625; x_wconf 80' lang='grc' dir='ltr'>διπλάσιος</span> <span class='ocrx_word' id='word_1_439' title='bbox 1278 2565 1304 2616; x_wconf 88' lang='grc' dir='ltr'><em>ὅ</em></span> <span class='ocrx_word' id='word_1_440' title='bbox 1360 2570 1399 2615; x_wconf 91' lang='grc' dir='ltr'>Υ</span> <span class='ocrx_word' id='word_1_441' title='bbox 1453 2568 1542 2613; x_wconf 74' lang='grc' dir='ltr'>τού</span> <span class='ocrx_word' id='word_1_442' title='bbox 1590 2566 1643 2631; x_wconf 77' lang='grc' dir='ltr'>Γ,</span> <span class='ocrx_word' id='word_1_443' title='bbox 1699 2564 1786 2610; x_wconf 80' lang='grc' dir='ltr'>καὶ</span> <span class='ocrx_word' id='word_1_444' title='bbox 1837 2561 1887 2611; x_wconf 86' lang='grc' dir='ltr'>οἱ</span> <span class='ocrx_word' id='word_1_445' title='bbox 1933 2561 2097 2633; x_wconf 78' lang='grc' dir='ltr'>ἕτεροι</span> <span class='ocrx_word' id='word_1_446' title='bbox 2150 2566 2191 2611; x_wconf 88' lang='grc' dir='ltr'>Υ</span> <span class='ocrx_word' id='word_1_447' title='bbox 2294 2580 2375 2612; x_wconf 86' lang='grc' dir='ltr'>τοι</span> <span class='ocrx_word' id='word_1_448' title='bbox 2405 2565 2453 2613; x_wconf 78' lang='grc' dir='ltr'>οἱ</span> <span class='ocrx_word' id='word_1_449' title='bbox 2498 2569 2539 2613; x_wconf 86' lang='grc' dir='ltr'>Π</span> <span class='ocrx_word' id='word_1_450' title='bbox 2571 2570 2744 2635; x_wconf 87' lang='grc' dir='ltr'>τομεῖς</span> <span class='ocrx_word' id='word_1_451' title='bbox 2783 2563 3109 2638; x_wconf 70' lang='grc' dir='ltr'>ὑπάρχουσι,</span> <span class='ocrx_word' id='word_1_452' title='bbox 3155 2568 3246 2615; x_wconf 90' lang='grc' dir='ltr'>καί</span> <span class='ocrx_word' id='word_1_453' title='bbox 3298 2566 3325 2616; x_wconf 86' lang='grc' dir='ltr'>ὁ</span> <span class='ocrx_word' id='word_1_454' title='bbox 3378 2566 3477 2616; x_wconf 71' lang='grc' dir='ltr'>ὑπὸ</span> <span class='ocrx_word' id='word_1_455' title='bbox 3526 2563 3635 2625; x_wconf 82' lang='grc' dir='ltr'>τούς</span> <span class='ocrx_word' id='word_1_456' title='bbox 3682 2570 3716 2616; x_wconf 88' lang='grc' dir='ltr'><strong>Π</strong></span> <span class='ocrx_word' id='word_1_457' title='bbox 3752 2568 3867 2633; x_wconf 53' lang='lat' dir='ltr'>roget;</span> 
     </span>
    </p>
   </div>
   <div class='ocr_carea' id='block_1_28' title="bbox 537 2646 3865 2730">
    <p class='ocr_par' dir='ltr' id='par_1_28' title="bbox 537 2646 3865 2730">
     <span class='ocr_line' id='line_1_28' title="bbox 537 2646 3865 2730; baseline -0.003 -22"><span class='ocrx_word' id='word_1_458' title='bbox 537 2665 637 2709; x_wconf 86' lang='grc' dir='ltr'>τῶν</span> <span class='ocrx_word' id='word_1_459' title='bbox 692 2655 871 2730; x_wconf 78' lang='grc' dir='ltr'>ἑτέρων</span> <span class='ocrx_word' id='word_1_460' title='bbox 926 2660 963 2706; x_wconf 92' lang='grc' dir='ltr'><strong>Γ</strong></span> <span class='ocrx_word' id='word_1_461' title='bbox 1011 2650 1307 2721; x_wconf 78' lang='grc' dir='ltr'>διπλάσιοι,</span> <span class='ocrx_word' id='word_1_462' title='bbox 1361 2650 1404 2703; x_wconf 87' lang='grc' dir='ltr'>εἰ</span> <span class='ocrx_word' id='word_1_463' title='bbox 1447 2646 1506 2703; x_wconf 66' lang='grc' dir='ltr'>δὲ</span> <span class='ocrx_word' id='word_1_464' title='bbox 1547 2658 1644 2702; x_wconf 82' lang='grc' dir='ltr'>τῶν</span> <span class='ocrx_word' id='word_1_465' title='bbox 1688 2651 1793 2724; x_wconf 76' lang='grc' dir='ltr'>ἄρα</span> <span class='ocrx_word' id='word_1_466' title='bbox 1847 2650 2099 2720; x_wconf 83' lang='grc' dir='ltr'>τεττάρων</span> <span class='ocrx_word' id='word_1_467' title='bbox 2153 2654 2191 2700; x_wconf 92' lang='grc' dir='ltr'><strong>Γ</strong></span> <span class='ocrx_word' id='word_1_468' title='bbox 2296 2650 2401 2723; x_wconf 77' lang='grc' dir='ltr'>ἄρα</span> <span class='ocrx_word' id='word_1_469' title='bbox 2436 2649 2621 2711; x_wconf 87' lang='grc' dir='ltr'>κύκλος</span> <span class='ocrx_word' id='word_1_470' title='bbox 2678 2655 2914 2724; x_wconf 83' lang='grc' dir='ltr'>περιέχει</span> <span class='ocrx_word' id='word_1_471' title='bbox 2965 2654 3049 2703; x_wconf 85' lang='grc' dir='ltr'>τὸν</span> <span class='ocrx_word' id='word_1_472' title='bbox 3106 2652 3207 2704; x_wconf 78' lang='grc' dir='ltr'>ὑπὸ</span> <span class='ocrx_word' id='word_1_473' title='bbox 3252 2656 3385 2714; x_wconf 82' lang='grc' dir='ltr'>τούς</span> <span class='ocrx_word' id='word_1_474' title='bbox 3432 2658 3472 2704; x_wconf 80' lang='grc' dir='ltr'>Α</span> <span class='ocrx_word' id='word_1_475' title='bbox 3529 2659 3687 2724; x_wconf 80' lang='grc' dir='ltr'>τομεῖς</span> <span class='ocrx_word' id='word_1_476' title='bbox 3736 2648 3865 2701; x_wconf 72' lang='grc' dir='ltr'>κύκλον</span> 
     </span>
    </p>
   </div>
   <div class='ocr_carea' id='block_1_29' title="bbox 538 2737 3866 2818">
    <p class='ocr_par' dir='ltr' id='par_1_29' title="bbox 538 2737 3866 2818">
     <span class='ocr_line' id='line_1_29' title="bbox 538 2737 3866 2818; baseline -0.003 -20"><span class='ocrx_word' id='word_1_477' title='bbox 538 2748 732 2818; x_wconf 77' lang='grc' dir='ltr'>τομέων</span> <span class='ocrx_word' id='word_1_478' title='bbox 803 2751 902 2796; x_wconf 84' lang='grc' dir='ltr'>τῶν</span> <span class='ocrx_word' id='word_1_479' title='bbox 970 2746 1364 2814; x_wconf 86' lang='grc' dir='ltr'>συναπτομένων</span> <span class='ocrx_word' id='word_1_480' title='bbox 1427 2744 1519 2792; x_wconf 85' lang='grc' dir='ltr'>καὶ</span> <span class='ocrx_word' id='word_1_481' title='bbox 1576 2740 1860 2791; x_wconf 83' lang='grc' dir='ltr'>ποιούντων</span> <span class='ocrx_word' id='word_1_482' title='bbox 1938 2739 2027 2789; x_wconf 85' lang='grc' dir='ltr'>τὸν</span> <span class='ocrx_word' id='word_1_483' title='bbox 2087 2738 2190 2791; x_wconf 75' lang='grc' dir='ltr'>ἔσω</span> <span class='ocrx_word' id='word_1_484' title='bbox 2296 2741 2431 2791; x_wconf 81' lang='grc' dir='ltr'>κατὰ</span> <span class='ocrx_word' id='word_1_485' title='bbox 2483 2737 2631 2810; x_wconf 77' lang='grc' dir='ltr'>λόγον</span> <span class='ocrx_word' id='word_1_486' title='bbox 2686 2739 2966 2813; x_wconf 76' lang='grc' dir='ltr'>ἐπίτριτον,</span> <span class='ocrx_word' id='word_1_487' title='bbox 3011 2744 3102 2793; x_wconf 89' lang='grc' dir='ltr'>καί</span> <span class='ocrx_word' id='word_1_488' title='bbox 3154 2743 3212 2793; x_wconf 84' lang='grc' dir='ltr'>τὸ</span> <span class='ocrx_word' id='word_1_489' title='bbox 3250 2749 3360 2815; x_wconf 79' lang='grc' dir='ltr'>πῦρ</span> <span class='ocrx_word' id='word_1_490' title='bbox 3420 2742 3524 2815; x_wconf 82' lang='grc' dir='ltr'>ἄρα</span> <span class='ocrx_word' id='word_1_491' title='bbox 3574 2744 3774 2815; x_wconf 81' lang='grc' dir='ltr'>περιέχει</span> <span class='ocrx_word' id='word_1_492' title='bbox 3808 2740 3866 2788; x_wconf 70' lang='grc' dir='ltr'>τόν</span> 
     </span>
    </p>
   </div>
   <div class='ocr_carea' id='block_1_30' title="bbox 536 3042 3860 3129">
    <p class='ocr_par' dir='ltr' id='par_1_30' title="bbox 536 3042 3860 3129">
     <span class='ocr_line' id='line_1_30' title="bbox 536 3042 3860 3129; baseline -0.009 -14"><span class='ocrx_word' id='word_1_493' title='bbox 536 3053 945 3129; x_wconf 81' lang='lat' dir='ltr'>longitudinis.</span> <span class='ocrx_word' id='word_1_494' title='bbox 988 3051 1395 3121; x_wconf 81' lang='lat' dir='ltr'>Quamobrem</span> <span class='ocrx_word' id='word_1_495' title='bbox 1445 3046 1688 3105; x_wconf 78' lang='lat' dir='ltr'>secteris</span> <span class='ocrx_word' id='word_1_496' title='bbox 1739 3048 1782 3103; x_wconf 85' lang='grc' dir='ltr'>Τ</span> <span class='ocrx_word' id='word_1_497' title='bbox 1836 3042 2058 3118; x_wconf 88' lang='lat' dir='ltr'>duplus</span> <span class='ocrx_word' id='word_1_498' title='bbox 2099 3049 2189 3101; x_wconf 88' lang='lat' dir='ltr'>est</span> <span class='ocrx_word' id='word_1_499' title='bbox 2220 3123 2250 3129; x_wconf 80' lang='lat'><strong>_</strong></span> <span class='ocrx_word' id='word_1_500' title='bbox 2293 3066 2436 3122; x_wconf 72' lang='lat' dir='ltr'>ergo</span> <span class='ocrx_word' id='word_1_501' title='bbox 2463 3051 2565 3124; x_wconf 77' lang='lat' dir='ltr'>qui</span> <span class='ocrx_word' id='word_1_502' title='bbox 2598 3068 2669 3108; x_wconf 67' lang='lat' dir='ltr'>ex</span> <span class='ocrx_word' id='word_1_503' title='bbox 2695 3052 3028 3109; x_wconf 47' lang='lat' dir='ltr'>sectoribus</span> <span class='ocrx_word' id='word_1_504' title='bbox 3048 3055 3097 3110; x_wconf 65' lang='grc' dir='ltr'><strong>η</strong></span> <span class='ocrx_word' id='word_1_505' title='bbox 3117 3057 3377 3125; x_wconf 55' lang='lat' dir='ltr'>constat,</span> <span class='ocrx_word' id='word_1_506' title='bbox 3406 3053 3659 3110; x_wconf 44' lang='lat' dir='ltr'>nomine;</span> <span class='ocrx_word' id='word_1_507' title='bbox 3682 3055 3732 3107; x_wconf 61' lang='grc' dir='ltr'>οι</span> <span class='ocrx_word' id='word_1_508' title='bbox 3753 3062 3860 3105; x_wconf 57' lang='grc' dir='ltr'>σου.</span> 
     </span>
    </p>
   </div>
   <div class='ocr_carea' id='block_1_31' title="bbox 538 3123 3859 3214">
    <p class='ocr_par' dir='ltr' id='par_1_31' title="bbox 538 3123 3859 3214">
     <span class='ocr_line' id='line_1_31' title="bbox 538 3123 3859 3214; baseline -0.006 -5"><span class='ocrx_word' id='word_1_509' title='bbox 538 3123 728 3203; x_wconf 57' lang='lat' dir='ltr'>sector</span> <span class='ocrx_word' id='word_1_510' title='bbox 757 3150 823 3203; x_wconf 77' lang='grc' dir='ltr'><strong>Μ.</strong></span> <span class='ocrx_word' id='word_1_511' title='bbox 854 3149 926 3201; x_wconf 74' lang='lat' dir='ltr'>At</span> <span class='ocrx_word' id='word_1_512' title='bbox 971 3159 1161 3199; x_wconf 83' lang='lat' dir='ltr'>unum</span> <span class='ocrx_word' id='word_1_513' title='bbox 1205 3146 1263 3197; x_wconf 69' lang='lat' dir='ltr'>et</span> <span class='ocrx_word' id='word_1_514' title='bbox 1289 3140 1411 3195; x_wconf 79' lang='lat' dir='ltr'>duo</span> <span class='ocrx_word' id='word_1_515' title='bbox 1439 3142 1578 3194; x_wconf 69' lang='lat' dir='ltr'>sunt</span> <span class='ocrx_word' id='word_1_516' title='bbox 1629 3137 1759 3192; x_wconf 66' lang='lat' dir='ltr'>tria-</span> <span class='ocrx_word' id='word_1_517' title='bbox 1792 3138 1985 3201; x_wconf 74' lang='lat' dir='ltr'>Quare</span> <span class='ocrx_word' id='word_1_518' title='bbox 2024 3150 2183 3206; x_wconf 85' lang='lat' dir='ltr'>aqua</span> <span class='ocrx_word' id='word_1_519' title='bbox 2212 3123 2253 3178; x_wconf 67' lang='grc' dir='ltr'>Ο</span> <span class='ocrx_word' id='word_1_520' title='bbox 2290 3146 2382 3196; x_wconf 90' lang='lat' dir='ltr'>cet</span> <span class='ocrx_word' id='word_1_521' title='bbox 2402 3123 2690 3196; x_wconf 82' lang='lat' dir='ltr'>circulum</span> <span class='ocrx_word' id='word_1_522' title='bbox 2714 3142 2819 3214; x_wconf 91' lang='lat' dir='ltr'>qui</span> <span class='ocrx_word' id='word_1_523' title='bbox 2843 3158 2916 3197; x_wconf 83' lang='lat' dir='ltr'>ex</span> <span class='ocrx_word' id='word_1_524' title='bbox 2942 3142 3331 3198; x_wconf 84' lang='lat' dir='ltr'>sectoribusT</span> <span class='ocrx_word' id='word_1_525' title='bbox 3353 3123 3583 3198; x_wconf 86' lang='lat' dir='ltr'>constat</span> <span class='ocrx_word' id='word_1_526' title='bbox 3605 3137 3859 3197; x_wconf 88' lang='lat' dir='ltr'>secundum</span> 
     </span>
    </p>
   </div>
   <div class='ocr_carea' id='block_1_32' title="bbox 537 3223 3859 3304">
    <p class='ocr_par' dir='ltr' id='par_1_32' title="bbox 537 3223 3859 3304">
     <span class='ocr_line' id='line_1_32' title="bbox 537 3223 3859 3304; baseline -0.008 -12"><span class='ocrx_word' id='word_1_527' title='bbox 537 3242 594 3292; x_wconf 90' lang='lat' dir='ltr'>et</span> <span class='ocrx_word' id='word_1_528' title='bbox 622 3242 777 3292; x_wconf 89' lang='lat' dir='ltr'>terra</span> <span class='ocrx_word' id='word_1_529' title='bbox 798 3238 935 3290; x_wconf 89' lang='lat' dir='ltr'>sunt</span> <span class='ocrx_word' id='word_1_530' title='bbox 960 3239 1076 3289; x_wconf 91' lang='lat' dir='ltr'>tres</span> <span class='ocrx_word' id='word_1_531' title='bbox 1112 3228 1413 3303; x_wconf 68' lang='lat' dir='ltr'>particulae</span> <span class='ocrx_word' id='word_1_532' title='bbox 1441 3243 1578 3300; x_wconf 68' lang='lat' dir='ltr'>quae</span> <span class='ocrx_word' id='word_1_533' title='bbox 1614 3229 2007 3297; x_wconf 63' lang='lat' dir='ltr'>exaequantur</span> <span class='ocrx_word' id='word_1_534' title='bbox 2034 3223 2185 3278; x_wconf 91' lang='lat' dir='ltr'>inter</span> <span class='ocrx_word' id='word_1_535' title='bbox 2290 3230 2584 3285; x_wconf 71' lang='lat' dir='ltr'>rationem</span> <span class='ocrx_word' id='word_1_536' title='bbox 2636 3229 2907 3303; x_wconf 57' lang='lat' dir='ltr'>duplam,</span> <span class='ocrx_word' id='word_1_537' title='bbox 2940 3236 3110 3303; x_wconf 65' lang='lat' dir='ltr'>Aqua</span> <span class='ocrx_word' id='word_1_538' title='bbox 3151 3247 3295 3301; x_wconf 63' lang='lat' dir='ltr'>ergo</span> <span class='ocrx_word' id='word_1_539' title='bbox 3329 3229 3750 3304; x_wconf 59' lang='lat' dir='ltr'>comprehendit</span> <span class='ocrx_word' id='word_1_540' title='bbox 3787 3237 3859 3278; x_wconf 72' lang='lat' dir='ltr'>suo</span> 
     </span>
    </p>
   </div>
   <div class='ocr_carea' id='block_1_33' title="bbox 536 3313 3858 3398">
    <p class='ocr_par' dir='ltr' id='par_1_33' title="bbox 536 3313 3858 3398">
     <span class='ocr_line' id='line_1_33' title="bbox 536 3313 3858 3398; baseline -0.002 -21"><span class='ocrx_word' id='word_1_541' title='bbox 536 3341 620 3392; x_wconf 87' lang='lat' dir='ltr'>se,</span> <span class='ocrx_word' id='word_1_542' title='bbox 652 3325 711 3379; x_wconf 93' lang='lat' dir='ltr'>in</span> <span class='ocrx_word' id='word_1_543' title='bbox 739 3323 959 3398; x_wconf 86' lang='lat' dir='ltr'>quibus</span> <span class='ocrx_word' id='word_1_544' title='bbox 990 3322 1067 3377; x_wconf 89' lang='lat' dir='ltr'>ad</span> <span class='ocrx_word' id='word_1_545' title='bbox 1100 3319 1266 3391; x_wconf 92' lang='lat' dir='ltr'>scopi</span> <span class='ocrx_word' id='word_1_546' title='bbox 1300 3323 1498 3374; x_wconf 84' lang='lat' dir='ltr'>actum</span> <span class='ocrx_word' id='word_1_547' title='bbox 1523 3321 1578 3371; x_wconf 88' lang='lat' dir='ltr'>et</span> <span class='ocrx_word' id='word_1_548' title='bbox 1600 3313 2027 3387; x_wconf 74' lang='lat' dir='ltr'>perfectionem</span> <span class='ocrx_word' id='word_1_549' title='bbox 2052 3318 2098 3366; x_wconf 80' lang='grc' dir='ltr'><strong>Α</strong></span> <span class='ocrx_word' id='word_1_550' title='bbox 2130 3317 2185 3367; x_wconf 83' lang='lat' dir='ltr'>et</span> <span class='ocrx_word' id='word_1_551' title='bbox 2291 3318 2523 3373; x_wconf 82' lang='lat' dir='ltr'>ambitu</span> <span class='ocrx_word' id='word_1_552' title='bbox 2553 3323 2740 3375; x_wconf 89' lang='lat' dir='ltr'>totam</span> <span class='ocrx_word' id='word_1_553' title='bbox 2760 3325 2977 3374; x_wconf 88' lang='lat' dir='ltr'>terram</span> <span class='ocrx_word' id='word_1_554' title='bbox 2998 3319 3337 3375; x_wconf 88' lang='lat' dir='ltr'>secundum</span> <span class='ocrx_word' id='word_1_555' title='bbox 3360 3320 3641 3376; x_wconf 87' lang='lat' dir='ltr'>rationem</span> <span class='ocrx_word' id='word_1_556' title='bbox 3659 3314 3858 3388; x_wconf 75' lang='lat' dir='ltr'>duplam.</span> 
     </span>
    </p>
   </div>
   <div class='ocr_carea' id='block_1_34' title="bbox 538 3400 3861 3484">
    <p class='ocr_par' dir='ltr' id='par_1_34' title="bbox 538 3400 3861 3484">
     <span class='ocr_line' id='line_1_34' title="bbox 538 3400 3861 3484; baseline -0.006 -14"><span class='ocrx_word' id='word_1_557' title='bbox 538 3418 560 3469; x_wconf 98' lang='lat'>1</span> <span class='ocrx_word' id='word_1_558' title='bbox 600 3414 903 3479; x_wconf 90' lang='lat' dir='ltr'>uniuntur,</span> <span class='ocrx_word' id='word_1_559' title='bbox 937 3416 991 3466; x_wconf 90' lang='lat' dir='ltr'>et</span> <span class='ocrx_word' id='word_1_560' title='bbox 1020 3427 1154 3484; x_wconf 67' lang='lat' dir='ltr'>quae</span> <span class='ocrx_word' id='word_1_561' title='bbox 1199 3424 1272 3463; x_wconf 83' lang='lat' dir='ltr'>ex</span> <span class='ocrx_word' id='word_1_562' title='bbox 1326 3422 1387 3462; x_wconf 91' lang='lat' dir='ltr'>se</span> <span class='ocrx_word' id='word_1_563' title='bbox 1424 3406 1545 3460; x_wconf 85' lang='lat' dir='ltr'>ﬁeri</span> <span class='ocrx_word' id='word_1_564' title='bbox 1576 3409 1850 3478; x_wconf 89' lang='lat' dir='ltr'>possunt,</span> <span class='ocrx_word' id='word_1_565' title='bbox 1884 3401 2173 3457; x_wconf 79' lang='lat' dir='ltr'>efﬁciunt.</span> <span class='ocrx_word' id='word_1_566' title='bbox 2292 3405 2514 3459; x_wconf 84' lang='lat' dir='ltr'>Exinde</span> <span class='ocrx_word' id='word_1_567' title='bbox 2557 3406 2777 3461; x_wconf 89' lang='lat' dir='ltr'>molem</span> <span class='ocrx_word' id='word_1_568' title='bbox 2811 3406 3063 3481; x_wconf 80' lang='lat' dir='ltr'>acquirit</span> <span class='ocrx_word' id='word_1_569' title='bbox 3087 3406 3347 3462; x_wconf 81' lang='lat' dir='ltr'>circulus</span> <span class='ocrx_word' id='word_1_570' title='bbox 3377 3408 3478 3480; x_wconf 85' lang='lat' dir='ltr'>qui</span> <span class='ocrx_word' id='word_1_571' title='bbox 3510 3423 3579 3462; x_wconf 79' lang='lat' dir='ltr'>ex</span> <span class='ocrx_word' id='word_1_572' title='bbox 3612 3400 3861 3460; x_wconf 83' lang='lat' dir='ltr'>sectoribus</span> 
     </span>
    </p>
   </div>
   <div class='ocr_carea' id='block_1_35' title="bbox 536 3484 3861 3573">
    <p class='ocr_par' dir='ltr' id='par_1_35' title="bbox 536 3484 3861 3573">
     <span class='ocr_line' id='line_1_35' title="bbox 536 3484 3861 3573; baseline -0.006 -14"><span class='ocrx_word' id='word_1_573' title='bbox 536 3506 759 3559; x_wconf 84' lang='lat' dir='ltr'>Rursus</span> <span class='ocrx_word' id='word_1_574' title='bbox 784 3499 1075 3573; x_wconf 89' lang='lat' dir='ltr'>quoniam</span> <span class='ocrx_word' id='word_1_575' title='bbox 1103 3497 1202 3553; x_wconf 90' lang='lat' dir='ltr'>illa</span> <span class='ocrx_word' id='word_1_576' title='bbox 1232 3502 1296 3551; x_wconf 86' lang='lat' dir='ltr'>ut</span> <span class='ocrx_word' id='word_1_577' title='bbox 1314 3495 1709 3551; x_wconf 87' lang='lat' dir='ltr'>fundamenta</span> <span class='ocrx_word' id='word_1_578' title='bbox 1737 3492 1932 3564; x_wconf 89' lang='lat' dir='ltr'>posita</span> <span class='ocrx_word' id='word_1_579' title='bbox 1965 3495 2106 3545; x_wconf 88' lang='lat' dir='ltr'>sunt</span> <span class='ocrx_word' id='word_1_580' title='bbox 2131 3493 2187 3545; x_wconf 86' lang='lat' dir='ltr'>et</span> <span class='ocrx_word' id='word_1_581' title='bbox 2290 3496 2332 3549; x_wconf 91' lang='lat' dir='ltr'>T</span> <span class='ocrx_word' id='word_1_582' title='bbox 2360 3499 2608 3550; x_wconf 82' lang='lat' dir='ltr'>constat.</span> <span class='ocrx_word' id='word_1_583' title='bbox 2642 3496 3005 3551; x_wconf 76' lang='lat' dir='ltr'>Provehatur</span> <span class='ocrx_word' id='word_1_584' title='bbox 3038 3496 3217 3551; x_wconf 78' lang='lat' dir='ltr'>etiam</span> <span class='ocrx_word' id='word_1_585' title='bbox 3248 3495 3657 3552; x_wconf 65' lang='lat' dir='ltr'>consideratio</span> <span class='ocrx_word' id='word_1_586' title='bbox 3685 3492 3784 3548; x_wconf 58' lang='lat' dir='ltr'>haec</span> <span class='ocrx_word' id='word_1_587' title='bbox 3812 3484 3861 3541; x_wconf 83' lang='lat' dir='ltr'>ad</span> 
     </span>
    </p>
   </div>
   <div class='ocr_carea' id='block_1_36' title="bbox 537 3578 3859 3656">
    <p class='ocr_par' dir='ltr' id='par_1_36' title="bbox 537 3578 3859 3656">
     <span class='ocr_line' id='line_1_36' title="bbox 537 3578 3859 3656; baseline -0.006 -8"><span class='ocrx_word' id='word_1_588' title='bbox 537 3598 600 3648; x_wconf 89' lang='lat' dir='ltr'>ut</span> <span class='ocrx_word' id='word_1_589' title='bbox 629 3590 882 3647; x_wconf 83' lang='lat' dir='ltr'>materia</span> <span class='ocrx_word' id='word_1_590' title='bbox 908 3588 1113 3643; x_wconf 88' lang='lat' dir='ltr'>rudior</span> <span class='ocrx_word' id='word_1_591' title='bbox 1142 3602 1212 3642; x_wconf 90' lang='lat' dir='ltr'>ac</span> <span class='ocrx_word' id='word_1_592' title='bbox 1236 3584 1580 3656; x_wconf 89' lang='lat' dir='ltr'>impolitior,</span> <span class='ocrx_word' id='word_1_593' title='bbox 1607 3598 1731 3655; x_wconf 90' lang='lat' dir='ltr'>qua</span> <span class='ocrx_word' id='word_1_594' title='bbox 1761 3581 1941 3636; x_wconf 89' lang='lat' dir='ltr'>etiam</span> <span class='ocrx_word' id='word_1_595' title='bbox 1972 3584 2186 3635; x_wconf 65' lang='lat' dir='ltr'>caetera</span> <span class='ocrx_word' id='word_1_596' title='bbox 2290 3582 2543 3640; x_wconf 88' lang='lat' dir='ltr'>alterum</span> <span class='ocrx_word' id='word_1_597' title='bbox 2572 3583 2882 3639; x_wconf 84' lang='lat' dir='ltr'>circulum.</span> <span class='ocrx_word' id='word_1_598' title='bbox 2918 3586 3050 3640; x_wconf 87' lang='lat' dir='ltr'>Esto</span> <span class='ocrx_word' id='word_1_599' title='bbox 3098 3585 3277 3654; x_wconf 82' lang='lat' dir='ltr'>igitur</span> <span class='ocrx_word' id='word_1_600' title='bbox 3332 3592 3526 3640; x_wconf 84' lang='lat' dir='ltr'>sector</span> <span class='ocrx_word' id='word_1_601' title='bbox 3553 3586 3598 3641; x_wconf 79' lang='grc' dir='ltr'>Μ</span> <span class='ocrx_word' id='word_1_602' title='bbox 3632 3578 3859 3637; x_wconf 84' lang='lat' dir='ltr'>denarius,</span> 
     </span>
    </p>
   </div>
   <div class='ocr_carea' id='block_1_37' title="bbox 536 3668 3859 3749">
    <p class='ocr_par' dir='ltr' id='par_1_37' title="bbox 536 3668 3859 3749">
     <span class='ocr_line' id='line_1_37' title="bbox 536 3668 3859 3749; baseline -0.005 -14"><span class='ocrx_word' id='word_1_603' title='bbox 536 3682 996 3749; x_wconf 79' lang='lat' dir='ltr'>congregantur,</span> <span class='ocrx_word' id='word_1_604' title='bbox 1011 3674 1362 3731; x_wconf 83' lang='lat' dir='ltr'>necessitate</span> <span class='ocrx_word' id='word_1_605' title='bbox 1388 3672 1564 3745; x_wconf 88' lang='lat' dir='ltr'>quasi</span> <span class='ocrx_word' id='word_1_606' title='bbox 1582 3670 1972 3743; x_wconf 88' lang='lat' dir='ltr'>compellente</span> <span class='ocrx_word' id='word_1_607' title='bbox 1989 3668 2068 3725; x_wconf 90' lang='lat' dir='ltr'>ad</span> <span class='ocrx_word' id='word_1_608' title='bbox 2089 3684 2184 3723; x_wconf 83' lang='lat' dir='ltr'>ex-</span> <span class='ocrx_word' id='word_1_609' title='bbox 2292 3678 2484 3727; x_wconf 87' lang='lat' dir='ltr'>sector</span> <span class='ocrx_word' id='word_1_610' title='bbox 2504 3688 2645 3728; x_wconf 86' lang='lat' dir='ltr'>vero</span> <span class='ocrx_word' id='word_1_611' title='bbox 2668 3677 2714 3728; x_wconf 85' lang='grc' dir='ltr'><strong>Α</strong></span> <span class='ocrx_word' id='word_1_612' title='bbox 2739 3673 3197 3745; x_wconf 90' lang='lat' dir='ltr'>quindenarius.</span> <span class='ocrx_word' id='word_1_613' title='bbox 3241 3674 3585 3730; x_wconf 90' lang='lat' dir='ltr'>Continetur</span> <span class='ocrx_word' id='word_1_614' title='bbox 3613 3671 3762 3742; x_wconf 85' lang='lat' dir='ltr'>igitur</span> <span class='ocrx_word' id='word_1_615' title='bbox 3782 3678 3859 3720; x_wconf 82' lang='lat' dir='ltr'>sec-</span> 
     </span>
    </p>
   </div>
   <div class='ocr_carea' id='block_1_38' title="bbox 536 3758 3862 3843">
    <p class='ocr_par' dir='ltr' id='par_1_38' title="bbox 536 3758 3862 3843">
     <span class='ocr_line' id='line_1_38' title="bbox 536 3758 3862 3843; baseline -0.006 -18"><span class='ocrx_word' id='word_1_616' title='bbox 536 3768 886 3843; x_wconf 88' lang='lat' dir='ltr'>ponendam</span> <span class='ocrx_word' id='word_1_617' title='bbox 916 3765 1151 3821; x_wconf 90' lang='lat' dir='ltr'>illorum</span> <span class='ocrx_word' id='word_1_618' title='bbox 1182 3762 1592 3819; x_wconf 87' lang='lat' dir='ltr'>collectionem</span> <span class='ocrx_word' id='word_1_619' title='bbox 1624 3766 1680 3817; x_wconf 88' lang='lat' dir='ltr'>et</span> <span class='ocrx_word' id='word_1_620' title='bbox 1708 3758 2185 3815; x_wconf 82' lang='lat' dir='ltr'>conciliationem</span> <span class='ocrx_word' id='word_1_621' title='bbox 2290 3765 2382 3816; x_wconf 91' lang='lat' dir='ltr'>tor</span> <span class='ocrx_word' id='word_1_622' title='bbox 2413 3763 2463 3815; x_wconf 87' lang='grc' dir='ltr'><em>Μ</em></span> <span class='ocrx_word' id='word_1_623' title='bbox 2492 3761 2604 3817; x_wconf 89' lang='lat' dir='ltr'>sub</span> <span class='ocrx_word' id='word_1_624' title='bbox 2636 3767 2859 3817; x_wconf 90' lang='lat' dir='ltr'>sectore</span> <span class='ocrx_word' id='word_1_625' title='bbox 2897 3765 2963 3817; x_wconf 83' lang='lat' dir='ltr'>A.</span> <span class='ocrx_word' id='word_1_626' title='bbox 2994 3761 3123 3817; x_wconf 89' lang='lat' dir='ltr'>Sint</span> <span class='ocrx_word' id='word_1_627' title='bbox 3158 3763 3341 3818; x_wconf 87' lang='lat' dir='ltr'>etiam</span> <span class='ocrx_word' id='word_1_628' title='bbox 3393 3763 3493 3819; x_wconf 85' lang='lat' dir='ltr'>alii</span> <span class='ocrx_word' id='word_1_629' title='bbox 3523 3768 3632 3817; x_wconf 91' lang='lat' dir='ltr'>tres</span> <span class='ocrx_word' id='word_1_630' title='bbox 3676 3761 3862 3813; x_wconf 83' lang='lat' dir='ltr'>sectores</span> 
     </span>
    </p>
   </div>
   <div class='ocr_carea' id='block_1_39' title="bbox 536 3845 3862 3923">
    <p class='ocr_par' dir='ltr' id='par_1_39' title="bbox 536 3845 3862 3923">
     <span class='ocr_line' id='line_1_39' title="bbox 536 3845 3862 3923; baseline -0.007 -9"><span class='ocrx_word' id='word_1_631' title='bbox 536 3864 743 3914; x_wconf 87' lang='lat' dir='ltr'>nostra</span> <span class='ocrx_word' id='word_1_632' title='bbox 789 3856 1029 3912; x_wconf 83' lang='lat' dir='ltr'>festinat</span> <span class='ocrx_word' id='word_1_633' title='bbox 1069 3854 1275 3909; x_wconf 86' lang='lat' dir='ltr'>oratio.</span> <span class='ocrx_word' id='word_1_634' title='bbox 1312 3854 1429 3907; x_wconf 86' lang='lat' dir='ltr'>Hac</span> <span class='ocrx_word' id='word_1_635' title='bbox 1474 3851 1633 3906; x_wconf 87' lang='lat' dir='ltr'>enim</span> <span class='ocrx_word' id='word_1_636' title='bbox 1659 3849 1887 3904; x_wconf 86' lang='lat' dir='ltr'>ratione</span> <span class='ocrx_word' id='word_1_637' title='bbox 1914 3846 2184 3915; x_wconf 82' lang='lat' dir='ltr'>intelligi-</span> <span class='ocrx_word' id='word_1_638' title='bbox 2292 3850 2341 3903; x_wconf 98' lang='grc' dir='ltr'>Μ</span> <span class='ocrx_word' id='word_1_639' title='bbox 2362 3849 2610 3915; x_wconf 88' lang='lat' dir='ltr'>denarii,</span> <span class='ocrx_word' id='word_1_640' title='bbox 2631 3855 2688 3905; x_wconf 90' lang='lat' dir='ltr'>et</span> <span class='ocrx_word' id='word_1_641' title='bbox 2715 3850 2812 3906; x_wconf 86' lang='lat' dir='ltr'>alii</span> <span class='ocrx_word' id='word_1_642' title='bbox 2834 3855 2949 3906; x_wconf 90' lang='lat' dir='ltr'>tres</span> <span class='ocrx_word' id='word_1_643' title='bbox 2974 3850 3377 3923; x_wconf 88' lang='lat' dir='ltr'>quindenarii.</span> <span class='ocrx_word' id='word_1_644' title='bbox 3414 3852 3470 3908; x_wconf 92' lang='lat' dir='ltr'>Si</span> <span class='ocrx_word' id='word_1_645' title='bbox 3492 3850 3656 3921; x_wconf 88' lang='lat' dir='ltr'>igitur</span> <span class='ocrx_word' id='word_1_646' title='bbox 3674 3853 3710 3902; x_wconf 81' lang='grc' dir='ltr'><strong>Α</strong></span> <span class='ocrx_word' id='word_1_647' title='bbox 3728 3845 3862 3899; x_wconf 86' lang='lat' dir='ltr'>sector</span> 
     </span>
    </p>
   </div>
   <div class='ocr_carea' id='block_1_40' title="bbox 534 3937 3859 4020">
    <p class='ocr_par' dir='ltr' id='par_1_40' title="bbox 534 3937 3859 4020">
     <span class='ocr_line' id='line_1_40' title="bbox 534 3937 3859 4020; baseline -0.005 -15"><span class='ocrx_word' id='word_1_648' title='bbox 534 3964 671 4005; x_wconf 90' lang='lat' dir='ltr'>mus</span> <span class='ocrx_word' id='word_1_649' title='bbox 721 3962 844 4020; x_wconf 92' lang='lat' dir='ltr'>quo</span> <span class='ocrx_word' id='word_1_650' title='bbox 870 3950 1046 4018; x_wconf 86' lang='lat' dir='ltr'>pacto</span> <span class='ocrx_word' id='word_1_651' title='bbox 1092 3942 1553 4015; x_wconf 86' lang='lat' dir='ltr'>temperationes</span> <span class='ocrx_word' id='word_1_652' title='bbox 1582 3940 1731 3995; x_wconf 87' lang='lat' dir='ltr'>inter</span> <span class='ocrx_word' id='word_1_653' title='bbox 1765 3955 1827 3994; x_wconf 90' lang='lat' dir='ltr'>se</span> <span class='ocrx_word' id='word_1_654' title='bbox 1870 3937 2183 4008; x_wconf 86' lang='lat' dir='ltr'>cognatio-</span> <span class='ocrx_word' id='word_1_655' title='bbox 2291 3939 2645 4011; x_wconf 85' lang='lat' dir='ltr'>sesqmalter</span> <span class='ocrx_word' id='word_1_656' title='bbox 2673 3944 2760 3995; x_wconf 90' lang='lat' dir='ltr'>est</span> <span class='ocrx_word' id='word_1_657' title='bbox 2786 3940 2974 4012; x_wconf 89' lang='lat' dir='ltr'>ipsius</span> <span class='ocrx_word' id='word_1_658' title='bbox 3014 3940 3260 3995; x_wconf 89' lang='lat' dir='ltr'>sectoris</span> <span class='ocrx_word' id='word_1_659' title='bbox 3288 3943 3344 3997; x_wconf 76' lang='grc' dir='ltr'>Μ</span> <span class='ocrx_word' id='word_1_660' title='bbox 3377 3959 3391 3997; x_wconf 91' lang='lat'><strong>:</strong></span> <span class='ocrx_word' id='word_1_661' title='bbox 3424 3940 3522 3996; x_wconf 87' lang='lat' dir='ltr'>alii</span> <span class='ocrx_word' id='word_1_662' title='bbox 3549 3950 3757 4012; x_wconf 89' lang='lat' dir='ltr'>quoque</span> <span class='ocrx_word' id='word_1_663' title='bbox 3780 3943 3859 3984; x_wconf 78' lang='lat' dir='ltr'>sec—</span> 
     </span>
    </p>
   </div>
   <div class='ocr_carea' id='block_1_41' title="bbox 531 4020 3859 4102">
    <p class='ocr_par' dir='ltr' id='par_1_41' title="bbox 531 4020 3859 4102">
     <span class='ocr_line' id='line_1_41' title="bbox 531 4020 3859 4102; baseline -0.006 -8"><span class='ocrx_word' id='word_1_664' title='bbox 531 4053 672 4094; x_wconf 90' lang='lat' dir='ltr'>nem</span> <span class='ocrx_word' id='word_1_665' title='bbox 695 4036 983 4093; x_wconf 84' lang='lat' dir='ltr'>habeant.</span> <span class='ocrx_word' id='word_1_666' title='bbox 2288 4031 2446 4083; x_wconf 88' lang='lat' dir='ltr'>tores</span> <span class='ocrx_word' id='word_1_667' title='bbox 2488 4033 2534 4084; x_wconf 83' lang='grc' dir='ltr'><strong>Α</strong></span> <span class='ocrx_word' id='word_1_668' title='bbox 2587 4032 2759 4085; x_wconf 89' lang='lat' dir='ltr'>erunt</span> <span class='ocrx_word' id='word_1_669' title='bbox 2809 4028 3179 4102; x_wconf 88' lang='lat' dir='ltr'>sesquialteri</span> <span class='ocrx_word' id='word_1_670' title='bbox 3234 4034 3535 4085; x_wconf 87' lang='lat' dir='ltr'>sectorum</span> <span class='ocrx_word' id='word_1_671' title='bbox 3572 4030 3635 4084; x_wconf 77' lang='grc' dir='ltr'><strong>Μ.</strong></span> <span class='ocrx_word' id='word_1_672' title='bbox 3666 4024 3712 4080; x_wconf 90' lang='lat' dir='ltr'>Si</span> <span class='ocrx_word' id='word_1_673' title='bbox 3736 4020 3859 4089; x_wconf 79' lang='lat' dir='ltr'>igitur</span> 
     </span>
    </p>
   </div>
   <div class='ocr_carea' id='block_1_42' title="bbox 2289 4105 3854 4190">
    <p class='ocr_par' dir='ltr' id='par_1_42' title="bbox 2289 4105 3854 4190">
     <span class='ocr_line' id='line_1_42' title="bbox 2289 4105 3854 4190; baseline -0.006 -19"><span class='ocrx_word' id='word_1_674' title='bbox 2289 4120 2549 4172; x_wconf 87' lang='lat' dir='ltr'>sectores</span> <span class='ocrx_word' id='word_1_675' title='bbox 2603 4126 2644 4171; x_wconf 87' lang='lat' dir='ltr'><strong>A</strong></span> <span class='ocrx_word' id='word_1_676' title='bbox 2697 4123 2835 4173; x_wconf 88' lang='lat' dir='ltr'>sunt</span> <span class='ocrx_word' id='word_1_677' title='bbox 2875 4118 3243 4189; x_wconf 89' lang='lat' dir='ltr'>sesquialteri</span> <span class='ocrx_word' id='word_1_678' title='bbox 3285 4125 3507 4190; x_wconf 87' lang='lat' dir='ltr'>quator</span> <span class='ocrx_word' id='word_1_679' title='bbox 3550 4120 3795 4171; x_wconf 87' lang='lat' dir='ltr'>sectorum</span> <span class='ocrx_word' id='word_1_680' title='bbox 3822 4105 3854 4159; x_wconf 79' lang='grc' dir='ltr'><strong>Ι</strong></span> 
     </span>
    </p>
   </div>
   <div class='ocr_carea' id='block_1_43' title="bbox 606 4195 3853 4288">
    <p class='ocr_par' dir='ltr' id='par_1_43' title="bbox 606 4195 3853 4288">
     <span class='ocr_line' id='line_1_43' title="bbox 606 4195 3853 4288; baseline -0.007 -15"><span class='ocrx_word' id='word_1_681' title='bbox 606 4221 657 4273; x_wconf 89' lang='grc'>3.</span> <span class='ocrx_word' id='word_1_682' title='bbox 692 4214 953 4288; x_wconf 86' lang='lat' dir='ltr'>Duplum</span> <span class='ocrx_word' id='word_1_683' title='bbox 982 4214 1160 4283; x_wconf 84' lang='lat' dir='ltr'>igitur</span> <span class='ocrx_word' id='word_1_684' title='bbox 1195 4226 1327 4267; x_wconf 90' lang='lat' dir='ltr'>esse</span> <span class='ocrx_word' id='word_1_685' title='bbox 1360 4212 1407 4265; x_wconf 87' lang='lat' dir='ltr'><strong>M</strong></span> <span class='ocrx_word' id='word_1_686' title='bbox 1435 4210 1622 4283; x_wconf 87' lang='lat' dir='ltr'>ipsius</span> <span class='ocrx_word' id='word_1_687' title='bbox 1651 4209 1709 4277; x_wconf 87' lang='grc' dir='ltr'>Τ,</span> <span class='ocrx_word' id='word_1_688' title='bbox 1740 4210 1794 4261; x_wconf 92' lang='lat' dir='ltr'>et</span> <span class='ocrx_word' id='word_1_689' title='bbox 1823 4209 1870 4260; x_wconf 83' lang='grc' dir='ltr'><strong>Α</strong></span> <span class='ocrx_word' id='word_1_690' title='bbox 1911 4203 2102 4277; x_wconf 86' lang='lat' dir='ltr'>ipsius</span> <span class='ocrx_word' id='word_1_691' title='bbox 2139 4204 2181 4258; x_wconf 87' lang='grc' dir='ltr'><strong>Τ</strong></span> <span class='ocrx_word' id='word_1_692' title='bbox 2286 4206 2744 4277; x_wconf 89' lang='lat' dir='ltr'>conjunctorum</span> <span class='ocrx_word' id='word_1_693' title='bbox 2774 4211 2832 4261; x_wconf 90' lang='lat' dir='ltr'>et</span> <span class='ocrx_word' id='word_1_694' title='bbox 2857 4206 3145 4261; x_wconf 88' lang='lat' dir='ltr'>circulum</span> <span class='ocrx_word' id='word_1_695' title='bbox 3176 4209 3223 4263; x_wconf 87' lang='grc' dir='ltr'>Μ</span> <span class='ocrx_word' id='word_1_696' title='bbox 3248 4206 3642 4264; x_wconf 79' lang='lat' dir='ltr'>efﬁcientium.</span> <span class='ocrx_word' id='word_1_697' title='bbox 3667 4195 3853 4257; x_wconf 84' lang='lat' dir='ltr'>circulus</span> 
     </span>
    </p>
   </div>
   <div class='ocr_carea' id='block_1_44' title="bbox 534 4294 3854 4375">
    <p class='ocr_par' dir='ltr' id='par_1_44' title="bbox 534 4294 3854 4375">
     <span class='ocr_line' id='line_1_44' title="bbox 534 4294 3854 4375; baseline -0.006 -14"><span class='ocrx_word' id='word_1_698' title='bbox 534 4321 666 4363; x_wconf 87' lang='lat' dir='ltr'>esse</span> <span class='ocrx_word' id='word_1_699' title='bbox 694 4303 1174 4375; x_wconf 88' lang='lat' dir='ltr'>sesquialterum,</span> <span class='ocrx_word' id='word_1_700' title='bbox 1206 4306 1262 4357; x_wconf 91' lang='lat' dir='ltr'>et</span> <span class='ocrx_word' id='word_1_701' title='bbox 1284 4315 1410 4356; x_wconf 89' lang='lat' dir='ltr'>esse</span> <span class='ocrx_word' id='word_1_702' title='bbox 1443 4296 1884 4371; x_wconf 87' lang='lat' dir='ltr'>sesquitertium</span> <span class='ocrx_word' id='word_1_703' title='bbox 1912 4294 2104 4367; x_wconf 88' lang='lat' dir='ltr'>ipsius</span> <span class='ocrx_word' id='word_1_704' title='bbox 2136 4297 2181 4349; x_wconf 86' lang='grc' dir='ltr'><strong>Α</strong></span> <span class='ocrx_word' id='word_1_705' title='bbox 2285 4308 2427 4363; x_wconf 88' lang='lat' dir='ltr'>ergo</span> <span class='ocrx_word' id='word_1_706' title='bbox 2456 4295 2558 4366; x_wconf 91' lang='lat' dir='ltr'>qui</span> <span class='ocrx_word' id='word_1_707' title='bbox 2580 4310 2652 4350; x_wconf 82' lang='lat' dir='ltr'>ex</span> <span class='ocrx_word' id='word_1_708' title='bbox 2681 4299 2937 4367; x_wconf 87' lang='lat' dir='ltr'>quatuor</span> <span class='ocrx_word' id='word_1_709' title='bbox 2967 4295 3295 4351; x_wconf 89' lang='lat' dir='ltr'>sectoribus</span> <span class='ocrx_word' id='word_1_710' title='bbox 3327 4300 3374 4351; x_wconf 82' lang='lat' dir='ltr'><strong>A</strong></span> <span class='ocrx_word' id='word_1_711' title='bbox 3401 4296 3641 4357; x_wconf 88' lang='lat' dir='ltr'>constat,</span> <span class='ocrx_word' id='word_1_712' title='bbox 3656 4295 3854 4375; x_wconf 51' lang='lat' dir='ltr'>compte</span> 
     </span>
    </p>
   </div>
   <div class='ocr_carea' id='block_1_45' title="bbox 535 4369 3853 4463">
    <p class='ocr_par' dir='ltr' id='par_1_45' title="bbox 535 4369 3853 4463">
     <span class='ocr_line' id='line_1_45' title="bbox 535 4369 3853 4463; baseline -0.006 -12"><span class='ocrx_word' id='word_1_713' title='bbox 535 4411 671 4452; x_wconf 87' lang='lat' dir='ltr'>vere</span> <span class='ocrx_word' id='word_1_714' title='bbox 721 4369 953 4449; x_wconf 79' lang='lat' dir='ltr'>dicitur.</span> <span class='ocrx_word' id='word_1_715' title='bbox 986 4396 1134 4448; x_wconf 86' lang='lat' dir='ltr'>Nam</span> <span class='ocrx_word' id='word_1_716' title='bbox 1159 4369 1481 4463; x_wconf 89' lang='lat' dir='ltr'>descriptio</span> <span class='ocrx_word' id='word_1_717' title='bbox 1509 4369 1719 4458; x_wconf 66' lang='lat' dir='ltr'>ﬁgurae</span> <span class='ocrx_word' id='word_1_718' title='bbox 1769 4384 1956 4439; x_wconf 86' lang='lat' dir='ltr'>facilis</span> <span class='ocrx_word' id='word_1_719' title='bbox 2001 4387 2087 4437; x_wconf 90' lang='lat' dir='ltr'>est</span> <span class='ocrx_word' id='word_1_720' title='bbox 2124 4387 2179 4437; x_wconf 89' lang='lat' dir='ltr'>et</span> <span class='ocrx_word' id='word_1_721' title='bbox 2283 4384 2491 4440; x_wconf 88' lang='lat' dir='ltr'>hendit</span> <span class='ocrx_word' id='word_1_722' title='bbox 2537 4385 2768 4441; x_wconf 89' lang='lat' dir='ltr'>ambitu</span> <span class='ocrx_word' id='word_1_723' title='bbox 2806 4400 2915 4440; x_wconf 92' lang='lat' dir='ltr'>suo</span> <span class='ocrx_word' id='word_1_724' title='bbox 2956 4384 3247 4440; x_wconf 88' lang='lat' dir='ltr'>circulum</span> <span class='ocrx_word' id='word_1_725' title='bbox 3275 4385 3383 4457; x_wconf 89' lang='lat' dir='ltr'>qui</span> <span class='ocrx_word' id='word_1_726' title='bbox 3414 4401 3486 4440; x_wconf 86' lang='lat' dir='ltr'>ex</span> <span class='ocrx_word' id='word_1_727' title='bbox 3514 4377 3797 4438; x_wconf 89' lang='lat' dir='ltr'>sectoribus</span> <span class='ocrx_word' id='word_1_728' title='bbox 3823 4369 3853 4424; x_wconf 70' lang='lat' dir='ltr'>ll</span> 
     </span>
    </p>
   </div>
   <div class='ocr_carea' id='block_1_46' title="bbox 533 4467 3855 4556">
    <p class='ocr_par' dir='ltr' id='par_1_46' title="bbox 533 4467 3855 4556">
     <span class='ocr_line' id='line_1_46' title="bbox 533 4467 3855 4556; baseline -0.006 -15"><span class='ocrx_word' id='word_1_729' title='bbox 533 4484 870 4541; x_wconf 89' lang='lat' dir='ltr'>necessaria</span> <span class='ocrx_word' id='word_1_730' title='bbox 897 4498 1092 4556; x_wconf 91' lang='lat' dir='ltr'>neque</span> <span class='ocrx_word' id='word_1_731' title='bbox 1122 4480 1287 4537; x_wconf 88' lang='lat' dir='ltr'>aliter</span> <span class='ocrx_word' id='word_1_732' title='bbox 1319 4496 1381 4535; x_wconf 90' lang='lat' dir='ltr'>se</span> <span class='ocrx_word' id='word_1_733' title='bbox 1407 4478 1607 4539; x_wconf 88' lang='lat' dir='ltr'>habet,</span> <span class='ocrx_word' id='word_1_734' title='bbox 1640 4475 1812 4546; x_wconf 91' lang='lat' dir='ltr'>cujus</span> <span class='ocrx_word' id='word_1_735' title='bbox 1844 4470 2177 4528; x_wconf 89' lang='lat' dir='ltr'>secundum</span> <span class='ocrx_word' id='word_1_736' title='bbox 2206 4470 2253 4522; x_wconf 93' lang='lat' dir='ltr'><strong>D</strong></span> <span class='ocrx_word' id='word_1_737' title='bbox 2288 4478 2520 4530; x_wconf 91' lang='lat' dir='ltr'>constat</span> <span class='ocrx_word' id='word_1_738' title='bbox 2564 4475 2900 4529; x_wconf 87' lang='lat' dir='ltr'>secundum</span> <span class='ocrx_word' id='word_1_739' title='bbox 2949 4474 3247 4529; x_wconf 88' lang='lat' dir='ltr'>rationem</span> <span class='ocrx_word' id='word_1_740' title='bbox 3304 4472 3751 4546; x_wconf 73' lang='lat' dir='ltr'>sesquialterum.</span> <span class='ocrx_word' id='word_1_741' title='bbox 3780 4467 3855 4517; x_wconf 70' lang='lat' dir='ltr'>Aer</span> 
     </span>
    </p>
   </div>
   <div class='ocr_carea' id='block_1_47' title="bbox 532 4560 3853 4648">
    <p class='ocr_par' dir='ltr' id='par_1_47' title="bbox 532 4560 3853 4648">
     <span class='ocr_line' id='line_1_47' title="bbox 532 4560 3853 4648; baseline -0.006 -17"><span class='ocrx_word' id='word_1_742' title='bbox 532 4574 931 4648; x_wconf 87' lang='lat' dir='ltr'>quantitatem</span> <span class='ocrx_word' id='word_1_743' title='bbox 952 4571 1300 4627; x_wconf 90' lang='lat' dir='ltr'>continuam</span> <span class='ocrx_word' id='word_1_744' title='bbox 1330 4566 1625 4624; x_wconf 90' lang='lat' dir='ltr'>dimensio</span> <span class='ocrx_word' id='word_1_745' title='bbox 1650 4563 1960 4619; x_wconf 87' lang='lat' dir='ltr'>veritatem</span> <span class='ocrx_word' id='word_1_746' title='bbox 1979 4564 2178 4616; x_wconf 87' lang='lat' dir='ltr'>osten-</span> <span class='ocrx_word' id='word_1_747' title='bbox 2286 4576 2429 4632; x_wconf 89' lang='lat' dir='ltr'>ergo</span> <span class='ocrx_word' id='word_1_748' title='bbox 2460 4561 2913 4635; x_wconf 89' lang='lat' dir='ltr'>comprehendit</span> <span class='ocrx_word' id='word_1_749' title='bbox 2946 4577 3055 4617; x_wconf 92' lang='lat' dir='ltr'>suo</span> <span class='ocrx_word' id='word_1_750' title='bbox 3082 4562 3315 4618; x_wconf 89' lang='lat' dir='ltr'>ambitu</span> <span class='ocrx_word' id='word_1_751' title='bbox 3342 4562 3667 4617; x_wconf 84' lang='lat' dir='ltr'>universam</span> <span class='ocrx_word' id='word_1_752' title='bbox 3692 4560 3853 4626; x_wconf 61' lang='lat' dir='ltr'>aquam</span> 
     </span>
    </p>
   </div>
   <div class='ocr_carea' id='block_1_48' title="bbox 533 4639 3855 4738">
    <p class='ocr_par' dir='ltr' id='par_1_48' title="bbox 533 4639 3855 4738">
     <span class='ocr_line' id='line_1_48' title="bbox 533 4639 3855 4738; baseline -0.009 -17"><span class='ocrx_word' id='word_1_753' title='bbox 533 4639 674 4721; x_wconf 80' lang='lat' dir='ltr'>dere</span> <span class='ocrx_word' id='word_1_754' title='bbox 685 4666 881 4738; x_wconf 89' lang='lat' dir='ltr'>potest</span> <span class='ocrx_word' id='word_1_755' title='bbox 897 4667 953 4718; x_wconf 90' lang='lat' dir='ltr'>et</span> <span class='ocrx_word' id='word_1_756' title='bbox 971 4675 1194 4734; x_wconf 88' lang='lat' dir='ltr'>ponere</span> <span class='ocrx_word' id='word_1_757' title='bbox 1207 4658 1286 4715; x_wconf 93' lang='lat' dir='ltr'>ob</span> <span class='ocrx_word' id='word_1_758' title='bbox 1303 4656 1510 4713; x_wconf 91' lang='lat' dir='ltr'>oculos</span> <span class='ocrx_word' id='word_1_759' title='bbox 1524 4650 1900 4711; x_wconf 89' lang='lat' dir='ltr'>elementaris</span> <span class='ocrx_word' id='word_1_760' title='bbox 1918 4648 2181 4705; x_wconf 61' lang='lat' dir='ltr'>materiae</span> <span class='ocrx_word' id='word_1_761' title='bbox 2292 4651 2626 4707; x_wconf 89' lang='lat' dir='ltr'>secundum</span> <span class='ocrx_word' id='word_1_762' title='bbox 2676 4652 2906 4706; x_wconf 90' lang='lat' dir='ltr'>ratione</span> <span class='ocrx_word' id='word_1_763' title='bbox 2955 4650 3428 4723; x_wconf 68' lang='lat' dir='ltr'>sesquialterum,</span> <span class='ocrx_word' id='word_1_764' title='bbox 3489 4646 3691 4705; x_wconf 75' lang='lat' dir='ltr'>Exinde</span> <span class='ocrx_word' id='word_1_765' title='bbox 3732 4639 3855 4736; x_wconf 78' lang='lat' dir='ltr'>igitur</span> 
     </span>
    </p>
   </div>
   <div class='ocr_carea' id='block_1_49' title="bbox 531 4729 3853 4829">
    <p class='ocr_par' dir='ltr' id='par_1_49' title="bbox 531 4729 3853 4829">
     <span class='ocr_line' id='line_1_49' title="bbox 531 4729 3853 4829; baseline -0.008 -17"><span class='ocrx_word' id='word_1_766' title='bbox 531 4729 986 4829; x_wconf 72' lang='lat' dir='ltr'>proportionem</span> <span class='ocrx_word' id='word_1_767' title='bbox 1016 4753 1174 4824; x_wconf 66' lang='lat' dir='ltr'>(quae</span> <span class='ocrx_word' id='word_1_768' title='bbox 1217 4751 1277 4805; x_wconf 89' lang='lat' dir='ltr'>in</span> <span class='ocrx_word' id='word_1_769' title='bbox 1307 4746 1638 4820; x_wconf 89' lang='lat' dir='ltr'>quantitate</span> <span class='ocrx_word' id='word_1_770' title='bbox 1668 4742 1863 4816; x_wconf 90' lang='lat' dir='ltr'>posita</span> <span class='ocrx_word' id='word_1_771' title='bbox 1895 4740 2002 4810; x_wconf 89' lang='lat' dir='ltr'>est)</span> <span class='ocrx_word' id='word_1_772' title='bbox 2029 4744 2084 4795; x_wconf 91' lang='lat' dir='ltr'>et</span> <span class='ocrx_word' id='word_1_773' title='bbox 2120 4738 2181 4793; x_wconf 90' lang='lat' dir='ltr'>in</span> <span class='ocrx_word' id='word_1_774' title='bbox 2289 4739 2509 4796; x_wconf 88' lang='lat' dir='ltr'>molem</span> <span class='ocrx_word' id='word_1_775' title='bbox 2532 4739 2782 4811; x_wconf 87' lang='lat' dir='ltr'>acquirit</span> <span class='ocrx_word' id='word_1_776' title='bbox 2812 4738 3190 4795; x_wconf 82' lang='lat' dir='ltr'>elementaris</span> <span class='ocrx_word' id='word_1_777' title='bbox 3210 4739 3545 4795; x_wconf 87' lang='lat' dir='ltr'>harmonia.</span> <span class='ocrx_word' id='word_1_778' title='bbox 3566 4733 3751 4793; x_wconf 86' lang='lat' dir='ltr'>Ordine</span> <span class='ocrx_word' id='word_1_779' title='bbox 3767 4729 3853 4797; x_wconf 77' lang='lat' dir='ltr'>jam</span> 
     </span>
    </p>
   </div>
   <div class='ocr_carea' id='block_1_50' title="bbox 532 4824 3852 4917">
    <p class='ocr_par' dir='ltr' id='par_1_50' title="bbox 532 4824 3852 4917">
     <span class='ocr_line' id='line_1_50' title="bbox 532 4824 3852 4917; baseline -0.007 -18"><span class='ocrx_word' id='word_1_780' title='bbox 532 4824 668 4916; x_wconf 77' lang='lat' dir='ltr'>ipso</span> <span class='ocrx_word' id='word_1_781' title='bbox 686 4848 913 4917; x_wconf 90' lang='lat' dir='ltr'>quanto</span> <span class='ocrx_word' id='word_1_782' title='bbox 936 4841 1195 4915; x_wconf 89' lang='lat' dir='ltr'>partium</span> <span class='ocrx_word' id='word_1_783' title='bbox 1213 4829 1960 4897; x_wconf 59' lang='lat' dir='ltr'>cohmrentiumﬂuoniam</span> <span class='ocrx_word' id='word_1_784' title='bbox 1981 4833 2181 4884; x_wconf 88' lang='lat' dir='ltr'>autem</span> <span class='ocrx_word' id='word_1_785' title='bbox 2289 4836 2589 4886; x_wconf 88' lang='lat' dir='ltr'>transeam</span> <span class='ocrx_word' id='word_1_786' title='bbox 2601 4846 2667 4884; x_wconf 90' lang='lat' dir='ltr'>us</span> <span class='ocrx_word' id='word_1_787' title='bbox 2688 4829 2765 4884; x_wconf 91' lang='lat' dir='ltr'>ad</span> <span class='ocrx_word' id='word_1_788' title='bbox 2788 4844 3007 4885; x_wconf 88' lang='lat' dir='ltr'>aerem.</span> <span class='ocrx_word' id='word_1_789' title='bbox 3044 4830 3181 4884; x_wconf 88' lang='lat' dir='ltr'>Esto</span> <span class='ocrx_word' id='word_1_790' title='bbox 3202 4828 3380 4897; x_wconf 89' lang='lat' dir='ltr'>igitur</span> <span class='ocrx_word' id='word_1_791' title='bbox 3410 4827 3584 4883; x_wconf 88' lang='lat' dir='ltr'>etiam</span> <span class='ocrx_word' id='word_1_792' title='bbox 3608 4824 3691 4879; x_wconf 88' lang='lat' dir='ltr'>hic</span> <span class='ocrx_word' id='word_1_793' title='bbox 3708 4824 3745 4875; x_wconf 81' lang='grc' dir='ltr'><strong>Δ</strong></span> 
     </span>
    </p>
   </div>
   <div class='ocr_carea' id='block_1_51' title="bbox 536 4907 3852 5004">
    <p class='ocr_par' dir='ltr' id='par_1_51' title="bbox 536 4907 3852 5004">
     <span class='ocr_line' id='line_1_51' title="bbox 536 4907 3852 5004; baseline -0.009 -16"><span class='ocrx_word' id='word_1_794' title='bbox 536 4907 819 4990; x_wconf 73' lang='lat' dir='ltr'>adhibitis</span> <span class='ocrx_word' id='word_1_795' title='bbox 845 4907 1135 5004; x_wconf 74' lang='lat' dir='ltr'>exemplis</span> <span class='ocrx_word' id='word_1_796' title='bbox 1183 4926 1403 4984; x_wconf 83' lang='lat' dir='ltr'>clarius</span> <span class='ocrx_word' id='word_1_797' title='bbox 1442 4922 1738 4996; x_wconf 82' lang='lat' dir='ltr'>explicare</span> <span class='ocrx_word' id='word_1_798' title='bbox 1784 4935 1897 4974; x_wconf 91' lang='lat' dir='ltr'>nos</span> <span class='ocrx_word' id='word_1_799' title='bbox 1928 4919 2188 4997; x_wconf 66' lang='lat' dir='ltr'>oportet,</span> <span class='ocrx_word' id='word_1_800' title='bbox 2290 4925 2401 4987; x_wconf 88' lang='lat' dir='ltr'>tor,</span> <span class='ocrx_word' id='word_1_801' title='bbox 2431 4919 2885 4992; x_wconf 87' lang='lat' dir='ltr'>quindenarius,</span> <span class='ocrx_word' id='word_1_802' title='bbox 2912 4924 3105 4974; x_wconf 86' lang='lat' dir='ltr'>sector</span> <span class='ocrx_word' id='word_1_803' title='bbox 3132 4933 3275 4973; x_wconf 74' lang='lat' dir='ltr'>vero</span> <span class='ocrx_word' id='word_1_804' title='bbox 3305 4920 3326 4972; x_wconf 85' lang='grc' dir='ltr'>Ι</span> <span class='ocrx_word' id='word_1_805' title='bbox 3357 4915 3690 4973; x_wconf 70' lang='grc' dir='ltr'>νίοθῃωιίῃς.</span> <span class='ocrx_word' id='word_1_806' title='bbox 3717 4907 3852 5004; x_wconf 43' lang='lat' dir='ltr'>Contr.</span> 
     </span>
    </p>
   </div>
   <div class='ocr_carea' id='block_1_52' title="bbox 535 4989 3853 5086">
    <p class='ocr_par' dir='ltr' id='par_1_52' title="bbox 535 4989 3853 5086">
     <span class='ocr_line' id='line_1_52' title="bbox 535 4989 3853 5086; baseline -0.007 -8"><span class='ocrx_word' id='word_1_807' title='bbox 535 4989 944 5079; x_wconf 85' lang='lat' dir='ltr'>ostendemus.</span> <span class='ocrx_word' id='word_1_808' title='bbox 962 4989 1096 5076; x_wconf 71' lang='lat' dir='ltr'>Esto</span> <span class='ocrx_word' id='word_1_809' title='bbox 1116 5033 1259 5074; x_wconf 83' lang='lat' dir='ltr'>vero</span> <span class='ocrx_word' id='word_1_810' title='bbox 1280 4989 1622 5086; x_wconf 76' lang='lat' dir='ltr'>exemplum</span> <span class='ocrx_word' id='word_1_811' title='bbox 1644 5011 1805 5067; x_wconf 87' lang='lat' dir='ltr'>hunc</span> <span class='ocrx_word' id='word_1_812' title='bbox 1825 5010 1886 5065; x_wconf 92' lang='lat' dir='ltr'>in</span> <span class='ocrx_word' id='word_1_813' title='bbox 1906 4989 2184 5067; x_wconf 64' lang='lat' dir='ltr'>modum:</span> <span class='ocrx_word' id='word_1_814' title='bbox 2290 4989 2466 5065; x_wconf 76' lang='lat' dir='ltr'>netur</span> <span class='ocrx_word' id='word_1_815' title='bbox 2490 5008 2668 5078; x_wconf 87' lang='lat' dir='ltr'>igitur</span> <span class='ocrx_word' id='word_1_816' title='bbox 2691 5013 2886 5065; x_wconf 87' lang='lat' dir='ltr'>sector</span> <span class='ocrx_word' id='word_1_817' title='bbox 2913 5012 2960 5064; x_wconf 84' lang='lat' dir='ltr'><strong>A</strong></span> <span class='ocrx_word' id='word_1_818' title='bbox 2989 5007 3102 5063; x_wconf 91' lang='lat' dir='ltr'>sub</span> <span class='ocrx_word' id='word_1_819' title='bbox 3134 5012 3363 5064; x_wconf 85' lang='lat' dir='ltr'>sectore</span> <span class='ocrx_word' id='word_1_820' title='bbox 3390 5011 3429 5063; x_wconf 90' lang='lat'>1.</span> <span class='ocrx_word' id='word_1_821' title='bbox 3462 5007 3582 5061; x_wconf 87' lang='lat' dir='ltr'>Sint</span> <span class='ocrx_word' id='word_1_822' title='bbox 3607 5001 3757 5059; x_wconf 84' lang='lat' dir='ltr'>etiam</span> 
     </span>
    </p>
   </div>
   <div class='ocr_carea' id='block_1_53' title="bbox 534 5080 3852 5184">
    <p class='ocr_par' dir='ltr' id='par_1_53' title="bbox 534 5080 3852 5184">
     <span class='ocr_line' id='line_1_53' title="bbox 534 5080 3852 5184; baseline -0.008 -17"><span class='ocrx_word' id='word_1_823' title='bbox 534 5112 615 5167; x_wconf 90' lang='lat' dir='ltr'>Sit</span> <span class='ocrx_word' id='word_1_824' title='bbox 649 5114 896 5168; x_wconf 89' lang='lat' dir='ltr'>sectorT</span> <span class='ocrx_word' id='word_1_825' title='bbox 915 5108 1226 5184; x_wconf 88' lang='lat' dir='ltr'>quinarius</span> <span class='ocrx_word' id='word_1_826' title='bbox 1256 5120 1565 5171; x_wconf 89' lang='lat' dir='ltr'>numerus,</span> <span class='ocrx_word' id='word_1_827' title='bbox 1597 5106 1788 5157; x_wconf 90' lang='lat' dir='ltr'>sector</span> <span class='ocrx_word' id='word_1_828' title='bbox 1809 5103 1857 5156; x_wconf 90' lang='grc' dir='ltr'>Μ</span> <span class='ocrx_word' id='word_1_829' title='bbox 1879 5099 2181 5155; x_wconf 88' lang='lat' dir='ltr'>denarius.</span> <span class='ocrx_word' id='word_1_830' title='bbox 2290 5104 2408 5155; x_wconf 87' lang='lat' dir='ltr'>tres</span> <span class='ocrx_word' id='word_1_831' title='bbox 2454 5104 2713 5155; x_wconf 88' lang='lat' dir='ltr'>sectores</span> <span class='ocrx_word' id='word_1_832' title='bbox 2746 5102 2787 5153; x_wconf 75' lang='grc' dir='ltr'>Α</span> <span class='ocrx_word' id='word_1_833' title='bbox 2819 5095 3217 5170; x_wconf 90' lang='lat' dir='ltr'>quindenarii.</span> <span class='ocrx_word' id='word_1_834' title='bbox 3249 5097 3306 5152; x_wconf 90' lang='lat' dir='ltr'>Si</span> <span class='ocrx_word' id='word_1_835' title='bbox 3343 5096 3521 5167; x_wconf 91' lang='lat' dir='ltr'>igitur</span> <span class='ocrx_word' id='word_1_836' title='bbox 3556 5087 3761 5149; x_wconf 84' lang='lat' dir='ltr'>sectorl</span> <span class='ocrx_word' id='word_1_837' title='bbox 3792 5080 3852 5184; x_wconf 56' lang='lat' dir='ltr'>69f</span> 
     </span>
    </p>
   </div>
   <div class='ocr_carea' id='block_1_54' title="bbox 537 5166 3851 5269">
    <p class='ocr_par' dir='ltr' id='par_1_54' title="bbox 537 5166 3851 5269">
     <span class='ocr_line' id='line_1_54' title="bbox 537 5166 3851 5269; baseline -0.009 -12"><span class='ocrx_word' id='word_1_838' title='bbox 537 5166 883 5257; x_wconf 80' lang='lat' dir='ltr'>continetur</span> <span class='ocrx_word' id='word_1_839' title='bbox 929 5166 1109 5269; x_wconf 74' lang='lat' dir='ltr'>igitur</span> <span class='ocrx_word' id='word_1_840' title='bbox 1156 5200 1213 5253; x_wconf 89' lang='lat' dir='ltr'>et</span> <span class='ocrx_word' id='word_1_841' title='bbox 1268 5166 1571 5251; x_wconf 79' lang='lat' dir='ltr'>coercetur</span> <span class='ocrx_word' id='word_1_842' title='bbox 1625 5194 1818 5247; x_wconf 87' lang='lat' dir='ltr'>sector</span> <span class='ocrx_word' id='word_1_843' title='bbox 1850 5192 1893 5245; x_wconf 88' lang='grc' dir='ltr'><strong>Τ</strong></span> <span class='ocrx_word' id='word_1_844' title='bbox 1929 5189 2061 5262; x_wconf 90' lang='lat' dir='ltr'>ipso</span> <span class='ocrx_word' id='word_1_845' title='bbox 2099 5190 2177 5245; x_wconf 85' lang='grc' dir='ltr'><strong>Μ.</strong></span> <span class='ocrx_word' id='word_1_846' title='bbox 2292 5188 2702 5260; x_wconf 90' lang='lat' dir='ltr'>sesquitertius</span> <span class='ocrx_word' id='word_1_847' title='bbox 2728 5166 2970 5243; x_wconf 74' lang='lat' dir='ltr'>sectaris</span> <span class='ocrx_word' id='word_1_848' title='bbox 2995 5191 3065 5252; x_wconf 82' lang='grc' dir='ltr'>Α,</span> <span class='ocrx_word' id='word_1_849' title='bbox 3091 5185 3192 5243; x_wconf 88' lang='lat' dir='ltr'>alii</span> <span class='ocrx_word' id='word_1_850' title='bbox 3217 5166 3460 5259; x_wconf 79' lang='lat' dir='ltr'>quoque</span> <span class='ocrx_word' id='word_1_851' title='bbox 3488 5189 3598 5240; x_wconf 83' lang='lat' dir='ltr'>tres</span> <span class='ocrx_word' id='word_1_852' title='bbox 3624 5166 3851 5236; x_wconf 63' lang='grc' dir='ltr'>θεοῖσι-εει</span> 
     </span>
    </p>
   </div>
   <div class='ocr_carea' id='block_1_55' title="bbox 538 5271 3849 5359">
    <p class='ocr_par' dir='ltr' id='par_1_55' title="bbox 538 5271 3849 5359">
     <span class='ocr_line' id='line_1_55' title="bbox 538 5271 3849 5359; baseline -0.008 -11"><span class='ocrx_word' id='word_1_853' title='bbox 538 5289 665 5348; x_wconf 88' lang='lat' dir='ltr'>Sint</span> <span class='ocrx_word' id='word_1_854' title='bbox 690 5289 867 5347; x_wconf 90' lang='lat' dir='ltr'>etiam</span> <span class='ocrx_word' id='word_1_855' title='bbox 893 5288 990 5344; x_wconf 89' lang='lat' dir='ltr'>alii</span> <span class='ocrx_word' id='word_1_856' title='bbox 1024 5292 1139 5343; x_wconf 89' lang='lat' dir='ltr'>tres</span> <span class='ocrx_word' id='word_1_857' title='bbox 1170 5288 1212 5341; x_wconf 92' lang='lat' dir='ltr'><strong>T</strong></span> <span class='ocrx_word' id='word_1_858' title='bbox 1238 5282 1499 5359; x_wconf 89' lang='lat' dir='ltr'>quinarii</span> <span class='ocrx_word' id='word_1_859' title='bbox 1527 5286 1585 5339; x_wconf 90' lang='lat' dir='ltr'>et</span> <span class='ocrx_word' id='word_1_860' title='bbox 1611 5280 1709 5337; x_wconf 89' lang='lat' dir='ltr'>alii</span> <span class='ocrx_word' id='word_1_861' title='bbox 1754 5284 1871 5336; x_wconf 90' lang='lat' dir='ltr'>tres</span> <span class='ocrx_word' id='word_1_862' title='bbox 1912 5282 1958 5335; x_wconf 88' lang='grc' dir='ltr'>Μ</span> <span class='ocrx_word' id='word_1_863' title='bbox 1996 5277 2184 5333; x_wconf 86' lang='lat' dir='ltr'>dena-</span> <span class='ocrx_word' id='word_1_864' title='bbox 2290 5278 2468 5333; x_wconf 88' lang='lat' dir='ltr'>trium</span> <span class='ocrx_word' id='word_1_865' title='bbox 2498 5282 2789 5333; x_wconf 89' lang='lat' dir='ltr'>sectorum</span> <span class='ocrx_word' id='word_1_866' title='bbox 2838 5280 2886 5331; x_wconf 79' lang='grc' dir='ltr'><strong>Α</strong></span> <span class='ocrx_word' id='word_1_867' title='bbox 2936 5280 3074 5331; x_wconf 89' lang='lat' dir='ltr'>sunt</span> <span class='ocrx_word' id='word_1_868' title='bbox 3102 5274 3471 5347; x_wconf 88' lang='lat' dir='ltr'>sesquitertii.</span> <span class='ocrx_word' id='word_1_869' title='bbox 3505 5274 3557 5331; x_wconf 88' lang='lat' dir='ltr'>Si</span> <span class='ocrx_word' id='word_1_870' title='bbox 3597 5282 3719 5339; x_wconf 89' lang='lat' dir='ltr'>ergo</span> <span class='ocrx_word' id='word_1_871' title='bbox 3745 5271 3849 5335; x_wconf 71' lang='lat' dir='ltr'>qua&#39;</span> 
     </span>
    </p>
   </div>
   <div class='ocr_carea' id='block_1_56' title="bbox 534 5358 3849 5451">
    <p class='ocr_par' dir='ltr' id='par_1_56' title="bbox 534 5358 3849 5451">
     <span class='ocr_line' id='line_1_56' title="bbox 534 5358 3849 5451; baseline -0.009 -13"><span class='ocrx_word' id='word_1_872' title='bbox 534 5381 627 5451; x_wconf 92' lang='lat' dir='ltr'>rii,</span> <span class='ocrx_word' id='word_1_873' title='bbox 660 5395 802 5450; x_wconf 89' lang='lat' dir='ltr'>ergo</span> <span class='ocrx_word' id='word_1_874' title='bbox 831 5380 882 5435; x_wconf 91' lang='lat' dir='ltr'>si</span> <span class='ocrx_word' id='word_1_875' title='bbox 907 5382 957 5434; x_wconf 90' lang='grc' dir='ltr'>Μ</span> <span class='ocrx_word' id='word_1_876' title='bbox 989 5383 1181 5434; x_wconf 88' lang='lat' dir='ltr'>sector</span> <span class='ocrx_word' id='word_1_877' title='bbox 1210 5358 1295 5432; x_wconf 75' lang='lat' dir='ltr'>eSt</span> <span class='ocrx_word' id='word_1_878' title='bbox 1320 5373 1542 5445; x_wconf 91' lang='lat' dir='ltr'>duplus</span> <span class='ocrx_word' id='word_1_879' title='bbox 1570 5371 1759 5444; x_wconf 89' lang='lat' dir='ltr'>ipsius</span> <span class='ocrx_word' id='word_1_880' title='bbox 1778 5373 1840 5437; x_wconf 90' lang='lat' dir='ltr'>T,</span> <span class='ocrx_word' id='word_1_881' title='bbox 1875 5368 1973 5425; x_wconf 89' lang='lat' dir='ltr'>alii</span> <span class='ocrx_word' id='word_1_882' title='bbox 2004 5368 2183 5424; x_wconf 88' lang='lat' dir='ltr'>etiam</span> <span class='ocrx_word' id='word_1_883' title='bbox 2290 5371 2425 5425; x_wconf 91' lang='lat' dir='ltr'>tuor</span> <span class='ocrx_word' id='word_1_884' title='bbox 2453 5371 2709 5423; x_wconf 88' lang='lat' dir='ltr'>sectores</span> <span class='ocrx_word' id='word_1_885' title='bbox 2738 5370 2759 5422; x_wconf 90' lang='grc' dir='ltr'>Ι</span> <span class='ocrx_word' id='word_1_886' title='bbox 2789 5370 2928 5422; x_wconf 90' lang='lat' dir='ltr'>sunt</span> <span class='ocrx_word' id='word_1_887' title='bbox 2954 5365 3309 5434; x_wconf 87' lang='lat' dir='ltr'>sesquitertii</span> <span class='ocrx_word' id='word_1_888' title='bbox 3343 5358 3849 5451; x_wconf 61' lang='lat' dir='ltr'>quatuorsectorutn</span> 
     </span>
    </p>
   </div>
   <div class='ocr_carea' id='block_1_57' title="bbox 536 5449 3849 5538">
    <p class='ocr_par' dir='ltr' id='par_1_57' title="bbox 536 5449 3849 5538">
     <span class='ocr_line' id='line_1_57' title="bbox 536 5449 3849 5538; baseline -0.006 -10"><span class='ocrx_word' id='word_1_889' title='bbox 536 5449 794 5528; x_wconf 83' lang='lat' dir='ltr'>sectores</span> <span class='ocrx_word' id='word_1_890' title='bbox 846 5472 896 5527; x_wconf 83' lang='grc' dir='ltr'>Μ</span> <span class='ocrx_word' id='word_1_891' title='bbox 924 5471 1097 5524; x_wconf 89' lang='lat' dir='ltr'>erunt</span> <span class='ocrx_word' id='word_1_892' title='bbox 1124 5464 1293 5538; x_wconf 88' lang='lat' dir='ltr'>dupli</span> <span class='ocrx_word' id='word_1_893' title='bbox 1317 5466 1616 5519; x_wconf 83' lang='lat' dir='ltr'>sectorum</span> <span class='ocrx_word' id='word_1_894' title='bbox 1646 5462 1706 5515; x_wconf 90' lang='lat' dir='ltr'>T.</span> <span class='ocrx_word' id='word_1_895' title='bbox 1740 5458 1795 5513; x_wconf 92' lang='lat' dir='ltr'>Si</span> <span class='ocrx_word' id='word_1_896' title='bbox 1819 5458 1998 5528; x_wconf 90' lang='lat' dir='ltr'>igitur</span> <span class='ocrx_word' id='word_1_897' title='bbox 2034 5472 2184 5530; x_wconf 85' lang='lat' dir='ltr'>qua-</span> <span class='ocrx_word' id='word_1_898' title='bbox 2292 5462 2339 5511; x_wconf 79' lang='grc' dir='ltr'><strong>Α</strong></span> <span class='ocrx_word' id='word_1_899' title='bbox 2368 5455 2828 5527; x_wconf 88' lang='lat' dir='ltr'>conjunctorum</span> <span class='ocrx_word' id='word_1_900' title='bbox 2875 5460 2933 5511; x_wconf 88' lang='lat' dir='ltr'>et</span> <span class='ocrx_word' id='word_1_901' title='bbox 2968 5454 3258 5511; x_wconf 88' lang='lat' dir='ltr'>circulum</span> <span class='ocrx_word' id='word_1_902' title='bbox 3281 5459 3329 5510; x_wconf 81' lang='grc' dir='ltr'><strong>Α</strong></span> <span class='ocrx_word' id='word_1_903' title='bbox 3355 5450 3739 5510; x_wconf 75' lang='lat' dir='ltr'>efﬁcientium;</span> <span class='ocrx_word' id='word_1_904' title='bbox 3770 5449 3849 5493; x_wconf 63' lang='grc' dir='ltr'>ου’</span> 
     </span>
    </p>
   </div>
   <div class='ocr_carea' id='block_1_58' title="bbox 534 5538 3848 5628">
    <p class='ocr_par' dir='ltr' id='par_1_58' title="bbox 534 5538 3848 5628">
     <span class='ocr_line' id='line_1_58' title="bbox 534 5538 3848 5628; baseline -0.005 -11"><span class='ocrx_word' id='word_1_905' title='bbox 534 5564 670 5621; x_wconf 90' lang='lat' dir='ltr'>tuor</span> <span class='ocrx_word' id='word_1_906' title='bbox 702 5565 1003 5625; x_wconf 85' lang='lat' dir='ltr'>sectorum</span> <span class='ocrx_word' id='word_1_907' title='bbox 1045 5560 1087 5614; x_wconf 89' lang='lat' dir='ltr'><strong>T</strong></span> <span class='ocrx_word' id='word_1_908' title='bbox 1114 5555 1248 5628; x_wconf 87' lang='lat' dir='ltr'>conj</span> <span class='ocrx_word' id='word_1_909' title='bbox 1260 5558 1576 5611; x_wconf 87' lang='lat' dir='ltr'>unctorum</span> <span class='ocrx_word' id='word_1_910' title='bbox 1605 5553 1662 5604; x_wconf 89' lang='lat' dir='ltr'>et</span> <span class='ocrx_word' id='word_1_911' title='bbox 1689 5547 2030 5604; x_wconf 87' lang='lat' dir='ltr'>interiorem</span> <span class='ocrx_word' id='word_1_912' title='bbox 2068 5546 2183 5602; x_wconf 89' lang='lat' dir='ltr'>cir-</span> <span class='ocrx_word' id='word_1_913' title='bbox 2292 5545 2461 5601; x_wconf 89' lang='lat' dir='ltr'>culus</span> <span class='ocrx_word' id='word_1_914' title='bbox 2487 5561 2732 5620; x_wconf 90' lang='lat' dir='ltr'>quoque</span> <span class='ocrx_word' id='word_1_915' title='bbox 2759 5545 2864 5618; x_wconf 91' lang='lat' dir='ltr'>qui</span> <span class='ocrx_word' id='word_1_916' title='bbox 2889 5561 2962 5601; x_wconf 81' lang='lat' dir='ltr'>ex</span> <span class='ocrx_word' id='word_1_917' title='bbox 2989 5544 3357 5601; x_wconf 87' lang='lat' dir='ltr'>sectoribusl</span> <span class='ocrx_word' id='word_1_918' title='bbox 3383 5545 3615 5606; x_wconf 87' lang='lat' dir='ltr'>constat,</span> <span class='ocrx_word' id='word_1_919' title='bbox 3644 5538 3848 5628; x_wconf 45' lang='lat' dir='ltr'>cefnP’e“</span> 
     </span>
    </p>
   </div>
   <div class='ocr_carea' id='block_1_59' title="bbox 531 5614 3848 5713">
    <p class='ocr_par' dir='ltr' id='par_1_59' title="bbox 531 5614 3848 5713">
     <span class='ocr_line' id='line_1_59' title="bbox 531 5614 3848 5713; baseline -0.009 -1"><span class='ocrx_word' id='word_1_920' title='bbox 531 5614 1155 5713; x_wconf 29' lang='lat' dir='ltr'>culumveit‘icientium</span> <span class='ocrx_word' id='word_1_921' title='bbox 1178 5614 1438 5704; x_wconf 68' lang='lat' dir='ltr'>sectores</span> <span class='ocrx_word' id='word_1_922' title='bbox 1463 5642 1514 5697; x_wconf 80' lang='grc' dir='ltr'>Μ</span> <span class='ocrx_word' id='word_1_923' title='bbox 1538 5642 1678 5695; x_wconf 88' lang='lat' dir='ltr'>sunt</span> <span class='ocrx_word' id='word_1_924' title='bbox 1705 5635 1895 5709; x_wconf 84' lang='lat' dir='ltr'>dupli,</span> <span class='ocrx_word' id='word_1_925' title='bbox 1927 5634 2185 5707; x_wconf 80' lang='lat' dir='ltr'>circulus</span> <span class='ocrx_word' id='word_1_926' title='bbox 2290 5614 2528 5692; x_wconf 47' lang='lat' dir='ltr'>hendit—</span> <span class='ocrx_word' id='word_1_927' title='bbox 2544 5614 2655 5694; x_wconf 74' lang='lat' dir='ltr'>suo</span> <span class='ocrx_word' id='word_1_928' title='bbox 2697 5614 2931 5703; x_wconf 72' lang='lat' dir='ltr'>ambitu</span> <span class='ocrx_word' id='word_1_929' title='bbox 2964 5632 3257 5692; x_wconf 84' lang='lat' dir='ltr'>circulum</span> <span class='ocrx_word' id='word_1_930' title='bbox 3289 5633 3392 5710; x_wconf 84' lang='lat' dir='ltr'>qui</span> <span class='ocrx_word' id='word_1_931' title='bbox 3423 5648 3494 5690; x_wconf 80' lang='lat' dir='ltr'>ex</span> <span class='ocrx_word' id='word_1_932' title='bbox 3514 5621 3790 5687; x_wconf 64' lang='lat' dir='ltr'>sectoribus</span> <span class='ocrx_word' id='word_1_933' title='bbox 3812 5614 3848 5667; x_wconf 69' lang='grc' dir='ltr'><strong>Α</strong></span> 
     </span>
    </p>
   </div>
  </div>
