4042 6214
170 318 296 389 i289

162 459 281 532 άέρα
328 457 464 508 κατά
517 455 666 528 λόγον
729 455 1008 531 ἐπίτριτον,
1063 459 1154 507 καὶ
1214 449 1433 526 ἐδείχθη
1491 451 1595 526 ἆρα
1649 450 1696 504 ἐν
1734 457 1808 522 τῷ
1833 450 1881 507 Α

159 550 394 622 γραφέντι
461 551 652 618 τουτῳὶ
699 546 869 619 κύκλῳ
925 550 1149 608 ποσότης
1211 547 1302 597 καὶ
1372 545 1562 616 σχέσις
1617 542 1646 600 ἡ
1706 549 1807 595 τῶν

163 640 430 709 στοιχείων
456 641 546 690 καὶ
601 637 632 695 ἡ
683 639 807 712 πρός
859 636 992 690 αὐτά
1047 640 1137 690 καὶ
1191 637 1280 696 τὰς
1334 634 1546 709 κράσεις
1583 639 1676 693 τῆς
1714 634 1806 705 φύ-

162 746 280 789 σεως
328 729 530 799 ἔνωσις,
595 723 631 780 ὃ
637 727 668 778 ι’
703 727 771 778 ὧν
813 729 872 779 τό
912 733 1012 780 πᾶν
1051 729 1176 784 ἔστη
1225 726 1370 799 παρά
1413 730 1506 776 τοῦ
1547 727 1805 798 Δημιουρ-

157 824 249 890 γοῡ
285 822 372 871 καὶ
401 816 569 870 αὐτῶν
599 821 688 869 καὶ
713 824 804 878 τῆς
825 821 1040 890 φὺσεως.

231 902 291 963 d’.
328 905 449 958 Ὀτι
479 902 539 959 δέ
574 925 653 968 τις
698 909 758 959 1'6
806 912 845 960 Φ
893 904 941 958 ἐν
988 913 1061 977 τῷ
1103 908 1294 980 κέντρῳ
1351 901 1636 977 ἐγκείμενον
1672 901 1802 974 ὁρῶν

156 999 228 1068 μὴ
297 994 616 1055 ἀπατηθήτω
689 997 769 1048 ὅτι
822 1003 885 1069 τῇ
943 991 1272 1068 γεωδεστέρᾳ
1317 992 1476 1069 μοίρᾳ
1527 999 1620 1054 τῆς
1676 990 1803 1054 ὕλης

157 1089 249 1144 τὴν
296 1087 450 1158 φύσιν
506 1083 693 1158 μᾶλλον
756 1085 1150 1158 ᾠκειωσοίμεθα,
1213 1087 1390 1136 νοείτω
1455 1077 1515 1134 δε
1589 1081 1669 1134 ὅτι
1705 1083 1800 1139 τὴν

155 1181 250 1228 τῶν
304 1173 430 1228 ὅλων
495 1178 776 1248 στοιχείων
849 1179 941 1228 καὶ
1007 1175 1241 1248 κράσεων
1313 1174 1579 1245 μεσότητα
1666 1168 1796 1242 αὐτῇ

156 1262 590 1337 ἀφωσιωσάμεθα.
660 1267 974 1338 Πανταχόσε
1060 1267 1150 1316 καὶ
1231 1263 1330 1336 γὰρ
1405 1265 1494 1314 καὶ
1561 1266 1802 1333 στοιχεῖα

154 1356 245 1406 καὶ
267 1354 470 1427 κράσεις
517 1357 606 1406 καὶ
659 1355 830 1426 φύσις.
896 1358 1062 1405 Ὅπου
1116 1353 1217 1424 γὰρ
1277 1352 1454 1422 φύσις,
1499 1352 1590 1402 καὶ
1639 1352 1798 1421 μίση,

157 1443 280 1496 ὅπου
305 1439 364 1496 δὲ
419 1448 662 1515 στοιχεῖα
702 1447 798 1495 καὶ⁴
859 1443 1092 1516 κράσεις,
1147 1439 1250 1494 ἐκεῖ
1316 1443 1405 1492 καὶ
1469 1441 1642 1512 φύσις,
1670 1439 1798 1491 ὅπου

155 1534 359 1605 κράσεις
389 1529 492 1605 ἆρα
522 1535 612 1586 καὶ
655 1539 918 1604 στοιχεῖα,
959 1533 1074 1584 ἔστι
1116 1535 1206 1583 καὶ
1260 1533 1418 1603 μέση,
1468 1530 1548 1582 ὅτι
1576 1532 1666 1581 καὶ
1705 1529 1800 1600 φύ-

159 1640 255 1682 σις.
288 1627 601 1675 Κοινωνοῦσι
662 1617 722 1674 δε
777 1626 867 1674 καὶ
927 1621 1250 1695 χωρίζονται
1285 1625 1453 1671 ταῦτα
1501 1620 1671 1670 πάντα
1711 1615 1800 1669 ἀπ’

154 1708 396 1779 ἀλλήλων,
458 1712 592 1763 κατὰ
655 1713 713 1763 τὸ
765 1709 953 1784 μᾶλλον
1010 1711 1098 1762 κάξ
1146 1709 1322 1782 ἦττον,
1377 1711 1467 1760 καὶ
1508 1714 1570 1779 τῇ
1636 1705 1802 1778 οὶκειᾳ

1034 321 1392 384 THEODORI
1431 324 1477 380 II
1514 321 1651 383 IMP.
1692 324 1783 381 DE
1823 324 2292 384 COMMUNIONE
2333 324 2704 384 NATURALI.

3433 325 3578 393 1290

1987 450 2041 517 ε’,
2082 450 2222 505 Ἐπεὶ
2276 449 2335 505 δὲ
2386 450 2486 506 κάκ
2533 459 2625 525 τῇς
2688 451 2885 525 φύσεως
2935 449 3037 506 κάκ
3083 459 3184 506 τῶν
3235 461 3510 529 στοιχείων
3541 461 3571 521 ἡ

1913 539 2052 613 μίξις
2105 543 2380 613 ἔγνωσται,
2441 546 2527 596 καὶ
2585 544 2644 594 τὸ
2705 541 2938 596 ποικίλον
2993 541 3171 616 ἐφανη,
3239 549 3330 598 καὶ
3375 549 3441 600 τά
3477 552 3575 620 μέ-

1913 649 1978 703 ρη
2038 631 2096 682 οὐ
2152 639 2333 694 κοινῶς
2398 631 2798 705 ὑπελείφθησαν,
2863 653 2930 686 τα
2983 633 3134 688 εὐθέα
3185 655 3239 689 τε
3295 640 3384 690 καὶ
3433 657 3574 714 περι-

1915 726 2064 792 φερῇ,
2109 722 2175 772 τὰ
2211 723 2269 773 τό
2326 725 2508 790 μικτὸν
2563 717 2944 780 δηλοποιοῦντα
3010 723 3311 800 εἰλικρινῶς,
3367 726 3478 780 ἀλλ’
3523 726 3574 780 ἓν

1913 808 2131 861 ἕκαστον
2191 813 2317 883 ποίᾳ
2381 814 2484 863 τινὶ
2551 814 2738 883 σχέσει
2781 815 2905 885 πρός
2949 810 3090 880 ἄλλο,
3151 812 3274 867 ἀλλο
3337 833 3392 868 τε
3445 819 3574 890 πρὸς

1915 896 2146 972 ἐκατερον
2202 899 2322 953 καθ’
2373 901 2554 954 ἕνωσιν
2603 905 2694 954 καὶ
2752 897 3035 955 διαστασιν
3084 905 3153 965 ὡς
3209 907 3400 976 ἔχουσι
3474 907 3575 959 ἁπ-

1915 983 2258 1060 εδείχθησαν,
2308 987 2530 1062 ἀχθήτω
2577 994 2668 1043 καὶ
2706 992 2836 1064 πρὸς
2876 993 2942 1043 τὰ
2997 993 3128 1064 μετὰ
3165 994 3230 1046 τά
3262 1001 3506 1067 στοιχεῖα
3543 995 3570 1049 ό

1912 1074 2081 1149 λόγος,
2154 1081 2315 1151 ἤγουν
2374 1077 2459 1133 ἐπὶ
2509 1081 2601 1142 τὰς
2659 1099 2889 1156 κρασεις.
2962 1085 3063 1135 Καὶ
3126 1084 3225 1158 γὰρ
3309 1088 3399 1137 καὶ
3461 1091 3572 1146 τοῖς
3637 1094 3648 1102 ⁸

1915 1171 2203 1240 στοιχείοις
2255 1167 2430 1232 αὐτοῖς
2479 1175 2664 1242 κρᾶσις
2719 1169 3074 1244 προσαλληλα,
3147 1176 3233 1225 καὶ
3287 1181 3349 1247 τῇ
3418 1177 3571 1247 φύσει

1914 1252 2210 1328 ἀπεδείχθη
2243 1259 2412 1320 καθώς
2470 1256 2632 1330 ἐστιν,
2695 1262 2859 1312 εἲτονν
2917 1257 3101 1325 διπλῆ,
3147 1263 3283 1315 κατά
3327 1281 3378 1316 τε
3405 1267 3495 1322 τὴν
3517 1262 3569 1316 ἐν

1915 1350 2204 1418 στοιχείοις
2259 1352 2348 1400 καὶ
2414 1351 2507 1406 τὴν
2553 1347 2604 1401 ἐν
2654 1367 2922 1423 κρασεσιν.
2974 1348 3112 1405 Ἐπεὶ
3144 1347 3203 1404 δὲ
3233 1353 3262 1410 ἡ
3296 1360 3394 1405 τῶν
3428 1373 3570 1406 στοι·

1910 1439 2071 1508 χείων
2120 1433 2385 1500 ἀπόδειξις
2440 1439 2498 1489 τό
2551 1438 2784 1490 ποικίλον
2848 1443 2938 1492 καὶ
2987 1443 3044 1492 τὸ
3097 1439 3412 1516 ἀμφιῤῥεπες
3478 1446 3569 1497 καὶ

1911 1527 1970 1577 τό
2033 1519 2341 1598 ίὸιόρνομον
2406 1527 2601 1578 τούτων
2657 1523 2914 1596 ἀπέδειξε,
2979 1532 3069 1582 καὶ
3126 1529 3221 1582 οὐκ
3285 1531 3345 1583 ἄν
3409 1530 3569 1593 ἄλλως

1911 1615 2053 1686 ἔχειν
2111 1613 2266 1667 αὐτόν
2311 1614 2447 1668 αὐτοι
2501 1634 2584 1678 τις
2631 1618 2770 1689 εἴπῃ,
2825 1620 2870 1669 εἰ
2933 1621 3002 1690 μὴ
3067 1617 3233 1689 φιλίας
3289 1623 3319 1677 ἧ
3379 1624 3468 1673 καὶ
3497 1623 3569 1672 νὶ-

1910 1722 2003 1764 m;
2064 1701 2224 1771 ἐστὶν,
2299 1705 2556 1776 ἔγνωσται
2618 1703 2842 1778 ἐναργῶς
2904 1707 2934 1764 ἡ
3006 1706 3243 1780 άλὴοεια.
3315 1707 3390 1761 Οὐ
3465 1710 3566 1784 γὰρ

155 1794 458 1873 ίδιορυθριίᾳ
510 1804 599 1852 καὶ
662 1806 725 1871 τῇ
787 1805 980 1871 φυσικῇ
1043 1795 1293 1865 ἰδιότητι,
1362 1792 1430 1847 ὧν
1482 1798 1572 1848 καὶ
1607 1801 1712 1856 τοῖς
1746 1790 1798 1848 εὖ
1831 1809 1871 1864 Β
1911 1794 2023 1846 ἔστι
2063 1812 2114 1844 τι
2150 1795 2287 1846 κατά
2341 1797 2560 1867 κόσμον,
2619 1793 2741 1868 ὅπερ
2800 1794 2859 1847 οὗ
2914 1804 3013 1848 τῶν
3059 1798 3332 1871 τεττάρων.
3390 1801 3453 1850 Ei
3509 1795 3571 1852 δέ

155 1893 397 1959 φρονοῦσι
423 1890 776 1960 περατουμένη
838 1888 868 1945 ἠ
927 1890 1120 1958 γνῶσίς
1181 1884 1340 1940 ἐστιν.
1396 1882 1664 1945 Ὡσαύτως
1711 1887 1801 1936 καὶ

153 1974 244 2028 οὐκ
293 1973 526 2038 ἐξέτὰσις
595 1978 800 2038 τούτοις
875 1983 974 2028 τῶν
1031 1971 1426 2028 ὑποδιπλασίων
1485 1977 1577 2026 καὶ
1615 1969 1800 2025 διπλα-

157 2068 275 2118 σίων
335 2069 424 2117 καὶ
493 2063 740 2137 ἡμιολίων
801 2069 891 2117 καὶ
963 2063 1235 2141 ἐπιτρίτων
1315 2061 1598 2135 ἀναλογιῶν
1673 2062 1802 2126 ὅλως

151 2157 440 2225 γενήσεται,
498 2152 627 2207 ἀλλὰ
676 2157 810 2207 κατὰ
866 2155 925 2206 τό
977 2162 1073 2216 τῆς
1117 2163 1220 2227 γῆς
1274 2153 1689 2226 στεγανὸνοᾶγαν
1741 2155 1800 2207 τό

153 2239 291 2317 ὕδωρ
339 2247 426 2296 τόν
495 2239 774 2297 ὃιπλασιον
830 2242 979 2316 λόγον
1030 2247 1169 2317 ἔχειν
1216 2249 1492 2315 νοήσονσι,
1558 2239 1652 2297 διὰ
1704 2247 1800 2303 τὴν

153 2331 280 2402 ἄγαν
344 2335 540 2395 ταύτης
609 2331 953 2406 συμπίλησιν·
1022 2341 1085 2406 τῇ
1163 2331 1414 2407 ἀναλογίᾳ
1479 2329 1538 2387 δὲ
1611 2334 1802 2406 ὁμοίως

151 2427 240 2474 καὶ
287 2429 394 2485 τοίς
455 2422 640 2499 ἑτέροις
696 2423 1146 2497 ἀναλογισαμενοι,
1208 2425 1274 2486 ὥς
1340 2423 1450 2478 ἐστι
1502 2427 1559 2477 τό
1625 2421 1802 2477 ἀναλο-

153 2530 265 2582 γον,
305 2508 572 2566 διοίσουσι
627 2517 716 2567 καὶ
772 2513 866 2567 οὐκ
924 2511 1285 2586 ἀπατηθῶσιν,
1335 2516 1403 2578 ὡς
1441 2515 1490 2568 οἱ
1517 2533 1685 2574 παντη
1719 2511 1801 2566 ἀνα

158 2603 511 2674 επιστήμονες.

156 2745 384 2799 constat
411 2743 741 2801 secundum
783 2745 1078 2803 rationem
1114 2745 1578 2812 sesquitertiam.
1641 2746 1801 2818 Ignis

151 2845 291 2902 ergo
323 2832 778 2906 comprehendit
803 2833 915 2891 sub
937 2851 1000 2892 se
1022 2851 1222 2893 aerem
1262 2834 1597 2893 secundum
1625 2835 1800 2893 ratio-

147 2935 286 2978 nem
331 2923 796 2996 sesquitertiam.
853 2926 1101 2982 Ostensa
1149 2931 1235 2983 est
1282 2942 1425 2997 ergo
1467 2927 1528 2982 in
1557 2926 1672 2983 hoc
1701 2926 1800 2984 de.

147 3011 366 3085 scripto
383 3011 606 3070 circulo
623 3011 1052 3071 elementorum
1065 3013 1270 3087 quanti
1281 3020 1371 3071 tas
1383 3019 1440 3072 et
1455 3017 1800 3073 convenien-

149 3099 228 3157 tia
257 3117 270 3168 ;
300 3099 564 3174 itemque
593 3103 938 3160 ccmmunio
980 3107 1210 3160 natura;
1254 3121 1391 3160 cum
1435 3103 1548 3160 illis
1577 3110 1800 3163 etcum

145 3189 1440 3264 temperationibus,quibusintercedentibus
1452 3193 1799 3251 universum
1831 3165 1876 3230 θ’

143 3277 260 3334 hoc
288 3277 367 3336 ab
390 3279 612 3352 Opiﬁce
643 3295 903 3350 summo,
945 3281 1023 3339 ab
1052 3283 1198 3354 ipsis
1227 3286 1514 3340 etnatura
1530 3288 1798 3341 constru-

145 3371 307 3426 ctum
339 3373 451 3427 est.

214 3459 266 3512 4.
313 3457 426 3514 Sed
451 3473 526 3514 ne
565 3457 714 3516 forte
735 3459 869 3534 quis
897 3476 1093 3518 errore
1119 3460 1392 3534 capiatur
1422 3460 1634 3519 videns
1662 3462 1706 3520 U
1735 3463 1797 3519 in

141 3550 347 3602 centro
376 3547 665 3620 positum,
693 3549 856 3622 quod
885 3549 1160 3606 videlicet
1181 3551 1375 3621 magis
1397 3553 1653 3608 terrestri
1673 3568 1798 3609 ma-

138 3635 304 3693 terias
322 3637 582 3709 portioni
599 3643 874 3695 naturam
901 3641 1098 3712 potius
1115 3640 1799 3710 assignaverimus,sciat

139 3739 256 3780 nos
285 3725 701 3783 universorum
735 3728 1168 3786 elementorum
1211 3735 1268 3786 et
1293 3731 1797 3804 temperationum

135 3814 527 3872 medietatem
550 3823 780 3874 naturae
797 3818 1102 3876 detulisse.
1135 3823 1282 3878 Nam
1305 3835 1798 3894 quoquoversum

138 3910 403 3976 spectes,
425 3904 740 3970 elementa,
763 3908 1114 3981 temperatio
1149 3913 1205 3965 et
1243 3913 1460 3965 natura
1491 3909 1674 3966 rebus
1713 3911 1798 3966 in-

139 3995 421 4052 sunt.Ubi
442 3997 602 4053 enim
625 3997 948 4069 natura,ibi
970 3999 1150 4056 etiam
1173 4005 1263 4056 est
1279 3999 1479 4056 media
1497 4018 1515 4073 ;
1535 4000 1637 4056 ubi
1657 4015 1799 4057 vero

139 4084 442 4142 elementa
458 4091 511 4143 et
532 4088 1132 4160 temperationesillic
1152 4090 1330 4146 etiam
1353 4095 1584 4146 natura.
1610 4091 1800 4156 Quare

137 4173 495 4248 ubicunque
543 4177 1002 4249 temperationes
1058 4181 1197 4234 sunt
1247 4183 1303 4235 et
1331 4178 1643 4250 elementa,
1684 4178 1801 4236 illic

136 4265 330 4322 etiam
359 4269 600 4323 interest
627 4267 827 4324 media
865 4281 975 4324 nec
1011 4267 1193 4324 aliam
1233 4268 1311 4324 ob
1351 4283 1800 4342 causamquam

132 4355 292 4428 quia
312 4360 400 4412 est
414 4355 1113 4414 natura.Communicant
1130 4362 1331 4415 autem
1352 4359 1479 4414 haec
1495 4359 1701 4416 omnia
1715 4359 1801 4414 in-

132 4449 232 4500 ter
255 4458 318 4500 se
339 4449 395 4500 et
416 4450 772 4517 separantur
792 4461 828 4502 a
849 4463 910 4502 sc
935 4447 1087 4502 inter
1106 4447 1528 4517 se,secundum
1547 4448 1609 4504 id
1635 4449 1800 4522 quod

1910 1883 2102 1934 τούτων
2133 1883 2202 1944 ὡς
2257 1889 2424 1936 ταῦτα
2477 1885 2636 1936 ἔστιν⁸
2698 1883 2741 1936 εἰ
2787 1879 2837 1936 δ’
2891 1886 2961 1946 ὡς
3012 1894 3182 1939 ταῦτα
3236 1887 3398 1954 ἔστιν,
3439 1886 3569 1960 οὐχί

1911 1969 2098 2024 ἐνιαῐόν
2169 1969 2332 2041 ἔστιν,
2391 1971 2470 2024 ὁτι
2529 1979 2698 2025 ταῦτα
2741 1975 2906 2046 μικτά
2971 1977 3102 2050 πρὸς
3151 1975 3304 2030 αὐτοί.
3365 1973 3566 2038 Madet;

1911 2057 1970 2114 δὲ
2021 2068 2138 2114 νοῦν
2192 2066 2281 2114 καὶ
2345 2060 2530 2134 ψυχὴν
2593 2066 2622 2120 ἣ
2687 2065 2754 2115 τά
2811 2065 2967 2136 ὅμοια
3033 2066 3365 2138 σοφιζόμενος
3400 2085 3566 2142 παραυ

1911 2148 2068 2223 ϐάλλῃ
2145 2157 2250 2211 τοῖς
2308 2149 2620 2224 λεγομένοις,
2696 2156 2784 2205 καὶ
2866 2151 3074 2207 ἀπατῶν
3151 2159 3244 2214 τὴν
3304 2153 3562 2224 ἀλήθειαν,

1909 2237 2098 2313 μᾶλλον
2130 2235 2189 2293 δὲ
2216 2239 2416 2293 ἑαυτόν·
2471 2243 2530 2293 τό
2583 2244 2684 2316 γὰρ
2733 2240 2916 2315 λίχνον
2964 2249 3054 2297 καὶ
3097 2245 3127 2303 ἠ
3173 2242 3441 2317 βασκανία
3476 2264 3565 2298 κι-

1909 2335 1984 2380 νεῖ
2035 2327 2108 2391 εἰς
2171 2331 2288 2389 τοὺς
2338 2325 2590 2392 ἀναιδεῖς.
2644 2332 2823 2383 Μικτά
2881 2338 3006 2404 γοῦν
3072 2334 3138 2384 τὰ
3197 2340 3382 2408 πρῶτα
3440 2335 3566 2387 καθ·

1911 2421 2170 2477 εστηκότα
2215 2423 2304 2471 καὶ
2354 2420 2420 2472 τά
2475 2415 2712 2495 δεύτερα,
2781 2423 2945 2474 εἶτουν
3003 2422 3058 2474 αἱ
3105 2423 3314 2495 κράσεις
3355 2442 3564 2496 μικται,

1913 2502 2071 2566 διπλῆ
2107 2503 2167 2562 δὲ
2211 2515 2318 2570 τοῖς
2365 2509 2497 2580 μετά
2536 2510 2604 2561 τά
2658 2515 2904 2581 στοιχεῖα
2953 2511 2982 2568 ἡ
3035 2515 3247 2586 κρᾶσις,
3288 2512 3369 2564 ὅτι
3399 2519 3568 2565 ταῦτα

1911 2593 2069 2651 διττὰ
2104 2597 2326 2671 ἔμψυχά
2372 2616 2426 2651 τε
2472 2617 2562 2651 και
2616 2595 2830 2672 ἀψυχα,
2889 2619 2978 2653 και
3021 2600 3175 2654 παλιν
3205 2605 3315 2665 πῶς
3344 2601 3567 2677 ἔμψυχα

1911 2742 2022 2800 stio
2053 2746 2234 2816 atque
2259 2742 2513 2800 varietas
2543 2744 2785 2815 cognita
2810 2748 2865 2802 et
2885 2745 3205 2804 manifesta
3245 2747 3421 2806 nobis
3437 2763 3542 2805 exs

1908 2829 2036 2900 titit,
2054 2836 2108 2889 et
2137 2837 2339 2904 partes
2361 2846 2485 2890 non
2501 2830 2852 2903 generaliter
2871 2835 3181 2893 subductae
3205 2841 3365 2903 sunt,
3393 2841 3565 2895 rectae

1909 2921 2196 2978 nimirum
2229 2928 2284 2978 et
2312 2922 2586 2978 rotunda:
2615 2938 2749 2995 quas
2771 2923 2912 2980 illud
2946 2925 3113 2997 quod
3143 2925 3564 2983 admistionem

1910 3011 2209 3083 suscipere
2240 3014 2436 3084 potest
2455 3011 2770 3068 manifeste
2796 3013 3142 3081 ostendunt,
3169 3014 3274 3070 sed
3305 3014 3566 3085 singilla‘

1906 3101 2013 3156 tim
2027 3099 2573 3156 demonstrawmus
2586 3100 2748 3173 quali
2763 3100 3068 3158 habilitate
3080 3102 3564 3176 unumquodque

1908 3189 1986 3246 ad
2000 3188 2163 3245 aliud
2175 3193 2232 3246 et
2247 3188 2405 3245 aliud
2425 3189 2504 3245 ad
2526 3195 2848 3263 utrumque
2865 3191 2980 3248 hoc
2993 3195 3049 3248 et
3064 3191 3209 3248 illud
3227 3193 3563 3250 secundum

1908 3278 2347 3352 copulationem
2369 3283 2426 3335 et
2441 3279 2789 3336 distantiam
2811 3281 2882 3338 sit
2900 3281 3240 3354 praeditum,
3261 3283 3390 3354 jam
3418 3297 3562 3340 con«

1907 3373 2166 3425 vertatur
2183 3374 2389 3425 nostra
2437 3368 2622 3425 oratio
2667 3369 2750 3424 ad
2799 3369 2900 3426 illa
2942 3386 3080 3443 quae
3103 3371 3400 3429 elementa
3429 3373 3564 3445 ipsa

1907 3457 2178 3532 proxime
2202 3461 2787 3533 sequunturmempe
2805 3459 2884 3516 ad
2905 3461 3391 3534 temperationes.
3411 3465 3558 3519 Nam

1907 3563 2044 3620 quae
2067 3547 2141 3603 sit
2177 3546 2528 3620 temperatio
2576 3547 3008 3606 elementorum
3059 3549 3209 3607 inter
3248 3565 3330 3618 se,
3355 3556 3561 3623 etquo

1909 3640 2084 3708 pacto
2104 3637 2183 3692 ad
2208 3636 2700 3694 communionem
2728 3643 2960 3695 naturae
2989 3644 3342 3696 revocentur
3369 3643 3562 3697 osten-

1907 3725 2130 3781 dimus.
2153 3727 2376 3798 Nempe
2401 3725 2626 3799 duplex
2664 3732 2752 3784 est
2793 3727 3011 3796 mistio,
3047 3744 3172 3786 una
3191 3745 3328 3803 quae
3359 3729 3420 3785 in
3449 3727 3565 3786 sle-

1907 3815 2124 3871 mentis
2153 3815 2432 3884 cernitur,
2466 3815 2650 3872 altera
2695 3829 2834 3888 quae
2881 3817 2943 3874 in
2989 3817 3552 3890 temperationibus.

1909 3903 2205 3970 Quoniam
2226 3907 2426 3961 autem
2439 3906 2578 3960 cum
2598 3904 2674 3960 de
2691 3904 2998 3962 elementis
3011 3907 3560 3977 diceremus,varie‘~

1908 3997 2092 4050 tatem
2113 3998 2169 4049 et
2189 3993 2654 4066 propensionem
2674 3994 2734 4050 in
2757 3998 3074 4068 utramque
3090 4002 3408 4068 partem,et
3426 4009 3560 4070 pro-

1907 4084 2104 4156 priam
2133 4084 2614 4140 constitutionem
2633 4083 2872 4141 illorum
2898 4086 3563 4155 demonstravimus,se-'

1908 4189 2027 4246 que
2049 4172 2430 4229 hocinﬂciari
2454 4173 2778 4247 quisquam
2807 4174 3000 4247 possit
3020 4175 3133 4232 nisi
3169 4179 3345 4233 sectae
3383 4175 3562 4234 alicui

1909 4261 2184 4319 addictus
2212 4266 2315 4318 aut
2335 4262 2729 4319 contentionis
2751 4264 2950 4322 studio
2967 4265 3564 4340 adductus,superest

1909 4357 1975 4409 ut
1992 4351 2292 4408 veritatem
2318 4350 2632 4408 manifeste
2670 4352 2848 4410 nobis
2884 4355 3190 4426 cognitam
3222 4371 3352 4412 esse
3377 4355 3565 4414 fatea-I

1908 4457 2064 4498 mur.
2093 4440 2244 4498 Nihil
2270 4442 2429 4497 enim
2462 4442 2642 4498 estin
2689 4443 2805 4500 hoc
2849 4445 3102 4514 mundo,
3146 4446 3312 4520 quod
3343 4461 3466 4502 non
3497 4461 3566 4503 ex

127 4538 231 4590 est
260 4532 457 4604 magis
484 4540 540 4591 et
565 4534 780 4600 minus,
806 4534 1067 4609 itemque
1093 4552 1203 4592 sua
1231 4535 1518 4608 peculiari
1539 4551 1800 4610 propen-
1834 4527 1878 4582 D
1908 4537 2169 4606 quatuor
2197 4537 2426 4588 constet
2450 4531 2780 4592 elementis.
2812 4534 2983 4600 Quod
3006 4535 3055 4591 si
3080 4551 3152 4592 ex
3168 4536 3260 4592 his
3287 4540 3565 4593 constant

129 4621 317 4678 sione
338 4627 395 4679 et
425 4622 682 4680 naturali
711 4624 1356 4697 proprietate,quarum
1379 4622 1625 4698 quidem
1651 4626 1800 4683 atte-

123 4711 415 4768 ctionum
445 4712 703 4782 cognitio
722 4712 894 4769 ﬁnita
929 4717 1020 4769 est
1041 4713 1429 4786 sapientibus.
1454 4716 1569 4771 Nec
1586 4715 1801 4772 eodem

125 4815 388 4874 semper
403 4801 960 4870 modoinvestigare
984 4801 1178 4859 solent
1211 4803 1630 4876 proportiones
1661 4802 1802 4859 sub-

120 4882 383 4956 duplas,
415 4883 656 4958 duplas,
687 4886 1108 4960 sesquialteras
1138 4891 1195 4944 et
1239 4887 1665 4960 sesquitertias,
1697 4886 1804 4944 sed

119 4989 249 5046 pro
280 4988 509 5044 magna
535 4979 704 5032 terrae
721 4975 1037 5033 solididate
1059 4990 1283 5049 aquam
1306 4976 1530 5034 habere
1551 4976 1804 5050 duplam

115 5063 439 5121 rationem
464 5064 805 5136 intelligunt
833 5072 1076 5139 propter
1095 5066 1347 5123 nimiam
1387 5067 1543 5124 illius
1586 5066 1805 5124 consti-

116 5153 474 5226 pationem.
508 5154 905 5212 Consimiliter
934 5154 995 5212 in
1025 5155 1154 5212 aliis
1177 5159 1453 5213 accurate
1475 5155 1810 5230 preportio-

118 5242 372 5300 tionem
417 5245 880 5318 perpendentes,
929 5245 1097 5318 quod
1149 5256 1358 5304 revera
1388 5246 1810 5303 convenienter

113 5331 484 5406 respondet,
523 5334 946 5405 assignabunt,
988 5351 1099 5392 nec
1132 5335 1194 5392 in
1225 5351 1486 5394 errorem
1523 5334 1807 5408 incident,

79 5495 87 5499 ἱ
114 5427 193 5480 ut
227 5420 319 5478 illi
352 5423 456 5495 qui
492 5437 747 5497 prorsus
777 5424 971 5497 ignari
994 5429 1153 5484 sunt.

206 5516 266 5571 5.
319 5512 619 5579 Quoniam
643 5520 844 5573 autem
865 5531 937 5573 ex
974 5521 1192 5575 natura
1206 5520 1264 5575 et
1283 5531 1355 5575 ex
1375 5515 1676 5575 elementis
1701 5515 1810 5574 mi-

1909 4637 2046 4694 quaa
2072 4626 2211 4677 sunt
2237 4621 2298 4677 in
2327 4621 2824 4692 mundo,singula
2841 4640 2964 4680 non
2983 4624 3238 4695 aliter,se
3254 4625 3568 4681 habebunt

1910 4715 2090 4783 atque
2115 4710 2248 4783 ipsa
2274 4709 2602 4778 elementa;
2629 4711 2796 4786 quod
2823 4713 2870 4768 si
2890 4729 3008 4770 non
3043 4713 3471 4783 aliter,nullum
3493 4726 3567 4767 ex

1913 4799 2164 4868 singulis
2203 4801 2656 4872 compositionis
2691 4805 2748 4857 et
2787 4801 3166 4858 admistionis
3192 4815 3400 4872 expers
3433 4800 3563 4868 erit,

1913 4903 2052 4944 cum
2081 4887 2374 4945 elementa
2399 4889 2535 4961 ipsa
2560 4889 2712 4946 inter
2735 4904 2798 4945 se
2827 4890 3172 4946 mistionem
3203 4889 3558 4963 suscipiant.

1915 4979 2098 5035 Nemo
2130 4992 2271 5034 vero
2300 4977 2414 5033 illis
2452 4993 2588 5050 quas
2609 4979 2769 5035 dicta
2794 4983 2933 5036 sunt
2963 4994 3000 5036 ε.
3023 4978 3197 5036 nobis
3227 4977 3437 5036 callide
3459 4995 3568 5054 opa

1916 5069 2104 5139 ponat
2128 5066 2336 5122 mentis
2366 5071 2423 5122 et
2442 5067 2628 5122 animi
2649 5066 3112 5138 copulationem,
3135 5067 3444 5126 veritatem
3473 5069 3570 5142 ipa

1917 5170 2051 5212 sam
2073 5158 2174 5211 aut
2203 5156 2404 5226 potius
2439 5154 2702 5228 seipsum
2731 5154 3054 5230 decipiens.
3087 5161 3237 5216 Nam
3257 5159 3568 5232 petulanti.

1919 5249 1976 5303 et
2002 5243 2483 5318 livorimpcllunt
2505 5244 2906 5318 impudentes.
2930 5247 3365 5307 Admistionem
3395 5249 3574 5321 igitur

1920 5333 2256 5408 suscipiunt
2283 5333 2581 5408 principia
2607 5334 2706 5393 illa
2737 5352 2844 5392 seu
2875 5336 3190 5410 elementa,
3223 5343 3277 5396 et
3307 5339 3572 5396 secundo

1919 5425 2052 5483 loco
2069 5425 2538 5499 concreta,quod
2558 5425 2705 5482 nihil
2726 5426 2888 5483 aliud
2910 5428 3208 5486 estdicere
3229 5443 3415 5502 quam
3432 5431 3576 5484 tem-

1921 5515 2262 5590 perationes
2288 5517 2526 5584 misceri
2568 5533 2749 5591 posse
2780 5518 2874 5591 (Ι).
2911 5520 3007 5575 Est
3033 5524 3232 5579 autem
3253 5519 3312 5574 in
3343 5518 3412 5573 iis
3436 5527 3574 5589 quas

203 5637 294 5714 (1)
332 5641 400 5702 In
426 5639 743 5716 Epicureos
772 5642 889 5702 hoc
913 5643 1068 5703 dixit
1096 5643 1202 5719 qui
1229 5644 1507 5708 animum
1535 5648 1724 5720 κρᾶσιν
1754 5658 1892 5704 esse
1925 5641 2227 5704 dicebant.

553 5769 782 5830 Parnm.
819 5769 918 5830 Gn.
959 5767 1108 5835 CXL.

3114 5765 3181 5837 61
