4066 6212
150 0 167 25 Ι

148 30 167 71 3

152 74 167 105 τ

144 110 167 251 ἒ

144 290 165 337 ‘3‘

142 356 163 433 ξ

593 353 723 408 1291
2114 344 2221 399 ΑΒ]

2332 345 2468 398 lDA.
3808 369 3906 421 ης,

588 483 700 537 πῶς
730 472 783 528 δ’
812 474 1006 546 ἀψυχα
1060 474 1223 546 ἕτερα,
1275 473 1365 522 καὶ
1420 476 1527 532 τοῖς
1589 472 1677 539 μὲν
1722 466 1809 521 οὖν
1858 467 2093 540 ἀψύχοις
2129 469 2238 520 οἷον
2271 470 2317 523 Α
2347 490 2514 541 μενος,
2570 471 2644 532 εἰς
2684 472 2748 522 τὰ
2808 482 3033 543 συγγενῆ
3095 475 3382 533 ἀναλύεται.
3448 481 3720 540 Ἀθετητίον
3742 494 3843 555 γοῦν
3864 487 3911 539 τὰ

586 565 750 625 λίθοις
801 584 855 616 τε
901 567 991 614 καὶ
1056 559 1325 633 μετάλλοις
1388 560 1645 618 απλοίκῶς
1710 562 1740 617 ἡ
1792 568 1891 610 τῶν
1961 562 2237 629 στοιχείων

590 653 729 705 ἐστὶν
783 654 983 711 ἔνωσις.
1042 651 1186 702 Αύτὰ
1239 652 1340 721 γὰρ
1399 648 1452 700 ἐκ
1510 658 1608 699 τῶν
1656 653 1954 719 στοιχείων,
2041 647 2083 698 εἰ
2149 650 2238 698 καὶ

586 747 776 815 κρᾶσίς
819 740 932 792 ἐστι
983 744 1072 790 καὶ
1120 741 1343 803 τούτοις,
1404 737 1488 789 ἐπὶ
1543 737 1713 789 πλεῖον
1759 733 1816 789 δὲ
1855 741 1944 788 καὶ
1992 735 2232 787 ἔλασσονο

583 836 679 889 τὴν
733 831 835 903 γάρ
900 837 999 880 τῶν
1058 827 1316 901 μετάλλων
1372 832 1462 877 καὶ
1525 825 1681 878 λίθων
1746 830 1877 886 τινες
1918 824 2235 887 ἐξετάζοντες

587 916 848 990 ἰδιότητα,
920 918 1316 989 ὀνησιμωτάτην
1388 919 1581 972 ταύτην
1657 917 1959 989 εὑρίσκουσι
2022 914 2238 966 ἀντικει-

583 1014 738 1083 μένην
799 1017 899 1061 ποῦ
954 1008 1142 1080 ψύχει,
1198 1015 1297 1059 τεοῦ
1352 1008 1647 1080 θερμότητι,
1709 1013 1807 1057 ποῦ
1876 1003 1934 1057 δὲ
1993 1008 2236 1065 ὡσαύτως

581 1105 671 1151 καὶ
739 1103 1131 1170 συναρήγουσα,
1202 1098 1336 1147 ὥστε
1396 1099 1486 1146 καὶ
1553 1094 1601 1146 ἐν
1662 1097 1867 1155 τούτοις
1927 1102 2029 1154 τοῖς
2097 1093 2234 1165 ἀψύ-

580 1208 700 1260 χοις
754 1190 785 1246 ὴ
854 1186 908 1237 ἐκ
991 1195 1090 1237 τῶν
1173 1189 1452 1256 στοιχείων
1535 1183 1697 1255 ἰσχύς
1763 1184 1820 1235 ού
1881 1192 2064 1245 κοινῶς
2120 1182 2234 1234 ἐστι

579 1283 763 1345 πᾶσιν,
814 1274 925 1327 ἀλλ’
967 1278 1036 1335 ὡς
1092 1276 1399 1346 πεφύκασιν·
1459 1271 1770 1324 ἁναλυθέντα
1826 1270 1885 1324 δὲ
1939 1277 2028 1323 καὶ
2070 1280 2236 1323 ταῦτα

578 1364 659 1417 ἐπὶ
726 1367 795 1416 τὰ
860 1368 1088 1439 πρότερα
1167 1361 1215 1413 ἐν
1278 1360 1483 1422 ἐκείνοις
1556 1357 1858 1413 δεικνύουσι
1924 1364 1982 1411 τὸ
2027 1366 2228 1432 μικτόν.

577 1463 686 1509 Ποῦ
715 1458 815 1528 γὰρ
841 1464 944 1527 πῦρ
976 1453 1025 1506 ἐν
1056 1453 1239 1526 χαλκῷ
1273 1468 1289 1520 ;
1337 1459 1398 1524 τῇ
1450 1456 1650 1523 χωνείᾳ
1689 1448 1748 1503 δὲ
1794 1471 2006 1522 συχνως
2048 1449 2232 1523 ἐμϐαλ-

577 1544 783 1618 λόμενος
855 1548 947 1596 καὶ
1019 1545 1156 1594 κατὰ
1241 1544 1423 1614 μικρὸν
1506 1539 1809 1612 ἐλαχίστοις
1880 1537 2232 1611 σποδούμενος

578 1633 830 1707 ψήγμασί
856 1653 956 1685 που
1006 1631 1298 1684 ἀναλύεται.
1356 1627 1480 1682 Εἶπε
1519 1626 1579 1681 δέ
1626 1646 1719 1689 τιςο
1770 1630 1852 1681 Ἐν
1892 1637 1953 1701 τῇ
1982 1637 2048 1700 γῇ
2082 1634 2171 1681 καὶ
2204 1630 2231 1679 ὁ

576 1722 721 1784 λίθος
900 1730 967 1795 γῇ
1024 1726 1316 1794 προσεχής,
1378 1723 1788 1793 συγκρουόμενος
1843 1716 1901 1771 δὲ
1931 1718 2232 1771 ἀποστέλλει

2348 569 2581 628 τοιαῦτα,
2609 567 2699 614 καὶ
2748 566 2879 636 πρὸς
2930 568 2995 617 τὰ
3047 568 3150 617 ἄνω
3206 568 3545 641 ἐπιμελητέον.
3596 578 3685 625 Καὶ
3724 582 3912 647 τοῖς

2346 646 2433 700 οὖν
2488 650 2754 721 μετάλλοις
2816 657 2902 704 καὶ
2971 654 3141 716 ἄλλοις
3203 663 3340 709 τισίν
3412 659 3714 734 ἁπλουστέρα
3762 666 3787 721 ἠ
3840 646 3912 715 τῶν

2349 745 2624 810 στοιχείων
2705 740 2845 794 ἐστὶν
2916 744 3112 805 ἔνωσις.
3194 744 3393 807 Μηδείς
3473 745 3523 800 δ’
3593 749 3912 821 ἀμφισϐπτιίτω

2346 825 2474 879 εἶναι
2503 833 2592 879 καί
2642 833 2838 891 τούτοις
2885 852 3099 906 κρασεις
3154 855 3208 887 τε
3258 842 3347 888 καί
3407 842 3609 909 σχέσεις
3645 845 3723 891 καί
3764 838 3913 899 ἰδιότη-

2344 937 2452 977 τας·
2496 922 2679 970 οὔκουν
2715 916 2774 972 δὲ
2794 929 2961 973 ταῦτα
3001 929 3155 995 μόνον
3206 929 3335 997 πρὸς
3364 927 3539 993 ἑαυτὰ,
3580 927 3693 979 ἀλλὰ
3727 935 3799 980 καί
3819 938 3913 1003 πρὸς

2344 1013 2452 1068 τοῖς
2510 1006 2778 1080 ἐμψύχοις
2848 1013 2918 1071 ὡς
2969 1014 2999 1068 ἡ
3053 1021 3208 1088 πεῖρα
3262 1021 3597 1087 παρίστησιν.
3654 1016 3783 1069 Ἔστι
3825 1028 3913 1090 γοῦν

2344 1116 2432 1147 και
2470 1102 2576 1157 τοῖς
2627 1096 2858 1170 ἀψύχοις
2907 1100 3178 1172 μετάλλοις
3226 1110 3315 1155 καί
3367 1104 3530 1167 λίθοις
3568 1110 3732 1177 κρᾶσίς
3766 1113 3850 1167 πώς
3876 1127 3913 1159 τι

2343 1190 2432 1238 καί
2494 1182 2719 1249 ἰδιότης·
2769 1190 2887 1241 ἔνθα
2941 1192 3044 1263 γὰρ
3096 1198 3299 1263 ιιρᾱτὶσις⁹
3352 1198 3443 1244 καί
3497 1190 3699 1254 ἰδιότης·
3746 1195 3820 1245 οὐκ
3870 1198 3913 1246 ἐν

2341 1277 2439 1348 γὰρ
2511 1279 2575 1327 τὰ
2644 1279 2900 1351 κραθέντα
2968 1279 3265 1355 ἐκράθησαν
3333 1281 3415 1349 ἂν,
3484 1282 3527 1335 εἰ
3598 1288 3664 1354 μή
3731 1288 3911 1356 πρότερον

2344 1364 2770 1439 ωνεισέίόῥευσαν
2800 1376 2862 1440 τῇ
2900 1366 3129 1427 ἰδιότητι
3159 1371 3231 1431 εἰς
3247 1370 3424 1424 ἑαυτά.

2415 1453 2483 1518 ς’.
2542 1460 2644 1507 Καί
2692 1462 2811 1531 περί
2861 1461 2950 1529 μὲν
3002 1468 3100 1511 τῶν
3151 1460 3412 1531 μετάλλων
3454 1466 3544 1513 καί
3593 1460 3734 1513 λίθων
3775 1469 3906 1529 ταῦτα,

2340 1547 2460 1617 περί
2512 1539 2573 1595 δὲ
2632 1552 2729 1596 τῶν
2798 1554 2909 1608 πῶς
2978 1551 3068 1619 μεν
3141 1547 3417 1620 ἐμψύχων,
3495 1558 3599 1609 πῶς
3648 1545 3701 1601 δε
3747 1549 3907 1620 ἀψύχων

2340 1651 2407 1683 τα
2456 1632 2619 1706 ἔτερα·
2674 1643 2772 1685 τῶν
2824 1634 3052 1707 ἀψύχων
3130 1657 3185 1689 τε
3249 1640 3380 1710 λέγω
3434 1643 3522 1689 καί
3578 1658 3677 1699 πως
3720 1637 3907 1709 ἒμχύχυν

2342 1729 2510 1791 φυτῶν
2564 1721 2616 1773 εύ
2676 1718 2951 1775 διίσταται
3024 1726 3054 1782 ἡ
3126 1734 3225 1777 τῶν
3278 1732 3559 1798 στοιχείων
3617 1727 3784 1786 ἑνότης·
3829 1743 3908 1777 amo

581 1816 637 1865 τὸ
659 1818 784 1886 πῦρο
842 1811 885 1864 εἰ
942 1808 993 1863 δ’
1047 1813 1073 1862 ὁ
1123 1810 1263 1872 λίθος
1321 1818 1414 1871 τῆς
1459 1816 1556 1880 γῆς
1607 1814 1695 1861 καὶ
1752 1811 1777 1860 ὁ
1824 1808 2111 1881 χαλκόςείς
2135 1812 2230 1866 την
2261 1817 2303 1872 Β
2340 1829 2571 1882 υπαρχει
2625 1814 2727 1888 γὰρ
2794 1816 2995 1876 τούτοὶς
3066 1816 3096 1872 ἡ
3171 1814 3374 1874 ἑλκτικὴ
3429 1822 3517 1867 καί
3581 1815 3801 1878 αὐξητικὴ
3850 1820 3907 1864 καί

576 1910 675 1974 γῆν
706 1900 995 1967 ἀναλύεται,
1048 1902 1160 1952 ἔστι
1213 1895 1272 1951 δὲ
1325 1904 1413 1950 καὶ
1465 1908 1568 1972 πῦρ
1625 1897 1675 1949 ἐν
1842 1906 1934 1971 γῇ,
1984 1900 2040 1950 ἔκ
2059 1918 2114 1949 τε
2141 1906 2229 1958 τῆς

574 1998 666 2042 τοῦ
723 1996 1022 2064 προσοχοῡς
1072 1988 1218 2041 λίθου
1275 1990 1330 2039 ἔκ
1390 2006 1443 2038 τε
1509 1985 1688 2060 ἑτέρων
1751 1986 2008 2059 μετάλλων
2098 1985 2227 2038 ἀπο-

577 2076 784 2142 δείξεως
835 2080 861 2130 ὁ
916 2076 1116 2151 χαλκὸς
1178 2077 1246 2137 εἰς
1296 2079 1355 2128 τὸ
1412 2082 1516 2147 πῦρ
1571 2080 1661 2128 καὶ
1716 2081 1809 2133 τὴν
1869 2085 1968 2147 γῆν
2024 2081 2114 2127 καὶ
2163 2077 2227 2126 τά

576 2178 799 2241 συγγενῆ
860 2167 1152 2222 ἀναλύεται.
1238 2166 1406 2219 Πολλά
1472 2186 1551 2228 τις
1600 2169 1714 2239 ἔχει
1774 2166 1933 2237 λέγειν
1996 2165 2067 2226 εἰς
2131 2169 2225 2223 τὴν

571 2267 671 2310 τῶν
701 2260 933 2333 κράσεων
988 2252 1276 2323 ἀπόδειξιν,
1336 2259 1525 2328 μικτὴν
1579 2252 1739 2307 οὖσαν
1796 2259 1886 2306 καὶ
1937 2254 2222 2327 πολυμερῆ,

572 2350 819 2407 ὡσαύτως
875 2352 965 2398 καὶ
1015 2345 1408 2399 πολυσύνθετον.
1456 2345 1516 2397 Εἰ
1565 2348 1663 2420 γὰρ
1713 2348 1770 2396 τὸ
1845 2352 1949 2416 πῦρ
2017 2343 2063 2395 ἐν
2114 2351 2225 2405 τοῖς

570 2435 731 2497 λίθοις
751 2455 805 2488 τε
850 2441 941 2487 καὶ
990 2443 1053 2508 τῇ
1110 2442 1209 2507 γῇν
1270 2436 1383 2486 ἔστι
1433 2438 1523 2486 καὶ
1569 2433 1617 2485 ἐν
1663 2434 1868 2507 χαλκῷ*
1921 2432 1975 2486 ἐκ
2004 2440 2225 2504 τῆςγῆς

570 2527 674 2598 γὰρ
728 2527 1008 2596 συνάγεται
1058 2524 1085 2575 ὁ
1127 2522 1341 2595 χαλκός·
1402 2522 1475 2583 εἰς
1537 2527 1631 2581 τὴν
1682 2532 1781 2595 γῆν
1830 2531 1956 2595 γοῦν
2000 2522 2222 2576 ἀναλυό-

571 2808 870 2872 elementa
897 2814 1229 2887 sequuntur
1273 2808 1495 2885 duplex
1524 2808 1895 2885 temperatio,
1932 2808 2221 2885 quoniam

569 2905 701 2961 haec
723 2920 968 2977 quoque
996 2908 1134 2960 sunt
1162 2903 1416 2975 duplicis
1444 2904 1695 2973 generis.
1737 2905 1886 2959 Sunt
1920 2903 2071 2958 enim
2101 2902 2224 2958 ani-

571 2999 739 3051 mata
765 2999 825 3051 et
845 2995 1195 3050 inanimata.
1225 2997 1293 3049 Et
1323 3009 1530 3048 rursus
1555 2994 1672 3050 alia
1700 2994 1915 3065 partim
1935 2994 2221 3057 animata,

570 3084 790 3156 partim
810 3084 990 3139 ctiam
1010 3083 1359 3139 inanimata.
1388 3084 1472 3138 Ac
1500 3082 1561 3138 in
1587 3082 1933 3138 inanimatis
1953 3082 2221 3153 quidem,

2341 1898 2649 1958 ἀλλοιωτικὴ
2708 1906 2799 1952 καί
2869 1904 3150 1961 καθεκτική
3223 1923 3278 1956 τε
3352 1908 3443 1956 καί
3497 1902 3741 1978 ἔκκριταή
3802 1900 3908 1954 0‘9"-

2338 2008 2449 2060 μις,
2483 1987 2514 2046 ἢ
2544 2009 2599 2041 τε
2655 1990 2900 2063 θρεπτικὴ
2952 1997 3280 2064 πρωτίστως,
3333 1989 3409 2044 δι’
3462 1991 3525 2053 ἧς
3569 1997 3655 2044 καί
3678 2012 3735 2044 τα
3754 1998 3906 2044 τοιαῦτα

2338 2081 2535 2138 τούτοις
2605 2078 2883 2150 ἐγγίνεται,
2971 2086 3336 2156 στερίσκονται
3418 2079 3477 2134 δὲ
3546 2090 3635 2143 τῆς
3679 2082 3902 2139 αίσητικὲς.

2335 2172 2500 2218 Τοῦτο
2555 2164 2613 2219 δὲ
2658 2165 2941 2243 πρόδηλον.
3012 2177 3210 2244 Κρᾶσις
3274 2168 3337 2223 δε
3400 2177 3491 2223 καί
3541 2172 3721 2232 αὐτοῖς’
3770 2168 3805 2221 εἰ
3837 2170 3902 2237 γὰρ

2336 2261 2405 2322 μὴ
2461 2262 2670 2331 κρᾶσις,
2722 2257 2851 2310 ἀλλὰ
2922 2279 3094 2312 παντα
3163 2261 3267 2313 εἰσί
3341 2257 3608 2333 μονοειδῆ,
3675 2259 3754 2311 ούκ
3794 2256 3839 2307 ἂν
3874 2258 3902 2306 οἱ

2334 2348 2527 2396 τούτων
2583 2353 2776 2419 καφποί
2848 2345 3112 2422 διαφόρως
3185 2349 3254 2411 εἰς
3322 2354 3443 2411 τούς
3490 2352 3683 2422 χυμοὺς
3732 2343 3902 2399 συνεϐαλ·

2332 2434 2497 2487 λοντοο
2547 2436 2602 2488 ἐκ
2659 2448 2758 2488 τῶν
2815 2447 3025 2512 καρπῶν
3077 2444 3165 2491 καί
3212 2442 3316 2513 γὰρ
3375 2448 3647 2511 γεννῶνται
3687 2442 3835 2511 χυμοὶ.
3864 2432 3901 2484 Εἰ

2334 2523 2394 2579 δε
2445 2531 2517 2600 μὴ
2569 2546 2786 2600 κρασεις
2854 2533 3162 2600 πανταχόσε
3232 2531 3300 2581 τὰ
3351 2534 3585 2603 σπόριμα
3631 2536 3785 2588 κοινῶς
3827 2524 3902 2593 ἐφ’·

2333 2815 2512 2887 igitur
2534 2815 3041 2890 praetermittenda
3055 2821 3278 2883 sunt,et
3294 2815 3378 2874 ad
3397 2817 3608 2876 altiora
3625 2820 3797 2874 nostra
3806 2811 3895 2868 dili-

2338 2907 2539 2976 gentia
2563 2907 2903 2963 revocanda
2957 2912 3067 2963 est.
3136 2907 3434 2964 Uniuntur
3484 2909 3674 2979 itaque
3708 2902 3892 2961 metalla.

2337 3011 2503 3060 saxa,
2537 3000 2593 3051 et
2613 2996 2729 3052 alia
2749 2996 3029 3067 quaedam
3053 2995 3416 3067 simpliciore
3436 2997 3535 3053 illa
3555 2996 3893 3052 elementorum

2337 3085 2971 3158 copulatione.Nemini
3001 3100 3143 3141 vero
3166 3084 3241 3140 sit
3268 3085 3528 3142 dubium
3551 3086 3686 3158 quin
3702 3085 3777 3139 his
3794 3087 3892 3135 tem-

570 3177 637 3229 ut
660 3173 724 3228 in
752 3172 1058 3245 lapidibus
1083 3176 1140 3228 et
1162 3170 1441 3237 metallis,
1472 3171 1814 3243 simpliciter
1833 3173 2093 3227 cernitur
2113 3171 2224 3226 ele-
2252 3172 2299 3236 α
2335 3175 2693 3245 perationes,
2719 3174 3054 3230 habilitates
3102 3179 3159 3229 et
3198 3174 3591 3246 proprietates
3617 3174 3785 3230 insint.
3810 3172 3889 3224 Non

570 3267 913 3320 mentorum
944 3262 1311 3318 communio.
1339 3265 1470 3319 Haec
1491 3262 1651 3317 enim
1668 3277 1741 3317 ex
1757 3261 2063 3317 elementis
2085 3277 2221 3316 con-

573 3356 687 3410 stat
715 3354 939 3426 quibus
971 3354 1020 3408 si
1040 3352 1391 3425 temperatio
1418 3352 1690 3417 inest,his
1723 3352 1893 3407 etiam
1915 3350 2220 3420 inerit,sed

573 3443 901 3499 secundum
928 3442 991 3498 id
1008 3442 1176 3514 quod
1196 3447 1286 3498 est
1304 3441 1440 3513 plus
1461 3446 1516 3497 et
1533 3442 1752 3497 minus.
1779 3441 2035 3507 Quidam
2060 3442 2222 3496 enim

569 3531 998 3601 investigantes
1014 3530 1394 3587 metallorum
1423 3535 1480 3586 et
1501 3530 1765 3601 lapidum
1798 3530 2221 3602 prOprietatem

571 3618 1127 3675 commodissimam
1138 3618 1294 3673 hanc
1306 3617 1529 3689 depreh
1538 3618 1770 3674 undunt
1789 3634 1925 3690 quae
1943 3618 2222 3689 opposita

572 3711 665 3763 est
691 3722 1130 3778 nonnunquam
1158 3705 1382 3776 frigori,
1397 3721 1838 3779 nonnunquam
1854 3707 2035 3762 etiam
2056 3705 2220 3762 illam

571 3812 706 3869 quae
731 3795 1232 3862 calori,interdum
1250 3811 1494 3868 quoque
1530 3795 1738 3851 eodem
1768 3794 1952 3851 modo
1970 3811 2102 3866 quae
2122 3795 2220 3850 fri-

570 3901 682 3958 gus
711 3890 816 3942 aut
843 3884 1103 3941 calorem
1128 3883 1599 3955 adjuvat.Quare
1630 3884 1721 3939 vis
1737 3883 1840 3941 illa
1858 3900 1994 3957 quae
2012 3884 2092 3940 ab
2108 3884 2221 3939 ele-

568 3975 787 4031 mentis
814 3973 1206 4047 proﬁciscitur
1221 3989 1346 4029 non
1371 3974 1431 4029 in
1460 3973 1552 4028 his
1571 3974 1855 4029 omnibus
1875 3975 2219 4029 inanimatis

568 4066 966 4122 communiter
974 4063 1260 4131 inest,sed
1274 4068 1679 4135 proutnatura
1691 4068 2042 4135 comparata
2058 4069 2214 4120 sunt.

568 4154 703 4210 Haec
732 4170 874 4210 vero
890 4152 1181 4209 dissoluta
1194 4154 1254 4208 in
1274 4151 1559 4224 priora,in
1575 4151 1690 4207 illis
1714 4153 2040 4208 ostendunt
2053 4153 2218 4225 quod

565 4242 807 4297 misceri
835 4242 1047 4314 potuit.
1083 4244 1289 4297 Utrum
1309 4241 1469 4296 enim
1493 4240 1648 4310 ignis
1669 4247 1757 4297 est
1775 4242 1835 4297 in
1855 4258 1971 4297 aere
1992 4241 2019 4295 ?
2053 4246 2217 4297 Atta-

566 4345 706 4385 men
726 4345 865 4385 cum
903 4329 1112 4385 crebro
1126 4329 1386 4399 injicitur
1409 4345 1491 4384 aes
1510 4329 1573 4384 in
1597 4329 2215 4401 fornacem,paulatim

566 4416 773 4473 multis
803 4417 1086 4474 ramentis
1119 4418 1292 4489 quasi
1321 4417 1379 4472 in
1417 4417 1645 4474 cineres
1683 4418 2063 4487 convertitur,
2095 4417 2216 4472 dis-

2335 3279 2477 3333 ergo
2497 3264 2792 3320 elementa
2811 3264 2961 3319 inter
2989 3280 3054 3319 se
3078 3264 3374 3320 duntaxat
3398 3264 3889 3337 copulantur,verum

2333 3353 2511 3408 etiam
2533 3354 2593 3407 in
2614 3353 2916 3419 animatis,
2956 3358 3019 3407 ut
3048 3353 3416 3427 experientia
3453 3353 3673 3426 probat.
3699 3353 3778 3408 Est
3799 3359 3888 3414 ergo

2330 3440 2389 3495 in
2422 3441 2768 3497 inanimatis
2800 3441 2979 3496 etiam
3007 3440 3258 3496 metallis
3291 3430 3350 3497 et
3369 3441 3661 3514 lapidibus
3675 3445 3885 3508 tempera-

2332 3529 2411 3585 tio
2442 3535 2621 3602 atque
2653 3529 3003 3601 proprietas.
3028 3529 3136 3585 Ubi
3153 3530 3313 3585 enim
3340 3531 3667 3603 temperatio
3686 3527 3751 3583 ibi
3767 3526 3883 3582 etiam

2330 3619 2888 3691 proprietas,Neque
2905 3618 3061 3673 enim
3080 3635 3215 3689 quae
3232 3619 3389 3675 inter
3405 3637 3466 3675 se
3480 3622 3770 3692 temperata
3780 3618 3882 3671 sunt.

2330 3707 2649 3778 temperari
2674 3706 3147 3778 potuissent,nisi
3165 3707 3513 3779 impellente
3532 3706 3828 3779 proprietate
3847 3699 3882 3752 in

2332 3812 2518 3851 unum
2551 3796 2991 3852 conﬂuxissent.

2402 3888 2452 3939 6.
2496 3889 2687 3956 Atque
2715 3884 2842 3940 haec
2868 3884 3115 3956 quidem
3158 3884 3228 3940 de
3268 3886 3526 3942 metallis
3555 3890 3609 3941 et
3630 3879 3875 3956 lapidibus.
3958 3900 3959 3905 η

2332 3974 2409 4028 De
2452 3972 2562 4027 illis
2614 3989 2753 4029 vero
2805 3989 2941 4044 quae
2988 3973 3205 4044 partim
3243 3975 3512 4032 animata
3554 3980 3693 4037 sunt,
3732 3968 3879 4043 partim
3956 3964 3957 4007 l

2329 4062 2677 4127 inanimata,
2714 4062 2831 4117 alia
2852 4062 3108 4118 dicenda
3156 4069 3318 4119 sunt.
3366 4068 3414 4117 A
3438 4063 3666 4136 plantis,
3689 4062 3879 4131 inquam.

2328 4166 2463 4222 quae
2496 4153 2711 4222 partim
2737 4153 3017 4208 animata:
3046 4158 3182 4208 sunt
3209 4154 3429 4224 partim
3451 4153 3775 4214 inanimatis,
3803 4157 3879 4200 non

2328 4245 2416 4295 est
2437 4240 2629 4296 aliena
2654 4240 3087 4296 elementorum
3114 4243 3482 4298 communio.
3499 4242 3591 4298 His
3608 4240 3744 4296 enim
3763 4228 3879 4291 simul

2324 4328 2477 4384 inest
2494 4328 2578 4383 vis
2607 4334 2664 4383 et
2683 4329 2932 4385 facultas
2954 4329 3875 4401 attrahendi,augescendi,commu'

2327 4417 2514 4485 tandi,
2541 4418 2833 4474 retinendi
2862 4424 2919 4474 et
2948 4419 3385 4485 secernendi,in
3405 4421 3707 4493 primisque
3722 4415 3787 4469 vis
3799 4424 3875 4466 me-

568 4506 720 4562 solvi
749 4506 1011 4575 contigit.
1036 4507 1326 4562 Praeterea
1362 4506 1424 4561 in
1449 4512 1605 4562 terra
1627 4506 1831 4577 ignem
1862 4522 1989 4561 esse
2021 4505 2214 4563 dicere
2242 4524 2290 4580 ι)
2326 4506 2530 4573 dendi,
2552 4522 2657 4578 per
2684 4523 2865 4579 quam
2894 4508 3071 4564 etiam
3095 4508 3239 4565 talia
3262 4509 3355 4565 his
3375 4510 3593 4566 insunt.
3614 4507 3785 4565 Carent
3806 4512 3870 4553 all-

561 4595 755 4670 possit
778 4595 1170 4668 aliquis.Nam
1191 4610 1263 4651 ex
1284 4612 1434 4652 saxo
1457 4596 1623 4669 quod
1652 4595 1923 4668 proxime
1951 4593 2028 4649 ad
2048 4599 2214 4651 terrae

561 4691 843 4744 naturam
875 4685 1124 4753 accedit,
1147 4685 1347 4741 attritu
1393 4685 1549 4755 ignis
1591 4684 1965 4757 exprimitur.
1989 4685 2043 4740 Si
2074 4700 2214 4742 vero

562 4793 780 4834 saxum
810 4775 977 4850 quod
998 4774 1260 4830 maxime
1287 4774 1366 4830 ad
1388 4778 1560 4829 terrae
1577 4781 1858 4828 naturam
1882 4772 2111 4828 accedit
2130 4778 2213 4829 at-

558 4882 677 4939 que
708 4866 885 4922 etiam
917 4882 999 4919 aes
1027 4864 1089 4918 in
1122 4869 1339 4919 terram
1368 4862 1731 4925 dissolvitur,
1764 4865 1851 4916 est
1880 4877 2021 4916 vero
2056 4862 2211 4931 ignis

558 4972 801 5027 quoque
852 4956 913 5010 in
966 4961 1139 5023 terra,
1201 4968 1344 5009 sane
1402 4968 1474 5008 ex
1532 4950 2043 5008 demonstratione
2083 4952 2211 5008 saxi

560 5044 744 5115 (quod
787 5044 968 5099 habet
1016 5048 1298 5099 naturam
1342 5047 1509 5098 terrae
1551 5040 1818 5114 afﬁnem)
1860 5046 1915 5095 et
1953 5041 2207 5097 aliorum

556 5132 935 5188 metallorum
984 5131 1367 5200 intelligimus
1411 5147 1492 5185 aes
1548 5130 1607 5185 in
1654 5130 1879 5199 ignem,
1909 5136 2125 5187 terram
2152 5136 2207 5187 et

556 5220 829 5290 ejusdem
855 5220 1089 5289 generis
1112 5219 1231 5275 alia
1245 5218 1626 5275 dissolvi.Sed
1647 5218 2000 5291 possetquis
2022 5219 2208 5275 multa

554 5310 750 5366 dicere
781 5309 841 5364 in
868 5310 1024 5365 hanc
1047 5308 1399 5364 sententiam
1422 5308 1496 5363 de
1532 5308 1809 5364 mistione
1833 5308 2206 5377 temperatio-

552 5414 699 5457 num
723 5414 857 5471 quae
887 5397 1199 5469 multiplex
1227 5402 1317 5452 est
1346 5402 1402 5451 et
1427 5396 1585 5452 varie
1620 5400 2016 5466 coagmentat.
2054 5399 2203 5453 Nam

552 5489 602 5545 si
630 5488 786 5559 ignis
816 5494 905 5544 est
948 5488 1009 5543 in
1055 5488 1214 5544 saxis
1249 5490 1307 5541 et
1352 5485 1413 5541 in
1456 5490 1626 5550 terra,
1657 5491 1744 5539 est
1772 5485 1953 5540 etiam
1974 5486 2036 5542 in
2064 5502 2199 5542 aere.

549 5583 690 5635 Nam
723 5594 797 5635 ex
824 5584 979 5633 terra
1007 5579 1350 5632 concretum
1380 5578 1469 5629 est
1495 5589 1597 5627 aes.
1620 5574 1814 5638 Quare
1840 5590 1977 5629 cum
1995 5574 2201 5631 dissol-

547 5667 706 5725 vitur
732 5669 795 5725 in
836 5672 1079 5735 terram,
1122 5666 1185 5722 in
1224 5667 1484 5732 cognata
1522 5660 1634 5717 sibi
1676 5660 2041 5720 dissolvitur.
2064 5664 2199 5721 Haec

2326 4599 2445 4651 tem
2474 4595 2531 4649 vi
2571 4599 2628 4650 et
2670 4595 2948 4652 facultate
2982 4596 3293 4653 sentiendi.
3344 4600 3555 4654 Verum
3592 4596 3693 4652 hoc
3718 4586 3865 4664 perspi-

2324 4700 2504 4741 cuum
2534 4690 2620 4740 est
2649 4690 2706 4740 et
2732 4686 2883 4741 inter
2902 4701 3110 4741 omnes
3131 4692 3387 4743 constat.
3414 4690 3586 4742 Porro
3611 4674 3865 4753 temperatio

2320 4790 2563 4845 quoque
2590 4774 2680 4829 bis
2700 4774 2874 4831 inest.
2913 4777 3065 4831 Nam
3116 4775 3165 4829 si
3217 4791 3341 4832 non
3393 4775 3640 4832 inestita
3658 4776 3709 4825 ut
3731 4763 3865 4824 omnia

2320 4863 2437 4918 sint
2467 4879 2588 4918 una
2616 4862 2949 4935 eademque
2972 4864 3164 4919 forma
3189 4864 3611 4935 praedita,certe
3635 4861 3862 4915 succorum

2317 4950 2655 5010 diversitate
2702 4952 2928 5007 fructus
2966 4953 3308 5024 plantarum
3351 4968 3473 5009 non
3504 4948 3860 5018 distinguantur.

2320 5044 2465 5097 Nam
2493 5042 2653 5098 succi
2689 5042 2766 5096 illi
2789 5043 3059 5097 oriuntur
3092 5058 3161 5097 ex
3193 5042 3499 5099 fructibus.
3532 5037 3685 5107 Quod
3710 5035 3748 5087 si
3762 5038 3859 5085 tem-

2316 5132 2543 5203 peratio
2567 5133 2626 5187 in
2653 5148 2865 5188 omnes
2914 5138 3110 5204 partes
3168 5147 3292 5188 non
3319 5132 3730 5191 diffunderetur,
3753 5131 3858 5175 com‘

2315 5222 2482 5277 muni
2508 5221 2772 5294 quadam
2828 5222 3054 5277 ratione
3108 5221 3343 5293 plantas
3384 5223 3630 5276 sererent
3668 5209 3855 5297 homini?5

2314 5310 2693 5383 colerentque
2723 5327 2794 5367 ac
2831 5310 3183 5367 earumdem
3226 5310 3451 5366 fructus
3480 5308 3742 5364 metarent.
3767 5298 3853 5360 Οωε

2312 5414 2453 5455 vero
2483 5399 2634 5454 alius
2658 5399 2870 5455 dixerit
2894 5398 3111 5471 plantis
3134 5400 3283 5473 ipsis
3302 5414 3422 5455 non
3450 5398 3626 5453 inesse
3648 5394 3848 5458 tempera“

2309 5488 2960 5561 tionem,praaterquam
2988 5488 3083 5544 ille
3107 5488 3213 5560 qui
3239 5487 3533 5545 communi
3559 5480 3773 5557 quadam
3794 5484 3845 5524 τδ-

2308 5577 2468 5633 tione
2494 5576 2716 5649 ubique
2735 5576 2974 5649 plantas
2990 5577 3103 5633 seri
3116 5577 3347 5650 colique
3365 5566 3844 5639 asseri,?Hocaulem

2312 5680 2499 5721 unum
2527 5669 2616 5721 est
2634 5679 2708 5720 ex
2733 5663 2849 5720 illis
2887 5681 3024 5737 quaa
3060 5664 3188 5722 ﬁeri
3233 5666 3544 5740 nequeunt.
3570 5656 3696 5716 Talis
3725 5650 3844 5709 etiam
