4066 6212
422 34 475 41 ννη
524 32 559 39 ιν

0 82 107 89 μμ-
126 82 211 89 ...με
232 80 375 89 M‘l,

118 400 262 458 i293

1002 390 1359 455 THEODORI
1399 396 1444 450 Il
1486 395 1616 452 IMP.
1662 399 1749 453 DE
1787 396 2242 455 COMMUNIONE
2282 398 2653 458 NATURALI.

3396 408 3534 461 1294

113 530 433 597 τουργοῦντο
498 527 589 575 καὶ
647 521 947 596 ἑκάρπευον,
1030 541 1107 583 τις
1164 520 1213 574 δ’
1276 522 1426 584 ἄλλος
1485 526 1603 595 sing:
1671 524 1776 596 οὐχ
1806 533 1851 583 Α
1885 526 2133 597 φντοίς.ἠ
2174 527 2274 598 γὰρ
2317 521 2514 585 ἰδιότης
2560 531 2775 598 μίγνυσι
2822 534 2883 601 τῇ
2951 531 3135 604 κράσει
3191 537 3380 602 κρᾶσιν
3444 533 3535 581 καὶ

116 618 203 667 ὅτι
239 616 428 687 κρᾶσίς
481 610 621 664 ἔστιν
683 610 880 678 αὐτοῖς,
916 613 961 663 εἰ
1025 616 1097 684 μὴ
1139 613 1165 663 ό
1203 621 1385 674 κοινῶς
1459 621 1778 687 φυτουργεῖ-

120 705 252 756 σθαι
308 709 477 754 ταῦτα
529 700 688 772 λέγων
734 704 1042 772 πανταχόσε
1079 705 1168 752 καὶ
1210 704 1518 777 σπείρεσθαι
1558 721 1572 770 ;
1612 709 1776 755 Τοῦτο

120 788 187 846 δὲ
250 800 353 845 τῶν
414 786 683 843 ἁδυνατων
750 788 911 844 ἐστίν.
984 789 1208 843 Ἀθετεῖν
1270 788 1330 843 δὲ
1394 797 1484 844 καὶ
1538 796 1633 851 τὴν
1680 800 1776 844 τῶν

122 878 537 947 Ἀσκληπιάδων
595 885 785 952 τέχνην
855 882 881 932 ό
950 888 1185 941 τοιοῦτος
1249 883 1502 954 ὁρίζεται,
1566 883 1627 941 ἦν
1686 887 1776 936 καὶ

120 975 410 1046 φαρμάκων
474 975 758 1028 συνίστησι
821 970 1019 1030 πλῆθος
1080 973 1135 1022 ἔκ
1199 990 1251 1023 τε
1320 979 1418 1023 τῶν
1494 976 1774 1045 φυομένων,

122 1066 186 1115 ἔκ
243 1082 298 1115 τε
352 1060 631 1135 μετάλλων,
685 1063 741 1113 ἔκ
804 1080 856 1113 τε
914 1070 1013 1112 τῶν
1081 1066 1506 1134 συγκιρνῶμένων
1573 1064 1777 1115 πολυει-

125 1150 239 1207 δῶν
311 1171 366 1205 τε
435 1157 525 1204 xui
585 1150 984 1204 πολυκευάστων
1048 1149 1140 1204 διὰ
1206 1160 1295 1212 τῆς
1369 1153 1529 1214 αὐτῆς
1592 1150 1779 1206 ἁποδεὶ

124 1243 275 1306 ξεως.
331 1249 510 1295 Ταῦτα
559 1244 661 1315 γὰρ
710 1240 881 1294 πάντα
934 1244 1167 1317 κράσεων
1228 1239 1484 1316 διαφορὰς
1539 1246 1775 1315 ἔχουσιν·

126 1335 269 1385 οὕτω
330 1333 429 1403 γὰρ
495 1336 586 1383 καὶ
654 1332 704 1382 oi
765 1335 971 1392 παίονες
1050 1331 1245 1404 ἑκάστη
1322 1336 1458 1403 νόσῳ
1514 1336 1573 1384 τὸ
1653 1335 1783 1406 πρὸς

129 1418 437 1473 ἀντίστασιν
538 1422 729 1472 τούτων
826 1420 899 1482 εἰς
1022 1418 1282 1493 ἆναίρεσιν
1391 1424 1579 1481 ταύτης
1692 1420 1781 1473 ἐπ·-

129 1512 347 1582 άγουσι,
387 1514 477 1562 καὶ
539 1510 598 1561 οὐ
663 1515 833 1562 πᾶσαι
892 1512 958 1561 τὰ
1018 1512 1185 1562 πάντα
1244 1515 1413 1563 καίτοι
1477 1513 1599 1563 ὄντα
1663 1507 1783 1562 διά-

131 1617 292 1673 φορα.
333 1598 668 1660 Ἐξετάζουσι
725 1594 784 1650 δὲ
838 1601 929 1649 καὶ
989 1601 1123 1650 οἶνον
1173 1601 1304 1673 πρὸς
1359 1606 1491 1651 οἶνον
1529 1602 1784 1672 καὶπρὸς

130 1687 303 1741 ἑλαιον
367 1686 558 1756 ἔλαιον,
618 1690 710 1739 xui
766 1689 894 1761 πρὸς
958 1690 1159 1759 ὄπώραν
1198 1686 1425 1762 ὀπώραν,
1466 1692 1556 1740 καὶ
1589 1691 1787 1761 καρπὸν

129 1779 267 1851 πρὸς
316 1779 536 1850 καρπὸν,
592 1780 684 1828 καὶ
742 1774 1073 1837 ἆξετάσαντες
1126 1774 1273 1837 αὖθις
1326 1779 1663 1849 προσάγουσι
1726 1780 1786 1828 τό

129 1863 473 1934 κατάλληλόν,
532 1868 623 1917 xui
677 1866 738 1916 τὸ
793 1863 1091 1939 ἄπροσφυες
1152 1864 1481 1918 ἀποσείονται
1536 1874 1599 1940 τῇ
1666 1869 1788 1926 τέως
1824 1896 1868 1949 Β

131 1958 292 2026 νόσῳ,
357 1956 484 2029 πρὸς
556 1953 714 2012 οἰλλην
777 1973 930 2006 νοσον
996 1953 1351 2026 ἁφοσιοῦντες.
1402 1955 1463 2009 Εἰ
1526 1960 1597 2028 μὴ
1663 1963 1789 2027 γοῦν

132 2050 326 2117 κρᾶσις
379 2040 441 2101 ἦν
497 2041 546 2095 ἓν
601 2044 796 2106 αὐτοῖς,
851 2042 945 2095 οὐκ
982 2044 1044 2095 ἄν
1081 2045 1295 2116 ὑπῆρχε
1330 2048 1419 2097 καὶ
1480 2040 1706 2112 ἰδιότης,
1747 2048 1791 2098 εἰ

137 2128 202 2186 δι
264 2136 336 2205 μὴ
405 2129 625 2199 ἰδιότης,
694 2131 790 2183 οὐκ
854 2133 916 2183 ἄν
984 2131 1350 2185 συνεϐάλλοντο
1412 2141 1518 2193 πῶς
1577 2136 1666 2205 μὲν
1724 2133 1790 2194 εἰς

136 2242 275 2285 τινα,
310 2219 489 2275 διόλου
517 2217 578 2274 δέ
622 2240 682 2292 ’γε
729 2221 797 2281 εἰς
860 2220 1012 2289 ἄλλα,
1063 2227 1155 2274 καὶ
1199 2223 1291 2274 οὔκ
1339 2219 1485 2294 εἶχον
1514 2231 1792 2297 πορσφυῶς

138 2319 247 2373 πῶς
311 2329 402 2383 μεν
438 2330 600 2378 τισιν,
665 2308 835 2371 ἄλλοις
871 2329 925 2362 τε
962 2309 1169 2372 τελέως·
1239 2318 1394 2363 τοῦτο
1456 2308 1515 2363 δέ
1577 2310 1788 2380 ἄτοπον,

138 2404 186 2452 εἰ
249 2405 339 2452 xui
399 2420 479 2462 τις
541 2403 661 2474 περὶ
723 2402 910 2451 τούτου
987 2397 1267 2462 ἀνθέξεται.
1343 2401 1440 2452 Διὰ
1518 2407 1679 2453 ταῦτα
1743 2403 1792 2452 οι

143 2488 314 2565 ἰατροὶ
370 2492 437 2542 τὰ
474 2487 767 2548 κατὰλληλα
830 2489 1172 2563 πράττουσιν.
1241 2489 1378 2541 Ἀλλ’
1430 2492 1545 2542 ἔστι
1608 2496 1793 2564 κρᾶσις

142 2582 237 2631 καὶ
304 2576 508 2641 ἰδιότης
570 2582 619 2632 ἓν
684 2598 740 2632 τε
804 2578 989 2647 λίθοις,
1062 2582 1113 2631 ἕν
1173 2599 1227 2633 τε
1280 2579 1569 2652 μετάλλοις,
1626 2580 1676 2633 ἓν
1739 2597 1794 2631 τε

146 2754 793 2814 constituitconvellere
804 2756 1288 2829 Asclepiadarum
1302 2762 1483 2816 artem
1497 2774 1633 2831 quae
1645 2772 1799 2814 com-

143 2844 314 2916 ponit
352 2845 817 2917 pharmacorum
870 2845 1311 2903 multitudinem
1358 2863 1431 2903 ex
1458 2846 1699 2920 plantis,
1726 2862 1798 2902 ex

143 2932 388 2989 metallis
405 2937 461 2989 et
471 2950 545 2989 ex
556 2933 1016 2991 multiformibus
1030 2933 1543 3008 multipliciterque
1559 2951 1800 3007 compa-

142 3021 284 3077 ratis
296 3021 830 3094 temperationibus
840 3022 993 3079 inter
1006 3040 1070 3080 se
1086 3023 1384 3095 permistis
1399 3039 1506 3095 per
1518 3023 1796 3079 eamdem

140 3110 870 3168 demonstrationemJlaec
882 3112 1041 3168 enim
1054 3113 1262 3169 omnia
1275 3111 1797 3185 temperationibus

139 3199 443 3256 differunt.
458 3207 607 3257 Nam
625 3204 680 3256 et
703 3200 818 3257 hoc
834 3202 1017 3257 modo
1050 3201 1263 3258 medici
1280 3201 1447 3274 quod
1472 3201 1795 3272 unicuique

1886 613 2112 686 χωρίζει
2171 618 2356 685 κρᾶσιν
2404 613 2459 665 ἐκ
2510 618 2764 687 κράσεως,
2828 618 2877 669 οἰ
2930 622 3028 694 γὰρ
3097 622 3304 694 κράσεις
3353 619 3403 671 ἐν
3470 627 3531 691 τῇ

1887 706 2059 774 φύσει,
2123 708 2214 755 xui
2272 704 2350 754 ὅτι
2417 702 2469 765 ἐξ
2529 705 2723 766 ἐκείνης
2777 716 3085 760 κοινωνοῦσι
3144 711 3282 761 καθὰ
3345 713 3433 760 καὶ
3471 711 3537 760 τὰ

1889 797 2131 861 στοιχεῖα
2158 807 2170 822 ⁶
2212 793 2241 849 ὴ
2287 788 2489 853 ἰδιότης
2528 789 2588 845 δε
2624 799 2718 853 τὴν
2770 795 2940 849 αὐτῶν
2978 816 3046 858 εις
3119 801 3373 870 μερισμὸν
3414 795 3449 850 δ
3455 818 3537 849 ια·-

1889 879 2080 932 στέλλει
2138 885 2438 938 κοινότητα.
2505 882 2664 941 πολλὴ
2724 887 2824 957 γὰρ
2879 886 2909 942 ἡ
2978 883 3181 948 ἰδιότης
3242 892 3332 938 καὶ
3372 884 3535 939 δυνα-

1886 971 2154 1040 μικωτάτη
2214 973 2303 1021 καὶ
2364 971 2653 1042 θαυμασία,
2719 978 2810 1025 καὶ
2863 974 2922 1026 οὐ
2984 979 3135 1047 μόνον
3200 979 3317 1035 τοὺς
3368 974 3541 1036 λίθους

1887 1056 1942 1108 ὲκ
1996 1065 2096 1109 τῶν
2161 1057 2442 1129 μετάλλων,
2519 1065 2609 1112 καὶ
2675 1061 2727 1112 ἐκ
2792 1071 2891 1114 τῶν
2958 1063 3138 1137 ἑτέρων
3215 1067 3368 1136 φυτὰ,
3447 1069 3537 1116 xui

1888 1144 1944 1197 ἐκ
2009 1154 2178 1217 φυτῶν
2244 1149 2310 1199 τὰ
2366 1148 2608 1219 ζωόφυτα
2647 1146 2956 1217 διαστέλλει,
3022 1149 3115 1204 διά
3152 1172 3206 1204 τε
3263 1158 3356 1210 τὴν
3418 1160 3542 1225 κρᾶ-

1891 1254 1973 1288 σιν
2010 1239 2106 1293 τὴν
2144 1234 2193 1287 ἐν
2254 1244 2325 1306 τῷ
2363 1241 2497 1307 γένει
2558 1238 2667 1301 ἐνὸς
2728 1238 2950 1293 ἑκάστου
3013 1242 3168 1313 οὗπερ
3238 1238 3377 1303 εἶδός
3432 1242 3542 1294 ἐστι

1890 1329 1979 1376 καὶ
2015 1330 2110 1382 τὴν
2150 1325 2323 1385 αὐτοῖς
2384 1334 2642 1379 συνοῦσαν
2707 1328 2867 1400 ἰσχὺν
2908 1330 2977 1392 εἰς
3008 1335 3063 1382 τό
3130 1326 3372 1405 διαιρεῖν,
3413 1331 3542 1384 ἀλλὰ

1892 1417 1981 1464 καὶ
2021 1416 2115 1473 ἕως
2151 1422 2242 1465 τοῦ
2295 1413 2541 1486 ἐμψύχου
2590 1412 2765 1474 διήκει
2819 1420 2954 1478 ζὼον
3008 1419 3098 1470 καί
3153 1419 3383 1490 λογικοῦ.
3445 1427 3545 1474 Καὶ

1895 1502 1975 1555 ὃτι
2038 1506 2129 1574 μεν
2202 1503 2289 1554 οὖν
2344 1510 2430 1556 καὶ
2500 1513 2653 1557 τοῦτο
2753 1510 2938 1560 καθότι

1898 1588 2271 1644 συνιδιοῦσθαι
2349 1596 2416 1645 τὰ
2474 1604 2573 1646 τῶν
2635 1594 2799 1647 ἄλλων

3005 1508 3134 1567 ζῶον
3237 1516 3551 1583 παραχωρεῖ

2894 1593 3182 1668 ἰδιώματα,
3263 1597 3547 1670 πρόδηλον,

1895 1680 2097 1751 λογικόν
2121 1676 2181 1732 δε
2207 1685 2381 1734 καίτοι
2431 1683 2484 1733 ὃν
2529 1690 2705 1750 τοῦτο,
2742 1684 2799 1735 οὐ
2861 1689 3035 1736 καινόν
3070 1702 3081 1713 ·
3115 1689 3173 1737 τὸ
3207 1681 3267 1737 δὲ
3305 1692 3393 1738 καὶ
3423 1687 3550 1739 αὐτὸ

1898 1774 1970 1832 εἰς
2025 1768 2151 1821 αὐτὸ
2216 1766 2310 1822 διὰ
2370 1773 2562 1832 ταύτης
2618 1769 2944 1845 διαιρεῖσθαι
3001 1779 3089 1825 καὶ
3161 1774 3405 1827 ἑνοῡσθαι
3439 1795 3556 1827 και-

1896 1861 2001 1925 νὸν,
2033 1859 2155 1931 ὅπερ
2197 1859 2328 1917 αὐτὴ
2397 1857 2596 1921 ἰδιότης
2659 1860 2951 1934 ἐργάζεται.
3002 1865 3078 1916 Τὰ
3111 1866 3213 1936 γὰρ
3254 1872 3352 1915 τῶν
3406 1884 3555 1917 στοι-

1898 1952 2058 2019 χείων
2097 1952 2227 2021 μετά
2265 1953 2358 2007 τὴν
2396 1952 2552 2022 φύσιν
2592 1953 2724 2003 εἰσίν
2765 1954 2895 2004 εἰσὶν
2937 1949 3220 2024 ἰδιώματα,
3253 1956 3317 2006 τά
3356 1950 3416 2007 δε
3454 1962 3553 2007 τῶν

1899 2040 2130 2111 κράσεων
2160 2043 2250 2091 καὶ
2280 2036 2327 2090 ἕν
2376 2046 2485 2100 τοῖς
2536 2046 2822 2113 στοιχείοις
2887 2046 2977 2094 xui
3037 2045 3167 2114 μετὰ
3235 2051 3336 2094 τῶν
3403 2063 3554 2095 στοι-

1899 2126 2171 2199 χείων,τά
2226 2124 2285 2179 δὲ
2339 2136 2436 2180 τῶν
2487 2139 2675 2202 χυμῶν
2731 2132 2859 2201 μετά
2906 2139 3005 2182 τῶν
3052 2133 3284 2207 κράσεων
3332 2137 3422 2185 καὶ
3460 2136 3556 2192 ἕως

1900 2223 1998 2266 τῶν
2032 2219 2196 2281 ζώων,
2257 2218 2284 2274 ἡ
2354 2213 2558 2278 ἰδιότης
2611 2216 2672 2271 δέ
2718 2238 2778 2290 γε
2836 2227 3133 2292 πανταχοῦ.
3181 2217 3404 2282 Ἰδιότης
3449 2220 3552 2294 γὰρ

1900 2308 2114 2356 κατὰτὸ
2170 2304 2360 2377 μᾶλλον
2418 2309 2700 2379 ἣνωσεγῆν
2762 2313 2849 2361 xui
2910 2298 3078 2384 ὕδωρ,
3118 2317 3221 2384 πῦρ
3279 2315 3369 2362 καὶ
3403 2309 3552 2383 ἀέρα,

1900 2390 2044 2466 ὕδωρ
2101 2412 2157 2445 τε
2216 2398 2305 2445 xui
2350 2392 2477 2468 ἀέρα
2550 2395 2579 2453 ἦ
2645 2404 2744 2467 γῆν
2808 2401 2898 2448 καὶ
2957 2396 3103 2470 ἀέρα,
3172 2404 3276 2469 πῦρ
3340 2417 3394 2450 τε
3468 2402 3559 2450 xui

1900 2478 2068 2553 ὕδωρ,
2108 2484 2238 2556 οἱπερ
2279 2482 2372 2535 ὃλα
2435 2480 2508 2535 δι’
2549 2483 2675 2536 ὁλων
2739 2484 2988 2552 ἐνουνται,
3044 2486 3103 2537 οὐ
3161 2489 3296 2546 τινὸς
3337 2482 3432 2538 διὰ
3460 2486 3561 2558 μὲ-

1903 2591 1992 2628 σον
2021 2568 2131 2622 ἀλλ’
2173 2570 2306 2624 αὐτὰ
2343 2568 2378 2625 δ
2384 2572 2418 2623 ι’
2458 2574 2627 2625 αὐτῶν
2681 2575 2801 2626 καθ’
2866 2575 3016 2637 αὐτὰ,
3094 2576 3229 2627 κατὰ
3263 2577 3320 2627 τὸ
3366 2574 3564 2647 μᾶλλον

1907 2755 2016 2818 est,
2031 2755 2091 2806 et
2100 2765 2207 2822 per
2223 2750 2343 2806 vim
2362 2749 2672 2824 illam'qure
2684 2752 2840 2809 valet
2850 2754 2925 2809 ad
2942 2752 3352 2822 dividendum;
3365 2769 3567 2811 verum

1905 2841 2086 2898 etiam
2117 2839 2252 2895 ideo
2277 2841 2602 2911 magnavis
2623 2842 3001 2913 proprietatis
3026 2845 3191 2915 quod
3221 2844 3298 2899 ad
3335 2845 3569 2900 anima-

1906 2935 2031 2987 tum
2076 2933 2253 2986 etiam
2281 2933 2339 2983 et
2358 2929 2603 2985 rationis
2632 2930 2931 3002 particeps
2990 2931 3217 2987 animal
3248 2932 3562 3003 pertineat.

1904 3023 1985 3074 Ac
2004 3016 2153 3073 illud
2177 3016 2424 3089 quidem
2445 3018 2830 3073 manifestum
2866 3023 2954 3074 est
3002 3035 3109 3091 per
3138 3020 3564 3091 proprietatem

1902 3106 2057 3163 efﬁci
2090 3111 2153 3162 ut
2172 3105 2425 3161 aliorum
2440 3107 2830 3178 proprietates
2858 3108 3236 3179 copulentur,
3261 3124 3383 3163 non
3412 3110 3560 3180 quia

1903 3196 2017 3251 sint
2043 3194 2345 3256 animalia,
2373 3210 2631 3266 cumqne
2662 3210 2784 3250 non
2811 3196 2936 3250 sine
2958 3198 3185 3252 ratione
3239 3196 3397 3252 istud
3431 3198 3556 3268 ﬁat,

141 3288 359 3345 morbo
387 3288 622 3345 obsistit
636 3304 711 3345 ex
735 3289 849 3345 illis
869 3290 1151 3346 selectum
1169 3290 1459 3347 adhibent
1477 3294 1542 3345 ut
1560 3289 1797 3345 tollatur
1829 3287 1869 3342 C
1901 3300 2125 3340 novum
2143 3283 2332 3339 videri
2343 3298 2465 3339 non
2488 3287 2703 3355 potest.
2722 3285 3156 3357 Verumipsum
3182 3286 3242 3343 in
3274 3302 3336 3342 se
3367 3285 3558 3343 dividi

143 3376 415 3433 morbus.
450 3379 580 3433 Non
620 3376 858 3433 cuilibet
906 3378 1120 3434 morbo
1156 3378 1440 3451 quaelibet
1482 3377 1791 3443 adhibent,

142 3466 414 3538 quamvis
434 3467 861 3538 temperatione
878 3466 1172 3522 differenti
1200 3468 1319 3523 sint
1345 3467 1615 3539 praedita.
1644 3469 1793 3521 Nam

140 3569 267 3627 qua
283 3572 345 3611 re
365 3554 808 3612 diﬂ‘eratvinum
821 3555 1229 3621 avino,oleum
1241 3556 1319 3612 ab
1336 3555 1638 3628 oleo,pom
1647 3571 1748 3610 um
1760 3571 1796 3611 a

140 3660 342 3718 pomo,
365 3644 591 3701 fructus
615 3659 651 3701 a
670 3644 866 3701 fructu
882 3644 1192 3715 diligenter
1211 3644 1590 3714 investigent.
1606 3648 1796 3715 Atque

134 3735 225 3789 ita
254 3750 316 3790 re
337 3733 648 3805 diligenter
676 3749 941 3805 expensa
988 3733 1190 3790 statim
1228 3734 1591 3789 conveniens
1629 3732 1797 3790 adhi-

135 3822 291 3878 bent
316 3822 670 3889 remedium,
700 3828 759 3878 et
786 3821 951 3894 quod
979 3838 1103 3878 non
1131 3826 1223 3878 est
1250 3826 1459 3895 aptum
1488 3825 1798 3877 removent

139 3927 181 3966 a
202 3910 484 3982 praesenti
514 3910 727 3967 morbo
747 3914 804 3966 et
832 3910 931 3967 alii
961 3910 1175 3966 morbo
1228 3909 1531 3966 destinant
1562 3926 1575 3965 :
1603 3910 1797 3975 Quare

140 4000 196 4055 si
227 3999 579 4071 temperatio
595 3998 709 4055 illis
737 4014 858 4056 non
878 4000 1119 4066 inesset,
1149 4014 1346 4071 neque
1375 4000 1554 4055 etiam
1579 3998 1799 4054 inesset

140 4088 502 4161 proprietas.
546 4087 717 4153 Quod
757 4089 806 4144 si
843 4088 1180 4160 proprietas
1220 4088 1475 4155 abesset,
1516 4103 1639 4144 non
1664 4103 1798 4159 pos-

140 4182 283 4233 sent
300 4176 590 4248 prodesse
620 4176 922 4249 aliquibus
944 4178 1188 4249 quidem
1230 4177 1638 4250 aliquomodo,
1665 4177 1796 4233 aliis

140 4281 292 4323 vero
310 4266 568 4337 penitus,
582 4281 690 4322 nec
710 4271 846 4337 apte
876 4272 1388 4338 congruenterque
1414 4267 1800 4322 convenirent

135 4354 448 4427 aliquibus
476 4354 722 4427 quidem
751 4354 954 4427 aliquo
968 4355 1173 4426 modo,
1199 4355 1330 4412 aliis
1353 4372 1494 4412 vero
1520 4355 1796 4428 perfecte.

139 4442 502 4499 Ahsurdum
518 4458 660 4499 vero
685 4442 880 4512 fuerit,
907 4442 955 4499 si
970 4444 1105 4515 quis
1121 4444 1484 4516 pertinacius
1511 4444 1626 4501 hac
1646 4443 1721 4499 de
1736 4459 1798 4500 re

140 4530 510 4588 contendere
537 4530 696 4588 velit.
728 4532 953 4589 Idcirco
978 4532 1197 4589 medici
1226 4548 1386 4604 saepe
1409 4533 1561 4589 inter
1584 4548 1647 4588 se
1675 4548 1799 4589 cer-

1902 3373 2113 3429 eadem
2144 3373 2200 3427 vi
2229 3376 2286 3427 et
2306 3372 2608 3438 uniri,hoc
2621 3373 2865 3429 demum
2887 3390 3115 3430 novum
3146 3380 3253 3441 est,
3284 3375 3451 3447 quod
3474 3382 3558 3432 ta-

1900 3478 2039 3519 men
2067 3461 2280 3518 eadem
2314 3467 2644 3534 proprietas
2670 3463 2848 3519 efﬁcit
2875 3470 2933 3519 et
2959 3468 3216 3535 praestat.
3244 3467 3393 3521 Nam
3422 3481 3559 3537 pro-

1901 3553 2178 3625 prietates
2200 3552 2632 3608 elementorum
2662 3559 2802 3609 sunt
2830 3559 3047 3611 natura
3077 3555 3460 3627 posteriores.
3490 3561 3564 3613 At

1904 3642 2409 3714 temperationum
2436 3641 2827 3714 proprietates
2848 3647 2903 3699 et
2921 3644 2982 3699 in
3008 3644 3319 3701 elementis
3346 3649 3403 3701 et
3420 3662 3562 3701 cum

1902 3730 2210 3787 elementis
2242 3736 2399 3786 sunt.
2436 3734 2828 3803 Proprietates
2886 3749 3027 3789 vero
3070 3733 3398 3790 humorum
3426 3738 3566 3791 sunt

1905 3836 2042 3875 cum
2072 3820 2606 3892 temperationibus
2634 3826 2813 3893 atque
2838 3822 2990 3878 adeo
3006 3838 3145 3877 cum
3169 3822 3558 3879 animalibus.

1906 3909 2235 3981 Proprietas
2248 3908 2507 3981 denique
2517 3915 2605 3965 est
2621 3910 2864 3981 ubique.
2883 3914 3019 3966 Nam
3034 3912 3365 3981 proprietas
3377 3927 3561 3967 secun

1904 3998 2052 4053 dum
2079 3998 2140 4052 id
2161 3998 2326 4069 quod
2342 4004 2433 4053 est
2452 3998 2645 4067 magis
2671 3998 2977 4070 copulabit
2993 4004 3214 4054 terram
3232 4005 3289 4054 et
3307 4014 3556 4071 aquam,

1905 4086 2107 4156 ignem
2133 4090 2188 4142 et
2213 4102 2435 4155 aerem,
2464 4102 2687 4158 aquam
2701 4094 3141 4160 etaerem,quae
3160 4088 3405 4159 quidem
3435 4091 3558 4143 tota

1907 4192 2043 4232 cum
2073 4176 2207 4231 totis
2229 4175 2586 4247 copulantur
2610 4175 2774 4231 nullo
2789 4175 3181 4232 intercedente
3203 4177 3422 4244 medio,
3451 4191 3558 4232 seu

1907 4266 2039 4338 ipsa
2061 4280 2267 4321 secum
2287 4281 2393 4337 per
2419 4264 2825 4321 secundumid
2850 4266 3015 4338 quod
3045 4267 3237 4335 magis
3268 4271 3355 4323 est
3373 4271 3429 4322 et
3448 4267 3559 4322 mi-

1907 4371 2043 4411 nus.
2057 4357 2271 4425 Magna
2283 4354 2561 4425 estigitur
2572 4356 2951 4427 proprietatis
2967 4355 3056 4410 vis
3070 4354 3408 4412 etfacultas.
3425 4359 3559 4411 Haec

1909 4445 2056 4499 enim
2070 4444 2312 4516 proprio
2326 4444 2499 4499 modo
2511 4460 2614 4515 per
2626 4445 3078 4517 temperationes
3087 4446 3272 4501 univit
3283 4445 3561 4500 elementa

1908 4548 2039 4588 cum
2061 4531 2473 4599 animantibus,
2506 4534 2982 4607 quandoquidem
3023 4536 3473 4607 temperationes
3504 4540 3562 4591 et

137 4624 281 4679 tant
304 4624 361 4676 et
387 4619 619 4677 diverse
660 4621 928 4678 miscent.
975 4621 1277 4694 Quidquid
1305 4626 1513 4679 contra
1537 4621 1636 4678 illa
1663 4637 1799 4693 quae
1831 4645 1874 4698 ι)
1908 4622 2193 4678 elementa
2223 4622 3152 4695 lapidibus,metallis,velleribus
3166 4630 3220 4679 et
3241 4624 3459 4694 plantis
3472 4624 3561 4679 in-

140 4709 417 4765 diximus
436 4708 737 4778 aﬂ'eratur,
766 4715 852 4765 est
873 4709 1222 4781 temperatio
1247 4715 1427 4781 atque
1466 4709 1799 4781 proprietas

140 4798 211 4854 in
230 4796 558 4871 lapidibus,
585 4797 840 4854 metallis
880 4803 936 4855 et
974 4798 1212 4869 plantis.
1255 4801 1403 4855 Nam
1424 4799 1799 4870 temperatio-

144 4902 294 4943 nem
324 4901 463 4943 cum
485 4886 913 4958 temperatione
945 4886 1153 4943 miscet
1176 4888 1528 4959 proprietas,
1561 4887 1797 4961 eadem-

141 4991 268 5048 que
302 4982 542 5047 separat
561 4976 1055 5047 temperationem
1076 4992 1113 5032 a
1163 4977 1610 5048 temperatione.
1635 4979 1800 5034 Tem-

140 5064 489 5138 perationes
500 5065 653 5120 enim
678 5069 815 5122 sunt
826 5065 886 5120 in
898 5070 1112 5122 natura
1127 5083 1140 5121 :
1154 5066 1432 5136 quoniam
1445 5067 1803 5138 participant

140 5154 316 5211 illam
338 5155 930 5227 communicentque,
944 5155 1465 5226 quemadmodum
1481 5156 1658 5212 etiam
1690 5156 1804 5212 ele-

141 5247 379 5302 menta.
411 5244 525 5300 Sed
540 5243 875 5316 proprietas
891 5243 1385 5299 communitatem
1414 5243 1581 5300 illam
1592 5243 1803 5301 distra-

145 5332 241 5389 bit
263 5332 329 5389 in
341 5339 564 5405 partes.
579 5337 791 5405 Magna
802 5335 960 5392 enim
974 5338 1062 5390 est
1074 5334 1451 5406 proprietatis
1464 5334 1557 5390 vis
1577 5340 1634 5390 et
1645 5335 1803 5391 miri-

148 5422 294 5492 ﬁca,
321 5438 458 5494 qum
487 5438 613 5481 non
643 5422 841 5480 solum
863 5422 1094 5496 lapides
1116 5439 1152 5480 a
1207 5423 1461 5479 metallis
1483 5429 1539 5480 et
1562 5424 1803 5495 plantas

151 5509 234 5568 ab
266 5510 421 5583 aliis,
450 5516 508 5573 et
535 5527 572 5571 a
608 5511 830 5585 plantis
874 5512 977 5571 illa
1026 5526 1164 5586 qua
1219 5512 1406 5568 ὃτιεοὶ
1443 5510 1680 5584 ξωόφυτα
1705 5529 1806 5585 ap-

148 5599 402 5672 pellant,
455 5606 697 5674 separat
743 5617 851 5675 per
896 5601 1388 5675 temperationem
1429 5616 1569 5674 quae
1628 5604 1717 5658 est
1744 5601 1806 5657 iu

150 5689 634 5764 uinuscujusque
658 5691 748 5753 rei
771 5707 1009 5765 genere,
1034 5692 1210 5763 cujus
1262 5690 1552 5749 nimirum
1578 5690 1808 5763 species

1910 4714 2223 4768 sunt.Nam
2235 4712 2338 4767 ubi
2349 4717 2437 4768 est
2450 4713 2790 4785 temperatio
2802 4713 2884 4768 ibi
2898 4713 3077 4769 etiam
3092 4718 3230 4768 sunt
3243 4712 3557 4778 elementa,

1908 4800 2187 4871 quoniam
2203 4800 2263 4856 in
2275 4816 2398 4872 quo
2410 4800 2693 4857 elementa
2704 4802 2764 4857 in
2776 4817 2846 4857 eo
2859 4801 3029 4856 etiam
3041 4804 3180 4855 sunt
3194 4799 3561 4869 temperatio-

1910 4904 2033 4943 nes.
2057 4893 2253 4959 Porro,
2272 4890 2354 4944 uti
2372 4888 2653 4955 diximus,
2674 4889 2897 4961 duplex
2915 4894 3000 4943 est
3027 4887 3405 4959 temperatio;
3436 4903 3558 4944 una

1911 4976 2217 5033 elementis
2233 4979 2404 5048 inest,
2428 4978 2553 5033 haec
2571 4978 2729 5033 enim
2749 4979 2811 5032 in
2828 4977 3120 5059 seseinter
3141 4993 3205 5031 se
3223 4976 3560 5048 suscipiunt

1910 5066 2353 5131 admistionem,
2374 5066 2559 5121 altera
2577 5065 2825 5134 singulis
2842 5081 2976 5137 quae
2988 5082 3061 5121 ex
3077 5065 3402 5136 elementis,
3418 5083 3558 5122 con-

1911 5159 2088 5222 stant,
2115 5155 2260 5226 quia
2276 5156 2407 5226 ipsa
2423 5170 2666 5225 quoque
2683 5154 2919 5225 singula
2935 5170 3007 5210 ex
3029 5155 3354 5224 elementis,
3378 5157 3558 5213 inter-

1910 5243 2259 5300 cedentibus
2286 5243 2835 5315 temperationibus,
2869 5249 3007 5300 sunt
3036 5246 3389 5316 composita.
3422 5249 3561 5318 Ipsa

1912 5349 2051 5389 vero
2080 5331 2410 5405 proprietas
2438 5349 2578 5388 cum
2607 5333 2850 5405 proprio
2880 5338 2938 5389 et
2974 5334 3258 5406 peculiari
3287 5335 3471 5391 modo
3500 5335 3564 5390 in

1913 5421 2274 5479 animalibus
2303 5420 2598 5479 elementa
2627 5428 3036 5495 temperasset,
3070 5424 3131 5479 in
3155 5440 3355 5480 rerum
3387 5429 3562 5480 natu-

1911 5527 2046 5567 ram
2060 5510 2161 5568 illa
2176 5510 2478 5583 produxit,
2502 5516 2683 5585 atque
2708 5511 2820 5567 illis
2845 5512 3193 5576 essentiam,
3227 5512 3565 5575 materiam,

1913 5600 2187 5673 inquam,
2218 5600 2404 5658 dedit.
2428 5602 2657 5658 Etenim
2680 5601 2810 5658 aliis
2835 5617 2943 5675 per
2964 5602 3424 5673 temperationes
3447 5599 3573 5655 vel-

1915 5690 2004 5747 uti
2017 5689 2212 5748 fonset
2225 5690 2396 5760 origo
2415 5690 2712 5748 elementa
2755 5690 3066 5746 exsistunt.
3088 5691 3239 5747 Nam
3271 5692 3571 5761 tempera-

3668 12 3823 65 ’.ἔλθω
3876 52 3895 67 ν

3704 62 3905 107 ἐθσηέῖῒῆ

3712 134 3717 135 ,
3756 132 3767 139 .
3798 120 3809 135 ι

3702 152 3751 191 1“.
3826 164 3835 193 »ι
3858 156 3891 217 »ι
3950 176 3959 193 ι’

3726 220 3729 221 ,
3902 200 3961 263 λθιῆ

3836 272 3841 279 κ
3902 280 3907 283 -
3946 272 3959 289 ε

3764 366 3775 375 ι
3804 360 3807 365 ⁴
3834 364 3839 375 ι

3814 424 3825 465 η’
3924 428 3967 459 ἓν

3870 488 3883 499 .I
3922 486 3931 491 '
3952 490 3969 501 κ.

3860 524 3863 527 .
3904 524 3911 535 Ι
3952 520 3961 527 ι

3832 538 3839 543 .
3912 534 3975 597 lg?-

3874 612 3875 615 η
3950 604 3963 617 -Ι

3938 696 3963 719 ἴε

3888 720 3961 767 .,ξ

3916 772 3967 821 [ξι

3866 840 3913 865 λιν
3934 838 3969 853 .r,

3916 900 3963 981 *ἓ

3914 1048 3961 1099 ..ν

3906 1144 3911 1149 .
3948 1114 3987 1149 .‘:*

3944 1220 3989 1243 γι,

3870 1402 3877 1413 -
3932 1382 3961 1429 Α

3928 1534 3935 1545 ι
3960 1526 3991 1553 νγ,

3872 1564 3877 1567 .
3908 1562 3919 1573 φ
3964 1566 3967 1571 ,

3928 1606 3975 1663 ’i

3926 1656 3963 1677 ,ι
3988 1670 3993 1675 ε

3864 1778 3869 1779 ,
3928 1794 3935 1801 ν
3956 1772 4003 1803 ἡκ,

3900 1806 3909 1809 -
3936 1806 3989 1819 ν...

3946 1826 3987 1861 '3-

3842 1872 3845 1873 '
3946 1864 3969 1913 ξξ

3958 2034 3965 2047 θ

3908 2108 3917 2127 ι
3946 2082 3967 2121 ὲν

3954 2136 3987 2155 ’4

3924 2192 3933 2203 κ
3958 2166 4001 2213 ,ἦ

3952 2284 3963 2287 “
3990 2290 4009 2323 ,ι

3946 2358 3981 2391 ιϊ

3934 2520 4015 2559 [λέ

3776 2586 3779 2587 ν
3950 2558 3971 2579 ἦ
3994 2562 4013 2575 7‘

3970 2782 4015 2825 .si

4000 3718 4039 3761 -η

3984 3798 4039 3835 δ(

4032 3866 4039 3881 ι

4024 3910 4043 3933 δι

4004 4070 4033 4093 ‘-

4034 4164 4047 4197 ἲ

4036 4510 4051 4525 ιι

4048 4624 4066 4651 Ἶ
