4066 6212
3170 82 3177 89 Α

3236 116 3241 119 Δ
3248 104 3285 119 ν’ς

3484 172 3495 179 .Α

597 376 732 430 (295
2135 354 2469 423 ΑΗΒΕΝΠᾹ
3813 380 3908 435 i296

590 518 645 551 τε
671 503 846 552 καὶτὸ
902 500 1075 557 ἧττον.
1107 494 1270 553 Πολλὴ
1339 493 1462 564 γοῦν
1535 492 1683 550 ἡστιν
1739 492 1769 551 ἠ
1826 498 1919 551 τῆς
1983 486 2241 552 ἰδιότητος
2272 493 2320 546 Δ
2349 487 2410 543 δέ
2448 491 2598 552 ζώοις
2635 491 2741 564 οὐχ
2780 490 2939 555 οὕτως
3004 493 3243 569 ὗπαρξις,
3310 493 3437 547 ἀλλὰ
3498 499 3638 569 φύσις
3818 514 3914 557 κινεῖ

593 588 834 662 δύναμις*
867 589 997 645 αὕτη
1042 586 1143 658 γαρ
1209 580 1494 644 ἱδιοτύπως
1556 586 1644 634 καὶ
1697 588 1806 643 τοῖς
1881 584 2036 645 ζῶόις
2073 585 2240 640 ἦνωσε

587 682 652 731 τὰ
711 684 953 749 στοιχεῖα
1019 672 1113 727 διὰ
1168 682 1267 725 τῶν
1341 674 1594 746 κράσεων,
1658 666 1838 729 ἐπειδὴ
1916 675 2006 723 καὶ
2076 669 2240 732 λὶθοις

585 772 675 819 καὶ
748 764 1015 839 μετάλλοις
1076 768 1165 815 καὶ
1228 761 1384 834 ἐρίοις
1470 765 1560 813 καὶ
1628 768 1808 832 φυτοῖς
1873 765 1962 813 καὶ
2028 762 2239 835 κράσεις

584 860 673 907 καὶ
713 856 956 927 στοιχεῖά
1021 858 1168 906 εἰσιν·
1235 851 1362 903 ὃπου
1427 853 1527 923 γὰρ
1587 850 1799 923 κράσεις
1844 868 1933 901 και
1973 856 2235 921 στοιχεῖα,

583 946 664 997 ὃτι
706 946 834 999 ὅπου
890 949 1151 1015 στοιχεῖα,
1184 945 1274 994 καὶ
1327 941 1555 1009 κράσεις.
1625 943 1777 997 Διττὴ
1823 935 1882 991 δὶ
1919 939 1947 996 ἡ
1983 944 2172 1011 κρᾶσις
2203 940 2232 997 ἢ

583 1054 635 1088 τε
686 1035 734 1086 ἐν
790 1037 1091 1106 στοιχείοις·
1171 1038 1339 1084 ταῦτα
1408 1032 1509 1104 ’γὰρ
1560 1034 1649 1081 καὶ
1706 1031 1869 1100 μικτά
1907 1028 1977 1090 εἰς
2029 1028 2186 1080 ἑαυτά
2217 1045 2232 1058 ο

582 1129 671 1177 καὶ
730 1124 758 1182 ἡ
828 1122 874 1174 ἐν
935 1130 1043 1183 τοῖς
1109 1120 1165 1173 ἐκ
1212 1129 1313 1173 τῶν
1381 1123 1659 1190 στοιχείων
1724 1120 2083 1184 καθεκάστοις,
2156 1120 2235 1170 ότι

580 1219 670 1266 καὶ
734 1220 900 1265 ταῦτα
965 1212 1019 1264 ἐκ
1115 1214 1393 1283 στοιχείων
1461 1209 1563 1261 εἰσί
1630 1205 1723 1261 δια
1814 1216 1911 1260 τῶν
1976 1210 2233 1283 κράσεων.

581 1300 898 1377 ἰδιοτρόπως
966 1298 1024 1353 δὲ
1093 1297 1185 1353 διά
1248 1308 1348 1351 τῶν
1414 1306 1603 1370 χυμῶν
1667 1300 1732 1349 τὰ
1790 1305 2034 1369 στοιχεῖα
2107 1298 2231 1371 κρά-

580 1411 742 1457 σασα,
807 1399 912 1453 τοῖς
994 1391 1144 1451 ζὼοις
1208 1391 1238 1448 ἡ
1347 1385 1552 1450 ἰδιότης
1611 1390 1749 1462 ἔφερε
1821 1389 1914 1443 τήν
1979 1390 2231 1445 ὅντότητα

578 1484 793 1550 ταύτην,
862 1484 956 1537 τὴν
1012 1476 1083 1531 δι’
1152 1478 1275 1539 ὕλης
1334 1481 1495 1549 φημί·
1560 1483 1665 1535 τοῖς
1720 1478 1809 1548 μεν
1875 1476 1976 1549 γὰρ
2038 1475 2230 1549 ἑτέροις

578 1573 723 1640 πηγὴ
784 1570 849 1620 τὰ
915 1568 1156 1638 στοιχεῖά
1196 1564 1297 1618 εἰσι
1373 1561 1467 1616 διὰ
1529 1572 1626 1616 τῶν
1691 1565 1922 1638 κράσεων
1963 1579 1977 1595 ⁸
2037 1570 2228 1636 κρᾶσις

577 1661 677 1730 γάρ
714 1654 1008 1709 διαστέλλει
1059 1654 1107 1706 ἐν
1161 1650 1388 1711 ίδιοτητι
1451 1658 1540 1705 καὶ
1589 1655 1856 1727 φάρμακον
1921 1657 2011 1704 καὶ
2069 1656 2225 1725 φυτόν

578 1750 668 1798 καὶ
728 1744 867 1798 λίθον
935 1749 1022 1795 κκί
1087 1742 1354 1816 μέταλλον,
1424 1744 1503 1795 ὅτι
1568 1750 1745 1802 κοινῶς
1808 1744 1864 1793 εκ
1928 1747 2222 1813 στοιχείων,

2346 583 2414 633 τὰ
2449 588 2711 654 στοιχεῖα,
2748 582 2885 636 αὐτὰ
2936 580 2995 636 δε
3050 587 3284 658 τροιφὰς,
3326 588 3380 638 αἱ
3417 592 3595 659 τροφὰι
3645 585 3697 641 δὲ
3736 598 3911 663 χυμοὺς,

2346 668 2401 722 ἐκ
2431 680 2629 744 τροφῶν
2693 668 2753 724 δε
2807 677 2897 725 καὶ
2960 683 3149 746 χυμῶν
3209 678 3277 727 τὰ
3339 678 3445 739 ζῶά
3505 674 3628 742 ἐστι,
3687 686 3799 732 κατά
3847 688 3913 752 μέν

2343 764 2435 818 τὴν
2475 759 2649 836 ἀρχὴν
2713 761 2768 813 ἐκ
2828 771 3017 835 χυμῶν
3077 766 3223 839 παρὰ
3284 773 3382 816 τῶν
3451 772 3726 838 στοιχείων,
3782 773 3914 823 ἒπειτα

2346 845 2405 902 δε
2442 849 2499 902 ἐκ
2536 858 2737 926 τροφῶν
2774 857 2863 904 καὶ
2900 860 3111 926 χυμῶν,
3177 854 3310 912 πλὴν
3350 850 3411 908 δε
3450 850 3542 907 διὰ
3575 865 3661 919 τῆς
3712 860 3910 931 κράσεως.

2345 938 2456 992 Οὐκ
2511 941 2571 991 οἷν
2637 960 2760 994 ποτε
2814 943 2913 1014 γάρ
2952 961 3032 1004 τις
3097 946 3214 995 νοὺν
3294 946 3430 1015 ἔχων
3488 946 3604 1018 ἄτερ
3682 952 3829 1005 νοήσει
3875 970 3913 1002 τι

2342 1026 2592 1102 κράσεως,
2656 1034 2827 1083 τοίνυν
2893 1031 2981 1083 οὖν
3036 1038 3146 1093 τοῖς
3201 1034 3292 1105 μεν
3360 1039 3579 1105 πρώτοις
3661 1037 3720 1087 τὰ
3772 1034 3913 1089 ἁπλοῦς

2343 1139 2504 1193 στερα
2538 1128 2804 1194 προσεχῆ,
2843 1127 2947 1181 τοῖς
2987 1116 3045 1173 δε
3104 1121 3279 1195 πόρρω
3345 1118 3440 1174 διὰ
3489 1128 3580 1181 τὴν
3616 1132 3706 1175 τῶν
3738 1128 3911 1197 κράσεων

2338 1208 2547 1261 πλείονα
2610 1207 2893 1276 ποικιλίαν,
2974 1208 3279 1283 ποῤῥῶτέρω
3370 1210 3475 1263 εἰσί
3538 1214 3600 1264 τὰ
3842 1220 3912 1267 Καὶ

2340 1301 2439 1372 γὰρ
2481 1295 2586 1350 ἔδει
2641 1300 2722 1350 ότι
2779 1306 2932 1351 τοῦτο
2998 1297 3124 1351 εἶναι
3185 1307 3448 1352 τοτοῦτον·
3500 1304 3565 1353 τὰ
3743 1306 3826 1376 γὰρ
3848 1310 3911 1375 μέ.

2337 1388 2517 1455 ταλλα,
2581 1392 2670 1440 καὶ
2717 1387 2853 1440 λίθοι
2889 1392 2979 1441 καὶ
3033 1389 3188 1460 φυτὰ,
3229 1393 3318 1441 καὶ
3366 1388 3605 1461 λαχάνων
3658 1393 3803 1463 ἑσμοὶ,
3848 1396 3909 1444 καὶ

2336 1482 2561 1554 χόρτων,
2613 1482 2704 1530 καὶ
2759 1480 2893 1530 ὅσων
2958 1478 3018 1530 ἁν
3075 1498 3155 1540 τις
3221 1482 3335 1551 εῖπῄ
3408 1479 3648 1552 ἀψύχων,
3700 1483 3905 1555 ὑγρότητι,

2335 1564 2661 1640 ψυχρότητι,
2757 1565 3030 1639 ξηρότητι,
3119 1570 3397 1638 μανότητι,
3464 1567 3566 1620 εἰσί
3616 1587 3666 1620 τε
3721 1573 3795 1620 καὶ
3844 1568 3907 1619 ἆλ-

2333 1654 2595 1707 λοιοῦνται
2658 1659 2748 1707 καὶ
2812 1654 3031 1718 αὔξουσι
3092 1661 3183 1708 καὶ
3247 1659 3484 1728 μενουσυ
3546 1660 3650 1719 ζῶα
3695 1654 3747 1709 δέ
3798 1661 3905 1728 φύσις

2334 1742 2427 1795 οὐκ
2462 1742 2668 1815 ἀμίσως
2706 1743 2761 1795 ἐκ
2797 1747 2962 1817 πυρὸς
3020 1748 3108 1796 καὶ
3165 1743 3311 1818 ἀέρος
3364 1750 3456 1797 καὶ
3511 1741 3691 1805 ὕδατος
3734 1751 3805 1797 καὶ
3838 1754 3905 1816 γῆς

578 1837 641 1887 Εἰ
689 1830 741 1887 δ’
803 1829 1113 1906 ὰναδράμης
1179 1831 1279 1885 ἀπό
1338 1841 1428 1892 τῆς
1476 1834 1695 1904 φύσεως⁸
1759 1827 1961 1893 ἰδιότης
2002 1827 2061 1884 δέ
2122 1838 2225 1892 τοῖς
2262 1844 2301 1899 Β
2336 1828 2427 1885 δια
2450 1842 2545 1891 τῆν
2599 1836 2833 1908 κράσεων
2898 1836 3084 1908 ἓκρασε
3140 1837 3229 1886 καὶ
3285 1832 3548 1901 ἐποίησεν,
3609 1833 3707 1886 ἀλλ’
3764 1834 3805 1897 ἐξ
3844 1835 3903 1885 ari-

578 1924 735 1985 ζώοις
796 1926 850 1975 ὲκ
923 1941 1197 1994 στοιχειων
1261 1923 1589 1993 γεννηθέντας
1649 1924 1859 1993 χυμοὺς
1947 1920 2068 1987 ἑνοῖ,
2135 1941 2225 1973 και

574 2016 790 2074 τούτους
846 2012 940 2065 οὐκ
979 2011 1205 2084 ἀμέσως,
1272 2010 1377 2062 ἀλλ’
1458 2009 1512 2062 ἐκ
1576 2018 1772 2082 τροφῶν
1837 2013 1970 2062 κατά
2037 2016 2225 2084 κρᾶσιν

574 2105 940 2179 ἐναργεστέραν
1005 2106 1114 2168 καὶ,
1182 2102 1304 2153 ὅσον
1369 2108 1468 2152 τῶν
1535 2098 1759 2171 ἀψύχων
1824 2106 1920 2160 τῆς
1965 2101 2219 2174 κράσεως,

572 2196 909 2265 τιμιωτέραν.
958 2198 1042 2243 Δεῖ
1096 2192 1198 2263 γὰρ
1248 2193 1404 2249 οὕτως
1462 2186 1589 2241 εἶναι
1653 2196 1838 2254 ταῦτα,
1901 2192 1981 2241 ὅτι
2038 2190 2067 2247 ἠ
2133 2191 2222 2261 φύο

574 2301 658 2343 σις
712 2281 845 2340 απλῆ
914 2279 1044 2347 ἑστι,
1115 2282 1433 2352 θεωρουμένη
1497 2282 1885 2351 μεμονωμένως,
1946 2282 2009 2336 τη
2080 2297 2223 2330 στοι-

575 2368 700 2441 χεῖα
738 2367 797 2423 δε
836 2370 894 2422 οὔ
944 2371 1108 2442 μικτά
1144 2368 1259 2421 καθ’
1323 2370 1476 2435 αὑτὰ,
1518 2370 1651 2440 ὅμως
1691 2364 1750 2420 δέ
1803 2386 1862 2438 γε
1923 2369 2104 2432 μικτὰ,
2141 2368 2222 2419 ὅτι

572 2462 701 2533 πρός
768 2459 920 2525 αὐτὰ,
988 2460 1057 2519 ῶς
1119 2461 1346 2530 εἴπομεν,
1406 2462 1703 2529 μίγνυνται·
1746 2456 1802 2508 αἰ
1864 2452 1923 2509 δὲ
1984 2458 2218 2530 κράσεις,

570 2549 758 2600 καθότι
821 2547 927 2619 οὐχ
986 2547 1103 2613 ὖλη,
1161 2543 1285 2598 οὐδὲ
1346 2550 1550 2618 μικταὶ,
1617 2546 1695 2598 ὃτι
1760 2542 1819 2597 δὲ
1884 2550 2030 2597 ποιαί
2088 2564 2221 2606 τινες

571 2638 908 2709 ὑπάρχουσιν
986 2632 1264 2703 ἰδιότητες,
1330 2640 1419 2686 καὶ
1497 2636 1712 2706 σχεσεις
1775 2636 2071 2705 κινούμεναι
2131 2639 2221 2687 καὶ

569 2730 888 2798 μιγνύουσαι
918 2729 982 2779 τὰ
1019 2725 1167 2801 ἕτερα
1202 2722 1429 2778 τοιῶσδε
1482 2728 1513 2784 ἤ
1572 2719 1813 2795 τόιῶσδε,
1874 2728 2094 2796 μικαταὶ
2133 2720 2167 2776 δ
2173 2728 2219 2777 ιό

570 2820 706 2869 κατὰ
737 2817 939 2891 πρῶτον
1004 2822 1094 2869 καὶ
1158 2815 1534 2887 ἀπλοίκώτερον
1591 2818 1800 2887 τρόπον·
1842 2815 1909 2866 τά
1969 2833 2024 2867 τε
2086 2816 2220 2885 φυτὰ

567 2907 635 2957 τά
670 2924 725 2959 τε
762 2904 989 2978 μέταλλα
1027 2908 1094 2958 τά
1129 2924 1184 2957 τε
1237 2903 1367 2956 ἄλλα
1426 2904 1461 2955 ά
1523 2907 1832 2979 προείπομεν
1899 2901 1954 2954 ἐκ
2018 2906 2219 2975 φύσεως

566 2997 712 3069 παρὰ
748 3003 846 3047 τῶν
910 3000 1185 3067 στοιχείων
1251 2990 1346 3046 διὰ
1408 3001 1507 3045 τῶν
1568 2994 1799 3067 κράσεων
1864 2990 2217 3064 λαμϐάνουσιν

2336 1928 2431 1973 τῶν
2469 1917 2562 1974 διὰ
2620 1926 2777 1993 μέσον
2838 1930 3027 1995 χυμῶν
3089 1927 3178 1974 καὶ
3222 1925 3358 1975 κατὰ
3422 1927 3513 1995 μεν
3558 1927 3644 1981 τὴν
3695 1922 3835 1997 ἀρχὴν
3868 1922 3904 1973 ἐκ

2331 2018 2539 2083 χυμῶν,
2590 2013 2767 2063 ἔπειτα
2824 2008 2883 2063 δε
2946 2030 3231 2069 συνιστησι
3291 2019 3460 2064 ταῦτα
3512 2009 3604 2065 διὰ
3652 2021 3809 2085 χυμῶν
3843 2016 3902 2062 καὶ

2332 2108 2528 2173 τροφῶν
2590 2105 2680 2152 καὶ
2730 2098 2905 2174 πόρρω
2972 2104 3253 2172 στοιχείων
3320 2104 3392 2162 ὡς
3450 2103 3624 2174 ἀρχῶν
3660 2103 3902 2156 όντων.11ιῡ

2331 2191 2432 2264 γὰρ
2473 2187 2521 2240 ἐν
2563 2193 2720 2264 σαρκί
2748 2197 2840 2260 γῆ,
2872 2196 2972 2241 ποῦ
3022 2186 3081 2241 δὲ
3119 2196 3245 2262 πῦρ,
3304 2197 3407 2243 ποῦ
3459 2186 3518 2243 δι
3581 2186 3733 2263 ὕδωρ,
3772 2185 3902 2242 mili:

2333 2276 2455 2353 ἀὴρ,
2525 2286 2587 2337 τῆ
2651 2281 2740 2350 μὲν
2796 2278 3037 2338 αἰσθήσει
3092 2284 3183 2331 καὶ
3253 2288 3316 2339 τῆ
3383 2283 3621 2337 ποιότητι
3670 2279 3823 2351 ἀφανῆ,
3861 2286 3897 2335 τέ

2335 2364 2386 2420 δ’
2417 2366 2632 2440 ἀληθείᾳ
2668 2369 2894 2440 γνωστά·
2963 2371 3075 2420 ἔστι
3142 2370 3242 2441 γὰρ
3297 2374 3389 2421 καὶ
3449 2377 3550 2443 πῦρ
3614 2374 3695 2421 καὶ
3740 2368 3818 2442 ἀὴρ
3846 2368 3901 2417 καὶ

2332 2453 2475 2530 ὕδωρ
2523 2461 2612 2509 καὶ
2666 2466 2733 2529 γῆ
2798 2459 2846 2509 ἓν
2898 2457 3058 2529 αὐτῇ·
3116 2456 3365 2520 λυθείσης
3426 2460 3527 2532 γὰρ
3576 2462 3761 2520 ταύτης,
3804 2455 3900 2508 λύον·

2330 2565 2417 2599 ται
2457 2551 2506 2599 οἰ
2530 2551 2720 2619 χυμοὶ,
2762 2548 2882 2618 ὅπερ
2940 2543 3202 2621 πρόδηλον
3236 2563 3250 2577 ·
3311 2547 3546 2610 λυθέντες
3582 2544 3638 2600 δε
3686 2549 3728 2599 οἰ
3763 2550 3896 2618 χυμοὶ,

2331 2634 2403 2698 εἰς
2438 2638 2504 2689 τὰ
2558 2634 2612 2699 ἕξ
2667 2637 2734 2687 ὧν
2783 2638 3096 2707 συνάγονται
3146 2638 3468 2708 σύγκεινται,
3527 2638 3651 2689 ὥστε
3703 2640 3777 2688 καὶ
3810 2654 3896 2707 στρ·

2328 2728 2417 2787 κός
2477 2727 2642 2787 οὔσης
2702 2729 3058 2798 συνιταμίνοις
3125 2722 3219 2778 διὰ
3298 2734 3491 2799 χυμῶν
3552 2724 3606 2777 ἐκ
3660 2728 3793 2799 πυρός
3838 2728 3895 2773 καὶ

2327 2822 2421 2886 ’γῆς
2458 2819 2548 2867 καὶ
2585 2813 2733 2889 ἀέρος
2786 2820 2875 2867 καὶ
2940 2810 3154 2881 ὑδατος,
3217 2816 3455 2889 ὑπάρχει
3492 2818 3521 2874 ἡ
3589 2814 3733 2876 αὐτῆς
3786 2817 3894 2883 ὕπαφ-

2330 2903 2421 2975 ξις,
2454 2902 2518 2967 ἐξ
2553 2904 2620 2956 ὧν
2661 2904 2764 2957 εἰσι
2800 2908 2891 2956 καὶ
2929 2905 2979 2956 οἱ
3016 2909 3206 2977 χυμοί.

2401 2992 2469 3054 ζ’.
2517 2992 2605 3046 Ἐκ
2650 2997 2816 3069 πυρός
2886 3000 3011 3065 ’γοῦν
3067 3013 3158 3046 και
3233 2991 3383 3068 ἀέρος
3467 2997 3557 3047 καὶ
3635 2990 3795 3050 ὕδατος
3837 2993 3891 3039 καὶ

566 3083 807 3158 ὕπαρξιν,
848 3086 918 3146 ὡς
982 3082 1312 3158 ἁπλούστερα
1367 3090 1466 3135 τῶν
1529 3081 1672 3142 ζώων
1728 3082 1864 3133 κατὰ
1917 3080 2069 3146 πολὺ,
2114 3087 2220 3141 τοίς
2258 3078 2422 3155 Ογῆς
2492 3086 2521 3143 ἡ
2609 3086 2763 3156 φύσις
2825 3080 2918 3136 διὰ
2988 3092 3177 3157 χυμῶν
3254 3092 3362 3146 τοῖς
3414 3086 3566 3146 ζώοις
3613 3087 3697 3141 τὴν
3737 3079 3889 3152 ὕπαρξιν

567 3265 646 3322 tio
673 3278 783 3339 per
800 3261 1227 3335 proprietatem
1247 3259 1558 3330 distinguit
1585 3274 1655 3316 ac
1672 3260 1912 3332 separat
1930 3257 2216 3330 pharma-
2256 3255 2295 3310 C
2328 3261 2776 3333 temperatione.
2829 3260 3233 3327 Quamobrem
3305 3261 3518 3334 primis
3553 3259 3769 3333 quidem
3797 3256 3888 3311 sunt

566 3369 717 3420 cum,
740 3352 1030 3427 plantam,
1060 3349 1325 3423 lapidem
1340 3354 1398 3405 et
1428 3348 1752 3415 metallum,
1776 3347 1920 3420 quia
1947 3361 2218 3403 commu-

562 3442 713 3500 niter
741 3457 813 3498 ex
835 3439 1144 3498 elementis
1195 3442 1490 3495 constant.
1534 3437 1593 3494 Si
1642 3452 1783 3494 vero
1831 3435 2216 3506 digrederisa

562 3530 1135 3603 natura,proprietas
1147 3527 1207 3584 in
1221 3526 1620 3584 animantibus
1633 3526 1863 3582 adunat
1872 3528 2215 3598 procreatos

563 3635 634 3677 ex
648 3618 944 3676 elementis
956 3618 1252 3685 humores,
1266 3616 1449 3689 idque
1462 3632 1583 3672 non
1595 3615 1825 3688 absque
1836 3612 2211 3682 intermedio,

562 3710 664 3765 sed
694 3708 1030 3765 secundum
1055 3705 1548 3779 temperationem
1579 3721 1652 3761 ex
1677 3703 1971 3760 alimentis
2002 3718 2072 3758 eo
2098 3701 2213 3758 evi-

561 3798 892 3855 dentiorem
906 3812 1028 3869 quo
1040 3802 1128 3851 est
1146 3795 1520 3867 praestantior
1532 3793 1952 3867 temperatione
1963 3791 2063 3849 illa
2076 3808 2208 3864 quas

557 3887 901 3945 inanimatis
930 3886 1105 3942 inest.
1136 3884 1223 3941 Ita
1242 3900 1377 3940 esse
1390 3883 1636 3940 omnino
1654 3898 1899 3940 necesse
1917 3885 2029 3939 est.
2060 3884 2209 3937 Nam

556 3982 773 4034 natura
805 3974 1061 4048 simplex
1090 3978 1196 4042 est,
1230 3978 1293 4030 ut
1319 3989 1449 4047 quae
1480 3972 1737 4029 solitarie
1775 3971 2205 4027 consideratur.

554 4066 858 4123 Elementa
904 4079 1049 4121 vero
1098 4079 1206 4136 per
1254 4078 1317 4119 se
1371 4061 1791 4118 admistionem
1839 4075 1962 4116 non
2021 4059 2206 4115 susci-

552 4156 741 4227 piunt,
771 4170 979 4210 verum
1008 4155 1260 4225 possunt
1312 4150 1634 4223 suscipere,
1679 4149 1969 4222 quoniam
1999 4164 2205 4205 secum

550 4245 702 4300 inter
731 4260 793 4299 se
808 4242 1153 4307 miscentur,
1172 4245 1234 4297 ut
1254 4240 1534 4296 diximus.
1566 4239 2202 4311 Temperationesvero

549 4348 676 4407 qua
703 4332 929 4390 ratione
960 4347 1082 4388 non
1099 4334 1239 4387 sunt
1267 4329 1540 4397 materia,
1562 4344 1754 4401 neque
1779 4327 2202 4384 admistionem

550 4422 851 4495 suscipere
879 4421 1179 4487 dicuntur,
1208 4420 1311 4475 sed
1357 4435 1481 4491 qua
1505 4418 1732 4475 ratione
1764 4421 1902 4473 sunt
1932 4416 2199 4489 proprie-

544 4516 693 4569 tates
720 4510 1001 4584 qualitate
1031 4510 1297 4583 quadam
1327 4507 1588 4581 praeditas
1617 4512 1675 4563 et
1694 4506 2030 4563 habilitates
2058 4521 2197 4578 qum

2327 3350 2739 3421 conjunctiora
2750 3354 2805 3407 et
2828 3350 3076 3423 propria
3090 3349 3190 3407 illa
3204 3366 3345 3423 quae
3364 3355 3505 3407 sunt
3523 3346 3841 3421 simpliciora.
3850 3356 3885 3412 ei

2326 3455 2362 3495 a
2389 3438 2918 3511 longinquioribus
2948 3444 3193 3511 propter
3239 3438 3725 3513 temperationum
3749 3432 3883 3490 multi-

2324 3528 2540 3601 plicem
2570 3529 2918 3585 varietatem
2939 3528 3133 3599 magis
3149 3534 3387 3585 remota
3412 3534 3548 3585 sunt
3563 3523 3820 3600 simplicia.
3841 3520 3882 3575 Ut

2323 3618 2483 3674 enim
2503 3634 2599 3674 res
2620 3619 2968 3675 exsisterent
2986 3618 3070 3676 ita
3085 3634 3216 3675 esse
3236 3619 3518 3690 oportuit.
3537 3618 3677 3673 Nam
3696 3609 3880 3673 metalla,

2319 3706 2570 3780 lapides,
2604 3707 2845 3780 plantae,
2868 3708 3091 3764 olerum
3110 3712 3166 3764 et
3181 3708 3511 3778 graminum
3530 3706 3689 3779 copia
3701 3707 3746 3759 et
3768 3702 3880 3773 quot-

2319 3802 2467 3869 quot
2478 3797 2806 3854 inanimata
2818 3797 3007 3869 possit
3020 3796 3573 3870 aliquisrecensere,
3586 3796 3810 3856 humore,
3821 3786 3878 3841 fri-

2319 3900 2483 3956 gore,
2511 3886 2791 3954 siccitate,
2814 3886 3050 3942 raritate
3089 3889 3147 3941 et
3173 3884 3470 3943 exsistunt
3502 3889 3559 3941 et
3579 3881 3877 3940 immutantur

2317 3978 2374 4031 et
2393 3980 2723 4045 augescunt
2752 3978 2809 4031 et
2837 3976 3188 4031 consistunt.
3206 3977 3436 4032 Natura
3461 3990 3593 4031 vero
3609 3986 3717 4029 non
3737 3969 3879 4025 imme-
3954 4034 3955 4039 η

2316 4062 2474 4120 diate
2500 4081 2573 4121 ex
2599 4064 2757 4136 igne,
2790 4080 2948 4135 aere,
3004 4079 3166 4137 aqua
3226 4068 3283 4120 et
3310 4069 3487 4133 terra,
3518 4078 3617 4135 per
3668 4065 3877 4129 tempera-

2315 4153 2503 4212 tiones
2545 4153 2831 4210 animalia
2867 4152 3222 4226 temperavit
3249 4158 3307 4209 et
3353 4152 3643 4221 conﬂavit,
3670 4146 3755 4205 sed
3776 4145 3874 4200 inter

2311 4242 2522 4315 positis
2541 4242 2736 4299 succis
2767 4257 2873 4298 seu
2896 4242 3276 4300 humoribus.
3303 4246 3388 4300 Ac
3409 4241 3676 4299 continuo
3699 4230 3872 4309 quidem
3947 4250 3949 4321 χ

2311 4348 2382 4388 ex
2412 4332 2789 4402 humoribus,
2811 4331 3027 4388 deinde
3043 4348 3185 4389 vero
3202 4328 3709 4389 intervenientibus
3722 4325 3869 4379 humu
3946 4346 3947 4415 ι

2306 4420 2493 4490 ribus,
2526 4421 2842 4493 alimentis,
2872 4426 2930 4478 et
2954 4421 3194 4492 longius
3221 4422 3466 4478 remotis
3493 4413 3763 4476 elementis
3779 4415 3866 4465 tan-
3944 4446 3945 4509 ι

2305 4526 2492 4583 quam
2517 4511 2824 4584 principiis
2859 4509 2961 4566 illa
2986 4510 3315 4583 componit.
3345 4513 3492 4567 Nam
3515 4509 3572 4565 in
3609 4515 3759 4563 carne
3777 4509 3864 4570 par-

541 4601 929 4675 impelluntur
960 4606 1016 4658 et
1036 4600 1306 4668 miscent,
1336 4597 1455 4653 alia
1499 4597 1613 4653 hoc
1655 4594 1750 4652 vel
1770 4595 1867 4651 illo
1891 4593 2075 4651 modo
2094 4594 2195 4651 ad-
2227 4609 2274 4664 υ
2304 4600 2411 4657 tim
2432 4606 2607 4671 terra,
2635 4601 2851 4673 partim
2875 4600 3051 4671 ignis,
3072 4600 3291 4673 partim
3317 4615 3499 4672 aqua,
3529 4595 3721 4671 partim
3741 4587 3860 4645 etiam

540 4693 879 4751 mistionem
928 4689 1230 4763 suscipere
1282 4687 1581 4744 dicuntur.
1640 4684 2043 4752 Quamobrem
2074 4683 2193 4755 pri-

535 4799 638 4841 mo
666 4787 722 4840 et
743 4780 1106 4855 simpliciore
1160 4776 1365 4845 modo,
1416 4775 1657 4849 plantae,
1706 4772 1967 4839 metalla,
1999 4776 2057 4829 et
2075 4772 2193 4829 alia

533 4889 669 4946 quae
705 4872 981 4945 superius
1013 4867 1296 4937 diximus,
1330 4881 1402 4922 ex
1419 4870 1635 4922 natura
1667 4863 1950 4937 primum,
1973 4861 2191 4919 deinde

532 4980 604 5019 ex
626 4960 932 5019 elementis
980 4974 1087 5038 per
1130 4956 1592 5030 temperationes
1643 4954 1704 5010 in
1752 4969 1952 5010 rerum
1972 4958 2190 5010 natura

530 5050 843 5116 exsistunt,
876 5048 1164 5104 nimirum
1210 5046 1356 5119 quia
1414 5043 1823 5102 animantibus
1857 5043 1967 5099 ista
1997 5042 2187 5100 multo

530 5143 672 5195 sunt
699 5136 1085 5210 simpliciora.
1122 5135 1236 5193 Sed
1278 5135 1562 5193 animalia
1609 5149 1729 5190 non
1757 5132 1839 5189 ita
1866 5132 2174 5189 exsistunt.

524 5227 757 5287 Etenim
799 5230 1017 5283 natura
1076 5230 1275 5281 movet
1327 5225 1640 5295 elementa,
1685 5224 1813 5280 haec
1839 5228 2042 5279 autem
2074 5222 2180 5280 ali-

525 5322 731 5376 menta
760 5319 1025 5383 movent,
1052 5312 1335 5372 alimenta
1348 5330 1490 5371 vero
1503 5314 1806 5384 humores,
1834 5328 1906 5368 ex
1935 5311 2180 5369 alimen-

522 5410 597 5468 tis
628 5406 876 5464 demum
907 5403 1329 5459 ethumoribus
1342 5402 1935 5469 animaliaconstant,
1963 5401 2179 5459 Princi-

522 5500 626 5575 pio
655 5494 903 5572 quidem
929 5507 1002 5548 ex
1028 5492 1220 5547 succis
1248 5492 1327 5547 ab
1357 5491 1685 5555 elementis,
1713 5489 1930 5547 deinde
1969 5506 2041 5547 ex
2070 5491 2176 5548 ali-

522 5590 739 5648 mentis
778 5589 835 5643 et
865 5581 1081 5649 succis,
1114 5581 1219 5638 sed
1266 5596 1373 5654 per
1422 5580 1936 5655 temperationem.
1989 5583 2175 5640 Nemo

520 5681 679 5741 enim
726 5678 929 5743 mente
996 5671 1286 5747 praeditus
1344 5670 1571 5747 aliquid
1624 5669 1906 5744 intelliget
1942 5671 2174 5747 absque

2302 4705 2405 4747 aer
2423 4690 2598 4757 inest,
2620 4706 2755 4763 qua;
2784 4690 3030 4763 quidem
3061 4693 3202 4747 sunt
3236 4689 3499 4746 obscura
3525 4687 3571 4742 si
3601 4683 3669 4741 ad
3688 4684 3857 4737 sensum

2302 4782 2358 4834 et
2380 4777 2729 4851 qualitatem
2756 4777 3000 4845 referas,
3052 4777 3158 4834 sed
3187 4776 3236 4833 si
3260 4777 3339 4833 ad
3396 4776 3683 4833 veritatem
3704 4763 3856 4823 refel'a3

2299 4867 2583 4938 cognosci
2595 4866 3025 4939 etdeprehendi
3042 4864 3492 4938 possunt.Quod
3512 4861 3659 4919 enim
3676 4856 3725 4913 in
3734 4858 3855 4939 carne

2296 4955 2474 5028 ignis,
2499 4971 2621 5019 aer,
2646 4938 2806 5028 aqua
2824 4955 3259 5023 etterrainsint,
3274 4969 3347 5011 ex
3368 4969 3439 5011 eo
3458 4949 3615 5026 quod
3641 4938 3854 5003 dissoluta

2296 5063 2477 5104 carne
2499 5046 2911 5105 dissolvuntur
2934 5047 3220 5104 humores
3238 5045 3547 5103 manifeste
3574 5032 3852 5102 intelligitur.

2295 5139 2587 5194 Humores
2638 5152 2781 5193 vero
2838 5136 3110 5193 dissoluti
3162 5134 3581 5206 recolliguntur
3625 5129 3677 5183 in
3700 5120 3774 5178 illa
3799 5126 3843 5168 ei

2292 5227 2514 5300 quibus
2539 5230 2831 5284 constant.
2861 5229 3051 5292 Quare
3094 5240 3235 5282 cum
3280 5239 3418 5281 caro
3449 5222 3495 5277 si
3521 5233 3617 5293 per
3641 5214 3847 5300 humanis

2290 5297 2551 5374 conﬂata
2567 5333 2639 5373 ex
2661 5317 2819 5387 igne,
2847 5321 3025 5385 terra,
3082 5329 3219 5372 aere
3261 5318 3318 5370 et
3369 5326 3542 5385 aqua,
3590 5297 3845 5387 exsistet)”.a

2288 5406 2443 5463 illius
2460 5422 2532 5463 ex
2547 5406 2659 5463 illis
2672 5382 2743 5462 ex
2754 5382 2977 5478 quibus
2986 5382 3272 5461 humores
3285 5382 3649 5458 sunteonﬂati
3660 5382 3842 5446 constat

2355 5501 2411 5552 '7.
2463 5499 2685 5553 Natura
2731 5495 2909 5566 igitur
2950 5509 3058 5568 per
3105 5494 3388 5549 humores
3442 5505 3512 5546 ex
3557 5486 3693 5555 igne,
3735 5478 3837 5529 aerea

2285 5600 2446 5659 aqua
2466 5589 2523 5643 et
2543 5590 2697 5643 terra
2718 5589 2782 5641 ut
2804 5583 3093 5642 animalia
3111 5582 3455 5640 exsisterent
3473 5573 3665 5635 effecit,
3681 5569 3838 5659 ιθωρξί

2287 5646 2591 5737 rationum
2645 5678 2850 5736 autem
2911 5672 3371 5751 proprietatibus
3407 5667 3557 5730 varie
3590 5646 3835 5728 teum“
