4066 6212
201 291 335 346 1297

198 411 419 486 δέδωκε,
477 415 712 488 κράσεων
791 410 850 468 δε
918 410 1174 488 ἰδιώμασι
1226 415 1470 476 ποικίλως
1534 413 1849 491 ἓκροιθησαν.

197 503 279 557 Ἐν
317 505 419 580 γὰρ
473 510 536 576 τῇ
592 505 747 575 φύσει
805 505 1118 575 συνάγονται
1173 505 1362 572 πάντα,
1416 505 1484 568 ὣς
1546 503 1596 556 έν
1659 507 1850 577 κέντρῳ

193 611 252 646 τε
304 597 394 645 καὶ
449 590 621 668 ἀρχῇ,
679 593 982 668 μερίζονται
1058 591 1117 646 δὲ
1168 592 1259 646 ἀπ’
1333 592 1560 652 ἀλλήλων
1609 589 1702 646 διὰ
1751 601 1850 646 τῶν

193 683 427 756 κράσεων
482 701 496 715 ο
555 683 690 734 οὕτω
735 684 836 757 γὰρ
890 686 980 734 καὶ
1035 679 1284 755 διχόνοια
1337 685 1536 744 τούτοις
1589 687 1679 734 καὶ
1738 679 1853 735 διά-

194 791 330 845 φορα
381 773 450 824 τὰ
507 771 794 844 ὁρμήματά
849 788 862 801 ⁸
896 775 954 825 τὸ
1005 775 1106 847 γὰρ
1160 775 1418 846 μάχιμον,
1453 775 1510 825 τὸ
1558 771 1852 826 πλεονεκτι-

193 865 305 930 κόν,
390 864 478 915 τὸν
530 859 873 919 ἀκοινώνητον
950 868 1040 916 καὶ
1094 865 1162 916 τὰ
1237 863 1383 936 ἕτερα
1455 865 1671 936 φύσεως,
1743 870 1854 924 πῶς

193 947 344 1004 δοκεῖ
390 953 420 1010 ἠ
481 949 530 1003 έν
583 949 723 1022 αὐτῷ
766 953 969 1022 ἔχουσα
1023 956 1112 1004 καὶ
1169 955 1474 1024 συνάγουσα
1523 957 1613 1005 καὶ
1669 952 1854 1005 ἐνοῦσα

186 1042 362 1095 πάντα
435 1042 711 1114 μάχεσθαι
762 1045 852 1093 καὶ
907 1041 1218 1096 πλεονεκτεῖν
1283 1046 1374 1095 καὶ
1442 1047 1514 1116 μὴ
1597 1050 1851 1095 κοινωνεῖν

187 1133 496 1205 προτρέπειν
575 1129 708 1182 αὐτά
766 1145 780 1196 ;
831 1127 1116 1184 Ἀδύνατον
1187 1151 1200 1165 ³
1261 1129 1389 1184 ἀλλὰ
1458 1138 1624 1185 ταῦτα
1683 1133 1854 1184 πάντα

185 1224 282 1272 καὶ
332 1221 398 1272 τὰ
437 1217 596 1272 πλείω
655 1220 850 1272 τούτων
903 1227 1002 1272 τῶν
1053 1222 1286 1295 κράσεων
1332 1242 1346 1255 ~
1394 1223 1550 1294 φύσις
1615 1225 1704 1274 καὶ
1751 1223 1850 1293 γὰρ

189 1304 346 1362 οὐδὲν
416 1306 484 1369 εἰς
539 1311 676 1368 τέλος
732 1312 890 1361 κακόν
960 1307 1192 1382 ἐποίησε,
1260 1311 1432 1363 πάντα
1511 1306 1572 1363 δι
1639 1329 1699 1381 γε
1763 1314 1854 1362 καὶ

185 1396 306 1450 λίαν
351 1395 520 1457 καλῶς
567 1395 640 1458 εἰς
683 1400 744 1450 τό
799 1395 926 1450 εἶναι
981 1403 1307 1473 παρήγαγεν,
1377 1397 1432 1451 ἐκ
1486 1406 1578 1459 τῆς
1642 1403 1854 1472 πρώτης

186 1487 284 1560 καὶ
352 1488 540 1558 κυρίας
614 1486 820 1537 πάντων
900 1484 1077 1560 ἀρχῆς
1131 1485 1368 1540 λαϐοῦσα
1455 1491 1551 1545 τὴν
1607 1483 1850 1559 δύναμιν.

185 1555 252 1626 Ἠ
337 1568 397 1626 δι
451 1579 550 1625 τῶν
597 1574 831 1648 κράσεων
895 1575 1150 1645 ποικιλία,
1206 1583 1424 1648 μιγεῖσα
1478 1583 1540 1648 τῇ
1601 1572 1851 1645 ἰδιότητι,

188 1661 357 1714 πολλὰ
405 1663 472 1714 τὰ
522 1665 594 1734 μὴ
641 1663 912 1739 ὁμότροπα
954 1667 1094 1738 ἔφερε
1152 1685 1166 1698 ο
1211 1667 1539 1738 καινοτομίαι
1584 1666 1686 1738 γὰρ
1741 1671 1853 1726 ταῖς

189 1753 416 1824 κράσεσι
493 1752 926 1824 συνυπάρχουσιν
997 1755 1201 1828 ἄπειροι
1258 1775 1272 1788 ο
1321 1755 1528 1829 ἄπειροι
1614 1756 1715 1828 γὰρ
1797 1754 1850 1806 αἱ

191 1842 427 1913 κράσεις,
495 1844 585 1892 καὶ
648 1842 816 1902 καθὼς
863 1843 929 1894 τὰ
985 1849 1230 1915 στοιχεῖα
1270 1845 1415 1918 παρὰ
1473 1851 1570 1906 τῆς
1623 1845 1845 1916 φύσεως,

190 1928 382 2002 ἄπειρα
434 1925 493 1982 δε
517 1948 584 1982 τα
619 1927 797 1982 ἐκτῶν
847 1936 1146 2003 στοιχείων,
1203 1933 1335 1984 οὕτω
1388 1929 1456 1991 δὴ
1494 1936 1584 1984 καὶ
1627 1933 1847 2006 κράσεις

191 2017 378 2080 ἕντοῖς
439 2021 742 2090 στοιχείοις,
798 2020 990 2096 ἄπειρα
1040 2016 1099 2073 δὲ
1148 2023 1213 2074 τὰ
1253 2030 1352 2074 τῶν
1406 2022 1638 2097 κράσεων
1703 2017 1848 2074 ἰδιώ-

191 2127 354 2182 ματα.
406 2108 502 2160 Διὰ
555 2114 708 2161 τοῦτο
761 2112 852 2162 καὶ
936 2107 985 2161 ἐν
1065 2109 1356 2183 μετάλλοις,
1417 2116 1507 2164 καὶ
1554 2109 1602 2164 ἐν
1661 2110 1849 2180 λίθοις,

195 2201 288 2250 καὶ
339 2195 390 2249 έν
443 2202 644 2272 φυτοῖς,
701 2201 792 2250 καὶ
852 2206 1087 2272 τροφαῖς,
1141 2205 1232 2253 καὶ
1284 2198 1332 2253 έν
1379 2207 1597 2275 χυμοῖς,
1652 2204 1744 2253 καὶ
1800 2198 1849 2252 ἐν

195 2286 347 2348 ζώοις
413 2287 443 2345 ἠ
534 2293 634 2341 τῶν
719 2288 952 2360 κράσεων
1037 2287 1249 2363 ἀπειρία
1329 2289 1492 2358 ἔστιν,
1571 2292 1680 2350 ἣτις
1761 2293 1851 2342 καὶ

195 2373 444 2430 ποικίλλει
505 2373 806 2450 πολυμερῶς
873 2377 939 2430 τά
1013 2397 1067 2431 τε
1120 2383 1360 2452 σώματα,
1416 2381 1483 2432 τά
1554 2398 1610 2432 τε
1688 2381 1850 2455 ὁρμη-

197 2483 358 2537 ματα,
448 2464 514 2518 τά
592 2483 648 2518 τε
715 2461 998 2540 ἰδιώματα,
1082 2471 1174 2538 τάς
1230 2487 1284 2521 τε
1340 2467 1612 2542 ἐνεργείας,
1684 2471 1750 2520 τά
1795 2486 1852 2521 τε

198 2558 454 2626 νοήματα,
520 2557 613 2618 τὰς
689 2574 746 2609 τε
793 2561 1030 2629 σχίσεις,
1091 2559 1157 2610 τά
1207 2577 1261 2611 τε
1319 2563 1594 2632 σχήματα,
1652 2561 1743 2620 τάς
1794 2578 1850 2612 τε

201 2643 368 2719 ῥοπὰς
406 2646 494 2697 καὶ
521 2643 634 2698 καθ’
680 2645 798 2710 ἑξῆς
827 2645 1046 2719 ἅπαντα,
1106 2650 1196 2700 καὶ
1251 2649 1464 2721 συνάγει
1533 2643 1628 2702 διὰ
1684 2654 1852 2702 ταῦτα

197 2850 356 2906 sunt.
389 2850 538 2906 Nam
562 2847 854 2906 innatura
873 2847 1079 2905 omnia
1091 2848 1450 2923 copulantur
1482 2853 1771 2924 tanquam
1784 2851 1847 2908 in

195 2941 401 2995 centro
425 2952 494 2994 ac
527 2937 843 3011 principio,
878 2937 986 2994 sed
1016 2938 1135 2995 alia
1193 2939 1273 2996 ab
1314 2939 1444 2996 aliis
1492 2945 1849 3013 separantur

195 3042 302 3100 per
330 3027 811 3100 temperationes.
843 3027 991 3084 Hinc
1021 3028 1181 3084 enim
1206 3027 1428 3098 ingenii
1491 3033 1548 3084 et
1593 3043 1848 3102 propen-

196 3116 382 3173 sionis
410 3116 472 3172 in
495 3115 677 3172 rebus
705 3116 1040 3173 diversitas.
1063 3120 1212 3173 Nam
1249 3117 1415 3189 quod
1459 3117 1520 3173 in
1562 3117 1742 3173 rebus
1762 3121 1850 3173 est

196 3203 542 3278 proclivitas
571 3205 648 3262 ad
677 3205 1062 3273 discordiam,
1095 3205 1174 3262 ad
1189 3205 1566 3278 superiorum
1585 3207 1848 3278 partium

197 3293 664 3364 aﬂ‘ectationem,
699 3296 779 3352 ad
793 3297 1234 3354 distinctionem
1255 3301 1311 3352 et
1330 3296 1446 3353 alia
1469 3296 1706 3364 similia,
1735 3296 1849 3352 hoc

194 3389 353 3441 certe
372 3388 600 3442 naturae
619 3401 742 3442 non
761 3389 848 3442 est
861 3385 1406 3454 tribuendum.Quo
1429 3391 1624 3458 pacto,
1640 3401 1849 3459 quaeso

193 3477 417 3530 natura
444 3489 582 3546 quae
612 3474 673 3530 in
707 3490 770 3531 se
797 3475 1252 3548 comprehendit
1280 3480 1338 3531 et
1378 3475 1600 3546 colligit
1645 3475 1851 3531 omnia

194 3566 256 3619 et
282 3562 570 3620 omnibus
586 3562 691 3620 dat
718 3565 1056 3634 essentiam,
1089 3563 1276 3620 videri
1307 3564 1495 3636 possit
1544 3563 1850 3636 impellere

193 3651 406 3708 omnia
434 3651 514 3708 ad
537 3652 921 3725 discordiam,
952 3653 1032 3710 ad
1062 3654 1440 3725 superiorum
1471 3653 1732 3726 partium
1757 3652 1852 3709 af-

193 3739 578 3796 fectationem
607 3745 665 3798 et
691 3742 1151 3813 disjunctionem
1177 3742 1205 3798 ‘I
1235 3745 1354 3798 Hoc
1385 3745 1539 3798 certe
1588 3742 1717 3798 ﬁeri
1751 3757 1852 3798 ne-

196 3829 348 3903 quit.
373 3830 488 3887 Sed
515 3831 628 3888 ista
654 3835 709 3887 et
753 3831 880 3888 istis
929 3831 1106 3904 plura
1153 3831 1269 3888 alia
1317 3831 1852 3904 temperationibus

198 3921 346 3973 sunt
372 3917 712 3974 tribuenda.
732 3918 961 3975 Etenim
979 3924 1196 3976 natura
1218 3920 1529 3992 proposito
1553 3919 1672 3976 ﬁne
1688 3919 1852 3976 malo

197 4005 350 4062 nihil
379 4021 652 4079 unquam
688 4007 884 4064 facere
913 4023 1202 4079 aggressa
1225 4013 1334 4076 est,
1367 4008 1475 4064 sed
1496 4008 1702 4065 omnia
1724 4008 1856 4081 pul-

201 4094 407 4150 chrius
443 4111 632 4168 quam
652 4095 770 4152 dici
793 4097 980 4170 possit
1008 4098 1069 4152 in
1096 4097 1291 4153 lucem
1359 4097 1565 4164 edidit,
1611 4102 1856 4170 accepta

201 4182 494 4240 nimirum
519 4184 798 4242 facultate
829 4201 865 4242 a
895 4184 1090 4258 primo
1109 4185 1209 4242 illo
1238 4190 1295 4243 et
1322 4186 1626 4260 prmoipuo
1651 4202 1852 4243 rerum

200 4271 480 4328 omnium
509 4273 1360 4347 principio.Temperationum
1383 4280 1584 4331 autem
1599 4275 1852 4331 varietas

200 4375 346 4416 cum
383 4361 742 4434 proprietate
771 4362 967 4429 mista,
1001 4378 1124 4420 non
1136 4363 1315 4419 unius
1339 4363 1665 4436 similisque
1685 4363 1851 4420 modi

198 4464 299 4506 res
327 4449 547 4509 multas
576 4451 777 4509 edidit.
807 4455 956 4509 Nam
1000 4453 1460 4525 temperationes
1491 4469 1696 4509 secum
1727 4457 1851 4510 tra-

193 4539 354 4596 hunt
377 4556 614 4613 semper
638 4541 904 4598 inﬁnitas
931 4557 1132 4598 rerum
1170 4559 1466 4600 novarum
1490 4542 1847 4606 molitiones.

199 4630 354 4686 Sunt
373 4631 532 4686 enim
557 4630 802 4687 inﬁnita;
841 4633 1322 4705 temperationes.
1352 4634 1418 4688 Et
1456 4631 1852 4705 quemadmo-

194 4717 351 4774 dum
382 4718 676 4776 elementa
700 4736 736 4777 a
760 4721 1294 4790 naturaexsistunt,
1325 4719 1432 4778 sed
1471 4720 1852 4778 suntinﬁnita

195 4825 343 4883 quae
373 4824 445 4865 ex
472 4808 778 4866 elementis
795 4815 1258 4883 componuntur,
1275 4811 1356 4867 ita
1367 4810 1546 4866 etiam
1559 4813 1852 4882 tempera-

198 4899 398 4956 tiones
427 4902 566 4956 sunt
594 4899 656 4955 in
686 4899 1012 4972 elementis,
1055 4900 1162 4957 sed
1183 4904 1323 4956 sunt
1347 4899 1594 4956 inﬁnitae
1625 4904 1850 4971 tempe-

195 4987 507 5044 rationum
533 4988 948 5061 proprietates.
973 4988 1197 5046 Idcirco
1226 4989 1285 5044 in
1316 4987 1592 5055 metallis,
1635 4985 1850 5060 lapidi-

195 5077 343 5143 bus,
376 5076 618 5151 plantis,
641 5078 960 5146 alimentis,
990 5078 1338 5136 bumoribus
1380 5083 1437 5134 et
1488 5075 1850 5135 animalibus

195 5165 450 5226 inﬁnitae
485 5173 624 5226 sunt
654 5169 1115 5243 temperationes
1127 5185 1260 5241 quae
1289 5169 1634 5226 varietatem
1655 5165 1851 5222 multi-

196 5261 421 5335 plicem
451 5260 712 5317 afferunt
726 5259 1100 5334 corporibus,
1124 5256 1850 5316 incitationibusvolunta-

195 5350 324 5420 riis,
356 5349 838 5423 proprietatibus,
869 5349 1226 5418 actionibus,
1249 5346 1848 5421 apprehensionibus,

197 5440 635 5508 habilitatibus,
665 5439 895 5511 ﬁguris,
921 5438 1450 5513 propensionibus,
1503 5441 1559 5492 et
1607 5435 1852 5509 reliquis

197 5532 511 5590 omnibus.
537 5533 908 5604 Quapropter
931 5529 1390 5600 temperationes
1410 5529 1756 5585 varietatem
1791 5529 1852 5585 in

198 5637 412 5681 rerum
438 5623 721 5680 naturam
749 5619 1154 5704 introducunt,
1187 5623 1244 5677 et
1267 5618 1614 5677 uniusmodi
1650 5633 1852 5676 rerum

1074 289 1426 348 THEODOBI
1464 289 1511 345 Π
1551 291 1683 348 ιω).
1717 291 1807 346 DE
1867 288 2319 348 COMMUNIONE
2371 291 2748 349 NATURALI.

3485 290 3621 345 1298

1962 417 2020 468 τὸ
2069 413 2324 481 ποικίλον,
2353 418 2442 468 καὶ
2481 413 2651 487 ἐξάγει
2693 416 2753 468 τὸ
2819 413 3028 468 ἐνιαῖον.
3079 412 3139 468 Εἰ
3175 413 3275 487 γὰρ
3320 413 3390 474 ὡς
3442 409 3488 464 ἓν
3551 420 3613 484 τῇ

1964 507 2138 577 φύσει,
2227 505 2307 557 ὅτι
2383 512 2478 567 τῆς
2561 507 2760 578 φύσεως
2822 504 3072 575 ἐνοῦνται,
3151 502 3351 562 ἐνιαίως
3415 500 3623 553 ἅπαντα

1962 597 2229 668 ὑπῆρχον,
2260 599 2350 647 καὶ
2379 595 2430 646 ἐν
2468 602 2584 657 ταῖς
2637 597 2862 670 κράσεσι
2915 596 3051 646 κατά
3103 596 3257 667 φύσιν
3306 591 3367 644 ἂν
3436 593 3624 666 ἔπρατ-

1963 701 2071 746 τον,
2145 684 2227 736 ὄτι
2323 679 2384 736 δέ
2433 702 2494 755 γε
2561 682 2891 736 ποικίλλουσι
2948 690 3115 736 ταῦτα
3169 683 3402 755 κράσεις,
3457 678 3622 732 πολλὰ

1967 773 2365 844 συνεισάγονται
2438 773 2610 825 ἄτοπα
2696 777 2786 825 καὶ
2857 771 3157 846 ἁπροσφυῆ,
3221 768 3385 822 πολλὰ
3451 765 3510 820 δὲ
3556 787 3618 839 γε

1963 865 2055 914 καὶ
2143 859 2404 933 ἀναγκαῖα
2465 865 2556 914 καὶ
2614 870 2882 936 προσφυῇ,
2963 864 3095 914 ὥστε
3145 863 3205 913 τὸ
3284 860 3418 913 κατά
3465 859 3620 930 φύσιν

1965 950 2260 1024 τελούμενον
2317 950 2474 1005 ἐκεῖνο
2531 956 2620 1004 καὶ
2709 950 3008 1024 ἀναγκαῖον,
3064 954 3122 1003 τὸ
3177 946 3236 1002 δι
3291 950 3426 1001 κατὰ
3497 953 3622 1022 κρᾶ-

1968 1059 2050 1094 σιν
2105 1036 2200 1094 διὰ
2260 1044 2319 1094 τό
2371 1040 2633 1094 ποικίλλον
2699 1041 2792 1094 οῦκ
2853 1039 2932 1094 ἀεὶ
2993 1039 3290 1112 ἀναγκαῖον.
3346 1037 3482 1090 Ἀλλ’
3538 1038 3622 1089 ὅτε

1964 1134 2054 1183 καὶ
2088 1130 2217 1189 αὐτὴ
2261 1132 2292 1190 ἡ
2339 1137 2524 1206 κρᾶσις
2580 1130 2843 1204 εἰλικρινὲς
2903 1151 2918 1165 ·
2978 1129 3187 1203 φυλάξει
3232 1132 3291 1181 τὸ
3337 1126 3476 1188 τέλος
3527 1133 3618 1179 τοῦ

1965 1222 2292 1294 πράγματος,
2352 1220 2420 1282 εἰς
2475 1219 2502 1273 ὃ
2555 1217 2827 1273 ἀπιδοῦσα
2863 1221 2894 1279 ἠ
2945 1222 3122 1293 φύσις,
3179 1225 3331 1271 τοῦτο
3377 1217 3619 1288 γενέσθαι

1967 1309 2199 1369 ἐκίνησεν
2253 1315 2403 1364 αἴσια
2449 1310 2566 1370 τέλη
2607 1311 2756 1381 τελεῖ,
2806 1312 2926 1364 ὅταν
2984 1307 3044 1363 δὲ
3094 1316 3210 1372 ταῖς
3267 1304 3619 1380 ἰδιοτροπίαις

1969 1395 2135 1472 ἀπίδῃ
2209 1404 2296 1451 καὶ
2381 1397 2514 1472 λάϐῃ
2588 1398 2774 1453 ἐκεῖθεν
2854 1403 2948 1458 τὴν
3027 1403 3239 1470 σχέσιν,
3292 1395 3618 1471 παρεκκλίνει

1967 1495 2060 1540 τοῦ
2131 1484 2356 1550 δέοντος.
2411 1485 2617 1549 Μηδεὶς
2665 1486 2724 1542 δε
2789 1489 3114 1541 ὑποτοπάσει
3171 1489 3250 1540 ὅτι
3303 1488 3357 1538 αί
3403 1487 3617 1560 κράσεις

1968 1577 2097 1649 οὐχὶ
2172 1585 2264 1639 τῆς
2337 1581 2534 1650 φύσεώς
2602 1578 2704 1631 εἰσι
2777 1577 3008 1651 (λέγομεν
3062 1579 3127 1638 ὡς
3181 1575 3228 1629 ἐν
3280 1584 3352 1646 τῷ
3405 1573 3617 1650 διέρχε-

1970 1669 2096 1720 σθαι
2155 1671 2274 1728 τοῦς
2318 1663 2488 1726 τῆσδε
2527 1666 2730 1740 λόγους)
2763 1688 2777 1701 ο
2832 1675 2982 1721 τοῦτο
3029 1667 3131 1740 γὰρ
3185 1667 3375 1718 ἄτοπον
3435 1685 3448 1698 ο
3507 1671 3616 1726 πῶς

1965 1759 2067 1830 γὰρ
2145 1756 2203 1810 ού
2250 1759 2394 1832 παρὰ
2432 1766 2522 1819 τῆς
2570 1759 2771 1831 φύσεως
2841 1760 2938 1820 τὰς
2981 1759 3196 1830 κράσεις
3244 1757 3384 1826 ἔχειν
3437 1755 3617 1826 ὡρμη-

1967 1865 2128 1920 σαμεν
2197 1845 2257 1898 ἆν
2338 1846 2494 1900 εἰπεῖν
2550 1852 2644 1906 τὴν
2705 1846 2978 1914 όντότητα,
3048 1848 3138 1906 τὰς
3185 1845 3377 1918 μικτὰς
3433 1846 3504 1915 μὴ
3561 1839 3616 1894 ἐκ

1963 1943 2055 1998 τῆς
2137 1935 2300 1997 ἁπλῆς
2345 1953 2358 1992 ε
2411 1936 2680 2009 Ἀπαγέτω
2750 1939 2776 1990 ὁ
2846 1939 3010 1999 οὕτως
3061 1934 3343 1996 ἀπατηθεὶς
3414 1935 3472 1985 τό
3531 1930 3615 1984 ἀν-

1965 2029 2366 2097 επιστημονικόν
2436 2030 2526 2078 καὶ
2595 2025 2846 2102 ἑρευνάτω
2917 2028 2977 2078 τὸ
3045 2023 3243 2085 ἀληθές.
3313 2021 3449 2076 Ἀλλ’
3509 2020 3610 2102 εἰσί

1961 2117 2196 2190 κράσεις,
2231 2117 2343 2168 ἔστι
2392 2111 2452 2168 δὲ
2516 2119 2604 2168 καὶ
2679 2116 3154 2188 φύσις,’ὡσαύτως
3220 2109 3278 2166 δε
3331 2131 3420 2164 και
3475 2130 3614 2164 στοι-

1959 2211 2086 2277 χεῖα
2149 2224 2164 2239 ο
2223 2208 2429 2279 κέντρον
2495 2205 2594 2280 γὰρ
2679 2209 2768 2257 καὶ
2861 2203 3004 2278 ἁρχὴ
3077 2206 3228 2273 φύσις
3275 2201 3610 2274 ἁπανταχοῦ,

1959 2300 2128 2346 ταῦτα
2185 2289 2244 2347 δὲ
2283 2295 2450 2353 πάντη
2493 2297 2610 2369 περὶ
2666 2292 2828 2352 αὐτὴν
2885 2295 2955 2355 ὡς
3003 2291 3050 2346 ἐν
3113 2291 3183 2344 ἐνὶ
3226 2291 3354 2362 ἡλίῳ
3399 2287 3612 2362 ἀτμίδις

1960 2381 2016 2445 ἕξ
2061 2383 2348 2456 ὑγρότητος
2399 2383 2428 2442 ἣ
2481 2383 2696 2456 αὐχμοῦ
2753 2381 3116 2458 ἁνερχόμεναι,
3177 2382 3410 2432 κὰκείοεν
3461 2376 3613 2440 αὖθις

1961 2467 2320 2544 διαλυόμεναι,
2420 2475 2510 2524 καὶ
2593 2474 2723 2546 πρὸς
2793 2473 2980 2545 μικρὸν
3063 2473 3428 2542 συναγόμεναι,
3522 2472 3614 2520 καὶ

1961 2563 2124 2623 οὕτως
2204 2563 2546 2633 πεμπόμεναι,

1963 2651 2178 2723 κράσεις
2253 2651 2356 2724 γὰρ
2448 2652 2660 2722 σχέσεις
2728 2652 2816 2702 καὶ
2884 2644 3207 2722 ἱδιοτροπίαι
3292 2646 3395 2700 εἰσί
3459 2665 3611 2718 τινες,

2645 2563 2736 2612 καὶ
2828 2563 3078 2612 ποιοῦσαι
3150 2565 3300 2611 τοῦτο
3379 2554 3477 2612 ἀεί.
3549 2559 3615 2610 Αἱ

1966 2852 2448 2909 constitutionem
2463 2852 2724 2924 ejiciunt.
2757 2851 2999 2921 Si,enim
3013 2855 3079 2908 ut
3100 2851 3162 2906 in
3184 2855 3419 2918 natura,
3438 2850 3612 2920 cujus

1964 2943 2196 2999 ratione
2233 2957 2331 2998 res
2370 2957 2582 2998 omnes
2596 2941 2898 2998 naturales
2909 2941 3087 2996 unico
3100 2940 3283 2995 modo
3303 2940 3610 3006 uniuntur,

1965 3031 2335 3098 exsisterent,
2358 3031 2416 3086 in
2466 3029 2996 3102 temperationibus
3051 3028 3228 3084 etiam
3278 3026 3612 3082 secundum

1965 3123 2246 3175 naturam
2273 3124 2538 3188 egerent.
2568 3119 2677 3175 Sed
2699 3117 2845 3190 quia
2872 3117 3219 3172 varietatem
3245 3115 3357 3170 illis
3390 3120 3614 3187 tempe.

1963 3207 2226 3264 rationes
2257 3205 2770 3274 aﬁ‘erunt,idcirco
2784 3205 2969 3260 multa
3010 3203 3616 3260 introducunturino—

1966 3295 2134 3352 sitate
2161 3299 2218 3352 et
2245 3295 2461 3362 aliena,
2493 3294 2682 3350 multa
2695 3309 2938 3367 quoque
2958 3293 3296 3349 necessaria
3309 3297 3613 3349 etnaturte

1967 3384 2377 3454 congruentia.
2411 3385 2602 3447 Quare
2631 3382 2927 3456 quidquid
2979 3382 3311 3439 secundum
3336 3386 3614 3438 naturam

1968 3472 2238 3540 efficitur,
2263 3471 2410 3530 illud
2435 3472 2613 3528 etiam
2636 3477 2724 3528 est
2751 3471 3186 3540 necessarium;
3210 3471 3315 3526 sed
3339 3469 3505 3543 quod
3527 3486 3616 3525 se-

1966 3562 2236 3618 cundum
2267 3562 2761 3634 temperationem
2792 3561 3062 3631 eﬂicitur,
3089 3565 3331 3634 propter
3363 3559 3614 3616 varieta-

1967 3655 2089 3709 tem
2119 3667 2242 3708 non
2271 3655 2362 3708 est
2389 3667 2627 3724 semper
2651 3651 3077 3709 necessarium.
3114 3650 3227 3708 Sed
3255 3650 3451 3723 siipsa
3473 3654 3617 3705 tem-

1966 3742 2197 3816 peratio
2232 3742 2530 3798 sincerum
2558 3741 2640 3798 rei
2670 3742 2851 3798 tinem
2882 3744 3094 3808 servat,
3136 3741 3214 3798 ad
3244 3756 3426 3819 quem
3453 3755 3620 3812 spec-

1966 3838 2101 3892 tans
2117 3836 2330 3890 natura
2343 3836 2405 3887 ut
2421 3847 2515 3888 res
2533 3836 2962 3904 procrearetur,
2975 3831 3133 3887 viam
3147 3846 3320 3886 suam
3333 3846 3402 3886 ex
3411 3846 3618 3902 prom-

1967 3923 2108 3996 psit,
2143 3925 2281 3976 tunc
2304 3919 2444 3976 felix
2471 3919 2558 3976 rei
2585 3920 2777 3976 exitus
2808 3919 2957 3976 solet
2995 3919 3274 3974 exsistere
3329 3937 3343 3986 ;
3396 3919 3490 3974 sin
3537 3918 3618 3974 ad

1970 4025 2110 4067 suas
2133 4008 2526 4082 proprietates
2556 4023 2621 4064 se
2651 4007 2956 4074 convertit,
2972 4012 3028 4063 et
3055 4006 3214 4062 illinc
3247 4005 3616 4062 habilitatem

1972 4103 2220 4172 accepit,
2252 4103 2394 4155 tunc
2421 4113 2457 4154 a
2483 4101 2644 4153 recto
2673 4096 2981 4152 deﬂectere
3013 4095 3181 4152 solet.
3237 4098 3422 4152 Nemo
3473 4110 3616 4150 vero

1969 4187 2264 4246 existimet
2299 4185 2362 4243 in
2387 4185 2482 4242 his
2537 4184 2906 4258 explicandis
2953 4199 3064 4240 nos
3099 4184 3294 4240 dicere
3323 4189 3614 4256 tempera-

1969 4277 2159 4335 tiones
2182 4290 2305 4332 non
2361 4289 2493 4331 esse
2547 4279 2797 4330 naturae.
2854 4275 2974 4329 Hoc
3021 4271 3182 4328 enim
3225 4277 3378 4329 esset
3410 4271 3618 4328 absur-

1967 4366 2140 4422 dum.
2174 4363 2490 4431 Quomodo
2523 4361 3408 4436 enimtemperationesidquod
3422 4367 3614 4418 sunta

1967 4459 2185 4512 natura
2211 4451 2434 4510 habere
2479 4467 2700 4522 negare
2745 4467 3064 4524 possemus
3114 4453 3142 4508 τί
3180 4450 3429 4524 perinde
3471 4467 3542 4508 ac
3567 4451 3618 4507 si

1966 4544 2302 4602 diceremus
2325 4540 2792 4614 .temperationes
2817 4555 2952 4612 quae
2983 4539 3406 4596 admistionem
3433 4540 3618 4595 susci-

1967 4633 2141 4707 piunt
2165 4647 2237 4688 ex
2267 4630 2522 4704 simplici
2551 4645 2672 4686 non
2691 4630 2944 4686 misceri.
3009 4629 3121 4696 Qui
3150 4629 3266 4686 hoc
3312 4628 3496 4685 modo
3516 4627 3617 4683 de-

1968 4725 2176 4794 ceptus
2207 4725 2294 4777 est
2324 4719 2568 4791 abjiciat
2597 4718 3003 4790 ignorantiam
3020 4721 3076 4774 et
3092 4721 3385 4773 scrutetur
3403 4716 3616 4772 verita-

1968 4814 2108 4868 tem.
2141 4809 2258 4866 Sed
2286 4813 2427 4865 sunt
2453 4808 2937 4881 temperationes,
3003 4810 3093 4862 est
3143 4807 3322 4862 etiam
3376 4808 3611 4873 natura,

1968 4899 2355 4956 consimiliter
2378 4898 2556 4954 etiam
2599 4901 2741 4952 sunt
2803 4895 3115 4951 elementa.
3166 4897 3388 4950 Natura
3451 4891 3615 4949 enim

1967 4993 2240 5046 centrum
2279 4992 2367 5044 est
2395 4991 2452 5042 et
2479 4985 2862 5058 principium,
2889 4998 3273 5055 quocumque
3305 4988 3355 5040 te
3391 4985 3612 5051 vertas,

1967 5077 2068 5136 illa
2100 5094 2242 5134 vero
2273 5076 2478 5134 omnia
2499 5079 2640 5130 sunt
2664 5075 2821 5130 circa
2867 5073 3064 5141 ipsam
3109 5087 3122 5127 :
3164 5087 3288 5128 non
3333 5087 3506 5128 secus
3532 5076 3616 5129 at-

1968 5183 2087 5240 que
2114 5167 2176 5223 in
2198 5183 2319 5222 uno
2347 5164 2468 5222 sole
2489 5163 2641 5220 radii
2663 5163 2767 5236 qui
2806 5178 2879 5219 ex
2904 5161 3175 5230 humore,
3235 5166 3340 5218 aut
3366 5177 3614 5234 vapore,

1971 5259 2075 5314 aut
2111 5258 2259 5311 aestu
2285 5253 2470 5310 exorti
2492 5268 2734 5309 sursum
2787 5266 2992 5308 versus
3039 5250 3292 5307 tendunt
3357 5253 3415 5307 et
3456 5249 3615 5306 illinc

1968 5361 2176 5403 rursus
2240 5343 2626 5416 dissipantur,
2691 5341 3104 5416 paulatimque
3159 5339 3518 5412 colliguntur
3559 5344 3616 5396 et

1968 5451 2177 5494 rursus
2199 5432 2512 5490 mittuntur
2539 5419 2720 5508 atque
2745 5448 2983 5506 semper
3009 5431 3126 5488 hoc
3162 5429 3345 5487 modo
3399 5430 3616 5484 iteran-

1970 5531 2088 5585 tur.
2115 5528 2261 5584 Sunt
2285 5525 2444 5582 enim
2474 5524 2759 5598 quaedam
2775 5522 3256 5596 temperationes,
3281 5518 3615 5576 habilitates

1971 5623 2029 5676 et
2051 5617 2464 5692 proprietates,
2494 5629 2602 5688 per
2627 5630 2782 5688 quas
2817 5613 3107 5672 uniuntur
3133 5609 3333 5668 omnia
3385 5622 3498 5680 pro
3542 5621 3614 5664 eo

3791 49 3828 76 υτ
3855 43 3864 50 ~

3715 81 3722 96 ι
3851 71 4010 118 ζων-,ι’

3785 129 3792 132 .
3823 127 3888 152 ..ι
3921 137 3938 154 __
3977 147 3984 154 ι

3837 161 3850 174 .'
3917 155 3932 182 ξ
3955 177 3966 196 .
3995 153 4002 160 “

3923 183 4032 244 re)

3831 259 3836 268 τ
3927 259 3954 278 ’λ
4005 277 4016 284 _

3963 343 3970 350 ’
4003 349 4022 380 σε

3969 435 3976 440 .
4005 409 4034 480 ,ξ

4023 493 4032 508 υ

4003 523 4026 548 ,ο

3967 561 4048 612 ..ἃς

3899 613 3924 630 σν
4015 609 4028 640 '

3757 687 3760 690 .
3851 655 3860 664 ’
3955 681 3958 686 .
3993 649 4030 694 ’,ἶ

3875 715 3880 726 υ
4003 695 4050 744 δέ.

3893 767 3914 790 .-
3999 747 4026 790 ,ἒ

4009 799 4036 812 ιι.

4001 825 4052 892 ἢ

3961 899 3964 904 ·
4005 895 4042 914 '1.

3959 943 3962 946 .
4003 921 4016 938 ὓ
4039 931 4052 938 -

3909 981 3912 986 ’
4011 995 4026 1010 ι

3975 1033 4038 1072 οἵ..

3891 1183 3896 1188 .
4013 1161 4046 1194 ’ζ

4007 1319 4022 1340 L

3979 1353 4024 1382 ..ι

3933 1439 3938 1442 .
3999 1417 4058 1478 ﬁ."

3999 1479 4018 1496 ἰ

3909 1529 3918 1538 α
4007 1525 4052 1572 5‘

3979 1651 3984 1656 ο
4009 1619 4042 1656 Τό

3879 1691 3886 1702 ι
4003 1703 4010 1708 ι
4049 1687 4054 1690 .

3997 1743 4048 1780 .f'

4011 1847 4066 1894 εδ

3895 2027 3900 2038 -
4005 1997 4066 2100 ’θεὲ

4013 2141 4066 2160 ’,μ

4005 2159 4066 2236 .3

4007 2233 4066 2278 ..ε
