4066 6212
548 263 685 317 1299

2081 256 2439 317 ADDENDA.

3748 274 3839 331 £300

554 382 627 438 δι’
669 386 736 436 ὧν
791 386 1021 440 ἐνοῡνται
1067 391 1236 441 πάντα
1300 390 1436 438 κατὰ
1478 390 1536 438 τὸ
1593 388 1834 456 πεφυκὸς,
1898 403 1987 435 και
2036 403 2205 434 ταυτα
2233 385 2281 435 Α
2308 388 2594 455 νοήσωμεν,
2659 382 2886 456 ἐμψύχῳ
2953 389 3061 438 ὄντι
3108 406 3197 437 και
3243 386 3445 458 λογικῷ.
3498 392 3557 440 τὰ
3583 399 3662 453 τῆς
3705 397 3850 466 φύσεως

553 479 642 547 μὲν
701 476 880 537 οὕτως.
946 477 1086 529 Ἐπεὶ
1136 473 1195 529 δὲ
1249 480 1401 547 φύσιν
1473 479 1561 527 καὶ
1636 477 1850 549 κράσείς
1924 473 2200 544 πολλαχῶς

553 586 645 617 και
718 566 1018 639 πολυμερῶς
1084 567 1432 631 ἐξετάσαντες,
1502 568 1550 618 ἓν
1615 584 1669 616 τε
1722 570 1996 635 νοήμασιν,
2058 566 2105 617 ἓν
2149 584 2203 616 τε

2044 657 2201 709 ἕντι

563 748 865 815 στοιχεὶοις,
934 747 981 795 ἓν
1027 765 1079 796 τε
1116 744 1303 809 λίθοις,
1353 748 1403 796 ἕν
1466 764 1522 795 τε
1562 743 1843 815 μετάλλοις,
1888 746 1935 795 ἓν
1997 763 2051 795 τε
2111 764 2205 815 φυ-

556 654 751 726 λὸγοις,
806 658 853 706 ἓν
895 675 948 707 τε
1013 662 1309 727 σχήμασιν,
1393 658 1439 706 ἔν
1504 675 1556 707 τε
1634 654 1957 726 ἐπιστήμαις,

557 841 684 899 τοῖς,
718 836 765 885 ἔν
819 853 872 885 τε
910 840 1139 906 τροφαῖς,
1193 838 1242 886 ἓν
1292 853 1344 887 τε
1418 842 1634 906 χυμοῖς,
1668 836 1715 885 ἓν
1772 852 1825 885 τε
1892 834 2063 901 ζώοις,
2117 853 2205 885 και

559 924 788 995 εὑρόντες
843 932 1115 994 πανταχού
1171 926 1234 975 τὰ
1271 927 1365 976 ἶσα
1428 919 1692 995 ἰδιώματα
1752 920 1812 973 ἂν
1874 922 2208 996 προσάλληλα

559 1016 820 1084 φέρουσιν,
898 1014 928 1070 ἡ
1011 1015 1167 1084 φύσις
1231 1033 1320 1064 και
1368 1015 1422 1064 αἱ
1494 1014 1723 1086 κράσεις,
1789 1032 1879 1063 και
1927 1020 2030 1072 πῶς
2086 1031 2208 1063 ποτε

2013 1098 2072 1153 δε
2118 1121 2207 1153 και

554 1192 678 1241 ποτε
720 1210 809 1241 και
846 1194 981 1242 κατά
1011 1195 1061 1241 τί
1093 1209 1182 1241 και
1240 1189 1288 1241 ἐν
1340 1194 1443 1241 τίνι
1499 1189 1557 1242 οὗ
1610 1198 1963 1258 κοινωνουσιν,
2019 1192 2208 1260 ὁμοίως

557 1108 862 1152 κοινωνοῦσι
952 1120 1039 1153 και
1107 1104 1242 1152 κατὰ
1296 1106 1344 1153 τί
1415 1122 1504 1153 και
1564 1100 1611 1152 ἐν
1657 1106 1781 1169 τίνι,
1832 1109 1937 1160 πῶς

554 1277 729 1340 ἐξίσου
795 1278 843 1331 ἓν
907 1280 1027 1341 ὅλας
1112 1284 1386 1341 νοήσαντες
1477 1300 1566 1330 και
1623 1281 1871 1353 εὑρόντες,
1931 1278 2210 1351 ἀναγκαῖὸν

553 1366 692 1419 ἔστιν
729 1365 1007 1438 ἐρευνῆσαι
1074 1368 1210 1421 αὐτὰ
1253 1388 1345 1419 και
1397 1368 1470 1429 εἰς
1525 1372 1581 1420 τὸ
1640 1368 1880 1440 ἔμψυχον
1938 1370 2068 1429 ζῶον
2122 1372 2212 1423 και

550 1456 643 1525 λον
651 1461 758 1508 ικον
767 1499 777 1510 .

555 1543 848 1606 ἐξετάζεται

868 1457 952 1517 Εἰς
1009 1465 1162 1509 τοῦτο
1220 1461 1320 1531 γὰρ
1377 1478 1465 1509 και
1511 1460 1661 1529 φύσις
1710 1477 1799 1508 και
1852 1464 2042 1529 κρᾶσις
2096 1461 2210 1520 ἣτις

558 1683 628 1722 ac
657 1673 871 1723 natura
885 1668 1253 1737 singulorum
1278 1667 1406 1733 fert,
1421 1674 1598 1741 atque
1614 1670 1736 1725 haec
1770 1670 2016 1741 quidem
2033 1671 2193 1726 hunc

556 1756 618 1811 in
644 1758 895 1812 modum
920 1756 1162 1814 habent.
1195 1759 1492 1823 Quoniam
1522 1764 1719 1813 autem
1752 1758 1945 1814 multis
1998 1760 2193 1815 modis

560 1845 1079 1918 multipliciterque
1109 1847 1599 1915 investigavimus
1612 1852 1894 1903 naturam
1909 1854 1965 1903 et
1986 1854 2204 1921 tempe-

559 1934 814 1989 rationes
852 1934 912 1989 in
940 1936 1152 1990 mentis
1191 1936 1483 2003 cogitatis,
1506 1936 1564 1990 in
1587 1935 1937 2003 rationibus,
1966 1937 2025 1991 in
2056 1938 2205 2007 ﬁgu-

556 2023 660 2089 ris,
702 2024 762 2078 in
792 2023 1073 2092 scientiis,
1112 2024 1171 2079 in
1194 2023 1520 2090 elementis,
1554 2025 1614 2080 in
1634 2025 1955 2096 lapidibus,
1992 2027 2051 2081 in
2079 2043 2202 2082 me-

554 2110 730 2179 tallis,
760 2113 817 2167 in
853 2114 1094 2181 plantis,
1126 2114 1184 2167 in
1219 2114 1536 2178 alimentis,
1580 2114 1638 2168 in
1670 2115 2025 2171 humoribus
2054 2121 2111 2172 et
2140 2117 2197 2171 in

553 2200 929 2271 animalibus,
954 2202 1283 2274 reperimus
1310 2208 1511 2258 autem
1546 2203 1766 2275 ubique
1808 2205 2201 2277 proprietates

547 2305 701 2361 quas
730 2290 1040 2345 conferunt
1070 2289 1179 2344 sibi
1208 2290 1359 2345 inter
1395 2306 1457 2344 se
1478 2295 1693 2346 natura
1714 2295 1770 2346 et
1814 2294 2200 2364 temperatio-

549 2394 677 2443 nes,
710 2378 1212 2450 consimiliterque
1227 2378 1738 2434 consideravimus
1753 2385 1808 2435 et
1824 2381 2067 2437 animad
2077 2399 2202 2437 ver-

550 2466 728 2521 timus
750 2466 1058 2537 quomodo
1098 2471 1153 2521 et
1182 2468 1450 2537 quando,
1505 2468 1839 2524 secundum
1889 2469 2037 2541 quid
2063 2476 2118 2525 et
2139 2472 2197 2525 in

550 2572 674 2628 quo
704 2556 984 2611 universa
1022 2556 1173 2611 inter
1228 2573 1291 2611 se
1355 2558 1823 2623 communicent,
1867 2563 1924 2613 et
1970 2564 2196 2627 contra,

551 2644 860 2716 quomodo
900 2649 954 2699 et
982 2644 1248 2715 quando,
1278 2644 1610 2699 secundum
1623 2646 1907 2716 quidetin
1935 2663 2059 2719 quo
2076 2663 2198 2703 non

553 2732 1009 2799 communicent,
1036 2748 1276 2788 necesse
1306 2738 1394 2788 est
1418 2733 1957 2789 considerationem
2020 2740 2076 2790 et
2094 2736 2199 2791 cir-

552 2822 1064 2893 cumspectionem
1085 2825 1352 2877 nostram
1377 2821 1456 2877 ad
1485 2823 1820 2877 animatum
1855 2823 2081 2885 animal
2147 2829 2203 2879 et

551 2908 797 2964 rationis
827 2910 1121 2981 particeps
1150 2909 1481 2965 transferre.
1513 2912 1657 2965 Nam
1689 2911 1768 2965 ad
1807 2911 1923 2966 hoc
1975 2916 2203 2983 spectat

554 3002 770 3053 natura
798 3002 857 3054 et
883 2997 1232 3070 temperatio
1261 3013 1449 3069 quam
1478 3014 1617 3054 cum
1631 3003 1848 3055 natura
1869 3005 2200 3071 perscruta-

554 3103 710 3144 mur.
744 3091 862 3144 Hoc
890 3088 1052 3145 enim
1081 3087 1265 3144 modo
1290 3088 1351 3143 in
1374 3088 1489 3144 hoc
1556 3088 1803 3145 animali
1858 3090 2126 3146 animato
2147 3095 2201 3147 et
2244 3094 2284 3149 C

2311 476 2399 524 καὶ
2481 481 2579 523 τῶν
2654 474 2886 546 κράσεων
2967 474 3333 547 ἐκτελέσματα,
3409 483 3492 529 καὶ
3569 475 3851 556 dua-rdinum

2314 561 2369 614 ἐκ
2434 570 2531 613 τῶν
2588 568 2891 635 κρειττόνων
2958 567 3023 617 τὰ
3092 570 3324 640 χείρονα,
3382 587 3468 618 και
3522 568 3570 619 ἐκ
3628 581 3707 622 τῶν
3747 579 3855 645 φύσει

2314 654 2380 702 τὰ
2428 654 2593 723 τύχῃ,
2640 657 2729 704 καὶ
2775 651 2829 704 ἐκ
2884 662 2982 705 τῶν
3040 652 3448 726 ἐπιστημονικῶν
3496 659 3556 708 τὰ
3579 663 3641 729 μὴ
3685 672 3855 724 τοιαῦτα,

2315 745 2405 791 καὶ
2435 739 2490 792 ἐκ
2520 749 2618 793 τῶν
2664 747 2918 815 φρονίμων
2962 746 3026 795 τὰ
3073 742 3266 802 ἀνόητα
3320 751 3408 797 καὶ
3458 749 3520 798 τὰ
3555 756 3635 799 τοῦ
3677 751 3856 823 θράσους,

2316 849 2406 881 και
2431 828 2485 880 ἐκ
2510 839 2609 881 τῶν
2641 826 2898 903 ἀνδρικῶν
2934 834 3000 882 τὰ
3036 829 3268 903 ψοφοδεῆ
3303 853 3390 885 και
3443 837 3504 886 τὰ
3550 844 3632 887 τοῦ
3679 840 3858 911 θρασους,

2316 938 2407 971 και
2476 918 2531 970 ἐκ
2612 927 2711 970 τῶν
2795 930 3124 995 σωφρονικῶν
3192 924 3257 974 τὰ
3345 930 3435 984 τῆς
3494 922 3734 987 ἀκολασίας
3804 950 3863 981 και

2319 1008 2664 1073 ήλιθιοτητος,
2727 1028 2814 1060 και
2876 1007 2931 1060 ἐκ
2997 1018 3097 1062 τῶν
3146 1008 3364 1063 δικαίων
3445 1016 3507 1065 τὰ
3545 1022 3630 1075 τῆς
3656 1017 3865 1086 μειονεξίας

2316 1118 2405 1149 και
2463 1096 2773 1163 πλεονεξίας,
2836 1116 2927 1151 και
3000 1098 3056 1150 ἐκ
3133 1109 3227 1161 τῆς
3292 1099 3530 1163 ἀληθείας
3599 1108 3651 1154 τὸ
3710 1102 3864 1173 ψεῦδος,

2317 1207 2407 1239 και
2472 1186 2527 1237 ἐκ
2568 1194 2661 1238 τοῦ
2704 1191 2846 1248 ὄντος
2919 1191 2977 1241 τὸ
3035 1185 3271 1259 δοκήσει,
3330 1211 3415 1242 και
3467 1189 3518 1242 ἐκ
3603 1194 3772 1244 πάντων
3802 1204 3867 1246 τῶν

2318 1276 2484 1327 καλῶν
2564 1278 2630 1327 τὰ
2705 1278 2863 1345 κακὰ,
2916 1278 2942 1328 ὃ
2990 1297 3080 1329 και
3155 1283 3452 1351 ποιήσωμεν
3509 1278 3789 1341 ὶξετάσαντες
3825 1284 3868 1342 εἰς

2320 1364 2615 1436 ἐπιστήμην
2703 1384 2789 1416 και
2845 1374 3037 1436 γνῶσιν
3097 1370 3416 1439 πραγμάτων
3489 1368 3668 1420 πολλῶν
3714 1388 3868 1445 συναρι·

2320 1457 2513 1525 γούσης
2543 1456 2667 1526 ἡμῖν
2702 1463 2795 1514 τῆς
2821 1450 3086 1526 δυνάμεως
3109 1464 3202 1509 τοῦ
3227 1464 3382 1511 Θεοῦ.

931 1549 1024 1597 σὺν
1066 1553 1126 1616 τῇ
1195 1548 1365 1617 φύσει.
1430 1547 1607 1606 Οὕτως
1657 1549 1757 1617 γὰρ
1823 1545 1883 1597 ἂν
1939 1546 1987 1598 ἐν
2057 1551 2232 1619 τούτῳ
2313 1578 2315 1581 ι

2311 1666 2558 1723 rationis
2582 1666 2868 1738 participe
2908 1666 3430 1724 considerabimus
3464 1675 3673 1726 natura;
3710 1675 3751 1724 et
3774 1672 3872 1724 tem-

2311 1755 2689 1829 perationum
2702 1754 2965 1825 effectus,
2988 1755 3497 1829 etdistinguemus
3513 1758 3653 1813 inter
3665 1762 3873 1830 praestan-

2312 1845 2461 1901 tiora
2490 1848 2544 1899 et
2566 1843 2791 1910 viliora,
2826 1843 2976 1899 inter
3020 1860 3090 1900 ea
3143 1860 3280 1917 qua;
3338 1852 3477 1902 sunt
3526 1852 3719 1903 natura
3756 1848 3874 1901 etiiia

2311 1950 2447 2007 quae
2473 1938 2611 1988 sunt
2636 1931 2895 1999 fortuna,
2930 1933 3084 1988 inter
3108 1949 3179 1989 ea
3209 1950 3345 2006 qua:
3375 1935 3453 1991 ad
3484 1936 3757 1991 scientiam
3792 1952 3874 2007 per-

2309 2025 2498 2079 tinent
2534 2026 2589 2077 et
2616 2020 2714 2076 illa
2752 2038 2889 2092 quae
2954 2037 3074 2077 non
3132 2023 3448 2095 pertinent,
3499 2024 3641 2080 inter
3688 2026 3876 2080 actiones

2309 2111 2673 2184 prudentum
2697 2115 2753 2165 et
2773 2110 3036 2166 actiones
3068 2112 3523 2183 imprudentum
3548 2129 3613 2169 ac
3650 2112 3875 2185 improbo-

2308 2216 2464 2265 rum,
2492 2199 2643 2255 inter
2672 2199 2936 2255 actiones
2981 2200 3224 2256 fortium
3273 2202 3536 2258 virorum
3594 2207 3646 2258 et
3688 2201 3876 2257 actiones

2308 2289 2625 2345 hominum
2657 2288 3002 2344 timidorum
3024 2292 3079 2343 et
3104 2289 3576 2357 temerariorum,
3599 2291 3730 2346 inter
3753 2288 3861 2346 actio

2308 2394 2414 2434 nes
2442 2382 2904 2449 temperantum,
2936 2384 2993 2433 et
3030 2377 3296 2435 actiones
3358 2381 3810 2453 intemperantum
3835 2395 3877 2434 ac

2310 2468 2692 2539 stupidorum
2731 2467 3067 2532 hominum,
3110 2470 3262 2524 inter
3293 2470 3636 2542 aequitatem
3662 2476 3710 2525 et
3733 2470 3878 2539 iniqui-

2308 2559 2492 2612 tatem
2523 2571 2663 2611 cum
2694 2555 2911 2628 aliquis
2936 2555 3139 2629 inique
3154 2557 3410 2629 autplus
3435 2558 3729 2626 habet,aut
3743 2556 3878 2613 minus

2309 2644 2510 2710 habet,
2553 2645 2705 2699 inter
2735 2643 2888 2699 falsa
2916 2650 2973 2699 et
2998 2660 3156 2716 vera,
3191 2647 3345 2701 inter
3380 2646 3525 2702 illud
3551 2644 3701 2719 quod
3726 2660 3774 2701 re
3791 2660 3880 2698 vera

2310 2740 2416 2799 est,
2445 2737 2502 2788 et
2528 2733 2675 2788 illud
2710 2732 2875 2805 quod
2911 2732 3126 2804 aliquis
3166 2735 3451 2807 opinatur
3514 2752 3635 2791 esse
3671 2751 3783 2791 cum
3802 2747 3879 2788 non
3970 2752 3971 2759 η

2312 2822 2406 2888 sit,
2443 2823 2596 2878 inter
2634 2821 2798 2878 bona
2816 2826 2873 2877 et
2901 2822 3063 2879 mala
3088 2840 3102 2889 ;
3129 2823 3295 2895 quod
3314 2840 3431 2880 nos
3451 2826 3786 2897 perﬁciemus
3802 2836 3881 2893 per

2311 2911 2617 2979 quirentes
2648 2911 2979 2968 multarum
3004 2927 3208 2968 rerum
3236 2914 3638 2984 cognitionem
3667 2919 3717 2970 et
3758 2912 3882 2967 scien-

2312 3001 2458 3057 tiam
2490 3000 2816 3071 adjuvante
2846 3016 2957 3057 nos
2993 3002 3094 3057 Dei
3132 3003 3409 3059 numine.

810 3407 2053 3585 ΘΕΟΔΟΡΟΥ
2153 3408 2565 3581 ΤΟΥ
2666 3410 3699 3585 ΛΑΣΚΑΡΙ

1057 3654 1188 3700 ΤΟΥ
1250 3653 1405 3700 ΥΙΟΥ
1458 3650 1591 3705 ΤΟΥ
1657 3653 1978 3701 ΜΕΓΑΛΟΥ
2045 3651 2366 3700 ΒΑΣΙΛΕΩΣ
2430 3652 2644 3700 ΚΥΡΟΥ
2706 3657 3007 3705 ῙΩΛΝΝΟΥ
3060 3657 3194 3704 ΤΟΥ
3257 3657 3483 3706 ΔΟΥΚΑ

1689 3833 1868 3899 ΤΗΣ
1918 3834 2318 3907 ΦΥΣΙΚΗΣ
2356 3835 2865 3901 ΚΟΙΝΩΝῙΑΣ

1755 3988 2115 4075 ΛΟΓΟΣ
2177 3985 2776 4075 ΔΕΥΤΕΡΟΣ.

1489 4126 2309 4295 ΤΗΕΟΒΟΒῙ
2365 4178 2395 4287 l
2448 4174 3045 4295 ASCARIS

1315 4361 1469 4416 FiLIl
1537 4363 1747 4418 SUMMI
1815 4360 2280 4417 IMPERATORIS
2354 4363 2599 4418 DOMINI
2661 4362 2951 4418 JOANNIS
3019 4362 3233 4418 DUCIE

1273 4459 1462 4577 DE
1501 4457 2239 4579 NATUBALI
2314 4457 3177 4583 COMMUNION
3214 4461 3283 4565 ii

1809 4677 2011 4764 SER
2032 4678 2185 4763 ΜΟ
2260 4676 2754 4765 TERTIUS.

646 4948 713 5002 α’.
783 4949 1089 5020 ’Δναγκαῖόν
1165 4949 1277 5004 ἐστι
1354 4970 1443 5001 και
1487 4954 1599 5024 περὶ
1663 4957 1762 5001 τῶν
1810 4956 1902 5001 τοῦ
1948 4947 2218 5021 ἀνθρώπου
2259 4950 2299 5003 D
2329 4946 2607 5019 ἀναγκαῖον
2686 4948 2820 4999 κατὰ
2890 4945 3150 5016 συζυγίας
3215 4940 3384 5006 δεῖξαι
3452 4944 3600 5009 αὐτὸ,
3667 4944 3737 4993 ἶνα
3775 4947 3891 4988 πασας

572 5046 843 5088 κοινωνιῶν
875 5041 931 5090 τὸ
965 5036 1144 5100 ἀληθὲς
1171 5036 1362 5105 δεῖξαι,
1414 5036 1593 5097 ἐπειδὴ
1644 5042 1832 5111 μέχρις
1880 5038 2038 5089 αὐτου
2091 5036 2219 5108 ξύμ-

568 5144 742 5176 πασαν
787 5131 880 5185 τήν
947 5129 1045 5179 ὑπὸ
1115 5131 1267 5200 φύσιν
1313 5126 1635 5201 ἐξητάσαμεν
1688 5146 1978 5193 κοινωνίαν,
2018 5132 2111 5185 τήν
2162 5144 2221 5197 γε

567 5218 701 5268 κατὰ
740 5218 894 5288 φύσιν
922 5213 1081 5269 οὖσαν
1131 5238 1221 5269 και
1284 5219 1516 5292 κράσεις.
1560 5216 1713 5270 Ἔστι
1763 5213 1821 5269 δὲ
1856 5237 1944 5268 και
1986 5215 2219 5288 μάλιστα

639 5340 690 5395 1.
725 5340 801 5396 De
832 5341 1275 5397 communionis
1299 5341 1493 5395 modis
1525 5341 1627 5412 qui
1658 5340 1716 5395 in
1740 5340 1982 5396 homine
2023 5338 2215 5394 consi-

565 5430 760 5487 derari
774 5436 1020 5501 possunt
1033 5430 1177 5501 quid
1194 5429 1555 5484 sentiendum
1574 5430 1645 5484 sit
1659 5429 1965 5483 ostendere
1979 5442 2217 5499 quoque

570 5520 744 5577 nobis
774 5535 973 5591 operm
1001 5518 1257 5589 pretium
1286 5517 1848 5582 videtur.Quoniam
1871 5523 2068 5572 autem
2084 5517 2221 5571 hac-

570 5613 662 5666 ten
675 5627 741 5666 us
756 5608 1095 5666 universam
1113 5606 1593 5663 communionem
1608 5622 1745 5677 quae
1758 5612 1845 5661 est
1856 5605 1969 5662 sub
1981 5610 2218 5675 natura,

2328 5055 2405 5096 τις
2442 5038 2577 5107 ἔχων
2629 5037 3068 5107 συνηθροισμένας
3124 5033 3175 5084 ἓν
3224 5032 3387 5101 τάξει,
3448 5041 3520 5104 τῷ
3576 5030 3735 5089 ἁληθεί
3772 5022 3889 5084 σκοπῷ

2330 5123 2648 5195 ἐπακολουθῇ
2705 5144 2719 5157 ⁸

2793 5143 2882 5175 και
2943 5121 3107 5183 οὕτως
3188 5122 3387 5196 ῥᾴστην
3464 5124 3577 5193 ἔχει
3642 5123 3723 5175 τὴν
3764 5111 3818 5171 εἰς
3852 5124 3891 5155 τε

2328 5215 2459 5284 μετὰ
2521 5219 2688 5263 ταῦτα
2761 5210 3209 5263 ἐπακολουθοῦσαν
3280 5217 3378 5261 τῶν
3424 5211 3685 5280 νοημάτων
3737 5195 3891 5252 κατεῖλε-

2326 5340 2448 5391 tam
2480 5333 2641 5389 illam
2675 5348 2811 5404 quae
2841 5332 3175 5387 secundum
3193 5334 3469 5386 naturam
3493 5332 3595 5394 est,
3633 5326 3891 5398 quam!“£9

2327 5424 2651 5479 secundum
2672 5423 3139 5494 temperationes,
3158 5418 3655 5490 investigavimus,
3670 5418 3744 5470 est
3757 5414 3887 5466 autem

2328 5515 2389 5570 in
2406 5514 2613 5586 primis
2626 5513 3027 5569 necessarium
3043 5509 3267 5566 secuno‘
3278 5526 3374 5565 um
3390 5504 3805 5579 conjugationes

2328 5580 2527 5677 ipsum
2545 5602 2987 5678 demonstrare,
3021 5604 3085 5655 ut
3110 5598 3362 5677 quilibet
3374 5595 3550 5671 simul
3569 5592 3753 5650 ordine
3771 5580 3889 5641 colle
