4066 6212
214 285 349 342 1301

206 409 307 479 ψιν
359 407 660 471 δύσληπτον
719 419 830 485 καὶ,
890 415 1192 476 συλλήϐδην
1229 419 1516 494 περιλαϐὼν
1579 423 1725 486 εἴπω,
1777 423 1864 472 τὸν

207 498 332 551 ὅλον
397 511 490 562 τῆς
553 509 906 576 πραγματείας
965 511 1157 559 σκοπὸν
1223 518 1581 582 σπερματικῶς
1641 507 1856 580 ἀναμνη·
1895 495 1941 546 Α
1974 514 2240 586 ροὺμεναι,
2297 510 2437 570 ἐκτὸς
2513 520 2608 572 τῆς
2698 510 2891 570 ἁπλῆς.

205 592 414 659 μονεὺει
469 594 570 665 πρὸ
647 600 740 643 τοῦ
792 593 962 654 τέλους
1030 602 1120 656 τῆς
1172 602 1584 668 παραγματείας·
1626 600 1737 668 ἔχει
1807 594 1867 649 δε

205 676 377 740 οὕτως
405 681 595 736 πάντα,
635 681 794 734 Ἑπτά
850 702 1000 734 τινων
1055 685 1209 736 ὄντων
1264 694 1363 737 τῶν
1411 685 1459 736 ἐν
1520 689 1643 758 ἡμῖν
1699 694 1868 759 μερῶν

205 765 274 817 ἐκ
299 766 486 839 ψυχῆς
517 765 760 826 δηλονότι
815 776 904 823 καὶ
928 771 1071 840 ὑλης,
1103 774 1197 826 οὑκ
1238 775 1442 832 ἰσότητι
1503 795 1636 827 πασι
1699 776 1867 826 ταῦτά

201 855 369 922 εἰσιν,
411 857 520 909 ἀλλ’
593 861 786 930 ἔχοντα
844 859 1038 922 ἀνέσεις
1089 868 1181 914 καὶ
1237 863 1496 924 ἐπιτάσεις
1540 863 1588 915 ἐν
1629 869 1860 938 ατὸμοις,

202 944 351 997 αὐτὰ
377 944 426 997 ἐν
453 952 600 1020 τρισὶ
636 954 726 1001 καὶ
783 947 912 1002 δέκα
973 951 1250 1023 συζυγίαις
1289 954 1608 1028 μερίζονται,
1669 955 1723 1007 αἱ
1774 959 1864 1008 καὶ

203 1041 320 1094 τοῖς
383 1040 590 1109 μέρεσιν
690 1037 1084 1111 ἀριθμηθεῖσαι,
1205 1040 1479 1100 ἐννήκοντα
1581 1048 1708 1118 πρὸς
1799 1052 1862 1102 τῆ

204 1119 398 1196 τριάδι
433 1129 722 1196 γίγνονταυ
771 1124 1096 1202 διαιροῦνται
1149 1127 1207 1183 δὲ
1261 1132 1416 1184 αὗται
1469 1133 1541 1194 εἰς
1606 1137 1866 1206 τέσσαρας

205 1211 383 1273 τάξεις
415 1211 510 1265 ἁνὰ
556 1223 694 1286 τρεῖς
749 1217 905 1269 οὖσαι
934 1223 1032 1290 μία
1061 1219 1254 1278 ἑκάστη
1268 1266 1282 1289 ,
1307 1222 1372 1271 ὧν
1429 1227 1526 1294 μία
1562 1226 1651 1295 μὲν
1704 1222 1862 1290 ἁπλῆ,

207 1302 274 1352 οιὶ
301 1297 348 1352 δ’
373 1301 523 1355 ἄλλαι
544 1301 835 1357 έλλειπουσί
886 1326 940 1359 τε
980 1313 1069 1360 καὶ
1143 1309 1498 1378 ἐπιτείνονται,
1559 1316 1648 1364 καὶ
1712 1321 1864 1365 τοῦτο

207 1385 253 1442 δ
260 1390 293 1441 ι’
349 1389 476 1442 ὅλων
517 1392 708 1450 αὐτῶν.
779 1401 878 1448 Καὶ
922 1396 1054 1456 ἁπλῆ
1111 1401 1201 1470 μεν
1263 1399 1350 1451 οὖν
1417 1401 1558 1453 ἐστιν
1610 1406 1721 1464 ἣτις
1777 1409 1866 1457 καὶ

206 1483 347 1550 μόνη
379 1478 540 1548 ἐστὶν,
571 1483 601 1538 ἡ
652 1481 826 1545 ἕξίσου
883 1490 968 1538 καὶ
1022 1490 1086 1538 τὰ
1130 1487 1258 1540 ἑπτὰ
1312 1491 1538 1560 ἔχουσα,
1599 1491 1704 1544 οἷον
1752 1496 1866 1544 τόα

209 1566 339 1639 βγ,
390 1589 480 1620 και
534 1567 680 1634 οὖθις
735 1576 792 1625 τὸ
846 1593 866 1627 ε
923 1579 951 1639 ζ
1009 1595 1040 1633 η
1089 1578 1138 1629 θ’
1191 1577 1428 1640 ἐπίτασις
1482 1582 1583 1653 γὰρ
1629 1579 1678 1632 ἐν
1730 1581 1860 1641 αὐτῆ

205 1656 309 1708 οὐκ
355 1660 496 1710 ἔστιν
539 1661 646 1711 οὔτ’
697 1663 888 1728 ἄνεσις,
941 1672 1056 1726 ταῖς
1113 1661 1172 1717 δε
1228 1668 1357 1738 μετὰ
1425 1671 1619 1726 ταύτην
1667 1671 1865 1732 πάσαις

201 1764 302 1798 και
377 1747 641 1822 ἐπιτάσεις
703 1751 1030 1823 εὑρίσκονται
1109 1773 1198 1806 και
1268 1754 1485 1818 ἀνέσεις.
1573 1759 1669 1810 Διὰ
1711 1766 1864 1812 τοῦτο

201 1854 300 1886 και
347 1835 419 1897 εἰς
463 1836 660 1900 πλῆθος
728 1847 791 1897 τῆ
854 1849 952 1892 τῶν
1035 1845 1354 1915 μεταθέσεων
1436 1854 1703 1920 προχωρεῖ
1755 1867 1861 1899 κοι-
1903 1837 1942 1888 Β
1973 1843 2230 1906 ταθέσεως
2309 1842 2520 1906 ἐναλλὰξ

203 1927 385 1996 νωνίᾳ·
445 1927 568 1976 ὅταν
641 1929 742 2001 ’γὰρ
785 1929 812 1979 ὁ
862 1931 1132 2003 καθαρμὸς
1179 1930 1227 1982 ἐν
1283 1931 1488 1990 ἰσότητι
1533 1938 1593 1986 τὸ
1647 1955 1680 1986 α
1729 1934 1765 2007 β
1829 1957 1863 2008 7

201 2014 309 2084 εχῇ
347 2033 437 2067 και
468 2018 528 2066 τὸ
601 2034 621 2067 ε
699 2020 726 2079 ζ
779 2037 810 2076 η
861 2020 910 2085 9,
993 2015 1443 2080 διπλασιασθῆναι
1516 2023 1575 2076 οὑ
1645 2021 1867 2084 δύνηται

204 2105 344 2154 κατά
371 2122 432 2175 γε
485 2099 810 2179 ἱδιοτροπίαν
867 2110 1000 2178 τινὰ,
1053 2108 1098 2160 εἰ
1145 2115 1216 2181 μή
1270 2111 1350 2162 ὅτι
1397 2112 1468 2173 ὡς
1527 2114 1719 2186 ἄτομον
1775 2133 1865 2170 και

206 2192 391 2262 μονὰς,
450 2211 539 2246 και
587 2191 736 2244 ἄλλον
777 2195 1044 2268 καθαρμὸν
1091 2195 1190 2258 ἕξει
1240 2200 1434 2270 ὅμοιον,
1481 2208 1548 2252 ῶν
1613 2203 1708 2255 οὑκ
1751 2207 1866 2258 ἔστι

207 2275 478 2352 διαιφορά.
512 2279 677 2332 Ὀταν
730 2278 790 2334 δὲ
853 2283 1116 2356 ὑφειμένον
1169 2288 1218 2338 ἔν
1271 2289 1372 2358 εχη
1423 2297 1522 2340 τῶν
1567 2296 1863 2365 γραφέντων

211 2374 486 2440 στοιχείων
533 2371 559 2422 ὁ
604 2371 794 2444 ἕτερος,
844 2370 1127 2444 ἐξανάγκης
1165 2380 1346 2447 πρόσω
1399 2379 1515 2449 ἔχει
1573 2383 1642 2432 τὰ
1690 2382 1857 2458 ἔτερα,

208 2476 300 2508 και
346 2453 453 2516 ἤδη
515 2455 747 2533 διαφέρει
801 2462 1065 2534 καθαρμὸς
1104 2471 1196 2514 τοῦ
1248 2467 1540 2538 καθαρμοῦ,
1607 2488 1698 2522 και
1746 2453 1859 2524 ius;

210 2565 302 2597 του
354 2551 640 2618 γινομένου,
707 2556 797 2601 τοῦ
859 2553 1230 2622 μετατίθεσθαι
1310 2557 1426 2608 καθ’
1521 2557 1726 2629 ὑφέσεις
1793 2563 1859 2614 τὰ

221 2640 467 2704 στοιχεῖα
534 2655 621 2687 και
684 2637 972 2705 ἐπιτάσεις,
1051 2638 1400 2712 τρισκαίδεκα
1485 2651 1655 2698 πᾶσαι
1735 2654 1884 2719 γενήο

1031 293 1385 351 THEODORI
1415 294 1463 348 II
1496 295 1636 351 IMP.
1662 295 1754 349 DE
1793 293 2255 351 COMMUNIONE
2283 291 2661 348 NATURALI.

3487 291 3624 346 i302

1974 439 2153 472 σονται
2209 425 2482 492 συζυγίαι,
2537 421 2980 491 ἐννενηκονταχῶς
3032 419 3165 490 πρὸς
3211 417 3280 467 τὰ
3327 412 3424 466 δύο
3484 412 3627 467 διαι-

2997 512 3097 560 Kal
3151 511 3332 579 πρώτη
3387 508 3477 578 μὲν
3538 501 3626 557 οὖν

1975 601 2178 660 πάντως
2205 599 2344 652 ἐστὶν
2370 602 2400 657 ἠ
2431 598 2590 666 ἁπλῆ,
2635 595 2742 652 εἶτα
2797 601 2866 660 ὡς
2921 596 2970 649 ἐν
3024 596 3166 658 τάξει
3223 597 3278 647 αἱ
3324 596 3454 666 μετὰ
3506 596 3630 646 ταύ-

1975 708 2089 746 την
2144 684 2360 761 δευτέρα
2414 685 2474 740 δὲ
2530 688 2676 750 τάξις
2722 695 2822 739 τῶν
2867 687 3131 756 συζυγιῶν
3182 686 3212 742 ἡ
3264 685 3331 735 τὰ
3370 687 3493 756 τρία
3537 687 3630 736 καὶ

1974 783 2095 850 τρία
2127 781 2348 850 ἔχουσα,
2372 779 2439 830 τὰ
2465 779 2556 850 μὲν
2581 797 2615 829 α
2651 775 2686 849 β
2714 797 2748 848 σγ
2795 778 2987 838 πάντα,
3037 782 3136 827 τῶν
3165 769 3224 824 δὲ
3256 792 3275 824 ε
3301 773 3334 832 ξ
3390 791 3420 830 η
3482 774 3509 824 9
3560 773 3628 824 τὰ

1974 872 2113 940 τρία,
2166 868 2435 938 ὑφειμένου
2492 873 2582 917 τοῦ
2642 863 2745 926 ἐνὸς
2797 862 3062 931 δηλονότι,
3134 859 3354 913 ὧντινων
3428 880 3450 912 ε
3503 860 3536 920 ξ
3593 880 3624 918 η

1978 958 2004 1009 9
2058 960 2150 1015 τὴν
2219 953 2399 1026 ὕφεσιν
2509 952 2720 1016 ἐναλλὰξ
2827 954 3030 1024 θέμενος
3104 953 3310 1022 εὑρήσω
3374 951 3627 1022 τέτταρας

1977 1035 3627 1116 συζυγίαςαβγεζηαβγζηθαβγ

1975 1154 2006 1193 η
2060 1135 2086 1186 9
2145 1152 2167 1184 ε
2236 1152 2270 1184 α
2325 1130 2361 1205 β
2416 1153 2449 1204 γ
2499 1151 2521 1184 ε
2571 1133 2596 1184 θ
2650 1131 2683 1192 ζ
2735 1129 2789 1182 αἱ
2843 1127 3153 1202 διαφέρουσι
3205 1137 3268 1188 τῆ
3326 1128 3626 1200 μεταθέσει.

1979 1225 2125 1278 Καθὰ
2175 1224 2274 1296 γὰρ
2325 1225 2355 1280 ἡ
2396 1227 2576 1294 πρώτη
2631 1225 2761 1296 πρὸς
2829 1225 2922 1278 τὴν
2977 1216 3242 1291 δευτέραν,
3302 1221 3332 1276 ἤ
3387 1218 3418 1274 ἡ
3473 1219 3620 1288 τρίτη

1972 1317 2102 1386 πρὸς
2145 1316 2239 1370 τὴν
2292 1313 2541 1382 ὑτάστην,
2595 1311 2730 1364 οὑτω
2779 1307 2847 1368 δὴ
2901 1313 2993 1361 καὶ
3038 1311 3096 1360 τὸ
3153 1306 3209 1358 ἐκ
3259 1315 3351 1367 τῆς
3399 1307 3628 1365 ὑστάτης

1972 1402 2159 1476 κραθὲν
2204 1401 2396 1470 ἄτομον
2462 1401 2593 1471 πρὸς
2651 1402 2708 1451 τὸ
2761 1397 2816 1450 ἐκ
2868 1404 2964 1458 τῆς
3017 1401 3230 1471 πρώτης
3281 1413 3335 1446 τε
3394 1397 3485 1445 καὶ
3533 1399 3627 1452 τῆς

1972 1494 2172 1562 τρίτης,
2224 1492 2314 1539 καὶ
2380 1494 2532 1539 τοῦτο
2592 1495 2692 1538 τῶν
2757 1487 3012 1558 τεττάρων
3095 1486 3284 1536 κοινόν.
3350 1484 3497 1535 Μετὰ
3567 1477 3628 1536 δὲ

1972 1580 2167 1634 ταύτην
2214 1580 2364 1650 τρίτη
2445 1575 2594 1638 τάξις
2663 1583 2762 1626 τῶν
2844 1573 3107 1644 συζυγιών
3154 1577 3184 1629 ἡ
3239 1573 3307 1622 τὰ
3365 1589 3490 1644 τρια
3528 1567 3626 1622 δύο

1973 1671 2199 1738 ἔχουσα,
2233 1667 2302 1718 τὰ
2347 1669 2436 1737 μεν
2485 1685 2519 1716 α
2566 1663 2603 1738 β
2641 1685 2676 1736 γ
2730 1665 2917 1731 πάντα,
2971 1670 3070 1714 τῶν
3127 1657 3187 1712 δε
3243 1679 3265 1712 ε
3322 1660 3354 1720 ζ
3395 1680 3425 1718 η
3483 1662 3510 1711 9
3561 1661 3630 1712 τὰ

1975 1753 2094 1824 δύο,
2122 1763 2222 1807 τῶν
2267 1751 2364 1806 δύο
2423 1754 2604 1826 ὕφεσιν
2656 1757 2995 1825 πασχόντων,
3044 1752 3199 1803 ἅτινα
3254 1745 3348 1802 διὰ
3403 1757 3500 1814 τῆς
3545 1767 3630 1820 με·

2626 1841 2978 1914 ποιησάμενος
3079 1841 3286 1914 εὑρήσω
3370 1837 3629 1908 συζυγίαν

1980 1924 3627 2004 θέσειτελείαναβγεξαβγζηαβγη

1979 2016 3414 2093 θαβγθεαβγεααβγζθαῖ
3501 2009 3629 2068 δια·-

1977 2113 2190 2182 φέρουσι
2243 2115 2305 2166 τῆ
2383 2107 2678 2180 μεταθέσει.
2763 2107 2914 2159 Καθόι
2987 2107 3088 2178 γὰρ
3173 2105 3204 2163 ἡ
3271 2107 3453 2176 πρώτη
3499 2103 3629 2176 πρὸς

1973 2202 2068 2254 τὴν
2099 2193 2364 2272 δευτέραν,
2395 2200 2424 2254 ἤ
2461 2199 2492 2254 ἡ
2521 2200 2672 2268 τρίτη
2721 2197 2846 2268 πρὸς
2905 2198 3000 2252 τὴν
3055 2193 3310 2257 ὑστάτην,
3366 2190 3502 2244 οὕτω
3554 2186 3625 2249 δὴ

1972 2291 2062 2338 καὶ
2118 2289 2176 2338 τὸ
2242 2285 2299 2338 ἐκ
2363 2293 2459 2348 τῆς
2502 2287 2737 2346 ὑστάτης
2788 2285 2976 2358 κραθὲν
3048 2283 3237 2355 ἄτομον
3283 2284 3413 2355 πρὸς
3462 2283 3522 2333 τὸ
3572 2279 3628 2332 ἐκ

1970 2383 2061 2435 τῆς
2106 2395 2316 2450 πρωτης
2403 2393 2458 2426 τε
2539 2378 2629 2426 καὶ
2698 2381 2799 2426 τῶν
2880 2371 3060 2445 ἑφεξῆς
3125 2374 3219 2432 ἕως
3260 2371 3475 2440 ταύτης,
3535 2373 3627 2421 καὶ

1967 2473 2123 2517 τοῦτο
2175 2467 2343 2516 κοινὸν
2416 2469 2506 2516 καὶ
2571 2471 2672 2516 τῶν
2720 2462 2792 2524 ἕξ.
2848 2463 2992 2515 Μετὰ
3037 2457 3096 2513 δὲ
3151 2463 3348 2518 ταυτην
3403 2460 3625 2533 τετάρτη

1966 2552 2107 2615 τὰξσς
2135 2561 2234 2605 τῶν
2266 2553 2580 2623 συζυγιῶνή
2626 2553 2692 2604 τὰ
2735 2554 2857 2622 τρία
2901 2553 2994 2602 καὶ
3051 2552 3102 2601 ἓν
3151 2551 3374 2620 ἔχουσα,
3426 2549 3491 2600 τὰ

1967 2665 2001 2697 α
2049 2643 2086 2716 β
2128 2667 2162 2716 γ
2206 2643 2394 2708 πάντα,
2426 2649 2524 2692 τῶν
2555 2636 2614 2692 δε
2662 2659 2685 2692 ε
2741 2638 2775 2700 ζ
2804 2658 2834 2696 η
2889 2639 2915 2690 9
2960 2639 3018 2690 τό
3049 2639 3099 2690 ἔν
3155 2643 3254 2688 τῶν
3301 2643 3452 2710 τριῶν
3501 2645 3631 2709 ύφε-

211 2734 338 2785 ctas
361 2730 586 2787 habens
613 2750 818 2789 verum
848 2750 1104 2806 scopum
1134 2746 1511 2810 assequatur,
1546 2749 1602 2797 et
1625 2749 1688 2799 ut
1726 2745 1864 2801 faci-
1892 2761 1932 2814 ο
1973 2745 2275 2815 deinceps.
2307 2742 2562 2810 Jamque
2583 2735 2782 2792 differt
2845 2735 3123 2809 purgatio
3171 2750 3207 2790 a
3258 2734 3617 2806 purgatione

205 2817 323 2874 lem
347 2818 569 2876 habeat
597 2821 880 2894 deinceps
913 2825 1342 2883 sententiarum
1381 2833 1861 2902 comprehensio-

203 2923 342 2963 nem
370 2907 592 2980 alioqui
648 2909 972 2980 diﬂicilem,
997 2916 1346 2971 summatim
1368 2919 1860 2992 complectamur,

203 3001 260 3050 et
285 2997 459 3068 quasi
491 3003 817 3055 sementem
842 3001 1126 3058 facientes
1161 3004 1511 3062 universum
1539 3009 1717 3079 hujus
1751 3016 1866 3066 tra-

201 3085 478 3140 ctationis
504 3102 756 3159 scopum
788 3095 1111 3163 antequam
1135 3094 1556 3163 perveniamus
1579 3097 1654 3152 ad
1677 3098 1863 3154 ﬁnem

198 3173 387 3245 ipsius
409 3177 774 3233 tractationis
795 3193 1361 3238 commemoramus.
1397 3183 1483 3240 Ita
1507 3201 1648 3241 vero
1670 3203 1732 3242 se
1755 3187 1869 3246 ha.

197 3261 344 3318 bent
358 3264 586 3320 omnia.
612 3266 758 3322 Cum
784 3266 902 3322 sint
922 3267 982 3322 in
1004 3269 1178 3324 nobis
1204 3275 1403 3341 partes
1424 3273 1708 3343 quaedam
1751 3291 1864 3331 nu-

201 3367 370 3407 mero
393 3356 644 3422 septem,
677 3369 748 3410 ex
787 3355 992 3412 anima
1020 3357 1296 3414 videlicet
1321 3365 1372 3414 et
1421 3363 1689 3432 materia,
1745 3380 1863 3420 non

199 3440 489 3496 omnibus
514 3441 630 3498 illae
653 3443 855 3498 insunt
872 3445 1197 3516 aequaliter,
1222 3448 1326 3502 sed
1338 3449 1397 3503 in
1422 3449 1746 3508 individuis
1757 3453 1864 3510 ha-

199 3527 347 3584 bent
369 3530 736 3586 intensiones
755 3547 827 3588 ac
848 3534 1253 3590 remissiones.
1273 3537 1337 3592 In
1377 3539 1662 3595 tredecim
1687 3557 1865 3614 porro

201 3617 518 3674 ordinibus
546 3621 618 3688 (4)
647 3620 985 3677 distributio
1013 3624 1296 3692 consistit,
1334 3641 1595 3697 quorum
1618 3630 1863 3701 quidem

200 3706 484 3762 ordinum
524 3712 724 3779 partes
745 3714 1091 3777 numeratae,
1132 3715 1464 3782 nonaginta
1513 3721 1628 3772 tres
1683 3709 1865 3775 simul

200 3794 512 3851 exsistunt.
551 3797 989 3854 Distribuuntur
1034 3806 1230 3856 autem
1263 3817 1470 3858 rursus
1500 3804 1558 3859 in
1601 3811 1862 3876 quatuor

197 3884 459 3953 ordines,
481 3885 562 3940 ita
589 3892 655 3940 ut
678 3889 1091 3960 unusquisque
1111 3890 1260 3945 ordo
1282 3892 1506 3948 circiter
1530 3899 1645 3949 tres
1660 3902 1856 3966 partes

197 3972 436 4041 habeat,
462 3989 722 4045 quarum
754 3993 871 4032 una
897 3977 1140 4049 quidem
1171 3985 1257 4035 est
1274 3980 1544 4052 simplex,
1573 3983 1700 4039 alia:
1715 4001 1853 4042 vero

1973 2841 2163 2906 Atque
2181 2832 2299 2888 hoc
2332 2828 2517 2885 modo
2547 2826 2920 2898 transpositis
2949 2823 3256 2881 elementis
3293 2823 3628 2882 secundum

1972 2921 2353 2980 remissiones
2377 2933 2448 2973 ac
2476 2915 2867 2981 intensiones,
2901 2913 3180 2969 tredecim
3208 2912 3458 2967 omnino
3485 2928 3628 2968 con-

1970 3009 2400 3083 jugationes(2)
2417 3007 2846 3076 exsistentqum
2859 3000 3280 3058 dividunturin
3297 2999 3628 3069 nonaginta

1974 3103 2128 3158 duas
2180 3098 2426 3170 simplici
2477 3095 2579 3152 illa
2625 3092 3048 3166 conjugatione
3086 3105 3210 3146 non
3275 3093 3618 3146 numerata.

1975 3190 2172 3245 Prima
2195 3186 2370 3256 igitur
2389 3183 2663 3240 omnium
2701 3183 2790 3236 est
2809 3178 2908 3236 illa
2946 3177 3220 3250 simplex.
3253 3175 3476 3233 Deinde
3527 3192 3625 3232 or-

1974 3277 2113 3333 dine
2129 3291 2265 3348 que:
2291 3275 2622 3345 sequuntur
2633 3315 2646 3328 .
2671 3273 2850 3326 Porro
2863 3265 3356 3338 coniugationum
3373 3264 3524 3322 ordo
3535 3281 3626 3322 se-

1975 3365 2209 3422 cundus
2237 3367 2325 3419 est
2361 3361 2464 3433 qui
2483 3359 2597 3415 tria
2625 3362 2682 3414 et
2705 3357 2818 3414 tria
2858 3355 3094 3412 habeta
3114 3354 3147 3409 b
3176 3353 3472 3426 equidem
3501 3370 3628 3410 om-

1974 3455 2094 3523 nia,
2124 3451 2229 3508 sed
2259 3450 2371 3506 tria
2390 3465 2464 3505 ex
2491 3463 2521 3505 e
2539 3450 2580 3518 f
2599 3448 2638 3504 h
2662 3447 2722 3513 h,
2745 3445 3048 3502 subtracto
3062 3441 3336 3499 videlicet
3354 3457 3477 3498 uno
3496 3443 3624 3515 qui-

1973 3545 2090 3600 bus
2129 3545 2390 3614 quatuor
2417 3555 2448 3596 e
2469 3539 2503 3608 f
2526 3554 2564 3609 g
2596 3537 2635 3593 h
2670 3535 2933 3591 vicissim
2986 3532 3326 3597 subtractis,
3365 3536 3625 3604 quatuor

1974 3627 2784 3704 conjugatlonesreperiama
2807 3625 2840 3680 b
2861 3626 2980 3694 σεῖ’
2994 3640 3030 3694 9
3071 3622 3080 3694 |
3129 3623 3210 3678 ab
3237 3623 3409 3692 cfgh
3449 3621 3459 3694 |
3491 3622 3625 3679 abc

1971 3739 2010 3794 g
2024 3723 2062 3779 h
2074 3737 2104 3779 ε
2135 3724 2143 3792 |
2177 3737 2212 3778 α
2229 3721 2260 3776 b
2274 3736 2305 3776 c
2315 3735 2346 3776 e
2358 3719 2598 3791 hf,qute
2611 3715 2848 3789 quidem
2864 3713 3324 3786 transpositione
3343 3711 3625 3769 differunt

1968 3811 2121 3867 inter
2151 3825 2231 3865 se.
2266 3811 2334 3863 Et
2354 3812 2420 3862 ut
2447 3805 2643 3862 differt
2671 3805 2867 3877 prima
2891 3819 2928 3858 a
2953 3801 3240 3867 secunda,
3266 3816 3337 3856 ac
3383 3801 3555 3858 tertia
3585 3817 3624 3858 a

1965 3905 2293 3972 postrema,
2318 3897 2400 3952 sic
2419 3894 2798 3951 individuum
2816 3895 3213 3964 temperatum
3233 3893 3623 3961 expostrema

1961 3988 2040 4044 ab
2070 3987 2174 4043 illo
2205 3986 2370 4058 quod
2402 3989 2492 4039 est
2515 3999 2588 4039 ex
2616 3982 2812 4054 prima
2869 3985 2924 4036 et
2976 3979 3144 4036 tertia
3198 3981 3618 4049 temperatum.

195 4061 579 4118 remittuntur
629 4079 698 4118 ac
774 4068 1162 4135 intenduntur
1207 4069 1372 4124 omni
1418 4087 1491 4127 ex
1533 4078 1720 4144 parte.
1771 4079 1851 4130 Ac
1885 4112 1926 4164 Ι)
1958 4081 2148 4148 Atque
2168 4075 2331 4130 hunc
2361 4071 2684 4130 secundum
2713 4069 2988 4126 ordinem
3013 4066 3398 4164 consequitur
3415 4065 3622 4164 coniu-

198 4149 456 4221 simplex
487 4152 733 4223 quidem
755 4160 842 4209 est
865 4171 999 4226 quae
1021 4157 1198 4211 etiam
1245 4157 1374 4214 sola
1426 4166 1532 4222 est,
1587 4164 1850 4234 aequales

193 4238 471 4295 videlicet
503 4247 726 4312 septem
759 4250 960 4313 partes
986 4245 1219 4301 habens
1253 4265 1266 4313 ;
1293 4263 1509 4320 nempe
1540 4265 1576 4307 α
1633 4251 1666 4307 b
1709 4268 1740 4307 c
1795 4258 1853 4308 et

193 4332 487 4399 praeterea
515 4344 546 4385 e
566 4331 662 4400 fg
693 4330 750 4386 Ιι.
789 4334 922 4388 Haec
951 4333 1112 4388 enim
1143 4336 1486 4406 conjugatio
1544 4355 1740 4412 neque
1767 4341 1853 4396 in—
1877 4339 1882 4342 ’

197 4417 526 4472 tensionem
564 4434 759 4490 neque
797 4422 1210 4478 remissionem
1235 4427 1496 4498 suscipit.
1531 4432 1588 4482 In
1614 4430 1854 4502 reliquis

197 4511 402 4559 autem
428 4507 820 4578 sequentibus
849 4513 1222 4582 reperiuntur
1249 4515 1613 4571 intensiones
1669 4522 1723 4572 et
1768 4534 1856 4572 re-

197 4600 536 4656 missiones.
568 4601 789 4656 ldcirco
809 4604 987 4658 etiam
1016 4603 1376 4675 multiplices
1409 4605 1675 4662 evadunt
1723 4621 1857 4678 pro-

195 4694 329 4762 pter
382 4693 904 4763 transposrtionem
967 4693 1431 4748 communionis.
1479 4695 1622 4750 Cum
1690 4697 1849 4752 enim

193 4780 476 4848 purgatio
507 4780 812 4852 aequaliter
841 4796 876 4835 a
909 4782 942 4836 b
973 4797 1004 4837 c
1037 4780 1219 4837 habet
1256 4788 1310 4837 et
1341 4783 1477 4852 efg
1503 4783 1560 4847 h,
1612 4783 1849 4855 duplari

195 4883 318 4922 non
344 4873 537 4940 potest
562 4869 889 4925 secundum
923 4871 1343 4941 proprietatem
1376 4871 1710 4943 quamdam
1737 4872 1848 4928 sin-

193 4957 895 5030 gularem,prceterquam
912 4959 1072 5030 quod
1095 4965 1382 5031 tanquam
1399 4961 1772 5016 individuum
1791 4967 1846 5018 et

191 5045 392 5100 unitas
414 5047 591 5102 etiam
623 5047 1039 5118 purgationem
1074 5048 1326 5103 similem
1381 5049 1646 5118 habebit,
1697 5066 1840 5123 qua-

187 5127 330 5189 rum
357 5151 476 5190 non
504 5142 590 5190 est
614 5137 970 5194 differentia.
1012 5139 1154 5193 Cum
1179 5144 1374 5193 autem
1417 5141 1842 5210 purgationum

187 5223 379 5278 altera
419 5239 606 5279 unum
667 5241 737 5280 ex
805 5225 1112 5281 elementis
1163 5225 1471 5299 descriptis
1525 5233 1844 5285 remissum

187 5312 392 5378 habet,
429 5313 761 5370 necessario
792 5314 870 5370 ab
893 5315 1020 5370 aliis
1051 5315 1434 5385 distinguitur
1481 5321 1543 5371 ut
1598 5317 1843 5373 diversis

1960 4166 2265 4234 gationum
2279 4163 2427 4220 ordo
2443 4162 2674 4228 tertius,
2688 4159 2792 4232 qui
2805 4159 2916 4214 tria
2928 4162 2986 4214 et
3003 4157 3126 4214 duo
3146 4155 3348 4213 habet:
3370 4170 3408 4211 a
3426 4171 3457 4230 ς
3469 4169 3509 4211 a
3528 4155 3562 4210 b
3587 4171 3620 4212 c

1959 4254 2204 4326 quidem
2237 4251 2504 4330 omnino,
2538 4250 2644 4306 sed
2671 4265 2742 4306 ex
2772 4248 2857 4317 ef
2876 4264 2913 4320 g
2945 4247 2985 4304 h
3005 4247 3148 4314 duo,
3176 4245 3417 4302 duobus
3442 4243 3619 4301 nimi—

1959 4359 2091 4398 rum
2115 4341 2376 4414 demptis
2394 4345 2449 4396 et
2464 4338 2800 4409 subtractis,
2822 4336 3044 4410 quibus
3063 4334 3325 4391 vicissim
3341 4338 3620 4407 transpo-

1963 4431 2090 4487 sitis
2109 4431 2398 4502 reperiam
2420 4428 2902 4498 conjugationem
2919 4424 3119 4499 positu
3129 4423 3450 4497 perfectam
3466 4439 3504 4480 α
3522 4424 3556 4479 b
3585 4440 3618 4480 c

1961 4520 2074 4591 efl
2108 4519 2343 4588 abcfg
2376 4519 2384 4590 |
2418 4517 2607 4588 abc.g
2633 4517 2671 4572 h
2703 4519 2712 4586 |
2745 4516 2994 4573 abc.he
3023 4515 3034 4584 1
3067 4513 3296 4582 abc.eg
3327 4514 3338 4582 1
3371 4511 3616 4582 abc.fh

1961 4623 2096 4680 quae
2135 4606 2418 4664 differunt
2447 4603 2928 4678 transpositione.
2955 4605 3102 4658 Etut
3137 4601 3334 4673 prima
3364 4599 3561 4658 diﬂert
3579 4615 3617 4656 a

1961 4695 2244 4761 secunda,
2268 4700 2324 4752 et
2344 4694 2560 4751 tertiaa
2578 4698 2902 4766 postrema,
2925 4690 3007 4747 ita
3033 4690 3212 4747 etiam
3231 4688 3612 4744 individuum

1957 4801 2030 4841 ex
2057 4789 2361 4856 postrema
2390 4788 2786 4855 temperatum
2812 4780 2890 4837 ab
2918 4779 3020 4836 illo
3038 4778 3206 4851 quod
3247 4781 3335 4833 est
3389 4780 3611 4847 tempe-

1956 4880 2150 4929 ratum
2171 4873 2230 4930 et
2249 4872 2572 4930 conﬂatum
2597 4888 2669 4927 ex
2689 4871 2882 4944 prima
2901 4874 2958 4926 et
2978 4866 3220 4938 reliquis
3231 4865 3514 4936 deinceps
3530 4863 3610 4920 ad

1954 4963 2112 5018 hanc
2143 4968 2485 5033 postreman
2516 4975 2727 5032 usque.
2752 4963 2939 5029 Atque
2993 4957 3108 5012 hoc
3149 4968 3474 5011 commune
3522 4959 3612 5011 est

1958 5051 2152 5106 trium.
2179 5053 2345 5106 Hunc
2363 5049 2598 5105 tertium
2618 5050 2865 5119 quartus
2889 5044 3038 5100 ordo
3065 5043 3449 5116 consequitur
3502 5043 3610 5116 qui

1953 5141 2134 5195 triaet
2148 5155 2335 5194 unum
2350 5138 2580 5194 habeta
2596 5152 2626 5192 c
2639 5151 2677 5192 a
2692 5133 3024 5205 bcquidem
3037 5132 3286 5189 omnino
3305 5135 3364 5188 et
3377 5132 3608 5208 absque

1951 5227 2074 5284 ulla
2096 5225 2522 5296 subtractione,
2551 5224 2657 5280 sed
2675 5238 2864 5278 unum
2886 5238 2960 5278 ex
2993 5237 3024 5279 e
3051 5223 3092 5277 d
3112 5237 3141 5278 e
3163 5223 3209 5292 f,
3232 5219 3420 5278 tribus
3435 5222 3607 5279 nimi-

1950 5334 2081 5374 rum
2119 5316 2458 5379 subtractis,
2481 5314 2704 5387 quibus
2741 5312 2996 5368 vicissim
3037 5311 3414 5384 transpositis
3441 5327 3607 5384 repe-

259 5401 340 5490 (l‘).
373 5403 558 5456 Locus
588 5403 1252 5490 perobscuruspropter
1296 5403 1875 5490 confusionemuduai

1968 5422 2000 5461 n
2031 5421 2274 5490 vocum,
2314 5419 2532 5477 nempe
2581 5403 2836 5490 συξυγίας
2863 5406 2952 5454 καὶ
2975 5400 3186 5490 τάξεως.
3211 5403 3505 5490 Caeterum
3537 5405 3603 5455 ut

187 5469 626 5548 explicaremus
684 5469 1036 5529 retinuimus
1070 5469 1276 5528 vocem
1309 5475 1517 5548 τάξεως,
1577 5475 1790 5532 Habita
1825 5493 1875 5531 ra

1968 5493 2052 5532 ine
2078 5475 2240 5539 τάξεω
2260 5469 2476 5548 partes
2497 5469 2876 5548 appellantur
2908 5477 3158 5544 συζυγίαι
3191 5487 3206 5538 ;
3251 5475 3433 5542 atque
3485 5474 3600 5525 tre-

186 5541 656 5628 deCininordines
679 5553 951 5628 respectu
975 5541 1541 5628 quatuor‘ordinum
1569 5555 1743 5601 erunt
1760 5549 2267 5628 Potiusouﬁuyia‘i:

263 5616 344 5686 ('2)
373 5613 480 5670 Hic
517 5631 726 5688 rursus
753 5613 1198 5688 cbnjura-tiones
1224 5616 1505 5678 dicuntur
1540 5613 1818 5690 respectu
1847 5623 2108 5690 quatuor
2134 5613 2439 5676 ordinum.
