4066 6212
539 278 674 335 1303
2058 267 2145 325 AD

2252 267 2413 325 NDA.
3765 282 3854 336 1304

544 421 628 457 σιν
684 401 1024 472 πασχόντων,
1081 395 1233 447 ἅτινα
1322 389 1415 446 διὰ
1469 401 1565 455 τῆς
1621 394 1941 467 μεταθέσεως
1998 391 2208 457 bubuli
2237 400 2276 449 Δ
2309 394 2569 456 ταθέσεως
2608 392 2884 467 βαίσουσα
2951 394 2987 468 β
3035 415 3070 467 γ
3119 414 3141 448 ε
3193 396 3227 457 ζ
3275 416 3303 454 η
3362 397 3388 449 6
3456 395 3489 470 β
3548 417 3578 469 7
3635 417 3653 450 ε
3700 399 3725 460 ζ
3770 421 3791 459 η

542 496 643 554 Osi;
706 492 912 566 εὑρήσω
971 490 1220 559 τέτταρας
1278 482 2194 557 συξυγίαςαβγεαβγ
2308 481 2774 555 γεζθβγ
2852 485 2880 546 ζ
2961 484 2988 536 6
3066 483 3185 557 βνγ
3267 503 3295 544 η
3378 488 3405 538 6
3489 485 3869 561 εβγιζβ

545 570 2197 654 ζαβγηαβγθαῑδιαφέρουσιτῇμεταθέ-
2307 570 3874 650 γζηβγηθβγθζβσγθιβγε

547 691 649 727 σει.
736 668 886 722 Καοὰ
934 666 1035 737 γὰρ
1112 665 1142 721 ἡ
1198 668 1379 738 πρώτη
1432 666 1561 737 πρὸς
1617 668 1709 722 την
1760 660 2027 738 δευτέραν,
2086 664 2116 723 ἡ
2163 665 2193 722 ἠ
2310 682 2340 721 η
2398 661 2451 715 αἳ
2503 659 2815 737 διαφέρουσι
2874 671 2935 737 τῇ
2996 666 3289 737 μεταθέσει.
3345 667 3491 718 Καθα
3536 668 3627 738 γὰρ
3676 669 3874 740 ἡπρώτη

540 765 690 837 τρίτη
759 774 886 830 προς
970 758 1062 813 τὴν
1112 754 1364 819 ὑστάτην,
1432 753 1567 805 οὑτω
1625 749 1691 811 δὴ
1755 757 1844 805 καὶ
1897 757 1955 805 τὸ
2004 751 2059 804 ἐκ
2105 761 2199 814 τῆς
2308 756 2437 826 πρὸς
2492 758 2587 812 τὴν
2636 754 2893 821 ὑστάτην,
2961 754 2991 813 ἢ
3051 758 3081 814 η
3141 752 3362 830 δευτέρα
3404 759 3531 828 πρὸς
3567 760 3647 815 τὴν
3692 752 3875 827 δεκάτην,

543 850 775 909 ὑστάτης
833 846 1017 920 κραθὲν
1070 844 1261 915 ἄτομον
1327 845 1458 917 πρὸς
1510 845 1569 894 τὸ
1618 841 1674 893 ἐκ
1738 850 1833 904 τῆς
1886 847 2093 917 πρώτης
2143 860 2198 895 τε
2310 842 2447 895 οὑτω
2526 838 2595 900 δὴ
2654 846 2744 894 καὶ
2792 844 2851 896 τὸ
2903 840 2959 895 ἐκ
3010 850 3108 905 τῆς
3188 840 3460 905 ἑνδεκάτης
3528 846 3693 919 κραθὲν
3742 847 3878 917 ἄτομον

542 943 751 1000 καὶτῆς
776 940 977 1009 τρίτης,
1023 937 1111 986 καὶ
1165 940 1316 985 τοῦτο
1344 941 1443 984 τῶν
1505 934 1760 1004 τεττάρων
1813 937 2001 990 κοινόν.
2054 935 2199 987 Μετὰ
2311 930 2563 985 ἀνάπαλιν
2601 952 2615 966 ο
2649 932 2743 993 ἕως
2780 940 2870 985 τοῦ
2937 931 2992 984 ἐκ
3023 942 3113 995 τῆς
3167 938 3380 1007 πρώτης
3430 955 3442 967 ι
3500 942 3641 986 τοῦτο
3675 930 3726 987 δι
3761 940 3880 987 κοινὸν

546 1025 606 1083 δὲ
641 1029 834 1086 ταὺτην
882 1029 975 1083 τὴν
1030 1022 1173 1087 τάξιν
1205 1022 1350 1099 ἑτέρα
1394 1022 1538 1085 τάξις
1574 1030 1673 1075 τῶν
1734 1023 2019 1094 συζυγιῶν,
2061 1031 2200 1096 τρεῖς
2310 1027 2529 1076 καὶτῶν
2595 1018 2801 1076 ἕνδεκα.
2847 1024 2993 1076 Μετὰ
3026 1019 3086 1075 δὲ
3137 1027 3327 1083 ταύτην
3373 1025 3403 1083 ἡ
3457 1027 3579 1099 πρὸς
3622 1028 3702 1083 τὴν
3732 1032 3880 1097 πρώτην

547 1123 637 1172 καὶ
673 1118 803 1175 αὑτη
842 1119 1046 1187 ἔχουσα
1072 1112 1264 1179 τάξεις,
1335 1114 1419 1173 αἷς
1475 1110 1585 1164 ἐστι
1637 1119 1736 1163 τῶν
1786 1114 2055 1187 τεσσάρων
2108 1115 2198 1185 μὶν
2312 1112 2472 1172 αὑτὴς
2496 1115 2671 1184 τρίτη,
2725 1107 2921 1185 ἑϐδόμη
2958 1107 3018 1164 δέ
3040 1131 3100 1184 γε
3135 1121 3232 1164 τῶν
3284 1112 3432 1183 ὅλων,
3479 1115 3509 1171 ἠ
3567 1121 3634 1184 τῷ
3681 1114 3789 1185 αὑτῴ
3820 1113 3881 1164 καὶ

552 1210 645 1262 σὺν
675 1202 1129 1279 ὑφέσειενα).λαγη
1189 1202 1280 1263 ἕως
1340 1196 1556 1267 δυάδος,
1598 1208 1697 1253 τῶν
1758 1197 1817 1254 δὲ
1871 1209 2024 1274 τριῶν
2086 1203 2201 1273 ὑφε-
2311 1200 2442 1258 αὑτὴ
2512 1197 2764 1272 ἰδιώματι
2842 1199 3110 1273 βαίνουσα
3156 1200 3301 1263 ἐκτὸς
3345 1210 3442 1263 τῆς
3494 1210 3588 1254 τῶν
3652 1198 3734 1255 δύο
3778 1222 3883 1274 μετα-

552 1316 632 1357 σις
689 1298 778 1368 μὲν
831 1300 922 1346 τοῦ
962 1292 1083 1363 ἐνὸς,
1139 1298 1237 1343 τῶν
1297 1286 1355 1343 δε
1404 1287 1501 1342 δὺο
1553 1288 1800 1362 ἄναλλαγὴ
1860 1295 1949 1342 καὶ
2006 1290 2198 1351 ἰσότης.
2315 1293 2490 1350 θέσεως
2552 1309 2586 1341 α
2639 1310 2673 1360 7
2723 1308 2745 1341 ε
2796 1292 2823 1352 ζ
2885 1309 2917 1348 η
2991 1292 3018 1342 6
3070 1310 3103 1343 α
3152 1312 3187 1362 7
3259 1311 3280 1344 ε
3328 1292 3361 1353 ζ
3426 1310 3457 1349 η
3519 1311 3552 1343 α
3601 1312 3631 1363 7
3678 1310 3697 1344 ε
3745 1295 3767 1353 ζ
3809 1294 3827 1343 ϐ
3863 1314 3883 1343 α

551 1384 617 1440 Αἱ
682 1381 1237 1447 τάξεωντάξειςκαὶ
1296 1381 1780 1452 συζυγίαι,αἱτὰ
1838 1375 1933 1432 δὺο
2000 1378 2203 1452 μὲνὲκ
2312 1399 2346 1451 7
2423 1379 2973 1449 ζηθαγηο
3077 1398 3182 1432 εα
3257 1381 3456 1452 γεζ
3543 1380 3882 1451 αγζηε

550 1481 707 1551 τριῶν
756 1476 1003 1546 ἔχουσαι,
1035 1469 1088 1522 ἐκ
1135 1466 1193 1522 δὲ
1240 1477 1339 1520 τῶν
1397 1470 1664 1543 τεσσάρων
1709 1471 1775 1522 τὰ
1830 1473 2082 1545 τέσσαρα,
2140 1471 2207 1521 τὰ
2314 1489 2348 1539 γ
2410 1487 2440 1526 η
2513 1468 2541 1520 6
2600 1487 2633 1519 α
2685 1488 2719 1539 σγ
2770 1468 2797 1519 6
2875 1467 2908 1528 ζ
2976 1488 3009 1521 α
3080 1489 3114 1540 7
3169 1471 3196 1521 6
3263 1488 3285 1521 ε
3336 1490 3370 1522 α
3424 1490 3458 1541 7
3511 1488 3532 1521 ε
3581 1490 3608 1528 η
3669 1469 3717 1521 αἱ
3760 1466 3883 1539 διαρι-

554 1568 695 1640 τρεα,
773 1566 839 1614 τα
893 1558 1010 1625 δύο,
1071 1558 1133 1620 ἃς
1201 1554 1293 1610 διὰ
1349 1566 1447 1609 τῶν
1503 1560 1821 1631 μεταθέσεων
1871 1557 2082 1622 ἐναλλὰξ
2131 1561 2207 1611 θέ-
2317 1575 2471 1632 ρουσι
2555 1563 2617 1628 τῇ
2676 1557 2966 1628 μεταθέσει.
3030 1559 3177 1609 Καθὰ
3225 1560 3328 1631 γὰρ
3386 1560 3416 1616 ἠ
3471 1562 3641 1631 πρώτη
3689 1561 3790 1632 πρὸς
3826 1564 3884 1615 τε,

556 1671 705 1725 μενος
754 1651 958 1726 εὑρήσω
1020 1648 1069 1699 ἐν
1122 1652 1220 1719 μιᾷ
1262 1645 1451 1720 ἑκάστη
1502 1646 1646 1709 τάξει
1700 1643 1881 1699 ἔνδικα
1929 1648 2206 1718 συζυγίας,
2319 1647 2573 1715 ὑστάτην,
2629 1645 2658 1704 ἦ
2713 1648 2742 1703 η
2811 1642 3029 1718 δευτέρα
3082 1646 3212 1721 πρὸς
3257 1651 3351 1706 τὴν
3404 1642 3642 1714 δεκάτην,
3700 1650 3804 1700 οὑτω
3840 1644 3882 1705 δὲ

557 1741 626 1792 ὧν
673 1742 704 1799 ἠ
783 1744 962 1813 πρώτη
1028 1736 1171 1799 τάξις
1248 1737 1462 1807 τούτων,
1553 1740 1759 1808 πέμπτη
1814 1732 1872 1789 δὲ
1933 1745 2032 1788 τῶν
2085 1736 2210 1789 ὅλων
2247 1752 2285 1806 Β
2320 1740 2410 1788 καὶ
2495 1738 2552 1787 τὸ
2606 1732 2661 1786 ἐκ
2747 1742 2838 1796 τῆς
2903 1732 3179 1798 ἑνδεκάτης
3236 1739 3424 1811 κραθὲν
3481 1738 3662 1809 ἄτομον
3708 1735 3885 1787 ἀνάπαλιν

560 1828 701 1882 ἐστὶν
752 1829 783 1885 ἡ
849 1847 884 1879 α
949 1824 984 1899 β
1048 1844 1068 1879 ε
1121 1825 1154 1887 ξ
1210 1844 1240 1882 η
1301 1826 1329 1877 θ
1378 1843 1413 1876 α
1487 1823 1523 1897 β
1582 1844 1604 1877 ε
1670 1825 1702 1885 ζ
1756 1844 1784 1883 η
1846 1845 1879 1877 α
1941 1824 2045 1899 βε
2090 1825 2122 1886 ζ
2184 1826 2210 1878 6
2323 1826 2416 1886 ἕως
2445 1830 2536 1878 τοῦ
2570 1822 2625 1876 ἔκ
2677 1832 2772 1887 τῆς
2817 1830 3051 1899 πρώτης,
3111 1832 3265 1879 τοῦτο
3314 1825 3374 1880 δε
3417 1830 3584 1879 κοινὸν
3635 1828 3884 1879 ruitur?»

561 1940 597 1971 α
668 1916 703 1991 β
758 1935 788 1973 η
878 1916 904 1969 6
962 1934 992 1973 η
1043 1934 1078 1966 α
1148 1913 1183 1986 β
1242 1932 1262 1967 ε
1329 1914 1361 1975 ζ
1436 1932 1469 1964 α
1543 1912 1579 1986 β
1647 1917 1674 1977 ζ
1728 1934 1754 1972 η
1809 1934 1842 1966 α
1914 1912 1949 1987 β
2001 1934 2030 1972 η
2088 1916 2115 1967 6
2181 1934 2215 1966 α
2326 1911 2472 1967 δεκα.
2533 1914 2678 1966 Μετὰ
2744 1909 2803 1967 δι
2879 1915 3075 1972 ταύτην
3124 1919 3217 1974 τήν
3269 1915 3416 1979 τάξιν
3469 1916 3612 1991 ἑτέρα
3669 1916 3788 1978 τάξις
3821 1923 3883 1966 τῶν

563 2008 600 2082 β
639 2009 665 2059 6
721 2007 753 2068 ζ
809 2024 843 2057 α
899 2003 934 2077 β
996 2006 1024 2057 θ
1086 2023 1107 2057 ε
1164 2023 1198 2056 α
1256 2001 1291 2076 β
1358 2022 1380 2055 ε
1440 2022 1470 2060 η
1532 2001 1585 2055 αἳ
1649 2000 1959 2078 διαφέρουσι
2014 2013 2076 2078 τῇ
2131 2023 2215 2077 μευ
2327 2006 2612 2075 συζυγιῶν,
2680 2009 2812 2076 τρεῖς
2889 2008 2979 2056 καὶ
3052 2004 3182 2062 αὑτὴ
3236 2007 3443 2078 ἔχουσα
3492 2005 3667 2073 τάξεις,
3718 2006 3780 2065 αἷς
3814 2003 3883 2056 ἐστι

560 2099 787 2151 ταθέσει.
824 2096 974 2149 Καθὰ
1022 2095 1120 2167 γὰρ
1175 2095 1205 2151 ἡ
1242 2097 1417 2165 πρώτη
1468 2095 1596 2166 πρὸς
1647 2097 1742 2152 τήν
1786 2095 2037 2164 ὑστάτην,
2090 2094 2120 2154 ἦ
2181 2096 2211 2152 ἠ
2323 2100 2423 2145 τῶν
2463 2095 2730 2167 τεσσάρων
2785 2096 2874 2166 μεν
2925 2096 3019 2147 σὺν
3068 2095 3243 2166 ὑφέσει
3293 2094 3542 2167 ἐναλλαγή
3599 2096 3679 2155 ἔως
3731 2091 3880 2159 δυάδος,

566 2182 785 2260 δευτέρα
835 2184 966 2258 πρὸς
1017 2185 1111 2240 τήν
1165 2176 1410 2248 δεκάτην,
1467 2180 1602 2232 οὑτω
1655 2176 1721 2239 δὴ
1777 2185 1868 2233 καὶ
1918 2184 1976 2233 τὸ
2029 2179 2084 2233 ἐκ
2120 2189 2217 2243 τῆς
2324 2190 2425 2235 τῶν
2459 2178 2517 2236 δε
2558 2190 2715 2257 τριῶν
2761 2183 2961 2256 ὑφεσις,
3017 2190 3118 2236 τῶν
3175 2181 3293 2253 δύο,
3344 2193 3437 2238 τοῦ
3486 2186 3590 2247 ἐνὸς
3639 2182 3764 2257 δἐγε

566 2271 846 2337 ἕνδεκάτης
929 2273 1114 2345 κραθὲν
1172 2271 1364 2343 ἄτομον
1437 2268 1687 2322 ἀνάπαλιν
1734 2271 1823 2332 ἕως
1868 2278 1961 2324 τοῦ
2007 2269 2062 2323 ἐκ
2124 2279 2218 2334 τῆς
2325 2270 2482 2343 λαγτλ
2531 2270 2595 2325 Αἱ
2647 2271 2834 2336 τάξεων
2880 2274 3051 2336 τάζεις
3105 2279 3196 2327 καὶ
3249 2275 3506 2347 συζυγίαι
3562 2276 3613 2326 αἱ
3661 2277 3712 2326 τὸ
3757 2272 3795 2326 il

562 2370 797 2439 πρώτης,
861 2370 1013 2416 τοῦτο
1075 2357 1135 2415 δὲ
1187 2363 1355 2414 κοινὸν
1412 2364 1501 2413 καὶ
1551 2368 1651 2412 τῶν
1705 2357 1904 2416 ἕνδεκα.
1952 2364 2095 2415 Μετὰ
2160 2358 2219 2414 δε
2328 2359 2383 2413 εκ
2426 2369 2525 2413 τῶν
2571 2370 2727 2437 τριῶν
2770 2365 2995 2434 ἔχουσαι
3051 2360 3104 2415 ἐκ
3153 2361 3213 2418 δε
3268 2372 3370 2417 τῶν
3421 2365 3676 2440 τεσσάρων
3719 2364 3772 2415 τὰ
3810 2364 3884 2413 τέτ-

567 2456 764 2512 ταὺτην
817 2454 847 2511 ἠ
899 2454 1095 2511 ταύτης
1144 2446 1380 2525 δευτέρα,
1441 2450 1560 2508 ἕκτη
1623 2445 1682 2501 δέ
1726 2469 1786 2521 γε
1832 2458 1931 2502 τῶν
1988 2450 2136 2516 ὅλων,
2184 2453 2215 2510 ἠ
2334 2453 2583 2525 σαρα,τά
2611 2455 2750 2525 τρία,
2787 2454 2854 2505 τὰ
2892 2447 3010 2518 δύο,
3073 2453 3130 2513 ἃς
3183 2449 3278 2506 διὰ
3326 2462 3432 2507 τῶν
3477 2454 3761 2527 μεταθέσεων
3801 2448 3885 2502 ira}

568 2552 641 2617 τῷ
673 2543 815 2611 αὑτῶ
854 2546 944 2595 καὶ
996 2541 1126 2601 αὑτὴ
1192 2536 1443 2613 ἰδιώματι
1501 2540 1646 2602 ἐκτὸς
1709 2546 1806 2603 τῆς
1842 2548 1941 2593 τῶν
1982 2538 2079 2594 δύο
2134 2561 2220 2615 μεα
2331 2539 2428 2604 λὰξ
2452 2542 2554 2605 θεὶς
2583 2542 2811 2617 εὑρήσω,
2862 2541 2913 2597 ἐν
2961 2548 3059 2617 μιᾷ
3124 2542 3315 2619 ἑκάστη
3385 2543 3526 2609 τάξει
3577 2540 3738 2599 ἕνδεκα
3780 2543 3884 2606 Mu-

570 2712 1455 2796 riamquatuorconjugationes
1496 2717 1507 2787 ι
1539 2716 1733 2776 abc.e
1763 2717 1773 2790 Ι
1813 2732 1850 2775 a
1870 2718 2007 2790 bcf
2030 2719 2040 2791 1
2072 2719 2218 2776 abc.
2332 2721 2452 2777 tem
2490 2720 2771 2778 undecim
2793 2735 3115 2779 commune
3136 2726 3243 2779 est.
3272 2724 3444 2780 Hunc
3521 2719 3838 2794 consequitur
3866 2731 3887 2771 ε

569 2829 610 2883 g
668 2813 677 2883 |
718 2827 755 2868 a
785 2812 817 2867 b
846 2826 894 2868 ε.
922 2811 960 2866 Ιι
1002 2811 1013 2880 |
1055 2806 1658 2882 quaetranspositione
1673 2806 2224 2865 diﬂerunt.Utenim
2332 2808 2528 2882 primo
2558 2809 2983 2882 hujusgeneris
2998 2812 3226 2883 tertius,
3249 2812 3661 2869 universorum
3683 2808 3886 2881 septimus

572 2917 636 2957 se
675 2901 858 2959 habet
885 2899 1081 2973 prima
1109 2899 1187 2954 ad
1219 2896 1551 2954 secundam
1582 2900 1639 2954 et
1676 2896 1844 2953 tertia
1890 2897 1968 2955 ad
1989 2903 2224 2971 postre-
2331 2899 2696 2973 quiexcepta
2709 2899 2969 2957 duorum
2983 2902 3450 2973 transpositione
3467 2901 3886 2972 eamdempermu

573 3008 760 3063 mam,
794 2992 874 3046 ita
894 2988 1061 3063 quod
1090 3003 1163 3045 ex
1188 2990 1495 3061 postrema
1523 2990 1921 3060 temperatum
1948 2992 2041 3044 est
2068 2988 2223 3045 indi-
2333 2988 2569 3045 tationis
2620 2989 3045 3063 proprietatem
3111 2992 3345 3058 retinet,
3380 3007 3419 3049 a
3448 3008 3498 3058 ι’,
3529 3007 3559 3049 e
3577 2992 3615 3061 Γ
3633 3006 3667 3061 g
3689 2990 3722 3046 Ιι
3763 2990 3772 3057 |
3817 3000 3883 3041 ac.

570 3080 823 3137 viduum
862 3078 941 3135 ad
970 3076 1294 3149 iLludquod
1321 3092 1394 3132 ex
1423 3076 1619 3149 prima
1643 3080 1787 3133 etex
1823 3076 2011 3133 tertia.
2036 3081 2225 3149 Atque
2334 3078 2471 3148 efg
2504 3078 2513 3149 |
2546 3092 2656 3134 ac.
2684 3080 2826 3150 efg
2860 3080 2868 3150 |
2901 3095 2939 3136 a
2967 3080 3131 3151 c.fg
3168 3080 3207 3136 h
3240 3082 3249 3150 Ι
3281 3095 3316 3137 a
3340 3097 3396 3138 c.
3420 3080 3567 3153 ghe
3595 3080 3604 3151 Ι
3632 3073 3869 3147 ac.ghel

571 3171 687 3227 hoc
709 3171 969 3241 quatuor
994 3180 1315 3222 commune
1346 3168 1457 3221 est.
1491 3166 1655 3220 Hunc
1680 3169 1966 3237 quartum
2019 3180 2224 3222 conse-
2334 3181 2438 3230 ac,
2467 3168 2580 3237 efl
2613 3169 2811 3239 ac.fg
2846 3168 2856 3240 Ι
2886 3184 2972 3225 ac
2999 3186 3039 3240 g
3071 3170 3110 3226 Ιι
3142 3171 3151 3240 |
3185 3169 3371 3227 acht
3405 3173 3414 3242 |
3447 3185 3544 3236 ac,
3566 3172 3631 3227 he
3658 3168 3666 3239 |
3693 3164 3870 3233 ac.eg|

575 3260 781 3333 quitur
810 3256 957 3313 alias
981 3256 1132 3313 ordo
1171 3255 1669 3326 conjugationum
1708 3255 1811 3327 qui
1838 3255 2015 3311 etiam
2045 3254 2227 3313 habet
2266 3269 2306 3322 c
2333 3271 2471 3328 quae
2502 3256 2965 3328 transpositione
2994 3256 3295 3314 differunt.
3318 3261 3396 3316 Ut
3415 3260 3571 3316 enim
3592 3251 3886 3330 primasehav

574 3348 702 3421 ipse
732 3352 849 3403 tres
879 3345 1142 3413 ordines,
1177 3344 1239 3399 in
1277 3344 1497 3418 quibus
1526 3347 1787 3416 quatuor
1812 3349 2226 3416 permutantur
2332 3343 2432 3400 bet
2454 3343 2533 3399 ad
2562 3348 2928 3417 postremam
2960 3351 3063 3403 aut
3088 3347 3363 3405 secunda
3393 3348 3472 3404 ad
3529 3347 3798 3412 decimam,
3838 3340 3886 3394 ita

578 3441 636 3494 et
664 3435 1066 3493 subtractione
1096 3434 1174 3491 ad
1203 3434 1325 3490 duo
1354 3432 1707 3503 rediguntur
1740 3452 1753 3501 ;
1781 3432 1855 3489 de
1868 3433 2056 3489 tribus
2083 3448 2225 3489 vero
2333 3434 2512 3490 etiam
2539 3439 2745 3492 contra
2774 3435 2921 3491 illud
2948 3436 3325 3493 individuum
3360 3437 3527 3511 quod
3556 3452 3623 3493 ex
3658 3432 3887 3490 undicema

582 3542 771 3583 unum
796 3524 1075 3594 demitur,
1116 3522 1237 3579 duo
1269 3526 1682 3595 permutantur
1720 3526 1775 3578 et
1824 3522 2225 3594 aequalitatem
2335 3526 2719 3595 temperatum
2736 3519 3886 3599 estadilludusquequodestexprimaﬂoc

579 3616 855 3672 retinent.
890 3614 999 3679 Qui
1030 3613 1309 3669 ordinum
1323 3612 1563 3668 ordines
1577 3615 1633 3669 et
1652 3612 2105 3683 conjugationes
2124 3627 2224 3667 ex—
2336 3615 2536 3668 autem
2558 3611 2836 3668 undecim
2867 3628 3188 3670 commune
3244 3620 3350 3671 est.
3407 3618 3569 3671 Hunc
3599 3606 3887 3679 consequitur

582 3704 945 3759 sistuntcum
959 3702 1032 3757 de
1064 3701 1251 3757 tribus
1263 3699 1385 3756 duo
1398 3700 1741 3768 retinentur,
1758 3699 1898 3756 etde
1945 3706 2224 3773 quatuor,
2336 3700 2488 3757 alius
2504 3701 2997 3774 conjugationum
3015 3703 3163 3760 ordo
3184 3705 3290 3777 qui
3310 3706 3495 3761 etiam
3526 3705 3644 3777 ipse
3664 3706 3758 3757 tres
3773 3692 3887 3751 habel

581 3798 857 3867 quatuor,
897 3791 1031 3861 tria,
1060 3790 1184 3847 duo
1217 3809 1231 3859 ;
1263 3789 1484 3862 quibus
1506 3789 1877 3863 transpositis
1908 3795 1964 3845 ct
1990 3805 2228 3862 permu-
2337 3790 2578 3846 ordines
2603 3791 2665 3846 in
2694 3790 2915 3863 quibus
2945 3797 3206 3865 quatuor
3228 3798 3639 3867 permutantur
3663 3795 3711 3846 et
3725 3785 3886 3842 subtra-

582 3882 718 3940 tatis
747 3882 809 3937 in
831 3895 1198 3953 unoquoque
1229 3878 1435 3936 ordine
1466 3879 1743 3935 undecim
1776 3880 1907 3949 conj
1920 3879 2227 3949 ugationes
2336 3878 2563 3935 huntur
2588 3895 2781 3951 usque
2812 3881 2889 3936 ad
2911 3881 3054 3948 duo,
3095 3881 3170 3937 de
3201 3883 3395 3939 tribus
3422 3898 3560 3939 vero
3592 3880 3701 3936 duo
3733 3873 3886 3929 subtra-

581 3972 899 4045 reperiam.
933 3974 1013 4025 Ac
1032 3970 1265 4043 primus
1278 3968 1522 4042 quidem
1538 3968 1687 4024 ordo
1703 3968 1884 4040 hujus
1898 3968 2128 4038 generis
2143 3971 2231 4024 est
2335 3967 2562 4025 buntur
2589 3972 2647 4025 et
2672 3984 2863 4026 unum
2888 3974 3279 4043 permutatur.
3302 3973 3416 4038 Qui
3436 3972 3698 4028 ordinum
3713 3966 3815 4020 sunt
3827 3973 3885 4013 or-

566 4061 691 4119 ~sed
716 4060 1131 4116 universorum
1159 4057 1403 4132 quintus
1442 4073 1479 4114 a
1501 4057 1533 4112 ὁ
1573 4073 1603 4113 e
1619 4058 1703 4127 fg
1747 4058 1785 4114 h
1836 4059 1843 4127 Ι
1894 4072 1929 4114 a
1953 4058 1985 4113 ὁ
2003 4073 2033 4113 ι·
2052 4058 2137 4128 fg
2191 4060 2199 4127 Ι
2340 4055 2512 4113 dines
2547 4060 2607 4114 et
2634 4058 3087 4130 conjugationes
3102 4060 3450 4134 habentque
3470 4062 3542 4117 de
3562 4057 3726 4115 tribus
3747 4060 3883 4108 unum,

586 4150 832 4220 abefh
882 4151 891 4220 Ι
941 4148 1241 4218 (Ι)αὸθή
1272 4163 1302 4204 e
1352 4148 1360 4219 |
1416 4147 1508 4204 ab
1540 4147 1616 4216 ef
1663 4148 1672 4218 |
1731 4146 1916 4217 abfh
1960 4149 1968 4218 |
2021 4147 2230 4217 abgh
2340 4137 3885 4223 dequatuorvero,quatuor,tria,duo,quibusvicissim

613 4241 626 4312 ι
657 4255 693 4296 a
728 4240 760 4295 ὁ
778 4239 818 4309 f
842 4238 879 4294 h
938 4242 946 4309 |
998 4254 1035 4294 a
1062 4238 1094 4292 ὁ
1126 4239 1161 4293 Ιι
1187 4252 1218 4295 e
1275 4237 1283 4309 |
1343 4254 1377 4292 ιι
1412 4238 1443 4292 b
1465 4252 1567 4307 eg,
1594 4236 2025 4308 quaaditferunt
2046 4241 2231 4293 trans-
2340 4236 2693 4309 permutatis
2708 4238 3001 4311 reperiam
3018 4239 3080 4294 in
3095 4254 3465 4313 unoquoque
3481 4238 3675 4296 ordine
3692 4225 3885 4288 undecim

583 4326 904 4402 positione.
936 4328 1006 4383 Ut
1043 4325 1200 4381 enim
1240 4324 1436 4398 prima
1458 4341 1521 4381 se
1550 4324 1731 4381 habet
1757 4326 1835 4381 ad
1865 4330 2231 4398 postremam
2343 4326 2815 4398 conjugationes.
2841 4328 2949 4393 Qui
2970 4328 3216 4401 quidem
3240 4334 3331 4385 est
3371 4330 3597 4401 primus
3628 4322 3751 4381 ordo
3771 4313 3886 4384 hui“5
3964 4366 3965 4373 η

587 4420 646 4473 et
676 4415 943 4471 secunda
982 4414 1391 4482 addecimam,
1408 4414 1488 4470 ita
1500 4413 2066 4471 etiamindividuum
2088 4414 2233 4471 illud
2345 4414 2598 4486 generis,
2621 4419 2869 4473 octavus
2890 4433 3031 4473 vero
3060 4419 3479 4475 universorum
3500 4422 3601 4487 est,
3620 4430 3653 4471 α
3671 4412 3735 4481 e/
3752 4425 3779 4479 g
3821 4402 3871 4465 ΙιΙ

586 4504 754 4580 quod
787 4521 860 4563 ex
888 4504 1210 4563 undecima.
1250 4507 1643 4577 temperatum
1672 4508 1759 4562 est
1781 4521 1968 4578 usque
1991 4503 2235 4561 adillud
2346 4520 2383 4561 a
2404 4506 2501 4574 εἶθ
2548 4509 2557 4575 |
2612 4521 2647 4561 a
2669 4506 2784 4577 fgh
2817 4509 2825 4574 |
2859 4507 3009 4578 aefg
3043 4508 3051 4576 |
3084 4508 3251 4577 aghe
3282 4509 3291 4575 |
3326 4508 3448 4577 αρν·
3485 4510 3495 4577 1
3540 4506 3654 4577 afg
3682 4502 3689 4573 Ι
3717 4494 3819 4567 agh
3840 4490 3885 4580 If
3964 4490 3965 4539 ἶ

587 4577 755 4668 quod
785 4598 973 4652 estex
1001 4594 1215 4668 prima.
1241 4596 1572 4651 Hocautem
1601 4577 1921 4651 commune
1949 4593 2235 4650 estunde-
2269 4635 2309 4688 υ
2348 4594 2425 4662 hf
2463 4595 2470 4665 |
2511 4594 2633 4650 ahe
2686 4596 2694 4667 Ι
2740 4610 2861 4665 aeg
2909 4596 2919 4664 |
2965 4577 3884 4688 qumdiﬂ‘erunttranspositione.l5}

586 4685 725 4742 cim.
752 4684 1060 4742 Secundus
1080 4682 1316 4757 quidem
1345 4683 1423 4740 ab
1459 4683 1573 4740 hoc
1601 4683 1751 4741 ordo
1790 4683 1893 4741 sed
1930 4684 2235 4740 universo-
2269 4660 2309 4688 υ
2346 4660 2505 4739 enim
2524 4660 2718 4757 prima
2740 4700 2802 4740 se
2824 4660 3003 4741 habei
3025 4684 3102 4740 ad
3121 4690 3487 4757 postremam
3510 4660 3607 4740 aut
3624 4660 3882 4736 secundaad

584 4791 715 4832 rum
730 4779 927 4831 sextus
940 4774 1159 4831 deinde
1173 4773 1979 4846 consequitur,quieamdem
1992 4787 2235 4846 quoque
2345 4772 2665 4839 decimam,
2698 4774 2779 4831 ita
2808 4779 3013 4831 contra
3043 4773 3187 4829 illud
3211 4775 3580 4831 individuum
3600 4765 3883 4844 quodellln'
3962 4766 3963 4771 “

584 4862 2235 4939 ipsepermutationisprOprietatemretinetexceptaduo-
2344 4864 2578 4921 decima
2607 4868 3001 4937 temperatum
3032 4870 3137 4934 est,
3170 4864 3250 4921 ad
3283 4866 3428 4922 illud
3482 4877 3661 4935 usque
3695 4846 3884 4939 quo“St

583 4938 721 5012 rum
734 4952 1502 5026 detribustranspositione,
1526 4953 1558 5008 Ι)
1584 4954 1724 5023 c.ef
1739 4952 1827 5023 gh
1860 4954 1868 5023 Ι
1904 4952 1998 5008 bc.
2024 4953 2105 5021 ef
2126 4968 2163 5022 g
2196 4954 2204 5021 |
2345 4971 2414 5011 ex
2440 4954 2781 5027 prima.Hoc
2795 4959 2991 5012 autem
3016 4972 3339 5013 commune
3361 4958 3535 5013 etiam
3564 4958 3647 5010 est
3672 4938 3881 5005 undecim.
3962 4978 3963 5013 Τ

588 5044 624 5100 b
655 5059 706 5099 c.
739 5044 877 5114 efh
908 5045 919 5117 ι
953 5043 986 5100 b
1009 5060 1057 5101 c.
1086 5046 1125 5114 Γ
1147 5043 1240 5114 gh
1274 5043 1284 5113 Ι
1319 5042 1350 5099 b
1377 5059 1482 5115 c,g
1510 5042 1548 5099 Ιι
1573 5059 1599 5099 s
1633 5045 1641 5113 |
1676 5042 1708 5097 ὁ
1731 5058 1779 5099 c.
1803 5043 1920 5113 efl
1974 5041 2006 5097 ὸ
2027 5044 2160 5116 e./‘q
2196 5043 2204 5114 |
2348 5043 2655 5101 Secundus
2677 5044 2755 5100 ab
2785 5044 2900 5102 hoc
2929 5045 3138 5102 ordine
3159 5046 3538 5119 consequitur
3557 5042 3705 5106 ordo,
3729 5031 3883 5090 univﬂ‘

588 5133 624 5189 b
648 5147 702 5189 ι’.
731 5133 827 5205 gh
859 5134 869 5205 |
905 5134 999 5190 bc.
1026 5134 1120 5203 hf
1141 5134 1152 5205 ι
1187 5133 1286 5188 bc.
1322 5132 1360 5188 Ιι
1382 5148 1410 5189 e
1442 5133 1451 5207 1
1486 5132 1584 5189 bc.
1617 5133 1709 5190 eh
1741 5132 1748 5206 |
1798 5148 1934 5205 quae
1954 5131 2235 5189 differunt
2343 5147 2546 5189 sorum
2574 5148 2794 5201 nonus,
2817 5134 2922 5207 qui
2949 5134 3007 5191 in
3022 5150 3346 5208 progressu
3366 5133 3630 5192 eamdem
3650 5121 3882 5208 propritmf

583 5202 1085 5296 transpositioner
1114 5202 1181 5279 lit
1203 5222 1362 5279 enim
1378 5202 1575 5295 prima
1601 5239 1661 5279 se
1683 5202 1864 5279 habet
1891 5221 1967 5279 ad
1998 5227 2231 5295 postre-
2343 5222 2463 5279 tem
2484 5224 2713 5289 retinet,
2743 5202 2987 5296 excepta
3012 5202 3190 5280 unius
3209 5202 3667 5297 transpositionc,
3687 5202 3865 5297 be/ghi

581 5288 845 5370 mam-et
879 5312 1144 5368 secunda
1174 5310 1252 5367 ad
1278 5288 1597 5382 decimam,
1620 5313 1702 5371 ita
1726 5313 1903 5370 etiam
1931 5288 2231 5368 contrario
2347 5312 2380 5368 b
2422 5314 2519 5382 efg
2554 5312 2562 5383 ι
2598 5312 2629 5367 b
2649 5288 2765 5383 fg}.
2798 5313 2808 5383 ι
2842 5288 3009 5384 b'ghe
3038 5314 3049 5386 ι
3083 5313 3116 5369 b
3145 5315 3247 5384 erit.
3280 5315 3287 5387 |
3322 5315 3354 5371 ο
3376 5288 3480 5385 'efl
3530 5312 3560 5368 b
3582 5311 3645 5380 fg
3674 5308 3682 5375 l
3710 5304 3737 5358 ο
3757 5298 3813 5371 9h
3837 5288 3881 5387 If?

581 5399 1520 5474 ordineindividuumilludquod
1535 5417 1606 5458 ex
1620 5403 2231 5474 undecimatempera-
2347 5400 2418 5472 hf
2443 5403 2451 5471 Ι
2487 5401 2519 5456 ὁ
2548 5382 2621 5458 he
2651 5402 2660 5473 1
2690 5382 2727 5456 7b
2766 5382 2831 5474 eg
2868 5404 2876 5474 Ι
2904 5382 3070 5476 quae
3104 5382 3552 5477 transpositione
3577 5390 3815 5455 differunt.
3843 5382 3879 5477 li

578 5495 710 5549 tum
741 5492 829 5547 est
852 5488 931 5546 ad
955 5488 1100 5545 illud
1115 5505 1306 5562 usque
1328 5489 1493 5563 quod
1528 5494 1615 5546 est
1638 5506 1708 5547 ex
1722 5492 1934 5563 prima.
1970 5497 2089 5547 Hoc
2119 5506 2230 5547 au-
2352 5491 2511 5551 enim
2544 5507 2606 5549 se
2631 5491 2815 5549 habet
2842 5474 3798 5567 primaconjugatioadpostremam
3819 5474 3878 5527 θυι

652 5619 734 5692 (1)
768 5614 959 5673 Hicin
987 5614 1201 5677 Graeco
1226 5614 1599 5676 desideratur
1628 5636 1661 5671 ει
1686 5615 1723 5691 β
1750 5620 1828 5682 ζη
1863 5618 2090 5692 6quare
2107 5618 2258 5678 etian

2352 5617 2663 5677 ddendum
2690 5633 2727 5678 α
2744 5619 2777 5676 ὁ
2803 5622 2892 5694 fg
2927 5621 2965 5678 h
2994 5623 3058 5679 ut
3085 5620 3203 5679 sint
3217 5619 3490 5679 undecim
3509 5604 3876 5687 coniugatione?
