4066 6212
225 325 362 381 1305

1103 323 1459 383 THEODORI
1497 323 1544 380 II
1582 323 1717 384 IMP.
1759 327 1852 384 DE
1889 327 2350 386 COMMUNIONE
2377 328 2749 388 NATURALI.

3499 343 3520 397 1
3532 345 3634 400 306

216 452 359 520 νίας,
389 445 510 504 ώνή
543 449 723 520 πρώτη
763 445 910 508 τάζις
964 448 1179 518 τούτων,
1241 445 1405 522 ὀγδόη
1457 445 1518 503 δί
1575 458 1674 503 τῶν
1719 449 1865 521 ὃλων,
1899 453 1946 508 Λ
1977 460 2076 505 τῶν
2114 459 2289 526 τριῶν.
2345 455 2410 507 Αἱ
2457 454 2648 518 τάξεων
2696 455 2869 520 ταξεις
2919 459 3009 511 καὶ
3067 456 3322 532 συζυγίαι
3370 462 3425 515 αἱ
3476 466 3534 516 τὸ
3584 466 3632 518 ἓν

217 534 1869 601 ἔπινήαεζηθαεζηαζηθᾶε

216 625 1868 690 ζθαηθεαεζαζηαηθαθ

217 713 250 775 ζ
331 733 366 766 α
440 714 468 766 θ
541 731 562 766 ε
637 732 672 766 α
749 731 772 766 ε
851 733 882 773 η
961 715 1016 767 αἲ
1079 711 1390 790 διαφέρουσι
1443 726 1506 792 τῇ
1566 720 1860 792 μεταθέσει.

217 802 370 857 κειθά
405 804 568 877 ’γάρῆ
609 808 790 879 πρώτη
837 805 969 879 πρὸς
1015 809 1110 866 τὴν
1161 807 1414 874 ὑστάτην,
1473 809 1504 868 ἣ
1563 810 1594 868 ἠ
1655 805 1873 886 δευτέρα

213 895 348 966 πρὸς
387 895 482 951 τὴν
513 888 754 960 δεκάτην,
788 893 923 946 οὑτω
975 891 1043 970 δὴ
1099 901 1188 948 καὶ
1244 900 1304 950 τὸ
1334 896 1392 950 έκ
1438 906 1535 960 τῆς
1592 894 1872 962 ἑνδεκάτης

213 982 403 1057 κραθὶν
481 983 674 1054 ἄτομον
749 980 998 1036 ἀνάπαλιν
1055 986 1144 1047 ἕως
1201 992 1292 1039 τοῦ
1342 985 1398 1039 έκ
1449 995 1541 1049 τῆς
1589 993 1796 1063 πρώτης
1854 1010 1869 1027 ο

213 1077 367 1124 τοῦτο
423 1067 483 1124 δὲ
533 1074 701 1124 κοινὸν
754 1077 845 1125 καὶ
894 1081 996 1126 τῶν
1044 1071 1246 1132 ἕνδεκα.
1297 1078 1442 1131 Μετά
1489 1074 1549 1131 δε
1606 1081 1803 1139 ταύτην
1835 1082 1866 1139 ἠ

209 1162 411 1223 ταύτης
447 1156 684 1235 δευτέρα,
721 1159 898 1221 ἐννάτη
959 1160 1019 1216 δε
1071 1183 1129 1237 γε
1168 1173 1267 1218 τῶν
1322 1165 1468 1236 ὅλων,
1530 1169 1560 1226 ἠ
1615 1175 1688 1238 τῷ
1731 1169 1872 1240 αύτῷ

214 1255 305 1304 καὶ
340 1250 474 1310 αὑτὴ
520 1248 769 1323 ἰδιώματι
827 1251 1088 1326 βαίνουσα
1138 1253 1279 1317 έκτός
1329 1265 1423 1320 τῆς
1478 1264 1570 1312 τοῦ
1622 1257 1730 1321 ἐνὸς
1782 1278 1872 1332 με·

213 1340 1868 1421 ταθέσεωςβεζηθβεζηβζηθβη

214 1432 242 1485 θ
317 1427 356 1502 β
432 1431 460 1483 θ
536 1429 671 1503 ζβ
758 1431 966 1505 θεβ
1044 1433 1247 1491 εηαὶ
1314 1431 1870 1510 διαφέρουσιτῇμε-

209 1522 437 1576 ταθέσει.
513 1521 664 1573 mea
710 1523 811 1596 γὰρ
865 1523 896 1580 ἠ
956 1527 1136 1594 πρώτη
1193 1527 1324 1598 πρὸς
1383 1529 1477 1584 τήν
1529 1527 1781 1598 ὑστάτην,
1835 1528 1865 1587 ἣ

209 1613 239 1670 ἠ
275 1606 498 1685 δευτέρα
541 1613 667 1684 πρὸς
691 1614 785 1669 τὴν
844 1606 1090 1683 δεκάτην,
1141 1614 1276 1666 οὑτω
1334 1611 1402 1674 δὴ
1443 1619 1532 1668 καὶ
1583 1618 1642 1668 τὸ
1687 1615 1742 1669 ἐκ
1775 1624 1871 1680 τῆς

211 1695 496 1762 ἑνδεκάτης
567 1701 752 1774 κραθὲν
809 1701 1000 1774 ἄτομον
1073 1699 1323 1755 ἀνάπαλιν
1392 1704 1486 1766 ἓως
1527 1712 1621 1758 τοῦ
1675 1704 1730 1758 έκ
1775 1715 1870 1769 τῆς

207 1793 418 1862 πρώτης

208 1882 404 1937 ταύτην
455 1880 486 1938 ἠ
544 1883 673 1953 πρὸς
729 1882 823 1938 τὴν
873 1879 1034 1944 αὐτῆς
1089 1885 1262 1957 τρίτη,
1313 1879 1507 1943 δεκάτη
1555 1881 1615 1938 δέ
1660 1904 1718 1960 γε
1767 1894 1866 1938 τῶν

211 1967 356 2035 ὅλων,
391 1969 422 2026 ἠ
454 1974 528 2039 τῷ
564 1968 706 2039 αύτῷ
758 1973 849 2021 καὶ
908 1969 1038 2030 αὑτὴ
1101 1967 1350 2044 ἰδιώματι
1403 1971 1666 2046 βαίνουσα
1719 1973 1868 2038 έκτὸς

214 2064 307 2119 τῆς
380 2063 474 2109 τοῦ
560 2055 667 2120 ένός
723 2058 1046 2129 μεταθέσεως
1097 2079 1132 2130 7
1185 2078 1206 2113 ε
1262 2060 1296 2121 ζ
1369 2080 1399 2119 η
1451 2062 1479 2114 θ
1529 2082 1564 2133 γ
1602 2081 1625 2114 ε
1671 2065 1699 2125 ζ
1753 2081 1782 2121 η
1830 2083 1865 2135 γ

216 2146 1867 2224 ξηθγεζθγηθεγεζγ

220 2235 1868 2315 ξηγηθγθιζγθεγεηαῖδιαφέ·

219 2344 369 2399 ρουσι
408 2334 470 2398 τῇ
529 2328 820 2399 μεταθέσει.
887 2329 1035 2380 Καθὰ
1101 2329 1201 2402 γὰρ
1259 2331 1289 2388 ἡ
1375 2335 1551 2405 πρώτη
1597 2334 1726 2406 πρὸς
1772 2336 1866 2391 τὴν

220 2415 446 2474 ὑστάτην
475 2436 488 2450 ·
532 2415 562 2474 ἣ
625 2417 656 2474 ἠ
713 2411 933 2491 δευτέρα
971 2418 1102 2490 πρὸς
1149 2421 1242 2476 τήν
1310 2414 1554 2490 δεκάτην,
1613 2420 1746 2473 οὑτω
1795 2417 1863 2480 δή

220 2507 308 2555 καὶ
380 2507 438 2556 τὸ
521 2502 575 2556 έκ
653 2512 745 2566 τῆς
802 2501 1078 2568 ἑνδεκάτης
1132 2508 1320 2582 κραθὶν
1374 2509 1566 2581 ἄτομον
1617 2507 1866 2562 ἀνάπαλιν

225 2593 313 2654 ἕως
370 2599 458 2645 τοῦ
510 2590 564 2645 έκ
610 2601 707 2656 τῆς
770 2600 976 2664 πρώτης
1021 2617 1034 2630 ·
1086 2603 1239 2650 τοῦτο
1301 2593 1360 2651 δι
1406 2601 1576 2651 κοινὸν
1622 2604 1712 2652 καὶ
1766 2608 1866 2653 τῶν

222 2679 418 2738 ἕνδεκα.
472 2686 614 2736 Μετὰ
665 2681 724 2737 δε
776 2687 970 2743 ταύτην
1023 2690 1118 2745 τὴν
1173 2685 1318 2750 τάξιν
1370 2687 1518 2763 ἑτέρα
1571 2689 1715 2752 τάξιν
1767 2697 1866 2742 τῶν

221 2771 496 2844 συζυγιῶν,
555 2780 694 2850 τρεῖς
747 2780 837 2829 καὶ
899 2775 1029 2835 αὑτὴ
1108 2779 1310 2848 ἔχουσα
1367 2777 1554 2845 τάξεις,
1615 2780 1700 2843 αἶς
1755 2778 1866 2833 ἔστι

215 2868 312 2913 τῶν
384 2881 439 2915 τε
521 2871 676 2936 τριῶν
728 2869 818 2917 καὶ
879 2872 978 2917 τῶν
1036 2867 1304 2942 τεσσάρων
1358 2865 1628 2941 ἐναλλαγὴ,
1690 2869 1867 2942 ὕφεσις

221 2945 277 3004 δι
307 2949 361 3003 έκ
409 2953 500 3024 μὶν
547 2959 646 3006 τῶν
696 2961 850 3030 τριῶν
902 2961 1002 3007 τῶν
1055 2951 1172 3024 δύο,
1227 2954 1282 3008 ἐκ
1337 2953 1396 3010 δὲ
1443 2965 1543 3010 τῶν
1599 2960 1866 3032 τεσσάρων

1977 544 2068 615 μὶν
2128 540 2184 594 έκ
2239 551 2338 594 τῶν
2415 551 2571 618 τριῶν
2626 547 2875 618 ἔχουσαι,
2953 547 3205 612 ὡσαύτως
3269 553 3358 603 καὶ
3423 552 3478 605 ἔκ
3533 561 3632 606 τῶν

1977 631 2246 707 τεσσάρων
2320 634 2378 685 τό
2449 632 2517 700 ἓν,
2598 633 2660 696 ἂς
2739 632 2834 689 διὰ
2886 643 2986 688 τῶν
3051 639 3372 710 μεταθέσεων
3420 639 3635 706 ἐναλλὰξ

1982 723 2087 784 θεὶς
2114 723 2318 796 εὑρήσω
2371 720 2419 775 έν
2448 728 2546 797 μιᾷ
2598 724 2793 800 ἑκάστῃ
2848 726 2989 790 τάξει
3041 731 3302 803 τέσσαρας
3355 735 3629 805 συζυγίας,

1979 811 2048 863 ὧν
2073 813 2104 870 ἠ
2136 817 2316 887 πρώτη
2344 812 2493 876 τάξις
2529 816 2742 883 τούτων,
2802 813 3048 876 ἑνδεκάτη
3109 814 3170 871 δέ
3224 838 3285 891 γε
3329 828 3428 873 τῶν
3482 821 3628 894 ὅλων,

1981 903 2118 955 ἔστιν
2200 922 2234 955 α
2317 921 2340 956 ε
2417 922 2452 956 α
2527 903 2561 966 ζ
2626 925 2659 958 α
2733 925 2763 965 η
2841 927 2875 960 α
2949 908 2976 960 θ
3044 908 3101 960 αἶ
3183 905 3492 984 διαφέρουσι
3563 922 3626 988 τῇ

1980 993 2270 1065 μεταθέσει.
2352 994 2499 1047 Καθά
2569 995 2672 1070 γὰρ
2722 997 2751 1054 ἠ
2793 1000 2975 1070 πρώτη
3031 999 3163 1072 πρὸς
3208 1004 3302 1058 τὴν
3359 997 3627 1070 δευτέραν,

1981 1080 2012 1140 ἣ
2071 1082 2102 1139 ἡ
2158 1085 2309 1154 τρίτη
2367 1085 2498 1158 πρὸς
2552 1087 2647 1142 την
2703 1085 2955 1154 ὑστάτην,
3010 1086 3144 1139 οὑτω
3187 1085 3255 1146 δὴ
3318 1094 3406 1142 καὶ
3461 1094 3520 1144 τὸ
3575 1091 3631 1145 ἐκ

1980 1176 2072 1230 τῆς
2130 1170 2365 1234 ὑστάτης
2440 1173 2626 1245 κραθὲν
2702 1174 2893 1246 ἄτομον
2971 1173 3020 1227 έν
3107 1173 3454 1251 ἁναποδισμῷ
3537 1181 3630 1244 ἓως

1979 1264 2074 1311 τοῦ
2151 1257 2206 1312 έκ
2281 1267 2373 1322 τῆς
2425 1266 2632 1334 πρώτης
2687 1261 2882 1336 ἀτόμου
2940 1265 3215 1340 κραθέντος
3271 1287 3285 1300 ·
3339 1272 3430 1322 καὶ
3475 1276 3628 1322 τοῦτο

1979 1355 2079 1400 τῶν
2135 1350 2388 1422 τεττάρων
2456 1355 2643 1406 κοινόν.
2708 1356 2851 1405 Μετὰ
2919 1350 2980 1406 δὲ
3033 1358 3226 1415 ταύτην
3272 1359 3303 1416 ἠ
3353 1359 3481 1433 πρὸς
3535 1363 3628 1419 τὴν

1977 1442 2190 1512 πρώτην
2240 1440 2433 1500 ταύτης
2484 1435 2721 1516 δευτέρα,
2773 1437 3048 1501 δωδεκάτη
3111 1441 3171 1496 δέ
3225 1464 3285 1517 γε
3330 1454 3429 1499 τῶν
3479 1447 3628 1519 ὅλων,

1978 1525 2010 1583 ἡ
2060 1533 2133 1596 τῷ
2198 1527 2340 1597 αύτῷ
2395 1532 2483 1580 καὶ⁹
2540 1529 2668 1588 αὑτὴ
2736 1526 2987 1602 ἰδιώματι
3041 1530 3321 1605 βαίνουσα,
3376 1533 3625 1610 eam:ng

1977 1631 2033 1666 τε
2105 1616 2194 1666 καὶ
2263 1616 2534 1687 μεταθέσει
2607 1615 2644 1690 β
2723 1636 2743 1670 ε
2823 1616 2859 1690 β
2939 1618 2974 1680 ς
3057 1617 3092 1691 β
3185 1639 3217 1678 η
3317 1620 3354 1693 β
3450 1625 3478 1676 θ
3575 1623 3629 1676 αἱ

1979 1698 2290 1775 διαφέρουσι
2341 1711 2404 1776 τῇ
2463 1705 2754 1777 μεταθέσει.
2817 1707 2964 1760 Καθὰ
3019 1709 3121 1782 γὰρ
3175 1710 3206 1767 ἠ
3262 1715 3442 1784 πρώτη
3504 1714 3630 1785 πρὸς

483 1809 496 1823 ο
541 1797 694 1843 τοῦτο
747 1787 807 1843 δι
859 1794 1029 1844 κοινόν
1076 1797 1166 1845 καὶ
1210 1801 1308 1846 τῶν
1359 1790 1559 1850 ἔνδικα.
1621 1799 1761 1850 Μετὰ
1809 1792 1869 1850 δὲ
1907 1811 1948 1866 Β
1975 1796 2070 1850 τὴν
2123 1787 2398 1868 δευτέραν,“
2455 1794 2484 1854 ἣ
2539 1795 2570 1852 ἠ
2645 1799 2792 1868 τρίτη
2849 1797 2977 1871 πρὸς
3033 1799 3127 1854 τὴν
3179 1797 3435 1868 ὑστάτην,
3494 1800 3628 1852 οὕτω

1977 1877 2045 1939 δὴ
2085 1884 2176 1933 καὶ
2214 1884 2272 1934 τὸ
2322 1879 2376 1934 έκ
2440 1889 2533 1942 τῆν
2582 1883 2812 1946 ὑστάτης
2867 1886 3054 1958 κραθεν
3105 1887 3298 1960 ἄτομον
3341 1886 3389 1940 έν
3445 1886 3633 1942 ἀναπο-

1976 1966 2156 2043 δισμῷ
2235 1970 2328 2033 ἕως
2375 1977 2468 2023 τοῦ
2516 1969 2572 2024 ἐκ
2618 1979 2709 2034 τῆς
2763 1979 2976 2047 πρώτης
3031 1973 3225 2048 ἀτόμοῦ
3276 1978 3548 2049 κραθέντος
3613 1999 3627 2014 ο

1973 2065 2064 2114 καὶ
2110 2079 2263 2114 τουτο
2309 2069 2409 2114 τῶν
2482 2064 2736 2137 τεττάρων
2781 2068 2971 2120 κοινόν.
3025 2067 3170 2120 Μετὰ
3227 2064 3286 2120 δι
3350 2071 3544 2128 ταύτην
3596 2071 3626 2128 ἡ

1973 2153 2103 2225 πρὸς
2175 2154 2268 2210 την
2350 2156 2556 2220 πρώτην
2628 2151 2784 2214 αὑτῆς
2859 2158 3033 2229 τρίτη,
3091 2152 3504 2230 τρισκαιδεκάτη
3571 2153 3631 2210 δι

1974 2247 2074 2292 τῶν
2124 2238 2252 2293 ὅλων
2318 2244 2408 2294 καὶ
2468 2241 2694 2306 ὑστάτη,
2749 2243 2780 2302 ἦ
2836 2249 2908 2313 τῷ
2959 2243 3098 2314 αὑτῷ
3154 2248 3240 2296 καὶ
3294 2245 3424 2304 αὑτὴ
3485 2242 3630 2299 ἰδιώ-

1974 2348 2103 2403 ματι
2172 2327 2434 2402 βαίνουσα
2835 2351 2889 2385 τε
2966 2337 3056 2386 καὶ
3122 2335 3392 2406 μεταθέσει
3447 2356 3481 2407 ’γ
3530 2355 3553 2388 ε
3597 2356 3632 2409 γ

1976 2418 2010 2481 ζ
2040 2440 2074 2492 γ
2119 2439 2148 2478 η
2203 2440 2236 2492 γ
2298 2421 2325 2473 θ
2379 2419 2432 2472 αἱ
2482 2416 2794 2494 διαφέρουσι
2853 2428 2915 2495 τῇ
2975 2424 3267 2496 μεταθέσει.
3328 2425 3478 2478 Καθὰ
3525 2429 3628 2500 γὰρ

1975 2511 2006 2568 ἡ
2055 2514 2234 2583 πρώτη
2319 2512 2450 2585 πρὸς
2521 2515 2616 2569 τὴν
2664 2506 2930 2584 δευτέραν,
2999 2512 3030 2570 ἣ
3076 2513 3106 2570 ἠ
3156 2517 3308 2587 τρίτη
3364 2516 3491 2587 πρὸς
3535 2518 3630 2573 τὴν

1975 2598 2231 2664 ὑστάτην,
2312 2598 2443 2651 οὕτω
2529 2595 2596 2657 δὴ
2674 2602 2764 2652 καὶ
2819 2603 2878 2652 τὸ
2935 2598 3112 2662 έκτῆς
3163 2601 3396 2664 ὑστάτης
3445 2604 3631 2678 κραθὲν

1974 2686 2166 2761 ἄτομον
2197 2686 2246 2740 έν
2303 2682 2649 2760 ἁναποδισμῷ
2701 2689 2796 2750 ἕως
2847 2695 2939 2742 τοῦ
2994 2687 3050 2742 ἐκ
3102 2697 3200 2752 τῆς
3248 2697 3460 2766 πρώτης
3516 2691 3632 2746 ἀτό-

1974 2797 2075 2852 μου
2159 2778 2430 2854 κραθέντος
2507 2797 2521 2813 ο
2594 2782 2684 2831 καὶ
2767 2785 2922 2832 τοῦτο
2981 2787 3080 2832 τῶν
3132 2782 3387 2857 τεττάρων
3440 2786 3627 2839 κοινόν.

1974 2867 2210 2941 Ἔχουσι
2251 2871 2422 2920 τοίνυν
2453 2863 2540 2920 οὖν
2565 2868 2658 2930 ἕως
2705 2864 2860 2942 δεῦρο
2897 2871 2956 2921 τὸ
2990 2872 3156 2944 τερμα
3209 2875 3379 2922 πᾶσαι
3430 2872 3485 2922 αἱ
3529 2879 3629 2923 τῶν

1974 2965 2067 3010 τοῦ
2113 2955 2327 3029 λογικοῦ
2375 2956 2512 3017 ξώου
2569 2964 2734 3032 μερῶν
2795 2956 3066 3030 συζυγίαι,
3148 2956 3512 3030 ἀναφαίνονται
3568 2955 3629 3012 δί

221 3129 485 3187 secunda
513 3130 592 3188 ad
608 3129 928 3200 decimam,
947 3133 1029 3190 ita
1058 3133 1237 3190 etiam
1261 3137 1467 3192 contra
1491 3135 1639 3192 illud
1658 3135 1866 3192 indivi-
1895 3131 1936 3188 C
1976 3132 2460 3206 transpositione,
2494 3132 2568 3190 be
2607 3132 2616 3204 Ι
2661 3133 2694 3188 b
2716 3133 2753 3203 f
2788 3133 2796 3204 |
2839 3133 2921 3204 6g
2961 3133 2969 3203 |
3037 3133 3114 3190 bh
3163 3135 3171 3204 Ι
3213 3149 3350 3207 quae
3381 3133 3626 3208 quidem

217 3215 406 3274 duum
432 3219 598 3292 quod
627 3236 700 3277 ex
720 3221 1044 3278 undecima
1073 3226 1474 3296 temperatum
1506 3229 1594 3281 est
1613 3224 1693 3281 ad
1718 3223 1865 3280 illud

217 3323 409 3382 usque
431 3311 597 3384 quod
627 3315 814 3369 estex
868 3312 1067 3384 prima
1108 3313 1458 3370 conﬂatum.
1492 3317 1612 3370 Hoc
1664 3319 1866 3370 autem

218 3412 538 3455 commune
568 3401 747 3458 etiam
769 3406 857 3460 est
900 3401 1204 3461 undecim.
1261 3403 1485 3460 Tertius
1540 3419 1576 3459 a
1598 3404 1866 3461 secundo

215 3485 394 3558 hujus
414 3489 646 3558 generis
667 3490 815 3546 ordo
837 3491 1244 3564 consequitur,
1281 3491 1695 3548 universorum
1711 3491 1866 3548 deci-

215 3591 347 3632 mus
375 3577 478 3649 qui
494 3577 553 3633 in
577 3593 895 3651 progressu
909 3580 1186 3638 eamdem
1200 3582 1621 3655 proprietatem
1633 3583 1863 3650 retinet,

214 3666 1379 3742 exceptauniustranspositione:cefgh
1419 3671 1427 3742 ι
1480 3671 1620 3742 cefg
1661 3672 1670 3736 l
1712 3670 1866 3742 cfgh

241 3753 522 3824 lcefhl
579 3758 703 3826 cef
752 3758 762 3826 Ι
813 3758 939 3828 cfg
997 3759 1007 3828 |
1063 3759 1204 3829 egh
1263 3760 1489 3830 lch/‘l
1535 3759 1866 3830 chelceg

213 3855 347 3914 quae
384 3845 847 3916 transpositione
878 3847 1186 3905 diﬁerunt.
1219 3851 1288 3904 Ut
1311 3848 1471 3904 enim
1499 3849 1697 3920 prima
1727 3864 1865 3904 con-

210 3929 441 4002 jugatio
473 3948 534 3988 se
563 3932 744 3990 habet
773 3935 850 3991 ad
883 3935 1156 3992 ultimam
1188 3942 1292 3994 aut
1316 3937 1582 3994 secunda
1603 3937 1681 3993 ad
1702 3936 1863 3993 deci-

215 4033 403 4088 mam,
436 4021 516 4078 ita
536 4023 714 4079 etiam
736 4030 943 4081 contra
996 4025 1142 4081 illud
1185 4025 1558 4082 individuum
1603 4026 1769 4100 quod
1792 4042 1865 4082 ex

215 4110 536 4168 undecima
557 4116 955 4186 temperatum
973 4121 1082 4182 est,
1107 4116 1185 4173 ad
1215 4116 1361 4172 illud
1384 4133 1575 4190 usque
1602 4116 1766 4189 quod
1793 4132 1866 4172 ex

215 4197 411 4269 prima
461 4200 792 4258 conﬂatum
835 4207 942 4260 est.
998 4207 1118 4261 Hoc
1157 4210 1356 4262 autem
1413 4221 1733 4262 commune
1777 4209 1866 4262 est

214 4286 394 4345 etiam
426 4289 729 4349 undecim.
771 4294 937 4348 Hunc
975 4294 1248 4350 ordinem
1288 4295 1676 4368 consequitur
1712 4293 1866 4350 alius

213 4379 709 4450 conjugationum
735 4381 906 4451 ordo,
926 4383 1030 4457 qui
1061 4385 1240 4440 etiam
1270 4385 1396 4456 ipse
1421 4389 1539 4440 tres
1574 4385 1758 4440 habet
1774 4399 1865 4440 or-

215 4461 387 4522 dines
408 4467 468 4523 in
489 4467 710 4540 quibus
732 4469 842 4526 tria
859 4474 915 4527 et
934 4475 1193 4543 quatuor
1229 4476 1664 4545 permutantur,
1694 4488 1764 4528 ac
1789 4471 1864 4528 de

215 4554 404 4612 tribus
433 4556 680 4629 quidem
711 4557 833 4614 duo
865 4560 1321 4618 subtrahuntur.
1351 4561 1426 4617 de
1445 4565 1705 4634 quatuor
1722 4575 1864 4618 vero

218 4643 343 4704 tria.
372 4645 482 4712 Qui
515 4650 654 4702 sunt
697 4647 979 4704 ordinum
1038 4649 1277 4706 ordines
1310 4654 1368 4706 et
1413 4649 1866 4720 conjugationes

220 4729 562 4808 habentque
584 4735 658 4792 de
696 4736 890 4793 tribus
943 4754 1150 4805 unum,
1200 4739 1534 4812 eodemque
1580 4739 1763 4794 modo
1791 4739 1865 4795 de

220 4828 476 4892 quatuor
493 4839 772 4884 unumae
813 4826 821 4899 |
863 4827 949 4897 af
980 4834 988 4888 I
1030 4843 1113 4899 ag
1155 4827 1164 4900 |
1205 4827 1291 4885 ah
1331 4828 1340 4900 ι
1388 4827 1867 4901 quaetransposi-

220 4907 378 4969 tione
398 4913 698 4972 differunt.
735 4917 803 4972 Ut
831 4915 991 4971 enim
1018 4917 1212 4988 prima
1235 4916 1578 4988 conjugatio
1607 4931 1670 4972 se
1685 4915 1868 4972 habet

220 4997 298 5054 ad
329 5003 678 5076 secundam,
698 5008 802 5060 aut
831 5005 1001 5060 tertia
1031 5004 1109 5061 ad
1139 5009 1527 5078 postremam,
1567 5004 1650 5060 ita
1686 5004 1864 5060 etiam

221 5094 514 5148 contrario
526 5093 733 5150 ordine
749 5093 1128 5150 individuum
1145 5093 1287 5150 illud
1301 5094 1462 5166 quod
1479 5111 1549 5150 ex
1564 5098 1867 5166 postrema

219 5176 616 5252 temperatum
638 5183 830 5251 est,ad
849 5182 995 5239 illud
1023 5199 1210 5256 usque
1232 5182 1396 5256 quod
1417 5199 1488 5238 ex
1510 5183 1706 5256 prima
1727 5199 1866 5239 con-

216 5261 423 5325 ﬂatum
453 5273 562 5326 est.
593 5275 779 5345 Atque
808 5271 925 5329 hoc
952 5271 1045 5328 his
1075 5278 1336 5344 quatuor
1391 5287 1711 5332 commune
1755 5279 1863 5330 est.

217 5351 523 5414 Secundus
553 5358 631 5416 ab
660 5360 773 5418 hoc
813 5362 962 5419 ordo
989 5360 1396 5434 consequitur,
1445 5361 1865 5419 universorum

215 5438 611 5505 duodecimus
638 5450 743 5523 qui
767 5449 826 5507 in
858 5467 1178 5526 progressu
1203 5451 1479 5508 eamdem
1499 5466 1743 5524 quoque
1767 5467 1862 5508 re-

217 5528 360 5591 tinet
386 5537 810 5612 proprietatem
855 5543 975 5598 tam
1003 5540 1065 5598 in
1097 5540 1536 5615 permutatione
1565 5529 1753 5614 quam
1805 5540 1865 5597 in

1974 3222 2430 3294 conjugationes
2470 3221 2934 3294 transpositione
2991 3221 3296 3279 differunt.
3350 3225 3419 3280 Ut
3464 3224 3626 3281 enim

1973 3312 2170 3388 prima
2201 3327 2264 3367 se
2295 3310 2479 3367 habet
2497 3311 2575 3366 ad
2600 3310 2932 3366 secundam
2954 3314 3058 3367 aut
3081 3311 3251 3367 tertia
3281 3311 3359 3368 ad
3403 3315 3628 3385 postre-

1971 3417 2160 3471 mam,
2193 3401 2274 3458 ita
2298 3401 2476 3457 etiam
2488 3400 2839 3470 retrogrado
2867 3398 3467 3458 ordineindividuum
3479 3401 3627 3458 illud

1973 3492 2137 3565 quod
2167 3508 2237 3548 ex
2267 3496 2573 3564 postrema
2599 3494 2998 3564 temperatum
3029 3494 3135 3560 est,
3160 3491 3238 3547 ad
3264 3491 3413 3548 illud
3429 3508 3625 3564 usque

1973 3580 2376 3649 individuum,
2407 3578 2572 3651 quod
2609 3583 2698 3635 est
2725 3595 2798 3634 ex
2842 3579 3037 3652 prima
3065 3579 3413 3650 conflatum,
3445 3585 3626 3654 atque

1972 3669 2088 3726 hoc
2115 3684 2437 3726 commuue
2463 3673 2552 3724 est
2577 3667 2672 3724 his
2727 3672 3006 3741 quatuor.
3047 3669 3268 3725 Tertius
3321 3668 3538 3726 deinde
3590 3685 3628 3727 a

1971 3758 2168 3831 primo
2180 3759 2361 3828 hujus
2374 3757 2604 3829 generis
2617 3756 2765 3813 ordo
2787 3757 3191 3829 consequitur,
3209 3758 3625 3815 universorum

1972 3845 2242 3902 decimus
2255 3846 2460 3902 tertius
2478 3850 2533 3902 et
2550 3845 2794 3902 ultimus
2809 3846 2914 3917 qui
2927 3845 2988 3901 in
3005 3861 3329 3918 progressu
3346 3846 3624 3903 eamdem

1971 3935 2396 4008 proprietatem
2417 3935 2627 3990 retinet
2656 3939 2777 3990 tam
2803 3934 2861 3989 in
2884 3934 3320 4007 permutatione
3345 3950 3531 4006 quam
3560 3935 3622 3990 in

1971 4024 2456 4096 transpositione,
2487 4039 2562 4080 ce
2601 4024 2610 4095 |
2653 4024 2733 4094 cf
2766 4024 2775 4094 |
2821 4038 2901 4094 cg
2946 4023 2955 4094 |
2999 4023 3084 4080 ch
3124 4023 3134 4093 Ι
3179 4024 3349 4088 .Quae
3376 4022 3623 4095 quidem

1972 4113 2427 4183 conjugationes
2485 4110 2949 4182 transpositione
3005 4110 3304 4167 ditt‘erunt.
3355 4112 3424 4166 Ut
3461 4110 3623 4167 enim

1971 4201 2171 4275 prima
2199 4217 2262 4258 se
2283 4200 2463 4257 habet
2480 4201 2556 4256 ad
2579 4199 2930 4268 secundam,
2953 4203 3056 4256 aut
3083 4199 3254 4256 tertia
3290 4199 3368 4255 ad
3394 4203 3623 4272 postre-

1971 4305 2160 4360 mam,
2188 4291 2270 4346 ita
2290 4291 2469 4346 etiam
2501 4289 2796 4344 contrario
2826 4287 3034 4345 ordine
3065 4288 3443 4344 individuum
3477 4287 3625 4346 illud

1971 4381 2134 4455 quod
2161 4397 2232 4437 ex
2257 4384 2562 4454 postrema
2581 4383 2977 4452 temperatum
3004 4383 3090 4435 est
3109 4379 3169 4435 in
3190 4379 3524 4436 reversione
3545 4381 3622 4452 (t)

1974 4485 2039 4526 se
2063 4469 2247 4526 habet
2267 4468 2345 4526 ad
2365 4468 2512 4524 illud
2533 4484 2728 4541 usque
2747 4467 3127 4524 individuum
3152 4467 3312 4541 quod
3337 4483 3409 4524 ex
3431 4469 3626 4541 prima

1971 4562 2371 4632 temperatum
2427 4562 2536 4614 est.
2587 4560 2779 4631 Atque
2831 4557 2946 4612 hoc
2997 4561 3255 4630 quatuor
3303 4571 3625 4614 commune

1973 4651 2079 4702 est.
2108 4649 2403 4703 Hactenus
2436 4645 2892 4718 conjugationes
2921 4646 3181 4719 partium
3219 4644 3496 4702 animalis
3533 4660 3624 4700 ra-

1973 4737 2131 4794 tione
2151 4737 2384 4810 praaditi
2403 4736 2585 4793 ﬁnem
2609 4741 2664 4793 et
2687 4736 3007 4792 terminum
3037 4735 3281 4792 habent.
3305 4733 3418 4789 Sed
3439 4748 3624 4788 emer-

1974 4831 2123 4897 gunt
2143 4831 2358 4899 praeter
2389 4825 2846 4897 conjugationes
2877 4823 3210 4892 nonaginta
3226 4821 3378 4878 duas
3408 4824 3465 4876 et
3486 4819 3625 4876 sim-

1972 4914 2191 4990 plicem
2217 4918 2447 4987 septem
2474 4914 2605 4970 alim
2635 4912 3085 4984 conjugationes
3125 4925 3260 4982 qua:
3290 4907 3537 4982 quidem
3563 4924 3626 4965 ιιι

1973 5003 2196 5060 unitate
2217 5004 2343 5060 sola
2365 5003 2761 5059 intensionem
2788 5001 3029 5055 habent.
3073 4998 3297 5053 Idcirco
3340 4997 3454 5054 has
3486 5013 3626 5055 cum

1976 5092 2108 5150 aliis
2138 5109 2259 5149 non
2283 5091 2654 5149 numeravim
2667 5107 2753 5156 us,
2786 5089 3075 5162 quoniam
3096 5087 3245 5143 ordo
3269 5089 3329 5144 in
3355 5087 3480 5144 istis
3502 5093 3629 5146 erat

1973 5182 2203 5240 ordinis
2231 5180 2620 5255 perturbatio.
2645 5181 2792 5234 Sunt
2813 5182 3012 5234 autem
3033 5178 3127 5234 ha:
3155 5195 3167 5234 :
3193 5193 3248 5248 α,
3275 5193 3413 5234 cum
3434 5178 3627 5233 inten-

1976 5271 2142 5328 sione
2176 5288 2190 5338 ;
2225 5271 2276 5337 ὁ,
2306 5285 2445 5326 cum
2475 5269 2805 5326 intcnsionc
2841 5285 2854 5334 ;
2897 5283 2947 5335 c,
2983 5283 3120 5324 cum
3169 5267 3503 5324 intcnsionc
3535 5282 3625 5334 ;e,

1975 5375 2112 5418 cum
2147 5360 2479 5417 intensione
2513 5359 2592 5430 ;f,
2617 5374 2754 5414 cum
2776 5358 3107 5414 intensione
3132 5375 3145 5426 ;
3171 5375 3231 5428 g,
3266 5373 3405 5413 cum
3433 5357 3626 5411 inten-

1976 5452 2142 5509 sione
2177 5466 2192 5516 ;
2224 5451 2282 5520 h,
2316 5465 2455 5506 cum
2494 5447 2848 5506 intcnsionc.
2909 5451 3056 5504 Cum
3104 5452 3305 5504 autem
3334 5445 3468 5502 dico
3491 5459 3624 5502 cum

1975 5542 2326 5607 intcnsionc,
2355 5539 2489 5596 dico
2529 5537 2708 5595 etiam
2766 5553 2898 5594 cum
2954 5536 3313 5593 remissione.
3372 5533 3626 5606 Utraque

287 5646 362 5732 (4)
393 5647 668 5723 Reditum
690 5678 728 5723 a
747 5667 1053 5739 postrema
1076 5665 1158 5726 ad
1176 5665 1438 5741 primam
1453 5663 1718 5740 appellat
1743 5653 2114 5738 revisioném,
2131 5657 2380 5737 perinde
2399 5677 2473 5722 ac
2503 5662 2552 5720 si
2579 5677 2616 5722 a
2644 5665 2806 5721 meta
2825 5654 2904 5720 ad
2934 5673 3203 5718 carceres
3225 5657 3624 5716 revertereris.
