  <div class='ocr_page' id='page_1' title='image "/cluster/home/n/w/nwhite01/storage/ocr_20150623/140/hvd.32044073502551/747.png"; bbox 0 0 4066 6212; ppageno 0'>
   <div class='ocr_carea' id='block_1_1' title="bbox 513 329 648 383">
    <p class='ocr_par' dir='ltr' id='par_1_1' title="bbox 513 329 648 383">
     <span class='ocr_line' id='line_1_1' title="bbox 513 329 648 383; baseline 0.015 -2"><span class='ocrx_word' id='word_1_1' title='bbox 513 329 648 383; x_wconf 74' lang='grc'><strong>130⁸7</strong></span> 
     </span>
    </p>
   </div>
   <div class='ocr_carea' id='block_1_2' title="bbox 2048 323 2382 381">
    <p class='ocr_par' dir='ltr' id='par_1_2' title="bbox 2048 323 2382 381">
     <span class='ocr_line' id='line_1_2' title="bbox 2048 323 2382 381; baseline -0.003 -1"><span class='ocrx_word' id='word_1_2' title='bbox 2048 323 2382 381; x_wconf 79' lang='lat' dir='ltr'><strong>ADDENDA</strong></span> 
     </span>
    </p>
   </div>
   <div class='ocr_carea' id='block_1_3' title="bbox 3728 339 3824 395">
    <p class='ocr_par' dir='ltr' id='par_1_3' title="bbox 3728 339 3824 395">
     <span class='ocr_line' id='line_1_3' title="bbox 3728 339 3824 395; baseline 0.042 -4"><span class='ocrx_word' id='word_1_3' title='bbox 3728 339 3824 395; x_wconf 67' lang='lat'><strong>1308</strong></span> 
     </span>
    </p>
   </div>
   <div class='ocr_carea' id='block_1_4' title="bbox 510 447 3832 523">
    <p class='ocr_par' dir='ltr' id='par_1_4' title="bbox 510 447 3832 523">
     <span class='ocr_line' id='line_1_4' title="bbox 510 447 3832 523; baseline 0 -19"><span class='ocrx_word' id='word_1_4' title='bbox 510 460 611 504; x_wconf 86' lang='grc' dir='ltr'>τῶν</span> <span class='ocrx_word' id='word_1_5' title='bbox 660 451 1085 512; x_wconf 76' lang='grc' dir='ltr'>ἐννενηκονταδύο</span> <span class='ocrx_word' id='word_1_6' title='bbox 1164 459 1254 505; x_wconf 77' lang='grc' dir='ltr'>καὶ</span> <span class='ocrx_word' id='word_1_7' title='bbox 1304 459 1401 514; x_wconf 80' lang='grc' dir='ltr'><strong>τῆς</strong></span> <span class='ocrx_word' id='word_1_8' title='bbox 1474 450 1641 512; x_wconf 80' lang='grc' dir='ltr'><strong>ἁπλῆς</strong></span> <span class='ocrx_word' id='word_1_9' title='bbox 1696 447 1836 508; x_wconf 77' lang='grc' dir='ltr'>ἐκτὸς</span> <span class='ocrx_word' id='word_1_10' title='bbox 1894 448 2157 519; x_wconf 61' lang='grc' dir='ltr'>συζυγῶν</span> <span class='ocrx_word' id='word_1_11' title='bbox 2186 448 2235 497; x_wconf 84' lang='grc' dir='ltr'><strong>Α</strong></span> <span class='ocrx_word' id='word_1_12' title='bbox 2268 448 2456 513; x_wconf 77' lang='grc' dir='ltr'><strong>τάξεις,</strong></span> <span class='ocrx_word' id='word_1_13' title='bbox 2491 447 2588 499; x_wconf 82' lang='grc' dir='ltr'><strong>ἀνὰ</strong></span> <span class='ocrx_word' id='word_1_14' title='bbox 2631 456 2764 523; x_wconf 81' lang='grc' dir='ltr'><strong>τρεῖς</strong></span> <span class='ocrx_word' id='word_1_15' title='bbox 2813 450 3040 521; x_wconf 78' lang='grc' dir='ltr'>ἔχουσαι</span> <span class='ocrx_word' id='word_1_16' title='bbox 3097 450 3250 502; x_wconf 78' lang='grc' dir='ltr'>αὐταὶ</span> <span class='ocrx_word' id='word_1_17' title='bbox 3287 455 3531 523; x_wconf 78' lang='grc' dir='ltr'><strong>συζυγίας</strong></span> <span class='ocrx_word' id='word_1_18' title='bbox 3557 475 3569 488; x_wconf 88' lang='grc'><strong>·</strong></span> <span class='ocrx_word' id='word_1_19' title='bbox 3598 457 3645 507; x_wconf 86' lang='grc' dir='ltr'>αἰ</span> <span class='ocrx_word' id='word_1_20' title='bbox 3685 456 3732 511; x_wconf 55' lang='grc' dir='ltr'><strong>δὲ</strong></span> <span class='ocrx_word' id='word_1_21' title='bbox 3767 460 3832 513; x_wconf 68' lang='grc' dir='ltr'><strong>αὖ.</strong></span> 
     </span>
    </p>
   </div>
   <div class='ocr_carea' id='block_1_5' title="bbox 513 535 2160 615">
    <p class='ocr_par' dir='ltr' id='par_1_5' title="bbox 513 535 2160 615">
     <span class='ocr_line' id='line_1_5' title="bbox 513 535 2160 615; baseline -0.003 -21"><span class='ocrx_word' id='word_1_22' title='bbox 513 539 643 594; x_wconf 68' lang='grc' dir='ltr'>ἑπτὰ</span> <span class='ocrx_word' id='word_1_23' title='bbox 695 542 882 615; x_wconf 78' lang='grc' dir='ltr'>ἕτεραι,</span> <span class='ocrx_word' id='word_1_24' title='bbox 956 546 1144 607; x_wconf 80' lang='grc' dir='ltr'>αἵτινες</span> <span class='ocrx_word' id='word_1_25' title='bbox 1211 546 1403 614; x_wconf 76' lang='grc' dir='ltr'>ἔχουσι</span> <span class='ocrx_word' id='word_1_26' title='bbox 1464 539 1511 593; x_wconf 77' lang='grc' dir='ltr'>ἐν</span> <span class='ocrx_word' id='word_1_27' title='bbox 1560 535 1752 611; x_wconf 77' lang='grc' dir='ltr'><strong>μονάδι</strong></span> <span class='ocrx_word' id='word_1_28' title='bbox 1809 543 1937 610; x_wconf 80' lang='grc' dir='ltr'>μόνη</span> <span class='ocrx_word' id='word_1_29' title='bbox 1986 538 2160 590; x_wconf 78' lang='grc' dir='ltr'>ἐπίτα-</span> 
     </span>
    </p>
   </div>
   <div class='ocr_carea' id='block_1_6' title="bbox 516 625 2161 699">
    <p class='ocr_par' dir='ltr' id='par_1_6' title="bbox 516 625 2161 699">
     <span class='ocr_line' id='line_1_6' title="bbox 516 625 2161 699; baseline -0.003 -18"><span class='ocrx_word' id='word_1_30' title='bbox 516 647 618 684; x_wconf 87' lang='grc' dir='ltr'>σιν.</span> <span class='ocrx_word' id='word_1_31' title='bbox 671 633 765 682; x_wconf 82' lang='grc' dir='ltr'><strong>Διὰ</strong></span> <span class='ocrx_word' id='word_1_32' title='bbox 841 640 993 684; x_wconf 79' lang='grc' dir='ltr'>τοῦτο</span> <span class='ocrx_word' id='word_1_33' title='bbox 1058 629 1182 685; x_wconf 74' lang='grc' dir='ltr'>ούδέ</span> <span class='ocrx_word' id='word_1_34' title='bbox 1226 639 1341 693; x_wconf 81' lang='grc' dir='ltr'>ταὶς</span> <span class='ocrx_word' id='word_1_35' title='bbox 1389 630 1567 689; x_wconf 76' lang='grc' dir='ltr'>ἄλλαις</span> <span class='ocrx_word' id='word_1_36' title='bbox 1616 630 1805 686; x_wconf 85' lang='grc' dir='ltr'>ταύτας</span> <span class='ocrx_word' id='word_1_37' title='bbox 1861 625 2161 699; x_wconf 80' lang='grc' dir='ltr'>ἀπηριθμή-</span> 
     </span>
    </p>
   </div>
   <div class='ocr_carea' id='block_1_7' title="bbox 515 712 2163 789">
    <p class='ocr_par' dir='ltr' id='par_1_7' title="bbox 515 712 2163 789">
     <span class='ocr_line' id='line_1_7' title="bbox 515 712 2163 789; baseline -0.001 -20"><span class='ocrx_word' id='word_1_38' title='bbox 515 738 695 789; x_wconf 85' lang='grc' dir='ltr'>σαμεν,</span> <span class='ocrx_word' id='word_1_39' title='bbox 725 720 802 771; x_wconf 85' lang='grc' dir='ltr'>ὅτι</span> <span class='ocrx_word' id='word_1_40' title='bbox 839 721 987 783; x_wconf 81' lang='grc' dir='ltr'>τάξις</span> <span class='ocrx_word' id='word_1_41' title='bbox 1046 718 1106 779; x_wconf 76' lang='grc' dir='ltr'>ἦν</span> <span class='ocrx_word' id='word_1_42' title='bbox 1157 720 1206 772; x_wconf 72' lang='grc' dir='ltr'>ἐν</span> <span class='ocrx_word' id='word_1_43' title='bbox 1276 723 1495 781; x_wconf 81' lang='grc' dir='ltr'><strong>ταύταις</strong></span> <span class='ocrx_word' id='word_1_44' title='bbox 1545 720 1575 775; x_wconf 75' lang='grc' dir='ltr'><strong>η</strong></span> <span class='ocrx_word' id='word_1_45' title='bbox 1617 716 1806 778; x_wconf 77' lang='grc' dir='ltr'>ἀταξία</span> <span class='ocrx_word' id='word_1_46' title='bbox 1869 736 1884 749; x_wconf 76' lang='grc' dir='ltr'><strong>ο</strong></span> <span class='ocrx_word' id='word_1_47' title='bbox 1942 716 2046 768; x_wconf 85' lang='grc' dir='ltr'>εἰσὶ</span> <span class='ocrx_word' id='word_1_48' title='bbox 2103 712 2163 768; x_wconf 68' lang='grc' dir='ltr'>δὲ</span> 
     </span>
    </p>
   </div>
   <div class='ocr_carea' id='block_1_8' title="bbox 511 805 2164 879">
    <p class='ocr_par' dir='ltr' id='par_1_8' title="bbox 511 805 2164 879">
     <span class='ocr_line' id='line_1_8' title="bbox 511 805 2164 879; baseline -0.002 -18"><span class='ocrx_word' id='word_1_49' title='bbox 511 809 665 861; x_wconf 79' lang='grc' dir='ltr'>αὗται</span> <span class='ocrx_word' id='word_1_50' title='bbox 694 811 725 867; x_wconf 77' lang='grc' dir='ltr'>ἡ</span> <span class='ocrx_word' id='word_1_51' title='bbox 757 811 872 862; x_wconf 79' lang='grc' dir='ltr'>κατ’</span> <span class='ocrx_word' id='word_1_52' title='bbox 926 810 1165 864; x_wconf 83' lang='grc' dir='ltr'><strong>ἐπίτασιν</strong></span> <span class='ocrx_word' id='word_1_53' title='bbox 1217 831 1270 879; x_wconf 86' lang='grc' dir='ltr'><strong>α,</strong></span> <span class='ocrx_word' id='word_1_54' title='bbox 1327 809 1439 862; x_wconf 82' lang='grc' dir='ltr'>κατ’</span> <span class='ocrx_word' id='word_1_55' title='bbox 1498 808 1734 861; x_wconf 79' lang='grc' dir='ltr'><strong>ἐπίτασιν</strong></span> <span class='ocrx_word' id='word_1_56' title='bbox 1785 805 1843 878; x_wconf 85' lang='grc' dir='ltr'><strong>β,</strong></span> <span class='ocrx_word' id='word_1_57' title='bbox 1889 806 2003 858; x_wconf 82' lang='grc' dir='ltr'>κατ’</span> <span class='ocrx_word' id='word_1_58' title='bbox 2052 805 2164 858; x_wconf 79' lang='grc' dir='ltr'>ἐπί·</span> 
     </span>
    </p>
   </div>
   <div class='ocr_carea' id='block_1_9' title="bbox 509 893 2163 969">
    <p class='ocr_par' dir='ltr' id='par_1_9' title="bbox 509 893 2163 969">
     <span class='ocr_line' id='line_1_9' title="bbox 509 893 2163 969; baseline -0.002 -20"><span class='ocrx_word' id='word_1_59' title='bbox 509 916 659 949; x_wconf 88' lang='grc' dir='ltr'>τασιν</span> <span class='ocrx_word' id='word_1_60' title='bbox 682 918 737 969; x_wconf 88' lang='grc' dir='ltr'><strong>γ,</strong></span> <span class='ocrx_word' id='word_1_61' title='bbox 778 900 893 951; x_wconf 81' lang='grc' dir='ltr'>κατ’</span> <span class='ocrx_word' id='word_1_62' title='bbox 924 898 1164 952; x_wconf 72' lang='grc' dir='ltr'>ἐπίτασιν</span> <span class='ocrx_word' id='word_1_63' title='bbox 1217 919 1257 966; x_wconf 86' lang='grc' dir='ltr'><strong>ε,</strong></span> <span class='ocrx_word' id='word_1_64' title='bbox 1315 899 1431 951; x_wconf 79' lang='grc' dir='ltr'>κατ’</span> <span class='ocrx_word' id='word_1_65' title='bbox 1483 897 1720 950; x_wconf 74' lang='grc' dir='ltr'>ἐπίτασιν</span> <span class='ocrx_word' id='word_1_66' title='bbox 1779 895 1830 961; x_wconf 85' lang='grc' dir='ltr'><strong>ζ,</strong></span> <span class='ocrx_word' id='word_1_67' title='bbox 1888 894 2001 946; x_wconf 77' lang='grc' dir='ltr'>κατ’</span> <span class='ocrx_word' id='word_1_68' title='bbox 2050 893 2163 946; x_wconf 78' lang='grc' dir='ltr'>ἐπί-</span> 
     </span>
    </p>
   </div>
   <div class='ocr_carea' id='block_1_10' title="bbox 510 981 2165 1056">
    <p class='ocr_par' dir='ltr' id='par_1_10' title="bbox 510 981 2165 1056">
     <span class='ocr_line' id='line_1_10' title="bbox 510 981 2165 1056; baseline -0.002 -19"><span class='ocrx_word' id='word_1_69' title='bbox 510 1005 663 1038; x_wconf 90' lang='grc' dir='ltr'>τασιν</span> <span class='ocrx_word' id='word_1_70' title='bbox 708 1006 767 1056; x_wconf 76' lang='grc' dir='ltr'><strong>η,</strong></span> <span class='ocrx_word' id='word_1_71' title='bbox 826 988 938 1040; x_wconf 80' lang='grc' dir='ltr'>κατ’</span> <span class='ocrx_word' id='word_1_72' title='bbox 994 988 1229 1041; x_wconf 75' lang='grc' dir='ltr'>ἐπίτασιν</span> <span class='ocrx_word' id='word_1_73' title='bbox 1277 990 1324 1042; x_wconf 85' lang='grc' dir='ltr'><strong>θ.</strong></span> <span class='ocrx_word' id='word_1_74' title='bbox 1384 985 1544 1038; x_wconf 88' lang='grc' dir='ltr'>Ὀταν</span> <span class='ocrx_word' id='word_1_75' title='bbox 1598 982 1658 1037; x_wconf 68' lang='grc' dir='ltr'>δὲ</span> <span class='ocrx_word' id='word_1_76' title='bbox 1707 984 1834 1055; x_wconf 73' lang='grc' dir='ltr'>λεγω</span> <span class='ocrx_word' id='word_1_77' title='bbox 1876 982 2001 1037; x_wconf 68' lang='grc' dir='ltr'>κατ’</span> <span class='ocrx_word' id='word_1_78' title='bbox 2048 981 2165 1034; x_wconf 70' lang='grc' dir='ltr'><strong>ἐπὶ-</strong></span> 
     </span>
    </p>
   </div>
   <div class='ocr_carea' id='block_1_11' title="bbox 510 1072 2164 1147">
    <p class='ocr_par' dir='ltr' id='par_1_11' title="bbox 510 1072 2164 1147">
     <span class='ocr_line' id='line_1_11' title="bbox 510 1072 2164 1147; baseline -0.003 -21"><span class='ocrx_word' id='word_1_79' title='bbox 510 1093 685 1144; x_wconf 90' lang='grc' dir='ltr'>τασιν,</span> <span class='ocrx_word' id='word_1_80' title='bbox 725 1075 855 1147; x_wconf 80' lang='grc' dir='ltr'>λέγω</span> <span class='ocrx_word' id='word_1_81' title='bbox 902 1081 993 1129; x_wconf 85' lang='grc' dir='ltr'><strong>καὶ</strong></span> <span class='ocrx_word' id='word_1_82' title='bbox 1047 1082 1106 1129; x_wconf 89' lang='grc' dir='ltr'>τὸ</span> <span class='ocrx_word' id='word_1_83' title='bbox 1157 1079 1271 1129; x_wconf 80' lang='grc' dir='ltr'>κατ’</span> <span class='ocrx_word' id='word_1_84' title='bbox 1320 1078 1494 1128; x_wconf 78' lang='grc' dir='ltr'>ἄνεσιν</span> <span class='ocrx_word' id='word_1_85' title='bbox 1555 1096 1570 1108; x_wconf 77' lang='grc' dir='ltr'><strong>ο</strong></span> <span class='ocrx_word' id='word_1_86' title='bbox 1633 1080 1728 1125; x_wconf 83' lang='grc' dir='ltr'>τὼν</span> <span class='ocrx_word' id='word_1_87' title='bbox 1778 1076 1908 1147; x_wconf 87' lang='grc' dir='ltr'>πρὸς</span> <span class='ocrx_word' id='word_1_88' title='bbox 1973 1091 2026 1122; x_wconf 90' lang='grc' dir='ltr'><strong>τι</strong></span> <span class='ocrx_word' id='word_1_89' title='bbox 2062 1072 2164 1144; x_wconf 83' lang='grc' dir='ltr'><strong>γάρ</strong></span> 
     </span>
    </p>
   </div>
   <div class='ocr_carea' id='block_1_12' title="bbox 512 1162 2168 1242">
    <p class='ocr_par' dir='ltr' id='par_1_12' title="bbox 512 1162 2168 1242">
     <span class='ocr_line' id='line_1_12' title="bbox 512 1162 2168 1242; baseline -0.003 -26"><span class='ocrx_word' id='word_1_90' title='bbox 512 1164 617 1217; x_wconf 83' lang='grc' dir='ltr'>εἰσι</span> <span class='ocrx_word' id='word_1_91' title='bbox 689 1169 754 1217; x_wconf 82' lang='grc' dir='ltr'><strong>τὰ</strong></span> <span class='ocrx_word' id='word_1_92' title='bbox 830 1166 1115 1242; x_wconf 79' lang='grc' dir='ltr'>ἀμφότερα,</span> <span class='ocrx_word' id='word_1_93' title='bbox 1193 1168 1346 1219; x_wconf 78' lang='grc' dir='ltr'>ἅτινα</span> <span class='ocrx_word' id='word_1_94' title='bbox 1420 1173 1532 1224; x_wconf 87' lang='grc' dir='ltr'>ταῖς</span> <span class='ocrx_word' id='word_1_95' title='bbox 1589 1168 1793 1239; x_wconf 61' lang='grc' dir='ltr'>πυρίαις</span> <span class='ocrx_word' id='word_1_96' title='bbox 1851 1162 2168 1233; x_wconf 66' lang='grc' dir='ltr'>συναπαριθ-</span> 
     </span>
    </p>
   </div>
   <div class='ocr_carea' id='block_1_13' title="bbox 511 1252 2168 1328">
    <p class='ocr_par' dir='ltr' id='par_1_13' title="bbox 511 1252 2168 1328">
     <span class='ocr_line' id='line_1_13' title="bbox 511 1252 2168 1328; baseline -0.004 -21"><span class='ocrx_word' id='word_1_97' title='bbox 511 1258 742 1327; x_wconf 87' lang='grc' dir='ltr'>μούμενα</span> <span class='ocrx_word' id='word_1_98' title='bbox 824 1257 1051 1328; x_wconf 79' lang='grc' dir='ltr'>τάξεσιν,</span> <span class='ocrx_word' id='word_1_99' title='bbox 1133 1252 1458 1310; x_wconf 82' lang='grc' dir='ltr'>ἐκατοντάδα</span> <span class='ocrx_word' id='word_1_100' title='bbox 1546 1253 1753 1306; x_wconf 78' lang='grc' dir='ltr'>τελοῦσι</span> <span class='ocrx_word' id='word_1_101' title='bbox 1828 1254 2003 1312; x_wconf 82' lang='grc' dir='ltr'>πάσας</span> <span class='ocrx_word' id='word_1_102' title='bbox 2080 1252 2168 1309; x_wconf 80' lang='grc' dir='ltr'>τὰς</span> 
     </span>
    </p>
   </div>
   <div class='ocr_carea' id='block_1_14' title="bbox 514 1341 2165 1417">
    <p class='ocr_par' dir='ltr' id='par_1_14' title="bbox 514 1341 2165 1417">
     <span class='ocr_line' id='line_1_14' title="bbox 514 1341 2165 1417; baseline 0.002 -23"><span class='ocrx_word' id='word_1_103' title='bbox 514 1344 793 1414; x_wconf 85' lang='grc' dir='ltr'>συζυγίας.</span> <span class='ocrx_word' id='word_1_104' title='bbox 856 1345 1008 1397; x_wconf 85' lang='grc' dir='ltr'><strong>Ἀλλὰ</strong></span> <span class='ocrx_word' id='word_1_105' title='bbox 1071 1353 1160 1397; x_wconf 80' lang='grc' dir='ltr'>νῦν</span> <span class='ocrx_word' id='word_1_106' title='bbox 1226 1345 1284 1397; x_wconf 80' lang='grc' dir='ltr'><strong>ού</strong></span> <span class='ocrx_word' id='word_1_107' title='bbox 1345 1348 1455 1417; x_wconf 79' lang='grc' dir='ltr'>χρὴ</span> <span class='ocrx_word' id='word_1_108' title='bbox 1525 1343 1687 1413; x_wconf 80' lang='grc' dir='ltr'>λέγειν</span> <span class='ocrx_word' id='word_1_109' title='bbox 1743 1348 1965 1393; x_wconf 84' lang='grc' dir='ltr'>τοιαῦτα</span> <span class='ocrx_word' id='word_1_110' title='bbox 2011 1341 2165 1410; x_wconf 82' lang='grc' dir='ltr'>ἡμῆς,</span> 
     </span>
    </p>
   </div>
   <div class='ocr_carea' id='block_1_15' title="bbox 514 1428 2172 1508">
    <p class='ocr_par' dir='ltr' id='par_1_15' title="bbox 514 1428 2172 1508">
     <span class='ocr_line' id='line_1_15' title="bbox 514 1428 2172 1508; baseline -0.004 -21"><span class='ocrx_word' id='word_1_111' title='bbox 514 1435 687 1506; x_wconf 78' lang='grc' dir='ltr'>ἑτέραν</span> <span class='ocrx_word' id='word_1_112' title='bbox 753 1434 950 1507; x_wconf 76' lang='grc' dir='ltr'>βαίνειν</span> <span class='ocrx_word' id='word_1_113' title='bbox 999 1435 1419 1508; x_wconf 79' lang='grc' dir='ltr'>ὀρεγνιωμένους,</span> <span class='ocrx_word' id='word_1_114' title='bbox 1488 1440 1657 1505; x_wconf 76' lang='grc' dir='ltr'>σιωπῇ</span> <span class='ocrx_word' id='word_1_115' title='bbox 1712 1428 1771 1484; x_wconf 71' lang='grc' dir='ltr'><strong>δε</strong></span> <span class='ocrx_word' id='word_1_116' title='bbox 1824 1430 2012 1503; x_wconf 87' lang='grc' dir='ltr'>μᾶλλον</span> <span class='ocrx_word' id='word_1_117' title='bbox 2058 1429 2172 1480; x_wconf 78' lang='grc' dir='ltr'>ἐαυ-</span> 
     </span>
    </p>
   </div>
   <div class='ocr_carea' id='block_1_16' title="bbox 513 1517 2172 1595">
    <p class='ocr_par' dir='ltr' id='par_1_16' title="bbox 513 1517 2172 1595">
     <span class='ocr_line' id='line_1_16' title="bbox 513 1517 2172 1595; baseline -0.004 -20"><span class='ocrx_word' id='word_1_118' title='bbox 513 1526 634 1585; x_wconf 83' lang='grc' dir='ltr'>τοὺς</span> <span class='ocrx_word' id='word_1_119' title='bbox 664 1519 877 1575; x_wconf 79' lang='grc' dir='ltr'>διδόναι</span> <span class='ocrx_word' id='word_1_120' title='bbox 914 1528 1004 1576; x_wconf 79' lang='grc' dir='ltr'>καὶ</span> <span class='ocrx_word' id='word_1_121' title='bbox 1045 1521 1144 1595; x_wconf 75' lang='grc' dir='ltr'>δεῖ,</span> <span class='ocrx_word' id='word_1_122' title='bbox 1197 1528 1287 1575; x_wconf 79' lang='grc' dir='ltr'><strong>καὶ</strong></span> <span class='ocrx_word' id='word_1_123' title='bbox 1336 1519 1544 1575; x_wconf 86' lang='grc' dir='ltr'>δίκαιον</span> <span class='ocrx_word' id='word_1_124' title='bbox 1597 1517 1953 1593; x_wconf 76' lang='grc' dir='ltr'>διακρίναντες</span> <span class='ocrx_word' id='word_1_125' title='bbox 2006 1519 2172 1589; x_wconf 80' lang='grc' dir='ltr'>πράτ-</span> 
     </span>
    </p>
   </div>
   <div class='ocr_carea' id='block_1_17' title="bbox 512 1606 2173 1683">
    <p class='ocr_par' dir='ltr' id='par_1_17' title="bbox 512 1606 2173 1683">
     <span class='ocr_line' id='line_1_17' title="bbox 512 1606 2173 1683; baseline -0.004 -21"><span class='ocrx_word' id='word_1_126' title='bbox 512 1629 665 1682; x_wconf 84' lang='grc' dir='ltr'>τομεν</span> <span class='ocrx_word' id='word_1_127' title='bbox 690 1618 863 1678; x_wconf 83' lang='grc' dir='ltr'>τοῦτο,</span> <span class='ocrx_word' id='word_1_128' title='bbox 897 1613 977 1665; x_wconf 84' lang='grc' dir='ltr'>ὅτι</span> <span class='ocrx_word' id='word_1_129' title='bbox 1003 1615 1060 1665; x_wconf 88' lang='grc' dir='ltr'>τὸ</span> <span class='ocrx_word' id='word_1_130' title='bbox 1098 1611 1145 1663; x_wconf 84' lang='grc' dir='ltr'>ἐν</span> <span class='ocrx_word' id='word_1_131' title='bbox 1196 1614 1358 1683; x_wconf 70' lang='grc' dir='ltr'>ταύτῃ</span> <span class='ocrx_word' id='word_1_132' title='bbox 1407 1618 1471 1682; x_wconf 80' lang='grc' dir='ltr'><strong>τῆ</strong></span> <span class='ocrx_word' id='word_1_133' title='bbox 1530 1618 1625 1669; x_wconf 87' lang='grc' dir='ltr'><strong>τῆς</strong></span> <span class='ocrx_word' id='word_1_134' title='bbox 1671 1616 1901 1679; x_wconf 76' lang='grc' dir='ltr'>φυσικῆς</span> <span class='ocrx_word' id='word_1_135' title='bbox 1954 1606 2173 1663; x_wconf 71' lang='grc' dir='ltr'>ἐπιστή-</span> 
     </span>
    </p>
   </div>
   <div class='ocr_carea' id='block_1_18' title="bbox 516 1692 2175 1772">
    <p class='ocr_par' dir='ltr' id='par_1_18' title="bbox 516 1692 2175 1772">
     <span class='ocr_line' id='line_1_18' title="bbox 516 1692 2175 1772; baseline -0.003 -21"><span class='ocrx_word' id='word_1_136' title='bbox 516 1719 617 1772; x_wconf 89' lang='grc' dir='ltr'><strong>μης</strong></span> <span class='ocrx_word' id='word_1_137' title='bbox 702 1700 858 1771; x_wconf 80' lang='grc' dir='ltr'>ἰσχύι</span> <span class='ocrx_word' id='word_1_138' title='bbox 929 1699 1345 1772; x_wconf 75' lang='grc' dir='ltr'>συμϐαλλόμενον</span> <span class='ocrx_word' id='word_1_139' title='bbox 1408 1694 1624 1751; x_wconf 85' lang='grc' dir='ltr'>τοσόνδε</span> <span class='ocrx_word' id='word_1_140' title='bbox 1674 1701 1764 1749; x_wconf 83' lang='grc' dir='ltr'><strong>καὶ</strong></span> <span class='ocrx_word' id='word_1_141' title='bbox 1820 1692 2022 1747; x_wconf 85' lang='grc' dir='ltr'>τοιόνδε</span> <span class='ocrx_word' id='word_1_142' title='bbox 2069 1693 2175 1746; x_wconf 77' lang='grc' dir='ltr'><strong>ἐλέ-</strong></span> 
     </span>
    </p>
   </div>
   <div class='ocr_carea' id='block_1_19' title="bbox 515 1787 692 1859">
    <p class='ocr_par' dir='ltr' id='par_1_19' title="bbox 515 1787 692 1859">
     <span class='ocr_line' id='line_1_19' title="bbox 515 1787 692 1859; baseline 0.017 -6"><span class='ocrx_word' id='word_1_143' title='bbox 515 1787 692 1859; x_wconf 72' lang='grc' dir='ltr'>ξαμιν,</span> 
     </span>
    </p>
   </div>
   <div class='ocr_carea' id='block_1_20' title="bbox 770 1784 2172 1858">
    <p class='ocr_par' dir='ltr' id='par_1_20' title="bbox 770 1784 2172 1858">
     <span class='ocr_line' id='line_1_20' title="bbox 770 1784 2172 1858; baseline -0.004 -19"><span class='ocrx_word' id='word_1_144' title='bbox 770 1786 865 1839; x_wconf 77' lang='grc' dir='ltr'><strong>κᾶν</strong></span> <span class='ocrx_word' id='word_1_145' title='bbox 942 1796 1060 1850; x_wconf 89' lang='grc' dir='ltr'>ταῖς</span> <span class='ocrx_word' id='word_1_146' title='bbox 1141 1788 1422 1858; x_wconf 72' lang='grc' dir='ltr'>συζυγίαις</span> <span class='ocrx_word' id='word_1_147' title='bbox 1494 1795 1567 1857; x_wconf 81' lang='grc' dir='ltr'>τῷ</span> <span class='ocrx_word' id='word_1_148' title='bbox 1638 1786 1766 1855; x_wconf 81' lang='grc' dir='ltr'><strong>ἕκτῳ</strong></span> <span class='ocrx_word' id='word_1_149' title='bbox 1820 1784 1952 1855; x_wconf 85' lang='grc' dir='ltr'>λόγῳ</span> <span class='ocrx_word' id='word_1_150' title='bbox 2002 1784 2172 1836; x_wconf 70' lang='grc' dir='ltr'>αὐτῶν</span> 
     </span>
    </p>
   </div>
   <div class='ocr_carea' id='block_1_21' title="bbox 2270 537 3835 616">
    <p class='ocr_par' dir='ltr' id='par_1_21' title="bbox 2270 537 3835 616">
     <span class='ocr_line' id='line_1_21' title="bbox 2270 537 3835 616; baseline 0.008 -27"><span class='ocrx_word' id='word_1_151' title='bbox 2270 539 2351 597; x_wconf 89' lang='grc' dir='ltr'>θις</span> <span class='ocrx_word' id='word_1_152' title='bbox 2404 537 2475 598; x_wconf 83' lang='grc' dir='ltr'>εἰς</span> <span class='ocrx_word' id='word_1_153' title='bbox 2536 537 2741 599; x_wconf 86' lang='grc' dir='ltr'>πλείους</span> <span class='ocrx_word' id='word_1_154' title='bbox 2798 539 3135 612; x_wconf 79' lang='grc' dir='ltr'>μεριζόμεναι</span> <span class='ocrx_word' id='word_1_155' title='bbox 3217 538 3533 598; x_wconf 74' lang='grc' dir='ltr'>ἐννενήκοντα</span> <span class='ocrx_word' id='word_1_156' title='bbox 3594 550 3701 616; x_wconf 79' lang='grc' dir='ltr'>πρὸς</span> <span class='ocrx_word' id='word_1_157' title='bbox 3750 558 3835 611; x_wconf 82' lang='grc' dir='ltr'>ταῖς</span> 
     </span>
    </p>
   </div>
   <div class='ocr_carea' id='block_1_22' title="bbox 2271 620 3836 711">
    <p class='ocr_par' dir='ltr' id='par_1_22' title="bbox 2271 620 3836 711">
     <span class='ocr_line' id='line_1_22' title="bbox 2271 620 3836 711; baseline 0.001 -33"><span class='ocrx_word' id='word_1_158' title='bbox 2271 620 2399 678; x_wconf 87' lang='grc' dir='ltr'>δυσὶ</span> <span class='ocrx_word' id='word_1_159' title='bbox 2419 631 2587 678; x_wconf 85' lang='grc' dir='ltr'>πᾶσαι</span> <span class='ocrx_word' id='word_1_160' title='bbox 2610 631 2859 696; x_wconf 86' lang='grc' dir='ltr'>γίνονται,</span> <span class='ocrx_word' id='word_1_161' title='bbox 2894 626 3041 689; x_wconf 82' lang='grc' dir='ltr'>ἐκτὸς</span> <span class='ocrx_word' id='word_1_162' title='bbox 3087 636 3182 687; x_wconf 81' lang='grc' dir='ltr'><strong>τῆς</strong></span> <span class='ocrx_word' id='word_1_163' title='bbox 3236 629 3403 691; x_wconf 77' lang='grc' dir='ltr'>ἁπλῆς</span> <span class='ocrx_word' id='word_1_164' title='bbox 3454 636 3537 683; x_wconf 82' lang='grc' dir='ltr'><strong>καὶ</strong></span> <span class='ocrx_word' id='word_1_165' title='bbox 3584 641 3666 695; x_wconf 76' lang='grc' dir='ltr'><strong>τῆς</strong></span> <span class='ocrx_word' id='word_1_166' title='bbox 3703 636 3836 711; x_wconf 41' lang='lat' dir='ltr'><strong>armis.</strong></span> 
     </span>
    </p>
   </div>
   <div class='ocr_carea' id='block_1_23' title="bbox 2268 714 3839 789">
    <p class='ocr_par' dir='ltr' id='par_1_23' title="bbox 2268 714 3839 789">
     <span class='ocr_line' id='line_1_23' title="bbox 2268 714 3839 789; baseline 0.006 -22"><span class='ocrx_word' id='word_1_167' title='bbox 2268 716 2431 789; x_wconf 81' lang='grc' dir='ltr'>ῥόπου</span> <span class='ocrx_word' id='word_1_168' title='bbox 2484 714 2639 785; x_wconf 75' lang='grc' dir='ltr'>αὐτῇ.</span> <span class='ocrx_word' id='word_1_169' title='bbox 2706 718 2937 789; x_wconf 87' lang='grc' dir='ltr'>Διαφορὰ</span> <span class='ocrx_word' id='word_1_170' title='bbox 2981 724 3104 787; x_wconf 79' lang='grc' dir='ltr'>γοῦν</span> <span class='ocrx_word' id='word_1_171' title='bbox 3156 720 3345 778; x_wconf 76' lang='grc' dir='ltr'>ταύτας</span> <span class='ocrx_word' id='word_1_172' title='bbox 3401 715 3565 787; x_wconf 76' lang='grc' dir='ltr'>διττὴ,</span> <span class='ocrx_word' id='word_1_173' title='bbox 3621 724 3717 774; x_wconf 79' lang='grc' dir='ltr'>κατ’</span> <span class='ocrx_word' id='word_1_174' title='bbox 3760 724 3839 777; x_wconf 77' lang='grc' dir='ltr'>ἐπί-</span> 
     </span>
    </p>
   </div>
   <div class='ocr_carea' id='block_1_24' title="bbox 2268 801 3839 880">
    <p class='ocr_par' dir='ltr' id='par_1_24' title="bbox 2268 801 3839 880">
     <span class='ocr_line' id='line_1_24' title="bbox 2268 801 3839 880; baseline 0.001 -25"><span class='ocrx_word' id='word_1_175' title='bbox 2268 822 2423 856; x_wconf 89' lang='grc' dir='ltr'>τασιν</span> <span class='ocrx_word' id='word_1_176' title='bbox 2449 808 2539 855; x_wconf 77' lang='grc' dir='ltr'><strong>καὶ</strong></span> <span class='ocrx_word' id='word_1_177' title='bbox 2590 805 2763 856; x_wconf 87' lang='grc' dir='ltr'>οἰνεσιν</span> <span class='ocrx_word' id='word_1_178' title='bbox 2822 801 3055 875; x_wconf 78' lang='grc' dir='ltr'>δηλαδὴ,</span> <span class='ocrx_word' id='word_1_179' title='bbox 3130 811 3221 857; x_wconf 78' lang='grc' dir='ltr'><strong>καὶ</strong></span> <span class='ocrx_word' id='word_1_180' title='bbox 3270 808 3301 863; x_wconf 75' lang='grc' dir='ltr'><strong>ἡ</strong></span> <span class='ocrx_word' id='word_1_181' title='bbox 3352 810 3441 880; x_wconf 73' lang='grc' dir='ltr'><strong>μεν</strong></span> <span class='ocrx_word' id='word_1_182' title='bbox 3488 816 3581 860; x_wconf 85' lang='grc' dir='ltr'>τῶν</span> <span class='ocrx_word' id='word_1_183' title='bbox 3769 834 3839 866; x_wconf 79' lang='grc' dir='ltr'>πα.</span> 
     </span>
    </p>
   </div>
   <div class='ocr_carea' id='block_1_25' title="bbox 2273 892 3841 969">
    <p class='ocr_par' dir='ltr' id='par_1_25' title="bbox 2273 892 3841 969">
     <span class='ocr_line' id='line_1_25' title="bbox 2273 892 3841 969; baseline 0.006 -26"><span class='ocrx_word' id='word_1_184' title='bbox 2273 896 2510 962; x_wconf 82' lang='grc' dir='ltr'>σχόντων</span> <span class='ocrx_word' id='word_1_185' title='bbox 2558 897 2651 948; x_wconf 80' lang='grc' dir='ltr'>τήν</span> <span class='ocrx_word' id='word_1_186' title='bbox 2680 911 2733 944; x_wconf 88' lang='grc' dir='ltr'><strong>τε</strong></span> <span class='ocrx_word' id='word_1_187' title='bbox 2780 892 3019 945; x_wconf 73' lang='grc' dir='ltr'>ἐπίτασιν</span> <span class='ocrx_word' id='word_1_188' title='bbox 3074 898 3164 946; x_wconf 75' lang='grc' dir='ltr'>καὶ</span> <span class='ocrx_word' id='word_1_189' title='bbox 3201 896 3373 947; x_wconf 83' lang='grc' dir='ltr'>οἱνεσιν</span> <span class='ocrx_word' id='word_1_190' title='bbox 3444 904 3504 967; x_wconf 72' lang='grc' dir='ltr'>τῇ</span> <span class='ocrx_word' id='word_1_191' title='bbox 3555 901 3841 969; x_wconf 80' lang='grc' dir='ltr'>μεταθίσιιτι</span> 
     </span>
    </p>
   </div>
   <div class='ocr_carea' id='block_1_26' title="bbox 2271 980 3843 1051">
    <p class='ocr_par' dir='ltr' id='par_1_26' title="bbox 2271 980 3843 1051">
     <span class='ocr_line' id='line_1_26' title="bbox 2271 980 3843 1051; baseline 0.006 -19"><span class='ocrx_word' id='word_1_192' title='bbox 2271 985 2359 1032; x_wconf 75' lang='grc' dir='ltr'><strong>καὶ</strong></span> <span class='ocrx_word' id='word_1_193' title='bbox 2434 980 2681 1051; x_wconf 77' lang='grc' dir='ltr'>ἐναλλαγῆ</span> <span class='ocrx_word' id='word_1_194' title='bbox 2776 982 3080 1049; x_wconf 81' lang='grc' dir='ltr'>ἐπισυνέϐη,</span> <span class='ocrx_word' id='word_1_195' title='bbox 3161 980 3247 1035; x_wconf 86' lang='grc' dir='ltr'>διὸ</span> <span class='ocrx_word' id='word_1_196' title='bbox 3318 989 3406 1037; x_wconf 76' lang='grc' dir='ltr'><strong>καὶ</strong></span> <span class='ocrx_word' id='word_1_197' title='bbox 3452 984 3637 1049; x_wconf 82' lang='grc' dir='ltr'>πλῆθος</span> <span class='ocrx_word' id='word_1_198' title='bbox 3683 987 3843 1047; x_wconf 72' lang='grc' dir='ltr'>ἐποίησε</span> 
     </span>
    </p>
   </div>
   <div class='ocr_carea' id='block_1_27' title="bbox 2272 1072 3845 1149">
    <p class='ocr_par' dir='ltr' id='par_1_27' title="bbox 2272 1072 3845 1149">
     <span class='ocr_line' id='line_1_27' title="bbox 2272 1072 3845 1149; baseline 0.006 -27"><span class='ocrx_word' id='word_1_199' title='bbox 2272 1074 2362 1122; x_wconf 78' lang='grc' dir='ltr'><strong>καὶ</strong></span> <span class='ocrx_word' id='word_1_200' title='bbox 2408 1076 2560 1122; x_wconf 80' lang='grc' dir='ltr'>τοῦτο</span> <span class='ocrx_word' id='word_1_201' title='bbox 2614 1076 3018 1144; x_wconf 78' lang='grc' dir='ltr'>πεπερασμένον.</span> <span class='ocrx_word' id='word_1_202' title='bbox 3076 1072 3433 1131; x_wconf 76' lang='grc' dir='ltr'>Ἐννενήκοντα</span> <span class='ocrx_word' id='word_1_203' title='bbox 3475 1079 3570 1147; x_wconf 80' lang='grc' dir='ltr'><strong>γὰρ</strong></span> <span class='ocrx_word' id='word_1_204' title='bbox 3617 1082 3725 1149; x_wconf 80' lang='grc' dir='ltr'>πρὸς</span> <span class='ocrx_word' id='word_1_205' title='bbox 3760 1089 3845 1141; x_wconf 82' lang='grc' dir='ltr'>ταῖς</span> 
     </span>
    </p>
   </div>
   <div class='ocr_carea' id='block_1_28' title="bbox 2276 1154 3844 1233">
    <p class='ocr_par' dir='ltr' id='par_1_28' title="bbox 2276 1154 3844 1233">
     <span class='ocr_line' id='line_1_28' title="bbox 2276 1154 3844 1233; baseline 0.005 -24"><span class='ocrx_word' id='word_1_206' title='bbox 2276 1154 2403 1210; x_wconf 83' lang='grc' dir='ltr'>δυσὶ</span> <span class='ocrx_word' id='word_1_207' title='bbox 2426 1164 2594 1210; x_wconf 81' lang='grc' dir='ltr'>πᾶσαι</span> <span class='ocrx_word' id='word_1_208' title='bbox 2622 1160 2676 1209; x_wconf 83' lang='grc' dir='ltr'>αἱ</span> <span class='ocrx_word' id='word_1_209' title='bbox 2709 1159 2955 1230; x_wconf 82' lang='grc' dir='ltr'>συξυγίαι</span> <span class='ocrx_word' id='word_1_210' title='bbox 3002 1165 3092 1212; x_wconf 75' lang='grc' dir='ltr'><strong>καὶ</strong></span> <span class='ocrx_word' id='word_1_211' title='bbox 3153 1162 3183 1218; x_wconf 81' lang='grc' dir='ltr'><strong>ἠ</strong></span> <span class='ocrx_word' id='word_1_212' title='bbox 3251 1161 3412 1233; x_wconf 77' lang='grc' dir='ltr'>ἁπλῆ,</span> <span class='ocrx_word' id='word_1_213' title='bbox 3463 1165 3493 1221; x_wconf 76' lang='grc' dir='ltr'><strong>ἡ</strong></span> <span class='ocrx_word' id='word_1_214' title='bbox 3547 1160 3601 1216; x_wconf 64' lang='grc' dir='ltr'>δὲ</span> <span class='ocrx_word' id='word_1_215' title='bbox 3646 1166 3695 1217; x_wconf 77' lang='grc' dir='ltr'>οὐ</span> <span class='ocrx_word' id='word_1_216' title='bbox 3737 1186 3844 1221; x_wconf 74' lang='grc' dir='ltr'>πιπτ-</span> 
     </span>
    </p>
   </div>
   <div class='ocr_carea' id='block_1_29' title="bbox 2275 1247 3845 1328">
    <p class='ocr_par' dir='ltr' id='par_1_29' title="bbox 2275 1247 3845 1328">
     <span class='ocr_line' id='line_1_29' title="bbox 2275 1247 3845 1328; baseline 0.004 -30"><span class='ocrx_word' id='word_1_217' title='bbox 2275 1251 2505 1321; x_wconf 83' lang='grc' dir='ltr'>ρασμένη</span> <span class='ocrx_word' id='word_1_218' title='bbox 2576 1250 2665 1318; x_wconf 75' lang='grc' dir='ltr'><strong>μεν</strong></span> <span class='ocrx_word' id='word_1_219' title='bbox 2720 1250 2830 1300; x_wconf 79' lang='grc' dir='ltr'>ἔστι</span> <span class='ocrx_word' id='word_1_220' title='bbox 2892 1248 3004 1300; x_wconf 78' lang='grc' dir='ltr'>κατ’</span> <span class='ocrx_word' id='word_1_221' title='bbox 3065 1247 3306 1321; x_wconf 77' lang='grc' dir='ltr'>ἀριθμόν,</span> <span class='ocrx_word' id='word_1_222' title='bbox 3358 1250 3495 1313; x_wconf 83' lang='grc' dir='ltr'>ἐντὸς</span> <span class='ocrx_word' id='word_1_223' title='bbox 3545 1257 3627 1304; x_wconf 76' lang='grc' dir='ltr'><strong>καὶ</strong></span> <span class='ocrx_word' id='word_1_224' title='bbox 3667 1257 3751 1328; x_wconf 75' lang='grc' dir='ltr'><strong>γὰρ</strong></span> <span class='ocrx_word' id='word_1_225' title='bbox 3778 1266 3845 1318; x_wconf 78' lang='grc' dir='ltr'><strong>τῆς</strong></span> 
     </span>
    </p>
   </div>
   <div class='ocr_carea' id='block_1_30' title="bbox 2276 1334 3844 1414">
    <p class='ocr_par' dir='ltr' id='par_1_30' title="bbox 2276 1334 3844 1414">
     <span class='ocr_line' id='line_1_30' title="bbox 2276 1334 3844 1414; baseline 0.006 -28"><span class='ocrx_word' id='word_1_226' title='bbox 2276 1340 2687 1409; x_wconf 78' lang='grc' dir='ltr'>πεπερασμένης,</span> <span class='ocrx_word' id='word_1_227' title='bbox 2765 1334 2875 1387; x_wconf 81' lang='grc' dir='ltr'>αλλ’</span> <span class='ocrx_word' id='word_1_228' title='bbox 2952 1338 3165 1410; x_wconf 81' lang='grc' dir='ltr'>ἄπειρος</span> <span class='ocrx_word' id='word_1_229' title='bbox 3223 1338 3451 1409; x_wconf 84' lang='grc' dir='ltr'>μάλιστα</span> <span class='ocrx_word' id='word_1_230' title='bbox 3532 1361 3546 1372; x_wconf 75' lang='grc' dir='ltr'><strong>ο</strong></span> <span class='ocrx_word' id='word_1_231' title='bbox 3592 1346 3844 1414; x_wconf 77' lang='grc' dir='ltr'>πεπίραστει</span> 
     </span>
    </p>
   </div>
   <div class='ocr_carea' id='block_1_31' title="bbox 2280 1420 3845 1503">
    <p class='ocr_par' dir='ltr' id='par_1_31' title="bbox 2280 1420 3845 1503">
     <span class='ocr_line' id='line_1_31' title="bbox 2280 1420 3845 1503; baseline 0.006 -27"><span class='ocrx_word' id='word_1_232' title='bbox 2280 1420 2339 1476; x_wconf 74' lang='grc' dir='ltr'><strong>δε</strong></span> <span class='ocrx_word' id='word_1_233' title='bbox 2387 1426 2468 1475; x_wconf 84' lang='grc' dir='ltr'>ὅτι</span> <span class='ocrx_word' id='word_1_234' title='bbox 2512 1422 2648 1484; x_wconf 73' lang='grc' dir='ltr'>ἐντὸς</span> <span class='ocrx_word' id='word_1_235' title='bbox 2702 1432 2797 1486; x_wconf 86' lang='grc' dir='ltr'><strong>τῆς</strong></span> <span class='ocrx_word' id='word_1_236' title='bbox 2858 1430 3250 1500; x_wconf 77' lang='grc' dir='ltr'>πεπερασμένης</span> <span class='ocrx_word' id='word_1_237' title='bbox 3317 1429 3430 1498; x_wconf 82' lang='grc' dir='ltr'>ἔχει</span> <span class='ocrx_word' id='word_1_238' title='bbox 3493 1434 3582 1486; x_wconf 77' lang='grc' dir='ltr'>τὴν</span> <span class='ocrx_word' id='word_1_239' title='bbox 3647 1427 3845 1503; x_wconf 69' lang='grc' dir='ltr'>ἀπειρίαν.</span> 
     </span>
    </p>
   </div>
   <div class='ocr_carea' id='block_1_32' title="bbox 2277 1510 3851 1591">
    <p class='ocr_par' dir='ltr' id='par_1_32' title="bbox 2277 1510 3851 1591">
     <span class='ocr_line' id='line_1_32' title="bbox 2277 1510 3851 1591; baseline 0.006 -29"><span class='ocrx_word' id='word_1_240' title='bbox 2277 1511 2339 1563; x_wconf 76' lang='grc' dir='ltr'>Ὀ</span> <span class='ocrx_word' id='word_1_241' title='bbox 2392 1515 2493 1585; x_wconf 82' lang='grc' dir='ltr'>γὰρ</span> <span class='ocrx_word' id='word_1_242' title='bbox 2570 1510 2625 1564; x_wconf 73' lang='grc' dir='ltr'><em>ἐκ</em></span> <span class='ocrx_word' id='word_1_243' title='bbox 2673 1521 2773 1564; x_wconf 86' lang='grc' dir='ltr'>τῶν</span> <span class='ocrx_word' id='word_1_244' title='bbox 2816 1511 3244 1571; x_wconf 77' lang='grc' dir='ltr'>ἑννενηκονταδύο</span> <span class='ocrx_word' id='word_1_245' title='bbox 3288 1522 3635 1591; x_wconf 86' lang='grc' dir='ltr'>Χριστοφόρος</span> <span class='ocrx_word' id='word_1_246' title='bbox 3674 1524 3851 1591; x_wconf 76' lang='grc' dir='ltr'>χρηστὸς</span> 
     </span>
    </p>
   </div>
   <div class='ocr_carea' id='block_1_33' title="bbox 2281 1601 3852 1680">
    <p class='ocr_par' dir='ltr' id='par_1_33' title="bbox 2281 1601 3852 1680">
     <span class='ocr_line' id='line_1_33' title="bbox 2281 1601 3852 1680; baseline 0.006 -29"><span class='ocrx_word' id='word_1_247' title='bbox 2281 1602 2396 1672; x_wconf 75' lang='grc' dir='ltr'>ἔχει</span> <span class='ocrx_word' id='word_1_248' title='bbox 2597 1602 2752 1659; x_wconf 81' lang='grc' dir='ltr'>ἧττον</span> <span class='ocrx_word' id='word_1_249' title='bbox 2810 1607 2900 1654; x_wconf 76' lang='grc' dir='ltr'><strong>καὶ</strong></span> <span class='ocrx_word' id='word_1_250' title='bbox 2950 1602 3141 1674; x_wconf 84' lang='grc' dir='ltr'>μᾶλλον</span> <span class='ocrx_word' id='word_1_251' title='bbox 3199 1601 3328 1656; x_wconf 80' lang='grc' dir='ltr'>εἶναι</span> <span class='ocrx_word' id='word_1_252' title='bbox 3378 1610 3624 1679; x_wconf 82' lang='grc' dir='ltr'>χρηστός,</span> <span class='ocrx_word' id='word_1_253' title='bbox 3672 1607 3774 1680; x_wconf 75' lang='grc' dir='ltr'><strong>οὐχὶ</strong></span> <span class='ocrx_word' id='word_1_254' title='bbox 3815 1606 3852 1660; x_wconf 70' lang='grc' dir='ltr'><strong>δε</strong></span> 
     </span>
    </p>
   </div>
   <div class='ocr_carea' id='block_1_34' title="bbox 2284 1684 3855 1766">
    <p class='ocr_par' dir='ltr' id='par_1_34' title="bbox 2284 1684 3855 1766">
     <span class='ocr_line' id='line_1_34' title="bbox 2284 1684 3855 1766; baseline 0.004 -26"><span class='ocrx_word' id='word_1_255' title='bbox 2284 1684 2595 1760; x_wconf 75' lang='grc' dir='ltr'>Εὐφημίδης</span> <span class='ocrx_word' id='word_1_256' title='bbox 2636 1686 2764 1740; x_wconf 83' lang='grc' dir='ltr'>εἶναι</span> <span class='ocrx_word' id='word_1_257' title='bbox 2827 1685 3014 1757; x_wconf 86' lang='grc' dir='ltr'>δεινὸς,</span> <span class='ocrx_word' id='word_1_258' title='bbox 3074 1692 3153 1743; x_wconf 84' lang='grc' dir='ltr'>ὅτι</span> <span class='ocrx_word' id='word_1_259' title='bbox 3210 1697 3302 1744; x_wconf 81' lang='grc' dir='ltr'><strong>καὶ</strong></span> <span class='ocrx_word' id='word_1_260' title='bbox 3352 1694 3378 1743; x_wconf 85' lang='grc' dir='ltr'>ὁ</span> <span class='ocrx_word' id='word_1_261' title='bbox 3434 1691 3713 1766; x_wconf 77' lang='grc' dir='ltr'>Εὐφημίδης</span> <span class='ocrx_word' id='word_1_262' title='bbox 3750 1698 3855 1752; x_wconf 66' lang='grc' dir='ltr'>ἧττον</span> 
     </span>
    </p>
   </div>
   <div class='ocr_carea' id='block_1_35' title="bbox 2284 1774 3856 1851">
    <p class='ocr_par' dir='ltr' id='par_1_35' title="bbox 2284 1774 3856 1851">
     <span class='ocr_line' id='line_1_35' title="bbox 2284 1774 3856 1851; baseline 0.007 -25"><span class='ocrx_word' id='word_1_263' title='bbox 2284 1780 2376 1827; x_wconf 77' lang='grc' dir='ltr'><strong>καὶ</strong></span> <span class='ocrx_word' id='word_1_264' title='bbox 2432 1776 2620 1847; x_wconf 86' lang='grc' dir='ltr'>μᾶλλον</span> <span class='ocrx_word' id='word_1_265' title='bbox 2666 1780 2779 1848; x_wconf 79' lang='grc' dir='ltr'>ἔχει</span> <span class='ocrx_word' id='word_1_266' title='bbox 2827 1774 2956 1830; x_wconf 84' lang='grc' dir='ltr'>εἶναι</span> <span class='ocrx_word' id='word_1_267' title='bbox 3001 1775 3190 1847; x_wconf 84' lang='grc' dir='ltr'>δεινός,</span> <span class='ocrx_word' id='word_1_268' title='bbox 3232 1785 3508 1851; x_wconf 81' lang='grc' dir='ltr'>γενήσεται</span> <span class='ocrx_word' id='word_1_269' title='bbox 3554 1778 3609 1834; x_wconf 78' lang='grc' dir='ltr'><strong>δε</strong></span> <span class='ocrx_word' id='word_1_270' title='bbox 3659 1785 3856 1837; x_wconf 72' lang='grc' dir='ltr'>οὔποτ’ἆν</span> 
     </span>
    </p>
   </div>
   <div class='ocr_carea' id='block_1_36' title="bbox 513 1856 3857 1951">
    <p class='ocr_par' dir='ltr' id='par_1_36' title="bbox 513 1856 3857 1951">
     <span class='ocr_line' id='line_1_36' title="bbox 513 1856 3857 1951; baseline -0.001 -23"><span class='ocrx_word' id='word_1_271' title='bbox 513 1880 633 1949; x_wconf 80' lang='grc' dir='ltr'>περὶ</span> <span class='ocrx_word' id='word_1_272' title='bbox 685 1883 785 1928; x_wconf 85' lang='grc' dir='ltr'>τῶν</span> <span class='ocrx_word' id='word_1_273' title='bbox 838 1875 1156 1951; x_wconf 79' lang='grc' dir='ltr'>ἁντιρρόπων</span> <span class='ocrx_word' id='word_1_274' title='bbox 1211 1884 1316 1937; x_wconf 85' lang='grc' dir='ltr'>τοῖς</span> <span class='ocrx_word' id='word_1_275' title='bbox 1376 1881 1603 1948; x_wconf 83' lang='grc' dir='ltr'>πρώτοις</span> <span class='ocrx_word' id='word_1_276' title='bbox 1684 1880 1842 1925; x_wconf 82' lang='grc' dir='ltr'>τοῦτο</span> <span class='ocrx_word' id='word_1_277' title='bbox 1903 1892 1963 1943; x_wconf 86' lang='grc' dir='ltr'><strong>γε</strong></span> <span class='ocrx_word' id='word_1_278' title='bbox 2026 1876 2179 1925; x_wconf 80' lang='grc' dir='ltr'>εἴπω-</span> <span class='ocrx_word' id='word_1_279' title='bbox 2209 1856 2248 1913; x_wconf 76' lang='grc' dir='ltr'><strong>Β</strong></span> <span class='ocrx_word' id='word_1_280' title='bbox 2290 1869 2649 1937; x_wconf 73' lang='grc' dir='ltr'>Χριποφὸρος</span> <span class='ocrx_word' id='word_1_281' title='bbox 2677 1872 2919 1938; x_wconf 77' lang='grc' dir='ltr'>χρηστός</span> <span class='ocrx_word' id='word_1_282' title='bbox 2959 1889 2972 1900; x_wconf 91' lang='grc'><strong>·</strong></span> <span class='ocrx_word' id='word_1_283' title='bbox 3005 1874 3095 1920; x_wconf 77' lang='grc' dir='ltr'><strong>καὶ</strong></span> <span class='ocrx_word' id='word_1_284' title='bbox 3136 1876 3288 1921; x_wconf 77' lang='grc' dir='ltr'>τοῦτο</span> <span class='ocrx_word' id='word_1_285' title='bbox 3326 1876 3459 1922; x_wconf 83' lang='grc' dir='ltr'>πᾶσι</span> <span class='ocrx_word' id='word_1_286' title='bbox 3504 1876 3676 1925; x_wconf 76' lang='grc' dir='ltr'>κοινὸν.</span> <span class='ocrx_word' id='word_1_287' title='bbox 3718 1872 3761 1924; x_wconf 76' lang='grc' dir='ltr'><strong>Ἐ</strong></span> <span class='ocrx_word' id='word_1_288' title='bbox 3800 1877 3857 1943; x_wconf 69' lang='grc' dir='ltr'>μευ</span> 
     </span>
    </p>
   </div>
   <div class='ocr_carea' id='block_1_37' title="bbox 516 1961 2173 2039">
    <p class='ocr_par' dir='ltr' id='par_1_37' title="bbox 516 1961 2173 2039">
     <span class='ocr_line' id='line_1_37' title="bbox 516 1961 2173 2039; baseline -0.001 -23"><span class='ocrx_word' id='word_1_289' title='bbox 516 1984 629 2036; x_wconf 85' lang='grc' dir='ltr'>μεν,</span> <span class='ocrx_word' id='word_1_290' title='bbox 692 1963 879 2017; x_wconf 67' lang='grc' dir='ltr'>ἕκαθεν</span> <span class='ocrx_word' id='word_1_291' title='bbox 945 1968 1039 2027; x_wconf 83' lang='grc' dir='ltr'>τὰς</span> <span class='ocrx_word' id='word_1_292' title='bbox 1112 1964 1347 2039; x_wconf 79' lang='grc' dir='ltr'>ἀφορμὰς</span> <span class='ocrx_word' id='word_1_293' title='bbox 1430 1963 1502 2025; x_wconf 78' lang='grc' dir='ltr'>εἰς</span> <span class='ocrx_word' id='word_1_294' title='bbox 1582 1962 1863 2034; x_wconf 69' lang='grc' dir='ltr'>τούμφανὲς</span> <span class='ocrx_word' id='word_1_295' title='bbox 1947 1961 2173 2024; x_wconf 77' lang='grc' dir='ltr'>ἄξαντες,</span> 
     </span>
    </p>
   </div>
   <div class='ocr_carea' id='block_1_38' title="bbox 516 2048 2176 2127">
    <p class='ocr_par' dir='ltr' id='par_1_38' title="bbox 516 2048 2176 2127">
     <span class='ocr_line' id='line_1_38' title="bbox 516 2048 2176 2127; baseline -0.003 -22"><span class='ocrx_word' id='word_1_296' title='bbox 516 2058 624 2105; x_wconf 85' lang='grc' dir='ltr'><strong>Νῦν</strong></span> <span class='ocrx_word' id='word_1_297' title='bbox 654 2048 714 2106; x_wconf 64' lang='grc' dir='ltr'><strong>δε</strong></span> <span class='ocrx_word' id='word_1_298' title='bbox 741 2056 874 2127; x_wconf 86' lang='grc' dir='ltr'>πρὸς</span> <span class='ocrx_word' id='word_1_299' title='bbox 917 2057 1004 2105; x_wconf 81' lang='grc' dir='ltr'>τὸν</span> <span class='ocrx_word' id='word_1_300' title='bbox 1057 2057 1250 2105; x_wconf 79' lang='grc' dir='ltr'>σκοπὸν</span> <span class='ocrx_word' id='word_1_301' title='bbox 1296 2057 1549 2125; x_wconf 78' lang='grc' dir='ltr'>τρέχομεν</span> <span class='ocrx_word' id='word_1_302' title='bbox 1598 2050 1743 2113; x_wconf 81' lang='grc' dir='ltr'>λέξαι</span> <span class='ocrx_word' id='word_1_303' title='bbox 1798 2052 2026 2103; x_wconf 79' lang='grc' dir='ltr'>καθόσον</span> <span class='ocrx_word' id='word_1_304' title='bbox 2081 2048 2176 2103; x_wconf 83' lang='grc' dir='ltr'>δύ-</span> 
     </span>
    </p>
   </div>
   <div class='ocr_carea' id='block_1_39' title="bbox 514 2146 1143 2215">
    <p class='ocr_par' dir='ltr' id='par_1_39' title="bbox 514 2146 1143 2215">
     <span class='ocr_line' id='line_1_39' title="bbox 514 2146 1143 2215; baseline 0.003 -23"><span class='ocrx_word' id='word_1_305' title='bbox 514 2160 669 2213; x_wconf 87' lang='grc' dir='ltr'>ναμις</span> <span class='ocrx_word' id='word_1_306' title='bbox 692 2146 781 2193; x_wconf 75' lang='grc' dir='ltr'><strong>καὶ</strong></span> <span class='ocrx_word' id='word_1_307' title='bbox 816 2146 1143 2215; x_wconf 86' lang='grc' dir='ltr'>προαίρεσις.</span> 
     </span>
    </p>
   </div>
   <div class='ocr_carea' id='block_1_40' title="bbox 588 2226 2177 2304">
    <p class='ocr_par' dir='ltr' id='par_1_40' title="bbox 588 2226 2177 2304">
     <span class='ocr_line' id='line_1_40' title="bbox 588 2226 2177 2304; baseline -0.005 -17"><span class='ocrx_word' id='word_1_308' title='bbox 588 2228 659 2303; x_wconf 76' lang='grc' dir='ltr'><strong>β’.</strong></span> <span class='ocrx_word' id='word_1_309' title='bbox 716 2232 945 2303; x_wconf 65' lang='grc' dir='ltr'>Εὸρήσει</span> <span class='ocrx_word' id='word_1_310' title='bbox 991 2226 1041 2283; x_wconf 88' lang='grc' dir='ltr'>δ’</span> <span class='ocrx_word' id='word_1_311' title='bbox 1087 2228 1258 2292; x_wconf 73' lang='grc' dir='ltr'>οὐδεὶς</span> <span class='ocrx_word' id='word_1_312' title='bbox 1318 2232 1418 2283; x_wconf 81' lang='grc' dir='ltr'>ὑπὸ</span> <span class='ocrx_word' id='word_1_313' title='bbox 1474 2232 1671 2291; x_wconf 86' lang='grc' dir='ltr'>ταύτας</span> <span class='ocrx_word' id='word_1_314' title='bbox 1714 2228 1744 2288; x_wconf 78' lang='grc' dir='ltr'>ἢ</span> <span class='ocrx_word' id='word_1_315' title='bbox 1801 2230 1927 2304; x_wconf 66' lang='grc' dir='ltr'>ύπερ</span> <span class='ocrx_word' id='word_1_316' title='bbox 1984 2231 2177 2290; x_wconf 88' lang='grc' dir='ltr'>ταύτας</span> 
     </span>
    </p>
   </div>
   <div class='ocr_carea' id='block_1_41' title="bbox 516 2317 2175 2393">
    <p class='ocr_par' dir='ltr' id='par_1_41' title="bbox 516 2317 2175 2393">
     <span class='ocr_line' id='line_1_41' title="bbox 516 2317 2175 2393; baseline -0.001 -23"><span class='ocrx_word' id='word_1_317' title='bbox 516 2317 736 2390; x_wconf 79' lang='grc' dir='ltr'>ἀριθμὸν</span> <span class='ocrx_word' id='word_1_318' title='bbox 764 2322 933 2393; x_wconf 78' lang='grc' dir='ltr'>ἕτερον</span> <span class='ocrx_word' id='word_1_319' title='bbox 964 2318 1012 2372; x_wconf 75' lang='grc' dir='ltr'>ἄν</span> <span class='ocrx_word' id='word_1_320' title='bbox 1053 2319 1237 2380; x_wconf 74' lang='grc' dir='ltr'>αὐταῖς</span> <span class='ocrx_word' id='word_1_321' title='bbox 1271 2340 1283 2353; x_wconf 89' lang='grc'><strong>·</strong></span> <span class='ocrx_word' id='word_1_322' title='bbox 1329 2322 1384 2371; x_wconf 83' lang='grc' dir='ltr'>αἱ</span> <span class='ocrx_word' id='word_1_323' title='bbox 1439 2321 1540 2391; x_wconf 80' lang='grc' dir='ltr'>γὰρ</span> <span class='ocrx_word' id='word_1_324' title='bbox 1594 2318 1895 2390; x_wconf 74' lang='grc' dir='ltr'>μεταθέσεις</span> <span class='ocrx_word' id='word_1_325' title='bbox 1949 2321 2040 2369; x_wconf 81' lang='grc' dir='ltr'><strong>καὶ</strong></span> <span class='ocrx_word' id='word_1_326' title='bbox 2075 2325 2175 2369; x_wconf 88' lang='grc' dir='ltr'>τῶν</span> 
     </span>
    </p>
   </div>
   <div class='ocr_carea' id='block_1_42' title="bbox 517 2404 2172 2480">
    <p class='ocr_par' dir='ltr' id='par_1_42' title="bbox 517 2404 2172 2480">
     <span class='ocr_line' id='line_1_42' title="bbox 517 2404 2172 2480; baseline 0.001 -24"><span class='ocrx_word' id='word_1_327' title='bbox 517 2411 796 2476; x_wconf 83' lang='grc' dir='ltr'>στοιχείων</span> <span class='ocrx_word' id='word_1_328' title='bbox 865 2406 1138 2478; x_wconf 77' lang='grc' dir='ltr'>ἐναλλαγαὶ</span> <span class='ocrx_word' id='word_1_329' title='bbox 1217 2411 1334 2460; x_wconf 80' lang='grc' dir='ltr'>οὔτε</span> <span class='ocrx_word' id='word_1_330' title='bbox 1410 2414 1503 2459; x_wconf 80' lang='grc' dir='ltr'>τοῦ</span> <span class='ocrx_word' id='word_1_331' title='bbox 1588 2406 1779 2459; x_wconf 80' lang='grc' dir='ltr'>τελείου</span> <span class='ocrx_word' id='word_1_332' title='bbox 1853 2404 2172 2480; x_wconf 67' lang='grc' dir='ltr'>προέϐησαν)</span> 
     </span>
    </p>
   </div>
   <div class='ocr_carea' id='block_1_43' title="bbox 515 2493 2175 2566">
    <p class='ocr_par' dir='ltr' id='par_1_43' title="bbox 515 2493 2175 2566">
     <span class='ocr_line' id='line_1_43' title="bbox 515 2493 2175 2566; baseline 0.001 -23"><span class='ocrx_word' id='word_1_333' title='bbox 515 2494 633 2544; x_wconf 79' lang='grc' dir='ltr'>οὔτε</span> <span class='ocrx_word' id='word_1_334' title='bbox 688 2497 792 2563; x_wconf 75' lang='grc' dir='ltr'>μὴν</span> <span class='ocrx_word' id='word_1_335' title='bbox 872 2495 1181 2566; x_wconf 72' lang='grc' dir='ltr'>κατελειψαν</span> <span class='ocrx_word' id='word_1_336' title='bbox 1226 2500 1321 2554; x_wconf 81' lang='grc' dir='ltr'>τὴν</span> <span class='ocrx_word' id='word_1_337' title='bbox 1375 2494 1708 2565; x_wconf 76' lang='grc' dir='ltr'>ἐντελέχειαν,</span> <span class='ocrx_word' id='word_1_338' title='bbox 1771 2493 1877 2545; x_wconf 78' lang='grc' dir='ltr'>ἀλλ’</span> <span class='ocrx_word' id='word_1_339' title='bbox 1936 2497 2004 2555; x_wconf 82' lang='grc' dir='ltr'>ὡς</span> <span class='ocrx_word' id='word_1_340' title='bbox 2052 2497 2175 2566; x_wconf 87' lang='grc' dir='ltr'>ὡρί-</span> 
     </span>
    </p>
   </div>
   <div class='ocr_carea' id='block_1_44' title="bbox 517 2579 2176 2655">
    <p class='ocr_par' dir='ltr' id='par_1_44' title="bbox 517 2579 2176 2655">
     <span class='ocr_line' id='line_1_44' title="bbox 517 2579 2176 2655; baseline 0.004 -24"><span class='ocrx_word' id='word_1_341' title='bbox 517 2581 722 2639; x_wconf 86' lang='grc' dir='ltr'>σθησαν</span> <span class='ocrx_word' id='word_1_342' title='bbox 800 2583 890 2643; x_wconf 79' lang='grc' dir='ltr'><strong>ἕως</strong></span> <span class='ocrx_word' id='word_1_343' title='bbox 957 2579 1137 2655; x_wconf 80' lang='grc' dir='ltr'>δεῦρο,</span> <span class='ocrx_word' id='word_1_344' title='bbox 1196 2586 1284 2635; x_wconf 85' lang='grc' dir='ltr'><strong>τόν</strong></span> <span class='ocrx_word' id='word_1_345' title='bbox 1372 2586 1566 2636; x_wconf 73' lang='grc' dir='ltr'>σκοπὸν</span> <span class='ocrx_word' id='word_1_346' title='bbox 1622 2581 1895 2653; x_wconf 85' lang='grc' dir='ltr'>ἐντελεχῶς</span> <span class='ocrx_word' id='word_1_347' title='bbox 1958 2581 2176 2637; x_wconf 77' lang='grc' dir='ltr'>ἑτελείω.</span> 
     </span>
    </p>
   </div>
   <div class='ocr_carea' id='block_1_45' title="bbox 518 2666 2177 2743">
    <p class='ocr_par' dir='ltr' id='par_1_45' title="bbox 518 2666 2177 2743">
     <span class='ocr_line' id='line_1_45' title="bbox 518 2666 2177 2743; baseline 0.002 -24"><span class='ocrx_word' id='word_1_348' title='bbox 518 2686 635 2719; x_wconf 89' lang='grc' dir='ltr'>σαν·</span> <span class='ocrx_word' id='word_1_349' title='bbox 670 2667 826 2722; x_wconf 82' lang='grc' dir='ltr'>’Ἐστι</span> <span class='ocrx_word' id='word_1_350' title='bbox 857 2667 917 2723; x_wconf 74' lang='grc' dir='ltr'>δὲ</span> <span class='ocrx_word' id='word_1_351' title='bbox 955 2670 1135 2732; x_wconf 78' lang='grc' dir='ltr'>αὐταῖς</span> <span class='ocrx_word' id='word_1_352' title='bbox 1181 2671 1330 2724; x_wconf 77' lang='grc' dir='ltr'>χοινὰ</span> <span class='ocrx_word' id='word_1_353' title='bbox 1507 2674 1573 2725; x_wconf 83' lang='grc' dir='ltr'>τὰ</span> <span class='ocrx_word' id='word_1_354' title='bbox 1626 2672 1752 2723; x_wconf 73' lang='grc' dir='ltr'><strong>ἐπτὰ</strong></span> <span class='ocrx_word' id='word_1_355' title='bbox 1794 2666 1923 2722; x_wconf 80' lang='grc' dir='ltr'>τάδε</span> <span class='ocrx_word' id='word_1_356' title='bbox 1978 2690 2013 2722; x_wconf 91' lang='grc' dir='ltr'><strong>α</strong></span> <span class='ocrx_word' id='word_1_357' title='bbox 2070 2668 2105 2741; x_wconf 83' lang='grc' dir='ltr'>β</span> <span class='ocrx_word' id='word_1_358' title='bbox 2142 2690 2177 2741; x_wconf 80' lang='grc' dir='ltr'><strong>γ</strong></span> 
     </span>
    </p>
   </div>
   <div class='ocr_carea' id='block_1_46' title="bbox 514 2759 2173 2831">
    <p class='ocr_par' dir='ltr' id='par_1_46' title="bbox 514 2759 2173 2831">
     <span class='ocr_line' id='line_1_46' title="bbox 514 2759 2173 2831; baseline 0 -22"><span class='ocrx_word' id='word_1_359' title='bbox 514 2760 606 2809; x_wconf 82' lang='grc' dir='ltr'><strong>καὶ</strong></span> <span class='ocrx_word' id='word_1_360' title='bbox 695 2760 761 2810; x_wconf 80' lang='grc' dir='ltr'>τὰ</span> <span class='ocrx_word' id='word_1_361' title='bbox 832 2778 855 2810; x_wconf 88' lang='grc' dir='ltr'><strong>ε</strong></span> <span class='ocrx_word' id='word_1_362' title='bbox 922 2760 955 2820; x_wconf 76' lang='grc' dir='ltr'><strong>ζ</strong></span> <span class='ocrx_word' id='word_1_363' title='bbox 1026 2779 1057 2817; x_wconf 91' lang='grc' dir='ltr'><strong>η</strong></span> <span class='ocrx_word' id='word_1_364' title='bbox 1147 2762 1174 2812; x_wconf 85' lang='grc' dir='ltr'><em>θ</em></span> <span class='ocrx_word' id='word_1_365' title='bbox 1231 2759 1285 2823; x_wconf 74' lang='grc' dir='ltr'><em>ἐξ</em></span> <span class='ocrx_word' id='word_1_366' title='bbox 1328 2761 1396 2811; x_wconf 81' lang='grc' dir='ltr'>ὧν</span> <span class='ocrx_word' id='word_1_367' title='bbox 1436 2760 1552 2813; x_wconf 80' lang='grc' dir='ltr'>καθ’</span> <span class='ocrx_word' id='word_1_368' title='bbox 1611 2761 1812 2831; x_wconf 83' lang='grc' dir='ltr'>ὑφέσεις</span> <span class='ocrx_word' id='word_1_369' title='bbox 1866 2762 1957 2811; x_wconf 80' lang='grc' dir='ltr'><strong>καὶ</strong></span> <span class='ocrx_word' id='word_1_370' title='bbox 2001 2759 2173 2810; x_wconf 80' lang='grc' dir='ltr'>ἐπιτά-</span> 
     </span>
    </p>
   </div>
   <div class='ocr_carea' id='block_1_47' title="bbox 526 2844 2176 2920">
    <p class='ocr_par' dir='ltr' id='par_1_47' title="bbox 526 2844 2176 2920">
     <span class='ocr_line' id='line_1_47' title="bbox 526 2844 2176 2920; baseline -0.001 -22"><span class='ocrx_word' id='word_1_371' title='bbox 526 2864 634 2907; x_wconf 86' lang='grc' dir='ltr'>σεις</span> <span class='ocrx_word' id='word_1_372' title='bbox 699 2849 755 2899; x_wconf 87' lang='grc' dir='ltr'>αἱ</span> <span class='ocrx_word' id='word_1_373' title='bbox 803 2844 1014 2901; x_wconf 81' lang='grc' dir='ltr'>δώδεκα</span> <span class='ocrx_word' id='word_1_374' title='bbox 1073 2848 1327 2920; x_wconf 84' lang='grc' dir='ltr'>συζυγίαι</span> <span class='ocrx_word' id='word_1_375' title='bbox 1362 2854 1616 2920; x_wconf 86' lang='grc' dir='ltr'>γίνονται,</span> <span class='ocrx_word' id='word_1_376' title='bbox 1666 2848 1809 2908; x_wconf 83' lang='grc' dir='ltr'>ἐκτὸς</span> <span class='ocrx_word' id='word_1_377' title='bbox 1859 2856 1956 2909; x_wconf 90' lang='grc' dir='ltr'><strong>τῆς</strong></span> <span class='ocrx_word' id='word_1_378' title='bbox 2009 2845 2176 2907; x_wconf 82' lang='grc' dir='ltr'>ἁπλῆς</span> 
     </span>
    </p>
   </div>
   <div class='ocr_carea' id='block_1_48' title="bbox 512 2936 2177 3011">
    <p class='ocr_par' dir='ltr' id='par_1_48' title="bbox 512 2936 2177 3011">
     <span class='ocr_line' id='line_1_48' title="bbox 512 2936 2177 3011; baseline -0.002 -24"><span class='ocrx_word' id='word_1_379' title='bbox 512 2938 601 2987; x_wconf 76' lang='grc' dir='ltr'><strong>καὶ</strong></span> <span class='ocrx_word' id='word_1_380' title='bbox 663 2943 755 2996; x_wconf 81' lang='grc' dir='ltr'><strong>τῆς</strong></span> <span class='ocrx_word' id='word_1_381' title='bbox 826 2936 1135 3011; x_wconf 78' lang='grc' dir='ltr'>ἀντιῤῥόπου</span> <span class='ocrx_word' id='word_1_382' title='bbox 1200 2938 1357 3009; x_wconf 71' lang='grc' dir='ltr'>αὐτῇ,</span> <span class='ocrx_word' id='word_1_383' title='bbox 1411 2937 1485 2999; x_wconf 86' lang='grc' dir='ltr'>εἰς</span> <span class='ocrx_word' id='word_1_384' title='bbox 1536 2940 1800 3011; x_wconf 85' lang='grc' dir='ltr'>τέσσαρας</span> <span class='ocrx_word' id='word_1_385' title='bbox 1844 2936 2177 3010; x_wconf 78' lang='grc' dir='ltr'>μεριζόμεναι</span> 
     </span>
    </p>
   </div>
   <div class='ocr_carea' id='block_1_49' title="bbox 514 3111 2163 3183">
    <p class='ocr_par' dir='ltr' id='par_1_49' title="bbox 514 3111 2163 3183">
     <span class='ocr_line' id='line_1_49' title="bbox 514 3111 2163 3183; baseline 0 -16"><span class='ocrx_word' id='word_1_386' title='bbox 514 3111 673 3167; x_wconf 89' lang='lat' dir='ltr'><strong>enim</strong></span> <span class='ocrx_word' id='word_1_387' title='bbox 702 3128 822 3168; x_wconf 87' lang='lat' dir='ltr'><strong>vox</strong></span> <span class='ocrx_word' id='word_1_388' title='bbox 837 3111 1191 3169; x_wconf 81' lang='lat' dir='ltr'><strong>relationem</strong></span> <span class='ocrx_word' id='word_1_389' title='bbox 1210 3112 1524 3183; x_wconf 88' lang='lat' dir='ltr'><strong>signiﬁcat.</strong></span> <span class='ocrx_word' id='word_1_390' title='bbox 1548 3113 1690 3178; x_wconf 63' lang='lat' dir='ltr'><strong>Quae</strong></span> <span class='ocrx_word' id='word_1_391' title='bbox 1713 3112 1761 3167; x_wconf 88' lang='lat' dir='ltr'><strong>si</strong></span> <span class='ocrx_word' id='word_1_392' title='bbox 1776 3117 2163 3168; x_wconf 79' lang='lat' dir='ltr'><strong>numerentur</strong></span> 
     </span>
    </p>
   </div>
   <div class='ocr_carea' id='block_1_50' title="bbox 512 3200 2162 3273">
    <p class='ocr_par' dir='ltr' id='par_1_50' title="bbox 512 3200 2162 3273">
     <span class='ocr_line' id='line_1_50' title="bbox 512 3200 2162 3273; baseline 0.001 -18"><span class='ocrx_word' id='word_1_393' title='bbox 512 3216 651 3256; x_wconf 88' lang='lat' dir='ltr'><strong>cum</strong></span> <span class='ocrx_word' id='word_1_394' title='bbox 682 3200 793 3256; x_wconf 84' lang='lat' dir='ltr'>illis</span> <span class='ocrx_word' id='word_1_395' title='bbox 818 3202 1056 3273; x_wconf 84' lang='lat' dir='ltr'><strong>proprie</strong></span> <span class='ocrx_word' id='word_1_396' title='bbox 1086 3202 1257 3257; x_wconf 90' lang='lat' dir='ltr'><strong>dictis</strong></span> <span class='ocrx_word' id='word_1_397' title='bbox 1286 3200 1598 3257; x_wconf 83' lang='lat' dir='ltr'><strong>ordinibus</strong></span> <span class='ocrx_word' id='word_1_398' title='bbox 1639 3205 1874 3256; x_wconf 85' lang='lat' dir='ltr'><strong>centum</strong></span> <span class='ocrx_word' id='word_1_399' title='bbox 1915 3201 2162 3256; x_wconf 88' lang='lat' dir='ltr'><strong>omnino</strong></span> 
     </span>
    </p>
   </div>
   <div class='ocr_carea' id='block_1_51' title="bbox 513 3287 2163 3360">
    <p class='ocr_par' dir='ltr' id='par_1_51' title="bbox 513 3287 2163 3360">
     <span class='ocr_line' id='line_1_51' title="bbox 513 3287 2163 3360; baseline -0.001 -16"><span class='ocrx_word' id='word_1_400' title='bbox 513 3289 967 3360; x_wconf 87' lang='lat' dir='ltr'><strong>conjugationes</strong></span> <span class='ocrx_word' id='word_1_401' title='bbox 1009 3292 1397 3347; x_wconf 90' lang='lat' dir='ltr'><strong>constituunt.</strong></span> <span class='ocrx_word' id='word_1_402' title='bbox 1467 3290 1579 3346; x_wconf 88' lang='lat' dir='ltr'><strong>Sed</strong></span> <span class='ocrx_word' id='word_1_403' title='bbox 1632 3289 1707 3345; x_wconf 92' lang='lat' dir='ltr'><strong>de</strong></span> <span class='ocrx_word' id='word_1_404' title='bbox 1748 3288 1968 3345; x_wconf 83' lang='lat' dir='ltr'><strong>talibus</strong></span> <span class='ocrx_word' id='word_1_405' title='bbox 2018 3287 2163 3343; x_wconf 84' lang='lat' dir='ltr'><strong>nihil</strong></span> 
     </span>
    </p>
   </div>
   <div class='ocr_carea' id='block_1_52' title="bbox 510 3376 2161 3444">
    <p class='ocr_par' dir='ltr' id='par_1_52' title="bbox 510 3376 2161 3444">
     <span class='ocr_line' id='line_1_52' title="bbox 510 3376 2161 3444; baseline -0.001 -12"><span class='ocrx_word' id='word_1_406' title='bbox 510 3391 675 3433; x_wconf 92' lang='lat' dir='ltr'><strong>nunc</strong></span> <span class='ocrx_word' id='word_1_407' title='bbox 705 3377 878 3433; x_wconf 91' lang='lat' dir='ltr'><strong>nobis</strong></span> <span class='ocrx_word' id='word_1_408' title='bbox 905 3382 992 3434; x_wconf 90' lang='lat' dir='ltr'><strong>est</strong></span> <span class='ocrx_word' id='word_1_409' title='bbox 1020 3378 1367 3444; x_wconf 90' lang='lat' dir='ltr'><strong>dicendum,</strong></span> <span class='ocrx_word' id='word_1_410' title='bbox 1405 3394 1544 3434; x_wconf 92' lang='lat' dir='ltr'><strong>cum</strong></span> <span class='ocrx_word' id='word_1_411' title='bbox 1574 3377 1693 3433; x_wconf 88' lang='lat' dir='ltr'><strong>alia</strong></span> <span class='ocrx_word' id='word_1_412' title='bbox 1733 3377 1832 3433; x_wconf 88' lang='lat' dir='ltr'><strong>via</strong></span> <span class='ocrx_word' id='word_1_413' title='bbox 1890 3376 2161 3433; x_wconf 83' lang='lat' dir='ltr'><strong>incedere</strong></span> 
     </span>
    </p>
   </div>
   <div class='ocr_carea' id='block_1_53' title="bbox 513 3465 2162 3539">
    <p class='ocr_par' dir='ltr' id='par_1_53' title="bbox 513 3465 2162 3539">
     <span class='ocr_line' id='line_1_53' title="bbox 513 3465 2162 3539; baseline -0.001 -18"><span class='ocrx_word' id='word_1_414' title='bbox 513 3465 854 3534; x_wconf 88' lang='lat' dir='ltr'><strong>cupiamus.</strong></span> <span class='ocrx_word' id='word_1_415' title='bbox 880 3469 1095 3539; x_wconf 86' lang='lat' dir='ltr'><strong>Estque</strong></span> <span class='ocrx_word' id='word_1_416' title='bbox 1126 3467 1312 3522; x_wconf 89' lang='lat' dir='ltr'><strong>satius</strong></span> <span class='ocrx_word' id='word_1_417' title='bbox 1342 3467 1403 3523; x_wconf 91' lang='lat' dir='ltr'><strong>in</strong></span> <span class='ocrx_word' id='word_1_418' title='bbox 1434 3467 1748 3539; x_wconf 78' lang='lat' dir='ltr'><strong>praesentia</strong></span> <span class='ocrx_word' id='word_1_419' title='bbox 1776 3466 2008 3521; x_wconf 89' lang='lat' dir='ltr'><strong>silentio</strong></span> <span class='ocrx_word' id='word_1_420' title='bbox 2035 3466 2162 3520; x_wconf 70' lang='lat' dir='ltr'><strong>haec</strong></span> 
     </span>
    </p>
   </div>
   <div class='ocr_carea' id='block_1_54' title="bbox 510 3554 2164 3627">
    <p class='ocr_par' dir='ltr' id='par_1_54' title="bbox 510 3554 2164 3627">
     <span class='ocr_line' id='line_1_54' title="bbox 510 3554 2164 3627; baseline -0.001 -18"><span class='ocrx_word' id='word_1_421' title='bbox 510 3555 833 3627; x_wconf 78' lang='lat' dir='ltr'><strong>praeterire.</strong></span> <span class='ocrx_word' id='word_1_422' title='bbox 864 3557 930 3610; x_wconf 91' lang='lat' dir='ltr'><strong>Et</strong></span> <span class='ocrx_word' id='word_1_423' title='bbox 944 3556 1110 3626; x_wconf 89' lang='lat' dir='ltr'><strong>justa</strong></span> <span class='ocrx_word' id='word_1_424' title='bbox 1141 3571 1286 3611; x_wconf 88' lang='lat' dir='ltr'><strong>sane</strong></span> <span class='ocrx_word' id='word_1_425' title='bbox 1317 3555 1392 3611; x_wconf 91' lang='lat' dir='ltr'><strong>de</strong></span> <span class='ocrx_word' id='word_1_426' title='bbox 1408 3571 1592 3611; x_wconf 90' lang='lat' dir='ltr'><strong>causa</strong></span> <span class='ocrx_word' id='word_1_427' title='bbox 1605 3554 1796 3611; x_wconf 89' lang='lat' dir='ltr'><strong>facere</strong></span> <span class='ocrx_word' id='word_1_428' title='bbox 1813 3554 1985 3610; x_wconf 89' lang='lat' dir='ltr'><strong>nobis</strong></span> <span class='ocrx_word' id='word_1_429' title='bbox 2004 3554 2164 3609; x_wconf 85' lang='lat' dir='ltr'><strong>vide-</strong></span> 
     </span>
    </p>
   </div>
   <div class='ocr_carea' id='block_1_55' title="bbox 512 3643 2166 3717">
    <p class='ocr_par' dir='ltr' id='par_1_55' title="bbox 512 3643 2166 3717">
     <span class='ocr_line' id='line_1_55' title="bbox 512 3643 2166 3717; baseline 0.001 -20"><span class='ocrx_word' id='word_1_430' title='bbox 512 3658 665 3713; x_wconf 84' lang='lat' dir='ltr'><strong>mur,</strong></span> <span class='ocrx_word' id='word_1_431' title='bbox 698 3643 865 3715; x_wconf 89' lang='lat' dir='ltr'><strong>quod</strong></span> <span class='ocrx_word' id='word_1_432' title='bbox 887 3648 973 3699; x_wconf 91' lang='lat' dir='ltr'><strong>tot</strong></span> <span class='ocrx_word' id='word_1_433' title='bbox 997 3649 1054 3699; x_wconf 89' lang='lat' dir='ltr'><strong>et</strong></span> <span class='ocrx_word' id='word_1_434' title='bbox 1088 3644 1229 3701; x_wconf 89' lang='lat' dir='ltr'><strong>talia</strong></span> <span class='ocrx_word' id='word_1_435' title='bbox 1278 3645 1663 3714; x_wconf 87' lang='lat' dir='ltr'><strong>selegerimus</strong></span> <span class='ocrx_word' id='word_1_436' title='bbox 1716 3661 1849 3717; x_wconf 78' lang='lat' dir='ltr'><strong>quae</strong></span> <span class='ocrx_word' id='word_1_437' title='bbox 1882 3645 1940 3700; x_wconf 91' lang='lat' dir='ltr'><strong>in</strong></span> <span class='ocrx_word' id='word_1_438' title='bbox 1998 3648 2166 3699; x_wconf 87' lang='lat' dir='ltr'><strong>tanta</strong></span> 
     </span>
    </p>
   </div>
   <div class='ocr_carea' id='block_1_56' title="bbox 512 3730 2162 3806">
    <p class='ocr_par' dir='ltr' id='par_1_56' title="bbox 512 3730 2162 3806">
     <span class='ocr_line' id='line_1_56' title="bbox 512 3730 2162 3806; baseline 0.001 -21"><span class='ocrx_word' id='word_1_439' title='bbox 512 3730 803 3786; x_wconf 89' lang='lat' dir='ltr'><strong>naturalis</strong></span> <span class='ocrx_word' id='word_1_440' title='bbox 818 3731 1082 3787; x_wconf 81' lang='lat' dir='ltr'><strong>scientiae</strong></span> <span class='ocrx_word' id='word_1_441' title='bbox 1112 3732 1173 3788; x_wconf 85' lang='lat' dir='ltr'><strong>vi</strong></span> <span class='ocrx_word' id='word_1_442' title='bbox 1203 3737 1261 3789; x_wconf 89' lang='lat' dir='ltr'><strong>et</strong></span> <span class='ocrx_word' id='word_1_443' title='bbox 1286 3732 1461 3806; x_wconf 90' lang='lat' dir='ltr'><strong>copia</strong></span> <span class='ocrx_word' id='word_1_444' title='bbox 1477 3735 1627 3788; x_wconf 89' lang='lat' dir='ltr'><strong>inter</strong></span> <span class='ocrx_word' id='word_1_445' title='bbox 1646 3749 1705 3787; x_wconf 91' lang='lat' dir='ltr'><strong>se</strong></span> <span class='ocrx_word' id='word_1_446' title='bbox 1733 3733 2162 3789; x_wconf 82' lang='lat' dir='ltr'><strong>conferrentur.</strong></span> 
     </span>
    </p>
   </div>
   <div class='ocr_carea' id='block_1_57' title="bbox 512 3820 2165 3894">
    <p class='ocr_par' dir='ltr' id='par_1_57' title="bbox 512 3820 2165 3894">
     <span class='ocr_line' id='line_1_57' title="bbox 512 3820 2165 3894; baseline 0.002 -21"><span class='ocrx_word' id='word_1_447' title='bbox 512 3822 596 3873; x_wconf 82' lang='lat' dir='ltr'><strong>Ac</strong></span> <span class='ocrx_word' id='word_1_448' title='bbox 621 3820 1135 3891; x_wconf 85' lang='lat' dir='ltr'><strong>comparationem</strong></span> <span class='ocrx_word' id='word_1_449' title='bbox 1156 3821 1406 3894; x_wconf 86' lang='lat' dir='ltr'><strong>quidem</strong></span> <span class='ocrx_word' id='word_1_450' title='bbox 1427 3821 1589 3877; x_wconf 87' lang='lat' dir='ltr'><strong>illam</strong></span> <span class='ocrx_word' id='word_1_451' title='bbox 1620 3836 1757 3892; x_wconf 80' lang='lat' dir='ltr'><strong>quae</strong></span> <span class='ocrx_word' id='word_1_452' title='bbox 1786 3822 1847 3876; x_wconf 92' lang='lat' dir='ltr'><strong>in</strong></span> <span class='ocrx_word' id='word_1_453' title='bbox 1878 3820 2165 3891; x_wconf 84' lang='lat' dir='ltr'><strong>conjuga-</strong></span> 
     </span>
    </p>
   </div>
   <div class='ocr_carea' id='block_1_58' title="bbox 512 3906 2162 3981">
    <p class='ocr_par' dir='ltr' id='par_1_58' title="bbox 512 3906 2162 3981">
     <span class='ocr_line' id='line_1_58' title="bbox 512 3906 2162 3981; baseline 0.001 -18"><span class='ocrx_word' id='word_1_454' title='bbox 512 3906 773 3964; x_wconf 88' lang='lat' dir='ltr'><strong>tionibus</strong></span> <span class='ocrx_word' id='word_1_455' title='bbox 803 3909 1305 3981; x_wconf 90' lang='lat' dir='ltr'><strong>temperationum</strong></span> <span class='ocrx_word' id='word_1_456' title='bbox 1342 3910 1707 3965; x_wconf 86' lang='lat' dir='ltr'><strong>naturalium</strong></span> <span class='ocrx_word' id='word_1_457' title='bbox 1742 3908 1922 3965; x_wconf 88' lang='lat' dir='ltr'><strong>habet</strong></span> <span class='ocrx_word' id='word_1_458' title='bbox 1941 3909 2162 3979; x_wconf 91' lang='lat' dir='ltr'><strong>locum,</strong></span> 
     </span>
    </p>
   </div>
   <div class='ocr_carea' id='block_1_59' title="bbox 514 3996 2167 4071">
    <p class='ocr_par' dir='ltr' id='par_1_59' title="bbox 514 3996 2167 4071">
     <span class='ocr_line' id='line_1_59' title="bbox 514 3996 2167 4071; baseline 0 -20"><span class='ocrx_word' id='word_1_459' title='bbox 514 4000 680 4053; x_wconf 87' lang='lat' dir='ltr'><strong>sexto</strong></span> <span class='ocrx_word' id='word_1_460' title='bbox 734 4013 1007 4054; x_wconf 89' lang='lat' dir='ltr'><strong>sermone</strong></span> <span class='ocrx_word' id='word_1_461' title='bbox 1044 4014 1496 4071; x_wconf 84' lang='lat' dir='ltr'><strong>persequemur,</strong></span> <span class='ocrx_word' id='word_1_462' title='bbox 1536 4013 1697 4053; x_wconf 91' lang='lat' dir='ltr'><strong>nunc</strong></span> <span class='ocrx_word' id='word_1_463' title='bbox 1749 4013 1889 4053; x_wconf 80' lang='lat' dir='ltr'><strong>vero</strong></span> <span class='ocrx_word' id='word_1_464' title='bbox 1925 4013 1997 4053; x_wconf 90' lang='lat' dir='ltr'><strong>ex</strong></span> <span class='ocrx_word' id='word_1_465' title='bbox 2054 3996 2167 4051; x_wconf 87' lang='lat' dir='ltr'><strong>illis</strong></span> 
     </span>
    </p>
   </div>
   <div class='ocr_carea' id='block_1_60' title="bbox 512 4085 2169 4159">
    <p class='ocr_par' dir='ltr' id='par_1_60' title="bbox 512 4085 2169 4159">
     <span class='ocr_line' id='line_1_60' title="bbox 512 4085 2169 4159; baseline -0.001 -18"><span class='ocrx_word' id='word_1_466' title='bbox 512 4101 646 4159; x_wconf 80' lang='lat' dir='ltr'><strong>quae</strong></span> <span class='ocrx_word' id='word_1_467' title='bbox 671 4085 932 4142; x_wconf 84' lang='lat' dir='ltr'><strong>diximus</strong></span> <span class='ocrx_word' id='word_1_468' title='bbox 970 4087 1302 4143; x_wconf 82' lang='lat' dir='ltr'><strong>occasionis</strong></span> <span class='ocrx_word' id='word_1_469' title='bbox 1344 4086 1769 4142; x_wconf 82' lang='lat' dir='ltr'><strong>commoditate</strong></span> <span class='ocrx_word' id='word_1_470' title='bbox 1822 4091 2060 4159; x_wconf 89' lang='lat' dir='ltr'><strong>captata</strong></span> <span class='ocrx_word' id='word_1_471' title='bbox 2111 4087 2169 4141; x_wconf 90' lang='lat' dir='ltr'><strong>et</strong></span> 
     </span>
    </p>
   </div>
   <div class='ocr_carea' id='block_1_61' title="bbox 513 4174 2164 4247">
    <p class='ocr_par' dir='ltr' id='par_1_61' title="bbox 513 4174 2164 4247">
     <span class='ocr_line' id='line_1_61' title="bbox 513 4174 2164 4247; baseline -0.001 -17"><span class='ocrx_word' id='word_1_472' title='bbox 513 4175 691 4247; x_wconf 86' lang='lat' dir='ltr'><strong>quasi</strong></span> <span class='ocrx_word' id='word_1_473' title='bbox 717 4176 779 4231; x_wconf 91' lang='lat' dir='ltr'><strong>in</strong></span> <span class='ocrx_word' id='word_1_474' title='bbox 808 4176 1005 4232; x_wconf 87' lang='lat' dir='ltr'><strong>lucem</strong></span> <span class='ocrx_word' id='word_1_475' title='bbox 1043 4176 1257 4231; x_wconf 90' lang='lat' dir='ltr'><strong>educta</strong></span> <span class='ocrx_word' id='word_1_476' title='bbox 1287 4176 1359 4230; x_wconf 90' lang='lat' dir='ltr'><strong>de</strong></span> <span class='ocrx_word' id='word_1_477' title='bbox 1384 4175 1495 4230; x_wconf 89' lang='lat' dir='ltr'><strong>illis</strong></span> <span class='ocrx_word' id='word_1_478' title='bbox 1517 4192 1652 4247; x_wconf 70' lang='lat' dir='ltr'><strong>quae</strong></span> <span class='ocrx_word' id='word_1_479' title='bbox 1674 4176 1878 4246; x_wconf 86' lang='lat' dir='ltr'><strong>primis</strong></span> <span class='ocrx_word' id='word_1_480' title='bbox 1942 4174 2053 4231; x_wconf 89' lang='lat' dir='ltr'><strong>illis</strong></span> <span class='ocrx_word' id='word_1_481' title='bbox 2079 4190 2164 4230; x_wconf 87' lang='lat' dir='ltr'><strong>re-</strong></span> 
     </span>
    </p>
   </div>
   <div class='ocr_carea' id='block_1_62' title="bbox 516 4262 2166 4335">
    <p class='ocr_par' dir='ltr' id='par_1_62' title="bbox 516 4262 2166 4335">
     <span class='ocr_line' id='line_1_62' title="bbox 516 4262 2166 4335; baseline 0.001 -18"><span class='ocrx_word' id='word_1_482' title='bbox 516 4263 837 4335; x_wconf 88' lang='lat' dir='ltr'><strong>spondent,</strong></span> <span class='ocrx_word' id='word_1_483' title='bbox 865 4264 981 4319; x_wconf 89' lang='lat' dir='ltr'><strong>hoc</strong></span> <span class='ocrx_word' id='word_1_484' title='bbox 1005 4264 1157 4319; x_wconf 90' lang='lat' dir='ltr'><strong>libro</strong></span> <span class='ocrx_word' id='word_1_485' title='bbox 1184 4264 1378 4319; x_wconf 83' lang='lat' dir='ltr'><strong>dicere</strong></span> <span class='ocrx_word' id='word_1_486' title='bbox 1406 4266 1896 4335; x_wconf 88' lang='lat' dir='ltr'><strong>pergamus.Jam</strong></span> <span class='ocrx_word' id='word_1_487' title='bbox 1920 4280 2058 4319; x_wconf 92' lang='lat' dir='ltr'><strong>vero</strong></span> <span class='ocrx_word' id='word_1_488' title='bbox 2088 4262 2166 4318; x_wconf 88' lang='lat' dir='ltr'><strong>ab</strong></span> 
     </span>
    </p>
   </div>
   <div class='ocr_carea' id='block_1_63' title="bbox 517 4351 2165 4424">
    <p class='ocr_par' dir='ltr' id='par_1_63' title="bbox 517 4351 2165 4424">
     <span class='ocr_line' id='line_1_63' title="bbox 517 4351 2165 4424; baseline 0 -17"><span class='ocrx_word' id='word_1_489' title='bbox 517 4366 760 4423; x_wconf 85' lang='lat' dir='ltr'><strong>scopum</strong></span> <span class='ocrx_word' id='word_1_490' title='bbox 773 4351 1710 4424; x_wconf 85' lang='lat' dir='ltr'><strong>revertimur,utquemadmodum</strong></span> <span class='ocrx_word' id='word_1_491' title='bbox 1735 4353 2165 4421; x_wconf 87' lang='lat' dir='ltr'><strong>constituimus,</strong></span> 
     </span>
    </p>
   </div>
   <div class='ocr_carea' id='block_1_64' title="bbox 514 4439 2169 4513">
    <p class='ocr_par' dir='ltr' id='par_1_64' title="bbox 514 4439 2169 4513">
     <span class='ocr_line' id='line_1_64' title="bbox 514 4439 2169 4513; baseline -0.001 -18"><span class='ocrx_word' id='word_1_492' title='bbox 514 4455 626 4513; x_wconf 92' lang='lat' dir='ltr'><strong>pro</strong></span> <span class='ocrx_word' id='word_1_493' title='bbox 662 4439 885 4495; x_wconf 89' lang='lat' dir='ltr'><strong>viribus</strong></span> <span class='ocrx_word' id='word_1_494' title='bbox 934 4441 1152 4497; x_wconf 89' lang='lat' dir='ltr'><strong>nostris</strong></span> <span class='ocrx_word' id='word_1_495' title='bbox 1196 4442 1354 4497; x_wconf 87' lang='lat' dir='ltr'><strong>hanc</strong></span> <span class='ocrx_word' id='word_1_496' title='bbox 1393 4440 1859 4513; x_wconf 86' lang='lat' dir='ltr'><strong>disputationem</strong></span> <span class='ocrx_word' id='word_1_497' title='bbox 1893 4440 2169 4497; x_wconf 89' lang='lat' dir='ltr'><strong>absolva-</strong></span> 
     </span>
    </p>
   </div>
   <div class='ocr_carea' id='block_1_65' title="bbox 514 4544 673 4584">
    <p class='ocr_par' dir='ltr' id='par_1_65' title="bbox 514 4544 673 4584">
     <span class='ocr_line' id='line_1_65' title="bbox 514 4544 673 4584; baseline -0.006 0"><span class='ocrx_word' id='word_1_498' title='bbox 514 4544 673 4584; x_wconf 89' lang='lat' dir='ltr'><strong>mus.</strong></span> 
     </span>
    </p>
   </div>
   <div class='ocr_carea' id='block_1_66' title="bbox 588 4617 2169 4690">
    <p class='ocr_par' dir='ltr' id='par_1_66' title="bbox 588 4617 2169 4690">
     <span class='ocr_line' id='line_1_66' title="bbox 588 4617 2169 4690; baseline -0.001 -17"><span class='ocrx_word' id='word_1_499' title='bbox 588 4621 643 4673; x_wconf 83' lang='lat'><strong>2.</strong></span> <span class='ocrx_word' id='word_1_500' title='bbox 679 4619 878 4690; x_wconf 88' lang='lat' dir='ltr'><strong>Neque</strong></span> <span class='ocrx_word' id='word_1_501' title='bbox 902 4634 1042 4674; x_wconf 84' lang='lat' dir='ltr'><strong>vero</strong></span> <span class='ocrx_word' id='word_1_502' title='bbox 1068 4619 1324 4690; x_wconf 88' lang='lat' dir='ltr'><strong>reperire</strong></span> <span class='ocrx_word' id='word_1_503' title='bbox 1348 4617 1562 4690; x_wconf 90' lang='lat' dir='ltr'><strong>poterit</strong></span> <span class='ocrx_word' id='word_1_504' title='bbox 1602 4617 1817 4689; x_wconf 85' lang='lat' dir='ltr'><strong>aliquis</strong></span> <span class='ocrx_word' id='word_1_505' title='bbox 1848 4634 2031 4690; x_wconf 86' lang='lat' dir='ltr'><strong>supra</strong></span> <span class='ocrx_word' id='word_1_506' title='bbox 2066 4621 2169 4673; x_wconf 90' lang='lat' dir='ltr'><strong>aut</strong></span> 
     </span>
    </p>
   </div>
   <div class='ocr_carea' id='block_1_67' title="bbox 515 4706 2166 4779">
    <p class='ocr_par' dir='ltr' id='par_1_67' title="bbox 515 4706 2166 4779">
     <span class='ocr_line' id='line_1_67' title="bbox 515 4706 2166 4779; baseline -0.001 -16"><span class='ocrx_word' id='word_1_507' title='bbox 515 4706 674 4763; x_wconf 88' lang='lat' dir='ltr'><strong>infra</strong></span> <span class='ocrx_word' id='word_1_508' title='bbox 694 4706 827 4763; x_wconf 90' lang='lat' dir='ltr'><strong>illas</strong></span> <span class='ocrx_word' id='word_1_509' title='bbox 867 4723 1019 4779; x_wconf 90' lang='lat' dir='ltr'><strong>quas</strong></span> <span class='ocrx_word' id='word_1_510' title='bbox 1040 4706 1817 4778; x_wconf 85' lang='lat' dir='ltr'><strong>enumeravimus,aliquem</strong></span> <span class='ocrx_word' id='word_1_511' title='bbox 1849 4706 2031 4761; x_wconf 89' lang='lat' dir='ltr'><strong>alium</strong></span> <span class='ocrx_word' id='word_1_512' title='bbox 2059 4721 2166 4761; x_wconf 89' lang='lat' dir='ltr'><strong>nu-</strong></span> 
     </span>
    </p>
   </div>
   <div class='ocr_carea' id='block_1_68' title="bbox 515 4792 2169 4868">
    <p class='ocr_par' dir='ltr' id='par_1_68' title="bbox 515 4792 2169 4868">
     <span class='ocr_line' id='line_1_68' title="bbox 515 4792 2169 4868; baseline -0.002 -17"><span class='ocrx_word' id='word_1_513' title='bbox 515 4810 754 4851; x_wconf 89' lang='lat' dir='ltr'><strong>merum</strong></span> <span class='ocrx_word' id='word_1_514' title='bbox 796 4794 857 4851; x_wconf 92' lang='lat' dir='ltr'><strong>in</strong></span> <span class='ocrx_word' id='word_1_515' title='bbox 895 4795 1062 4868; x_wconf 89' lang='lat' dir='ltr'><strong>ipsis.</strong></span> <span class='ocrx_word' id='word_1_516' title='bbox 1106 4798 1251 4851; x_wconf 83' lang='lat' dir='ltr'><strong>Nam</strong></span> <span class='ocrx_word' id='word_1_517' title='bbox 1292 4792 1787 4866; x_wconf 86' lang='lat' dir='ltr'><strong>transpositiones</strong></span> <span class='ocrx_word' id='word_1_518' title='bbox 1826 4797 1884 4847; x_wconf 86' lang='lat' dir='ltr'><strong>et</strong></span> <span class='ocrx_word' id='word_1_519' title='bbox 1934 4808 2169 4864; x_wconf 90' lang='lat' dir='ltr'><strong>permu-</strong></span> 
     </span>
    </p>
   </div>
   <div class='ocr_carea' id='block_1_69' title="bbox 516 4882 2169 4956">
    <p class='ocr_par' dir='ltr' id='par_1_69' title="bbox 516 4882 2169 4956">
     <span class='ocr_line' id='line_1_69' title="bbox 516 4882 2169 4956; baseline -0.002 -16"><span class='ocrx_word' id='word_1_520' title='bbox 516 4884 768 4956; x_wconf 68' lang='lat' dir='ltr'><strong>tationes</strong></span> <span class='ocrx_word' id='word_1_521' title='bbox 797 4884 1252 4950; x_wconf 88' lang='lat' dir='ltr'><strong>elementorum,</strong></span> <span class='ocrx_word' id='word_1_522' title='bbox 1286 4898 1479 4956; x_wconf 88' lang='lat' dir='ltr'><strong>neque</strong></span> <span class='ocrx_word' id='word_1_523' title='bbox 1531 4887 1695 4938; x_wconf 87' lang='lat' dir='ltr'><strong>extra</strong></span> <span class='ocrx_word' id='word_1_524' title='bbox 1749 4882 2169 4953; x_wconf 78' lang='lat' dir='ltr'><strong>perfectionem</strong></span> 
     </span>
    </p>
   </div>
   <div class='ocr_carea' id='block_1_70' title="bbox 516 4972 2167 5045">
    <p class='ocr_par' dir='ltr' id='par_1_70' title="bbox 516 4972 2167 5045">
     <span class='ocr_line' id='line_1_70' title="bbox 516 4972 2167 5045; baseline -0.003 -15"><span class='ocrx_word' id='word_1_525' title='bbox 516 4988 769 5045; x_wconf 66' lang='lat' dir='ltr'><strong>egressae</strong></span> <span class='ocrx_word' id='word_1_526' title='bbox 790 4981 1150 5045; x_wconf 86' lang='lat' dir='ltr'><strong>sunt,neque</strong></span> <span class='ocrx_word' id='word_1_527' title='bbox 1166 4989 1371 5029; x_wconf 90' lang='lat' dir='ltr'><strong>rursus</strong></span> <span class='ocrx_word' id='word_1_528' title='bbox 1392 4989 1427 5027; x_wconf 90' lang='lat' dir='ltr'><strong>a</strong></span> <span class='ocrx_word' id='word_1_529' title='bbox 1447 4972 1803 5043; x_wconf 87' lang='lat' dir='ltr'><strong>perfectione</strong></span> <span class='ocrx_word' id='word_1_530' title='bbox 1830 4972 2167 5039; x_wconf 79' lang='lat' dir='ltr'><strong>abfuerunt,</strong></span> 
     </span>
    </p>
   </div>
   <div class='ocr_carea' id='block_1_71' title="bbox 519 5060 2175 5133">
    <p class='ocr_par' dir='ltr' id='par_1_71' title="bbox 519 5060 2175 5133">
     <span class='ocr_line' id='line_1_71' title="bbox 519 5060 2175 5133; baseline -0.002 -15"><span class='ocrx_word' id='word_1_531' title='bbox 519 5064 623 5119; x_wconf 90' lang='lat' dir='ltr'><strong>sed</strong></span> <span class='ocrx_word' id='word_1_532' title='bbox 654 5068 719 5119; x_wconf 86' lang='lat' dir='ltr'><strong>ut</strong></span> <span class='ocrx_word' id='word_1_533' title='bbox 747 5064 1007 5119; x_wconf 65' lang='lat' dir='ltr'><strong>deﬁnitis</strong></span> <span class='ocrx_word' id='word_1_534' title='bbox 1040 5062 1275 5118; x_wconf 86' lang='lat' dir='ltr'><strong>fuerunt</strong></span> <span class='ocrx_word' id='word_1_535' title='bbox 1298 5061 2041 5133; x_wconf 87' lang='lat' dir='ltr'><strong>hactenus,perfectionem</strong></span> <span class='ocrx_word' id='word_1_536' title='bbox 2074 5060 2175 5115; x_wconf 88' lang='lat' dir='ltr'><strong>ab-</strong></span> 
     </span>
    </p>
   </div>
   <div class='ocr_carea' id='block_1_72' title="bbox 515 5148 2175 5225">
    <p class='ocr_par' dir='ltr' id='par_1_72' title="bbox 515 5148 2175 5225">
     <span class='ocr_line' id='line_1_72' title="bbox 515 5148 2175 5225; baseline -0.003 -18"><span class='ocrx_word' id='word_1_537' title='bbox 515 5152 1001 5225; x_wconf 89' lang='lat' dir='ltr'><strong>solutionemque</strong></span> <span class='ocrx_word' id='word_1_538' title='bbox 1031 5152 1263 5224; x_wconf 66' lang='lat' dir='ltr'><strong>adepta:</strong></span> <span class='ocrx_word' id='word_1_539' title='bbox 1288 5157 1447 5207; x_wconf 88' lang='lat' dir='ltr'><strong>sunt.</strong></span> <span class='ocrx_word' id='word_1_540' title='bbox 1480 5148 2175 5220; x_wconf 79' lang='lat' dir='ltr'><strong>Suntaulemipsiscom&#39;</strong></span> 
     </span>
    </p>
   </div>
   <div class='ocr_carea' id='block_1_73' title="bbox 514 5237 2175 5315">
    <p class='ocr_par' dir='ltr' id='par_1_73' title="bbox 514 5237 2175 5315">
     <span class='ocr_line' id='line_1_73' title="bbox 514 5237 2175 5315; baseline -0.004 -17"><span class='ocrx_word' id='word_1_541' title='bbox 514 5242 724 5299; x_wconf 89' lang='lat' dir='ltr'><strong>munia</strong></span> <span class='ocrx_word' id='word_1_542' title='bbox 752 5242 1001 5315; x_wconf 90' lang='lat' dir='ltr'><strong>quidem</strong></span> <span class='ocrx_word' id='word_1_543' title='bbox 1038 5249 1266 5315; x_wconf 87' lang='lat' dir='ltr'><strong>septem</strong></span> <span class='ocrx_word' id='word_1_544' title='bbox 1298 5256 1334 5296; x_wconf 93' lang='lat' dir='ltr'><strong>a</strong></span> <span class='ocrx_word' id='word_1_545' title='bbox 1358 5242 1388 5296; x_wconf 80' lang='grc' dir='ltr'><strong><em>ὸ</em></strong></span> <span class='ocrx_word' id='word_1_546' title='bbox 1420 5257 1448 5296; x_wconf 87' lang='lat' dir='ltr'><strong>c</strong></span> <span class='ocrx_word' id='word_1_547' title='bbox 1470 5246 1526 5295; x_wconf 91' lang='lat' dir='ltr'><strong>et</strong></span> <span class='ocrx_word' id='word_1_548' title='bbox 1551 5239 1740 5309; x_wconf 80' lang='lat' dir='ltr'><strong>efgh,</strong></span> <span class='ocrx_word' id='word_1_549' title='bbox 1757 5256 1827 5294; x_wconf 83' lang='lat' dir='ltr'><strong>ex</strong></span> <span class='ocrx_word' id='word_1_550' title='bbox 1847 5237 2069 5311; x_wconf 89' lang='lat' dir='ltr'><strong>quibus</strong></span> <span class='ocrx_word' id='word_1_551' title='bbox 2088 5252 2175 5292; x_wconf 86' lang='lat' dir='ltr'><strong>se-</strong></span> 
     </span>
    </p>
   </div>
   <div class='ocr_carea' id='block_1_74' title="bbox 515 5327 2174 5388">
    <p class='ocr_par' dir='ltr' id='par_1_74' title="bbox 515 5327 2174 5388">
     <span class='ocr_line' id='line_1_74' title="bbox 515 5327 2174 5388; baseline -0.004 -1"><span class='ocrx_word' id='word_1_552' title='bbox 515 5331 782 5387; x_wconf 87' lang='lat' dir='ltr'><strong>cundum</strong></span> <span class='ocrx_word' id='word_1_553' title='bbox 813 5332 1198 5388; x_wconf 57' lang='lat' dir='ltr'><strong>remissiones</strong></span> <span class='ocrx_word' id='word_1_554' title='bbox 1221 5336 1273 5384; x_wconf 81' lang='lat' dir='ltr'><strong>et</strong></span> <span class='ocrx_word' id='word_1_555' title='bbox 1298 5328 1659 5384; x_wconf 83' lang='lat' dir='ltr'><strong>intensiones</strong></span> <span class='ocrx_word' id='word_1_556' title='bbox 1687 5327 2008 5382; x_wconf 86' lang='lat' dir='ltr'><strong>duodecim</strong></span> <span class='ocrx_word' id='word_1_557' title='bbox 2033 5341 2174 5380; x_wconf 87' lang='lat' dir='ltr'><strong>con-</strong></span> 
     </span>
    </p>
   </div>
   <div class='ocr_carea' id='block_1_75' title="bbox 510 5413 2176 5493">
    <p class='ocr_par' dir='ltr' id='par_1_75' title="bbox 510 5413 2176 5493">
     <span class='ocr_line' id='line_1_75' title="bbox 510 5413 2176 5493; baseline -0.004 -18"><span class='ocrx_word' id='word_1_558' title='bbox 510 5421 852 5493; x_wconf 86' lang='lat' dir='ltr'><strong>jugationes</strong></span> <span class='ocrx_word' id='word_1_559' title='bbox 879 5419 1190 5488; x_wconf 86' lang='lat' dir='ltr'><strong>exsistunt,</strong></span> <span class='ocrx_word' id='word_1_560' title='bbox 1223 5423 1470 5488; x_wconf 82' lang='lat' dir='ltr'><strong>excepta</strong></span> <span class='ocrx_word' id='word_1_561' title='bbox 1492 5416 1741 5487; x_wconf 88' lang='lat' dir='ltr'><strong>simplici</strong></span> <span class='ocrx_word' id='word_1_562' title='bbox 1768 5422 1823 5470; x_wconf 88' lang='lat' dir='ltr'><strong>et</strong></span> <span class='ocrx_word' id='word_1_563' title='bbox 1844 5414 1941 5470; x_wconf 91' lang='lat' dir='ltr'><strong>illa</strong></span> <span class='ocrx_word' id='word_1_564' title='bbox 1959 5431 2095 5486; x_wconf 66' lang='lat' dir='ltr'><strong>quae</strong></span> <span class='ocrx_word' id='word_1_565' title='bbox 2125 5413 2176 5469; x_wconf 89' lang='lat' dir='ltr'><strong>ei</strong></span> 
     </span>
    </p>
   </div>
   <div class='ocr_carea' id='block_1_76' title="bbox 511 5503 2175 5582">
    <p class='ocr_par' dir='ltr' id='par_1_76' title="bbox 511 5503 2175 5582">
     <span class='ocr_line' id='line_1_76' title="bbox 511 5503 2175 5582; baseline -0.005 -16"><span class='ocrx_word' id='word_1_566' title='bbox 511 5512 924 5582; x_wconf 88' lang='lat' dir='ltr'><strong>respondet,in</strong></span> <span class='ocrx_word' id='word_1_567' title='bbox 936 5525 978 5582; x_wconf 90' lang='lat' dir='ltr'><strong>q</strong></span> <span class='ocrx_word' id='word_1_568' title='bbox 990 5513 1204 5564; x_wconf 88' lang='lat' dir='ltr'><strong>uatuor</strong></span> <span class='ocrx_word' id='word_1_569' title='bbox 1217 5506 1455 5563; x_wconf 87' lang='lat' dir='ltr'><strong>ordines</strong></span> <span class='ocrx_word' id='word_1_570' title='bbox 1470 5506 1759 5560; x_wconf 87' lang='lat' dir='ltr'><strong>distribuu</strong></span> <span class='ocrx_word' id='word_1_571' title='bbox 1771 5504 2033 5577; x_wconf 90' lang='lat' dir='ltr'><strong>ntur;qui</strong></span> <span class='ocrx_word' id='word_1_572' title='bbox 2048 5503 2175 5576; x_wconf 90' lang='lat' dir='ltr'><strong>qui-</strong></span> 
     </span>
    </p>
   </div>
   <div class='ocr_carea' id='block_1_77' title="bbox 512 5591 2175 5673">
    <p class='ocr_par' dir='ltr' id='par_1_77' title="bbox 512 5591 2175 5673">
     <span class='ocr_line' id='line_1_77' title="bbox 512 5591 2175 5673; baseline -0.004 -18"><span class='ocrx_word' id='word_1_573' title='bbox 512 5598 650 5655; x_wconf 89' lang='lat' dir='ltr'><strong>dem</strong></span> <span class='ocrx_word' id='word_1_574' title='bbox 674 5601 914 5658; x_wconf 90' lang='lat' dir='ltr'><strong>ordines</strong></span> <span class='ocrx_word' id='word_1_575' title='bbox 955 5603 1071 5673; x_wconf 86' lang='lat' dir='ltr'><strong>tres</strong></span> <span class='ocrx_word' id='word_1_576' title='bbox 1100 5595 1331 5652; x_wconf 90' lang='lat' dir='ltr'><strong>circiter</strong></span> <span class='ocrx_word' id='word_1_577' title='bbox 1361 5608 1613 5671; x_wconf 87' lang='lat' dir='ltr'><strong>numero</strong></span> <span class='ocrx_word' id='word_1_578' title='bbox 1634 5591 1859 5649; x_wconf 88' lang='lat' dir='ltr'><strong>habent</strong></span> <span class='ocrx_word' id='word_1_579' title='bbox 1888 5593 2175 5664; x_wconf 86' lang='lat' dir='ltr'><strong>conjuga-</strong></span> 
     </span>
    </p>
   </div>
   <div class='ocr_carea' id='block_1_78' title="bbox 2289 1948 3856 2027">
    <p class='ocr_par' dir='ltr' id='par_1_78' title="bbox 2289 1948 3856 2027">
     <span class='ocr_line' id='line_1_78' title="bbox 2289 1948 3856 2027; baseline 0.006 -24"><span class='ocrx_word' id='word_1_580' title='bbox 2289 1948 2377 2004; x_wconf 80' lang='grc' dir='ltr'>οὖν</span> <span class='ocrx_word' id='word_1_581' title='bbox 2406 1956 2504 2024; x_wconf 88' lang='grc' dir='ltr'><strong>μία</strong></span> <span class='ocrx_word' id='word_1_582' title='bbox 2530 1949 2756 2027; x_wconf 82' lang='grc' dir='ltr'>διαφορὰ</span> <span class='ocrx_word' id='word_1_583' title='bbox 2806 1954 2921 2007; x_wconf 77' lang='grc' dir='ltr'>κατ’</span> <span class='ocrx_word' id='word_1_584' title='bbox 2971 1954 3267 2017; x_wconf 72' lang='grc' dir='ltr'>ἕπιστάσεις</span> <span class='ocrx_word' id='word_1_585' title='bbox 3326 1976 3380 2009; x_wconf 93' lang='grc' dir='ltr'><strong>τε</strong></span> <span class='ocrx_word' id='word_1_586' title='bbox 3424 1962 3513 2009; x_wconf 83' lang='grc' dir='ltr'><strong>καὶ</strong></span> <span class='ocrx_word' id='word_1_587' title='bbox 3555 1957 3726 2020; x_wconf 76' lang='grc' dir='ltr'>ἀνέσεις</span> <span class='ocrx_word' id='word_1_588' title='bbox 3767 1959 3856 2027; x_wconf 66' lang='lat' dir='ltr'><strong>ini,</strong></span> 
     </span>
    </p>
   </div>
   <div class='ocr_carea' id='block_1_79' title="bbox 2288 2041 3855 2118">
    <p class='ocr_par' dir='ltr' id='par_1_79' title="bbox 2288 2041 3855 2118">
     <span class='ocr_line' id='line_1_79' title="bbox 2288 2041 3855 2118; baseline 0.005 -26"><span class='ocrx_word' id='word_1_589' title='bbox 2288 2044 2452 2115; x_wconf 84' lang='grc' dir='ltr'>μέχρι</span> <span class='ocrx_word' id='word_1_590' title='bbox 2478 2050 2576 2093; x_wconf 87' lang='grc' dir='ltr'>τῶν</span> <span class='ocrx_word' id='word_1_591' title='bbox 2606 2041 2931 2102; x_wconf 78' lang='grc' dir='ltr'>ἐννενήκοντα</span> <span class='ocrx_word' id='word_1_592' title='bbox 2973 2048 3099 2118; x_wconf 84' lang='grc' dir='ltr'>πρὸς</span> <span class='ocrx_word' id='word_1_593' title='bbox 3154 2053 3272 2107; x_wconf 86' lang='grc' dir='ltr'>ταῖς</span> <span class='ocrx_word' id='word_1_594' title='bbox 3303 2042 3432 2099; x_wconf 82' lang='grc' dir='ltr'>δυσὶ</span> <span class='ocrx_word' id='word_1_595' title='bbox 3474 2054 3561 2099; x_wconf 80' lang='grc' dir='ltr'><strong>καὶ</strong></span> <span class='ocrx_word' id='word_1_596' title='bbox 3601 2056 3684 2109; x_wconf 87' lang='grc' dir='ltr'><strong>τῆς</strong></span> <span class='ocrx_word' id='word_1_597' title='bbox 3725 2049 3855 2115; x_wconf 74' lang='grc' dir='ltr'>ἁπλῆς,</span> 
     </span>
    </p>
   </div>
   <div class='ocr_carea' id='block_1_80' title="bbox 2289 2132 3295 2205">
    <p class='ocr_par' dir='ltr' id='par_1_80' title="bbox 2289 2132 3295 2205">
     <span class='ocr_line' id='line_1_80' title="bbox 2289 2132 3295 2205; baseline 0.004 -23"><span class='ocrx_word' id='word_1_598' title='bbox 2289 2135 2378 2183; x_wconf 77' lang='grc' dir='ltr'><strong>καὶ</strong></span> <span class='ocrx_word' id='word_1_599' title='bbox 2442 2136 2725 2205; x_wconf 80' lang='grc' dir='ltr'>περαιτέρω</span> <span class='ocrx_word' id='word_1_600' title='bbox 2779 2132 2942 2204; x_wconf 81' lang='grc' dir='ltr'>βῆναι</span> <span class='ocrx_word' id='word_1_601' title='bbox 3011 2134 3104 2185; x_wconf 79' lang='grc' dir='ltr'><strong>οὐκ</strong></span> <span class='ocrx_word' id='word_1_602' title='bbox 3164 2132 3225 2193; x_wconf 75' lang='grc' dir='ltr'>ἦν</span> <span class='ocrx_word' id='word_1_603' title='bbox 3281 2156 3295 2168; x_wconf 76' lang='grc' dir='ltr'><strong><em>ο</em></strong></span> 
     </span>
    </p>
   </div>
   <div class='ocr_carea' id='block_1_81' title="bbox 2289 2218 3040 2294">
    <p class='ocr_par' dir='ltr' id='par_1_81' title="bbox 2289 2218 3040 2294">
     <span class='ocr_line' id='line_1_81' title="bbox 2289 2218 3040 2294; baseline 0.007 -23"><span class='ocrx_word' id='word_1_604' title='bbox 2289 2218 2403 2271; x_wconf 79' lang='grc' dir='ltr'>ἐστι</span> <span class='ocrx_word' id='word_1_605' title='bbox 2476 2225 2565 2272; x_wconf 84' lang='grc' dir='ltr'><strong>καὶ</strong></span> <span class='ocrx_word' id='word_1_606' title='bbox 2635 2221 2978 2294; x_wconf 80' lang='grc' dir='ltr'>ἀναρίθμητος</span> <span class='ocrx_word' id='word_1_607' title='bbox 3028 2245 3040 2256; x_wconf 91' lang='grc'><strong>·</strong></span> 
     </span>
    </p>
   </div>
   <div class='ocr_carea' id='block_1_82' title="bbox 2288 2309 2537 2361">
    <p class='ocr_par' dir='ltr' id='par_1_82' title="bbox 2288 2309 2537 2361">
     <span class='ocr_line' id='line_1_82' title="bbox 2288 2309 2537 2361; baseline 0.012 -3"><span class='ocrx_word' id='word_1_608' title='bbox 2288 2328 2370 2360; x_wconf 89' lang='grc' dir='ltr'><strong>ναι</strong></span> <span class='ocrx_word' id='word_1_609' title='bbox 2422 2309 2537 2361; x_wconf 82' lang='grc' dir='ltr'>καθ’</span> 
     </span>
    </p>
   </div>
   <div class='ocr_carea' id='block_1_83' title="bbox 3355 2133 3857 2212">
    <p class='ocr_par' dir='ltr' id='par_1_83' title="bbox 3355 2133 3857 2212">
     <span class='ocr_line' id='line_1_83' title="bbox 3355 2133 3857 2212; baseline 0.002 -24"><span class='ocrx_word' id='word_1_610' title='bbox 3355 2137 3385 2194; x_wconf 78' lang='grc' dir='ltr'><strong>ἠ</strong></span> <span class='ocrx_word' id='word_1_611' title='bbox 3439 2133 3488 2188; x_wconf 84' lang='grc' dir='ltr'>δ’</span> <span class='ocrx_word' id='word_1_612' title='bbox 3533 2137 3668 2212; x_wconf 80' lang='grc' dir='ltr'>ἑτέρα</span> <span class='ocrx_word' id='word_1_613' title='bbox 3712 2138 3857 2211; x_wconf 69' lang='grc' dir='ltr'>ἄπειρός</span> 
     </span>
    </p>
   </div>
   <div class='ocr_carea' id='block_1_84' title="bbox 3096 2225 3856 2298">
    <p class='ocr_par' dir='ltr' id='par_1_84' title="bbox 3096 2225 3856 2298">
     <span class='ocr_line' id='line_1_84' title="bbox 3096 2225 3856 2298; baseline 0.005 -23"><span class='ocrx_word' id='word_1_614' title='bbox 3096 2228 3291 2296; x_wconf 79' lang='grc' dir='ltr'>πέφυκε</span> <span class='ocrx_word' id='word_1_615' title='bbox 3343 2228 3445 2298; x_wconf 81' lang='grc' dir='ltr'>γὰρ</span> <span class='ocrx_word' id='word_1_616' title='bbox 3487 2225 3562 2278; x_wconf 69' lang='grc' dir='ltr'><strong>ἐπ’</strong></span> <span class='ocrx_word' id='word_1_617' title='bbox 3610 2229 3781 2295; x_wconf 75' lang='grc' dir='ltr'>ἄπειρον</span> <span class='ocrx_word' id='word_1_618' title='bbox 3814 2225 3856 2279; x_wconf 81' lang='grc' dir='ltr'>εἰ·</span> 
     </span>
    </p>
   </div>
   <div class='ocr_carea' id='block_1_85' title="bbox 2618 2311 3855 2388">
    <p class='ocr_par' dir='ltr' id='par_1_85' title="bbox 2618 2311 3855 2388">
     <span class='ocr_line' id='line_1_85' title="bbox 2618 2311 3855 2388; baseline 0.003 -26"><span class='ocrx_word' id='word_1_619' title='bbox 2618 2312 2823 2382; x_wconf 70' lang='grc' dir='ltr'>ὑφήσεις</span> <span class='ocrx_word' id='word_1_620' title='bbox 2869 2317 2954 2365; x_wconf 72' lang='grc' dir='ltr'><strong>καὶ</strong></span> <span class='ocrx_word' id='word_1_621' title='bbox 3006 2311 3269 2375; x_wconf 80' lang='grc' dir='ltr'>ἐπιτάσεις</span> <span class='ocrx_word' id='word_1_622' title='bbox 3330 2316 3544 2386; x_wconf 78' lang='grc' dir='ltr'>θυμικόν</span> <span class='ocrx_word' id='word_1_623' title='bbox 3589 2319 3666 2368; x_wconf 87' lang='grc' dir='ltr'>τὸν</span> <span class='ocrx_word' id='word_1_624' title='bbox 3699 2314 3855 2388; x_wconf 77' lang='grc' dir='ltr'>βαρύτι-</span> 
     </span>
    </p>
   </div>
   <div class='ocr_carea' id='block_1_86' title="bbox 2286 2399 3854 2473">
    <p class='ocr_par' dir='ltr' id='par_1_86' title="bbox 2286 2399 3854 2473">
     <span class='ocr_line' id='line_1_86' title="bbox 2286 2399 3854 2473; baseline 0.004 -25"><span class='ocrx_word' id='word_1_625' title='bbox 2286 2417 2383 2468; x_wconf 84' lang='grc' dir='ltr'><strong>μον</strong></span> <span class='ocrx_word' id='word_1_626' title='bbox 2462 2399 2515 2461; x_wconf 88' lang='grc' dir='ltr'>ὃς</span> <span class='ocrx_word' id='word_1_627' title='bbox 2573 2402 2685 2470; x_wconf 81' lang='grc' dir='ltr'>ἔχει</span> <span class='ocrx_word' id='word_1_628' title='bbox 2735 2403 2850 2453; x_wconf 81' lang='grc' dir='ltr'>τινὰ</span> <span class='ocrx_word' id='word_1_629' title='bbox 2907 2402 3164 2473; x_wconf 74' lang='grc' dir='ltr'>συζυγίαν</span> <span class='ocrx_word' id='word_1_630' title='bbox 3209 2400 3509 2462; x_wconf 76' lang='grc' dir='ltr'>ἐπιτηδείαν</span> <span class='ocrx_word' id='word_1_631' title='bbox 3560 2413 3705 2458; x_wconf 88' lang='grc' dir='ltr'>ποιεῖν</span> <span class='ocrx_word' id='word_1_632' title='bbox 3749 2406 3854 2457; x_wconf 72' lang='grc' dir='ltr'>αὐτὸν</span> 
     </span>
    </p>
   </div>
   <div class='ocr_carea' id='block_1_87' title="bbox 2292 2487 3854 2566">
    <p class='ocr_par' dir='ltr' id='par_1_87' title="bbox 2292 2487 3854 2566">
     <span class='ocr_line' id='line_1_87' title="bbox 2292 2487 3854 2566; baseline 0.005 -28"><span class='ocrx_word' id='word_1_633' title='bbox 2292 2488 2529 2559; x_wconf 73' lang='grc' dir='ltr'>θυμικὸν,</span> <span class='ocrx_word' id='word_1_634' title='bbox 2586 2494 2675 2541; x_wconf 82' lang='grc' dir='ltr'><strong>καὶ</strong></span> <span class='ocrx_word' id='word_1_635' title='bbox 2722 2492 2803 2542; x_wconf 87' lang='grc' dir='ltr'>ὅτι</span> <span class='ocrx_word' id='word_1_636' title='bbox 2848 2493 2939 2563; x_wconf 74' lang='grc' dir='ltr'>μὶν</span> <span class='ocrx_word' id='word_1_637' title='bbox 2991 2487 3077 2542; x_wconf 78' lang='grc' dir='ltr'>οὖν</span> <span class='ocrx_word' id='word_1_638' title='bbox 3130 2495 3216 2543; x_wconf 87' lang='grc' dir='ltr'>τὸν</span> <span class='ocrx_word' id='word_1_639' title='bbox 3264 2495 3482 2566; x_wconf 80' lang='grc' dir='ltr'>θυμικόν</span> <span class='ocrx_word' id='word_1_640' title='bbox 3526 2496 3720 2565; x_wconf 77' lang='grc' dir='ltr'>θυμικὸν</span> <span class='ocrx_word' id='word_1_641' title='bbox 3768 2491 3854 2545; x_wconf 74' lang='grc' dir='ltr'>εἶναι</span> 
     </span>
    </p>
   </div>
   <div class='ocr_carea' id='block_1_88' title="bbox 2287 2566 3853 2652">
    <p class='ocr_par' dir='ltr' id='par_1_88' title="bbox 2287 2575 3853 2652">
     <span class='ocr_line' id='line_1_88' title="bbox 2287 2575 3853 2652; baseline 0.004 -26"><span class='ocrx_word' id='word_1_642' title='bbox 2287 2575 2477 2647; x_wconf 86' lang='grc' dir='ltr'>μᾶλλον</span> <span class='ocrx_word' id='word_1_643' title='bbox 2522 2582 2612 2631; x_wconf 79' lang='grc' dir='ltr'>καὶ</span> <span class='ocrx_word' id='word_1_644' title='bbox 2663 2579 2816 2637; x_wconf 77' lang='grc' dir='ltr'>ἦττον</span> <span class='ocrx_word' id='word_1_645' title='bbox 2860 2579 3136 2652; x_wconf 76' lang='grc' dir='ltr'>ἀναγκαῖόν</span> <span class='ocrx_word' id='word_1_646' title='bbox 3190 2580 3355 2648; x_wconf 76' lang='grc' dir='ltr'>ἐστιν,</span> <span class='ocrx_word' id='word_1_647' title='bbox 3414 2582 3522 2635; x_wconf 81' lang='grc' dir='ltr'>ἀλλ’</span> <span class='ocrx_word' id='word_1_648' title='bbox 3570 2584 3624 2636; x_wconf 79' lang='grc' dir='ltr'>οὐ</span> <span class='ocrx_word' id='word_1_649' title='bbox 3681 2588 3730 2635; x_wconf 81' lang='grc' dir='ltr'><strong>τό</strong></span> <span class='ocrx_word' id='word_1_650' title='bbox 3769 2583 3853 2634; x_wconf 61' lang='grc' dir='ltr'>αὐτὸ</span> 
     </span>
    </p>
   </div>
   <div class='ocr_carea' id='block_1_89' title="bbox 2288 2665 3854 2743">
    <p class='ocr_par' dir='ltr' id='par_1_89' title="bbox 2288 2665 3854 2743">
     <span class='ocr_line' id='line_1_89' title="bbox 2288 2665 3854 2743; baseline 0.009 -28"><span class='ocrx_word' id='word_1_651' title='bbox 2288 2669 2378 2716; x_wconf 82' lang='grc' dir='ltr'>καὶ</span> <span class='ocrx_word' id='word_1_652' title='bbox 2426 2665 2476 2717; x_wconf 81' lang='grc' dir='ltr'>ἓν</span> <span class='ocrx_word' id='word_1_653' title='bbox 2518 2668 2707 2739; x_wconf 73' lang='grc' dir='ltr'>ἅτομόν</span> <span class='ocrx_word' id='word_1_654' title='bbox 2754 2687 2834 2729; x_wconf 90' lang='grc' dir='ltr'><strong>τις</strong></span> <span class='ocrx_word' id='word_1_655' title='bbox 2889 2669 3145 2743; x_wconf 67' lang='grc' dir='ltr'>ὑπολάϐῃ,</span> <span class='ocrx_word' id='word_1_656' title='bbox 3205 2669 3315 2723; x_wconf 73' lang='grc' dir='ltr'>ἀλλ’</span> <span class='ocrx_word' id='word_1_657' title='bbox 3364 2673 3463 2724; x_wconf 86' lang='grc' dir='ltr'>ὅσα</span> <span class='ocrx_word' id='word_1_658' title='bbox 3525 2671 3581 2723; x_wconf 79' lang='grc' dir='ltr'>ἂν</span> <span class='ocrx_word' id='word_1_659' title='bbox 3626 2680 3704 2732; x_wconf 79' lang='grc' dir='ltr'><strong>τῆς</strong></span> <span class='ocrx_word' id='word_1_660' title='bbox 3746 2672 3854 2729; x_wconf 63' lang='grc' dir='ltr'><strong>αὐτῆς</strong></span> 
     </span>
    </p>
   </div>
   <div class='ocr_carea' id='block_1_90' title="bbox 2288 2754 3851 2832">
    <p class='ocr_par' dir='ltr' id='par_1_90' title="bbox 2288 2754 3851 2832">
     <span class='ocr_line' id='line_1_90' title="bbox 2288 2754 3851 2832; baseline 0.005 -27"><span class='ocrx_word' id='word_1_661' title='bbox 2288 2760 2360 2825; x_wconf 81' lang='grc' dir='ltr'>τῷ</span> <span class='ocrx_word' id='word_1_662' title='bbox 2444 2754 2583 2825; x_wconf 76' lang='grc' dir='ltr'>αὐτῷ</span> <span class='ocrx_word' id='word_1_663' title='bbox 2654 2757 2912 2827; x_wconf 78' lang='grc' dir='ltr'>συζυγίας</span> <span class='ocrx_word' id='word_1_664' title='bbox 2991 2760 3306 2832; x_wconf 74' lang='grc' dir='ltr'>ὑπάρχοντα</span> <span class='ocrx_word' id='word_1_665' title='bbox 3356 2764 3386 2818; x_wconf 76' lang='grc' dir='ltr'>ἦ</span> <span class='ocrx_word' id='word_1_666' title='bbox 3446 2763 3678 2822; x_wconf 77' lang='grc' dir='ltr'>ὡσαύτως</span> <span class='ocrx_word' id='word_1_667' title='bbox 3718 2762 3851 2831; x_wconf 79' lang='grc' dir='ltr'>ᾶτομι.</span> 
     </span>
    </p>
   </div>
   <div class='ocr_carea' id='block_1_91' title="bbox 2288 2839 3853 2919">
    <p class='ocr_par' dir='ltr' id='par_1_91' title="bbox 2288 2839 3853 2919">
     <span class='ocr_line' id='line_1_91' title="bbox 2288 2839 3853 2919; baseline 0.003 -26"><span class='ocrx_word' id='word_1_668' title='bbox 2288 2839 2529 2917; x_wconf 64' lang='grc' dir='ltr'>’Ἃπειρος</span> <span class='ocrx_word' id='word_1_669' title='bbox 2578 2845 2681 2917; x_wconf 82' lang='grc' dir='ltr'>ἄρα</span> <span class='ocrx_word' id='word_1_670' title='bbox 2728 2846 2846 2897; x_wconf 82' lang='grc' dir='ltr'>καθ’</span> <span class='ocrx_word' id='word_1_671' title='bbox 2893 2848 3096 2918; x_wconf 80' lang='grc' dir='ltr'>ύφέσεις</span> <span class='ocrx_word' id='word_1_672' title='bbox 3147 2852 3238 2900; x_wconf 78' lang='grc' dir='ltr'>καὶ</span> <span class='ocrx_word' id='word_1_673' title='bbox 3312 2847 3572 2911; x_wconf 69' lang='grc' dir='ltr'>ἐπιτάσεις</span> <span class='ocrx_word' id='word_1_674' title='bbox 3640 2848 3853 2919; x_wconf 76' lang='grc' dir='ltr'>θυμικὸςὸ</span> 
     </span>
    </p>
   </div>
   <div class='ocr_carea' id='block_1_92' title="bbox 2289 2928 3851 3011">
    <p class='ocr_par' dir='ltr' id='par_1_92' title="bbox 2289 2928 3851 3011">
     <span class='ocr_line' id='line_1_92' title="bbox 2289 2928 3851 3011; baseline 0.003 -30"><span class='ocrx_word' id='word_1_675' title='bbox 2289 2928 2602 3005; x_wconf 84' lang='grc' dir='ltr'>βαρύτιμος,</span> <span class='ocrx_word' id='word_1_676' title='bbox 2642 2937 2730 2984; x_wconf 79' lang='grc' dir='ltr'><strong>καὶ</strong></span> <span class='ocrx_word' id='word_1_677' title='bbox 2779 2930 3001 2997; x_wconf 79' lang='grc' dir='ltr'>ἁνιάδης</span> <span class='ocrx_word' id='word_1_678' title='bbox 3047 2934 3423 3008; x_wconf 48' lang='lat' dir='ltr'><strong>intentem-nui;</strong></span> <span class='ocrx_word' id='word_1_679' title='bbox 3475 2938 3550 2990; x_wconf 80' lang='grc' dir='ltr'><strong>ἐπ’</strong></span> <span class='ocrx_word' id='word_1_680' title='bbox 3601 2939 3776 3011; x_wconf 79' lang='grc' dir='ltr'>ἄπειρον</span> <span class='ocrx_word' id='word_1_681' title='bbox 3810 2930 3851 2987; x_wconf 77' lang='grc' dir='ltr'><strong>εἶ-</strong></span> 
     </span>
    </p>
   </div>
   <div class='ocr_carea' id='block_1_93' title="bbox 2273 3108 3852 3183">
    <p class='ocr_par' dir='ltr' id='par_1_93' title="bbox 2273 3108 3852 3183">
     <span class='ocr_line' id='line_1_93' title="bbox 2273 3108 3852 3183; baseline 0.003 -22"><span class='ocrx_word' id='word_1_682' title='bbox 2273 3108 2464 3163; x_wconf 90' lang='lat' dir='ltr'><strong>tiones</strong></span> <span class='ocrx_word' id='word_1_683' title='bbox 2494 3123 2630 3179; x_wconf 73' lang='lat' dir='ltr'><strong>quae</strong></span> <span class='ocrx_word' id='word_1_684' title='bbox 2672 3125 2875 3164; x_wconf 87' lang='lat' dir='ltr'><strong>rursus</strong></span> <span class='ocrx_word' id='word_1_685' title='bbox 2904 3110 2964 3165; x_wconf 91' lang='lat' dir='ltr'><strong>in</strong></span> <span class='ocrx_word' id='word_1_686' title='bbox 2993 3110 3192 3183; x_wconf 91' lang='lat' dir='ltr'><strong>plures</strong></span> <span class='ocrx_word' id='word_1_687' title='bbox 3221 3111 3554 3170; x_wconf 68' lang='lat' dir='ltr'><strong>distributae</strong></span> <span class='ocrx_word' id='word_1_688' title='bbox 3598 3111 3852 3181; x_wconf 81' lang='lat' dir='ltr'><strong>nonaginta</strong></span> 
     </span>
    </p>
   </div>
   <div class='ocr_carea' id='block_1_94' title="bbox 2226 3195 3853 3274">
    <p class='ocr_par' dir='ltr' id='par_1_94' title="bbox 2226 3195 3853 3274">
     <span class='ocr_line' id='line_1_94' title="bbox 2226 3195 3853 3274; baseline 0 -23"><span class='ocrx_word' id='word_1_689' title='bbox 2226 3202 2240 3219; x_wconf 87' lang='grc'><em>¹</em></span> <span class='ocrx_word' id='word_1_690' title='bbox 2276 3211 2412 3251; x_wconf 88' lang='lat' dir='ltr'><strong>cum</strong></span> <span class='ocrx_word' id='word_1_691' title='bbox 2448 3195 2685 3251; x_wconf 86' lang='lat' dir='ltr'><strong>duabus</strong></span> <span class='ocrx_word' id='word_1_692' title='bbox 2713 3213 2925 3252; x_wconf 87' lang='lat' dir='ltr'><strong>omnes</strong></span> <span class='ocrx_word' id='word_1_693' title='bbox 2960 3200 3274 3267; x_wconf 88' lang='lat' dir='ltr'><strong>exsistunt,</strong></span> <span class='ocrx_word' id='word_1_694' title='bbox 3312 3206 3558 3274; x_wconf 84' lang='lat' dir='ltr'><strong>excepta</strong></span> <span class='ocrx_word' id='word_1_695' title='bbox 3594 3200 3800 3271; x_wconf 86' lang='lat' dir='ltr'><strong>simplici</strong></span> <span class='ocrx_word' id='word_1_696' title='bbox 3817 3202 3853 3252; x_wconf 88' lang='lat' dir='ltr'><strong>et</strong></span> 
     </span>
    </p>
   </div>
   <div class='ocr_carea' id='block_1_95' title="bbox 2270 3284 3852 3361">
    <p class='ocr_par' dir='ltr' id='par_1_95' title="bbox 2270 3284 3852 3361">
     <span class='ocr_line' id='line_1_95' title="bbox 2270 3284 3852 3361; baseline 0.001 -22"><span class='ocrx_word' id='word_1_697' title='bbox 2270 3284 2370 3340; x_wconf 90' lang='lat' dir='ltr'><strong>illa</strong></span> <span class='ocrx_word' id='word_1_698' title='bbox 2396 3301 2531 3357; x_wconf 68' lang='lat' dir='ltr'><strong>quas</strong></span> <span class='ocrx_word' id='word_1_699' title='bbox 2562 3285 2612 3340; x_wconf 92' lang='lat' dir='ltr'><strong>ei</strong></span> <span class='ocrx_word' id='word_1_700' title='bbox 2640 3286 2983 3358; x_wconf 85' lang='lat' dir='ltr'><strong>respondet.</strong></span> <span class='ocrx_word' id='word_1_701' title='bbox 3017 3288 3242 3361; x_wconf 81' lang='lat' dir='ltr'><strong>Duplex</strong></span> <span class='ocrx_word' id='word_1_702' title='bbox 3268 3289 3453 3359; x_wconf 82' lang='lat' dir='ltr'><strong>igitur</strong></span> <span class='ocrx_word' id='word_1_703' title='bbox 3476 3292 3535 3346; x_wconf 91' lang='lat' dir='ltr'><strong>in</strong></span> <span class='ocrx_word' id='word_1_704' title='bbox 3563 3290 3646 3346; x_wconf 87' lang='lat' dir='ltr'><strong>his</strong></span> <span class='ocrx_word' id='word_1_705' title='bbox 3674 3293 3747 3345; x_wconf 87' lang='lat' dir='ltr'><strong>est</strong></span> <span class='ocrx_word' id='word_1_706' title='bbox 3778 3284 3852 3341; x_wconf 82' lang='lat' dir='ltr'><strong>dii-</strong></span> 
     </span>
    </p>
   </div>
   <div class='ocr_carea' id='block_1_96' title="bbox 2271 3373 3850 3451">
    <p class='ocr_par' dir='ltr' id='par_1_96' title="bbox 2271 3373 3850 3451">
     <span class='ocr_line' id='line_1_96' title="bbox 2271 3373 3850 3451; baseline -0.001 -20"><span class='ocrx_word' id='word_1_707' title='bbox 2271 3373 2539 3431; x_wconf 90' lang='lat' dir='ltr'><strong>ferentia.</strong></span> <span class='ocrx_word' id='word_1_708' title='bbox 2573 3376 2698 3430; x_wconf 91' lang='lat' dir='ltr'><strong>Una</strong></span> <span class='ocrx_word' id='word_1_709' title='bbox 2725 3380 2813 3430; x_wconf 91' lang='lat' dir='ltr'><strong>est</strong></span> <span class='ocrx_word' id='word_1_710' title='bbox 2842 3381 3070 3448; x_wconf 89' lang='lat' dir='ltr'><strong>septem</strong></span> <span class='ocrx_word' id='word_1_711' title='bbox 3094 3376 3333 3434; x_wconf 90' lang='lat' dir='ltr'><strong>illorum</strong></span> <span class='ocrx_word' id='word_1_712' title='bbox 3356 3379 3571 3451; x_wconf 88' lang='lat' dir='ltr'><strong>quibus</strong></span> <span class='ocrx_word' id='word_1_713' title='bbox 3595 3377 3773 3435; x_wconf 87' lang='lat' dir='ltr'><strong>accidit</strong></span> <span class='ocrx_word' id='word_1_714' title='bbox 3792 3377 3850 3430; x_wconf 88' lang='lat' dir='ltr'><strong>in-</strong></span> 
     </span>
    </p>
   </div>
   <div class='ocr_carea' id='block_1_97' title="bbox 2268 3454 3848 3538">
    <p class='ocr_par' dir='ltr' id='par_1_97' title="bbox 2268 3454 3848 3538">
     <span class='ocr_line' id='line_1_97' title="bbox 2268 3454 3848 3538; baseline 0.001 -22"><span class='ocrx_word' id='word_1_715' title='bbox 2268 3454 2461 3516; x_wconf 74' lang='lat' dir='ltr'><strong>tensio</strong></span> <span class='ocrx_word' id='word_1_716' title='bbox 2483 3469 2539 3518; x_wconf 92' lang='lat' dir='ltr'><strong>et</strong></span> <span class='ocrx_word' id='word_1_717' title='bbox 2567 3464 2837 3520; x_wconf 88' lang='lat' dir='ltr'><strong>remissio</strong></span> <span class='ocrx_word' id='word_1_718' title='bbox 2860 3470 3105 3538; x_wconf 85' lang='lat' dir='ltr'><strong>propter</strong></span> <span class='ocrx_word' id='word_1_719' title='bbox 3138 3468 3651 3538; x_wconf 86' lang='lat' dir='ltr'><strong>transpositionem</strong></span> <span class='ocrx_word' id='word_1_720' title='bbox 3682 3476 3728 3521; x_wconf 88' lang='lat' dir='ltr'><strong>et</strong></span> <span class='ocrx_word' id='word_1_721' title='bbox 3762 3479 3848 3535; x_wconf 87' lang='lat' dir='ltr'><strong>per-</strong></span> 
     </span>
    </p>
   </div>
   <div class='ocr_carea' id='block_1_98' title="bbox 2270 3551 3845 3623">
    <p class='ocr_par' dir='ltr' id='par_1_98' title="bbox 2270 3551 3845 3623">
     <span class='ocr_line' id='line_1_98' title="bbox 2270 3551 3845 3623; baseline 0 -19"><span class='ocrx_word' id='word_1_722' title='bbox 2270 3551 2662 3607; x_wconf 88' lang='lat' dir='ltr'><strong>mutationem</strong></span> <span class='ocrx_word' id='word_1_723' title='bbox 2693 3571 2705 3620; x_wconf 91' lang='lat'><strong>;</strong></span> <span class='ocrx_word' id='word_1_724' title='bbox 2730 3552 2952 3609; x_wconf 89' lang='lat' dir='ltr'><strong>idcirco</strong></span> <span class='ocrx_word' id='word_1_725' title='bbox 2976 3554 3425 3611; x_wconf 87' lang='lat' dir='ltr'><strong>multitudinem</strong></span> <span class='ocrx_word' id='word_1_726' title='bbox 3447 3556 3626 3612; x_wconf 84' lang='lat' dir='ltr'><strong>effecit</strong></span> <span class='ocrx_word' id='word_1_727' title='bbox 3652 3566 3845 3623; x_wconf 86' lang='lat' dir='ltr'><strong>eamque</strong></span> 
     </span>
    </p>
   </div>
   <div class='ocr_carea' id='block_1_99' title="bbox 2271 3636 3849 3714">
    <p class='ocr_par' dir='ltr' id='par_1_99' title="bbox 2271 3636 3849 3714">
     <span class='ocr_line' id='line_1_99' title="bbox 2271 3636 3849 3714; baseline -0.001 -23"><span class='ocrx_word' id='word_1_728' title='bbox 2271 3636 2501 3693; x_wconf 89' lang='lat' dir='ltr'><strong>ﬁnitam</strong></span> <span class='ocrx_word' id='word_1_729' title='bbox 2534 3644 2588 3693; x_wconf 89' lang='lat' dir='ltr'><strong>et</strong></span> <span class='ocrx_word' id='word_1_730' title='bbox 2610 3641 3013 3697; x_wconf 88' lang='lat' dir='ltr'><strong>terminatam.</strong></span> <span class='ocrx_word' id='word_1_731' title='bbox 3047 3645 3193 3698; x_wconf 85' lang='lat' dir='ltr'><strong>Nam</strong></span> <span class='ocrx_word' id='word_1_732' title='bbox 3225 3659 3442 3700; x_wconf 91' lang='lat' dir='ltr'><strong>omnes</strong></span> <span class='ocrx_word' id='word_1_733' title='bbox 3474 3642 3849 3714; x_wconf 85' lang='lat' dir='ltr'><strong>conjugationes</strong></span> 
     </span>
    </p>
   </div>
   <div class='ocr_carea' id='block_1_100' title="bbox 2274 3728 3849 3804">
    <p class='ocr_par' dir='ltr' id='par_1_100' title="bbox 2274 3728 3849 3804">
     <span class='ocr_line' id='line_1_100' title="bbox 2274 3728 3849 3804; baseline 0 -24"><span class='ocrx_word' id='word_1_734' title='bbox 2274 3731 2415 3781; x_wconf 88' lang='lat' dir='ltr'><strong>sunt</strong></span> <span class='ocrx_word' id='word_1_735' title='bbox 2438 3728 2767 3797; x_wconf 84' lang='lat' dir='ltr'><strong>nonaginta</strong></span> <span class='ocrx_word' id='word_1_736' title='bbox 2788 3728 2943 3801; x_wconf 66' lang='lat' dir='ltr'><strong>duae,</strong></span> <span class='ocrx_word' id='word_1_737' title='bbox 2988 3738 3201 3803; x_wconf 69' lang='lat' dir='ltr'><strong>praeter</strong></span> <span class='ocrx_word' id='word_1_738' title='bbox 3234 3732 3581 3804; x_wconf 89' lang='lat' dir='ltr'><strong>simplicem.</strong></span> <span class='ocrx_word' id='word_1_739' title='bbox 3615 3731 3770 3786; x_wconf 84' lang='lat' dir='ltr'><strong>Altera</strong></span> <span class='ocrx_word' id='word_1_740' title='bbox 3786 3742 3849 3780; x_wconf 77' lang='lat' dir='ltr'><strong>ve-</strong></span> 
     </span>
    </p>
   </div>
   <div class='ocr_carea' id='block_1_101' title="bbox 2272 3815 3847 3877">
    <p class='ocr_par' dir='ltr' id='par_1_101' title="bbox 2272 3815 3847 3877">
     <span class='ocr_line' id='line_1_101' title="bbox 2272 3815 3847 3877; baseline -0.001 -8"><span class='ocrx_word' id='word_1_741' title='bbox 2272 3829 2339 3870; x_wconf 90' lang='lat' dir='ltr'><strong>ro</strong></span> <span class='ocrx_word' id='word_1_742' title='bbox 2359 3815 2697 3873; x_wconf 84' lang='lat' dir='ltr'><strong>differentia</strong></span> <span class='ocrx_word' id='word_1_743' title='bbox 2720 3818 3164 3875; x_wconf 89' lang='lat' dir='ltr'><strong>multitudinem</strong></span> <span class='ocrx_word' id='word_1_744' title='bbox 3215 3836 3471 3877; x_wconf 92' lang='lat' dir='ltr'><strong>numero</strong></span> <span class='ocrx_word' id='word_1_745' title='bbox 3522 3836 3634 3876; x_wconf 92' lang='lat' dir='ltr'><strong>non</strong></span> <span class='ocrx_word' id='word_1_746' title='bbox 3678 3818 3847 3873; x_wconf 78' lang='lat' dir='ltr'><strong>ﬁnitam</strong></span> 
     </span>
    </p>
   </div>
   <div class='ocr_carea' id='block_1_102' title="bbox 2274 3902 3849 3977">
    <p class='ocr_par' dir='ltr' id='par_1_102' title="bbox 2274 3902 3849 3977">
     <span class='ocr_line' id='line_1_102' title="bbox 2274 3902 3849 3977; baseline -0.002 -17"><span class='ocrx_word' id='word_1_747' title='bbox 2274 3902 2488 3971; x_wconf 87' lang='lat' dir='ltr'><strong>effecit,</strong></span> <span class='ocrx_word' id='word_1_748' title='bbox 2522 3922 2657 3976; x_wconf 77' lang='lat' dir='ltr'><strong>quae</strong></span> <span class='ocrx_word' id='word_1_749' title='bbox 2708 3911 2909 3962; x_wconf 87' lang='lat' dir='ltr'><strong>tamen</strong></span> <span class='ocrx_word' id='word_1_750' title='bbox 2937 3907 3091 3963; x_wconf 89' lang='lat' dir='ltr'><strong>intra</strong></span> <span class='ocrx_word' id='word_1_751' title='bbox 3122 3907 3355 3964; x_wconf 87' lang='lat' dir='ltr'><strong>ﬁnitam</strong></span> <span class='ocrx_word' id='word_1_752' title='bbox 3403 3907 3669 3971; x_wconf 86' lang='lat' dir='ltr'><strong>consistit,</strong></span> <span class='ocrx_word' id='word_1_753' title='bbox 3694 3917 3849 3977; x_wconf 80' lang='lat' dir='ltr'><strong>quam-</strong></span> 
     </span>
    </p>
   </div>
   <div class='ocr_carea' id='block_1_103' title="bbox 2278 3991 3850 4067">
    <p class='ocr_par' dir='ltr' id='par_1_103' title="bbox 2278 3991 3850 4067">
     <span class='ocr_line' id='line_1_103' title="bbox 2278 3991 3850 4067; baseline -0.003 -19"><span class='ocrx_word' id='word_1_754' title='bbox 2278 3993 2363 4048; x_wconf 87' lang='lat' dir='ltr'><strong>vis</strong></span> <span class='ocrx_word' id='word_1_755' title='bbox 2396 3993 2469 4047; x_wconf 90' lang='lat' dir='ltr'><strong>sit</strong></span> <span class='ocrx_word' id='word_1_756' title='bbox 2489 3994 2751 4049; x_wconf 82' lang='lat' dir='ltr'><strong>maxime</strong></span> <span class='ocrx_word' id='word_1_757' title='bbox 2774 3995 3027 4053; x_wconf 86' lang='lat' dir='ltr'><strong>inﬁnita.</strong></span> <span class='ocrx_word' id='word_1_758' title='bbox 3055 3999 3154 4050; x_wconf 87' lang='lat' dir='ltr'><strong>Est</strong></span> <span class='ocrx_word' id='word_1_759' title='bbox 3183 4001 3385 4052; x_wconf 89' lang='lat' dir='ltr'><strong>autem</strong></span> <span class='ocrx_word' id='word_1_760' title='bbox 3420 3997 3601 4057; x_wconf 86' lang='lat' dir='ltr'><strong>ﬁnita,</strong></span> <span class='ocrx_word' id='word_1_761' title='bbox 3629 3991 3850 4067; x_wconf 83' lang='lat' dir='ltr'><strong>quoniam</strong></span> 
     </span>
    </p>
   </div>
   <div class='ocr_carea' id='block_1_104' title="bbox 2274 4069 3851 4153">
    <p class='ocr_par' dir='ltr' id='par_1_104' title="bbox 2274 4069 3851 4153">
     <span class='ocr_line' id='line_1_104' title="bbox 2274 4069 3851 4153; baseline -0.003 -18"><span class='ocrx_word' id='word_1_762' title='bbox 2274 4069 2460 4153; x_wconf 78' lang='lat' dir='ltr'><strong>ipsius</strong></span> <span class='ocrx_word' id='word_1_763' title='bbox 2489 4081 2754 4138; x_wconf 89' lang='lat' dir='ltr'><strong>inﬁnitas</strong></span> <span class='ocrx_word' id='word_1_764' title='bbox 2790 4083 2943 4139; x_wconf 90' lang='lat' dir='ltr'><strong>intra</strong></span> <span class='ocrx_word' id='word_1_765' title='bbox 2984 4083 3217 4139; x_wconf 88' lang='lat' dir='ltr'><strong>ﬁnitam</strong></span> <span class='ocrx_word' id='word_1_766' title='bbox 3255 4085 3682 4142; x_wconf 87' lang='lat' dir='ltr'><strong>multitudinem</strong></span> <span class='ocrx_word' id='word_1_767' title='bbox 3717 4075 3851 4136; x_wconf 85' lang='lat' dir='ltr'><strong>consi-</strong></span> 
     </span>
    </p>
   </div>
   <div class='ocr_carea' id='block_1_105' title="bbox 2278 4170 3850 4244">
    <p class='ocr_par' dir='ltr' id='par_1_105' title="bbox 2278 4170 3850 4244">
     <span class='ocr_line' id='line_1_105' title="bbox 2278 4170 3850 4244; baseline -0.003 -19"><span class='ocrx_word' id='word_1_768' title='bbox 2278 4170 2391 4225; x_wconf 87' lang='lat' dir='ltr'><strong>stit.</strong></span> <span class='ocrx_word' id='word_1_769' title='bbox 2410 4172 2576 4239; x_wconf 77' lang='lat' dir='ltr'><strong>Nam,</strong></span> <span class='ocrx_word' id='word_1_770' title='bbox 2599 4172 2853 4243; x_wconf 77' lang='lat' dir='ltr'><strong>exempli</strong></span> <span class='ocrx_word' id='word_1_771' title='bbox 2868 4173 3078 4242; x_wconf 87' lang='lat' dir='ltr'><strong>gratia,</strong></span> <span class='ocrx_word' id='word_1_772' title='bbox 3095 4188 3167 4227; x_wconf 88' lang='lat' dir='ltr'><strong>ex</strong></span> <span class='ocrx_word' id='word_1_773' title='bbox 3180 4174 3510 4244; x_wconf 82' lang='lat' dir='ltr'><strong>nonaginta</strong></span> <span class='ocrx_word' id='word_1_774' title='bbox 3522 4171 3733 4228; x_wconf 88' lang='lat' dir='ltr'><strong>duabus</strong></span> <span class='ocrx_word' id='word_1_775' title='bbox 3749 4179 3850 4223; x_wconf 87' lang='lat' dir='ltr'><strong>con-</strong></span> 
     </span>
    </p>
   </div>
   <div class='ocr_carea' id='block_1_106' title="bbox 2269 4253 3849 4333">
    <p class='ocr_par' dir='ltr' id='par_1_106' title="bbox 2269 4253 3849 4333">
     <span class='ocr_line' id='line_1_106' title="bbox 2269 4253 3849 4333; baseline -0.004 -22"><span class='ocrx_word' id='word_1_776' title='bbox 2269 4257 2684 4329; x_wconf 78' lang='lat' dir='ltr'><strong>jugationiuus</strong></span> <span class='ocrx_word' id='word_1_777' title='bbox 2709 4266 3078 4331; x_wconf 86' lang='lat' dir='ltr'><strong>proponatur</strong></span> <span class='ocrx_word' id='word_1_778' title='bbox 3102 4260 3348 4333; x_wconf 85' lang='lat' dir='ltr'><strong>aliquod</strong></span> <span class='ocrx_word' id='word_1_779' title='bbox 3397 4260 3741 4317; x_wconf 88' lang='lat' dir='ltr'><strong>individuum</strong></span> <span class='ocrx_word' id='word_1_780' title='bbox 3771 4253 3849 4307; x_wconf 44' lang='lat' dir='ltr'><strong>sin.</strong></span> 
     </span>
    </p>
   </div>
   <div class='ocr_carea' id='block_1_107' title="bbox 2277 4345 3848 4423">
    <p class='ocr_par' dir='ltr' id='par_1_107' title="bbox 2277 4345 3848 4423">
     <span class='ocr_line' id='line_1_107' title="bbox 2277 4345 3848 4423; baseline -0.003 -23"><span class='ocrx_word' id='word_1_781' title='bbox 2277 4345 2467 4416; x_wconf 87' lang='lat' dir='ltr'><strong>gulari</strong></span> <span class='ocrx_word' id='word_1_782' title='bbox 2483 4348 2905 4418; x_wconf 84' lang='lat' dir='ltr'><strong>temperatione</strong></span> <span class='ocrx_word' id='word_1_783' title='bbox 2920 4348 3457 4423; x_wconf 82' lang='lat' dir='ltr'><strong>praeditum:sitque</strong></span> <span class='ocrx_word' id='word_1_784' title='bbox 3471 4345 3848 4418; x_wconf 85' lang='lat' dir='ltr'><strong>ChristOphorus</strong></span> 
     </span>
    </p>
   </div>
   <div class='ocr_carea' id='block_1_108' title="bbox 2278 4430 3846 4507">
    <p class='ocr_par' dir='ltr' id='par_1_108' title="bbox 2278 4430 3846 4507">
     <span class='ocr_line' id='line_1_108' title="bbox 2278 4430 3846 4507; baseline -0.001 -18"><span class='ocrx_word' id='word_1_785' title='bbox 2278 4433 2501 4507; x_wconf 90' lang='lat' dir='ltr'><strong>probus</strong></span> <span class='ocrx_word' id='word_1_786' title='bbox 2532 4452 2543 4488; x_wconf 90' lang='lat'><strong>:</strong></span> <span class='ocrx_word' id='word_1_787' title='bbox 2566 4441 2757 4507; x_wconf 88' lang='lat' dir='ltr'><strong>potest</strong></span> <span class='ocrx_word' id='word_1_788' title='bbox 2778 4453 2921 4492; x_wconf 82' lang='lat' dir='ltr'><strong>sane</strong></span> <span class='ocrx_word' id='word_1_789' title='bbox 2948 4453 3079 4492; x_wconf 89' lang='lat' dir='ltr'><strong>esse</strong></span> <span class='ocrx_word' id='word_1_790' title='bbox 3105 4438 3304 4493; x_wconf 90' lang='lat' dir='ltr'><strong>minus</strong></span> <span class='ocrx_word' id='word_1_791' title='bbox 3328 4444 3431 4494; x_wconf 88' lang='lat' dir='ltr'><strong>aut</strong></span> <span class='ocrx_word' id='word_1_792' title='bbox 3455 4439 3635 4507; x_wconf 84' lang='lat' dir='ltr'><strong>magis</strong></span> <span class='ocrx_word' id='word_1_793' title='bbox 3656 4430 3846 4507; x_wconf 65' lang='lat' dir='ltr'><strong>probus:</strong></span> 
     </span>
    </p>
   </div>
   <div class='ocr_carea' id='block_1_109' title="bbox 2201 4507 3848 4600">
    <p class='ocr_par' dir='ltr' id='par_1_109' title="bbox 2201 4507 3848 4600">
     <span class='ocr_line' id='line_1_109' title="bbox 2201 4507 3848 4600; baseline 0.004 -27"><span class='ocrx_word' id='word_1_794' title='bbox 2201 4507 2245 4560; x_wconf 74' lang='grc' dir='ltr'><strong>Ι)</strong></span> <span class='ocrx_word' id='word_1_795' title='bbox 2277 4539 2468 4580; x_wconf 84' lang='lat' dir='ltr'><strong>annon</strong></span> <span class='ocrx_word' id='word_1_796' title='bbox 2483 4523 2649 4580; x_wconf 88' lang='lat' dir='ltr'><strong>etiam</strong></span> <span class='ocrx_word' id='word_1_797' title='bbox 2666 4524 3052 4596; x_wconf 74' lang='lat' dir='ltr'><strong>huphemides</strong></span> <span class='ocrx_word' id='word_1_798' title='bbox 3071 4531 3280 4581; x_wconf 89' lang='lat' dir='ltr'><strong>acutus</strong></span> <span class='ocrx_word' id='word_1_799' title='bbox 3295 4532 3379 4583; x_wconf 90' lang='lat' dir='ltr'><strong>est</strong></span> <span class='ocrx_word' id='word_1_800' title='bbox 3391 4527 3525 4600; x_wconf 88' lang='lat' dir='ltr'><strong>quia</strong></span> <span class='ocrx_word' id='word_1_801' title='bbox 3537 4529 3615 4579; x_wconf 88' lang='lat' dir='ltr'><strong>est</strong></span> <span class='ocrx_word' id='word_1_802' title='bbox 3628 4521 3775 4590; x_wconf 76' lang='lat' dir='ltr'><strong>magis</strong></span> <span class='ocrx_word' id='word_1_803' title='bbox 3785 4518 3848 4571; x_wconf 58' lang='lat' dir='ltr'><strong>aut</strong></span> 
     </span>
    </p>
   </div>
   <div class='ocr_carea' id='block_1_110' title="bbox 2274 4603 3847 4687">
    <p class='ocr_par' dir='ltr' id='par_1_110' title="bbox 2274 4603 3847 4687">
     <span class='ocr_line' id='line_1_110' title="bbox 2274 4603 3847 4687; baseline -0.003 -20"><span class='ocrx_word' id='word_1_804' title='bbox 2274 4613 2477 4667; x_wconf 90' lang='lat' dir='ltr'><strong>minus</strong></span> <span class='ocrx_word' id='word_1_805' title='bbox 2504 4617 2712 4667; x_wconf 90' lang='lat' dir='ltr'><strong>acutus</strong></span> <span class='ocrx_word' id='word_1_806' title='bbox 2738 4619 2793 4669; x_wconf 91' lang='lat' dir='ltr'><strong>et</strong></span> <span class='ocrx_word' id='word_1_807' title='bbox 2814 4631 3004 4673; x_wconf 61' lang='lat' dir='ltr'><strong>sagax</strong></span> <span class='ocrx_word' id='word_1_808' title='bbox 3026 4615 3053 4669; x_wconf 85' lang='lat'><strong>?</strong></span> <span class='ocrx_word' id='word_1_809' title='bbox 3083 4618 3405 4687; x_wconf 84' lang='lat' dir='ltr'><strong>Nunquam</strong></span> <span class='ocrx_word' id='word_1_810' title='bbox 3419 4632 3552 4671; x_wconf 88' lang='lat' dir='ltr'><strong>vero</strong></span> <span class='ocrx_word' id='word_1_811' title='bbox 3569 4603 3847 4682; x_wconf 63' lang='lat' dir='ltr'><strong>ﬁeripoterit</strong></span> 
     </span>
    </p>
   </div>
   <div class='ocr_carea' id='block_1_111' title="bbox 2276 4696 3845 4776">
    <p class='ocr_par' dir='ltr' id='par_1_111' title="bbox 2276 4696 3845 4776">
     <span class='ocr_line' id='line_1_111' title="bbox 2276 4696 3845 4776; baseline -0.007 -20"><span class='ocrx_word' id='word_1_812' title='bbox 2276 4706 2341 4756; x_wconf 88' lang='lat' dir='ltr'><strong>ut</strong></span> <span class='ocrx_word' id='word_1_813' title='bbox 2360 4702 2759 4772; x_wconf 86' lang='lat' dir='ltr'><strong>Euphemides</strong></span> <span class='ocrx_word' id='word_1_814' title='bbox 2780 4709 2989 4758; x_wconf 85' lang='lat' dir='ltr'><strong>acutus</strong></span> <span class='ocrx_word' id='word_1_815' title='bbox 3013 4696 3845 4776; x_wconf 83' lang='lat' dir='ltr'><strong>sit,Christophorusprobus.At-</strong></span> 
     </span>
    </p>
   </div>
   <div class='ocr_carea' id='block_1_112' title="bbox 2277 4786 3846 4863">
    <p class='ocr_par' dir='ltr' id='par_1_112' title="bbox 2277 4786 3846 4863">
     <span class='ocr_line' id='line_1_112' title="bbox 2277 4786 3846 4863; baseline -0.003 -20"><span class='ocrx_word' id='word_1_816' title='bbox 2277 4804 2394 4860; x_wconf 89' lang='lat' dir='ltr'><strong>que</strong></span> <span class='ocrx_word' id='word_1_817' title='bbox 2419 4788 2533 4844; x_wconf 92' lang='lat' dir='ltr'><strong>hoc</strong></span> <span class='ocrx_word' id='word_1_818' title='bbox 2562 4790 2845 4845; x_wconf 82' lang='lat' dir='ltr'><strong>omnibus</strong></span> <span class='ocrx_word' id='word_1_819' title='bbox 2862 4808 3183 4848; x_wconf 91' lang='lat' dir='ltr'><strong>commune</strong></span> <span class='ocrx_word' id='word_1_820' title='bbox 3196 4797 3299 4849; x_wconf 89' lang='lat' dir='ltr'><strong>est.</strong></span> <span class='ocrx_word' id='word_1_821' title='bbox 3316 4786 3846 4863; x_wconf 83' lang='lat' dir='ltr'><strong>Unaigiturdifferen-</strong></span> 
     </span>
    </p>
   </div>
   <div class='ocr_carea' id='block_1_113' title="bbox 2280 4871 3847 4938">
    <p class='ocr_par' dir='ltr' id='par_1_113' title="bbox 2280 4871 3847 4938">
     <span class='ocr_line' id='line_1_113' title="bbox 2280 4871 3847 4938; baseline 0 -6"><span class='ocrx_word' id='word_1_822' title='bbox 2280 4878 2358 4933; x_wconf 89' lang='lat' dir='ltr'><strong>tia</strong></span> <span class='ocrx_word' id='word_1_823' title='bbox 2380 4885 2469 4933; x_wconf 73' lang='lat' dir='ltr'><strong>est</strong></span> <span class='ocrx_word' id='word_1_824' title='bbox 2494 4880 2825 4936; x_wconf 80' lang='lat' dir='ltr'><strong>secundum</strong></span> <span class='ocrx_word' id='word_1_825' title='bbox 2843 4881 3210 4938; x_wconf 90' lang='lat' dir='ltr'><strong>intensiones</strong></span> <span class='ocrx_word' id='word_1_826' title='bbox 3224 4882 3652 4938; x_wconf 89' lang='lat' dir='ltr'><strong>etremissiones</strong></span> <span class='ocrx_word' id='word_1_827' title='bbox 3667 4873 3729 4932; x_wconf 90' lang='lat' dir='ltr'><strong>ad</strong></span> <span class='ocrx_word' id='word_1_828' title='bbox 3742 4871 3847 4926; x_wconf 64' lang='lat' dir='ltr'><strong>duas</strong></span> 
     </span>
    </p>
   </div>
   <div class='ocr_carea' id='block_1_114' title="bbox 2281 4961 3847 5044">
    <p class='ocr_par' dir='ltr' id='par_1_114' title="bbox 2281 4961 3847 5044">
     <span class='ocr_line' id='line_1_114' title="bbox 2281 4961 3847 5044; baseline -0.011 -18"><span class='ocrx_word' id='word_1_829' title='bbox 2281 4976 2337 5027; x_wconf 90' lang='lat' dir='ltr'><strong>et</strong></span> <span class='ocrx_word' id='word_1_830' title='bbox 2354 4975 2683 5037; x_wconf 85' lang='lat' dir='ltr'><strong>nonaginta</strong></span> <span class='ocrx_word' id='word_1_831' title='bbox 2701 4986 2889 5041; x_wconf 91' lang='lat' dir='ltr'><strong>usque</strong></span> <span class='ocrx_word' id='word_1_832' title='bbox 2903 4971 3034 5042; x_wconf 87' lang='lat' dir='ltr'><strong>conj</strong></span> <span class='ocrx_word' id='word_1_833' title='bbox 3046 4970 3356 5039; x_wconf 85' lang='lat' dir='ltr'><strong>ugationes</strong></span> <span class='ocrx_word' id='word_1_834' title='bbox 3371 4976 3570 5044; x_wconf 70' lang='lat' dir='ltr'><strong>praeter</strong></span> <span class='ocrx_word' id='word_1_835' title='bbox 3583 4961 3847 5035; x_wconf 62' lang='lat' dir='ltr'><strong>simplicem:</strong></span> 
     </span>
    </p>
   </div>
   <div class='ocr_carea' id='block_1_115' title="bbox 2283 5044 3850 5130">
    <p class='ocr_par' dir='ltr' id='par_1_115' title="bbox 2283 5044 3850 5130">
     <span class='ocr_line' id='line_1_115' title="bbox 2283 5044 3850 5130; baseline -0.011 -15"><span class='ocrx_word' id='word_1_836' title='bbox 2283 5073 2479 5130; x_wconf 89' lang='lat' dir='ltr'><strong>neque</strong></span> <span class='ocrx_word' id='word_1_837' title='bbox 2506 5057 2750 5112; x_wconf 87' lang='lat' dir='ltr'><strong>ulterius</strong></span> <span class='ocrx_word' id='word_1_838' title='bbox 2784 5060 3062 5130; x_wconf 82' lang='lat' dir='ltr'><strong>prOgredi</strong></span> <span class='ocrx_word' id='word_1_839' title='bbox 3100 5059 3282 5115; x_wconf 83' lang='lat' dir='ltr'><strong>licuit.</strong></span> <span class='ocrx_word' id='word_1_840' title='bbox 3324 5059 3513 5115; x_wconf 80' lang='lat' dir='ltr'><strong>Altera</strong></span> <span class='ocrx_word' id='word_1_841' title='bbox 3549 5071 3670 5111; x_wconf 89' lang='lat' dir='ltr'><strong>vero</strong></span> <span class='ocrx_word' id='word_1_842' title='bbox 3702 5053 3768 5106; x_wconf 88' lang='lat' dir='ltr'><strong>est</strong></span> <span class='ocrx_word' id='word_1_843' title='bbox 3795 5044 3850 5098; x_wconf 85' lang='lat' dir='ltr'><strong>in-</strong></span> 
     </span>
    </p>
   </div>
   <div class='ocr_carea' id='block_1_116' title="bbox 2284 5144 3847 5225">
    <p class='ocr_par' dir='ltr' id='par_1_116' title="bbox 2284 5144 3847 5225">
     <span class='ocr_line' id='line_1_116' title="bbox 2284 5144 3847 5225; baseline -0.007 -24"><span class='ocrx_word' id='word_1_844' title='bbox 2284 5145 2453 5202; x_wconf 86' lang='lat' dir='ltr'><strong>ﬁnita</strong></span> <span class='ocrx_word' id='word_1_845' title='bbox 2476 5151 2532 5200; x_wconf 88' lang='lat' dir='ltr'><strong>et</strong></span> <span class='ocrx_word' id='word_1_846' title='bbox 2563 5146 3038 5203; x_wconf 87' lang='lat' dir='ltr'><strong>innumerabilis.</strong></span> <span class='ocrx_word' id='word_1_847' title='bbox 3072 5149 3269 5204; x_wconf 87' lang='lat' dir='ltr'><strong>Potest</strong></span> <span class='ocrx_word' id='word_1_848' title='bbox 3290 5149 3449 5204; x_wconf 91' lang='lat' dir='ltr'><strong>enim</strong></span> <span class='ocrx_word' id='word_1_849' title='bbox 3481 5145 3598 5201; x_wconf 89' lang='lat' dir='ltr'><strong>ﬁeri</strong></span> <span class='ocrx_word' id='word_1_850' title='bbox 3640 5144 3847 5225; x_wconf 91' lang='lat' dir='ltr'><strong>ut</strong></span> 
     </span>
    </p>
   </div>
   <div class='ocr_carea' id='block_1_117' title="bbox 2284 5220 3845 5292">
    <p class='ocr_par' dir='ltr' id='par_1_117' title="bbox 2284 5220 3845 5292">
     <span class='ocr_line' id='line_1_117' title="bbox 2284 5220 3845 5292; baseline -0.008 -1"><span class='ocrx_word' id='word_1_851' title='bbox 2284 5235 2619 5291; x_wconf 86' lang='lat' dir='ltr'><strong>secundum</strong></span> <span class='ocrx_word' id='word_1_852' title='bbox 2648 5234 3032 5290; x_wconf 89' lang='lat' dir='ltr'><strong>remissiones</strong></span> <span class='ocrx_word' id='word_1_853' title='bbox 3080 5241 3139 5291; x_wconf 89' lang='lat' dir='ltr'><strong>et</strong></span> <span class='ocrx_word' id='word_1_854' title='bbox 3181 5236 3536 5292; x_wconf 87' lang='lat' dir='ltr'><strong>intensiones</strong></span> <span class='ocrx_word' id='word_1_855' title='bbox 3570 5228 3761 5288; x_wconf 85' lang='lat' dir='ltr'><strong>inﬁnite</strong></span> <span class='ocrx_word' id='word_1_856' title='bbox 3799 5220 3845 5271; x_wconf 74' lang='lat' dir='ltr'><strong>sil</strong></span> 
     </span>
    </p>
   </div>
   <div class='ocr_carea' id='block_1_118' title="bbox 2284 5320 3830 5397">
    <p class='ocr_par' dir='ltr' id='par_1_118' title="bbox 2284 5320 3830 5397">
     <span class='ocr_line' id='line_1_118' title="bbox 2284 5320 3830 5397; baseline -0.009 -17"><span class='ocrx_word' id='word_1_857' title='bbox 2284 5323 2629 5391; x_wconf 81' lang='lat' dir='ltr'><strong>iracundus,</strong></span> <span class='ocrx_word' id='word_1_858' title='bbox 2660 5341 2875 5397; x_wconf 89' lang='lat' dir='ltr'><strong>nempe</strong></span> <span class='ocrx_word' id='word_1_859' title='bbox 2908 5323 2995 5379; x_wconf 76' lang='lat' dir='ltr'><strong>ille</strong></span> <span class='ocrx_word' id='word_1_860' title='bbox 3039 5324 3140 5397; x_wconf 91' lang='lat' dir='ltr'><strong>qui</strong></span> <span class='ocrx_word' id='word_1_861' title='bbox 3182 5325 3444 5381; x_wconf 85' lang='lat' dir='ltr'><strong>consistit</strong></span> <span class='ocrx_word' id='word_1_862' title='bbox 3486 5324 3541 5378; x_wconf 91' lang='lat' dir='ltr'><strong>in</strong></span> <span class='ocrx_word' id='word_1_863' title='bbox 3560 5320 3729 5389; x_wconf 82' lang='lat' dir='ltr'><strong>aliqua</strong></span> <span class='ocrx_word' id='word_1_864' title='bbox 3752 5321 3830 5365; x_wconf 79' lang='lat' dir='ltr'><strong>con</strong></span> 
     </span>
    </p>
   </div>
   <div class='ocr_carea' id='block_1_119' title="bbox 2280 5401 3834 5492">
    <p class='ocr_par' dir='ltr' id='par_1_119' title="bbox 2280 5401 3834 5492">
     <span class='ocr_line' id='line_1_119' title="bbox 2280 5401 3834 5492; baseline -0.01 -24"><span class='ocrx_word' id='word_1_865' title='bbox 2280 5414 2588 5485; x_wconf 81' lang='lat' dir='ltr'><strong>jugatione</strong></span> <span class='ocrx_word' id='word_1_866' title='bbox 2604 5414 2679 5469; x_wconf 88' lang='lat' dir='ltr'><strong>ab</strong></span> <span class='ocrx_word' id='word_1_867' title='bbox 2694 5413 3072 5469; x_wconf 74' lang='lat' dir='ltr'><strong>elﬁciendum</strong></span> <span class='ocrx_word' id='word_1_868' title='bbox 3088 5414 3439 5471; x_wconf 87' lang='lat' dir='ltr'><strong>iracundum</strong></span> <span class='ocrx_word' id='word_1_869' title='bbox 3454 5401 3834 5492; x_wconf 65' lang='lat' dir='ltr'><strong>accommodata.</strong></span> 
     </span>
    </p>
   </div>
   <div class='ocr_carea' id='block_1_120' title="bbox 2287 5496 3839 5568">
    <p class='ocr_par' dir='ltr' id='par_1_120' title="bbox 2287 5496 3839 5568">
     <span class='ocr_line' id='line_1_120' title="bbox 2287 5496 3839 5568; baseline -0.006 -11"><span class='ocrx_word' id='word_1_870' title='bbox 2287 5502 2436 5568; x_wconf 88' lang='lat' dir='ltr'><strong>Quia</strong></span> <span class='ocrx_word' id='word_1_871' title='bbox 2460 5518 2595 5557; x_wconf 78' lang='lat' dir='ltr'><strong>vero</strong></span> <span class='ocrx_word' id='word_1_872' title='bbox 2618 5503 2880 5557; x_wconf 86' lang='lat' dir='ltr'><strong>diximus</strong></span> <span class='ocrx_word' id='word_1_873' title='bbox 2909 5502 2967 5557; x_wconf 90' lang='lat' dir='ltr'><strong>in</strong></span> <span class='ocrx_word' id='word_1_874' title='bbox 3010 5501 3122 5557; x_wconf 89' lang='lat' dir='ltr'><strong>illis</strong></span> <span class='ocrx_word' id='word_1_875' title='bbox 3177 5503 3523 5559; x_wconf 80' lang='lat' dir='ltr'><strong>iracundum</strong></span> <span class='ocrx_word' id='word_1_876' title='bbox 3578 5496 3839 5554; x_wconf 61' lang='lat' dir='ltr'><strong>necessario</strong></span> 
     </span>
    </p>
   </div>
   <div class='ocr_carea' id='block_1_121' title="bbox 2290 5584 3837 5661">
    <p class='ocr_par' dir='ltr' id='par_1_121' title="bbox 2290 5584 3837 5661">
     <span class='ocr_line' id='line_1_121' title="bbox 2290 5584 3837 5661; baseline -0.006 -14"><span class='ocrx_word' id='word_1_877' title='bbox 2290 5593 2480 5661; x_wconf 87' lang='lat' dir='ltr'><strong>magis</strong></span> <span class='ocrx_word' id='word_1_878' title='bbox 2505 5598 2559 5647; x_wconf 88' lang='lat' dir='ltr'><strong>et</strong></span> <span class='ocrx_word' id='word_1_879' title='bbox 2589 5592 2790 5649; x_wconf 89' lang='lat' dir='ltr'><strong>minus</strong></span> <span class='ocrx_word' id='word_1_880' title='bbox 2812 5592 3167 5649; x_wconf 89' lang='lat' dir='ltr'><strong>iracundum</strong></span> <span class='ocrx_word' id='word_1_881' title='bbox 3196 5606 3523 5661; x_wconf 80' lang='lat' dir='ltr'><strong>esse,nemo</strong></span> <span class='ocrx_word' id='word_1_882' title='bbox 3546 5587 3685 5660; x_wconf 89' lang='lat' dir='ltr'><strong>putet</strong></span> <span class='ocrx_word' id='word_1_883' title='bbox 3703 5584 3837 5633; x_wconf 78' lang='lat' dir='ltr'><strong>unum</strong></span> 
     </span>
    </p>
   </div>
  </div>
