  <div class='ocr_page' id='page_1' title='image "/cluster/home/n/w/nwhite01/storage/ocr_20150623/140/hvd.32044073502551/748.png"; bbox 0 0 4066 6212; ppageno 0'>
   <div class='ocr_carea' id='block_1_1' title="bbox 212 330 354 386">
    <p class='ocr_par' dir='ltr' id='par_1_1' title="bbox 212 330 354 386">
     <span class='ocr_line' id='line_1_1' title="bbox 212 330 354 386; baseline 0.021 -3"><span class='ocrx_word' id='word_1_1' title='bbox 212 330 354 386; x_wconf 74' lang='grc'>1309</span> 
     </span>
    </p>
   </div>
   <div class='ocr_carea' id='block_1_2' title="bbox 1173 331 2785 402">
    <p class='ocr_par' dir='ltr' id='par_1_2' title="bbox 1173 331 2785 402">
     <span class='ocr_line' id='line_1_2' title="bbox 1173 331 2785 402; baseline 0.009 -15"><span class='ocrx_word' id='word_1_2' title='bbox 1173 331 1531 388; x_wconf 82' lang='lat' dir='ltr'><strong><em>THEODORI</em></strong></span> <span class='ocrx_word' id='word_1_3' title='bbox 1561 332 1608 386; x_wconf 92' lang='lat' dir='ltr'><strong>II</strong></span> <span class='ocrx_word' id='word_1_4' title='bbox 1638 332 1777 394; x_wconf 71' lang='lat' dir='ltr'><strong><em>IMP.</em></strong></span> <span class='ocrx_word' id='word_1_5' title='bbox 1808 336 1899 392; x_wconf 82' lang='lat' dir='ltr'><strong><em>DE</em></strong></span> <span class='ocrx_word' id='word_1_6' title='bbox 1924 336 2379 396; x_wconf 80' lang='lat' dir='ltr'><strong><em>COMMUNIONE</em></strong></span> <span class='ocrx_word' id='word_1_7' title='bbox 2410 340 2785 402; x_wconf 72' lang='lat' dir='ltr'><strong><em>NATURALI.</em></strong></span> 
     </span>
    </p>
   </div>
   <div class='ocr_carea' id='block_1_3' title="bbox 3616 4 4066 287">
    <p class='ocr_par' dir='ltr' id='par_1_3' title="bbox 3622 8 4066 155">
     <span class='ocr_line' id='line_1_3' title="bbox 3622 8 4066 155; baseline 0.005 -74"><span class='ocrx_word' id='word_1_8' title='bbox 3622 8 3725 79; x_wconf 40' lang='grc' dir='ltr'><strong><em>«Ψ</em></strong></span> <span class='ocrx_word' id='word_1_9' title='bbox 3680 10 3799 81; x_wconf 51' lang='lat'><strong><em>:1&quot;?</em></strong></span> <span class='ocrx_word' id='word_1_10' title='bbox 3796 10 3923 85; x_wconf 48' lang='grc' dir='ltr'><strong><em>ΒΨ,</em></strong></span> 
     </span>
    </p>

    <p class='ocr_par' dir='ltr' id='par_1_4' title="bbox 3638 84 4055 165">
     <span class='ocr_line' id='line_1_4' title="bbox 3638 84 4055 135; baseline -0.005 -8"><span class='ocrx_word' id='word_1_11' title='bbox 3638 88 3811 133; x_wconf 53' lang='grc' dir='ltr'><strong><em>ξ”ὟΞν</em></strong></span> <span class='ocrx_word' id='word_1_12' title='bbox 3830 84 3915 135; x_wconf 46' lang='grc' dir='ltr'><strong><em>ᾖξ’</em></strong></span> <span class='ocrx_word' id='word_1_13' title='bbox 3934 98 4005 131; x_wconf 58' lang='grc' dir='ltr'>θεζ⁴</span> <span class='ocrx_word' id='word_1_14' title='bbox 4052 112 4055 117; x_wconf 63' lang='grc' dir='ltr'><strong><em>ν</em></strong></span> 
     </span>
     <span class='ocr_line' id='line_1_5' title="bbox 3762 132 4011 165; baseline 0 -16"><span class='ocrx_word' id='word_1_15' title='bbox 3762 142 3791 149; x_wconf 33' lang='grc' dir='ltr'><strong><em>γ,</em></strong></span> <span class='ocrx_word' id='word_1_16' title='bbox 3948 132 4011 165; x_wconf 35' lang='grc' dir='ltr'><strong><em>’λιι</em></strong></span> 
     </span>
    </p>

    <p class='ocr_par' dir='ltr' id='par_1_5' title="bbox 3626 166 4066 283">
     <span class='ocr_line' id='line_1_6' title="bbox 3626 166 4066 283; baseline 0.002 -50"><span class='ocrx_word' id='word_1_17' title='bbox 3626 232 3629 233; x_wconf 62' lang='lat'><strong><em>,</em></strong></span> <span class='ocrx_word' id='word_1_18' title='bbox 3900 238 3907 249; x_wconf 72' lang='grc'><strong><em>,</em></strong></span> <span class='ocrx_word' id='word_1_19' title='bbox 3954 208 3971 271; x_wconf 33' lang='grc' dir='ltr'>,ί</span> <span class='ocrx_word' id='word_1_20' title='bbox 4006 166 4066 283; x_wconf 53' lang='lat'>3</span> 
     </span>
    </p>
   </div>
   <div class='ocr_carea' id='block_1_4' title="bbox 3485 340 3626 402">
    <p class='ocr_par' dir='ltr' id='par_1_6' title="bbox 3485 340 3626 402">
     <span class='ocr_line' id='line_1_7' title="bbox 3485 340 3626 402; baseline 0 0"><span class='ocrx_word' id='word_1_21' title='bbox 3485 340 3626 402; x_wconf 61' lang='lat'><strong>{310</strong></span> 
     </span>
    </p>
   </div>
   <div class='ocr_carea' id='block_1_5' title="bbox 238 452 3599 543">
    <p class='ocr_par' dir='ltr' id='par_1_7' title="bbox 238 452 3599 543">
     <span class='ocr_line' id='line_1_8' title="bbox 238 452 3599 543; baseline 0.005 -38"><span class='ocrx_word' id='word_1_22' title='bbox 238 473 325 505; x_wconf 88' lang='grc' dir='ltr'><strong><em>ναι</em></strong></span> <span class='ocrx_word' id='word_1_23' title='bbox 344 457 537 525; x_wconf 80' lang='grc' dir='ltr'>πέφυκε</span> <span class='ocrx_word' id='word_1_24' title='bbox 575 452 761 524; x_wconf 83' lang='grc' dir='ltr'>μᾶλλον</span> <span class='ocrx_word' id='word_1_25' title='bbox 818 456 905 504; x_wconf 81' lang='grc' dir='ltr'>καὶ</span> <span class='ocrx_word' id='word_1_26' title='bbox 968 453 1142 524; x_wconf 75' lang='grc' dir='ltr'>ἧττον,</span> <span class='ocrx_word' id='word_1_27' title='bbox 1198 456 1258 507; x_wconf 83' lang='grc' dir='ltr'><strong><em>ού</em></strong></span> <span class='ocrx_word' id='word_1_28' title='bbox 1305 463 1407 528; x_wconf 83' lang='grc' dir='ltr'>μὴν</span> <span class='ocrx_word' id='word_1_29' title='bbox 1459 454 1518 509; x_wconf 64' lang='grc' dir='ltr'>δι</span> <span class='ocrx_word' id='word_1_30' title='bbox 1568 463 1625 511; x_wconf 86' lang='grc' dir='ltr'><strong><em>τὸ</em></strong></span> <span class='ocrx_word' id='word_1_31' title='bbox 1673 459 1832 512; x_wconf 72' lang='grc' dir='ltr'>αὐτοῦ</span> <span class='ocrx_word' id='word_1_32' title='bbox 1888 464 1935 515; x_wconf 78' lang='grc' dir='ltr'><strong>Α</strong></span> <span class='ocrx_word' id='word_1_33' title='bbox 1995 482 2058 515; x_wconf 87' lang='grc' dir='ltr'><strong><em>να</em></strong></span> <span class='ocrx_word' id='word_1_34' title='bbox 2082 467 2307 535; x_wconf 81' lang='grc' dir='ltr'>πάντως,</span> <span class='ocrx_word' id='word_1_35' title='bbox 2341 468 2434 519; x_wconf 79' lang='grc' dir='ltr'>οὐκ</span> <span class='ocrx_word' id='word_1_36' title='bbox 2463 468 2594 522; x_wconf 76' lang='grc' dir='ltr'>ἄλλα</span> <span class='ocrx_word' id='word_1_37' title='bbox 2623 470 2732 522; x_wconf 86' lang='grc' dir='ltr'>ἀλλ’</span> <span class='ocrx_word' id='word_1_38' title='bbox 2762 472 2843 523; x_wconf 87' lang='grc' dir='ltr'>ὅτι</span> <span class='ocrx_word' id='word_1_39' title='bbox 2864 464 3013 523; x_wconf 79' lang='grc' dir='ltr'>ἑπτά.</span> <span class='ocrx_word' id='word_1_40' title='bbox 3038 474 3105 522; x_wconf 88' lang='grc' dir='ltr'>Τί</span> <span class='ocrx_word' id='word_1_41' title='bbox 3149 467 3208 523; x_wconf 68' lang='grc' dir='ltr'><strong><em>δὲ</em></strong></span> <span class='ocrx_word' id='word_1_42' title='bbox 3262 473 3319 522; x_wconf 87' lang='grc' dir='ltr'><strong><em>τὸ</em></strong></span> <span class='ocrx_word' id='word_1_43' title='bbox 3369 477 3432 543; x_wconf 76' lang='grc' dir='ltr'><strong><em>τῇ</em></strong></span> <span class='ocrx_word' id='word_1_44' title='bbox 3502 476 3599 541; x_wconf 78' lang='grc' dir='ltr'><strong><em>μιᾷ</em></strong></span> 
     </span>
    </p>
   </div>
   <div class='ocr_carea' id='block_1_6' title="bbox 238 539 1836 623">
    <p class='ocr_par' dir='ltr' id='par_1_8' title="bbox 238 539 1836 623">
     <span class='ocr_line' id='line_1_9' title="bbox 238 539 1836 623; baseline 0.004 -29"><span class='ocrx_word' id='word_1_45' title='bbox 238 544 433 614; x_wconf 78' lang='grc' dir='ltr'>ἄτομον</span> <span class='ocrx_word' id='word_1_46' title='bbox 462 539 692 613; x_wconf 74' lang='grc' dir='ltr'>ὑπολάϐῃ</span> <span class='ocrx_word' id='word_1_47' title='bbox 721 560 820 606; x_wconf 82' lang='grc' dir='ltr'>τις,</span> <span class='ocrx_word' id='word_1_48' title='bbox 851 540 978 593; x_wconf 60' lang='grc' dir='ltr'>ἀλλὰ</span> <span class='ocrx_word' id='word_1_49' title='bbox 1030 545 1096 594; x_wconf 85' lang='grc' dir='ltr'>τὰ</span> <span class='ocrx_word' id='word_1_50' title='bbox 1150 546 1205 595; x_wconf 77' lang='grc' dir='ltr'>ἑκ</span> <span class='ocrx_word' id='word_1_51' title='bbox 1272 554 1365 606; x_wconf 78' lang='grc' dir='ltr'>τῆς</span> <span class='ocrx_word' id='word_1_52' title='bbox 1426 546 1581 598; x_wconf 66' lang='grc' dir='ltr'>αὑτὸν</span> <span class='ocrx_word' id='word_1_53' title='bbox 1637 551 1836 623; x_wconf 78' lang='grc' dir='ltr'>κρχσά-</span> 
     </span>
    </p>
   </div>
   <div class='ocr_carea' id='block_1_7' title="bbox 240 632 1836 706">
    <p class='ocr_par' dir='ltr' id='par_1_9' title="bbox 240 632 1836 706">
     <span class='ocr_line' id='line_1_10' title="bbox 240 632 1836 706; baseline 0.007 -24"><span class='ocrx_word' id='word_1_54' title='bbox 240 651 342 692; x_wconf 90' lang='grc' dir='ltr'><strong><em>σης</em></strong></span> <span class='ocrx_word' id='word_1_55' title='bbox 368 634 628 701; x_wconf 76' lang='grc' dir='ltr'><strong><em>συζυγίας</em></strong></span> <span class='ocrx_word' id='word_1_56' title='bbox 660 632 915 705; x_wconf 81' lang='grc' dir='ltr'><strong><em>κραθέντα</em></strong></span> <span class='ocrx_word' id='word_1_57' title='bbox 944 634 1133 704; x_wconf 83' lang='grc' dir='ltr'>ἄτομα.</span> <span class='ocrx_word' id='word_1_58' title='bbox 1169 634 1490 706; x_wconf 83' lang='grc' dir='ltr'>Ὠνὸμασται</span> <span class='ocrx_word' id='word_1_59' title='bbox 1524 634 1584 689; x_wconf 63' lang='grc' dir='ltr'><strong><em>δὲ</em></strong></span> <span class='ocrx_word' id='word_1_60' title='bbox 1639 642 1703 691; x_wconf 80' lang='grc' dir='ltr'>τὰ</span> <span class='ocrx_word' id='word_1_61' title='bbox 1746 649 1836 701; x_wconf 86' lang='grc' dir='ltr'>τῆς</span> 
     </span>
    </p>
   </div>
   <div class='ocr_carea' id='block_1_8' title="bbox 238 718 1840 800">
    <p class='ocr_par' dir='ltr' id='par_1_10' title="bbox 238 718 1840 800">
     <span class='ocr_line' id='line_1_11' title="bbox 238 718 1840 800; baseline 0.007 -31"><span class='ocrx_word' id='word_1_62' title='bbox 238 721 399 781; x_wconf 75' lang='grc' dir='ltr'>αὐτῆς</span> <span class='ocrx_word' id='word_1_63' title='bbox 429 720 690 790; x_wconf 73' lang='grc' dir='ltr'><strong><em>συζυγίας</em></strong></span> <span class='ocrx_word' id='word_1_64' title='bbox 724 728 815 771; x_wconf 79' lang='grc' dir='ltr'>τοῦ</span> <span class='ocrx_word' id='word_1_65' title='bbox 840 718 1078 785; x_wconf 83' lang='grc' dir='ltr'>ἀνιάδου,</span> <span class='ocrx_word' id='word_1_66' title='bbox 1110 727 1200 775; x_wconf 78' lang='grc' dir='ltr'>καὶ</span> <span class='ocrx_word' id='word_1_67' title='bbox 1244 731 1335 785; x_wconf 85' lang='grc' dir='ltr'>τῆς</span> <span class='ocrx_word' id='word_1_68' title='bbox 1383 726 1538 786; x_wconf 79' lang='grc' dir='ltr'>αὐτῆς</span> <span class='ocrx_word' id='word_1_69' title='bbox 1578 729 1840 800; x_wconf 78' lang='grc' dir='ltr'><strong><em>συζυγίας</em></strong></span> 
     </span>
    </p>
   </div>
   <div class='ocr_carea' id='block_1_9' title="bbox 233 806 1838 889">
    <p class='ocr_par' dir='ltr' id='par_1_11' title="bbox 233 806 1838 889">
     <span class='ocr_line' id='line_1_12' title="bbox 233 806 1838 889; baseline 0.006 -29"><span class='ocrx_word' id='word_1_70' title='bbox 233 814 329 861; x_wconf 82' lang='grc' dir='ltr'>τοῦ</span> <span class='ocrx_word' id='word_1_71' title='bbox 387 806 686 880; x_wconf 81' lang='grc' dir='ltr'><strong><em>βαρυτίμου</em></strong></span> <span class='ocrx_word' id='word_1_72' title='bbox 739 809 911 879; x_wconf 81' lang='grc' dir='ltr'>ἄτομα</span> <span class='ocrx_word' id='word_1_73' title='bbox 963 810 1137 870; x_wconf 71' lang='grc' dir='ltr'>ἑνικῶς</span> <span class='ocrx_word' id='word_1_74' title='bbox 1188 811 1258 873; x_wconf 85' lang='grc' dir='ltr'><strong><em>εἰς</em></strong></span> <span class='ocrx_word' id='word_1_75' title='bbox 1304 815 1373 863; x_wconf 85' lang='grc' dir='ltr'><strong><em>τά</em></strong></span> <span class='ocrx_word' id='word_1_76' title='bbox 1416 822 1518 865; x_wconf 89' lang='grc' dir='ltr'><strong><em>τῶν</em></strong></span> <span class='ocrx_word' id='word_1_77' title='bbox 1588 815 1838 889; x_wconf 73' lang='grc' dir='ltr'><strong><em>ἑκατέρων</em></strong></span> 
     </span>
    </p>
   </div>
   <div class='ocr_carea' id='block_1_10' title="bbox 238 897 1839 970">
    <p class='ocr_par' dir='ltr' id='par_1_12' title="bbox 238 897 1839 970">
     <span class='ocr_line' id='line_1_13' title="bbox 238 897 1839 970; baseline 0.006 -21"><span class='ocrx_word' id='word_1_78' title='bbox 238 897 492 970; x_wconf 83' lang='grc' dir='ltr'>ὀνόματα,</span> <span class='ocrx_word' id='word_1_79' title='bbox 526 899 608 949; x_wconf 87' lang='grc' dir='ltr'>ὅτι</span> <span class='ocrx_word' id='word_1_80' title='bbox 648 906 829 959; x_wconf 82' lang='grc' dir='ltr'><strong><em>κοινῶς</em></strong></span> <span class='ocrx_word' id='word_1_81' title='bbox 891 897 1097 960; x_wconf 72' lang='grc' dir='ltr'>ἐκείνοις</span> <span class='ocrx_word' id='word_1_82' title='bbox 1144 901 1461 963; x_wconf 73' lang='grc' dir='ltr'><strong><em>κατάλληλος</em></strong></span> <span class='ocrx_word' id='word_1_83' title='bbox 1517 906 1543 955; x_wconf 85' lang='grc' dir='ltr'><strong><em>ὁ</em></strong></span> <span class='ocrx_word' id='word_1_84' title='bbox 1600 913 1698 968; x_wconf 78' lang='grc' dir='ltr'>τῆς</span> <span class='ocrx_word' id='word_1_85' title='bbox 1755 908 1839 958; x_wconf 58' lang='grc' dir='ltr'>ού-</span> 
     </span>
    </p>
   </div>
   <div class='ocr_carea' id='block_1_11' title="bbox 241 986 1834 1069">
    <p class='ocr_par' dir='ltr' id='par_1_13' title="bbox 241 986 1834 1069">
     <span class='ocr_line' id='line_1_14' title="bbox 241 986 1834 1069; baseline 0.005 -29"><span class='ocrx_word' id='word_1_86' title='bbox 241 992 363 1047; x_wconf 87' lang='grc' dir='ltr'>σίας</span> <span class='ocrx_word' id='word_1_87' title='bbox 415 986 579 1038; x_wconf 73' lang='grc' dir='ltr'>αὐτῶν</span> <span class='ocrx_word' id='word_1_88' title='bbox 632 986 797 1039; x_wconf 81' lang='grc' dir='ltr'>ἐστιιν</span> <span class='ocrx_word' id='word_1_89' title='bbox 852 989 990 1059; x_wconf 85' lang='grc' dir='ltr'>ὅρος,</span> <span class='ocrx_word' id='word_1_90' title='bbox 1043 996 1144 1041; x_wconf 89' lang='grc' dir='ltr'><strong><em>τῶν</em></strong></span> <span class='ocrx_word' id='word_1_91' title='bbox 1187 990 1436 1066; x_wconf 70' lang='grc' dir='ltr'>ἑκατέρων</span> <span class='ocrx_word' id='word_1_92' title='bbox 1479 1000 1552 1063; x_wconf 84' lang='grc' dir='ltr'>τῷ</span> <span class='ocrx_word' id='word_1_93' title='bbox 1596 994 1834 1069; x_wconf 74' lang='grc' dir='ltr'>ἐκατέρῳ·</span> 
     </span>
    </p>
   </div>
   <div class='ocr_carea' id='block_1_12' title="bbox 237 1076 1840 1153">
    <p class='ocr_par' dir='ltr' id='par_1_14' title="bbox 237 1076 1840 1153">
     <span class='ocr_line' id='line_1_15' title="bbox 237 1076 1840 1153; baseline 0.005 -23"><span class='ocrx_word' id='word_1_94' title='bbox 237 1084 339 1137; x_wconf 86' lang='grc' dir='ltr'>πᾶς</span> <span class='ocrx_word' id='word_1_95' title='bbox 360 1079 462 1149; x_wconf 83' lang='grc' dir='ltr'>γὰρ</span> <span class='ocrx_word' id='word_1_96' title='bbox 496 1078 716 1148; x_wconf 77' lang='grc' dir='ltr'><strong><em>θυμικὸς</em></strong></span> <span class='ocrx_word' id='word_1_97' title='bbox 747 1078 969 1149; x_wconf 83' lang='grc' dir='ltr'>θυμικοῦ</span> <span class='ocrx_word' id='word_1_98' title='bbox 992 1080 1108 1153; x_wconf 83' lang='grc' dir='ltr'>ὅρον</span> <span class='ocrx_word' id='word_1_99' title='bbox 1140 1076 1365 1147; x_wconf 68' lang='grc' dir='ltr'>δεξεται,</span> <span class='ocrx_word' id='word_1_100' title='bbox 1431 1086 1523 1134; x_wconf 81' lang='grc' dir='ltr'>καὶ</span> <span class='ocrx_word' id='word_1_101' title='bbox 1579 1090 1678 1145; x_wconf 87' lang='grc' dir='ltr'><strong><em>πᾶς</em></strong></span> <span class='ocrx_word' id='word_1_102' title='bbox 1731 1085 1840 1138; x_wconf 64' lang='grc' dir='ltr'>ἔπιε</span> 
     </span>
    </p>
   </div>
   <div class='ocr_carea' id='block_1_13' title="bbox 241 1163 1835 1242">
    <p class='ocr_par' dir='ltr' id='par_1_15' title="bbox 241 1163 1835 1242">
     <span class='ocr_line' id='line_1_16' title="bbox 241 1163 1835 1242; baseline -0.001 -23"><span class='ocrx_word' id='word_1_103' title='bbox 241 1168 526 1238; x_wconf 83' lang='grc' dir='ltr'>θυμητικὸς</span> <span class='ocrx_word' id='word_1_104' title='bbox 564 1163 967 1237; x_wconf 73' lang='grc' dir='ltr'>ἕπιθυμητικοῡ,</span> <span class='ocrx_word' id='word_1_105' title='bbox 1011 1166 1134 1219; x_wconf 77' lang='grc' dir='ltr'>ἐπὰν</span> <span class='ocrx_word' id='word_1_106' title='bbox 1186 1187 1246 1220; x_wconf 91' lang='grc' dir='ltr'><strong><em>το</em></strong></span> <span class='ocrx_word' id='word_1_107' title='bbox 1299 1171 1519 1242; x_wconf 78' lang='grc' dir='ltr'>θυμικὸς</span> <span class='ocrx_word' id='word_1_108' title='bbox 1570 1173 1600 1231; x_wconf 75' lang='grc' dir='ltr'>ἢ</span> <span class='ocrx_word' id='word_1_109' title='bbox 1654 1173 1835 1226; x_wconf 73' lang='grc' dir='ltr'>ἐπιθυ-</span> 
     </span>
    </p>
   </div>
   <div class='ocr_carea' id='block_1_14' title="bbox 239 1255 1837 1338">
    <p class='ocr_par' dir='ltr' id='par_1_16' title="bbox 239 1255 1837 1338">
     <span class='ocr_line' id='line_1_17' title="bbox 239 1255 1837 1338; baseline 0.006 -33"><span class='ocrx_word' id='word_1_110' title='bbox 239 1257 460 1327; x_wconf 83' lang='grc' dir='ltr'>μητικός</span> <span class='ocrx_word' id='word_1_111' title='bbox 502 1255 696 1305; x_wconf 87' lang='grc' dir='ltr'>τούτων</span> <span class='ocrx_word' id='word_1_112' title='bbox 744 1256 966 1317; x_wconf 77' lang='grc' dir='ltr'>ἕκαστος</span> <span class='ocrx_word' id='word_1_113' title='bbox 1020 1255 1254 1327; x_wconf 73' lang='grc' dir='ltr'>λέγηται.</span> <span class='ocrx_word' id='word_1_114' title='bbox 1314 1259 1537 1323; x_wconf 83' lang='grc' dir='ltr'>Εἱκοτως</span> <span class='ocrx_word' id='word_1_115' title='bbox 1591 1258 1679 1313; x_wconf 80' lang='grc' dir='ltr'>οὖν</span> <span class='ocrx_word' id='word_1_116' title='bbox 1732 1266 1837 1338; x_wconf 86' lang='grc' dir='ltr'><strong><em>ἄρα</em></strong></span> 
     </span>
    </p>
   </div>
   <div class='ocr_carea' id='block_1_15' title="bbox 239 1341 1836 1420">
    <p class='ocr_par' dir='ltr' id='par_1_17' title="bbox 239 1341 1836 1420">
     <span class='ocr_line' id='line_1_18' title="bbox 239 1341 1836 1420; baseline 0.004 -24"><span class='ocrx_word' id='word_1_117' title='bbox 239 1343 421 1404; x_wconf 73' lang='grc' dir='ltr'>ἑνικῶς</span> <span class='ocrx_word' id='word_1_118' title='bbox 467 1348 575 1403; x_wconf 80' lang='grc' dir='ltr'>τοῖς</span> <span class='ocrx_word' id='word_1_119' title='bbox 630 1341 887 1416; x_wconf 72' lang='grc' dir='ltr'>ἑκατέροις</span> <span class='ocrx_word' id='word_1_120' title='bbox 939 1346 1007 1395; x_wconf 85' lang='grc' dir='ltr'><strong><em>τά</em></strong></span> <span class='ocrx_word' id='word_1_121' title='bbox 1072 1344 1236 1398; x_wconf 82' lang='grc' dir='ltr'>πολλὰ</span> <span class='ocrx_word' id='word_1_122' title='bbox 1321 1346 1597 1420; x_wconf 74' lang='grc' dir='ltr'>ἔλέχησαν.</span> <span class='ocrx_word' id='word_1_123' title='bbox 1682 1350 1836 1404; x_wconf 82' lang='grc' dir='ltr'>’Ἐστι</span> 
     </span>
    </p>
   </div>
   <div class='ocr_carea' id='block_1_16' title="bbox 236 1430 1838 1513">
    <p class='ocr_par' dir='ltr' id='par_1_18' title="bbox 236 1430 1838 1513">
     <span class='ocr_line' id='line_1_19' title="bbox 236 1430 1838 1513; baseline 0.006 -30"><span class='ocrx_word' id='word_1_124' title='bbox 236 1439 365 1503; x_wconf 81' lang='grc' dir='ltr'>γοῦν</span> <span class='ocrx_word' id='word_1_125' title='bbox 403 1432 507 1505; x_wconf 86' lang='grc' dir='ltr'><strong><em>ἄρα</em></strong></span> <span class='ocrx_word' id='word_1_126' title='bbox 524 1438 597 1500; x_wconf 84' lang='grc' dir='ltr'>τῷ</span> <span class='ocrx_word' id='word_1_127' title='bbox 639 1432 845 1502; x_wconf 85' lang='grc' dir='ltr'>θυμικῶ</span> <span class='ocrx_word' id='word_1_128' title='bbox 884 1430 1164 1505; x_wconf 78' lang='grc' dir='ltr'>βαρυτίμῳ</span> <span class='ocrx_word' id='word_1_129' title='bbox 1217 1439 1307 1486; x_wconf 83' lang='grc' dir='ltr'>καὶ</span> <span class='ocrx_word' id='word_1_130' title='bbox 1363 1444 1437 1507; x_wconf 84' lang='grc' dir='ltr'>τῷ</span> <span class='ocrx_word' id='word_1_131' title='bbox 1477 1440 1838 1513; x_wconf 77' lang='grc' dir='ltr'>ἐπιθυμητικῷ</span> 
     </span>
    </p>
   </div>
   <div class='ocr_carea' id='block_1_17' title="bbox 237 1516 1840 1596">
    <p class='ocr_par' dir='ltr' id='par_1_19' title="bbox 237 1516 1840 1596">
     <span class='ocr_line' id='line_1_20' title="bbox 237 1516 1840 1596; baseline 0.007 -24"><span class='ocrx_word' id='word_1_132' title='bbox 237 1516 456 1592; x_wconf 75' lang='grc' dir='ltr'>ἀνιάδῃ,</span> <span class='ocrx_word' id='word_1_133' title='bbox 509 1520 639 1571; x_wconf 84' lang='grc' dir='ltr'>καθὸ</span> <span class='ocrx_word' id='word_1_134' title='bbox 690 1521 893 1591; x_wconf 80' lang='grc' dir='ltr'>θυμικῷ</span> <span class='ocrx_word' id='word_1_135' title='bbox 960 1527 1049 1573; x_wconf 90' lang='lat' dir='ltr'><strong><em>xui</em></strong></span> <span class='ocrx_word' id='word_1_136' title='bbox 1129 1522 1513 1596; x_wconf 66' lang='grc' dir='ltr'>ἐπιθυμητικῷ,</span> <span class='ocrx_word' id='word_1_137' title='bbox 1598 1526 1840 1594; x_wconf 71' lang='grc' dir='ltr'>ἐπίτασις</span> 
     </span>
    </p>
   </div>
   <div class='ocr_carea' id='block_1_18' title="bbox 237 1605 1838 1687">
    <p class='ocr_par' dir='ltr' id='par_1_20' title="bbox 237 1605 1838 1687">
     <span class='ocr_line' id='line_1_21' title="bbox 237 1605 1838 1687; baseline 0.007 -26"><span class='ocrx_word' id='word_1_138' title='bbox 237 1605 548 1683; x_wconf 86' lang='grc' dir='ltr'>ἀδιόριστός</span> <span class='ocrx_word' id='word_1_139' title='bbox 584 1627 641 1661; x_wconf 89' lang='grc' dir='ltr'><strong><em>τε</em></strong></span> <span class='ocrx_word' id='word_1_140' title='bbox 689 1612 780 1660; x_wconf 80' lang='grc' dir='ltr'>καὶ</span> <span class='ocrx_word' id='word_1_141' title='bbox 836 1611 1032 1678; x_wconf 86' lang='grc' dir='ltr'>ἄνεσις,</span> <span class='ocrx_word' id='word_1_142' title='bbox 1086 1612 1164 1662; x_wconf 83' lang='grc' dir='ltr'>ὅτι</span> <span class='ocrx_word' id='word_1_143' title='bbox 1219 1615 1273 1664; x_wconf 85' lang='grc' dir='ltr'>αἱ</span> <span class='ocrx_word' id='word_1_144' title='bbox 1329 1616 1599 1687; x_wconf 88' lang='grc' dir='ltr'>κράσασαι</span> <span class='ocrx_word' id='word_1_145' title='bbox 1647 1618 1838 1681; x_wconf 82' lang='grc' dir='ltr'>αύτούς</span> 
     </span>
    </p>
   </div>
   <div class='ocr_carea' id='block_1_19' title="bbox 237 1698 1837 1774">
    <p class='ocr_par' dir='ltr' id='par_1_21' title="bbox 237 1698 1837 1774">
     <span class='ocr_line' id='line_1_22' title="bbox 237 1698 1837 1774; baseline 0.007 -25"><span class='ocrx_word' id='word_1_146' title='bbox 237 1698 511 1768; x_wconf 75' lang='grc' dir='ltr'>συζυγίαι,</span> <span class='ocrx_word' id='word_1_147' title='bbox 568 1698 699 1749; x_wconf 89' lang='grc' dir='ltr'>καθὸ</span> <span class='ocrx_word' id='word_1_148' title='bbox 750 1700 1041 1769; x_wconf 74' lang='grc' dir='ltr'>πεφύκασιν</span> <span class='ocrx_word' id='word_1_149' title='bbox 1099 1701 1230 1752; x_wconf 71' lang='grc' dir='ltr'>εἶναι</span> <span class='ocrx_word' id='word_1_150' title='bbox 1297 1704 1412 1755; x_wconf 83' lang='grc' dir='ltr'>καθ’</span> <span class='ocrx_word' id='word_1_151' title='bbox 1480 1705 1682 1774; x_wconf 78' lang='grc' dir='ltr'>ύφὲσεις</span> <span class='ocrx_word' id='word_1_152' title='bbox 1746 1713 1837 1760; x_wconf 88' lang='lat' dir='ltr'><strong><em>xui</em></strong></span> 
     </span>
    </p>
   </div>
   <div class='ocr_carea' id='block_1_20' title="bbox 231 1781 1835 1867">
    <p class='ocr_par' dir='ltr' id='par_1_22' title="bbox 231 1781 1835 1867">
     <span class='ocr_line' id='line_1_23' title="bbox 231 1781 1835 1867; baseline 0.006 -30"><span class='ocrx_word' id='word_1_153' title='bbox 231 1784 516 1856; x_wconf 71' lang='grc' dir='ltr'>ἐπιτάσεις,</span> <span class='ocrx_word' id='word_1_154' title='bbox 552 1788 611 1837; x_wconf 83' lang='grc' dir='ltr'><strong><em>τὸ</em></strong></span> <span class='ocrx_word' id='word_1_155' title='bbox 644 1781 948 1860; x_wconf 81' lang='grc' dir='ltr'>ἀδιὸριστον</span> <span class='ocrx_word' id='word_1_156' title='bbox 973 1789 1212 1858; x_wconf 78' lang='grc' dir='ltr'>ἔχουσιν,</span> <span class='ocrx_word' id='word_1_157' title='bbox 1253 1789 1370 1841; x_wconf 76' lang='grc' dir='ltr'>οὔτε</span> <span class='ocrx_word' id='word_1_158' title='bbox 1422 1787 1482 1843; x_wconf 67' lang='grc' dir='ltr'>δι</span> <span class='ocrx_word' id='word_1_159' title='bbox 1532 1794 1558 1843; x_wconf 86' lang='grc' dir='ltr'><strong><em>ὁ</em></strong></span> <span class='ocrx_word' id='word_1_160' title='bbox 1610 1792 1835 1867; x_wconf 87' lang='grc' dir='ltr'>βαρύτι-</span> 
     </span>
    </p>
   </div>
   <div class='ocr_carea' id='block_1_21' title="bbox 232 1869 1836 1955">
    <p class='ocr_par' dir='ltr' id='par_1_23' title="bbox 232 1869 1836 1955">
     <span class='ocr_line' id='line_1_24' title="bbox 232 1869 1836 1955; baseline 0.007 -31"><span class='ocrx_word' id='word_1_161' title='bbox 232 1893 332 1947; x_wconf 88' lang='grc' dir='ltr'><strong><em>μος</em></strong></span> <span class='ocrx_word' id='word_1_162' title='bbox 357 1869 580 1935; x_wconf 79' lang='grc' dir='ltr'>ἀνιάδης</span> <span class='ocrx_word' id='word_1_163' title='bbox 603 1879 897 1944; x_wconf 78' lang='grc' dir='ltr'>γενήσεται,</span> <span class='ocrx_word' id='word_1_164' title='bbox 942 1878 1059 1927; x_wconf 77' lang='grc' dir='ltr'>οὔτε</span> <span class='ocrx_word' id='word_1_165' title='bbox 1099 1872 1158 1928; x_wconf 70' lang='grc' dir='ltr'>δε</span> <span class='ocrx_word' id='word_1_166' title='bbox 1205 1878 1231 1928; x_wconf 80' lang='grc' dir='ltr'><strong><em>ὁ</em></strong></span> <span class='ocrx_word' id='word_1_167' title='bbox 1281 1875 1505 1941; x_wconf 59' lang='lat' dir='ltr'><strong><em>umida;</em></strong></span> <span class='ocrx_word' id='word_1_168' title='bbox 1548 1879 1836 1955; x_wconf 81' lang='grc' dir='ltr'>βαρύτιμος</span> 
     </span>
    </p>
   </div>
   <div class='ocr_carea' id='block_1_22' title="bbox 229 1960 1833 2042">
    <p class='ocr_par' dir='ltr' id='par_1_24' title="bbox 229 1960 1833 2042">
     <span class='ocr_line' id='line_1_25' title="bbox 229 1960 1833 2042; baseline 0.006 -28"><span class='ocrx_word' id='word_1_169' title='bbox 229 1968 458 2017; x_wconf 79' lang='grc' dir='ltr'>πώποτ-ε.</span> <span class='ocrx_word' id='word_1_170' title='bbox 493 1965 579 2015; x_wconf 75' lang='grc' dir='ltr'><strong><em>Διὸ</em></strong></span> <span class='ocrx_word' id='word_1_171' title='bbox 606 1960 799 2023; x_wconf 72' lang='grc' dir='ltr'>ἀνέσεις</span> <span class='ocrx_word' id='word_1_172' title='bbox 827 1968 918 2014; x_wconf 82' lang='grc' dir='ltr'>καὶ</span> <span class='ocrx_word' id='word_1_173' title='bbox 954 1962 1218 2025; x_wconf 75' lang='grc' dir='ltr'>ἐπιτάσεις</span> <span class='ocrx_word' id='word_1_174' title='bbox 1269 1969 1323 2017; x_wconf 84' lang='lat' dir='ltr'><strong><em>ui</em></strong></span> <span class='ocrx_word' id='word_1_175' title='bbox 1368 1967 1535 2020; x_wconf 78' lang='grc' dir='ltr'>αὐτῶν</span> <span class='ocrx_word' id='word_1_176' title='bbox 1582 1967 1833 2042; x_wconf 71' lang='grc' dir='ltr'>δέχονται</span> 
     </span>
    </p>
   </div>
   <div class='ocr_carea' id='block_1_23' title="bbox 231 2051 1832 2132">
    <p class='ocr_par' dir='ltr' id='par_1_25' title="bbox 231 2051 1832 2132">
     <span class='ocr_line' id='line_1_26' title="bbox 231 2051 1832 2132; baseline -0.001 -28"><span class='ocrx_word' id='word_1_177' title='bbox 231 2052 507 2123; x_wconf 73' lang='grc' dir='ltr'>συζαγίας.</span> <span class='ocrx_word' id='word_1_178' title='bbox 543 2051 625 2103; x_wconf 87' lang='grc' dir='ltr'><strong><em>ὁτι</em></strong></span> <span class='ocrx_word' id='word_1_179' title='bbox 646 2053 701 2103; x_wconf 82' lang='grc' dir='ltr'>αἱ</span> <span class='ocrx_word' id='word_1_180' title='bbox 733 2053 1004 2125; x_wconf 86' lang='grc' dir='ltr'>κράσασαι</span> <span class='ocrx_word' id='word_1_181' title='bbox 1051 2053 1238 2114; x_wconf 78' lang='grc' dir='ltr'>αὐτοὺς</span> <span class='ocrx_word' id='word_1_182' title='bbox 1300 2058 1553 2129; x_wconf 78' lang='grc' dir='ltr'>συζυγίαι</span> <span class='ocrx_word' id='word_1_183' title='bbox 1599 2058 1832 2132; x_wconf 75' lang='grc' dir='ltr'>ἀλλαγῆ-</span> 
     </span>
    </p>
   </div>
   <div class='ocr_carea' id='block_1_24' title="bbox 227 2140 653 2212">
    <p class='ocr_par' dir='ltr' id='par_1_26' title="bbox 227 2140 653 2212">
     <span class='ocr_line' id='line_1_27' title="bbox 227 2140 653 2212; baseline 0.007 -20"><span class='ocrx_word' id='word_1_184' title='bbox 227 2161 315 2193; x_wconf 80' lang='grc' dir='ltr'><strong><em>ναι</em></strong></span> <span class='ocrx_word' id='word_1_185' title='bbox 346 2140 406 2193; x_wconf 82' lang='grc' dir='ltr'><strong><em>ού</em></strong></span> <span class='ocrx_word' id='word_1_186' title='bbox 444 2144 653 2212; x_wconf 74' lang='grc' dir='ltr'>πέφυκε.</span> 
     </span>
    </p>
   </div>
   <div class='ocr_carea' id='block_1_25' title="bbox 300 2225 1834 2307">
    <p class='ocr_par' dir='ltr' id='par_1_27' title="bbox 300 2225 1834 2307">
     <span class='ocr_line' id='line_1_28' title="bbox 300 2225 1834 2307; baseline 0.006 -24"><span class='ocrx_word' id='word_1_187' title='bbox 300 2229 366 2301; x_wconf 85' lang='grc' dir='ltr'><strong><em>γ’.</em></strong></span> <span class='ocrx_word' id='word_1_188' title='bbox 398 2229 556 2288; x_wconf 81' lang='grc' dir='ltr'>Δῆλον</span> <span class='ocrx_word' id='word_1_189' title='bbox 583 2225 643 2281; x_wconf 77' lang='grc' dir='ltr'>δε</span> <span class='ocrx_word' id='word_1_190' title='bbox 662 2233 779 2291; x_wconf 82' lang='grc' dir='ltr'>ταῖς</span> <span class='ocrx_word' id='word_1_191' title='bbox 816 2233 1011 2291; x_wconf 86' lang='grc' dir='ltr'>πάσαις</span> <span class='ocrx_word' id='word_1_192' title='bbox 1040 2232 1225 2284; x_wconf 81' lang='grc' dir='ltr'>οἰκεῖον</span> <span class='ocrx_word' id='word_1_193' title='bbox 1256 2231 1385 2285; x_wconf 82' lang='grc' dir='ltr'>εἶναι</span> <span class='ocrx_word' id='word_1_194' title='bbox 1432 2236 1578 2307; x_wconf 75' lang='grc' dir='ltr'>αὐτὸ,</span> <span class='ocrx_word' id='word_1_195' title='bbox 1634 2237 1691 2290; x_wconf 78' lang='grc' dir='ltr'>ἐκ</span> <span class='ocrx_word' id='word_1_196' title='bbox 1743 2249 1834 2304; x_wconf 83' lang='grc' dir='ltr'>τῆς</span> 
     </span>
    </p>
   </div>
   <div class='ocr_carea' id='block_1_26' title="bbox 227 2315 1830 2396">
    <p class='ocr_par' dir='ltr' id='par_1_28' title="bbox 227 2315 1830 2396">
     <span class='ocr_line' id='line_1_29' title="bbox 227 2315 1830 2396; baseline 0.008 -27"><span class='ocrx_word' id='word_1_197' title='bbox 227 2326 331 2370; x_wconf 78' lang='grc' dir='ltr'><strong><em>τῶν</em></strong></span> <span class='ocrx_word' id='word_1_198' title='bbox 355 2315 451 2371; x_wconf 83' lang='grc' dir='ltr'>δύο</span> <span class='ocrx_word' id='word_1_199' title='bbox 476 2320 674 2371; x_wconf 89' lang='grc' dir='ltr'>τούτων</span> <span class='ocrx_word' id='word_1_200' title='bbox 717 2318 831 2371; x_wconf 84' lang='grc' dir='ltr'>λίαν</span> <span class='ocrx_word' id='word_1_201' title='bbox 880 2319 1121 2383; x_wconf 78' lang='grc' dir='ltr'>ὶτάσεως·</span> <span class='ocrx_word' id='word_1_202' title='bbox 1172 2322 1231 2374; x_wconf 85' lang='grc' dir='ltr'><strong><em>ού</em></strong></span> <span class='ocrx_word' id='word_1_203' title='bbox 1284 2324 1385 2396; x_wconf 82' lang='grc' dir='ltr'><strong><em>γὰρ</em></strong></span> <span class='ocrx_word' id='word_1_204' title='bbox 1444 2327 1522 2376; x_wconf 76' lang='grc' dir='ltr'>ἔτι</span> <span class='ocrx_word' id='word_1_205' title='bbox 1571 2334 1688 2390; x_wconf 84' lang='grc' dir='ltr'>ταῖς</span> <span class='ocrx_word' id='word_1_206' title='bbox 1734 2333 1830 2382; x_wconf 80' lang='grc' dir='ltr'>πά-</span> 
     </span>
    </p>
   </div>
   <div class='ocr_carea' id='block_1_27' title="bbox 234 2408 1824 2485">
    <p class='ocr_par' dir='ltr' id='par_1_29' title="bbox 234 2408 1824 2485">
     <span class='ocr_line' id='line_1_30' title="bbox 234 2408 1824 2485; baseline 0.008 -25"><span class='ocrx_word' id='word_1_207' title='bbox 234 2427 355 2470; x_wconf 87' lang='grc' dir='ltr'>σαις</span> <span class='ocrx_word' id='word_1_208' title='bbox 402 2411 461 2460; x_wconf 89' lang='grc' dir='ltr'><strong><em>τὸ</em></strong></span> <span class='ocrx_word' id='word_1_209' title='bbox 512 2409 650 2459; x_wconf 88' lang='grc' dir='ltr'><strong><em>κατά</em></strong></span> <span class='ocrx_word' id='word_1_210' title='bbox 695 2410 865 2460; x_wconf 88' lang='grc' dir='ltr'>πάντα</span> <span class='ocrx_word' id='word_1_211' title='bbox 920 2414 1108 2479; x_wconf 86' lang='grc' dir='ltr'>κοινὸν,</span> <span class='ocrx_word' id='word_1_212' title='bbox 1171 2408 1279 2464; x_wconf 68' lang='grc' dir='ltr'>ἐπεὶ</span> <span class='ocrx_word' id='word_1_213' title='bbox 1334 2421 1643 2468; x_wconf 79' lang='grc' dir='ltr'>κοινωνοῦσί</span> <span class='ocrx_word' id='word_1_214' title='bbox 1703 2438 1824 2485; x_wconf 82' lang='grc' dir='ltr'>που,</span> 
     </span>
    </p>
   </div>
   <div class='ocr_carea' id='block_1_28' title="bbox 234 2486 1827 2577">
    <p class='ocr_par' dir='ltr' id='par_1_30' title="bbox 234 2486 1827 2577">
     <span class='ocr_line' id='line_1_31' title="bbox 234 2486 1827 2577; baseline 0.008 -30"><span class='ocrx_word' id='word_1_215' title='bbox 234 2492 271 2548; x_wconf 87' lang='grc' dir='ltr'><em>δ</em></span> <span class='ocrx_word' id='word_1_216' title='bbox 278 2496 626 2549; x_wconf 68' lang='grc' dir='ltr'>ιαστελλονται</span> <span class='ocrx_word' id='word_1_217' title='bbox 655 2493 717 2549; x_wconf 76' lang='grc' dir='ltr'><strong><em>δέ</em></strong></span> <span class='ocrx_word' id='word_1_218' title='bbox 746 2516 806 2567; x_wconf 87' lang='grc' dir='ltr'><strong><em>γε</em></strong></span> <span class='ocrx_word' id='word_1_219' title='bbox 850 2502 941 2550; x_wconf 83' lang='grc' dir='ltr'><strong><em>καί</em></strong></span> <span class='ocrx_word' id='word_1_220' title='bbox 996 2518 1119 2568; x_wconf 90' lang='grc' dir='ltr'>που,</span> <span class='ocrx_word' id='word_1_221' title='bbox 1175 2497 1355 2559; x_wconf 78' lang='grc' dir='ltr'>ἐπειδὴ</span> <span class='ocrx_word' id='word_1_222' title='bbox 1407 2502 1537 2555; x_wconf 78' lang='grc' dir='ltr'>ἐπ·τά</span> <span class='ocrx_word' id='word_1_223' title='bbox 1724 2486 1827 2561; x_wconf 82' lang='grc' dir='ltr'>εἰσι</span> 
     </span>
    </p>
   </div>
   <div class='ocr_carea' id='block_1_29' title="bbox 234 2585 1826 2669">
    <p class='ocr_par' dir='ltr' id='par_1_31' title="bbox 234 2585 1826 2669">
     <span class='ocr_line' id='line_1_32' title="bbox 234 2585 1826 2669; baseline 0.008 -32"><span class='ocrx_word' id='word_1_224' title='bbox 234 2586 306 2637; x_wconf 81' lang='grc' dir='ltr'>τὰ</span> <span class='ocrx_word' id='word_1_225' title='bbox 349 2586 616 2660; x_wconf 83' lang='grc' dir='ltr'>κράσαντα</span> <span class='ocrx_word' id='word_1_226' title='bbox 660 2588 749 2643; x_wconf 77' lang='grc' dir='ltr'>τὴν</span> <span class='ocrx_word' id='word_1_227' title='bbox 798 2585 984 2656; x_wconf 77' lang='grc' dir='ltr'>ἁπλῆν,</span> <span class='ocrx_word' id='word_1_228' title='bbox 1012 2590 1080 2641; x_wconf 85' lang='grc' dir='ltr'>τὰ</span> <span class='ocrx_word' id='word_1_229' title='bbox 1124 2586 1185 2644; x_wconf 63' lang='grc' dir='ltr'><strong><em>δὲ</em></strong></span> <span class='ocrx_word' id='word_1_230' title='bbox 1243 2593 1493 2653; x_wconf 77' lang='grc' dir='ltr'>τοσαύτας</span> <span class='ocrx_word' id='word_1_231' title='bbox 1537 2592 1826 2669; x_wconf 72' lang='grc' dir='ltr'>ἐργασάμε-</span> 
     </span>
    </p>
   </div>
   <div class='ocr_carea' id='block_1_30' title="bbox 1994 546 3601 629">
    <p class='ocr_par' dir='ltr' id='par_1_32' title="bbox 1994 546 3601 629">
     <span class='ocr_line' id='line_1_33' title="bbox 1994 546 3601 629; baseline 0.004 -25"><span class='ocrx_word' id='word_1_232' title='bbox 1994 561 2223 611; x_wconf 87' lang='grc' dir='ltr'>ποιῆσαν</span> <span class='ocrx_word' id='word_1_233' title='bbox 2286 554 2581 620; x_wconf 82' lang='grc' dir='ltr'>ἀλλοιώσεις</span> <span class='ocrx_word' id='word_1_234' title='bbox 2633 559 2843 625; x_wconf 83' lang='grc' dir='ltr'>πολλὰς,</span> <span class='ocrx_word' id='word_1_235' title='bbox 2904 560 3107 619; x_wconf 87' lang='grc' dir='ltr'>πάντως</span> <span class='ocrx_word' id='word_1_236' title='bbox 3177 558 3425 629; x_wconf 74' lang='grc' dir='ltr'>ἑναλλαγη</span> <span class='ocrx_word' id='word_1_237' title='bbox 3506 546 3601 610; x_wconf 69' lang='grc' dir='ltr'><strong><em>καὶ</em></strong></span> 
     </span>
    </p>
   </div>
   <div class='ocr_carea' id='block_1_31' title="bbox 2000 638 3597 720">
    <p class='ocr_par' dir='ltr' id='par_1_33' title="bbox 2000 638 3597 720">
     <span class='ocr_line' id='line_1_34' title="bbox 2000 638 3597 720; baseline 0.004 -28"><span class='ocrx_word' id='word_1_238' title='bbox 2000 638 2093 693; x_wconf 82' lang='grc' dir='ltr'>διά</span> <span class='ocrx_word' id='word_1_239' title='bbox 2148 650 2301 696; x_wconf 80' lang='grc' dir='ltr'>τοῦτο</span> <span class='ocrx_word' id='word_1_240' title='bbox 2356 644 2712 717; x_wconf 73' lang='grc' dir='ltr'>ἕναλλαγῆναι,</span> <span class='ocrx_word' id='word_1_241' title='bbox 2778 648 2837 700; x_wconf 77' lang='grc' dir='ltr'>οὗ</span> <span class='ocrx_word' id='word_1_242' title='bbox 2886 651 3175 720; x_wconf 78' lang='grc' dir='ltr'>πεφύκασιν</span> <span class='ocrx_word' id='word_1_243' title='bbox 3252 644 3425 717; x_wconf 81' lang='grc' dir='ltr'>αὗται,</span> <span class='ocrx_word' id='word_1_244' title='bbox 3516 649 3597 699; x_wconf 80' lang='grc' dir='ltr'>ὅτι</span> 
     </span>
    </p>
   </div>
   <div class='ocr_carea' id='block_1_32' title="bbox 2000 729 3594 810">
    <p class='ocr_par' dir='ltr' id='par_1_34' title="bbox 2000 729 3594 810">
     <span class='ocr_line' id='line_1_35' title="bbox 2000 729 3594 810; baseline 0.004 -28"><span class='ocrx_word' id='word_1_245' title='bbox 2000 729 2139 792; x_wconf 85' lang='grc' dir='ltr'>ἄπαξ</span> <span class='ocrx_word' id='word_1_246' title='bbox 2190 730 2462 805; x_wconf 78' lang='grc' dir='ltr'>ἐντελεχῶς</span> <span class='ocrx_word' id='word_1_247' title='bbox 2504 737 2900 808; x_wconf 83' lang='grc' dir='ltr'>μετηλλάγησαν</span> <span class='ocrx_word' id='word_1_248' title='bbox 2965 752 2979 803; x_wconf 88' lang='grc'>;</span> <span class='ocrx_word' id='word_1_249' title='bbox 3037 736 3094 789; x_wconf 76' lang='grc' dir='ltr'><strong>Ὀ</strong></span> <span class='ocrx_word' id='word_1_250' title='bbox 3134 738 3238 810; x_wconf 88' lang='grc' dir='ltr'><strong><em>ἄρα</em></strong></span> <span class='ocrx_word' id='word_1_251' title='bbox 3304 735 3594 809; x_wconf 86' lang='grc' dir='ltr'>βαρύτιμος</span> 
     </span>
    </p>
   </div>
   <div class='ocr_carea' id='block_1_33' title="bbox 2003 821 3595 898">
    <p class='ocr_par' dir='ltr' id='par_1_35' title="bbox 2003 821 3595 898">
     <span class='ocr_line' id='line_1_36' title="bbox 2003 821 3595 898; baseline 0.003 -26"><span class='ocrx_word' id='word_1_252' title='bbox 2003 821 2217 893; x_wconf 88' lang='grc' dir='ltr'>θυμικὸς</span> <span class='ocrx_word' id='word_1_253' title='bbox 2246 828 2335 875; x_wconf 77' lang='grc' dir='ltr'>καὶ</span> <span class='ocrx_word' id='word_1_254' title='bbox 2362 826 2388 875; x_wconf 89' lang='grc' dir='ltr'><strong><em>ὸ</em></strong></span> <span class='ocrx_word' id='word_1_255' title='bbox 2435 822 2658 887; x_wconf 75' lang='grc' dir='ltr'>ἀνιδιδης</span> <span class='ocrx_word' id='word_1_256' title='bbox 2704 825 3094 898; x_wconf 81' lang='grc' dir='ltr'>ἐπιθυμητικὸς,</span> <span class='ocrx_word' id='word_1_257' title='bbox 3148 824 3196 877; x_wconf 77' lang='grc' dir='ltr'>ἓν</span> <span class='ocrx_word' id='word_1_258' title='bbox 3246 832 3351 885; x_wconf 86' lang='grc' dir='ltr'>τοῖς</span> <span class='ocrx_word' id='word_1_259' title='bbox 3404 827 3472 887; x_wconf 82' lang='grc' dir='ltr'>ὡς</span> <span class='ocrx_word' id='word_1_260' title='bbox 3503 825 3595 877; x_wconf 83' lang='grc' dir='ltr'>αύ-</span> 
     </span>
    </p>
   </div>
   <div class='ocr_carea' id='block_1_34' title="bbox 1999 911 3595 985">
    <p class='ocr_par' dir='ltr' id='par_1_36' title="bbox 1999 911 3595 985">
     <span class='ocr_line' id='line_1_37' title="bbox 1999 911 3595 985; baseline 0.003 -24"><span class='ocrx_word' id='word_1_261' title='bbox 1999 917 2105 971; x_wconf 86' lang='grc' dir='ltr'>τοῑς</span> <span class='ocrx_word' id='word_1_262' title='bbox 2157 911 2375 983; x_wconf 88' lang='grc' dir='ltr'>ὁμοίοις,</span> <span class='ocrx_word' id='word_1_263' title='bbox 2430 912 2693 975; x_wconf 74' lang='grc' dir='ltr'>ἐπιτάσεις</span> <span class='ocrx_word' id='word_1_264' title='bbox 2747 911 2998 985; x_wconf 78' lang='grc' dir='ltr'>δέχονται</span> <span class='ocrx_word' id='word_1_265' title='bbox 3053 920 3141 967; x_wconf 82' lang='grc' dir='ltr'>καὶ</span> <span class='ocrx_word' id='word_1_266' title='bbox 3194 913 3406 979; x_wconf 81' lang='grc' dir='ltr'>ἀνέσεις,</span> <span class='ocrx_word' id='word_1_267' title='bbox 3457 915 3595 966; x_wconf 90' lang='grc' dir='ltr'><strong><em>καθά</em></strong></span> 
     </span>
    </p>
   </div>
   <div class='ocr_carea' id='block_1_35' title="bbox 1998 1000 3596 1075">
    <p class='ocr_par' dir='ltr' id='par_1_37' title="bbox 1998 1000 3596 1075">
     <span class='ocr_line' id='line_1_38' title="bbox 1998 1000 3596 1075; baseline 0.001 -25"><span class='ocrx_word' id='word_1_268' title='bbox 1998 1004 2240 1058; x_wconf 83' lang='grc' dir='ltr'>ποιότητι</span> <span class='ocrx_word' id='word_1_269' title='bbox 2270 1000 2637 1074; x_wconf 81' lang='grc' dir='ltr'>ἐπιθυμητίκοί</span> <span class='ocrx_word' id='word_1_270' title='bbox 2666 1022 2720 1055; x_wconf 90' lang='grc' dir='ltr'><strong><em>τε</em></strong></span> <span class='ocrx_word' id='word_1_271' title='bbox 2748 1008 2838 1055; x_wconf 83' lang='grc' dir='ltr'>καὶ</span> <span class='ocrx_word' id='word_1_272' title='bbox 2889 1006 3116 1075; x_wconf 88' lang='grc' dir='ltr'>θυμικοί.</span> <span class='ocrx_word' id='word_1_273' title='bbox 3172 1006 3318 1056; x_wconf 78' lang='grc' dir='ltr'><strong><em>Κατὰ</em></strong></span> <span class='ocrx_word' id='word_1_274' title='bbox 3362 1006 3450 1054; x_wconf 88' lang='grc' dir='ltr'><strong><em>τὸν</em></strong></span> <span class='ocrx_word' id='word_1_275' title='bbox 3504 1003 3596 1054; x_wconf 76' lang='grc' dir='ltr'>αύ-</span> 
     </span>
    </p>
   </div>
   <div class='ocr_carea' id='block_1_36' title="bbox 1998 1085 3590 1164">
    <p class='ocr_par' dir='ltr' id='par_1_38' title="bbox 1998 1085 3590 1164">
     <span class='ocr_line' id='line_1_39' title="bbox 1998 1085 3590 1164; baseline 0.002 -25"><span class='ocrx_word' id='word_1_276' title='bbox 1998 1091 2085 1139; x_wconf 89' lang='grc' dir='ltr'><strong><em>τὸν</em></strong></span> <span class='ocrx_word' id='word_1_277' title='bbox 2116 1085 2176 1141; x_wconf 70' lang='grc' dir='ltr'><strong><em>δὲ</em></strong></span> <span class='ocrx_word' id='word_1_278' title='bbox 2212 1090 2360 1161; x_wconf 84' lang='grc' dir='ltr'>λόγον</span> <span class='ocrx_word' id='word_1_279' title='bbox 2407 1096 2497 1143; x_wconf 85' lang='grc' dir='ltr'><strong><em>καὶ</em></strong></span> <span class='ocrx_word' id='word_1_280' title='bbox 2548 1094 2603 1144; x_wconf 84' lang='grc' dir='ltr'>αἱ</span> <span class='ocrx_word' id='word_1_281' title='bbox 2656 1092 2844 1153; x_wconf 79' lang='grc' dir='ltr'>αύτούς</span> <span class='ocrx_word' id='word_1_282' title='bbox 2905 1091 3253 1164; x_wconf 79' lang='grc' dir='ltr'>σῦμπήξασαι</span> <span class='ocrx_word' id='word_1_283' title='bbox 3317 1092 3590 1161; x_wconf 81' lang='grc' dir='ltr'>συζυγίαι,</span> 
     </span>
    </p>
   </div>
   <div class='ocr_carea' id='block_1_37' title="bbox 1999 1178 3592 1253">
    <p class='ocr_par' dir='ltr' id='par_1_39' title="bbox 1999 1178 3592 1253">
     <span class='ocr_line' id='line_1_40' title="bbox 1999 1178 3592 1253; baseline 0.002 -22"><span class='ocrx_word' id='word_1_284' title='bbox 1999 1178 2242 1251; x_wconf 79' lang='grc' dir='ltr'>ἀπείρους</span> <span class='ocrx_word' id='word_1_285' title='bbox 2293 1178 2341 1230; x_wconf 79' lang='grc' dir='ltr'>ἐν</span> <span class='ocrx_word' id='word_1_286' title='bbox 2397 1179 2631 1232; x_wconf 78' lang='grc' dir='ltr'>ἐπιτάσει</span> <span class='ocrx_word' id='word_1_287' title='bbox 2677 1199 2732 1232; x_wconf 92' lang='grc' dir='ltr'><strong><em>τε</em></strong></span> <span class='ocrx_word' id='word_1_288' title='bbox 2786 1185 2876 1232; x_wconf 82' lang='grc' dir='ltr'>καὶ</span> <span class='ocrx_word' id='word_1_289' title='bbox 2931 1179 3119 1245; x_wconf 80' lang='grc' dir='ltr'>ἀνέσει,</span> <span class='ocrx_word' id='word_1_290' title='bbox 3173 1184 3425 1253; x_wconf 85' lang='grc' dir='ltr'>θυμικοὺς</span> <span class='ocrx_word' id='word_1_291' title='bbox 3501 1189 3592 1237; x_wconf 79' lang='grc' dir='ltr'>καὶ</span> 
     </span>
    </p>
   </div>
   <div class='ocr_carea' id='block_1_38' title="bbox 1998 1264 3585 1339">
    <p class='ocr_par' dir='ltr' id='par_1_40' title="bbox 1998 1264 3585 1339">
     <span class='ocr_line' id='line_1_41' title="bbox 1998 1264 3585 1339; baseline 0.001 -20"><span class='ocrx_word' id='word_1_292' title='bbox 1998 1266 2407 1339; x_wconf 76' lang='grc' dir='ltr'>ὶπιθυμητικούς</span> <span class='ocrx_word' id='word_1_293' title='bbox 2445 1272 2783 1335; x_wconf 85' lang='grc' dir='ltr'>ποιήσουσιν,</span> <span class='ocrx_word' id='word_1_294' title='bbox 2811 1266 3145 1329; x_wconf 80' lang='grc' dir='ltr'>ἐναλλάξουσι</span> <span class='ocrx_word' id='word_1_295' title='bbox 3174 1264 3233 1319; x_wconf 61' lang='grc' dir='ltr'><strong><em>δὲ</em></strong></span> <span class='ocrx_word' id='word_1_296' title='bbox 3275 1267 3456 1320; x_wconf 81' lang='grc' dir='ltr'>οὔποτ’</span> <span class='ocrx_word' id='word_1_297' title='bbox 3506 1270 3585 1321; x_wconf 89' lang='grc' dir='ltr'>ἄν.</span> 
     </span>
    </p>
   </div>
   <div class='ocr_carea' id='block_1_39' title="bbox 2001 1353 3585 1429">
    <p class='ocr_par' dir='ltr' id='par_1_41' title="bbox 2001 1353 3585 1429">
     <span class='ocr_line' id='line_1_42' title="bbox 2001 1353 3585 1429; baseline 0.002 -22"><span class='ocrx_word' id='word_1_298' title='bbox 2001 1360 2098 1408; x_wconf 81' lang='grc' dir='ltr'><strong><em>Καὶ</em></strong></span> <span class='ocrx_word' id='word_1_299' title='bbox 2140 1354 2227 1407; x_wconf 86' lang='grc' dir='ltr'>ἀπ’</span> <span class='ocrx_word' id='word_1_300' title='bbox 2260 1353 2436 1429; x_wconf 76' lang='grc' dir='ltr'>ἀρχῆς</span> <span class='ocrx_word' id='word_1_301' title='bbox 2453 1364 2579 1426; x_wconf 81' lang='grc' dir='ltr'>γοῦν</span> <span class='ocrx_word' id='word_1_302' title='bbox 2604 1358 2741 1408; x_wconf 87' lang='grc' dir='ltr'><strong><em>κατά</em></strong></span> <span class='ocrx_word' id='word_1_303' title='bbox 2771 1360 2854 1408; x_wconf 88' lang='grc' dir='ltr'><strong><em>τὸν</em></strong></span> <span class='ocrx_word' id='word_1_304' title='bbox 2885 1357 3040 1408; x_wconf 76' lang='grc' dir='ltr'>αὐτὸν</span> <span class='ocrx_word' id='word_1_305' title='bbox 3070 1355 3221 1426; x_wconf 85' lang='grc' dir='ltr'>λόγον</span> <span class='ocrx_word' id='word_1_306' title='bbox 3267 1357 3322 1407; x_wconf 84' lang='grc' dir='ltr'>τί</span> <span class='ocrx_word' id='word_1_307' title='bbox 3377 1376 3430 1409; x_wconf 89' lang='grc' dir='ltr'><strong><em>τε</em></strong></span> <span class='ocrx_word' id='word_1_308' title='bbox 3498 1377 3585 1410; x_wconf 85' lang='grc' dir='ltr'><strong><em>συ-</em></strong></span> 
     </span>
    </p>
   </div>
   <div class='ocr_carea' id='block_1_40' title="bbox 1998 1443 3589 1516">
    <p class='ocr_par' dir='ltr' id='par_1_42' title="bbox 1998 1443 3589 1516">
     <span class='ocr_line' id='line_1_43' title="bbox 1998 1443 3589 1516; baseline 0.001 -20"><span class='ocrx_word' id='word_1_309' title='bbox 1998 1444 2181 1513; x_wconf 79' lang='grc' dir='ltr'>ζυγίαι</span> <span class='ocrx_word' id='word_1_310' title='bbox 2209 1448 2299 1495; x_wconf 82' lang='grc' dir='ltr'>καὶ</span> <span class='ocrx_word' id='word_1_311' title='bbox 2326 1446 2390 1496; x_wconf 88' lang='grc' dir='ltr'><strong><em>τά</em></strong></span> <span class='ocrx_word' id='word_1_312' title='bbox 2420 1443 2474 1506; x_wconf 72' lang='grc' dir='ltr'><strong><em>ἕξ</em></strong></span> <span class='ocrx_word' id='word_1_313' title='bbox 2524 1445 2693 1495; x_wconf 73' lang='grc' dir='ltr'>αὐτῶν</span> <span class='ocrx_word' id='word_1_314' title='bbox 2731 1445 2900 1516; x_wconf 88' lang='grc' dir='ltr'>ἄτομα</span> <span class='ocrx_word' id='word_1_315' title='bbox 2954 1447 3046 1505; x_wconf 79' lang='grc' dir='ltr'>ἕως</span> <span class='ocrx_word' id='word_1_316' title='bbox 3098 1444 3272 1504; x_wconf 78' lang='grc' dir='ltr'>τέλους</span> <span class='ocrx_word' id='word_1_317' title='bbox 3328 1444 3589 1509; x_wconf 69' lang='grc' dir='ltr'>ἐπιτάσεις</span> 
     </span>
    </p>
   </div>
   <div class='ocr_carea' id='block_1_41' title="bbox 1998 1529 3588 1606">
    <p class='ocr_par' dir='ltr' id='par_1_43' title="bbox 1998 1529 3588 1606">
     <span class='ocr_line' id='line_1_44' title="bbox 1998 1529 3588 1606; baseline 0.003 -24"><span class='ocrx_word' id='word_1_318' title='bbox 1998 1529 2241 1594; x_wconf 80' lang='grc' dir='ltr'>δέξονααι</span> <span class='ocrx_word' id='word_1_319' title='bbox 2270 1536 2359 1583; x_wconf 80' lang='grc' dir='ltr'>καὶ</span> <span class='ocrx_word' id='word_1_320' title='bbox 2380 1531 2596 1598; x_wconf 69' lang='grc' dir='ltr'>ἀνέσεις,</span> <span class='ocrx_word' id='word_1_321' title='bbox 2655 1532 2787 1590; x_wconf 85' lang='grc' dir='ltr'>πλήν</span> <span class='ocrx_word' id='word_1_322' title='bbox 2843 1529 2902 1584; x_wconf 68' lang='grc' dir='ltr'><strong><em>δὲ</em></strong></span> <span class='ocrx_word' id='word_1_323' title='bbox 2949 1552 3010 1603; x_wconf 86' lang='grc' dir='ltr'><strong><em>γε</em></strong></span> <span class='ocrx_word' id='word_1_324' title='bbox 3055 1541 3155 1584; x_wconf 87' lang='grc' dir='ltr'><strong><em>τῶν</em></strong></span> <span class='ocrx_word' id='word_1_325' title='bbox 3212 1532 3409 1585; x_wconf 85' lang='grc' dir='ltr'>οἰκείων</span> <span class='ocrx_word' id='word_1_326' title='bbox 3458 1535 3588 1606; x_wconf 85' lang='grc' dir='ltr'>ὅρων</span> 
     </span>
    </p>
   </div>
   <div class='ocr_carea' id='block_1_42' title="bbox 1996 1619 3588 1694">
    <p class='ocr_par' dir='ltr' id='par_1_44' title="bbox 1996 1619 3588 1694">
     <span class='ocr_line' id='line_1_45' title="bbox 1996 1619 3588 1694; baseline 0.002 -23"><span class='ocrx_word' id='word_1_327' title='bbox 1996 1619 2157 1689; x_wconf 72' lang='grc' dir='ltr'>ἕντὸς,</span> <span class='ocrx_word' id='word_1_328' title='bbox 2213 1625 2425 1693; x_wconf 85' lang='grc' dir='ltr'>πότερον</span> <span class='ocrx_word' id='word_1_329' title='bbox 2484 1621 2689 1694; x_wconf 89' lang='grc' dir='ltr'>ἄπειροι</span> <span class='ocrx_word' id='word_1_330' title='bbox 2740 1622 2969 1692; x_wconf 88' lang='grc' dir='ltr'>θυμικοί,</span> <span class='ocrx_word' id='word_1_331' title='bbox 3015 1620 3147 1678; x_wconf 82' lang='grc' dir='ltr'>πλὴν</span> <span class='ocrx_word' id='word_1_332' title='bbox 3214 1623 3425 1692; x_wconf 84' lang='grc' dir='ltr'>θυμικοὶ</span> <span class='ocrx_word' id='word_1_333' title='bbox 3499 1626 3588 1674; x_wconf 86' lang='grc' dir='ltr'>καὶ</span> 
     </span>
    </p>
   </div>
   <div class='ocr_carea' id='block_1_43' title="bbox 1995 1705 3591 1783">
    <p class='ocr_par' dir='ltr' id='par_1_45' title="bbox 1995 1705 3591 1783">
     <span class='ocr_line' id='line_1_46' title="bbox 1995 1705 3591 1783; baseline 0 -22"><span class='ocrx_word' id='word_1_334' title='bbox 1995 1711 2201 1783; x_wconf 86' lang='grc' dir='ltr'>ἄπειροι</span> <span class='ocrx_word' id='word_1_335' title='bbox 2249 1709 2634 1781; x_wconf 74' lang='grc' dir='ltr'>ἕπιθυμητικοὶ,</span> <span class='ocrx_word' id='word_1_336' title='bbox 2681 1708 2814 1766; x_wconf 77' lang='grc' dir='ltr'>πλὴν</span> <span class='ocrx_word' id='word_1_337' title='bbox 2864 1705 3230 1766; x_wconf 79' lang='grc' dir='ltr'>ἐπιθυδητικοὶ</span> <span class='ocrx_word' id='word_1_338' title='bbox 3288 1714 3377 1761; x_wconf 81' lang='grc' dir='ltr'>καὶ</span> <span class='ocrx_word' id='word_1_339' title='bbox 3445 1710 3591 1761; x_wconf 88' lang='grc' dir='ltr'>ἄπει-</span> 
     </span>
    </p>
   </div>
   <div class='ocr_carea' id='block_1_44' title="bbox 1994 1796 3588 1870">
    <p class='ocr_par' dir='ltr' id='par_1_46' title="bbox 1994 1796 3588 1870">
     <span class='ocr_line' id='line_1_47' title="bbox 1994 1796 3588 1870; baseline -0.001 -20"><span class='ocrx_word' id='word_1_340' title='bbox 1994 1817 2077 1870; x_wconf 90' lang='grc' dir='ltr'><strong><em>ροι</em></strong></span> <span class='ocrx_word' id='word_1_341' title='bbox 2106 1803 2365 1870; x_wconf 75' lang='grc' dir='ltr'>φρόνιμοι,</span> <span class='ocrx_word' id='word_1_342' title='bbox 2407 1797 2537 1856; x_wconf 82' lang='grc' dir='ltr'>πλὴν</span> <span class='ocrx_word' id='word_1_343' title='bbox 2589 1802 2848 1870; x_wconf 78' lang='grc' dir='ltr'>φρόνιμοι,</span> <span class='ocrx_word' id='word_1_344' title='bbox 2916 1799 2997 1850; x_wconf 85' lang='grc' dir='ltr'>ὅτι</span> <span class='ocrx_word' id='word_1_345' title='bbox 3052 1796 3188 1857; x_wconf 71' lang='grc' dir='ltr'>ἐντὸς</span> <span class='ocrx_word' id='word_1_346' title='bbox 3232 1806 3333 1848; x_wconf 90' lang='grc' dir='ltr'><strong><em>τῶν</em></strong></span> <span class='ocrx_word' id='word_1_347' title='bbox 3389 1798 3588 1849; x_wconf 85' lang='grc' dir='ltr'>οἰκείων</span> 
     </span>
    </p>
   </div>
   <div class='ocr_carea' id='block_1_45' title="bbox 1994 1885 3586 1961">
    <p class='ocr_par' dir='ltr' id='par_1_47' title="bbox 1994 1885 3586 1961">
     <span class='ocr_line' id='line_1_48' title="bbox 1994 1885 3586 1961; baseline 0 -23"><span class='ocrx_word' id='word_1_348' title='bbox 1994 1889 2124 1960; x_wconf 84' lang='grc' dir='ltr'>ὅρων</span> <span class='ocrx_word' id='word_1_349' title='bbox 2176 1889 2361 1949; x_wconf 81' lang='grc' dir='ltr'>πάντες</span> <span class='ocrx_word' id='word_1_350' title='bbox 2428 1888 2639 1959; x_wconf 85' lang='grc' dir='ltr'>θυμικοὶ</span> <span class='ocrx_word' id='word_1_351' title='bbox 2683 1887 2773 1939; x_wconf 83' lang='grc' dir='ltr'><strong>καί</strong></span> <span class='ocrx_word' id='word_1_352' title='bbox 2829 1885 3196 1958; x_wconf 75' lang='grc' dir='ltr'>ἓπιθυμητικοὶ</span> <span class='ocrx_word' id='word_1_353' title='bbox 3249 1891 3340 1938; x_wconf 79' lang='grc' dir='ltr'>καὶ</span> <span class='ocrx_word' id='word_1_354' title='bbox 3412 1891 3586 1961; x_wconf 79' lang='grc' dir='ltr'>φρόνι-</span> 
     </span>
    </p>
   </div>
   <div class='ocr_carea' id='block_1_46' title="bbox 1993 1972 3588 2049">
    <p class='ocr_par' dir='ltr' id='par_1_48' title="bbox 1993 1972 3588 2049">
     <span class='ocr_line' id='line_1_49' title="bbox 1993 1972 3588 2049; baseline -0.001 -21"><span class='ocrx_word' id='word_1_355' title='bbox 1993 1980 2084 2049; x_wconf 89' lang='grc' dir='ltr'><strong><em>μοί</em></strong></span> <span class='ocrx_word' id='word_1_356' title='bbox 2110 1975 2258 2031; x_wconf 86' lang='grc' dir='ltr'>εἰσιν.</span> <span class='ocrx_word' id='word_1_357' title='bbox 2293 1977 2459 2029; x_wconf 79' lang='grc' dir='ltr'>Αὗται</span> <span class='ocrx_word' id='word_1_358' title='bbox 2492 1984 2617 2047; x_wconf 85' lang='grc' dir='ltr'>γοῦν</span> <span class='ocrx_word' id='word_1_359' title='bbox 2643 1978 2692 2029; x_wconf 83' lang='grc' dir='ltr'>οἱ</span> <span class='ocrx_word' id='word_1_360' title='bbox 2720 1973 2817 2029; x_wconf 86' lang='grc' dir='ltr'>δύο</span> <span class='ocrx_word' id='word_1_361' title='bbox 2844 1972 3113 2047; x_wconf 79' lang='grc' dir='ltr'>διαφοραὶ,</span> <span class='ocrx_word' id='word_1_362' title='bbox 3165 1977 3197 2033; x_wconf 80' lang='grc' dir='ltr'><em>ἧ</em></span> <span class='ocrx_word' id='word_1_363' title='bbox 3261 1992 3315 2027; x_wconf 88' lang='grc' dir='ltr'><strong><em>τε</em></strong></span> <span class='ocrx_word' id='word_1_364' title='bbox 3370 1977 3465 2035; x_wconf 84' lang='grc' dir='ltr'>τὰς</span> <span class='ocrx_word' id='word_1_365' title='bbox 3514 1972 3588 2026; x_wconf 66' lang='grc' dir='ltr'><strong><em>ἕνα</em></strong></span> 
     </span>
    </p>
   </div>
   <div class='ocr_carea' id='block_1_47' title="bbox 1992 2061 3587 2135">
    <p class='ocr_par' dir='ltr' id='par_1_49' title="bbox 1992 2061 3587 2135">
     <span class='ocr_line' id='line_1_50' title="bbox 1992 2061 3587 2135; baseline -0.001 -20"><span class='ocrx_word' id='word_1_366' title='bbox 1992 2069 2266 2122; x_wconf 82' lang='grc' dir='ltr'>νενήκοντα</span> <span class='ocrx_word' id='word_1_367' title='bbox 2317 2069 2407 2117; x_wconf 78' lang='grc' dir='ltr'>καὶ</span> <span class='ocrx_word' id='word_1_368' title='bbox 2464 2061 2561 2117; x_wconf 85' lang='grc' dir='ltr'>δύο</span> <span class='ocrx_word' id='word_1_369' title='bbox 2625 2069 2922 2122; x_wconf 77' lang='grc' dir='ltr'>ποιήσασαι</span> <span class='ocrx_word' id='word_1_370' title='bbox 2997 2064 3256 2135; x_wconf 81' lang='grc' dir='ltr'>συζυγίας</span> <span class='ocrx_word' id='word_1_371' title='bbox 3327 2068 3417 2115; x_wconf 80' lang='grc' dir='ltr'>καὶ</span> <span class='ocrx_word' id='word_1_372' title='bbox 3490 2067 3587 2122; x_wconf 74' lang='grc' dir='ltr'>τὴν</span> 
     </span>
    </p>
   </div>
   <div class='ocr_carea' id='block_1_48' title="bbox 1991 2151 3589 2227">
    <p class='ocr_par' dir='ltr' id='par_1_50' title="bbox 1991 2151 3589 2227">
     <span class='ocr_line' id='line_1_51' title="bbox 1991 2151 3589 2227; baseline -0.001 -22"><span class='ocrx_word' id='word_1_373' title='bbox 1991 2153 2179 2217; x_wconf 81' lang='grc' dir='ltr'>ἁπλῆν,</span> <span class='ocrx_word' id='word_1_374' title='bbox 2234 2158 2324 2206; x_wconf 79' lang='grc' dir='ltr'>καὶ</span> <span class='ocrx_word' id='word_1_375' title='bbox 2368 2156 2398 2211; x_wconf 79' lang='grc' dir='ltr'><strong>ἡ</strong></span> <span class='ocrx_word' id='word_1_376' title='bbox 2458 2155 2547 2213; x_wconf 86' lang='grc' dir='ltr'><strong><em>τὰς</em></strong></span> <span class='ocrx_word' id='word_1_377' title='bbox 2605 2154 2852 2227; x_wconf 87' lang='grc' dir='ltr'>ἀπείρους</span> <span class='ocrx_word' id='word_1_378' title='bbox 2902 2152 3099 2215; x_wconf 84' lang='grc' dir='ltr'>ἀνέσεις</span> <span class='ocrx_word' id='word_1_379' title='bbox 3158 2156 3243 2204; x_wconf 74' lang='grc' dir='ltr'>καὶ</span> <span class='ocrx_word' id='word_1_380' title='bbox 3322 2151 3589 2214; x_wconf 66' lang='grc' dir='ltr'>ἐπιτάσεις</span> 
     </span>
    </p>
   </div>
   <div class='ocr_carea' id='block_1_49' title="bbox 1991 2240 3586 2313">
    <p class='ocr_par' dir='ltr' id='par_1_51' title="bbox 1991 2240 3586 2313">
     <span class='ocr_line' id='line_1_52' title="bbox 1991 2240 3586 2313; baseline -0.001 -19"><span class='ocrx_word' id='word_1_381' title='bbox 1991 2246 2197 2313; x_wconf 70' lang='grc' dir='ltr'>ἔχουσα</span> <span class='ocrx_word' id='word_1_382' title='bbox 2244 2247 2334 2294; x_wconf 82' lang='grc' dir='ltr'>καὶ</span> <span class='ocrx_word' id='word_1_383' title='bbox 2371 2245 2563 2303; x_wconf 85' lang='grc' dir='ltr'>ταύτας</span> <span class='ocrx_word' id='word_1_384' title='bbox 2600 2250 2700 2293; x_wconf 88' lang='grc' dir='ltr'><strong><em>τῶν</em></strong></span> <span class='ocrx_word' id='word_1_385' title='bbox 2755 2242 3020 2312; x_wconf 84' lang='grc' dir='ltr'>συζυγιῶν</span> <span class='ocrx_word' id='word_1_386' title='bbox 3073 2240 3233 2302; x_wconf 73' lang='grc' dir='ltr'>ἐντὸς.</span> <span class='ocrx_word' id='word_1_387' title='bbox 3291 2243 3384 2293; x_wconf 85' lang='grc' dir='ltr'>Διά</span> <span class='ocrx_word' id='word_1_388' title='bbox 3434 2249 3586 2293; x_wconf 82' lang='grc' dir='ltr'>τοῦτο</span> 
     </span>
    </p>
   </div>
   <div class='ocr_carea' id='block_1_50' title="bbox 1989 2326 3588 2403">
    <p class='ocr_par' dir='ltr' id='par_1_52' title="bbox 1989 2326 3588 2403">
     <span class='ocr_line' id='line_1_53' title="bbox 1989 2326 3588 2403; baseline -0.002 -20"><span class='ocrx_word' id='word_1_389' title='bbox 1989 2331 2084 2383; x_wconf 85' lang='grc' dir='ltr'><strong><em>ούκ</em></strong></span> <span class='ocrx_word' id='word_1_390' title='bbox 2117 2333 2178 2383; x_wconf 84' lang='grc' dir='ltr'><strong><em>ἄν</em></strong></span> <span class='ocrx_word' id='word_1_391' title='bbox 2217 2349 2292 2391; x_wconf 87' lang='grc' dir='ltr'><strong><em>τις</em></strong></span> <span class='ocrx_word' id='word_1_392' title='bbox 2345 2330 2609 2403; x_wconf 69' lang='grc' dir='ltr'>ἄπιστήμη</span> <span class='ocrx_word' id='word_1_393' title='bbox 2661 2338 2892 2402; x_wconf 83' lang='grc' dir='ltr'>γενναῖος</span> <span class='ocrx_word' id='word_1_394' title='bbox 2938 2328 3326 2401; x_wconf 68' lang='grc' dir='ltr'>παραλὲογισθῇ</span> <span class='ocrx_word' id='word_1_395' title='bbox 3373 2326 3469 2382; x_wconf 80' lang='grc' dir='ltr'><strong><em>διὰ</em></strong></span> <span class='ocrx_word' id='word_1_396' title='bbox 3491 2334 3588 2387; x_wconf 83' lang='grc' dir='ltr'>τὴν</span> 
     </span>
    </p>
   </div>
   <div class='ocr_carea' id='block_1_51' title="bbox 1989 2419 3584 2492">
    <p class='ocr_par' dir='ltr' id='par_1_53' title="bbox 1989 2419 3584 2492">
     <span class='ocr_line' id='line_1_54' title="bbox 1989 2419 3584 2492; baseline -0.003 -19"><span class='ocrx_word' id='word_1_397' title='bbox 1989 2421 2248 2491; x_wconf 70' lang='grc' dir='ltr'>ἐπίτασιν,</span> <span class='ocrx_word' id='word_1_398' title='bbox 2286 2419 2420 2473; x_wconf 81' lang='grc' dir='ltr'>ὥστε</span> <span class='ocrx_word' id='word_1_399' title='bbox 2442 2423 2555 2491; x_wconf 68' lang='grc' dir='ltr'>ἔχει</span> <span class='ocrx_word' id='word_1_400' title='bbox 2584 2424 2672 2471; x_wconf 89' lang='grc' dir='ltr'><strong><em>τὸν</em></strong></span> <span class='ocrx_word' id='word_1_401' title='bbox 2722 2419 2771 2471; x_wconf 76' lang='grc' dir='ltr'>ἐν</span> <span class='ocrx_word' id='word_1_402' title='bbox 2819 2422 2996 2492; x_wconf 80' lang='grc' dir='ltr'>ὑφέσει</span> <span class='ocrx_word' id='word_1_403' title='bbox 3049 2420 3268 2491; x_wconf 85' lang='grc' dir='ltr'>θυμικὸν</span> <span class='ocrx_word' id='word_1_404' title='bbox 3310 2437 3440 2491; x_wconf 90' lang='grc' dir='ltr'>προς</span> <span class='ocrx_word' id='word_1_405' title='bbox 3496 2422 3584 2471; x_wconf 87' lang='grc' dir='ltr'><strong><em>τὸν</em></strong></span> 
     </span>
    </p>
   </div>
   <div class='ocr_carea' id='block_1_52' title="bbox 1990 2507 3587 2583">
    <p class='ocr_par' dir='ltr' id='par_1_54' title="bbox 1990 2507 3587 2583">
     <span class='ocr_line' id='line_1_55' title="bbox 1990 2507 3587 2583; baseline -0.001 -22"><span class='ocrx_word' id='word_1_406' title='bbox 1990 2507 2040 2561; x_wconf 72' lang='grc' dir='ltr'>ἓν</span> <span class='ocrx_word' id='word_1_407' title='bbox 2068 2509 2300 2562; x_wconf 77' lang='grc' dir='ltr'>ἐπιτάσει</span> <span class='ocrx_word' id='word_1_408' title='bbox 2329 2508 2499 2576; x_wconf 85' lang='grc' dir='ltr'>ἄλλον,</span> <span class='ocrx_word' id='word_1_409' title='bbox 2532 2508 2636 2560; x_wconf 86' lang='grc' dir='ltr'>ἀλλ’</span> <span class='ocrx_word' id='word_1_410' title='bbox 2673 2508 2823 2560; x_wconf 82' lang='grc' dir='ltr'>ἄλλον</span> <span class='ocrx_word' id='word_1_411' title='bbox 2876 2516 3036 2583; x_wconf 80' lang='grc' dir='ltr'>κρίνει</span> <span class='ocrx_word' id='word_1_412' title='bbox 3086 2526 3169 2560; x_wconf 92' lang='grc' dir='ltr'><strong><em>τον</em></strong></span> <span class='ocrx_word' id='word_1_413' title='bbox 3219 2509 3437 2579; x_wconf 88' lang='grc' dir='ltr'>θυμικὸν</span> <span class='ocrx_word' id='word_1_414' title='bbox 3493 2514 3587 2559; x_wconf 85' lang='grc' dir='ltr'>τοῦ</span> 
     </span>
    </p>
   </div>
   <div class='ocr_carea' id='block_1_53' title="bbox 1986 2594 3584 2672">
    <p class='ocr_par' dir='ltr' id='par_1_55' title="bbox 1986 2594 3584 2672">
     <span class='ocr_line' id='line_1_56' title="bbox 1986 2594 3584 2672; baseline -0.003 -21"><span class='ocrx_word' id='word_1_415' title='bbox 1986 2598 2387 2672; x_wconf 70' lang='grc' dir='ltr'>ἕπιθυμητικοῡ,</span> <span class='ocrx_word' id='word_1_416' title='bbox 2419 2602 2509 2651; x_wconf 83' lang='lat' dir='ltr'><strong><em>xui</em></strong></span> <span class='ocrx_word' id='word_1_417' title='bbox 2537 2596 2848 2669; x_wconf 69' lang='grc' dir='ltr'>τοῦμπαλιν,</span> <span class='ocrx_word' id='word_1_418' title='bbox 2880 2596 3020 2650; x_wconf 77' lang='grc' dir='ltr'>Αὐτὸ</span> <span class='ocrx_word' id='word_1_419' title='bbox 3049 2594 3110 2649; x_wconf 71' lang='grc' dir='ltr'>δε</span> <span class='ocrx_word' id='word_1_420' title='bbox 3132 2603 3287 2649; x_wconf 76' lang='grc' dir='ltr'>τοῦτο</span> <span class='ocrx_word' id='word_1_421' title='bbox 3349 2600 3441 2648; x_wconf 80' lang='grc' dir='ltr'>καὶ</span> <span class='ocrx_word' id='word_1_422' title='bbox 3486 2598 3584 2649; x_wconf 90' lang='grc' dir='ltr'>πά-</span> 
     </span>
    </p>
   </div>
   <div class='ocr_carea' id='block_1_54' title="bbox 200 2817 3607 2903">
    <p class='ocr_par' dir='ltr' id='par_1_56' title="bbox 200 2817 3607 2903">
     <span class='ocr_line' id='line_1_57' title="bbox 200 2817 3607 2903; baseline 0.003 -30"><span class='ocrx_word' id='word_1_423' title='bbox 200 2817 526 2893; x_wconf 86' lang='lat' dir='ltr'><strong><em>indemque</em></strong></span> <span class='ocrx_word' id='word_1_424' title='bbox 548 2821 925 2879; x_wconf 83' lang='lat' dir='ltr'><strong><em>individuum</em></strong></span> <span class='ocrx_word' id='word_1_425' title='bbox 952 2839 1084 2880; x_wconf 91' lang='lat' dir='ltr'><strong><em>esse</em></strong></span> <span class='ocrx_word' id='word_1_426' title='bbox 1100 2826 1295 2895; x_wconf 84' lang='lat' dir='ltr'><strong><em>magis</em></strong></span> <span class='ocrx_word' id='word_1_427' title='bbox 1308 2831 1364 2882; x_wconf 91' lang='lat' dir='ltr'><strong><em>et</em></strong></span> <span class='ocrx_word' id='word_1_428' title='bbox 1394 2828 1593 2884; x_wconf 91' lang='lat' dir='ltr'><strong><em>minus</em></strong></span> <span class='ocrx_word' id='word_1_429' title='bbox 1618 2829 1851 2885; x_wconf 90' lang='lat' dir='ltr'><strong><em>iracun-</em></strong></span> <span class='ocrx_word' id='word_1_430' title='bbox 1888 2829 1929 2885; x_wconf 92' lang='lat' dir='ltr'><strong>C</strong></span> <span class='ocrx_word' id='word_1_431' title='bbox 1962 2834 2190 2903; x_wconf 88' lang='lat' dir='ltr'><strong><em>septem</em></strong></span> <span class='ocrx_word' id='word_1_432' title='bbox 2211 2835 2519 2902; x_wconf 69' lang='lat' dir='ltr'><strong><em>sunt,quae</em></strong></span> <span class='ocrx_word' id='word_1_433' title='bbox 2541 2831 2874 2901; x_wconf 88' lang='lat' dir='ltr'><strong><em>temperant</em></strong></span> <span class='ocrx_word' id='word_1_434' title='bbox 2891 2826 3220 2899; x_wconf 84' lang='lat' dir='ltr'><strong><em>simplicem</em></strong></span> <span class='ocrx_word' id='word_1_435' title='bbox 3239 2826 3607 2897; x_wconf 88' lang='lat' dir='ltr'><strong><em>conjugatio-</em></strong></span> 
     </span>
    </p>
   </div>
   <div class='ocr_carea' id='block_1_55' title="bbox 199 2907 1842 2989">
    <p class='ocr_par' dir='ltr' id='par_1_57' title="bbox 199 2907 1842 2989">
     <span class='ocr_line' id='line_1_58' title="bbox 199 2907 1842 2989; baseline 0.006 -26"><span class='ocrx_word' id='word_1_436' title='bbox 199 2907 370 2976; x_wconf 90' lang='lat' dir='ltr'><strong><em>dum,</em></strong></span> <span class='ocrx_word' id='word_1_437' title='bbox 403 2909 506 2965; x_wconf 90' lang='lat' dir='ltr'><strong><em>sed</em></strong></span> <span class='ocrx_word' id='word_1_438' title='bbox 532 2926 907 2985; x_wconf 71' lang='lat' dir='ltr'><strong><em>quaecunqae</em></strong></span> <span class='ocrx_word' id='word_1_439' title='bbox 927 2912 1002 2968; x_wconf 92' lang='lat' dir='ltr'><strong><em>ad</em></strong></span> <span class='ocrx_word' id='word_1_440' title='bbox 1023 2913 1300 2970; x_wconf 84' lang='lat' dir='ltr'><strong><em>eamdem</em></strong></span> <span class='ocrx_word' id='word_1_441' title='bbox 1333 2931 1469 2970; x_wconf 92' lang='lat' dir='ltr'><strong><em>cum</em></strong></span> <span class='ocrx_word' id='word_1_442' title='bbox 1488 2918 1621 2989; x_wconf 91' lang='lat' dir='ltr'><strong><em>ipso</em></strong></span> <span class='ocrx_word' id='word_1_443' title='bbox 1647 2918 1842 2989; x_wconf 89' lang='lat' dir='ltr'><strong><em>conju-</em></strong></span> 
     </span>
    </p>
   </div>
   <div class='ocr_carea' id='block_1_56' title="bbox 198 2998 1848 3079">
    <p class='ocr_par' dir='ltr' id='par_1_58' title="bbox 198 2998 1848 3079">
     <span class='ocr_line' id='line_1_59' title="bbox 198 2998 1848 3079; baseline 0.005 -26"><span class='ocrx_word' id='word_1_444' title='bbox 198 2998 500 3079; x_wconf 84' lang='lat' dir='ltr'><strong><em>gationem</em></strong></span> <span class='ocrx_word' id='word_1_445' title='bbox 530 2998 883 3079; x_wconf 83' lang='lat' dir='ltr'><strong><em>referuntur,</em></strong></span> <span class='ocrx_word' id='word_1_446' title='bbox 916 3007 1021 3057; x_wconf 87' lang='lat' dir='ltr'><strong><em>aut</em></strong></span> <span class='ocrx_word' id='word_1_447' title='bbox 1041 3002 1255 3058; x_wconf 90' lang='lat' dir='ltr'><strong><em>eodem</em></strong></span> <span class='ocrx_word' id='word_1_448' title='bbox 1297 3006 1479 3061; x_wconf 90' lang='lat' dir='ltr'><strong><em>modo</em></strong></span> <span class='ocrx_word' id='word_1_449' title='bbox 1512 3013 1649 3062; x_wconf 90' lang='lat' dir='ltr'><strong><em>sunt</em></strong></span> <span class='ocrx_word' id='word_1_450' title='bbox 1694 3007 1848 3062; x_wconf 90' lang='lat' dir='ltr'><strong><em>indi-</em></strong></span> 
     </span>
    </p>
   </div>
   <div class='ocr_carea' id='block_1_57' title="bbox 195 3078 1849 3162">
    <p class='ocr_par' dir='ltr' id='par_1_59' title="bbox 195 3078 1849 3162">
     <span class='ocr_line' id='line_1_60' title="bbox 195 3078 1849 3162; baseline 0.006 -21"><span class='ocrx_word' id='word_1_451' title='bbox 195 3085 404 3142; x_wconf 91' lang='lat' dir='ltr'><strong><em>vidua.</em></strong></span> <span class='ocrx_word' id='word_1_452' title='bbox 428 3078 622 3153; x_wconf 87' lang='lat' dir='ltr'><strong><em>Quare</em></strong></span> <span class='ocrx_word' id='word_1_453' title='bbox 663 3105 860 3145; x_wconf 83' lang='lat' dir='ltr'><strong><em>saevus</em></strong></span> <span class='ocrx_word' id='word_1_454' title='bbox 890 3090 994 3162; x_wconf 87' lang='lat' dir='ltr'><strong><em>qui</em></strong></span> <span class='ocrx_word' id='word_1_455' title='bbox 1031 3091 1364 3147; x_wconf 91' lang='lat' dir='ltr'><strong><em>secundum</em></strong></span> <span class='ocrx_word' id='word_1_456' title='bbox 1387 3094 1770 3150; x_wconf 81' lang='lat' dir='ltr'><strong><em>remissiones</em></strong></span> <span class='ocrx_word' id='word_1_457' title='bbox 1791 3100 1849 3151; x_wconf 91' lang='lat' dir='ltr'><strong><em>et</em></strong></span> 
     </span>
    </p>
   </div>
   <div class='ocr_carea' id='block_1_58' title="bbox 196 3175 1849 3251">
    <p class='ocr_par' dir='ltr' id='par_1_60' title="bbox 196 3175 1849 3251">
     <span class='ocr_line' id='line_1_61' title="bbox 196 3175 1849 3251; baseline 0.005 -21"><span class='ocrx_word' id='word_1_458' title='bbox 196 3175 563 3247; x_wconf 81' lang='lat' dir='ltr'><strong><em>intensiones</em></strong></span> <span class='ocrx_word' id='word_1_459' title='bbox 593 3180 679 3233; x_wconf 90' lang='lat' dir='ltr'><strong><em>est</em></strong></span> <span class='ocrx_word' id='word_1_460' title='bbox 716 3178 1062 3245; x_wconf 83' lang='lat' dir='ltr'><strong><em>iracundus,</em></strong></span> <span class='ocrx_word' id='word_1_461' title='bbox 1091 3179 1357 3236; x_wconf 90' lang='lat' dir='ltr'><strong><em>inﬁnitus</em></strong></span> <span class='ocrx_word' id='word_1_462' title='bbox 1382 3186 1471 3237; x_wconf 92' lang='lat' dir='ltr'><strong><em>est</em></strong></span> <span class='ocrx_word' id='word_1_463' title='bbox 1497 3202 1510 3251; x_wconf 90' lang='lat'><strong>;</strong></span> <span class='ocrx_word' id='word_1_464' title='bbox 1545 3188 1600 3239; x_wconf 91' lang='lat' dir='ltr'><strong><em>et</em></strong></span> <span class='ocrx_word' id='word_1_465' title='bbox 1639 3182 1849 3239; x_wconf 86' lang='lat' dir='ltr'><strong><em>sollici-</em></strong></span> 
     </span>
    </p>
   </div>
   <div class='ocr_carea' id='block_1_59' title="bbox 198 3264 1845 3340">
    <p class='ocr_par' dir='ltr' id='par_1_61' title="bbox 198 3264 1845 3340">
     <span class='ocr_line' id='line_1_62' title="bbox 198 3264 1845 3340; baseline 0.004 -20"><span class='ocrx_word' id='word_1_466' title='bbox 198 3269 294 3339; x_wconf 85' lang='lat' dir='ltr'><strong><em>tus</em></strong></span> <span class='ocrx_word' id='word_1_467' title='bbox 322 3264 469 3321; x_wconf 89' lang='lat' dir='ltr'><strong><em>solet</em></strong></span> <span class='ocrx_word' id='word_1_468' title='bbox 496 3281 625 3321; x_wconf 90' lang='lat' dir='ltr'><strong><em>esse</em></strong></span> <span class='ocrx_word' id='word_1_469' title='bbox 655 3266 911 3339; x_wconf 89' lang='lat' dir='ltr'><strong><em>cupidus</em></strong></span> <span class='ocrx_word' id='word_1_470' title='bbox 970 3267 1195 3324; x_wconf 87' lang='lat' dir='ltr'><strong><em>inﬁnite</em></strong></span> <span class='ocrx_word' id='word_1_471' title='bbox 1259 3271 1455 3340; x_wconf 87' lang='lat' dir='ltr'><strong><em>magis</em></strong></span> <span class='ocrx_word' id='word_1_472' title='bbox 1519 3276 1575 3327; x_wconf 91' lang='lat' dir='ltr'><strong><em>et</em></strong></span> <span class='ocrx_word' id='word_1_473' title='bbox 1623 3272 1845 3328; x_wconf 89' lang='lat' dir='ltr'><strong><em>minus.</em></strong></span> 
     </span>
    </p>
   </div>
   <div class='ocr_carea' id='block_1_60' title="bbox 196 3354 1845 3429">
    <p class='ocr_par' dir='ltr' id='par_1_62' title="bbox 196 3354 1845 3429">
     <span class='ocr_line' id='line_1_63' title="bbox 196 3354 1845 3429; baseline 0.003 -18"><span class='ocrx_word' id='word_1_474' title='bbox 196 3356 383 3411; x_wconf 83' lang='lat' dir='ltr'><strong><em>Nemo</em></strong></span> <span class='ocrx_word' id='word_1_475' title='bbox 422 3369 563 3427; x_wconf 85' lang='lat' dir='ltr'><strong><em>vero</em></strong></span> <span class='ocrx_word' id='word_1_476' title='bbox 592 3354 707 3411; x_wconf 91' lang='lat' dir='ltr'><strong><em>hoc</em></strong></span> <span class='ocrx_word' id='word_1_477' title='bbox 733 3355 808 3411; x_wconf 92' lang='lat' dir='ltr'><strong><em>de</em></strong></span> <span class='ocrx_word' id='word_1_478' title='bbox 845 3372 963 3412; x_wconf 91' lang='lat' dir='ltr'><strong><em>uno</em></strong></span> <span class='ocrx_word' id='word_1_479' title='bbox 985 3356 1320 3429; x_wconf 89' lang='lat' dir='ltr'><strong><em>eodemque</em></strong></span> <span class='ocrx_word' id='word_1_480' title='bbox 1365 3358 1674 3415; x_wconf 89' lang='lat' dir='ltr'><strong><em>individuo</em></strong></span> <span class='ocrx_word' id='word_1_481' title='bbox 1720 3360 1845 3416; x_wconf 81' lang='lat' dir='ltr'><strong><em>dic-</em></strong></span> 
     </span>
    </p>
   </div>
   <div class='ocr_carea' id='block_1_61' title="bbox 196 3441 1846 3520">
    <p class='ocr_par' dir='ltr' id='par_1_63' title="bbox 196 3441 1846 3520">
     <span class='ocr_line' id='line_1_64' title="bbox 196 3441 1846 3520; baseline 0.005 -24"><span class='ocrx_word' id='word_1_482' title='bbox 196 3445 325 3497; x_wconf 92' lang='lat' dir='ltr'><strong><em>tum</em></strong></span> <span class='ocrx_word' id='word_1_483' title='bbox 359 3446 540 3514; x_wconf 89' lang='lat' dir='ltr'><strong><em>putet,</em></strong></span> <span class='ocrx_word' id='word_1_484' title='bbox 577 3443 681 3499; x_wconf 92' lang='lat' dir='ltr'><strong><em>sed</em></strong></span> <span class='ocrx_word' id='word_1_485' title='bbox 703 3441 776 3499; x_wconf 91' lang='lat' dir='ltr'><strong><em>de</em></strong></span> <span class='ocrx_word' id='word_1_486' title='bbox 803 3444 1085 3501; x_wconf 91' lang='lat' dir='ltr'><strong><em>omnibus</em></strong></span> <span class='ocrx_word' id='word_1_487' title='bbox 1110 3446 1605 3520; x_wconf 70' lang='lat' dir='ltr'><strong><em>individuis,qum</em></strong></span> <span class='ocrx_word' id='word_1_488' title='bbox 1633 3450 1846 3505; x_wconf 89' lang='lat' dir='ltr'><strong><em>eadem</em></strong></span> 
     </span>
    </p>
   </div>
   <div class='ocr_carea' id='block_1_62' title="bbox 196 3530 1846 3606">
    <p class='ocr_par' dir='ltr' id='par_1_64' title="bbox 196 3530 1846 3606">
     <span class='ocr_line' id='line_1_65' title="bbox 196 3530 1846 3606; baseline 0.005 -21"><span class='ocrx_word' id='word_1_489' title='bbox 196 3530 329 3602; x_wconf 89' lang='lat' dir='ltr'><strong><em>conj</em></strong></span> <span class='ocrx_word' id='word_1_490' title='bbox 341 3531 619 3602; x_wconf 84' lang='lat' dir='ltr'><strong><em>ugatione</em></strong></span> <span class='ocrx_word' id='word_1_491' title='bbox 632 3549 753 3605; x_wconf 89' lang='lat' dir='ltr'><strong><em>qua</em></strong></span> <span class='ocrx_word' id='word_1_492' title='bbox 766 3531 907 3588; x_wconf 83' lang='lat' dir='ltr'><strong><em>illud</em></strong></span> <span class='ocrx_word' id='word_1_493' title='bbox 922 3535 1533 3606; x_wconf 86' lang='lat' dir='ltr'><strong><em>comprehenduntur.</em></strong></span> <span class='ocrx_word' id='word_1_494' title='bbox 1551 3541 1727 3593; x_wconf 89' lang='lat' dir='ltr'><strong><em>Porro</em></strong></span> <span class='ocrx_word' id='word_1_495' title='bbox 1738 3554 1846 3593; x_wconf 86' lang='lat' dir='ltr'><strong><em>no-</em></strong></span> 
     </span>
    </p>
   </div>
   <div class='ocr_carea' id='block_1_63' title="bbox 191 3618 1845 3699">
    <p class='ocr_par' dir='ltr' id='par_1_65' title="bbox 191 3618 1845 3699">
     <span class='ocr_line' id='line_1_66' title="bbox 191 3618 1845 3699; baseline 0.005 -25"><span class='ocrx_word' id='word_1_496' title='bbox 191 3618 359 3689; x_wconf 84' lang='lat' dir='ltr'><strong><em>mine</em></strong></span> <span class='ocrx_word' id='word_1_497' title='bbox 386 3619 706 3699; x_wconf 86' lang='lat' dir='ltr'><strong><em>singularis</em></strong></span> <span class='ocrx_word' id='word_1_498' title='bbox 735 3623 968 3678; x_wconf 89' lang='lat' dir='ltr'><strong><em>numeri</em></strong></span> <span class='ocrx_word' id='word_1_499' title='bbox 993 3623 1198 3679; x_wconf 85' lang='lat' dir='ltr'><strong><em>omnia</em></strong></span> <span class='ocrx_word' id='word_1_500' title='bbox 1228 3623 1325 3679; x_wconf 89' lang='lat' dir='ltr'><strong><em>illa</em></strong></span> <span class='ocrx_word' id='word_1_501' title='bbox 1366 3624 1677 3682; x_wconf 87' lang='lat' dir='ltr'><strong><em>individua</em></strong></span> <span class='ocrx_word' id='word_1_502' title='bbox 1735 3643 1845 3699; x_wconf 88' lang='lat' dir='ltr'><strong><em>ap-</em></strong></span> 
     </span>
    </p>
   </div>
   <div class='ocr_carea' id='block_1_64' title="bbox 188 3707 1845 3789">
    <p class='ocr_par' dir='ltr' id='par_1_66' title="bbox 188 3707 1845 3789">
     <span class='ocr_line' id='line_1_67' title="bbox 188 3707 1845 3789; baseline 0.004 -24"><span class='ocrx_word' id='word_1_503' title='bbox 188 3707 519 3785; x_wconf 80' lang='lat' dir='ltr'><strong><em>pellantur,</em></strong></span> <span class='ocrx_word' id='word_1_504' title='bbox 535 3713 658 3766; x_wconf 88' lang='lat' dir='ltr'><strong><em>tam</em></strong></span> <span class='ocrx_word' id='word_1_505' title='bbox 671 3727 807 3783; x_wconf 63' lang='lat' dir='ltr'><strong><em>quae</em></strong></span> <span class='ocrx_word' id='word_1_506' title='bbox 824 3711 1037 3768; x_wconf 88' lang='lat' dir='ltr'><strong><em>eadem</em></strong></span> <span class='ocrx_word' id='word_1_507' title='bbox 1051 3729 1175 3785; x_wconf 90' lang='lat' dir='ltr'><strong><em>qua</em></strong></span> <span class='ocrx_word' id='word_1_508' title='bbox 1187 3712 1492 3779; x_wconf 88' lang='lat' dir='ltr'><strong><em>sollicitus,</em></strong></span> <span class='ocrx_word' id='word_1_509' title='bbox 1509 3731 1695 3788; x_wconf 86' lang='lat' dir='ltr'><strong><em>quam</em></strong></span> <span class='ocrx_word' id='word_1_510' title='bbox 1709 3732 1845 3789; x_wconf 67' lang='lat' dir='ltr'><strong><em>quae</em></strong></span> 
     </span>
    </p>
   </div>
   <div class='ocr_carea' id='block_1_65' title="bbox 189 3797 1845 3875">
    <p class='ocr_par' dir='ltr' id='par_1_67' title="bbox 189 3797 1845 3875">
     <span class='ocr_line' id='line_1_68' title="bbox 189 3797 1845 3875; baseline 0.004 -21"><span class='ocrx_word' id='word_1_511' title='bbox 189 3797 411 3854; x_wconf 89' lang='lat' dir='ltr'><strong><em>eadem</em></strong></span> <span class='ocrx_word' id='word_1_512' title='bbox 443 3813 565 3870; x_wconf 88' lang='lat' dir='ltr'><strong><em>qua</em></strong></span> <span class='ocrx_word' id='word_1_513' title='bbox 587 3815 783 3854; x_wconf 63' lang='lat' dir='ltr'><strong><em>saavus</em></strong></span> <span class='ocrx_word' id='word_1_514' title='bbox 813 3800 1233 3871; x_wconf 88' lang='lat' dir='ltr'><strong><em>conjugatione</em></strong></span> <span class='ocrx_word' id='word_1_515' title='bbox 1264 3802 1660 3869; x_wconf 91' lang='lat' dir='ltr'><strong><em>continentur,</em></strong></span> <span class='ocrx_word' id='word_1_516' title='bbox 1698 3820 1845 3875; x_wconf 88' lang='lat' dir='ltr'><strong><em>quo-</em></strong></span> 
     </span>
    </p>
   </div>
   <div class='ocr_carea' id='block_1_66' title="bbox 186 3884 1845 3961">
    <p class='ocr_par' dir='ltr' id='par_1_68' title="bbox 186 3884 1845 3961">
     <span class='ocr_line' id='line_1_69' title="bbox 186 3884 1845 3961; baseline 0.004 -19"><span class='ocrx_word' id='word_1_517' title='bbox 186 3886 362 3943; x_wconf 87' lang='lat' dir='ltr'><strong><em>niam</em></strong></span> <span class='ocrx_word' id='word_1_518' title='bbox 400 3886 545 3959; x_wconf 88' lang='lat' dir='ltr'><strong><em>ipsis</em></strong></span> <span class='ocrx_word' id='word_1_519' title='bbox 576 3884 726 3942; x_wconf 91' lang='lat' dir='ltr'><strong><em>inter</em></strong></span> <span class='ocrx_word' id='word_1_520' title='bbox 756 3903 816 3943; x_wconf 93' lang='lat' dir='ltr'><strong><em>se</em></strong></span> <span class='ocrx_word' id='word_1_521' title='bbox 837 3889 1148 3960; x_wconf 90' lang='lat' dir='ltr'><strong><em>utriusque</em></strong></span> <span class='ocrx_word' id='word_1_522' title='bbox 1179 3889 1621 3961; x_wconf 85' lang='lat' dir='ltr'><strong><em>conjugationis</em></strong></span> <span class='ocrx_word' id='word_1_523' title='bbox 1647 3909 1845 3949; x_wconf 89' lang='lat' dir='ltr'><strong><em>essen-</em></strong></span> 
     </span>
    </p>
   </div>
   <div class='ocr_carea' id='block_1_67' title="bbox 187 3972 1846 4035">
    <p class='ocr_par' dir='ltr' id='par_1_69' title="bbox 187 3972 1846 4035">
     <span class='ocr_line' id='line_1_70' title="bbox 187 3972 1846 4035; baseline 0.004 -6"><span class='ocrx_word' id='word_1_524' title='bbox 187 3973 291 4029; x_wconf 73' lang='lat' dir='ltr'><strong><em>tim</em></strong></span> <span class='ocrx_word' id='word_1_525' title='bbox 322 3972 509 4029; x_wconf 92' lang='lat' dir='ltr'><strong><em>ﬁnitio</em></strong></span> <span class='ocrx_word' id='word_1_526' title='bbox 541 3974 881 4030; x_wconf 88' lang='lat' dir='ltr'><strong><em>communis</em></strong></span> <span class='ocrx_word' id='word_1_527' title='bbox 910 3981 1017 4031; x_wconf 92' lang='lat' dir='ltr'><strong><em>est.</em></strong></span> <span class='ocrx_word' id='word_1_528' title='bbox 1064 3977 1270 4033; x_wconf 89' lang='lat' dir='ltr'><strong><em>Omnis</em></strong></span> <span class='ocrx_word' id='word_1_529' title='bbox 1318 3978 1477 4032; x_wconf 91' lang='lat' dir='ltr'><strong><em>enim</em></strong></span> <span class='ocrx_word' id='word_1_530' title='bbox 1519 3978 1846 4035; x_wconf 89' lang='lat' dir='ltr'><strong><em>iracundus</em></strong></span> 
     </span>
    </p>
   </div>
   <div class='ocr_carea' id='block_1_68' title="bbox 188 4060 1846 4140">
    <p class='ocr_par' dir='ltr' id='par_1_70' title="bbox 188 4060 1846 4140">
     <span class='ocr_line' id='line_1_71' title="bbox 188 4060 1846 4140; baseline 0.004 -24"><span class='ocrx_word' id='word_1_531' title='bbox 188 4060 468 4117; x_wconf 85' lang='lat' dir='ltr'><strong><em>iracundi</em></strong></span> <span class='ocrx_word' id='word_1_532' title='bbox 508 4060 917 4119; x_wconf 90' lang='lat' dir='ltr'><strong><em>deﬁnitionem</em></strong></span> <span class='ocrx_word' id='word_1_533' title='bbox 950 4064 1251 4138; x_wconf 88' lang='lat' dir='ltr'><strong><em>suscipiet,</em></strong></span> <span class='ocrx_word' id='word_1_534' title='bbox 1279 4071 1336 4122; x_wconf 90' lang='lat' dir='ltr'><strong><em>et</em></strong></span> <span class='ocrx_word' id='word_1_535' title='bbox 1360 4067 1557 4122; x_wconf 86' lang='lat' dir='ltr'><strong><em>omnis</em></strong></span> <span class='ocrx_word' id='word_1_536' title='bbox 1587 4068 1846 4140; x_wconf 86' lang='lat' dir='ltr'><strong><em>cupidus</em></strong></span> 
     </span>
    </p>
   </div>
   <div class='ocr_carea' id='block_1_69' title="bbox 1962 2917 3607 2988">
    <p class='ocr_par' dir='ltr' id='par_1_71' title="bbox 1962 2917 3607 2988">
     <span class='ocr_line' id='line_1_72' title="bbox 1962 2917 3607 2988; baseline -0.004 -12"><span class='ocrx_word' id='word_1_537' title='bbox 1962 2935 2133 2976; x_wconf 91' lang='lat' dir='ltr'><strong><em>nem:</em></strong></span> <span class='ocrx_word' id='word_1_538' title='bbox 2163 2923 2246 2975; x_wconf 89' lang='lat' dir='ltr'><strong><em>tot</em></strong></span> <span class='ocrx_word' id='word_1_539' title='bbox 2272 2922 2471 2975; x_wconf 90' lang='lat' dir='ltr'><strong><em>autem</em></strong></span> <span class='ocrx_word' id='word_1_540' title='bbox 2499 2922 2638 2973; x_wconf 92' lang='lat' dir='ltr'><strong><em>sunt</em></strong></span> <span class='ocrx_word' id='word_1_541' title='bbox 2658 2917 2907 2972; x_wconf 88' lang='lat' dir='ltr'><strong><em>omnino</em></strong></span> <span class='ocrx_word' id='word_1_542' title='bbox 2932 2931 3067 2988; x_wconf 68' lang='lat' dir='ltr'><strong><em>quae</em></strong></span> <span class='ocrx_word' id='word_1_543' title='bbox 3092 2920 3280 2983; x_wconf 88' lang='lat' dir='ltr'><strong><em>agunt</em></strong></span> <span class='ocrx_word' id='word_1_544' title='bbox 3309 2918 3365 2970; x_wconf 89' lang='lat' dir='ltr'><strong><em>et</em></strong></span> <span class='ocrx_word' id='word_1_545' title='bbox 3388 2919 3607 2986; x_wconf 87' lang='lat' dir='ltr'><strong><em>tempe-</em></strong></span> 
     </span>
    </p>
   </div>
   <div class='ocr_carea' id='block_1_70' title="bbox 1960 3000 3607 3077">
    <p class='ocr_par' dir='ltr' id='par_1_72' title="bbox 1960 3000 3607 3077">
     <span class='ocr_line' id='line_1_73' title="bbox 1960 3000 3607 3077; baseline -0.004 -14"><span class='ocrx_word' id='word_1_546' title='bbox 1960 3012 2113 3076; x_wconf 89' lang='lat' dir='ltr'><strong><em>rant,</em></strong></span> <span class='ocrx_word' id='word_1_547' title='bbox 2146 3022 2268 3063; x_wconf 89' lang='lat' dir='ltr'><strong><em>non</em></strong></span> <span class='ocrx_word' id='word_1_548' title='bbox 2298 3006 2415 3061; x_wconf 90' lang='lat' dir='ltr'><strong><em>alia</em></strong></span> <span class='ocrx_word' id='word_1_549' title='bbox 2442 3020 2629 3077; x_wconf 85' lang='lat' dir='ltr'><strong><em>quam</em></strong></span> <span class='ocrx_word' id='word_1_550' title='bbox 2661 3008 2908 3075; x_wconf 88' lang='lat' dir='ltr'><strong><em>septem.</em></strong></span> <span class='ocrx_word' id='word_1_551' title='bbox 2935 3001 3089 3068; x_wconf 85' lang='lat' dir='ltr'><strong><em>Quid</em></strong></span> <span class='ocrx_word' id='word_1_552' title='bbox 3114 3007 3316 3057; x_wconf 89' lang='lat' dir='ltr'><strong><em>autem</em></strong></span> <span class='ocrx_word' id='word_1_553' title='bbox 3347 3000 3494 3056; x_wconf 92' lang='lat' dir='ltr'><strong><em>illud</em></strong></span> <span class='ocrx_word' id='word_1_554' title='bbox 3521 3004 3607 3057; x_wconf 90' lang='lat' dir='ltr'><strong><em>est</em></strong></span> 
     </span>
    </p>
   </div>
   <div class='ocr_carea' id='block_1_71' title="bbox 1960 3088 3606 3169">
    <p class='ocr_par' dir='ltr' id='par_1_73' title="bbox 1960 3088 3606 3169">
     <span class='ocr_line' id='line_1_74' title="bbox 1960 3088 3606 3169; baseline -0.004 -18"><span class='ocrx_word' id='word_1_555' title='bbox 1960 3096 2123 3168; x_wconf 91' lang='lat' dir='ltr'><strong><em>quod</em></strong></span> <span class='ocrx_word' id='word_1_556' title='bbox 2138 3111 2243 3169; x_wconf 91' lang='lat' dir='ltr'><strong><em>per</em></strong></span> <span class='ocrx_word' id='word_1_557' title='bbox 2254 3110 2430 3150; x_wconf 90' lang='lat' dir='ltr'><strong><em>unam</em></strong></span> <span class='ocrx_word' id='word_1_558' title='bbox 2443 3093 2574 3163; x_wconf 91' lang='lat' dir='ltr'><strong><em>conj</em></strong></span> <span class='ocrx_word' id='word_1_559' title='bbox 2587 3093 2921 3162; x_wconf 87' lang='lat' dir='ltr'><strong><em>ugationem</em></strong></span> <span class='ocrx_word' id='word_1_560' title='bbox 2938 3090 3150 3146; x_wconf 88' lang='lat' dir='ltr'><strong><em>multas</em></strong></span> <span class='ocrx_word' id='word_1_561' title='bbox 3164 3088 3606 3145; x_wconf 88' lang='lat' dir='ltr'><strong><em>immutationes</em></strong></span> 
     </span>
    </p>
   </div>
   <div class='ocr_carea' id='block_1_72' title="bbox 1960 3177 3599 3253">
    <p class='ocr_par' dir='ltr' id='par_1_74' title="bbox 1960 3177 3599 3253">
     <span class='ocr_line' id='line_1_75' title="bbox 1960 3177 3599 3253; baseline -0.005 -12"><span class='ocrx_word' id='word_1_562' title='bbox 1960 3185 2150 3241; x_wconf 75' lang='lat' dir='ltr'><strong><em>effecit</em></strong></span> <span class='ocrx_word' id='word_1_563' title='bbox 2178 3184 2205 3239; x_wconf 67' lang='grc' dir='ltr'><strong>Τ</strong></span> <span class='ocrx_word' id='word_1_564' title='bbox 2227 3183 2515 3238; x_wconf 81' lang='lat' dir='ltr'><strong><em>Nimirum</em></strong></span> <span class='ocrx_word' id='word_1_565' title='bbox 2527 3180 2761 3253; x_wconf 85' lang='lat' dir='ltr'><strong><em>estipsa</em></strong></span> <span class='ocrx_word' id='word_1_566' title='bbox 2778 3178 3166 3252; x_wconf 86' lang='lat' dir='ltr'><strong><em>permutatio:</em></strong></span> <span class='ocrx_word' id='word_1_567' title='bbox 3199 3177 3421 3235; x_wconf 91' lang='lat' dir='ltr'><strong><em>idcirco</em></strong></span> <span class='ocrx_word' id='word_1_568' title='bbox 3456 3182 3599 3249; x_wconf 64' lang='lat' dir='ltr'><strong><em>ipsa;</em></strong></span> 
     </span>
    </p>
   </div>
   <div class='ocr_carea' id='block_1_73' title="bbox 1960 3266 3604 3342">
    <p class='ocr_par' dir='ltr' id='par_1_75' title="bbox 1960 3266 3604 3342">
     <span class='ocr_line' id='line_1_76' title="bbox 1960 3266 3604 3342; baseline -0.002 -14"><span class='ocrx_word' id='word_1_569' title='bbox 1960 3272 2415 3342; x_wconf 86' lang='lat' dir='ltr'><strong><em>conjugationes</em></strong></span> <span class='ocrx_word' id='word_1_570' title='bbox 2428 3267 3000 3341; x_wconf 88' lang='lat' dir='ltr'><strong><em>ampliusimmutari</em></strong></span> <span class='ocrx_word' id='word_1_571' title='bbox 3016 3283 3136 3323; x_wconf 92' lang='lat' dir='ltr'><strong><em>non</em></strong></span> <span class='ocrx_word' id='word_1_572' title='bbox 3164 3272 3438 3339; x_wconf 92' lang='lat' dir='ltr'><strong><em>possunt,</em></strong></span> <span class='ocrx_word' id='word_1_573' title='bbox 3461 3266 3604 3339; x_wconf 87' lang='lat' dir='ltr'><strong><em>quia</em></strong></span> 
     </span>
    </p>
   </div>
   <div class='ocr_carea' id='block_1_74' title="bbox 1955 3357 3605 3431">
    <p class='ocr_par' dir='ltr' id='par_1_76' title="bbox 1955 3357 3605 3431">
     <span class='ocr_line' id='line_1_77' title="bbox 1955 3357 3605 3431; baseline -0.002 -15"><span class='ocrx_word' id='word_1_574' title='bbox 1955 3360 2228 3416; x_wconf 82' lang='lat' dir='ltr'><strong><em>videlicet</em></strong></span> <span class='ocrx_word' id='word_1_575' title='bbox 2252 3357 2438 3415; x_wconf 89' lang='lat' dir='ltr'><strong><em>semel</em></strong></span> <span class='ocrx_word' id='word_1_576' title='bbox 2453 3357 2709 3431; x_wconf 85' lang='lat' dir='ltr'><strong><em>perfecte</em></strong></span> <span class='ocrx_word' id='word_1_577' title='bbox 2731 3357 3061 3413; x_wconf 81' lang='lat' dir='ltr'><strong><em>immutatae</em></strong></span> <span class='ocrx_word' id='word_1_578' title='bbox 3084 3360 3239 3413; x_wconf 89' lang='lat' dir='ltr'><strong><em>sunt.</em></strong></span> <span class='ocrx_word' id='word_1_579' title='bbox 3266 3359 3458 3422; x_wconf 81' lang='lat' dir='ltr'><strong><em>Quare</em></strong></span> <span class='ocrx_word' id='word_1_580' title='bbox 3501 3372 3605 3413; x_wconf 73' lang='lat' dir='ltr'><strong><em>sae-</em></strong></span> 
     </span>
    </p>
   </div>
   <div class='ocr_carea' id='block_1_75' title="bbox 1956 3444 3603 3522">
    <p class='ocr_par' dir='ltr' id='par_1_77' title="bbox 1956 3444 3603 3522">
     <span class='ocr_line' id='line_1_78' title="bbox 1956 3444 3603 3522; baseline -0.001 -18"><span class='ocrx_word' id='word_1_581' title='bbox 1956 3466 2068 3505; x_wconf 88' lang='lat' dir='ltr'><strong><em>vus</em></strong></span> <span class='ocrx_word' id='word_1_582' title='bbox 2098 3448 2201 3522; x_wconf 88' lang='lat' dir='ltr'><strong><em>qui</em></strong></span> <span class='ocrx_word' id='word_1_583' title='bbox 2232 3452 2319 3504; x_wconf 89' lang='lat' dir='ltr'><strong><em>est</em></strong></span> <span class='ocrx_word' id='word_1_584' title='bbox 2339 3447 2662 3504; x_wconf 90' lang='lat' dir='ltr'><strong><em>iracundus</em></strong></span> <span class='ocrx_word' id='word_1_585' title='bbox 2691 3451 2747 3501; x_wconf 92' lang='lat' dir='ltr'><strong><em>et</em></strong></span> <span class='ocrx_word' id='word_1_586' title='bbox 2776 3445 3057 3501; x_wconf 90' lang='lat' dir='ltr'><strong><em>sollicitus</em></strong></span> <span class='ocrx_word' id='word_1_587' title='bbox 3087 3444 3190 3517; x_wconf 86' lang='lat' dir='ltr'><strong><em>qui</em></strong></span> <span class='ocrx_word' id='word_1_588' title='bbox 3223 3449 3309 3501; x_wconf 88' lang='lat' dir='ltr'><strong><em>est</em></strong></span> <span class='ocrx_word' id='word_1_589' title='bbox 3348 3445 3603 3518; x_wconf 89' lang='lat' dir='ltr'><strong><em>cupidus</em></strong></span> 
     </span>
    </p>
   </div>
   <div class='ocr_carea' id='block_1_76' title="bbox 1957 3532 3605 3608">
    <p class='ocr_par' dir='ltr' id='par_1_78' title="bbox 1957 3532 3605 3608">
     <span class='ocr_line' id='line_1_79' title="bbox 1957 3532 3605 3608; baseline -0.001 -15"><span class='ocrx_word' id='word_1_590' title='bbox 1957 3537 2017 3594; x_wconf 91' lang='lat' dir='ltr'><strong><em>in</em></strong></span> <span class='ocrx_word' id='word_1_591' title='bbox 2057 3536 2351 3593; x_wconf 86' lang='lat' dir='ltr'><strong><em>similibus</em></strong></span> <span class='ocrx_word' id='word_1_592' title='bbox 2372 3534 2759 3592; x_wconf 84' lang='lat' dir='ltr'><strong><em>consimiliter</em></strong></span> <span class='ocrx_word' id='word_1_593' title='bbox 2788 3532 3113 3608; x_wconf 89' lang='lat' dir='ltr'><strong><em>suscipient</em></strong></span> <span class='ocrx_word' id='word_1_594' title='bbox 3135 3533 3497 3590; x_wconf 86' lang='lat' dir='ltr'><strong><em>intensiones</em></strong></span> <span class='ocrx_word' id='word_1_595' title='bbox 3548 3538 3605 3591; x_wconf 92' lang='lat' dir='ltr'><strong><em>et</em></strong></span> 
     </span>
    </p>
   </div>
   <div class='ocr_carea' id='block_1_77' title="bbox 1956 3622 3601 3698">
    <p class='ocr_par' dir='ltr' id='par_1_79' title="bbox 1956 3622 3601 3698">
     <span class='ocr_line' id='line_1_80' title="bbox 1956 3622 3601 3698; baseline -0.002 -16"><span class='ocrx_word' id='word_1_596' title='bbox 1956 3625 2359 3692; x_wconf 83' lang='lat' dir='ltr'><strong><em>remissiones,</em></strong></span> <span class='ocrx_word' id='word_1_597' title='bbox 2390 3628 2688 3698; x_wconf 88' lang='lat' dir='ltr'><strong><em>quatenus</em></strong></span> <span class='ocrx_word' id='word_1_598' title='bbox 2732 3622 3017 3697; x_wconf 88' lang='lat' dir='ltr'><strong><em>qualitate</em></strong></span> <span class='ocrx_word' id='word_1_599' title='bbox 3037 3623 3164 3679; x_wconf 81' lang='lat' dir='ltr'><strong><em>haec</em></strong></span> <span class='ocrx_word' id='word_1_600' title='bbox 3188 3626 3325 3678; x_wconf 92' lang='lat' dir='ltr'><strong><em>sunt</em></strong></span> <span class='ocrx_word' id='word_1_601' title='bbox 3344 3623 3601 3695; x_wconf 65' lang='lat' dir='ltr'><strong><em>praediti,</em></strong></span> 
     </span>
    </p>
   </div>
   <div class='ocr_carea' id='block_1_78' title="bbox 1954 3711 3601 3785">
    <p class='ocr_par' dir='ltr' id='par_1_80' title="bbox 1954 3711 3601 3785">
     <span class='ocr_line' id='line_1_81' title="bbox 1954 3711 3601 3785; baseline -0.002 -14"><span class='ocrx_word' id='word_1_602' title='bbox 1954 3721 2019 3771; x_wconf 90' lang='lat' dir='ltr'><strong><em>ut</em></strong></span> <span class='ocrx_word' id='word_1_603' title='bbox 2040 3716 2154 3772; x_wconf 88' lang='lat' dir='ltr'><strong><em>sint</em></strong></span> <span class='ocrx_word' id='word_1_604' title='bbox 2179 3713 2450 3771; x_wconf 90' lang='lat' dir='ltr'><strong><em>iracundi</em></strong></span> <span class='ocrx_word' id='word_1_605' title='bbox 2490 3718 2544 3769; x_wconf 93' lang='lat' dir='ltr'><strong><em>et</em></strong></span> <span class='ocrx_word' id='word_1_606' title='bbox 2565 3712 2786 3785; x_wconf 90' lang='lat' dir='ltr'><strong><em>cupidi.</em></strong></span> <span class='ocrx_word' id='word_1_607' title='bbox 2822 3711 3036 3768; x_wconf 88' lang='lat' dir='ltr'><strong><em>Eadem</em></strong></span> <span class='ocrx_word' id='word_1_608' title='bbox 3053 3713 3277 3769; x_wconf 90' lang='lat' dir='ltr'><strong><em>ratione</em></strong></span> <span class='ocrx_word' id='word_1_609' title='bbox 3308 3712 3601 3783; x_wconf 87' lang='lat' dir='ltr'><strong><em>conjuga-</em></strong></span> 
     </span>
    </p>
   </div>
   <div class='ocr_carea' id='block_1_79' title="bbox 1956 3800 3606 3876">
    <p class='ocr_par' dir='ltr' id='par_1_81' title="bbox 1956 3800 3606 3876">
     <span class='ocr_line' id='line_1_82' title="bbox 1956 3800 3606 3876; baseline -0.001 -17"><span class='ocrx_word' id='word_1_610' title='bbox 1956 3802 2147 3860; x_wconf 88' lang='lat' dir='ltr'><strong><em>tiones</em></strong></span> <span class='ocrx_word' id='word_1_611' title='bbox 2177 3820 2251 3860; x_wconf 84' lang='lat' dir='ltr'><strong><em>ex</em></strong></span> <span class='ocrx_word' id='word_1_612' title='bbox 2278 3804 2500 3876; x_wconf 91' lang='lat' dir='ltr'><strong><em>quibus</em></strong></span> <span class='ocrx_word' id='word_1_613' title='bbox 2530 3801 2841 3876; x_wconf 85' lang='lat' dir='ltr'><strong><em>temperati</em></strong></span> <span class='ocrx_word' id='word_1_614' title='bbox 2881 3807 3018 3859; x_wconf 88' lang='lat' dir='ltr'><strong><em>sunt</em></strong></span> <span class='ocrx_word' id='word_1_615' title='bbox 3056 3801 3195 3874; x_wconf 86' lang='lat' dir='ltr'><strong><em>ipsi,</em></strong></span> <span class='ocrx_word' id='word_1_616' title='bbox 3236 3800 3501 3857; x_wconf 89' lang='lat' dir='ltr'><strong><em>inﬁnitos</em></strong></span> <span class='ocrx_word' id='word_1_617' title='bbox 3550 3805 3606 3857; x_wconf 90' lang='lat' dir='ltr'><strong><em>et</em></strong></span> 
     </span>
    </p>
   </div>
   <div class='ocr_carea' id='block_1_80' title="bbox 1953 3889 3603 3964">
    <p class='ocr_par' dir='ltr' id='par_1_82' title="bbox 1953 3889 3603 3964">
     <span class='ocr_line' id='line_1_83' title="bbox 1953 3889 3603 3964; baseline -0.002 -16"><span class='ocrx_word' id='word_1_618' title='bbox 1953 3891 2277 3948; x_wconf 87' lang='lat' dir='ltr'><strong><em>iracundos</em></strong></span> <span class='ocrx_word' id='word_1_619' title='bbox 2298 3897 2354 3948; x_wconf 91' lang='lat' dir='ltr'><strong><em>et</em></strong></span> <span class='ocrx_word' id='word_1_620' title='bbox 2373 3891 2625 3964; x_wconf 91' lang='lat' dir='ltr'><strong><em>cupidos</em></strong></span> <span class='ocrx_word' id='word_1_621' title='bbox 2654 3890 2928 3958; x_wconf 82' lang='lat' dir='ltr'><strong><em>efﬁcient,</em></strong></span> <span class='ocrx_word' id='word_1_622' title='bbox 2954 3889 3287 3945; x_wconf 89' lang='lat' dir='ltr'><strong><em>secundum</em></strong></span> <span class='ocrx_word' id='word_1_623' title='bbox 3320 3889 3603 3945; x_wconf 89' lang='lat' dir='ltr'><strong><em>intensio-</em></strong></span> 
     </span>
    </p>
   </div>
   <div class='ocr_carea' id='block_1_81' title="bbox 1953 3975 3604 4050">
    <p class='ocr_par' dir='ltr' id='par_1_83' title="bbox 1953 3975 3604 4050">
     <span class='ocr_line' id='line_1_84' title="bbox 1953 3975 3604 4050; baseline -0.004 -13"><span class='ocrx_word' id='word_1_624' title='bbox 1953 3996 2094 4037; x_wconf 89' lang='lat' dir='ltr'><strong><em>nem</em></strong></span> <span class='ocrx_word' id='word_1_625' title='bbox 2124 3986 2181 4037; x_wconf 90' lang='lat' dir='ltr'><strong><em>et</em></strong></span> <span class='ocrx_word' id='word_1_626' title='bbox 2200 3979 2960 4050; x_wconf 86' lang='lat' dir='ltr'><strong><em>remissionem.Nunquam</em></strong></span> <span class='ocrx_word' id='word_1_627' title='bbox 2987 3983 3184 4033; x_wconf 91' lang='lat' dir='ltr'><strong><em>autem</em></strong></span> <span class='ocrx_word' id='word_1_628' title='bbox 3210 3975 3436 4032; x_wconf 91' lang='lat' dir='ltr'><strong><em>accidet</em></strong></span> <span class='ocrx_word' id='word_1_629' title='bbox 3462 3976 3604 4049; x_wconf 91' lang='lat' dir='ltr'><strong><em>ipsis</em></strong></span> 
     </span>
    </p>
   </div>
   <div class='ocr_carea' id='block_1_82' title="bbox 1956 4064 3601 4140">
    <p class='ocr_par' dir='ltr' id='par_1_84' title="bbox 1956 4064 3601 4140">
     <span class='ocr_line' id='line_1_85' title="bbox 1956 4064 3601 4140; baseline -0.004 -15"><span class='ocrx_word' id='word_1_630' title='bbox 1956 4069 2234 4140; x_wconf 82' lang='lat' dir='ltr'><strong><em>migratio</em></strong></span> <span class='ocrx_word' id='word_1_631' title='bbox 2270 4086 2341 4124; x_wconf 84' lang='lat' dir='ltr'><strong><em>ex</em></strong></span> <span class='ocrx_word' id='word_1_632' title='bbox 2371 4066 2997 4139; x_wconf 84' lang='lat' dir='ltr'><strong><em>conjugationeunain</em></strong></span> <span class='ocrx_word' id='word_1_633' title='bbox 3020 4065 3462 4121; x_wconf 86' lang='lat' dir='ltr'><strong><em>aliam.Eadem</em></strong></span> <span class='ocrx_word' id='word_1_634' title='bbox 3492 4064 3601 4136; x_wconf 87' lang='lat' dir='ltr'><strong><em>igi-</em></strong></span> 
     </span>
    </p>
   </div>
   <div class='ocr_carea' id='block_1_83' title="bbox 190 4146 3603 4229">
    <p class='ocr_par' dir='ltr' id='par_1_85' title="bbox 190 4146 3603 4229">
     <span class='ocr_line' id='line_1_86' title="bbox 190 4146 3603 4229; baseline 0.001 -22"><span class='ocrx_word' id='word_1_635' title='bbox 190 4146 419 4222; x_wconf 91' lang='lat' dir='ltr'><strong><em>cupidi,</em></strong></span> <span class='ocrx_word' id='word_1_636' title='bbox 439 4151 937 4226; x_wconf 89' lang='lat' dir='ltr'><strong><em>quandoquidem</em></strong></span> <span class='ocrx_word' id='word_1_637' title='bbox 960 4153 1178 4210; x_wconf 92' lang='lat' dir='ltr'><strong><em>horum</em></strong></span> <span class='ocrx_word' id='word_1_638' title='bbox 1208 4156 1427 4226; x_wconf 82' lang='lat' dir='ltr'><strong><em>singuli</em></strong></span> <span class='ocrx_word' id='word_1_639' title='bbox 1465 4156 1739 4213; x_wconf 88' lang='lat' dir='ltr'><strong><em>iracundi</em></strong></span> <span class='ocrx_word' id='word_1_640' title='bbox 1792 4162 1849 4213; x_wconf 90' lang='lat' dir='ltr'><strong><em>et</em></strong></span> <span class='ocrx_word' id='word_1_641' title='bbox 1878 4176 1920 4229; x_wconf 83' lang='lat' dir='ltr'><strong>D</strong></span> <span class='ocrx_word' id='word_1_642' title='bbox 1956 4162 2049 4215; x_wconf 91' lang='lat' dir='ltr'><strong><em>tur</em></strong></span> <span class='ocrx_word' id='word_1_643' title='bbox 2077 4158 2305 4214; x_wconf 85' lang='lat' dir='ltr'><strong><em>ratione</em></strong></span> <span class='ocrx_word' id='word_1_644' title='bbox 2334 4174 2473 4213; x_wconf 88' lang='lat' dir='ltr'><strong><em>cum</em></strong></span> <span class='ocrx_word' id='word_1_645' title='bbox 2508 4156 2962 4227; x_wconf 83' lang='lat' dir='ltr'><strong><em>conjugationes</em></strong></span> <span class='ocrx_word' id='word_1_646' title='bbox 2990 4160 3119 4211; x_wconf 91' lang='lat' dir='ltr'><strong><em>tum</em></strong></span> <span class='ocrx_word' id='word_1_647' title='bbox 3167 4152 3477 4210; x_wconf 88' lang='lat' dir='ltr'><strong><em>individua</em></strong></span> <span class='ocrx_word' id='word_1_648' title='bbox 3529 4170 3603 4209; x_wconf 86' lang='lat' dir='ltr'><strong><em>ex</em></strong></span> 
     </span>
    </p>
   </div>
   <div class='ocr_carea' id='block_1_84' title="bbox 187 4239 1846 4318">
    <p class='ocr_par' dir='ltr' id='par_1_86' title="bbox 187 4239 1846 4318">
     <span class='ocr_line' id='line_1_87' title="bbox 187 4239 1846 4318; baseline 0.004 -23"><span class='ocrx_word' id='word_1_649' title='bbox 187 4239 399 4312; x_wconf 90' lang='lat' dir='ltr'><strong><em>cupidi</em></strong></span> <span class='ocrx_word' id='word_1_650' title='bbox 430 4239 726 4297; x_wconf 90' lang='lat' dir='ltr'><strong><em>dicuntur.</em></strong></span> <span class='ocrx_word' id='word_1_651' title='bbox 760 4243 952 4307; x_wconf 88' lang='lat' dir='ltr'><strong><em>Quare</em></strong></span> <span class='ocrx_word' id='word_1_652' title='bbox 976 4244 1185 4300; x_wconf 89' lang='lat' dir='ltr'><strong><em>merito</em></strong></span> <span class='ocrx_word' id='word_1_653' title='bbox 1218 4246 1523 4318; x_wconf 90' lang='lat' dir='ltr'><strong><em>utriusque</em></strong></span> <span class='ocrx_word' id='word_1_654' title='bbox 1550 4245 1846 4315; x_wconf 83' lang='lat' dir='ltr'><strong><em>conjuga-</em></strong></span> 
     </span>
    </p>
   </div>
   <div class='ocr_carea' id='block_1_85' title="bbox 187 4326 1845 4403">
    <p class='ocr_par' dir='ltr' id='par_1_87' title="bbox 187 4326 1845 4403">
     <span class='ocr_line' id='line_1_88' title="bbox 187 4326 1845 4403; baseline 0.002 -18"><span class='ocrx_word' id='word_1_655' title='bbox 187 4328 371 4385; x_wconf 87' lang='lat' dir='ltr'><strong><em>tionis</em></strong></span> <span class='ocrx_word' id='word_1_656' title='bbox 388 4326 905 4387; x_wconf 89' lang='lat' dir='ltr'><strong><em>multaindividua</em></strong></span> <span class='ocrx_word' id='word_1_657' title='bbox 917 4348 1091 4386; x_wconf 86' lang='lat' dir='ltr'><strong><em>suum</em></strong></span> <span class='ocrx_word' id='word_1_658' title='bbox 1113 4348 1333 4389; x_wconf 91' lang='lat' dir='ltr'><strong><em>nomen</em></strong></span> <span class='ocrx_word' id='word_1_659' title='bbox 1354 4332 1655 4403; x_wconf 79' lang='lat' dir='ltr'><strong><em>singulare</em></strong></span> <span class='ocrx_word' id='word_1_660' title='bbox 1688 4333 1845 4389; x_wconf 91' lang='lat' dir='ltr'><strong><em>obti-</em></strong></span> 
     </span>
    </p>
   </div>
   <div class='ocr_carea' id='block_1_86' title="bbox 186 4418 1842 4494">
    <p class='ocr_par' dir='ltr' id='par_1_88' title="bbox 186 4418 1842 4494">
     <span class='ocr_line' id='line_1_89' title="bbox 186 4418 1842 4494; baseline 0.002 -20"><span class='ocrx_word' id='word_1_661' title='bbox 186 4422 355 4474; x_wconf 89' lang='lat' dir='ltr'><strong><em>nent.</em></strong></span> <span class='ocrx_word' id='word_1_662' title='bbox 389 4421 490 4476; x_wconf 87' lang='lat' dir='ltr'><strong><em>Est</em></strong></span> <span class='ocrx_word' id='word_1_663' title='bbox 517 4418 694 4489; x_wconf 80' lang='lat' dir='ltr'><strong><em>igitur</em></strong></span> <span class='ocrx_word' id='word_1_664' title='bbox 718 4419 1033 4489; x_wconf 88' lang='lat' dir='ltr'><strong><em>iracundo,</em></strong></span> <span class='ocrx_word' id='word_1_665' title='bbox 1068 4438 1230 4478; x_wconf 77' lang='lat' dir='ltr'><strong><em>saevo</em></strong></span> <span class='ocrx_word' id='word_1_666' title='bbox 1254 4428 1309 4477; x_wconf 89' lang='lat' dir='ltr'><strong><em>et</em></strong></span> <span class='ocrx_word' id='word_1_667' title='bbox 1335 4421 1554 4494; x_wconf 93' lang='lat' dir='ltr'><strong><em>cupido</em></strong></span> <span class='ocrx_word' id='word_1_668' title='bbox 1574 4421 1842 4490; x_wconf 87' lang='lat' dir='ltr'><strong><em>sollicito,</em></strong></span> 
     </span>
    </p>
   </div>
   <div class='ocr_carea' id='block_1_87' title="bbox 185 4506 1846 4580">
    <p class='ocr_par' dir='ltr' id='par_1_89' title="bbox 185 4506 1846 4580">
     <span class='ocr_line' id='line_1_90' title="bbox 185 4506 1846 4580; baseline 0.003 -19"><span class='ocrx_word' id='word_1_669' title='bbox 185 4511 491 4580; x_wconf 82' lang='lat' dir='ltr'><strong><em>quatenus</em></strong></span> <span class='ocrx_word' id='word_1_670' title='bbox 512 4506 605 4563; x_wconf 88' lang='lat' dir='ltr'><strong><em>ille</em></strong></span> <span class='ocrx_word' id='word_1_671' title='bbox 636 4507 982 4575; x_wconf 86' lang='lat' dir='ltr'><strong><em>iracundus,</em></strong></span> <span class='ocrx_word' id='word_1_672' title='bbox 1010 4509 1106 4565; x_wconf 93' lang='lat' dir='ltr'><strong><em>hic</em></strong></span> <span class='ocrx_word' id='word_1_673' title='bbox 1135 4509 1417 4565; x_wconf 88' lang='lat' dir='ltr'><strong><em>sollicitus</em></strong></span> <span class='ocrx_word' id='word_1_674' title='bbox 1439 4514 1544 4577; x_wconf 89' lang='lat' dir='ltr'><strong><em>est,</em></strong></span> <span class='ocrx_word' id='word_1_675' title='bbox 1577 4508 1846 4566; x_wconf 88' lang='lat' dir='ltr'><strong><em>indeﬁni-</em></strong></span> 
     </span>
    </p>
   </div>
   <div class='ocr_carea' id='block_1_88' title="bbox 190 4594 1846 4672">
    <p class='ocr_par' dir='ltr' id='par_1_90' title="bbox 190 4594 1846 4672">
     <span class='ocr_line' id='line_1_91' title="bbox 190 4594 1846 4672; baseline 0.001 -20"><span class='ocrx_word' id='word_1_676' title='bbox 190 4599 257 4652; x_wconf 88' lang='lat' dir='ltr'><strong><em>ta</em></strong></span> <span class='ocrx_word' id='word_1_677' title='bbox 277 4594 531 4652; x_wconf 89' lang='lat' dir='ltr'><strong><em>intensio</em></strong></span> <span class='ocrx_word' id='word_1_678' title='bbox 543 4601 600 4653; x_wconf 89' lang='lat' dir='ltr'><strong><em>et</em></strong></span> <span class='ocrx_word' id='word_1_679' title='bbox 616 4596 917 4664; x_wconf 91' lang='lat' dir='ltr'><strong><em>remissio,</em></strong></span> <span class='ocrx_word' id='word_1_680' title='bbox 939 4598 1083 4670; x_wconf 90' lang='lat' dir='ltr'><strong><em>quia</em></strong></span> <span class='ocrx_word' id='word_1_681' title='bbox 1095 4597 1500 4669; x_wconf 87' lang='lat' dir='ltr'><strong><em>copulationes</em></strong></span> <span class='ocrx_word' id='word_1_682' title='bbox 1520 4614 1656 4670; x_wconf 68' lang='lat' dir='ltr'><strong><em>qua:</em></strong></span> <span class='ocrx_word' id='word_1_683' title='bbox 1679 4598 1846 4672; x_wconf 90' lang='lat' dir='ltr'><strong><em>ipsos</em></strong></span> 
     </span>
    </p>
   </div>
   <div class='ocr_carea' id='block_1_89' title="bbox 184 4685 1845 4758">
    <p class='ocr_par' dir='ltr' id='par_1_91' title="bbox 184 4685 1845 4758">
     <span class='ocr_line' id='line_1_92' title="bbox 184 4685 1845 4758; baseline 0 -17"><span class='ocrx_word' id='word_1_684' title='bbox 184 4689 554 4754; x_wconf 85' lang='lat' dir='ltr'><strong><em>temperant,</em></strong></span> <span class='ocrx_word' id='word_1_685' title='bbox 570 4691 867 4758; x_wconf 88' lang='lat' dir='ltr'><strong><em>quatenus</em></strong></span> <span class='ocrx_word' id='word_1_686' title='bbox 880 4690 1134 4758; x_wconf 88' lang='lat' dir='ltr'><strong><em>possunt</em></strong></span> <span class='ocrx_word' id='word_1_687' title='bbox 1146 4686 1445 4758; x_wconf 86' lang='lat' dir='ltr'><strong><em>suscipere</em></strong></span> <span class='ocrx_word' id='word_1_688' title='bbox 1458 4685 1845 4743; x_wconf 87' lang='lat' dir='ltr'><strong><em>remissiones</em></strong></span> 
     </span>
    </p>
   </div>
   <div class='ocr_carea' id='block_1_90' title="bbox 190 4770 1843 4841">
    <p class='ocr_par' dir='ltr' id='par_1_92' title="bbox 190 4770 1843 4841">
     <span class='ocr_line' id='line_1_93' title="bbox 190 4770 1843 4841; baseline 0.001 -12"><span class='ocrx_word' id='word_1_689' title='bbox 190 4775 254 4829; x_wconf 84' lang='lat' dir='ltr'><strong><em>et</em></strong></span> <span class='ocrx_word' id='word_1_690' title='bbox 276 4770 665 4841; x_wconf 89' lang='lat' dir='ltr'><strong><em>intensiones,</em></strong></span> <span class='ocrx_word' id='word_1_691' title='bbox 698 4773 1022 4830; x_wconf 80' lang='lat' dir='ltr'><strong><em>indeﬁnitae</em></strong></span> <span class='ocrx_word' id='word_1_692' title='bbox 1049 4778 1262 4830; x_wconf 90' lang='lat' dir='ltr'><strong><em>suntet</em></strong></span> <span class='ocrx_word' id='word_1_693' title='bbox 1289 4774 1702 4830; x_wconf 57' lang='lat' dir='ltr'><strong><em>interminata.</em></strong></span> <span class='ocrx_word' id='word_1_694' title='bbox 1736 4778 1843 4832; x_wconf 90' lang='lat' dir='ltr'><strong><em>Ne-</em></strong></span> 
     </span>
    </p>
   </div>
   <div class='ocr_carea' id='block_1_91' title="bbox 188 4860 1844 4936">
    <p class='ocr_par' dir='ltr' id='par_1_93' title="bbox 188 4860 1844 4936">
     <span class='ocr_line' id='line_1_94' title="bbox 188 4860 1844 4936; baseline 0.002 -20"><span class='ocrx_word' id='word_1_695' title='bbox 188 4877 313 4936; x_wconf 91' lang='lat' dir='ltr'><strong><em>que</em></strong></span> <span class='ocrx_word' id='word_1_696' title='bbox 338 4878 480 4919; x_wconf 87' lang='lat' dir='ltr'><strong><em>vero</em></strong></span> <span class='ocrx_word' id='word_1_697' title='bbox 511 4878 707 4918; x_wconf 64' lang='lat' dir='ltr'><strong><em>saevus</em></strong></span> <span class='ocrx_word' id='word_1_698' title='bbox 733 4860 1035 4933; x_wconf 91' lang='lat' dir='ltr'><strong><em>sollicitus,</em></strong></span> <span class='ocrx_word' id='word_1_699' title='bbox 1065 4867 1168 4919; x_wconf 92' lang='lat' dir='ltr'><strong><em>aut</em></strong></span> <span class='ocrx_word' id='word_1_700' title='bbox 1198 4862 1481 4919; x_wconf 88' lang='lat' dir='ltr'><strong><em>sollicitus</em></strong></span> <span class='ocrx_word' id='word_1_701' title='bbox 1508 4879 1705 4918; x_wconf 68' lang='lat' dir='ltr'><strong><em>saavus</em></strong></span> <span class='ocrx_word' id='word_1_702' title='bbox 1736 4880 1844 4919; x_wconf 87' lang='lat' dir='ltr'><strong><em>un-</em></strong></span> 
     </span>
    </p>
   </div>
   <div class='ocr_carea' id='block_1_92' title="bbox 188 4950 1840 5025">
    <p class='ocr_par' dir='ltr' id='par_1_94' title="bbox 188 4950 1840 5025">
     <span class='ocr_line' id='line_1_95' title="bbox 188 4950 1840 5025; baseline 0.001 -19"><span class='ocrx_word' id='word_1_703' title='bbox 188 4966 379 5025; x_wconf 88' lang='lat' dir='ltr'><strong><em>quam</em></strong></span> <span class='ocrx_word' id='word_1_704' title='bbox 406 4967 534 5007; x_wconf 89' lang='lat' dir='ltr'><strong><em>esse</em></strong></span> <span class='ocrx_word' id='word_1_705' title='bbox 555 4953 788 5024; x_wconf 85' lang='lat' dir='ltr'><strong><em>poterit.</em></strong></span> <span class='ocrx_word' id='word_1_706' title='bbox 812 4950 1037 5008; x_wconf 91' lang='lat' dir='ltr'><strong><em>Idcirco</em></strong></span> <span class='ocrx_word' id='word_1_707' title='bbox 1064 4953 1446 5008; x_wconf 88' lang='lat' dir='ltr'><strong><em>remissiones</em></strong></span> <span class='ocrx_word' id='word_1_708' title='bbox 1473 4957 1529 5007; x_wconf 90' lang='lat' dir='ltr'><strong><em>et</em></strong></span> <span class='ocrx_word' id='word_1_709' title='bbox 1557 4951 1840 5009; x_wconf 91' lang='lat' dir='ltr'><strong><em>intensio-</em></strong></span> 
     </span>
    </p>
   </div>
   <div class='ocr_carea' id='block_1_93' title="bbox 186 5040 1841 5117">
    <p class='ocr_par' dir='ltr' id='par_1_95' title="bbox 186 5040 1841 5117">
     <span class='ocr_line' id='line_1_96' title="bbox 186 5040 1841 5117; baseline 0.001 -22"><span class='ocrx_word' id='word_1_710' title='bbox 186 5055 299 5117; x_wconf 83' lang='lat' dir='ltr'><strong><em>nes</em></strong></span> <span class='ocrx_word' id='word_1_711' title='bbox 312 5040 716 5113; x_wconf 88' lang='lat' dir='ltr'><strong><em>suscipiuntur</em></strong></span> <span class='ocrx_word' id='word_1_712' title='bbox 731 5040 809 5098; x_wconf 88' lang='lat' dir='ltr'><strong><em>ab</em></strong></span> <span class='ocrx_word' id='word_1_713' title='bbox 834 5041 1103 5114; x_wconf 91' lang='lat' dir='ltr'><strong><em>ipsorum</em></strong></span> <span class='ocrx_word' id='word_1_714' title='bbox 1118 5043 1249 5113; x_wconf 91' lang='lat' dir='ltr'><strong><em>conj</em></strong></span> <span class='ocrx_word' id='word_1_715' title='bbox 1261 5041 1667 5112; x_wconf 86' lang='lat' dir='ltr'><strong><em>ugationibus,</em></strong></span> <span class='ocrx_word' id='word_1_716' title='bbox 1694 5059 1841 5116; x_wconf 89' lang='lat' dir='ltr'><strong><em>quo-</em></strong></span> 
     </span>
    </p>
   </div>
   <div class='ocr_carea' id='block_1_94' title="bbox 185 5129 1839 5204">
    <p class='ocr_par' dir='ltr' id='par_1_96' title="bbox 185 5129 1839 5204">
     <span class='ocr_line' id='line_1_97' title="bbox 185 5129 1839 5204; baseline 0.002 -19"><span class='ocrx_word' id='word_1_717' title='bbox 185 5129 354 5185; x_wconf 89' lang='lat' dir='ltr'><strong><em>niam</em></strong></span> <span class='ocrx_word' id='word_1_718' title='bbox 385 5129 841 5202; x_wconf 81' lang='lat' dir='ltr'><strong><em>conjugationes</em></strong></span> <span class='ocrx_word' id='word_1_719' title='bbox 880 5146 952 5186; x_wconf 84' lang='lat' dir='ltr'><strong><em>ex</em></strong></span> <span class='ocrx_word' id='word_1_720' title='bbox 978 5131 1199 5204; x_wconf 87' lang='lat' dir='ltr'><strong><em>quibus</em></strong></span> <span class='ocrx_word' id='word_1_721' title='bbox 1240 5136 1646 5203; x_wconf 88' lang='lat' dir='ltr'><strong><em>temperantur</em></strong></span> <span class='ocrx_word' id='word_1_722' title='bbox 1670 5131 1839 5188; x_wconf 91' lang='lat' dir='ltr'><strong><em>nullo</em></strong></span> 
     </span>
    </p>
   </div>
   <div class='ocr_carea' id='block_1_95' title="bbox 186 5217 1038 5293">
    <p class='ocr_par' dir='ltr' id='par_1_97' title="bbox 186 5217 1038 5293">
     <span class='ocr_line' id='line_1_98' title="bbox 186 5217 1038 5293; baseline 0 -18"><span class='ocrx_word' id='word_1_723' title='bbox 186 5217 373 5275; x_wconf 89' lang='lat' dir='ltr'><strong><em>modo</em></strong></span> <span class='ocrx_word' id='word_1_724' title='bbox 398 5218 727 5292; x_wconf 89' lang='lat' dir='ltr'><strong><em>permutari</em></strong></span> <span class='ocrx_word' id='word_1_725' title='bbox 764 5223 1038 5293; x_wconf 87' lang='lat' dir='ltr'><strong><em>possunt.</em></strong></span> 
     </span>
    </p>
   </div>
   <div class='ocr_carea' id='block_1_96' title="bbox 262 5306 1838 5381">
    <p class='ocr_par' dir='ltr' id='par_1_98' title="bbox 262 5306 1838 5381">
     <span class='ocr_line' id='line_1_99' title="bbox 262 5306 1838 5381; baseline 0.001 -18"><span class='ocrx_word' id='word_1_726' title='bbox 262 5311 314 5363; x_wconf 88' lang='lat'><strong><em>3.</em></strong></span> <span class='ocrx_word' id='word_1_727' title='bbox 342 5309 438 5364; x_wconf 89' lang='lat' dir='ltr'><strong><em>Est</em></strong></span> <span class='ocrx_word' id='word_1_728' title='bbox 468 5310 670 5363; x_wconf 88' lang='lat' dir='ltr'><strong><em>autem</em></strong></span> <span class='ocrx_word' id='word_1_729' title='bbox 692 5307 1075 5380; x_wconf 88' lang='lat' dir='ltr'><strong><em>perspicuum</em></strong></span> <span class='ocrx_word' id='word_1_730' title='bbox 1106 5306 1219 5363; x_wconf 89' lang='lat' dir='ltr'><strong><em>hoc</em></strong></span> <span class='ocrx_word' id='word_1_731' title='bbox 1242 5308 1514 5363; x_wconf 90' lang='lat' dir='ltr'><strong><em>omnium</em></strong></span> <span class='ocrx_word' id='word_1_732' title='bbox 1545 5324 1675 5364; x_wconf 88' lang='lat' dir='ltr'><strong><em>esse</em></strong></span> <span class='ocrx_word' id='word_1_733' title='bbox 1702 5325 1838 5381; x_wconf 92' lang='lat' dir='ltr'><strong><em>pro-</em></strong></span> 
     </span>
    </p>
   </div>
   <div class='ocr_carea' id='block_1_97' title="bbox 187 5394 1834 5470">
    <p class='ocr_par' dir='ltr' id='par_1_99' title="bbox 187 5394 1834 5470">
     <span class='ocr_line' id='line_1_100' title="bbox 187 5394 1834 5470; baseline 0.001 -19"><span class='ocrx_word' id='word_1_734' title='bbox 187 5395 377 5470; x_wconf 87' lang='lat' dir='ltr'><strong><em>prium</em></strong></span> <span class='ocrx_word' id='word_1_735' title='bbox 394 5394 901 5467; x_wconf 84' lang='lat' dir='ltr'><strong><em>conjugationum,</em></strong></span> <span class='ocrx_word' id='word_1_736' title='bbox 920 5412 991 5451; x_wconf 85' lang='lat' dir='ltr'><strong><em>ex</em></strong></span> <span class='ocrx_word' id='word_1_737' title='bbox 1014 5399 1295 5451; x_wconf 87' lang='lat' dir='ltr'><strong><em>accurata</em></strong></span> <span class='ocrx_word' id='word_1_738' title='bbox 1306 5395 1556 5451; x_wconf 90' lang='lat' dir='ltr'><strong><em>duorum</em></strong></span> <span class='ocrx_word' id='word_1_739' title='bbox 1586 5396 1834 5452; x_wconf 89' lang='lat' dir='ltr'><strong><em>istorum</em></strong></span> 
     </span>
    </p>
   </div>
   <div class='ocr_carea' id='block_1_98' title="bbox 190 5484 1839 5559">
    <p class='ocr_par' dir='ltr' id='par_1_100' title="bbox 190 5484 1839 5559">
     <span class='ocr_line' id='line_1_101' title="bbox 190 5484 1839 5559; baseline 0.002 -21"><span class='ocrx_word' id='word_1_740' title='bbox 190 5484 601 5551; x_wconf 83' lang='lat' dir='ltr'><strong><em>vestigatione.</em></strong></span> <span class='ocrx_word' id='word_1_741' title='bbox 634 5489 829 5559; x_wconf 87' lang='lat' dir='ltr'><strong><em>Neque</em></strong></span> <span class='ocrx_word' id='word_1_742' title='bbox 861 5486 1019 5541; x_wconf 90' lang='lat' dir='ltr'><strong><em>enim</em></strong></span> <span class='ocrx_word' id='word_1_743' title='bbox 1061 5486 1210 5541; x_wconf 91' lang='lat' dir='ltr'><strong><em>inter</em></strong></span> <span class='ocrx_word' id='word_1_744' title='bbox 1230 5501 1440 5541; x_wconf 88' lang='lat' dir='ltr'><strong><em>omnes</em></strong></span> <span class='ocrx_word' id='word_1_745' title='bbox 1483 5502 1586 5558; x_wconf 91' lang='lat' dir='ltr'><strong><em>per</em></strong></span> <span class='ocrx_word' id='word_1_746' title='bbox 1634 5486 1839 5542; x_wconf 89' lang='lat' dir='ltr'><strong><em>omnia</em></strong></span> 
     </span>
    </p>
   </div>
   <div class='ocr_carea' id='block_1_99' title="bbox 193 5568 1840 5647">
    <p class='ocr_par' dir='ltr' id='par_1_101' title="bbox 193 5568 1840 5647">
     <span class='ocr_line' id='line_1_102' title="bbox 193 5568 1840 5647; baseline 0.002 -19"><span class='ocrx_word' id='word_1_747' title='bbox 193 5576 282 5628; x_wconf 86' lang='lat' dir='ltr'><strong><em>est</em></strong></span> <span class='ocrx_word' id='word_1_748' title='bbox 296 5572 697 5629; x_wconf 88' lang='lat' dir='ltr'><strong><em>communitas</em></strong></span> <span class='ocrx_word' id='word_1_749' title='bbox 712 5590 725 5628; x_wconf 89' lang='lat'><strong>:</strong></span> <span class='ocrx_word' id='word_1_750' title='bbox 742 5573 989 5646; x_wconf 89' lang='lat' dir='ltr'><strong><em>quando</em></strong></span> <span class='ocrx_word' id='word_1_751' title='bbox 1001 5573 1235 5647; x_wconf 87' lang='lat' dir='ltr'><strong><em>quidem</em></strong></span> <span class='ocrx_word' id='word_1_752' title='bbox 1255 5568 1459 5646; x_wconf 89' lang='lat' dir='ltr'><strong><em>partim</em></strong></span> <span class='ocrx_word' id='word_1_753' title='bbox 1475 5574 1840 5631; x_wconf 88' lang='lat' dir='ltr'><strong><em>communio-</em></strong></span> 
     </span>
    </p>
   </div>
   <div class='ocr_carea' id='block_1_100' title="bbox 193 5646 1839 5739">
    <p class='ocr_par' dir='ltr' id='par_1_102' title="bbox 193 5646 1839 5739">
     <span class='ocr_line' id='line_1_103' title="bbox 193 5646 1839 5739; baseline 0.002 -24"><span class='ocrx_word' id='word_1_754' title='bbox 193 5646 335 5716; x_wconf 69' lang='lat' dir='ltr'><strong><em>hem</em></strong></span> <span class='ocrx_word' id='word_1_755' title='bbox 361 5660 605 5734; x_wconf 82' lang='lat' dir='ltr'><strong><em>habent,</em></strong></span> <span class='ocrx_word' id='word_1_756' title='bbox 634 5660 842 5734; x_wconf 87' lang='lat' dir='ltr'><strong><em>partim</em></strong></span> <span class='ocrx_word' id='word_1_757' title='bbox 862 5662 1031 5721; x_wconf 89' lang='lat' dir='ltr'><strong><em>etiam</em></strong></span> <span class='ocrx_word' id='word_1_758' title='bbox 1051 5660 1382 5731; x_wconf 89' lang='lat' dir='ltr'><strong><em>discrimen,</em></strong></span> <span class='ocrx_word' id='word_1_759' title='bbox 1395 5661 1642 5735; x_wconf 90' lang='lat' dir='ltr'><strong><em>quando</em></strong></span> <span class='ocrx_word' id='word_1_760' title='bbox 1659 5662 1839 5739; x_wconf 79' lang='lat' dir='ltr'><strong><em>etiam</em></strong></span> 
     </span>
    </p>
   </div>
   <div class='ocr_carea' id='block_1_101' title="bbox 1955 4240 3599 4318">
    <p class='ocr_par' dir='ltr' id='par_1_103' title="bbox 1955 4240 3599 4318">
     <span class='ocr_line' id='line_1_104' title="bbox 1955 4240 3599 4318; baseline -0.003 -15"><span class='ocrx_word' id='word_1_761' title='bbox 1955 4247 2067 4304; x_wconf 89' lang='lat' dir='ltr'><strong><em>illis</em></strong></span> <span class='ocrx_word' id='word_1_762' title='bbox 2079 4246 2337 4303; x_wconf 74' lang='lat' dir='ltr'><strong><em>conﬂata</em></strong></span> <span class='ocrx_word' id='word_1_763' title='bbox 2350 4246 2426 4301; x_wconf 90' lang='lat' dir='ltr'><strong><em>ad</em></strong></span> <span class='ocrx_word' id='word_1_764' title='bbox 2440 4246 2621 4301; x_wconf 87' lang='lat' dir='ltr'><strong><em>ﬁnem</em></strong></span> <span class='ocrx_word' id='word_1_765' title='bbox 2637 4261 2825 4318; x_wconf 82' lang='lat' dir='ltr'><strong><em>usque</em></strong></span> <span class='ocrx_word' id='word_1_766' title='bbox 2836 4244 2851 4299; x_wconf 92' lang='lat' dir='ltr'><strong><em>i</em></strong></span> <span class='ocrx_word' id='word_1_767' title='bbox 2861 4244 3202 4300; x_wconf 86' lang='lat' dir='ltr'><strong><em>ntensiones</em></strong></span> <span class='ocrx_word' id='word_1_768' title='bbox 3215 4247 3273 4299; x_wconf 91' lang='lat' dir='ltr'><strong><em>et</em></strong></span> <span class='ocrx_word' id='word_1_769' title='bbox 3300 4240 3599 4299; x_wconf 87' lang='lat' dir='ltr'><strong><em>remissio-</em></strong></span> 
     </span>
    </p>
   </div>
   <div class='ocr_carea' id='block_1_102' title="bbox 1955 4330 3605 4408">
    <p class='ocr_par' dir='ltr' id='par_1_104' title="bbox 1955 4330 3605 4408">
     <span class='ocr_line' id='line_1_105' title="bbox 1955 4330 3605 4408; baseline -0.004 -16"><span class='ocrx_word' id='word_1_770' title='bbox 1955 4351 2061 4392; x_wconf 90' lang='lat' dir='ltr'><strong><em>nes</em></strong></span> <span class='ocrx_word' id='word_1_771' title='bbox 2093 4335 2440 4408; x_wconf 91' lang='lat' dir='ltr'><strong><em>suscipient,</em></strong></span> <span class='ocrx_word' id='word_1_772' title='bbox 2488 4338 2903 4389; x_wconf 81' lang='lat' dir='ltr'><strong><em>verumtamen</em></strong></span> <span class='ocrx_word' id='word_1_773' title='bbox 2941 4333 3096 4389; x_wconf 85' lang='lat' dir='ltr'><strong><em>intra</em></strong></span> <span class='ocrx_word' id='word_1_774' title='bbox 3148 4347 3291 4388; x_wconf 90' lang='lat' dir='ltr'><strong><em>suos</em></strong></span> <span class='ocrx_word' id='word_1_775' title='bbox 3341 4330 3492 4387; x_wconf 89' lang='lat' dir='ltr'><strong><em>ﬁnes</em></strong></span> <span class='ocrx_word' id='word_1_776' title='bbox 3547 4334 3605 4386; x_wconf 89' lang='lat' dir='ltr'><strong><em>et</em></strong></span> 
     </span>
    </p>
   </div>
   <div class='ocr_carea' id='block_1_103' title="bbox 1955 4418 3604 4491">
    <p class='ocr_par' dir='ltr' id='par_1_105' title="bbox 1955 4418 3604 4491">
     <span class='ocr_line' id='line_1_106' title="bbox 1955 4418 3604 4491; baseline -0.004 -11"><span class='ocrx_word' id='word_1_777' title='bbox 1955 4423 2240 4480; x_wconf 87' lang='lat' dir='ltr'><strong><em>terminos</em></strong></span> <span class='ocrx_word' id='word_1_778' title='bbox 2291 4422 2635 4479; x_wconf 91' lang='lat' dir='ltr'><strong><em>consistent.</em></strong></span> <span class='ocrx_word' id='word_1_779' title='bbox 2693 4429 2905 4478; x_wconf 80' lang='lat' dir='ltr'><strong><em>Annon</em></strong></span> <span class='ocrx_word' id='word_1_780' title='bbox 2960 4422 3137 4491; x_wconf 82' lang='lat' dir='ltr'><strong><em>igitur</em></strong></span> <span class='ocrx_word' id='word_1_781' title='bbox 3178 4418 3389 4476; x_wconf 89' lang='lat' dir='ltr'><strong><em>inﬁniti</em></strong></span> <span class='ocrx_word' id='word_1_782' title='bbox 3466 4425 3604 4475; x_wconf 90' lang='lat' dir='ltr'><strong><em>sunt</em></strong></span> 
     </span>
    </p>
   </div>
   <div class='ocr_carea' id='block_1_104' title="bbox 1953 4508 3601 4585">
    <p class='ocr_par' dir='ltr' id='par_1_106' title="bbox 1953 4508 3601 4585">
     <span class='ocr_line' id='line_1_107' title="bbox 1953 4508 3601 4585; baseline -0.002 -17"><span class='ocrx_word' id='word_1_783' title='bbox 1953 4512 2227 4570; x_wconf 89' lang='lat' dir='ltr'><strong><em>iracundi</em></strong></span> <span class='ocrx_word' id='word_1_784' title='bbox 2252 4517 2551 4585; x_wconf 89' lang='lat' dir='ltr'><strong><em>quatenus</em></strong></span> <span class='ocrx_word' id='word_1_785' title='bbox 2582 4511 2873 4575; x_wconf 86' lang='lat' dir='ltr'><strong><em>iracundi,</em></strong></span> <span class='ocrx_word' id='word_1_786' title='bbox 2902 4509 3189 4567; x_wconf 88' lang='lat' dir='ltr'><strong><em>etinﬁniti</em></strong></span> <span class='ocrx_word' id='word_1_787' title='bbox 3216 4508 3415 4582; x_wconf 90' lang='lat' dir='ltr'><strong><em>cupidi</em></strong></span> <span class='ocrx_word' id='word_1_788' title='bbox 3454 4524 3601 4581; x_wconf 89' lang='lat' dir='ltr'><strong><em>qua-</em></strong></span> 
     </span>
    </p>
   </div>
   <div class='ocr_carea' id='block_1_105' title="bbox 1952 4596 3597 4673">
    <p class='ocr_par' dir='ltr' id='par_1_107' title="bbox 1952 4596 3597 4673">
     <span class='ocr_line' id='line_1_108' title="bbox 1952 4596 3597 4673; baseline -0.004 -16"><span class='ocrx_word' id='word_1_789' title='bbox 1952 4606 2125 4658; x_wconf 87' lang='lat' dir='ltr'><strong><em>tenus</em></strong></span> <span class='ocrx_word' id='word_1_790' title='bbox 2138 4600 2359 4673; x_wconf 86' lang='lat' dir='ltr'><strong><em>cupidi,</em></strong></span> <span class='ocrx_word' id='word_1_791' title='bbox 2376 4600 2655 4657; x_wconf 90' lang='lat' dir='ltr'><strong><em>etinﬁniti</em></strong></span> <span class='ocrx_word' id='word_1_792' title='bbox 2668 4598 2991 4672; x_wconf 89' lang='lat' dir='ltr'><strong><em>prudentes</em></strong></span> <span class='ocrx_word' id='word_1_793' title='bbox 3006 4604 3301 4671; x_wconf 86' lang='lat' dir='ltr'><strong><em>quatenus</em></strong></span> <span class='ocrx_word' id='word_1_794' title='bbox 3339 4596 3597 4670; x_wconf 92' lang='lat' dir='ltr'><strong><em>pruden-</em></strong></span> 
     </span>
    </p>
   </div>
   <div class='ocr_carea' id='block_1_106' title="bbox 1952 4684 3594 4762">
    <p class='ocr_par' dir='ltr' id='par_1_108' title="bbox 1952 4684 3594 4762">
     <span class='ocr_line' id='line_1_109' title="bbox 1952 4684 3594 4762; baseline -0.004 -17"><span class='ocrx_word' id='word_1_795' title='bbox 1952 4694 2058 4760; x_wconf 87' lang='lat' dir='ltr'><strong><em>tes,</em></strong></span> <span class='ocrx_word' id='word_1_796' title='bbox 2093 4705 2214 4746; x_wconf 88' lang='lat' dir='ltr'><strong><em>non</em></strong></span> <span class='ocrx_word' id='word_1_797' title='bbox 2248 4688 2368 4756; x_wconf 85' lang='lat' dir='ltr'><strong><em>alii,</em></strong></span> <span class='ocrx_word' id='word_1_798' title='bbox 2399 4689 2687 4762; x_wconf 90' lang='lat' dir='ltr'><strong><em>quoniam</em></strong></span> <span class='ocrx_word' id='word_1_799' title='bbox 2713 4687 3020 4743; x_wconf 76' lang='lat' dir='ltr'><strong><em>intrasuos</em></strong></span> <span class='ocrx_word' id='word_1_800' title='bbox 3038 4687 3186 4741; x_wconf 79' lang='lat' dir='ltr'><strong><em>ﬁnes</em></strong></span> <span class='ocrx_word' id='word_1_801' title='bbox 3204 4690 3259 4741; x_wconf 89' lang='lat' dir='ltr'><strong><em>et</em></strong></span> <span class='ocrx_word' id='word_1_802' title='bbox 3311 4684 3594 4740; x_wconf 89' lang='lat' dir='ltr'><strong><em>terminos</em></strong></span> 
     </span>
    </p>
   </div>
   <div class='ocr_carea' id='block_1_107' title="bbox 1952 4768 3598 4846">
    <p class='ocr_par' dir='ltr' id='par_1_109' title="bbox 1952 4768 3598 4846">
     <span class='ocr_line' id='line_1_110' title="bbox 1952 4768 3598 4846; baseline -0.005 -13"><span class='ocrx_word' id='word_1_803' title='bbox 1952 4776 2282 4833; x_wconf 91' lang='lat' dir='ltr'><strong><em>consistunt</em></strong></span> <span class='ocrx_word' id='word_1_804' title='bbox 2310 4792 2521 4833; x_wconf 90' lang='lat' dir='ltr'><strong><em>omnes</em></strong></span> <span class='ocrx_word' id='word_1_805' title='bbox 2553 4775 2825 4832; x_wconf 89' lang='lat' dir='ltr'><strong><em>iracundi</em></strong></span> <span class='ocrx_word' id='word_1_806' title='bbox 2855 4780 2911 4829; x_wconf 90' lang='lat' dir='ltr'><strong><em>et</em></strong></span> <span class='ocrx_word' id='word_1_807' title='bbox 2930 4773 3128 4846; x_wconf 89' lang='lat' dir='ltr'><strong><em>cupidi</em></strong></span> <span class='ocrx_word' id='word_1_808' title='bbox 3152 4778 3207 4827; x_wconf 92' lang='lat' dir='ltr'><strong><em>et</em></strong></span> <span class='ocrx_word' id='word_1_809' title='bbox 3230 4768 3550 4844; x_wconf 89' lang='lat' dir='ltr'><strong><em>prudentes</em></strong></span> <span class='ocrx_word' id='word_1_810' title='bbox 3569 4769 3598 4824; x_wconf 85' lang='lat'><strong>?</strong></span> 
     </span>
    </p>
   </div>
   <div class='ocr_carea' id='block_1_108' title="bbox 1952 4863 3595 4935">
    <p class='ocr_par' dir='ltr' id='par_1_110' title="bbox 1952 4863 3595 4935">
     <span class='ocr_line' id='line_1_111' title="bbox 1952 4863 3595 4935; baseline -0.005 -14"><span class='ocrx_word' id='word_1_811' title='bbox 1952 4868 2048 4922; x_wconf 64' lang='lat' dir='ltr'><strong><em>Hae</em></strong></span> <span class='ocrx_word' id='word_1_812' title='bbox 2078 4865 2414 4935; x_wconf 89' lang='lat' dir='ltr'><strong><em>suntigitur</em></strong></span> <span class='ocrx_word' id='word_1_813' title='bbox 2438 4863 2572 4919; x_wconf 79' lang='lat' dir='ltr'><strong><em>duae</em></strong></span> <span class='ocrx_word' id='word_1_814' title='bbox 2604 4863 2969 4927; x_wconf 73' lang='lat' dir='ltr'><strong><em>differentiae,</em></strong></span> <span class='ocrx_word' id='word_1_815' title='bbox 3012 4876 3228 4931; x_wconf 82' lang='lat' dir='ltr'><strong><em>nempe</em></strong></span> <span class='ocrx_word' id='word_1_816' title='bbox 3273 4873 3395 4913; x_wconf 92' lang='lat' dir='ltr'><strong><em>una</em></strong></span> <span class='ocrx_word' id='word_1_817' title='bbox 3460 4873 3595 4929; x_wconf 77' lang='lat' dir='ltr'><strong><em>quae</em></strong></span> 
     </span>
    </p>
   </div>
   <div class='ocr_carea' id='block_1_109' title="bbox 1950 4947 3593 5022">
    <p class='ocr_par' dir='ltr' id='par_1_111' title="bbox 1950 4947 3593 5022">
     <span class='ocr_line' id='line_1_112' title="bbox 1950 4947 3593 5022; baseline -0.005 -12"><span class='ocrx_word' id='word_1_818' title='bbox 1950 4953 2103 5010; x_wconf 86' lang='lat' dir='ltr'><strong><em>duas</em></strong></span> <span class='ocrx_word' id='word_1_819' title='bbox 2132 4958 2189 5009; x_wconf 89' lang='lat' dir='ltr'><strong><em>et</em></strong></span> <span class='ocrx_word' id='word_1_820' title='bbox 2207 4952 2531 5022; x_wconf 81' lang='lat' dir='ltr'><strong><em>nonaginta</em></strong></span> <span class='ocrx_word' id='word_1_821' title='bbox 2545 4951 2735 5006; x_wconf 81' lang='lat' dir='ltr'><strong><em>effecit</em></strong></span> <span class='ocrx_word' id='word_1_822' title='bbox 2752 4950 2883 5021; x_wconf 91' lang='lat' dir='ltr'><strong><em>conj</em></strong></span> <span class='ocrx_word' id='word_1_823' title='bbox 2896 4950 3133 5019; x_wconf 84' lang='lat' dir='ltr'><strong><em>ngation</em></strong></span> <span class='ocrx_word' id='word_1_824' title='bbox 3144 4965 3207 5003; x_wconf 90' lang='lat' dir='ltr'><strong><em>es</em></strong></span> <span class='ocrx_word' id='word_1_825' title='bbox 3222 4952 3399 5019; x_wconf 89' lang='lat' dir='ltr'><strong><em>atque</em></strong></span> <span class='ocrx_word' id='word_1_826' title='bbox 3416 4947 3593 5001; x_wconf 90' lang='lat' dir='ltr'><strong><em>etiam</em></strong></span> 
     </span>
    </p>
   </div>
   <div class='ocr_carea' id='block_1_110' title="bbox 1950 5036 3599 5114">
    <p class='ocr_par' dir='ltr' id='par_1_112' title="bbox 1950 5036 3599 5114">
     <span class='ocr_line' id='line_1_113' title="bbox 1950 5036 3599 5114; baseline -0.004 -16"><span class='ocrx_word' id='word_1_827' title='bbox 1950 5041 2302 5114; x_wconf 88' lang='lat' dir='ltr'><strong><em>simplicem:</em></strong></span> <span class='ocrx_word' id='word_1_828' title='bbox 2324 5041 2651 5111; x_wconf 67' lang='lat' dir='ltr'><strong><em>alteraquze</em></strong></span> <span class='ocrx_word' id='word_1_829' title='bbox 2665 5038 2924 5093; x_wconf 87' lang='lat' dir='ltr'><strong><em>inﬁnitas</em></strong></span> <span class='ocrx_word' id='word_1_830' title='bbox 2936 5037 3314 5092; x_wconf 87' lang='lat' dir='ltr'><strong><em>remissiones</em></strong></span> <span class='ocrx_word' id='word_1_831' title='bbox 3330 5052 3399 5092; x_wconf 90' lang='lat' dir='ltr'><strong><em>ac</em></strong></span> <span class='ocrx_word' id='word_1_832' title='bbox 3412 5036 3599 5092; x_wconf 90' lang='lat' dir='ltr'><strong><em>inten-</em></strong></span> 
     </span>
    </p>
   </div>
   <div class='ocr_carea' id='block_1_111' title="bbox 1951 5126 3594 5200">
    <p class='ocr_par' dir='ltr' id='par_1_113' title="bbox 1951 5126 3594 5200">
     <span class='ocr_line' id='line_1_114' title="bbox 1951 5126 3594 5200; baseline -0.004 -13"><span class='ocrx_word' id='word_1_833' title='bbox 1951 5132 2149 5187; x_wconf 91' lang='lat' dir='ltr'><strong><em>siones</em></strong></span> <span class='ocrx_word' id='word_1_834' title='bbox 2180 5130 2380 5198; x_wconf 88' lang='lat' dir='ltr'><strong><em>habet,</em></strong></span> <span class='ocrx_word' id='word_1_835' title='bbox 2422 5144 2649 5200; x_wconf 89' lang='lat' dir='ltr'><strong><em>easquo</em></strong></span> <span class='ocrx_word' id='word_1_836' title='bbox 2678 5128 2833 5183; x_wconf 90' lang='lat' dir='ltr'><strong><em>intra</em></strong></span> <span class='ocrx_word' id='word_1_837' title='bbox 2863 5126 3337 5198; x_wconf 84' lang='lat' dir='ltr'><strong><em>conjugationes.</em></strong></span> <span class='ocrx_word' id='word_1_838' title='bbox 3396 5128 3594 5192; x_wconf 90' lang='lat' dir='ltr'><strong><em>Quare</em></strong></span> 
     </span>
    </p>
   </div>
   <div class='ocr_carea' id='block_1_112' title="bbox 1947 5215 3595 5286">
    <p class='ocr_par' dir='ltr' id='par_1_114' title="bbox 1947 5215 3595 5286">
     <span class='ocr_line' id='line_1_115' title="bbox 1947 5215 3595 5286; baseline -0.004 -9"><span class='ocrx_word' id='word_1_839' title='bbox 1947 5236 2122 5278; x_wconf 90' lang='lat' dir='ltr'><strong><em>nemo</em></strong></span> <span class='ocrx_word' id='word_1_840' title='bbox 2155 5218 2249 5275; x_wconf 92' lang='lat' dir='ltr'><strong><em>cui</em></strong></span> <span class='ocrx_word' id='word_1_841' title='bbox 2278 5217 2475 5274; x_wconf 90' lang='lat' dir='ltr'><strong><em>nobile</em></strong></span> <span class='ocrx_word' id='word_1_842' title='bbox 2505 5215 2678 5271; x_wconf 88' lang='lat' dir='ltr'><strong><em>fuerit</em></strong></span> <span class='ocrx_word' id='word_1_843' title='bbox 2706 5215 3006 5286; x_wconf 88' lang='lat' dir='ltr'><strong><em>ingenium</em></strong></span> <span class='ocrx_word' id='word_1_844' title='bbox 3040 5216 3285 5272; x_wconf 83' lang='lat' dir='ltr'><strong><em>scientia</em></strong></span> <span class='ocrx_word' id='word_1_845' title='bbox 3325 5216 3386 5271; x_wconf 93' lang='lat' dir='ltr'><strong><em>in</em></strong></span> <span class='ocrx_word' id='word_1_846' title='bbox 3436 5233 3595 5272; x_wconf 91' lang='lat' dir='ltr'><strong><em>erro-</em></strong></span> 
     </span>
    </p>
   </div>
   <div class='ocr_carea' id='block_1_113' title="bbox 1945 5304 3598 5378">
    <p class='ocr_par' dir='ltr' id='par_1_115' title="bbox 1945 5304 3598 5378">
     <span class='ocr_line' id='line_1_116' title="bbox 1945 5304 3598 5378; baseline -0.004 -13"><span class='ocrx_word' id='word_1_847' title='bbox 1945 5324 2074 5366; x_wconf 86' lang='lat' dir='ltr'><strong><em>rem</em></strong></span> <span class='ocrx_word' id='word_1_848' title='bbox 2095 5308 2407 5363; x_wconf 87' lang='lat' dir='ltr'><strong><em>inducetur</em></strong></span> <span class='ocrx_word' id='word_1_849' title='bbox 2420 5310 2522 5361; x_wconf 88' lang='lat' dir='ltr'><strong><em>aut</em></strong></span> <span class='ocrx_word' id='word_1_850' title='bbox 2542 5304 2870 5378; x_wconf 91' lang='lat' dir='ltr'><strong><em>decipietur</em></strong></span> <span class='ocrx_word' id='word_1_851' title='bbox 2884 5321 2987 5377; x_wconf 91' lang='lat' dir='ltr'><strong><em>per</em></strong></span> <span class='ocrx_word' id='word_1_852' title='bbox 3015 5305 3415 5361; x_wconf 89' lang='lat' dir='ltr'><strong><em>intensionem</em></strong></span> <span class='ocrx_word' id='word_1_853' title='bbox 3433 5304 3513 5360; x_wconf 89' lang='lat' dir='ltr'><strong><em>ita</em></strong></span> <span class='ocrx_word' id='word_1_854' title='bbox 3534 5308 3598 5359; x_wconf 93' lang='lat' dir='ltr'><strong><em>ut</em></strong></span> 
     </span>
    </p>
   </div>
   <div class='ocr_carea' id='block_1_114' title="bbox 1946 5393 3592 5467">
    <p class='ocr_par' dir='ltr' id='par_1_116' title="bbox 1946 5393 3592 5467">
     <span class='ocr_line' id='line_1_117' title="bbox 1946 5393 3592 5467; baseline -0.003 -14"><span class='ocrx_word' id='word_1_855' title='bbox 1946 5396 2196 5453; x_wconf 90' lang='lat' dir='ltr'><strong><em>remisse</em></strong></span> <span class='ocrx_word' id='word_1_856' title='bbox 2218 5394 2504 5467; x_wconf 90' lang='lat' dir='ltr'><strong><em>cupidum</em></strong></span> <span class='ocrx_word' id='word_1_857' title='bbox 2532 5394 2797 5450; x_wconf 84' lang='lat' dir='ltr'><strong><em>conferat</em></strong></span> <span class='ocrx_word' id='word_1_858' title='bbox 2822 5411 2960 5450; x_wconf 90' lang='lat' dir='ltr'><strong><em>cum</em></strong></span> <span class='ocrx_word' id='word_1_859' title='bbox 2990 5393 3105 5450; x_wconf 90' lang='lat' dir='ltr'><strong><em>alio</em></strong></span> <span class='ocrx_word' id='word_1_860' title='bbox 3136 5394 3389 5467; x_wconf 89' lang='lat' dir='ltr'><strong><em>quicum</em></strong></span> <span class='ocrx_word' id='word_1_861' title='bbox 3411 5394 3592 5448; x_wconf 90' lang='lat' dir='ltr'><strong><em>inten-</em></strong></span> 
     </span>
    </p>
   </div>
   <div class='ocr_carea' id='block_1_115' title="bbox 1948 5478 3594 5557">
    <p class='ocr_par' dir='ltr' id='par_1_117' title="bbox 1948 5478 3594 5557">
     <span class='ocr_line' id='line_1_118' title="bbox 1948 5478 3594 5557; baseline -0.002 -18"><span class='ocrx_word' id='word_1_862' title='bbox 1948 5484 2113 5541; x_wconf 90' lang='lat' dir='ltr'><strong><em>sione</em></strong></span> <span class='ocrx_word' id='word_1_863' title='bbox 2151 5484 2353 5556; x_wconf 91' lang='lat' dir='ltr'><strong><em>aliqua</em></strong></span> <span class='ocrx_word' id='word_1_864' title='bbox 2366 5483 2480 5540; x_wconf 89' lang='lat' dir='ltr'><strong><em>alia</em></strong></span> <span class='ocrx_word' id='word_1_865' title='bbox 2497 5482 2782 5557; x_wconf 90' lang='lat' dir='ltr'><strong><em>qualitate</em></strong></span> <span class='ocrx_word' id='word_1_866' title='bbox 2795 5483 3078 5556; x_wconf 69' lang='lat' dir='ltr'><strong><em>praeditus</em></strong></span> <span class='ocrx_word' id='word_1_867' title='bbox 3090 5488 3196 5549; x_wconf 88' lang='lat' dir='ltr'><strong><em>est,</em></strong></span> <span class='ocrx_word' id='word_1_868' title='bbox 3222 5481 3326 5537; x_wconf 92' lang='lat' dir='ltr'><strong><em>sed</em></strong></span> <span class='ocrx_word' id='word_1_869' title='bbox 3358 5497 3462 5554; x_wconf 92' lang='lat' dir='ltr'><strong><em>per</em></strong></span> <span class='ocrx_word' id='word_1_870' title='bbox 3488 5478 3594 5535; x_wconf 91' lang='lat' dir='ltr'><strong><em>sci-</em></strong></span> 
     </span>
    </p>
   </div>
   <div class='ocr_carea' id='block_1_116' title="bbox 1946 5567 3593 5646">
    <p class='ocr_par' dir='ltr' id='par_1_118' title="bbox 1946 5567 3593 5646">
     <span class='ocr_line' id='line_1_119' title="bbox 1946 5567 3593 5646; baseline -0.004 -17"><span class='ocrx_word' id='word_1_871' title='bbox 1946 5574 2170 5630; x_wconf 88' lang='lat' dir='ltr'><strong><em>entiam</em></strong></span> <span class='ocrx_word' id='word_1_872' title='bbox 2186 5572 2543 5629; x_wconf 89' lang='lat' dir='ltr'><strong><em>iracundum</em></strong></span> <span class='ocrx_word' id='word_1_873' title='bbox 2567 5589 2603 5628; x_wconf 91' lang='lat' dir='ltr'><strong><em>a</em></strong></span> <span class='ocrx_word' id='word_1_874' title='bbox 2619 5572 2838 5646; x_wconf 90' lang='lat' dir='ltr'><strong><em>cupido</em></strong></span> <span class='ocrx_word' id='word_1_875' title='bbox 2856 5571 3037 5627; x_wconf 91' lang='lat' dir='ltr'><strong><em>alium</em></strong></span> <span class='ocrx_word' id='word_1_876' title='bbox 3064 5586 3198 5626; x_wconf 91' lang='lat' dir='ltr'><strong><em>esse</em></strong></span> <span class='ocrx_word' id='word_1_877' title='bbox 3215 5567 3593 5640; x_wconf 68' lang='lat' dir='ltr'><strong><em>judicabitet</em></strong></span> 
     </span>
    </p>
   </div>
   <div class='ocr_carea' id='block_1_117' title="bbox 1946 5655 3593 5745">
    <p class='ocr_par' dir='ltr' id='par_1_119' title="bbox 1946 5655 3593 5745">
     <span class='ocr_line' id='line_1_120' title="bbox 1946 5655 3593 5745; baseline -0.005 -26"><span class='ocrx_word' id='word_1_878' title='bbox 1946 5664 2175 5719; x_wconf 83' lang='lat' dir='ltr'><strong><em>contra.</em></strong></span> <span class='ocrx_word' id='word_1_879' title='bbox 2205 5659 2370 5717; x_wconf 87' lang='lat' dir='ltr'><strong><em>Idem</em></strong></span> <span class='ocrx_word' id='word_1_880' title='bbox 2395 5664 2483 5717; x_wconf 87' lang='lat' dir='ltr'><strong><em>est</em></strong></span> <span class='ocrx_word' id='word_1_881' title='bbox 2502 5658 2951 5717; x_wconf 84' lang='lat' dir='ltr'><strong><em>observandum</em></strong></span> <span class='ocrx_word' id='word_1_882' title='bbox 2978 5658 3040 5714; x_wconf 88' lang='lat' dir='ltr'><strong><em>in</em></strong></span> <span class='ocrx_word' id='word_1_883' title='bbox 3061 5656 3345 5714; x_wconf 87' lang='lat' dir='ltr'><strong><em>omnibus</em></strong></span> <span class='ocrx_word' id='word_1_884' title='bbox 3388 5655 3593 5745; x_wconf 82' lang='lat' dir='ltr'><strong><em>conju-</em></strong></span> 
     </span>
    </p>
   </div>
   <div class='ocr_carea' id='block_1_118' title="bbox 3974 300 4066 5829">
    <p class='ocr_par' dir='ltr' id='par_1_120' title="bbox 3974 304 4066 5705">
     <span class='ocr_line' id='line_1_121' title="bbox 3998 304 4066 401; baseline 0 -50"><span class='ocrx_word' id='word_1_885' title='bbox 3998 304 4066 401; x_wconf 43' lang='grc' dir='ltr'><strong><em>-Ὗὶ</em></strong></span> 
     </span>
     <span class='ocr_line' id='line_1_122' title="bbox 3974 414 4066 435; baseline 0 0"><span class='ocrx_word' id='word_1_886' title='bbox 3974 422 3979 423; x_wconf 51' lang='grc' dir='ltr'><em>ν</em></span> <span class='ocrx_word' id='word_1_887' title='bbox 4050 414 4066 435; x_wconf 68' lang='grc'><strong><em>4</em></strong></span> 
     </span>
     <span class='ocr_line' id='line_1_123' title="bbox 4022 442 4066 473; baseline 0 0"><span class='ocrx_word' id='word_1_888' title='bbox 4022 442 4066 473; x_wconf 61' lang='grc' dir='ltr'><strong><em>’τί</em></strong></span> 
     </span>
     <span class='ocr_line' id='line_1_124' title="bbox 3974 496 4066 555; baseline 0 -54"><span class='ocrx_word' id='word_1_889' title='bbox 3974 496 3975 501; x_wconf 53' lang='grc' dir='ltr'><strong>η</strong></span> <span class='ocrx_word' id='word_1_890' title='bbox 4028 496 4066 555; x_wconf 50' lang='grc' dir='ltr'><strong><em>;Ᾱ</em></strong></span> 
     </span>
     <span class='ocr_line' id='line_1_125' title="bbox 4020 664 4066 797; baseline 0 0"><span class='ocrx_word' id='word_1_891' title='bbox 4020 664 4066 797; x_wconf 50' lang='lat' dir='ltr'><strong><em>\‘j</em></strong></span> 
     </span>
     <span class='ocr_line' id='line_1_126' title="bbox 4012 754 4051 793; baseline 0 -32"><span class='ocrx_word' id='word_1_892' title='bbox 4012 754 4051 793; x_wconf 39' lang='grc' dir='ltr'><strong><em>’.Α</em></strong></span> 
     </span>
     <span class='ocr_line' id='line_1_127' title="bbox 4018 814 4045 829; baseline 0 -4"><span class='ocrx_word' id='word_1_893' title='bbox 4018 814 4045 829; x_wconf 44' lang='lat' dir='ltr'><strong>Vl</strong></span> 
     </span>
     <span class='ocr_line' id='line_1_128' title="bbox 4004 806 4066 907; baseline 0 0"><span class='ocrx_word' id='word_1_894' title='bbox 4004 806 4066 907; x_wconf 53' lang='lat'><strong><em>4!</em></strong></span> 
     </span>
     <span class='ocr_line' id='line_1_129' title="bbox 4008 912 4047 929; baseline 0 -4"><span class='ocrx_word' id='word_1_895' title='bbox 4008 912 4047 929; x_wconf 62' lang='grc' dir='ltr'>,εί</span> 
     </span>
     <span class='ocr_line' id='line_1_130' title="bbox 3986 902 4066 1029; baseline 0 0"><span class='ocrx_word' id='word_1_896' title='bbox 3986 902 4066 1029; x_wconf 44' lang='grc' dir='ltr'>Α</span> 
     </span>
     <span class='ocr_line' id='line_1_131' title="bbox 3998 1218 4027 1237; baseline 0 -10"><span class='ocrx_word' id='word_1_897' title='bbox 3998 1218 4027 1237; x_wconf 24' lang='grc' dir='ltr'><strong><em>κ.</em></strong></span> 
     </span>
     <span class='ocr_line' id='line_1_132' title="bbox 4008 1238 4051 1261; baseline 0 -18"><span class='ocrx_word' id='word_1_898' title='bbox 4008 1238 4051 1261; x_wconf 47' lang='grc' dir='ltr'><strong><em>ε.</em></strong></span> 
     </span>
     <span class='ocr_line' id='line_1_133' title="bbox 4004 1230 4066 1315; baseline 0.065 -4"><span class='ocrx_word' id='word_1_899' title='bbox 4004 1230 4066 1315; x_wconf 44' lang='lat' dir='ltr'><strong><em>si</em></strong></span> 
     </span>
     <span class='ocr_line' id='line_1_134' title="bbox 4020 1322 4039 1339; baseline 0 0"><span class='ocrx_word' id='word_1_900' title='bbox 4020 1322 4039 1339; x_wconf 60' lang='grc' dir='ltr'><strong><em>κ</em></strong></span> 
     </span>
     <span class='ocr_line' id='line_1_135' title="bbox 4030 1380 4041 1391; baseline 0 0"><span class='ocrx_word' id='word_1_901' title='bbox 4030 1380 4041 1391; x_wconf 59' lang='grc' dir='ltr'>δ</span> 
     </span>
     <span class='ocr_line' id='line_1_136' title="bbox 4006 1434 4025 1471; baseline 0 0"><span class='ocrx_word' id='word_1_902' title='bbox 4006 1434 4025 1471; x_wconf 66' lang='lat' dir='ltr'><strong><em>J.</em></strong></span> 
     </span>
     <span class='ocr_line' id='line_1_137' title="bbox 4010 1520 4017 1529; baseline 0 -1"><span class='ocrx_word' id='word_1_903' title='bbox 4010 1520 4017 1529; x_wconf 89' lang='lat'>.</span> 
     </span>
     <span class='ocr_line' id='line_1_138' title="bbox 4010 1674 4019 1695; baseline 0 0"><span class='ocrx_word' id='word_1_904' title='bbox 4010 1674 4019 1695; x_wconf 73' lang='grc' dir='ltr'><strong>Τ</strong></span> 
     </span>
     <span class='ocr_line' id='line_1_139' title="bbox 3984 1770 4029 1805; baseline 0 -26"><span class='ocrx_word' id='word_1_905' title='bbox 3984 1770 4029 1805; x_wconf 32' lang='grc' dir='ltr'><strong><em>γ’,</em></strong></span> 
     </span>
     <span class='ocr_line' id='line_1_140' title="bbox 4010 1812 4037 1839; baseline 0 0"><span class='ocrx_word' id='word_1_906' title='bbox 4010 1812 4037 1839; x_wconf 62' lang='grc' dir='ltr'>⁷ι</span> 
     </span>
     <span class='ocr_line' id='line_1_141' title="bbox 4004 1848 4051 1871; baseline 0 0"><span class='ocrx_word' id='word_1_907' title='bbox 4004 1856 4005 1861; x_wconf 59' lang='grc' dir='ltr'><strong>η</strong></span> <span class='ocrx_word' id='word_1_908' title='bbox 4044 1848 4051 1871; x_wconf 59' lang='grc' dir='ltr'><strong><em>ι</em></strong></span> 
     </span>
     <span class='ocr_line' id='line_1_142' title="bbox 4000 1900 4049 1919; baseline 0 -4"><span class='ocrx_word' id='word_1_909' title='bbox 4000 1900 4049 1919; x_wconf 62' lang='grc' dir='ltr'>μ(</span> 
     </span>
     <span class='ocr_line' id='line_1_143' title="bbox 4008 1942 4025 1975; baseline 0 0"><span class='ocrx_word' id='word_1_910' title='bbox 4008 1942 4025 1975; x_wconf 62' lang='lat' dir='ltr'><strong><em>ix</em></strong></span> 
     </span>
     <span class='ocr_line' id='line_1_144' title="bbox 3980 2042 4025 2063; baseline 0 0"><span class='ocrx_word' id='word_1_911' title='bbox 3980 2042 4025 2063; x_wconf 52' lang='grc' dir='ltr'><strong><em>’γκ</em></strong></span> 
     </span>
     <span class='ocr_line' id='line_1_145' title="bbox 4036 2182 4051 2193; baseline 0 0"><span class='ocrx_word' id='word_1_912' title='bbox 4036 2182 4051 2193; x_wconf 68' lang='lat' dir='ltr'><strong>I</strong></span> 
     </span>
     <span class='ocr_line' id='line_1_146' title="bbox 3996 2206 4051 2227; baseline 0.036 -2"><span class='ocrx_word' id='word_1_913' title='bbox 3996 2216 4003 2225; x_wconf 59' lang='grc' dir='ltr'><strong>ἢ</strong></span> <span class='ocrx_word' id='word_1_914' title='bbox 4028 2206 4051 2227; x_wconf 57' lang='grc' dir='ltr'><strong><em>.ν</em></strong></span> 
     </span>
     <span class='ocr_line' id='line_1_147' title="bbox 3998 2314 4047 2335; baseline -0.041 0"><span class='ocrx_word' id='word_1_915' title='bbox 3998 2314 4007 2335; x_wconf 60' lang='lat'><strong><em>,-</em></strong></span> <span class='ocrx_word' id='word_1_916' title='bbox 4036 2320 4047 2333; x_wconf 80' lang='grc' dir='ltr'><strong><em>ι</em></strong></span> 
     </span>
     <span class='ocr_line' id='line_1_148' title="bbox 4014 2344 4045 2381; baseline 0 -12"><span class='ocrx_word' id='word_1_917' title='bbox 4014 2344 4045 2381; x_wconf 19' lang='grc' dir='ltr'><strong><em>νυ</em></strong></span> 
     </span>
     <span class='ocr_line' id='line_1_149' title="bbox 3980 2700 4041 2733; baseline 0 -30"><span class='ocrx_word' id='word_1_918' title='bbox 3980 2700 4001 2733; x_wconf 45' lang='grc' dir='ltr'><strong><em>η’</em></strong></span> <span class='ocrx_word' id='word_1_919' title='bbox 4032 2716 4041 2719; x_wconf 20' lang='grc' dir='ltr'><strong>ν</strong></span> 
     </span>
     <span class='ocr_line' id='line_1_150' title="bbox 4032 2888 4047 2911; baseline 0 0"><span class='ocrx_word' id='word_1_920' title='bbox 4032 2888 4047 2911; x_wconf 65' lang='grc' dir='ltr'><strong><em>⁷ο</em></strong></span> 
     </span>
     <span class='ocr_line' id='line_1_151' title="bbox 4006 3464 4041 3491; baseline 0 0"><span class='ocrx_word' id='word_1_921' title='bbox 4006 3464 4041 3491; x_wconf 54' lang='grc' dir='ltr'><strong><em>Ἀ</em></strong></span> 
     </span>
     <span class='ocr_line' id='line_1_152' title="bbox 4000 4194 4037 4207; baseline 0 -6"><span class='ocrx_word' id='word_1_922' title='bbox 4000 4194 4037 4207; x_wconf 42' lang='grc' dir='ltr'><strong><em>η-</em></strong></span> 
     </span>
     <span class='ocr_line' id='line_1_153' title="bbox 4018 4332 4025 4343; baseline 0 0"><span class='ocrx_word' id='word_1_923' title='bbox 4018 4332 4025 4343; x_wconf 53' lang='grc' dir='ltr'><strong><em>κ</em></strong></span> 
     </span>
     <span class='ocr_line' id='line_1_154' title="bbox 4030 4564 4037 4575; baseline 0 0"><span class='ocrx_word' id='word_1_924' title='bbox 4030 4564 4037 4575; x_wconf 76' lang='lat' dir='ltr'><strong>l</strong></span> 
     </span>
     <span class='ocr_line' id='line_1_155' title="bbox 4014 4662 4023 4673; baseline 0 0"><span class='ocrx_word' id='word_1_925' title='bbox 4014 4662 4023 4673; x_wconf 57' lang='grc' dir='ltr'>Ο</span> 
     </span>
     <span class='ocr_line' id='line_1_156' title="bbox 3982 4710 4035 4727; baseline 0 -12"><span class='ocrx_word' id='word_1_926' title='bbox 3982 4712 3987 4727; x_wconf 74' lang='grc'><strong><em>,</em></strong></span> <span class='ocrx_word' id='word_1_927' title='bbox 4026 4710 4035 4715; x_wconf 91' lang='grc'>.</span> 
     </span>
     <span class='ocr_line' id='line_1_157' title="bbox 4024 4826 4029 4837; baseline 0 0"><span class='ocrx_word' id='word_1_928' title='bbox 4024 4826 4029 4837; x_wconf 88' lang='grc' dir='ltr'><strong>Ι</strong></span> 
     </span>
     <span class='ocr_line' id='line_1_158' title="bbox 4018 4936 4029 4945; baseline 0 0"><span class='ocrx_word' id='word_1_929' title='bbox 4018 4936 4029 4945; x_wconf 70' lang='grc' dir='ltr'><strong><em>ν</em></strong></span> 
     </span>
     <span class='ocr_line' id='line_1_159' title="bbox 3976 4982 4031 5015; baseline 0 -26"><span class='ocrx_word' id='word_1_930' title='bbox 3976 4982 4031 5015; x_wconf 11' lang='grc' dir='ltr'><strong><em>..ςη</em></strong></span> 
     </span>
     <span class='ocr_line' id='line_1_160' title="bbox 4008 5054 4035 5069; baseline 0 0"><span class='ocrx_word' id='word_1_931' title='bbox 4008 5054 4035 5069; x_wconf 72' lang='grc' dir='ltr'><strong><em>ι⁶⁴‹</em></strong></span> 
     </span>
     <span class='ocr_line' id='line_1_161' title="bbox 3978 5522 4033 5541; baseline 0 -6"><span class='ocrx_word' id='word_1_932' title='bbox 3978 5522 4033 5541; x_wconf 60' lang='grc' dir='ltr'><strong>νγ</strong></span> 
     </span>
     <span class='ocr_line' id='line_1_162' title="bbox 4004 5600 4023 5617; baseline 0 0"><span class='ocrx_word' id='word_1_933' title='bbox 4004 5600 4023 5617; x_wconf 69' lang='grc' dir='ltr'><strong><em>τ</em></strong></span> 
     </span>
     <span class='ocr_line' id='line_1_163' title="bbox 4014 5672 4029 5681; baseline 0 -3"><span class='ocrx_word' id='word_1_934' title='bbox 4014 5672 4029 5681; x_wconf 83' lang='grc'>.,</span> 
     </span>
     <span class='ocr_line' id='line_1_164' title="bbox 4026 5696 4031 5705; baseline 0 0"><span class='ocrx_word' id='word_1_935' title='bbox 4026 5696 4031 5705; x_wconf 79' lang='grc' dir='ltr'><strong><em>ι</em></strong></span> 
     </span>
    </p>
   </div>
  </div>
