4066 6212
522 299 656 359 1311

2134 296 2490 354 ADDENDA.

3752 308 3848 363 Bt‘!

524 446 643 489 σαις
676 429 790 487 ταῖς
832 422 1112 495 συζυγίαις
1160 421 1272 475 ἐστὶ
1309 424 1399 474 καὶ
1446 426 1551 483 τοῖς
1613 420 1667 485 ἐξ
1730 420 1898 474 αὐτῶν
1964 421 2169 495 κραθη-
2204 422 2252 477 Α
2285 440 2352 473 τα
2381 417 2439 474 δὲ
2465 420 2542 473 ὅτι
2580 420 2675 472 κᾶν
2704 420 2878 474 ἄνεσιν
2920 420 3013 473 κᾶν
3068 418 3305 475 ἐπίτασιν
3346 424 3406 475 τὸ
3454 442 3487 475 α
3533 430 3615 485 τῆς
3654 424 3683 497 β
3729 430 3855 489 συξυ-

525 518 758 588 σομίνοις
812 511 1044 585 ἀτόμοις.
1119 510 1247 564 Οὖτε
1308 518 1433 583 γοῦν
1501 512 1712 584 εὑρήσει
1777 510 1909 570 πλὴν
1973 512 2168 563 τούτων

522 626 602 668 τις
633 605 676 658 εἰ
705 608 775 676 μὴ
811 603 1079 674 σοφίζεται
1115 601 1126 657 l
1160 601 1277 654 οὒτε
1331 606 1434 674 μὴν
1492 601 1713 669 ἐλάσσω,
1750 602 1792 655 εἰ
1843 605 1914 673 μὴ
1966 600 2170 653 κεκολο-

525 694 753 767 ϐωμένην
788 696 1035 750 κέκτηται
1068 695 1162 750 τὴν
1201 688 1454 763 ὃιὰνοιαν,
1496 697 1667 745 πᾶσαι
1733 687 1793 743 δέ
1859 690 1989 744 εἰσιν
2070 687 2169 742 αὖ-

522 804 631 851 ται,
670 787 759 834 καί
795 784 1081 857 περαιτέρω
1139 779 1416 853 βεϐηκέναι
1481 782 1539 834 οὐ
1608 778 1850 835 δύναται.
1917 780 1975 833 Ἠ
2044 788 2169 852 γοῦν

524 892 558 927 α
596 870 631 945 β
670 891 703 943 ’γ
744 890 766 923 ε
804 870 835 931 ζ
873 890 904 928 η
948 872 974 923 θ
1032 872 1303 943 κεράννυσι
1354 873 1441 923 τὸν
1499 870 1713 940 ἁπλοῦν,
1773 867 1949 928 ἐπειδὴ
2008 868 2166 929 ἁπλῆ·

522 959 688 1019 ἁπλῆν
730 954 788 1012 δὲ
825 963 914 1012 καὶ
954 957 1145 1011 ἁπλοῦν
1211 958 1447 1012 ἐνταυθοῖ
1504 958 1635 1031 λέγω
1699 962 1787 1012 τὸν
1855 957 2043 1018 ἐντελῆ·
2116 962 2171 1011 αἱ

526 1045 576 1102 δ’
616 1047 787 1119 οἷλλαι,
830 1047 1021 1107 ἑκάστη
1065 1052 1195 1124 πρὸς
1231 1052 1289 1101 τὸ
1330 1046 1467 1102 ἴδιον
1532 1045 1750 1121 ἰδίωμα.
1814 1051 2009 1109 Πάντες
2046 1053 2170 1120 γοῦν

525 1138 656 1192 εἰσιν
695 1139 975 1212 ἄνθρωποι,
1026 1137 1354 1197 ἐννενήκοντα
1416 1141 1547 1213 πρὸς
1608 1145 1717 1200 τοῖς
1789 1134 1940 1203 δυσὶ,
1993 1141 2079 1189 καὶ
2145 1138 2170 1189 ὁ

524 1228 733 1298 ἁπλοῦς,
787 1230 950 1281 εἴτουν
1018 1230 1058 1281 νὸ
1125 1226 1341 1289 ἐντελὴς.
1411 1234 1500 1281 καὶ
1565 1230 1613 1281 οἱ
1676 1237 1772 1290 τῆς
1861 1226 2170 1303 ἁντιῤῥὸπου

526 1317 674 1372 ἑπτά.
714 1319 899 1377 Πάντες
950 1314 1010 1370 δέ
1061 1321 1121 1388 γέ
1177 1323 1267 1370 καὶ
1319 1319 1345 1369 ὁ
1392 1316 1585 1379 ἁπλοῦς
1638 1318 1864 1391 ἄπειροι,
1922 1316 1981 1369 οὐ
2037 1318 2173 1369 κατὰ

524 1410 579 1460 τὸ
641 1405 762 1458 ἄλλο
800 1409 885 1458 καὶ
925 1405 1068 1475 ἄλλο,
1109 1405 1238 1458 ἀλλὰ
1292 1408 1426 1459 κατὰ
1480 1410 1538 1460 τὸ
1596 1405 1743 1466 ἄλλος
1804 1425 1858 1458 τε
1923 1410 2013 1458 καὶ
2078 1403 2173 1457 ἁλ-

525 1494 719 1555 λοσίοςο
762 1497 820 1546 τὸ
860 1493 982 1546 ἄλλο
1019 1496 1120 1566 γὰρ
1164 1490 1318 1552 δηλοῖ
1380 1498 1473 1553 τὴν
1536 1494 1738 1561 οὐσίαν,
1802 1495 1860 1546 τὸ
1926 1493 2078 1555 ἄλλος
2114 1495 2173 1546 τὸ

527 1585 740 1655 ἄτομον,
774 1586 834 1636 τὸ
862 1580 920 1636 δε
945 1602 1004 1654 γε
1031 1582 1228 1635 ἀλλοῖον
1280 1588 1374 1641 τὴν
1428 1582 1663 1637 ἐπίτασίν
1717 1602 1771 1635 τε
1824 1587 1912 1635 καὶ
1977 1584 2170 1636 ἄνεσιν.

528 1671 751 1725 ’Λλλοίοι
790 1679 914 1743 γοῦν
968 1674 1155 1734 πάντες
1210 1674 1258 1725 οἱ
1306 1674 1589 1745 καθαρμοὶ,
1650 1676 1767 1725 ὅσοι
1820 1672 1934 1724 κατ’
1990 1670 2175 1725 ἐπίτα-

2280 514 2397 583 γίας
2426 512 2557 583 πρὸς
2586 508 2709 562 οὒιλο
2735 518 2881 572 ατῆς
2912 510 3074 572 αὐτῆς
3129 513 3242 582 ἔχει
3301 511 3397 563 οὐκ
3451 510 3511 563 ἂν
3557 517 3622 584 μὴ
3669 522 3744 577 τῆς
3785 519 3858 569 στὶ-

2279 599 2440 673 τῆςβ
2491 596 2620 652 εἶναι
2674 602 2733 651 τὸ
2782 619 2816 652 α
2869 603 3061 672 πέφυκε
3118 596 3213 653 διὰ
3258 604 3349 659 τὴν
3408 598 3634 654 ἐπίτασιν
3678 609 3750 656 καὶ
3790 614 3857 666 τήν

2279 690 2474 745 ἄνεσιν.
2505 692 2725 762 Πότερον
2762 684 2855 741 διὰ
2886 696 3055 742 ταῦτα
3078 687 3127 741 ἐν
3176 692 3293 750 ταῖς
3342 690 3618 762 συζυγίαις
3664 689 3721 750 δὴ
3758 699 3857 747 ταν.

2280 798 2393 839 ταις
2454 784 2555 830 πᾶν
2604 779 2796 850 ἄτομον
2851 780 3247 853 περιγράφεται,
3303 783 3396 831 καὶ
3470 782 3646 843 πάντες
3711 783 3858 855 ἄνθρω-

2280 889 2369 922 ποι
2422 866 2749 927 ἐννενήκοντα
2802 870 2927 942 πρὸς
2977 871 3088 930 τοῖς
3145 865 3301 921 δυσίν
3349 868 3477 937 εἰσι,
3521 874 3605 921 καὶ
3648 872 3670 922 ὁ
3716 871 3859 935 ἁπλοῦς

2281 962 2372 1012 καὶ
2415 960 2464 1010 οἱ
2518 965 2614 1018 τῆς
2666 956 2974 1031 ἀντιῤῥοπου
3031 956 3175 1023 ἑπτα,
3237 956 3332 1009 κᾶν
3374 956 3607 1010 ἐπίτασιν
3651 963 3678 1016 ἦ
3736 962 3861 1013 ἄνεσιν

2282 1056 2398 1110 ταῖς
2419 1048 2631 1108 οἰκείαις
2660 1044 3015 1117 ἐπιδέχωνται
3068 1046 3374 1117 συζυγίαιν,
3438 1048 3604 1118 ἄτομα
3656 1044 3707 1100 δὲ
3746 1051 3864 1112 αὐτῆς

2283 1137 2491 1210 ἄπειρα,
2525 1136 2632 1208 οὐχ
2665 1138 2729 1196 ὡς
2768 1134 2911 1197 ἐκτὸς
2964 1139 3086 1187 ὅντα
3148 1143 3249 1188 τῶν
3303 1135 3591 1207 συξυγιῶν,
3648 1135 3755 1189 ἀλλὰ
3801 1137 3864 1191 διὰ

2281 1231 2375 1285 τὴν
2417 1223 2561 1279 ἔνδον
2593 1225 2641 1278 ἐν
2694 1224 2905 1286 ἐκείνοις
2955 1224 3121 1277 αὐτῶν
3182 1222 3423 1277 ἐπίτασίν
3475 1245 3528 1278 τε
3590 1230 3673 1277 καὶ
3721 1228 3863 1287 ἄνεσιν.

2281 1309 2340 1369 Ὀ
2392 1318 2481 1388 μὲν
2549 1312 2635 1367 οὖν
2702 1316 2947 1387 ἡμέτερος
3008 1312 3248 1365 ἐνταυθοῖ
3287 1313 3443 1385 λογος
3499 1319 3589 1372 τὴν
3638 1323 3725 1366 τῶν
3778 1317 3866 1370 ἑπτὰ

2282 1413 2375 1459 τοῦ
2413 1405 2625 1477 λογικοῦ
2695 1408 2828 1467 ζώου
2902 1410 3065 1478 μερῶν
3129 1408 3402 1456 κοινωνίαν
3464 1400 3740 1457 ἐσπούδασε
3790 1402 3864 1458 δεῖ·

2285 1495 2392 1564 ξαι,
2451 1498 2541 1548 καὶ
2587 1500 2740 1547 τοῦτο
2801 1495 2933 1545 κατά
2976 1495 3036 1544 τὸ
3092 1492 3344 1567 παρέλκον
3416 1492 3511 1545 κᾶν
3570 1500 3677 1556 ταῖς
3741 1514 3866 1545 tam-

2283 1589 2414 1645 νίαις
2444 1582 2811 1657 συμϐάλλεται.
2878 1581 2991 1635 Ἵνα
3045 1578 3104 1634 δὲ
3150 1585 3240 1633 καὶ
3292 1584 3422 1655 πρὸς
3482 1581 3508 1633 ὁ
3563 1585 3736 1655 πέφυκε
3780 1588 3865 1653 μίαν

2284 1674 2509 1731 ἑκάστην
2577 1671 2835 1742 συζυγίαν
2882 1675 3046 1723 ποιεῖν
3106 1670 3132 1722 ὃ
3185 1677 3326 1723 ποιεῖ
3405 1672 3597 1743 ἄτομον
3667 1668 3864 1742 δείξωμεν,

532 1766 611 1814 σίν
646 1780 700 1815 τε
737 1765 827 1813 καὶ
865 1761 1038 1813 ἄνεσιν
1078 1760 1125 1814 ἐν
1165 1769 1237 1832 τῷ
1274 1762 1374 1813 τὼν
1414 1760 1542 1814 ἑπτά
1604 1763 1845 1815 ἵστανται
1911 1762 2034 1835 ὅρῳ,
2074 1768 2173 1813 τῶν
2208 1763 2253 1818 Β
2284 1763 2378 1817 οὐκ
2437 1762 2744 1832 ὀκνησομεν,
2810 1758 2905 1811 κᾶν
3056 1761 3321 1831 φορτικὸν,
3371 1763 3464 1811 καὶ
3524 1762 3582 1811 τὸ
3776 1758 3869 1820 bri;

530 1870 563 1903 α
602 1848 638 1922 β
675 1870 709 1921 γ
750 1845 958 1908 δηλαδὴ
989 1869 1010 1903 ε
1048 1850 1081 1910 ζ
1118 1869 1148 1908 η
1193 1851 1237 1905 θ.
1281 1847 1541 1903 Ἀλλοιδὲ
1569 1869 1625 1922 γε
1663 1854 1778 1903 ὅσοι
1830 1848 1943 1910 ταῖς
1996 1848 2051 1901 ἐκ
2090 1868 2175 1922 με·

529 1940 783 1991 ταθέσεων
834 1943 925 1991 καὶ
1000 1937 1284 2012 ἐναλλαγῶν
1367 1948 1466 1992 τῶν
1546 1939 1811 2010 συζυγιῶν
1884 1942 2168 2010 γίγνονται·

530 2025 723 2082 ἀλλοῖοι
749 2025 809 2081 δὲ
861 2028 975 2081 ὅσοι
1031 2049 1128 2101 μιᾳ
1192 2028 1381 2102 ἑκάστῃ
1440 2029 1670 2101 συζυγίᾳ
1722 2026 1855 2091 ἐντός
1903 2035 2001 2080 τῶν
2042 2028 2171 2101 ὅρων

506 2116 692 2179 αὐτῆς
726 2119 990 2190 ἱστάμενοι
1027 2117 1138 2172 κατ’
1191 2115 1430 2172 ἐπίτασίν
1482 2118 1583 2171 εἰσι
1636 2121 1726 2170 καὶ
1780 2119 1972 2171 ἄνεσιν.
2022 2116 2175 2188 Ἔχει

533 2204 591 2260 δὲ
621 2205 815 2270 πλάτος
861 2206 985 2262 αὐτὸ
1015 2212 1104 2261 καὶ
1165 2212 1461 2267 στενότητα.
1495 2207 1696 2262 Μᾶλλον
1742 2209 1843 2281 γὰρ
1890 2211 1980 2260 καὶ
2026 2208 2176 2266 ἧττον

532 2296 591 2349 οὐ
619 2292 877 2371 διακρίνει
903 2316 984 2358 τις
1012 2299 1248 2369 θυμικὸν,
1298 2297 1406 2351 οὒτ’
1464 2297 1523 2349 οὗ
1571 2296 1968 2369 ἐπιθυμητικὸν,
2026 2303 2177 2350 τοῦτο

533 2384 727 2446 πλάτος
755 2383 934 2443 ἐπειδὴ
968 2386 1026 2438 οὐ
1051 2383 1352 2459 διώρισται,
1380 2386 1485 2458 οὐχ
1523 2388 1591 2448 ὠς
1647 2386 1729 2438 ὅτι
1781 2381 1840 2440 δὲ
1898 2390 1996 2438 πᾶν
2048 2384 2178 2438 πλά-

532 2492 621 2534 τος
673 2472 813 2526 ἐστὶν
864 2471 1188 2549 ἁδιὸριστον,
1240 2473 1350 2527 ἀλλ’
1408 2476 1488 2528 ὅτι
1553 2471 1857 2547 ἁδιόριστον
1920 2477 2041 2527 ποτὲ
2089 2476 2179 2547 μὶν

536 2562 649 2635 ἔχει
678 2566 766 2616 καὶ
790 2562 1000 2632 πλάτος,
1025 2566 1149 2618 ποτὶ
1210 2560 1269 2619 δὲ
1324 2568 1413 2620 καὶ
1477 2563 1669 2629 πλάτος
1734 2563 1895 2630 ἐστὶν,
1938 2567 2180 2623 στενότη-

2282 1859 2383 1905 τὼν
2430 1853 2692 1921 συζυγιῶν
2747 1851 2778 1906 ἦ
2829 1851 2921 1899 καὶ
2967 1845 3128 1908 ἄλλως
3183 1854 3285 1899 τῶν
3350 1849 3648 1916 ἐπιστήμην
3711 1845 3867 1899 ἐπιστα-

2282 1944 2442 2013 μένων
2491 1936 2838 2010 φυσιολογεῖν,
2908 1935 3013 2009 οὐχ
3065 1938 3135 1999 ὡς
3186 1938 3354 2009 ἡμεῖς,

2281 2033 2370 2082 καὶ
2426 2026 2657 2100 μάλιστα
2703 2028 3004 2099 κρειττόνως
3061 2028 3111 2078 οἱ
3162 2025 3385 2087 πλείους.
3467 2026 3710 2097 Συζυγίας
3751 2022 3795 2076 δε
3831 2043 3870 2094 γε

2283 2116 2459 2173 οὓποτ⁹
2516 2116 2575 2168 ὄιν
2635 2115 2804 2189 ἐτέρας
2861 2117 3056 2168 τούτων
3108 2134 3190 2178 τις
3272 2117 3424 2191 εὕρῃ,
3501 2114 3616 2167 οὐτε
3680 2111 3865 2183 fmilia-li

2285 2205 2659 2276 ἐνηλλάγησαν,
2723 2205 2804 2256 ὄτι
2861 2202 2978 2257 οὒτε
3024 2207 3126 2276 μὴν
3189 2205 3489 2277 μεταθέσει,
3548 2205 3625 2256 ὅτι
3673 2203 3869 2276 μετετέθη·

2288 2314 2383 2348 σαν
2434 2296 2647 2369 ἄριστα·
2702 2292 2810 2346 ἀλλ’
2858 2294 3010 2365 ἡμεῖς
3062 2296 3165 2366 μὴν
3218 2290 3571 2366 ἐνδεχομένως
3631 2298 3738 2364 μιᾶς
3794 2290 3869 2342 ἐπεὶ·

2289 2403 2418 2446 στης
2484 2384 2675 2456 ἄτομον
2752 2381 3111 2455 ἐπεξέλθωμεν,
3205 2382 3630 2454 φυσιολογοῦντες
3714 2376 3868 2449 Melo-

2287 2477 2451 2547 μένως
2479 2476 2598 2547 περὶ
2624 2471 2807 2539 αὐτοῦ,
2841 2476 2932 2524 καὶ
2980 2468 3085 2525 οἷον
3142 2468 3592 2547 προοδευσὼμεθα
3649 2478 3734 2522 τῶν
3786 2466 3868 2539 βου·

2287 2562 2511 2636 λόμένων
2538 2561 2878 2634 εἰσίρχεσθαι
2907 2560 2957 2614 ἐν
2989 2560 3150 2633 αὐτῷ,
3199 2559 3296 2613 κᾶν
3357 2557 3694 2634 ἐνδεχομένως
3733 2555 3781 2612 δέ
3816 2576 3865 2627 γε.

3434 1935 3546 1988 ἀλλ’
3613 1937 3675 1997 ὡς
3731 1938 3869 2006 πέφυκε

537 2739 899 2810 gationibus,
930 2744 985 2797 et
1012 2740 1073 2797 in
1098 2739 1422 2799 individuis
1447 2756 1583 2814 quae
1614 2756 1685 2797 ex
1714 2740 1826 2797 illis
1847 2745 2185 2815 temperan-
2215 2742 2255 2800 C
2293 2740 2629 2797 coarctatur
2668 2738 2867 2809 etiam,
2901 2738 3046 2812 quia
3092 2752 3131 2796 a
3183 2738 3471 2795 secundae
3512 2732 3869 2809 conjugationis

538 2831 651 2885 tur.
681 2832 882 2903 Neque
911 2830 1091 2900 igitur
1118 2829 1321 2903 plures
1352 2830 1678 2905 quisquam
1698 2831 1951 2904 reperiet
1976 2830 2184 2900 conju-

537 2917 832 2987 gationes,
858 2918 970 2974 nisi
996 2919 1259 2992 captiose
1285 2923 1459 2989 agat:
1494 2934 1687 2993 neque
1717 2935 1923 2976 rursus
1937 2919 2182 2992 paucio-

536 3019 631 3060 res
659 3006 774 3062 nisi
804 3023 1015 3064 manca
1040 3013 1097 3064 et
1123 3008 1462 3081 imperfecta
1491 3009 1825 3080 cognitione
1855 3008 2140 3082 praeditus
2168 3024 2183 3063 :

536 3110 674 3151 cum
706 3096 880 3153 nobis
904 3112 1116 3155 omnes
1154 3098 1270 3155 sint
1300 3114 1553 3154 numero
1575 3098 2045 3171 comprehensas,
2074 3112 2185 3152 nec

536 3186 781 3242 ulterius
812 3188 1092 3259 progredi
1110 3187 1312 3245 liceat:
1332 3204 1542 3260 nempe
1563 3204 1599 3244 a
1622 3188 1654 3243 b
1678 3205 1708 3245 ε
1738 3204 1769 3246 e
1792 3189 1883 3259 fg
1910 3189 1950 3244 Ιι
1972 3192 2188 3259 tempe-

537 3280 671 3331 rant
700 3276 1035 3348 simplicem
1066 3277 1405 3344 hominem,‘
1437 3277 1933 3351 quandoquidem
1961 3275 2188 3348 simpli-

539 3379 669 3420 cem
699 3366 1189 3438 conjugationem
1218 3367 1602 3423 constituunt.
1622 3366 1960 3439 Simplicem
1985 3368 2187 3420 autem

538 3453 847 3510 hominem
869 3460 925 3510 et
950 3455 1282 3527 simplicem
1312 3456 1800 3527 conjugationem
1833 3470 1941 3528 pro
1972 3452 2187 3510 eodem

540 3556 788 3614 usurpo,
832 3558 1052 3615 nempe
1094 3560 1204 3616 pro
1234 3544 1490 3616 perfecte
1537 3547 1865 3617 temperato
1920 3543 2185 3608 homine,

542 3645 647 3685 seu
678 3630 931 3702 perfecte
962 3636 1291 3703 temperata
1304 3633 1747 3704 conjugatione.
1768 3632 2188 3689 Aliarumvero

542 3719 1031 3789 conjugationum
1053 3737 1434 3793 unaquaeque
1464 3734 1631 3779 suam
1658 3722 1840 3778 habet
1863 3720 2191 3793 pr0prieta-

542 3809 681 3864 tem.
716 3809 934 3864 Omnes
964 3809 2093 3882 igiturhominessuntnonagintaduo:
2136 3811 2193 3864 et

544 3897 801 3970 simplex
831 3914 1050 3971 nempe
1097 3899 1392 3971 perfectus
1444 3917 1458 3955 :
1517 3900 1778 3972 itemque
1828 3898 1911 3954 illi
1967 3914 2071 3971 qui
2119 3912 2193 3954 ex

543 3991 772 4059 septem
802 3985 1055 4059 simplici
1084 3988 1491 4059 conjugationi
1520 3985 2020 4060 respondentibus
2049 3989 2193 4041 tem-

2294 2830 2715 2902 comparatum
2762 2843 2901 2883 cum
2952 2826 3067 2883 alio
3152 2842 3190 2884 a
3241 2828 3520 2899 ejusdem
3577 2822 3869 2897 conjugatio-

2292 2918 2386 2975 nis
2417 2921 2544 2974 tum
2571 2915 2986 2972 remissionem
3017 2920 3144 2972 tum
3177 2916 3359 2973 etiam
3393 2916 3761 2973 intensionem
3782 2927 3871 2966 sus.

2294 3007 2456 3080 cipit.
2487 3009 2685 3078 Neque
2708 3021 2850 3061 vero
2894 3008 3111 3062 natura
3154 3006 3239 3062 ita
3290 3010 3699 3079 comparatum
3748 3004 3867 3065 esset,

2295 3097 2407 3154 nisi
2428 3096 2633 3153 omnia
2655 3094 2964 3151 individua
2992 3110 3029 3151 a
3060 3095 3332 3167 ejusdem
3376 3092 3781 3167 conjugationis
3811 3104 3868 3144 se-

2296 3185 2508 3241 cundae
2530 3188 2726 3240 essent
2748 3184 3087 3240 necessario
3112 3188 3359 3257 propter
3384 3180 3869 3241 videlicetintensio-

2294 3290 2435 3330 nem
2466 3277 2522 3329 et
2549 3272 2987 3329 remissionem.
3018 3275 3224 3329 Utrum
3249 3273 3436 3344 igitur
3462 3274 3522 3329 in
3549 3272 3637 3329 his
3657 3270 3871 3340 conjuge-

2297 3362 2557 3419 tionibus
2577 3376 2757 3418 omne
2775 3360 3111 3417 individum
3134 3362 3465 3419 includitur
3492 3366 3545 3418 et
3565 3357 3872 3432 comprehen-

2296 3451 2503 3509 ditur?
2532 3454 2589 3507 et
2609 3466 2819 3507 omnes
2837 3455 2973 3506 sunt
2993 3452 3341 3523 monaginta
3376 3451 3500 3507 duo
3530 3467 3659 3507 cum
3680 3445 3872 3517 simplice

2297 3544 2354 3596 et
2370 3540 2484 3596 illis
2517 3544 2747 3611 septem
2774 3538 2879 3610 qui
2908 3538 3039 3610 pari
3070 3539 3127 3594 vi
3157 3540 3414 3612 parique
3436 3539 3698 3596 facultate
3716 3533 3870 3603 conju-

2299 3628 2521 3698 gationi
2546 3627 2795 3699 simplici
2824 3626 3222 3699 respondent;
3244 3634 3450 3684 utrum
3476 3628 3646 3685 etiam
3665 3620 3874 3680 intensio-

2297 3733 2439 3774 nem
2478 3720 2533 3772 et
2588 3715 3006 3772 remissionem
3059 3717 3381 3788 qualitates
3421 3718 3484 3773 in
3538 3715 3652 3771 suis
3685 3720 3871 3785 quisque

2298 3804 2824 3877 conjugationibus
2854 3803 3237 3877 suscipiunt?
3283 3805 3740 3876 uniuscujusque
3778 3808 3873 3852 vero

2300 3893 2738 3965 conjugationis
2770 3892 3080 3948 individua
3119 3896 3261 3949 sunt
3289 3893 3528 3950 inﬁnita
3568 3909 3579 3948 :
3632 3904 3735 3946 non
3759 3880 3870 3959 quod

2301 3984 2417 4040 sint
2444 3986 2610 4038 extra
2638 3982 2801 4054 ipsas
2831 3981 3305 4053 conjugationes,
3333 3983 3443 4039 sed
3478 3984 3704 4055 propter
3738 3977 3869 4030 inten-

543 4081 847 4149 perantur.
880 4078 1061 4133 Porro
1088 4092 1299 4135 omnes
1329 4082 1510 4150 atque
1535 4076 1687 4133 adeo
1740 4075 1997 4148 simplex
2053 4079 2192 4132 sunt
2223 4088 2269 4141 1)
2302 4072 2532 4128 sionem
2563 4074 2620 4127 et
2646 4070 3063 4126 remissionem
3079 4085 3339 4143 quarum
3359 4076 3611 4143 utraque
3629 4069 3759 4124 intra
3780 4072 3870 4117 con-

542 4165 773 4232 inﬁniti,
834 4181 956 4221 non
1015 4166 1352 4222 secundum
1408 4165 1572 4221 aliud
1617 4169 1796 4237 atque
1848 4164 2033 4233 aliud,
2088 4164 2195 4219 sed

548 4258 846 4326 quatenus
872 4255 1022 4311 alius
1052 4255 1361 4329 quispiam
1388 4258 1667 4327 estatque
1684 4253 1986 4310 dissimilis
2010 4270 2023 4309 :
2049 4268 2195 4309 nam

547 4341 713 4398 aliud
735 4344 1053 4399 essentiam
1084 4344 1396 4414 signiﬁcat,
1439 4348 1495 4400 et
1538 4344 1697 4400 aliud
1756 4342 2135 4399 individuum
2178 4359 2191 4399 :

546 4431 836 4488 dissimile
861 4447 994 4488 vero
1016 4432 1413 4488 intensionem
1444 4436 1501 4489 et
1530 4432 1961 4490 remissionem.
1980 4434 2194 4489 Omnes

546 4521 724 4593 igitur
750 4521 1069 4578 aliusmodi
1098 4523 1502 4596 purgationes,
1554 4538 1930 4596 quaecunque
1979 4537 2195 4577 secun-

548 4609 685 4666 dum
702 4611 1103 4669 intensionem
1120 4617 1179 4668 et
1194 4612 1602 4669 remissionem
1616 4610 2197 4684 sunttemperataadn

550 4700 805 4757 termino
826 4704 1052 4773 septem
1076 4701 1431 4758 consistunt:
1454 4716 1670 4773 nempe
1693 4716 1729 4757 a
1748 4700 1779 4755 ὁ
1798 4701 1959 4770 cefg
1979 4700 2039 4757 h.
2054 4698 2194 4755 Aliae

547 4789 793 4862 quidem
852 4794 993 4846 sunt
1041 4794 1336 4863 quotquot
1383 4806 1456 4846 ex
1513 4787 2078 4861 tranSpositionibus
2142 4792 2199 4844 et

547 4894 708 4950 perm
717 4880 1079 4936 utationibus
1094 4880 1227 4951 conj
1238 4879 1582 4950 ugationum
1596 4880 1887 4935 constant.
1913 4880 1981 4934 At
2012 4876 2196 4934 dissi-

548 4967 719 5024 miles
753 4975 893 5026 sunt
921 4972 1217 5042 quotquot
1254 4969 1315 5025 in
1357 4982 1723 5041 unaquaque
1774 4967 2196 5038 conjugatione

550 5056 704 5112 intra
732 5058 920 5129 ipsius
951 5058 1230 5114 terminos
1271 5058 1598 5115 consistunt
1627 5057 1972 5129 habentque
2003 5055 2197 5111 latitu-

550 5144 752 5201 dinem
773 5150 829 5202 et
845 5148 1327 5204 coarctationem.
1344 5150 1528 5204 Nemo
1543 5148 1706 5203 enim
1720 5144 2031 5215 distinguit
2050 5144 2200 5200 inter

548 5236 909 5292 iracundum
939 5240 996 5291 et
1026 5236 1311 5309 cupidum
1348 5236 1680 5294 secundum
1702 5234 1847 5291 illud
1897 5233 2064 5307 quod
2114 5236 2202 5289 est

549 5325 744 5395 magis
776 5328 833 5382 et
862 5325 1060 5381 minus
1093 5342 1105 5382 :
1139 5327 1776 5401 quandoquidemhaec
1800 5322 2051 5381 latitudo
2077 5338 2201 5379 non

549 5415 891 5475 estdeﬁnita
903 5419 961 5473 et
973 5420 1149 5474 certa.
1170 5421 1295 5475 Non
1313 5417 1477 5491 quod
1491 5417 1678 5473 omnis
1692 5415 1942 5473 latitudo
1955 5412 2202 5469 sitinde-

549 5509 738 5574 ﬁnita,
766 5506 871 5562 sed
883 5506 1026 5580 quia
1043 5506 1193 5563 illud
1205 5507 1369 5579 quod
1387 5509 1480 5562 est
1502 5505 1873 5561 indeﬁnitum
1899 5502 2201 5559 interdum

552 5600 725 5659 etiam
756 5594 1127 5657 latitudinem
1140 5594 1631 5656 habetinterdum
1651 5609 1789 5652 vero
1818 5597 1906 5652 est
1925 5591 2201 5664 latitudo,

2298 4161 2641 4234 jugationes
2671 4159 2940 4231 ipsorum
2989 4159 3259 4215 consistit
3311 4159 3340 4214 ‘I
3372 4160 3497 4216 Hoc
3528 4158 3690 4229 igitur
3730 4154 3872 4234 nostra

2304 4232 2581 4306 sermone
2612 4252 2839 4320 septem
2865 4248 3125 4320 partium
3156 4248 3435 4304 animalis
3465 4248 3680 4306 ratione
3709 4232 3873 4315 praediti

2305 4338 2794 4397 communionem
2815 4337 3012 4393 conati
3035 4354 3243 4393 sumus
3267 4338 3605 4401 ostendere,
3625 4332 3771 4403 cujus
3790 4323 3873 4398 qui-

2304 4428 2443 4485 dem
2456 4426 2738 4484 doctrinae
2756 4425 3012 4481 usumin
3029 4427 3559 4483 communionibus
3570 4436 3745 4481 rerum
3760 4417 3875 4472 natu-

2304 4516 2758 4585 raliumlongius
2775 4514 3073 4587 latiusque
3087 4515 3367 4571 diffusum
3384 4515 3601 4572 habere
3617 4515 3871 4595 possum-S-

2306 4608 2484 4661 Porro
2513 4603 2661 4659 illud
2690 4619 2726 4660 a
2750 4603 2915 4676 quod
2956 4618 3336 4676 unaquaque
3366 4601 3695 4674 conjugatio
3720 4593 3873 4651 indivi-

2306 4694 2496 4750 duum
2524 4691 2692 4766 quod
2720 4691 2860 4747 facit
2905 4691 3098 4749 facere
3128 4692 3296 4760 solet,
3330 4692 3634 4749 ostendere
3657 4700 3757 4774 non

2305 4782 2605 4850 vabimur,
2630 4781 2864 4837 etiamsi
2894 4782 3163 4838 tractatio
3184 4783 3312 4838 haec
3358 4780 3574 4851 negotii
3597 4772 3870 4862 etmolestifﬁ

2306 4873 2486 4946 plena
2514 4873 2605 4928 sit.
2660 4877 2739 4928 Ac
2762 4871 2965 4945 plures
2996 4872 3245 4945 quidem
3284 4871 3384 4929 alii
3435 4872 3497 4927 in
3544 4870 3651 4927 hac
3696 4861 3870 4919 scientia

2309 4961 2608 5020 exercitati
2639 4961 2975 5033 potuissent
2994 4961 3208 5018 melius
3230 4978 3354 5019 non
3381 4978 3451 5019 eo
3475 4959 3645 5017 modo
3664 4967 3762 5027 quo
3781 4959 3868 5044 n95,

2307 5053 2423 5118 sed
2451 5068 2573 5125 quo
2604 5056 2780 5125 pacto
2801 5051 3064 5108 maxime
3092 5053 3355 5125 oportuit
3380 5052 3531 5108 intra
3557 5050 3701 5121 ipsas
3724 5047 3870 5105 conlu‘

2309 5140 2600 5213 gationes,
2628 5143 2731 5196 aut
2761 5139 2930 5197 aliter
2951 5140 3081 5197 haec
3103 5141 3306 5197 omnia
3331 5139 3615 5214 explicare
3638 5138 3687 5190 et
3710 5130 3869 5203 pertra-

2309 5237 2486 5290 ctare.
2515 5235 2585 5288 At
2600 5247 2708 5287 con
2712 5231 2985 5303 jugation
2994 5246 3056 5287 es
3074 5231 3219 5288 alias
3236 5236 3442 5305 praeter
3458 5230 3581 5286 illas
3598 5236 3748 5281 nemo
3761 5217 3868 5290 pole-

2309 5322 2385 5379 rit
2420 5322 2699 5394 reperire,
2727 5336 3093 5395 quocunque
3136 5322 3320 5377 modo
3358 5319 3616 5376 immutet
3641 5317 3690 5369 et
3736 5312 3868 5398 trans-

2310 5392 2528 5484 ponat':
2545 5410 2688 5484 quia
2704 5392 3131 5483 perfectissime
3148 5425 3313 5482 perm
3325 5413 3492 5465 litata:
3509 5410 3561 5461 et
3578 5392 3865 5469 transposui?

2312 5505 2469 5558 sunt.
2492 5502 2708 5556 Verum
2729 5515 2840 5556 nos
2862 5503 3166 5572 utcunque
3188 5500 3640 5569 uniuscujusque
3658 5484 3864 5554 conjuga'

2313 5592 2497 5649 tionis
2545 5588 2923 5647 individuum
2975 5589 3361 5663 explicemus,
3409 5591 3468 5644 et
3513 5585 3652 5642 hanc
3686 5575 3862 5648 quoque
