4066 6212
201 303 332 364 1313

1059 296 1415 358 THEODORI
1470 298 1522 356 II
1559 299 1706 356 IMP.
1743 297 1836 356 DE
1873 295 2337 358 COMMUNIONE
2374 297 2745 356 NATURALI.

3477 302 3615 359 13M

199 434 278 484 ὅτε
336 424 394 482 δε
446 430 535 481 καὶ
596 430 918 502 κρειττόνως,
981 430 1054 499 μὴ
1135 427 1445 500 μεμφθῶμεν
1502 427 1646 499 παρά
1708 443 1846 488 τινος
1880 423 1928 480 Α
1955 444 2066 498 μεν,
2108 424 2225 478 οὔτε
2252 427 2311 478 τὸ
2337 423 2616 496 ἀναγκαῖον
2650 445 2664 457 ·
2699 428 2750 476 οῖ
2777 417 2828 475 δ’
2859 421 2942 476 ὅτι
2992 421 3040 475 οἱ
3091 423 3224 495 μετά
3272 424 3483 485 τούτους
3525 424 3616 478 αύ-

200 519 538 583 ἒξετάσαντες.
623 515 822 570 Οῖδασι
895 517 996 591 γὰρ
1062 518 1112 568 οἱ
1171 513 1504 589 διερχόμενοι
1556 513 1849 588 ἔπεστήμην

199 617 297 668 πῶς
349 603 428 660 δεῖ
470 606 796 680 φυσιολογεῖν
848 611 938 659 καὶ
984 613 1095 666 πῶς
1151 604 1456 678 οἰκοινομεῖν
1494 623 1546 657 τε
1592 609 1682 656 καὶ
1732 603 1852 656 συλ-

199 699 534 770 λογίζεσθαι·
589 695 674 750 διὸ
707 704 841 750 πᾶσι
893 700 983 769 μὲν
1013 716 1103 749 και
1149 697 1318 753 πάντη
1360 695 1450 747 καί
1502 697 1638 748 κατὰ
1683 696 1855 748 πάντα

197 795 266 858 τῷ
327 791 628 861 Σταγειρίτη
698 788 1003 858 πειθόμεθα,
1067 784 1406 858 φυσιολογικῇ
1462 779 1521 838 δε
1567 789 1657 838 καὶ
1706 784 1853 836 αύτοὶ

199 874 528 948 ἓπιϐάλλομεν
587 871 762 948 φειδοῖ
839 883 932 928 τοῦ
1002 871 1214 948 ἀνδρὸς,
1293 872 1616 946 ἀναιροῦντες
1657 878 1853 932 ταύτην

197 985 286 1024 την
322 961 480 1027 δόξαν
507 963 562 1017 ἐκ
609 967 808 1026 ταύτης
856 964 935 1034 (ί)
987 973 1087 1017 τῶν
1128 965 1677 1037 χαρακτηρισμάτωυ.
1713 961 1854 1018 Ούδε

195 1056 310 1128 γὰρ,
366 1050 600 1126 ἀνδρεῖος
665 1055 690 1105 ό
739 1052 938 1125 μεγάλα
986 1055 1123 1124 ἔχων
1172 1055 1239 1105 τὰ
1279 1053 1600 1128 ἀκρωτήρια,
1660 1055 1854 1126 φάσκο-

193 1162 299 1216 μεν,
357 1141 485 1194 ἀλλὰ
552 1145 637 1194 τόν
689 1142 854 1204 οὕτως
901 1144 1226 1216 ἡρμοσμένον
1287 1143 1314 1200 ἡ
1385 1143 1544 1202 οὕτως
1602 1149 1714 1202 ταῖς
1763 1162 1853 1194 συ-

195 1231 402 1302 ζυγίαις
443 1249 456 1263 ο
503 1228 606 1282 ἐκεῖ
659 1232 760 1304 γὰρ
817 1233 1112 1303 σχημάτων
1187 1227 1436 1304 διαφορὰ,
1525 1226 1706 1283 ἔνθαδὶ
1795 1226 1855 1282 δὲ

193 1327 380 1392 χυμῶν
434 1324 523 1372 καὶ
568 1318 756 1391 ψυχῆς
799 1328 966 1394 μερῶν
1026 1316 1309 1392 ἰδιώματα,
1356 1324 1446 1372 καὶ
1478 1315 1572 1372 διὰ
1617 1326 1769 1372 τοῦτο
1794 1321 1853 1371 τό

197 1411 540 1480 συναγόμενον
609 1409 782 1461 ὁποῖόν
859 1409 974 1461 ἐστι
1056 1408 1404 1467 καταληπτόν.
1449 1411 1536 1460 Διό
1584 1412 1703 1483 περὶ
1761 1411 1852 1480 μὲν

193 1505 286 1560 τῆς
331 1506 433 1550 τῶν
489 1497 756 1570 συζυγιῶν
826 1498 1020 1561 τάξεως
1079 1503 1169 1551 καὶ
1224 1498 1469 1572 εύρέσεως
1520 1501 1610 1550 καὶ
1667 1499 1852 1559 θέσεως

195 1593 282 1640 καὶ
352 1586 632 1660 ἴναλλαγῆς
704 1584 1080 1650 ἀποδεικτικῶς
1161 1588 1382 1650 εἰπόντες
1453 1587 1548 1640 ούκ
1621 1585 1681 1639 ἂν
1734 1589 1852 1660 ἔρυ-

198 1677 506 1752 θριάσαιμεν
553 1682 779 1743 πώποτε,

199 1765 482 1838 φυσιολογή
493 1777 600 1820 σειν
681 1763 715 1819 δ
719 1771 740 1820 ε·

861 1680 1036 1753 ὅτιπερ
1112 1676 1386 1750 εἰρήκαμεν
1463 1678 1599 1728 κατά
1673 1678 1850 1748 φύσιν,

198 1855 560 1929 ἀνασταλῶμέν
609 1875 731 1909 ποτε
795 1857 904 1909 οὔθ’
973 1855 1342 1929 ύποσταλῶμεν
1425 1855 1564 1928 αὐτῷ
1640 1860 1729 1908 καὶ
1767 1853 1852 1908 ἐπὶ

195 1947 417 2014 τούτοις,
472 1945 584 1998 οὗθ’
635 1946 734 1998 ύπό
786 1949 882 2008 τὴς
931 1946 1073 1999 κάτω
1121 1947 1278 2020 φορὰν
1322 1941 1693 2018 ἀχθησόμεθα,
1746 1943 1851 1996 ἀλλ’

199 2029 549 2107 ἐνδεχομένως
592 2033 1066 2107 φυσιολογήσαντες
1121 2037 1188 2096 ὡς
1250 2034 1388 2096 εἰκός
1434 2038 1527 2093 τὴν
1584 2031 1853 2110 διάκρισιν

197 2132 301 2184 τοῖς
353 2131 532 2196 σοφοῖς
602 2121 952 2197 ἀναθήσομεν,
1004 2129 1110 2184 τοῖς
1167 2119 1227 2176 δέ
1280 2142 1337 2195 γε
1383 2122 1494 2194 μεθ’
1558 2125 1693 2196 ἡμᾶς
1737 2121 1853 2176 ἀνε-

199 2221 376 2289 ρευνᾲν
431 2213 766 2288 βουλομένοις
802 2217 870 2268 τὰ
897 2210 1214 2287 ἐνδεχόμενα
1257 2216 1375 2266 οὔτε
1419 2215 1572 2288 ἡμεῖς
1623 2213 1854 2267 κωλύσοο

204 2395 433 2463 partem
455 2391 745 2449 naturalis
770 2392 1029 2450 scientiae
1066 2391 1183 2450 levi
1211 2391 1457 2450 brachio
1498 2392 1856 2464 attingamus

207 2485 264 2537 et
289 2481 462 2553 quasi
487 2497 822 2555 praecamus
852 2481 965 2537 illis
993 2481 1096 2554 qui
1117 2495 1279 2538 nunc
1320 2497 1605 2554 campum
1626 2480 1859 2553 ingredi

210 2569 503 2626 voluerint
523 2569 702 2643 idque
731 2569 1034 2626 interdum
1057 2569 1278 2626 leviore
1298 2569 1546 2627 brachio
1582 2575 1648 2627 ut
1705 2570 1857 2628 dixi-

216 2674 351 2714 mus
376 2659 668 2715 interdum
686 2659 864 2716 etiam
883 2659 1238 2723 accuratius,
1256 2674 1331 2715 ne
1353 2660 1501 2716 forte
1522 2659 1583 2716 in
1605 2659 1857 2731 alicujus

210 2746 726 2820 reprehensionem
742 2748 928 2805 nostri
939 2748 1349 2821 perscrutendi
1372 2748 1636 2806 studium
1664 2749 1858 2805 incur-

206 2841 313 2892 rat.
328 2839 474 2894 Nam
489 2836 589 2910 qui
601 2837 1047 2909 philosophiam
1058 2837 1261 2894 litteris
1284 2843 1858 2911 persequuntur,no-

203 2932 471 3000 runtquo
482 2929 658 2998 pacto
669 2925 731 2982 in
748 2925 999 2984 scientia
1023 2926 1281 2983 naturali
1297 2927 1520 2984 versari
1541 2931 1813 3000 oporteat
1839 2941 1854 2982 :

201 3031 323 3090 quo
388 3019 566 3088 pacto
613 3015 964 3072 distribuere
1016 3019 1076 3072 et
1115 3014 1453 3087 colligendo
1502 3015 1858 3074 concludere

1955 520 2058 574 τοῖς
2126 517 2244 589 περὶ
2289 517 2348 566 τό
2435 513 2756 586 φυσιολογεῖν
2811 509 3186 586 ἀναντιρῥητως
3244 513 3614 587 φιλοτιμήσον-

1955 623 2063 669 ται,
2113 599 2199 656 διό
2243 602 2303 661 ἢν
2350 602 2534 656 ἕκεῖνοι
2591 606 2717 678 πρός
2763 605 2883 665 τοὺς
2934 601 3050 666 ἐξὴς
3097 606 3190 662 τὴν
3230 601 3279 654 ἐν
3327 610 3443 664 ταῖς
3487 623 3614 678 γρα-

1959 700 2077 766 φαῖς
2138 697 2453 765 συγγνώμην
2523 691 2807 760 ἐθέλουσιν,
2860 690 2912 755 ἐξ
2969 691 3135 744 αὐτῶν
3197 694 3346 764 ἡμεῖς
3389 691 3614 755 ἐξαιτού-

1958 784 2108 856 μεθα.
2179 789 2344 835 Τοῦτο
2399 779 2458 834 δε
2511 780 2628 835 οὔτε
2685 779 2854 854 δειλίᾳ
2909 783 2972 843 ὡς
3023 786 3215 854 πέφυκε
3250 785 3506 855 γέγραφα,
3547 785 3616 846 ὡς

1957 877 2052 932 τὴν
2123 872 2238 924 κατ’
2290 871 2378 944 ἔμε
2415 874 2589 942 γενεὰν
2645 873 2735 942 ἐμὲ
2785 867 2976 924 εἰδέναι
3039 875 3202 945 μέχρι
3254 875 3342 924 καὶ
3379 880 3479 923 τῶν
3529 867 3617 946 ἀρ-

1957 962 2127 1037 ῥήτων
2186 959 2321 1022 ἐντός
2389 968 2480 1022 τῆς
2534 959 2842 1033 φιλοσοφίας
2905 965 3214 1032 γιγνώσκειν
3265 958 3612 1032 ἀφιλονείκως,

1959 1051 2075 1104 οὒτε
2149 1054 2207 1103 τό
2269 1053 2497 1122 κρυπτὸν
2571 1046 2716 1122 εἶχόν
2770 1068 2823 1101 τε
2892 1053 2982 1101 καὶ
3032 1045 3348 1122 κερδωτικόν
3390 1047 3476 1101 οἷα
3519 1051 3620 1102 πάο

1961 1161 2163 1214 σχουσι
2201 1143 2250 1193 οἱ
2289 1139 2486 1212 πολλοὶ,
2547 1143 2634 1198 τὴν
2680 1135 2985 1197 συνείδησιν
3043 1137 3335 1200 ἀπατῶντες
3393 1142 3482 1190 καὶ
3537 1157 3617 1210 γε-

1957 1231 2142 1284 λαστοὶ
2182 1235 2437 1303 γινόμενοι
2475 1238 2547 1301 τῷ
2585 1229 2736 1302 γελᾴν
2789 1231 2865 1301 (2)
2911 1232 2999 1282 καὶ
3051 1228 3100 1280 ἐν
3160 1230 3362 1297 οἰκείοι,
3409 1227 3619 1302 ἀρκύοις

1959 1320 2362 1394 ἀγχονιζόμενοι
2413 1340 2426 1353 ο
2476 1317 2602 1371 ἀλλά
2656 1319 2930 1391 φιλόσοφος
2986 1318 3054 1370 ὢν
3113 1321 3294 1370 καὶτὸ
3352 1326 3618 1372 ταπεινοῦ-

1961 1413 2085 1463 σθαι
2141 1415 2408 1482 γινώσκων
2465 1407 2638 1474 καλόν,
2705 1410 2794 1460 καὶ
2853 1411 2911 1460 τό
2969 1411 3172 1482 μέτριον
3245 1407 3452 1482 ἀρετὴν,
3528 1411 3618 1460 καὶ

1959 1502 2024 1552 τὰ
2069 1501 2206 1572 μὲσα
2262 1496 2571 1572 ἀκρότητας.
2623 1499 2713 1549 καὶ
2767 1499 2864 1558 τὰς
2914 1494 3206 1571 ἀκρότητας
3241 1495 3288 1548 ἓν
3341 1501 3614 1569 μεσότητι,

1957 1591 2202 1662 καὶπρὸς
2234 1589 2437 1648 τούτοις
2465 1590 2554 1638 καὶ
2584 1584 2666 1638 ἐπὶ
2722 1586 2922 1646 τούτοις
2977 1588 3056 1637 ὅτι
3107 1587 3310 1650 θνητὸς,
3363 1586 3444 1637 ὅτι
3488 1588 3620 1658 πρὸς

1961 1673 2246 1739 σνδούλους
2310 1673 2440 1749 βοῶ,
2517 1677 2598 1728 ὅτι
2666 1678 2798 1749 πρὸς
2871 1673 3223 1748 ἐπιστήμονας
3294 1671 3619 1747 διατίθεμαι,

821 1769 1036 1828 ταύταις
1101 1765 1218 1819 κατ’
1279 1767 1492 1839 οῐτομον,
1578 1767 1695 1818 οὔτε
1749 1769 1852 1838 μὴν
1890 1766 2040 1832 Βότι
2115 1769 2183 1828 εἷς
2243 1770 2333 1819 καὶ
2391 1768 2544 1838 μόνος
2599 1764 2740 1818 ἐστὶν
2793 1766 2819 1817 ό
2879 1769 3073 1840 κυρίως
3124 1768 3214 1816 καὶ
3253 1767 3409 1826 ὅντως
3467 1767 3620 1836 σοφός

2200 1852 2264 1914 δὴ
2317 1855 2466 1926 λέγω,
2532 1861 2706 1908 πᾶσαν
2765 1851 2824 1907 δε
2905 1859 2997 1914 τὴν
3053 1860 3265 1926 γνώμην
3306 1855 3452 1926 ἡμῶν
3509 1859 3621 1914 τοῖς

1958 1949 2262 2022 κρειττόνως
2355 1945 2663 2018 εὑρίσκουσι
2767 1943 3183 2020 προσκολλῶμεν.
3280 1947 3384 2002 Τὴν
3458 1945 3619 2015 χάριν

1962 2031 2021 2088 δὲ
2067 2042 2158 2087 τοῦ
2231 2032 2440 2107 βιϐλίου
2513 2042 2604 2094 τῆς
2658 2031 2958 2106 ἐπιστήμης
3014 2029 3084 2092 δὴ
3151 2035 3350 2093 ταύτης
3401 2029 3621 2094 ἐξαυτῆς

1962 2127 2055 2176 σὺν
2101 2131 2162 2196 τῇ
2223 2128 2506 2196 συγγνώμη
2560 2123 2847 2196 αἰτούμεθα
2902 2144 2916 2157 ·
2975 2119 3114 2175 ἴδιον
3164 2123 3262 2195 γὰρ
3331 2119 3620 2193 φιλοτιμεῖ-

1964 2216 2088 2268 σθαι
2136 2221 2242 2275 τοῖς
2290 2214 2485 2280 ὁμοίοις
2537 2215 2586 2266 οἱ
2644 2213 2816 2286 ὅμοιοι
2847 2209 3140 2288 δωρήματα
3191 2213 3258 2264 τὰ
3295 2208 3616 2268 κατάλληλα.

1960 1860 2118 1918 οὕτως

1963 2391 2350 2466 quisitionem
2375 2389 2744 2464 sapientibus
2755 2389 3185 2464 relinquemus.
3201 2387 3375 2456 Quod
3386 2385 3623 2462 quomi-

1962 2497 2080 2538 nus
2104 2481 2324 2538 faciant
2360 2496 2556 2553 neque
2591 2497 2629 2537 a
2664 2479 2864 2550 nobis,
2903 2495 3101 2552 neque
3171 2495 3209 2535 a
3237 2477 3361 2536 fato
3415 2476 3620 2550 aliquo

1964 2569 2386 2644 impediantur.
2427 2568 2719 2642 Equidem
2747 2567 2862 2625 hoc
2883 2574 3045 2625 ccrto
3084 2567 3228 2636 scio,
3251 2567 3376 2624 fore
3415 2581 3488 2622 ex
3517 2580 3623 2637 po-

1967 2659 2136 2716 steris
2160 2659 2395 2733 aliquos
2415 2659 2520 2732 qui
2541 2673 2662 2714 non
2675 2656 3126 2714 contradicendi
3139 2656 3336 2713 studio
3349 2654 3622 2713 eamdem

1964 2747 2028 2804 in
2056 2748 2172 2805 hac
2197 2746 2592 2822 philosophiae
2613 2751 2783 2820 parte
2813 2762 3083 2820 operam,
3129 2749 3376 2819 ponant.
3428 2746 3623 2811 Quare

1965 2853 2156 2911 quam
2193 2837 2274 2894 illi
2301 2837 2539 2894 veniam
2571 2837 2872 2909 aposteris
2907 2835 3298 2894 suislibenter
3315 2837 3620 2906 exspecta-

1964 2927 2118 2984 bunt
2163 2927 2321 2983 hanc
2375 2941 2488 2983 nos
2565 2925 2644 2982 ab
2689 2925 2835 2998 ipsis
2899 2925 3180 2997 petimus.
3237 2927 3438 2996 Neque
3479 2935 3621 2977 vero

1965 3017 2233 3087 ignaram
2261 3019 2320 3072 et
2357 3014 2834 3072 somniculosam
2853 3026 3102 3086 operam
3129 3012 3313 3074 inhis
3354 3008 3618 3068 conscri-

203 3120 448 3162 necesse
477 3105 572 3162 sit.
607 3104 832 3162 Idcirco
861 3104 922 3160 in
952 3104 1236 3162 omnibus
1267 3105 1514 3162 omnino
1569 3109 1626 3162 et
1653 3121 1858 3162 secun-
1890 3102 1930 3158 C
1964 3106 2179 3162 bendis
2217 3105 2556 3177 posuimus,
2602 3106 2660 3159 et
2689 3119 2895 3160 meum
2933 3103 3049 3158 hoc
3091 3099 3382 3159 saeculum
3419 3096 3622 3156 testari

203 3193 351 3250 dum
373 3193 578 3251 omnia
609 3193 898 3265 Stagiritae
934 3193 1446 3266 obtemperamus,
1470 3209 1583 3251 nos
1615 3209 1861 3267 quoque

205 3282 468 3340 scientiae
497 3281 789 3340 naturalis
822 3282 1075 3339 studiosi
1104 3283 1365 3340 rationes
1423 3283 1530 3339 viri
1581 3283 1736 3339 illius
1782 3283 1862 3340 ad

204 3375 379 3428 tenue
399 3377 455 3429 et
485 3371 562 3428 ad
593 3377 901 3428 concisum
939 3371 1210 3429 elimatas
1239 3371 1430 3428 fusius
1468 3371 1858 3445 explicamus,

203 3460 502 3519 elicientes
530 3461 687 3519 hanc
717 3461 1064 3535 opinionem
1094 3478 1163 3519 ex
1192 3459 1287 3518 ille
1317 3477 1453 3536 quae
1483 3477 1592 3536 per
1620 3462 1862 3535 insigni-

202 3553 294 3606 tas
323 3550 592 3623 corporis
632 3555 808 3608 notas
835 3550 1148 3624 colligitur.
1182 3553 1382 3624 Neque
1413 3551 1574 3608 enim
1605 3551 1862 3608 dicimus

202 3639 369 3696 hunc
397 3640 458 3696 in
481 3639 732 3697 modum
762 3659 774 3698 :
810 3641 996 3698 Fortis
1016 3639 1111 3697 ille
1133 3643 1223 3696 est
1251 3641 1356 3713 qui
1387 3656 1644 3712 magnas
1682 3642 1865 3700 habet

204 3728 624 3796 extremitates;
650 3729 774 3785 sed.
802 3729 910 3794 Qui
929 3729 1046 3786 hoc
1069 3728 1163 3785 vel
1191 3728 1292 3786 illo
1329 3729 1512 3785 modo
1531 3730 1865 3787 secundum

202 3816 662 3890 coniugationes
719 3821 1084 3889 temperatus
1125 3821 1232 3873 est.
1273 3819 1419 3873 Nam
1459 3833 1532 3873 ex
1569 3817 1864 3889 insignitis

202 3906 475 3979 corporis
513 3906 673 3962 notis
711 3905 1144 3977 ﬁgurationum
1169 3905 1493 3962 discrimen
1525 3906 1862 3964 considera-

167 4059 180 4070 _
201 3998 295 4051 tur
328 4012 345 4062 ;
378 3994 474 4051 hic
501 4001 703 4051 autem
729 3995 1056 4052 humorum
1094 3998 1152 4052 et
1187 3996 1449 4068 partium
1481 3995 1699 4052 animae
1729 4011 1864 4068 pro-

197 4085 484 4156 prietates
507 4083 943 4156 expenduntur.
969 4085 1095 4150 Quo
1117 4085 1182 4141 ﬁt
1205 4089 1267 4141 ut
1285 4083 1429 4141 illud
1453 4084 1618 4158 quod
1635 4085 1862 4142 ratione

202 4173 601 4241 concluditur,
647 4173 817 4230 tacite
879 4172 1256 4243 intelligatur.
1319 4176 1467 4231 Cum
1545 4173 1722 4245 igitur
1786 4174 1862 4232 de

202 4263 704 4336 conjugationum
720 4261 950 4331 ordine,
995 4263 1356 4335 inventione,
1387 4263 1776 4321 collocatione
1807 4269 1864 4321 et

199 4352 643 4426 permutatione
669 4357 946 4409 accurate
972 4352 1254 4424 diximus,
1281 4369 1596 4426 nunquam
1620 4353 1858 4409 erubes-

1966 3197 2160 3269 potest
2187 3207 2281 3249 res
2300 3191 2616 3265 pleresque
2637 3190 2904 3248 occultas
2946 3194 3003 3248 et
3069 3189 3148 3246 ab
3213 3189 3345 3262 ipsa
3405 3191 3623 3246 natura

1968 3282 2270 3340 involutas
2302 3281 2448 3338 mihi
2474 3284 2712 3355 apertas
2750 3285 2813 3338 et
2880 3279 3234 3338 manifestas
3293 3277 3571 3336 exsistere
3604 3294 3616 3334 :

1968 3388 2152 3447 quam
2178 3386 2322 3428 sane
2339 3370 2742 3442 cognitionem
2756 3369 3082 3427 insolenter
3091 3369 3624 3442 etintemperanter

1968 3479 2094 3536 prae
2121 3477 2216 3518 me
2243 3461 2393 3518 ferre
2433 3460 2639 3533 nolim.
2679 3463 2882 3534 Neque
2926 3458 3056 3516 haec
3111 3474 3336 3516 arcana
3383 3473 3622 3514 mecum

1969 3551 2157 3608 habui
2177 3555 2391 3618 astute,
2419 3554 2482 3606 ut
2495 3549 2686 3607 solent
2700 3549 2862 3606 multi
2875 3549 2979 3624 qui
3001 3548 3431 3606 conscientiam
3446 3562 3622 3604 suam

1970 3640 2080 3713 ipsi
2108 3639 2342 3710 fallunt,
2374 3639 2486 3713 ipsi
2527 3655 2590 3695 se
2627 3637 2876 3696 ridicule
2904 3639 3150 3696 insanos
3188 3641 3510 3706 ostentant,
3552 3652 3624 3693 ac

1973 3730 2094 3786 suis
2120 3729 2232 3803 ipsi
2257 3728 2482 3786 retibus
2507 3728 2853 3787 suffocatur.
2890 3729 3004 3786 Sed
3031 3745 3171 3786 cum
3211 3743 3322 3800 ego
3354 3727 3469 3784 sim
3491 3724 3624 3800 phi-

1970 3819 2282 3891 losophus,
2307 3818 2614 3891 sciamquc
2637 3818 2994 3876 modestiam
3008 3834 3137 3874 esse
3161 3833 3299 3875 cum
3310 3816 3624 3874 honestate

1972 3908 2357 3980 conjunctam
2387 3913 2445 3965 et
2475 3907 2942 3964 moderationem
2979 3923 3108 3964 esse
3128 3907 3408 3964 virtutem
3427 3906 3624 3962 :item-

1970 4012 2089 4070 que
2110 4013 2245 4070 quin
2273 3996 2475 4054 media
2505 3996 2642 4068 sint,
2679 4007 2938 4070 qumque
2959 4001 3224 4053 extrema
3251 3995 3312 4052 in
3341 3992 3625 4052 humanis

1970 4085 2354 4143 actionibus:
2412 4089 2695 4159 praaterea
2739 4100 2877 4141 cum
2936 4084 3114 4142 sciam
3166 4100 3263 4140 me
3309 4082 3625 4140 mortalem

1971 4191 2101 4232 esse
2114 4175 2380 4249 mihique
2393 4191 2564 4248 opem
2579 4190 3001 4232 conservorum
3017 4189 3148 4231 esse
3164 4172 3499 4247 implorand
3507 4186 3623 4230 am:

1969 4280 2066 4320 me
2089 4281 2228 4321 cum
2260 4264 2631 4337 sapientibus
2672 4265 2918 4334 versari,
2959 4279 3151 4320 unum
3190 4263 3451 4336 denique
3491 4276 3624 4319 esse

1967 4353 2224 4427 perfecte
2237 4358 2440 4412 etvere
2458 4353 2820 4427 sapientem:
2846 4352 2986 4410 Ideo
3007 4352 3069 4408 in
3089 4352 3248 4410 hanc
3271 4352 3626 4409 sententiam

198 4441 607 4515 cemus,quod
625 4442 1044 4499 convenienter
1062 4447 1292 4500 naturae
1323 4442 1629 4516 principiis
1659 4442 1860 4500 docui-
1891 4461 1935 4516 Β
1970 4457 2313 4500 sermonem
2341 4459 2546 4499 meum
2572 4441 2868 4500 concludo
2895 4461 2909 4499 :
2939 4446 3004 4500 ut
3029 4447 3242 4499 nostra
3273 4441 3630 4499 sententiam

198 4548 341 4588 mus
367 4531 443 4588 de
477 4531 986 4604 temperationum
1024 4531 1573 4602 conjugationibus,
1613 4531 1760 4588 illud
1797 4533 1860 4589 in

198 4619 534 4677 individuis
563 4619 712 4694 ipsis
743 4620 1059 4678 ostendere
1092 4637 1105 4676 :
1137 4635 1334 4693 neque
1371 4620 1486 4676 hoc
1523 4619 1723 4692 ipsum
1754 4637 1859 4678 un-

197 4725 390 4782 quam
403 4725 726 4766 renuemus
738 4725 934 4783 neque
952 4709 1456 4780 subterfugiemus
1475 4725 1487 4765 :
1501 4724 1697 4783 neque
1717 4726 1854 4768 vero

198 4797 281 4856 ab
310 4798 516 4858 inﬁma
573 4813 830 4872 qumque
891 4797 1346 4869 descendemus,
1387 4797 1492 4855 sed
1530 4804 1853 4872 postquam

199 4893 536 4962 utcumque
558 4889 911 4962 perscrutati
935 4887 1248 4958 fuerimus,
1273 4888 1706 4947 accuratiorem
1726 4888 1854 4946 dis-

1968 4532 2380 4606 adjungamus
2406 4534 2709 4590 sententiae
2755 4531 2994 4589 illorum
3053 4532 3158 4604 qui
3185 4531 3436 4589 meliora
3461 4545 3631 4603 repe-

1965 4622 2136 4680 rient.
2178 4623 2445 4681 Gratiam
2481 4638 2623 4680 vero
2650 4627 2896 4696 propter
2937 4621 3275 4679 doctrinam
3307 4625 3364 4678 et
3398 4624 3631 4676 senten-

1964 4711 2110 4770 tiam
2128 4717 2376 4770 nostrau
2393 4713 2508 4770 hoc
2525 4713 2679 4770 libro
2701 4712 3204 4785 comprehensam
3220 4709 3629 4782 deposcimus-

1962 4805 2066 4860 Est
2094 4802 2256 4858 enim
2286 4813 2530 4875 aequum
2551 4807 2616 4859 ut
2637 4800 2860 4858 similes
2885 4817 2921 4857 a
2951 4799 3247 4856 similibus
3270 4801 3480 4854 mutua
3511 4799 3629 4852 stuo

1962 4888 2208 4947 diorum
2243 4905 2498 4948 munera
2533 4889 2795 4948 studiose
2835 4892 3199 4962 exspectent.

200 5118 653 5211 Diagramma
682 5121 1140 5213 adjiciendum
1171 5121 1368 5190 tertio
1426 5119 1727 5213 sermoni
1755 5121 2093 5192 Theodori
2119 5123 2348 5213 DUQZB,
2386 5121 2456 5190 in
2483 5141 2615 5212 quo
2673 5143 3037 5190 numerum
3064 5116 3629 5213 conjugationum

1387 5210 1472 5280 ob
1515 5213 1747 5281 oculos
1787 5235 2042 5304 ponere
2078 5209 2444 5282 voluimus.

492 5351 552 5406 Ἠ
579 5351 715 5413 άπλῆ
744 5357 830 5426 καὶ
858 5358 1038 5426 πρώτη
1081 5352 1328 5426 συζυγία.

711 5423 914 5498 αβγ.
1028 5423 1258 5486 εζηθ

274 5489 816 5570 Ἡβτάξιςςίβηβ
854 5489 908 5570 ἀι
960 5563 978 5570 -
1018 5513 1043 5570 ε
1083 5499 1111 5560 ξ
1151 5515 1181 5570 η

2521 5352 2793 5418 ἳαβνι
2911 5351 2944 5418 ζ

2521 5426 2800 5487 3αβλγ.
2912 5445 2942 5487 η

2523 5501 2801 5556 4αβν.
2917 5519 2938 5554 ε

2981 5353 3080 5416 ηθ

2984 5428 3086 5490 θζ

2987 5499 3088 5561 θξ

2595 5374 2629 5408 α

2595 5445 2628 5480 α

2595 5519 2630 5554 α

2667 5352 2703 5428 β

2668 5422 2705 5573 ἓ

2741 5372 2793 5428 ’γε

2742 5447 2800 5500 γ.

2744 5519 2801 5573 γε

346 5563 648 5642 )”ξΑναιρεῖν
679 5563 841 5630 δόξαν
861 5563 920 5619 ἔκ
947 5563 982 5619 δ
985 5567 1122 5642 όξας,
1161 5567 1226 5624 id
1253 5569 1361 5640 est,
1384 5566 1724 5640 opinionem
1749 5581 1826 5634 εει·
1851 5585 1876 5627 ο

1963 5569 2132 5630 ηίοηε
2167 5569 2396 5631 elicere.

281 5635 368 5707 (2)
390 5635 553 5711 Lego'
571 5638 814 5712 γελαστοὶ
837 5646 939 5693 τῶν
965 5635 1252 5715 γελαστῷν.
