4066 6212
231 269 372 340 1317

1041 241 1044 244 ’
1096 280 1450 340 THEODORI
1501 285 1547 338 ll
1593 285 1732 340 IMP.
1775 284 1868 340 nn:
1913 283 2373 346 COMMUNIONE
2421 242 2776 347 mrum

3482 299 3624 358 1318

228 456 3612 501 W

509 755 1684 937 ΘΕΟΔΩΡΟΥ
1783 766 2198 939 ΤΟΥ
2315 769 3328 948 ΛΑΣΚΑΡΙ

437 1138 587 1186 ΤΟΥ
673 1136 855 1188 ΥΙΟΥ
942 1138 1092 1186 ΤΟΥ
1177 1134 1560 1188 ΜΕΓΔΛΟΥ
1649 1138 2027 1190 ΒΔΣῙΔΕΩΣ
2115 1136 2368 1193 ΚΥΡῸΥ
2457 1147 2821 1197 ΙΩΔΝΝΟΥ
2905 1151 3056 1198 ΤΟΥ
3141 1151 3404 1202 ΔΟΥΚΔ

945 1399 1258 1514 ΤΗΣ
1323 1402 1990 1520 ΦΥΣΙΚΗΣ
2057 1407 2924 1527 ΚΟΙΝΩΝΙΑΣ

1389 1721 1782 1813 ΛΟΓΟΣ
1864 1730 2458 1816 ΤΕΤΑΡΤΟΣο

899 2155 1912 2304 THEODOR]
2015 2163 2949 2324 LASCARIS

710 2511 902 2574 FILII
987 2513 1276 2577 SUMMI
1357 2515 1945 2584 IMPERATORIS
2029 2523 2352 2586 DOMIMI
2431 2527 2790 2592 JOANNIS
2876 2530 3132 2594 DUCIE

873 2781 1063 2902 DE
1157 2709 1906 2908 NATURAU
2005 2789 2980 2914 COMMUNIONE

1378 3132 1774 3226 SERMO
1870 3134 2460 3248 QUARTUS.

293 3605 356 3660 α’.
419 3613 774 3680 Τοσαυταχῶς
839 3616 926 3661 οῦν
974 3610 1067 3672 τὰς
1117 3612 1165 3662 ἓν
1221 3608 1512 3686 ἀνθρώποις
1560 3620 1741 3685 χυρῶν
1810 3631 1864 3665 τε
1896 3615 2027 3667 Ατό
2084 3616 2245 3666 ποσὸν
2297 3613 2568 3685 εὑρεθῆναι
2624 3607 2882 3665 ἀδύνατον
2933 3633 2948 3646 ο
2995 3619 3166 3666 ποσοῦ
3212 3615 3314 3688 γὰρ
3366 3613 3462 3667 οὐκ
3512 3613 3624 3668 ἐπί-

209 3699 310 3747 καὶ
373 3694 618 3768 ψυχικῶν
675 3705 842 3770 μερῶν
899 3702 1164 3761 κοινωνίας
1230 3701 1460 3773 εὑρόντες
1509 3703 1860 3775 γεγράφαμεν,

208 3787 288 3846 ὡς
328 3780 455 3850 ἔδει,
513 3783 876 3860 ἐρευνήσαντες
918 3791 1038 3861 πρίν
1101 3808 1114 3820 ·
1153 3789 1212 3840 οὑ
1281 3787 1626 3864 περικλείομεν
1688 3787 1747 3842 δὲ
1798 3791 1866 3842 τὰ

210 3869 488 3945 ἰδιώματα
532 3883 631 3926 τῶν
696 3893 750 3926 τε
810 3879 945 3928 κατὰ
1016 3875 1166 3947 λόγον
1227 3877 1600 3950 ἐργαζομένων,
1657 3887 1755 3930 τῶν
1811 3899 1865 3932 τε

206 3965 352 4015 κατὰ
379 3963 560 4036 θυμὸν,
591 3971 690 4015 τῶν
742 3983 794 4016 τε
848 3964 960 4018 κατ’
1014 3965 1315 4038 ἐπιθυμίαν,
1373 3971 1464 4018 καὶ
1509 3975 1609 4018 τῶν
1661 3970 1864 4040 ἑκάστῳ

208 4049 594 4124 ἆφωσιωμένων
637 4062 827 4126 χυμῶν
875 4052 924 4106 ἐν
969 4063 1116 4126 ποσῷ
1173 4076 1185 4087 ·
1238 4063 1389 4107 τοῦτο
1445 4058 1543 4128 γὰρ
1605 4056 1699 4107 οὐκ
1749 4058 1866 4128 ἔχει

206 4160 300 4202 τις
334 4147 519 4215 χώραν
561 4143 744 4216 εὑρεῖν,
798 4141 929 4195 ἀλλὰ
981 4148 1134 4216 μόνον
1190 4146 1278 4196 τόν
1341 4142 1580 4217 ἀριθμὸν,
1625 4151 1714 4198 καὶ
1772 4149 1866 4203 τὴν

210 4233 430 4302 σχέσιν,
453 4234 544 4282 καὶ
578 4235 672 4289 τὴν
729 4235 985 4289 ποιότητα
1034 4229 1393 4304 ἀπεδείξαμεν.
1448 4237 1517 4285 Τὸ
1565 4242 1710 4306 γοῦν,
1767 4238 1863 4287 πό-

213 4339 314 4371 σαι
368 4324 458 4371 καὶ
507 4320 682 4372 ὁποῖαι
739 4324 793 4374 αἱ
849 4327 1112 4374 κοινωνίαι
1153 4331 1253 4374 τῶν
1311 4321 1629 4396 ἀμφοτέρων,
1678 4323 1866 4396 ψυχῆς

210 4403 252 4461 δ
257 4404 431 4468 ηλαδὴ
471 4414 560 4462 καὶ
577 4418 786 4483 χυμῶν,
819 4407 1060 4484 ἐδείχθη,
1091 4415 1252 4464 πόσον
1289 4407 1348 4464 δὲ
1376 4416 1474 4484 μία
1493 4411 1688 4472 ἑκάστη
1749 4415 1863 4486 ἔχει

296 4589 312 4639 1
332 4628 344 4640 .
361 4588 729 4642 Totnumero
739 4586 1062 4644 humorum
1075 4586 1140 4643 in
1156 4586 1508 4644 hominibus
1530 4591 1587 4644 et
1607 4587 1869 4660 partium

213 4673 409 4731 animi
425 4676 698 4732 inventas
711 4675 932 4732 anobis
946 4676 1404 4732 communiones
1417 4677 1869 4747 etinvestigatas

210 4764 410 4838 prius,
435 4769 501 4821 ut
527 4767 809 4838 oportuit,
827 4766 1203 4824 tradidimus.
1221 4766 1686 4838 Proprietatibus
1725 4782 1868 4823 vero

211 4856 526 4922 agentium
549 4859 674 4911 tum
720 4871 792 4911 ex
846 4856 1094 4923 ratione,
1156 4860 1284 4911 tum
1339 4872 1410 4911 ex
1466 4857 1757 4911 irascente
1810 4855 1869 4910 vi

1972 3721 2126 3764 τασις
2170 3705 2260 3753 καὶ
2289 3701 2487 3770 ἄνεσις,
2515 3698 2621 3752 ἀλλ’
2655 3698 2770 3752 ἶσον
2801 3705 2890 3754 καὶ
2920 3699 3100 3754 ἄνισον
3131 3723 3145 3735 ο
3189 3701 3248 3754 οὐ
3291 3701 3505 3775 σφάλλει
3566 3699 3626 3756 δὲ

1971 3799 2128 3844 τοῦτο
2153 3795 2247 3850 την
2277 3787 2595 3862 ἐπιστήμην.
2626 3789 2775 3844 Ἐπεὶ
2800 3797 2922 3861 γοῦν
2963 3792 3020 3842 αἱ
3071 3790 3182 3843 κατ’
3243 3789 3462 3865 ἀριθμὸν
3520 3809 3628 3843 κοιο

1971 3877 2268 3932 νωνίαιείσὶ
2299 3874 2650 3950 δεδειγμέναι,
2702 3880 2949 3939 ὡσαύτως
3004 3884 3093 3930 καὶ
3145 3885 3271 3951 μιᾶς
3313 3879 3539 3939 ἑκάστης
3591 3880 3622 3937 ἡ

1975 3964 2181 4028 ἰδιότης
2212 3988 2224 4000 ·
2268 3965 2313 4018 εἰ
2339 3967 2440 4040 γὰρ
2469 3970 2560 4018 καὶ
2587 3963 2679 4018 τοῦ
2707 3965 2916 4037 λογικοῦ
2962 3965 3170 4038 λογικὸς
3219 3968 3485 4044 ὑπερέχει,
3537 3970 3627 4019 καὶ

1971 4064 2065 4108 τοῦ
2094 4058 2316 4127 θυμικοῦ
2355 4056 2594 4126 θυμικὸς,
2651 4058 2736 4105 καὶ
2797 4062 2890 4107 τοῦ
2939 4053 3319 4128 ἐπιθυμητικοῦ
3375 4056 3627 4126 ἀπιθυμη-

1973 4164 2138 4212 τικος,
2173 4143 2306 4201 πλὴν
2337 4146 2428 4194 καὶ
2465 4143 2515 4194 οἰ
2567 4141 2847 4218 ἀμφότεροι
2885 4144 2914 4203 ἦ
2977 4146 3347 4216 ἑπιθυμητικοὶ
3411 4145 3441 4204 ἣ
3491 4143 3628 4216 λογι-

1973 4237 2110 4292 κοὶῆ
2146 4235 2355 4304 θυμικοί
2393 4231 2517 4300 εἰσι,
2549 4231 2644 4283 κᾶν
2701 4234 2774 4294 εἰς
2829 4235 3024 4286 τούτων
3078 4233 3178 4307 ἃχη
3223 4235 3352 4293 ὅσην
3404 4235 3466 4286 ἄν
3522 4235 3624 4306 ἔχη

1974 4328 2068 4382 τὴν
2097 4323 2232 4374 κατὰ
2269 4323 2328 4373 τὸ
2366 4339 2535 4372 κοινον
2593 4324 2741 4373 ποιὸν
2787 4321 3050 4390 ἐπίτασιν,
3101 4324 3126 4374 ὁ
3175 4328 3360 4396 κρίνων
3423 4319 3482 4375 δὲ
3537 4318 3630 4374 διὰ

1975 4419 2129 4466 τοῦτο
2150 4411 2209 4463 οὐ
2238 4408 2596 4483 παρασφάλλει
2636 4408 2772 4462 ὥστε
2825 4410 3207 4485 ἐπιθυμητικὸν
3259 4415 3347 4464 τὸν
3405 4412 3624 4484 θυμικον

1977 4587 2219 4643 deﬁnite
2248 4601 2428 4642 nemo
2457 4586 2716 4659 reperire
2736 4589 2951 4659 potest.
2974 4589 3126 4644 Nam
3141 4585 3491 4661 quantitatis
3505 4601 3631 4643 non

1977 4680 2070 4732 est
2095 4674 2350 4731 intensio
2379 4677 2438 4730 et
2459 4675 2755 4742 remissio,
2788 4675 2895 4731 sed
2919 4675 3227 4748 aequalitas
3247 4680 3305 4730 et
3321 4673 3632 4746 inaequali

1975 4767 2088 4821 tas.
2121 4767 2306 4820 Nemo
2325 4779 2463 4820 vero
2496 4764 2610 4820 hoc
2639 4763 2824 4820 modo
2879 4763 3270 4820 considerans
3299 4779 3336 4818 a
3380 4761 3630 4817 scientia

1977 4852 2254 4909 aberrare
2283 4856 2495 4924 potest.
2524 4853 2817 4918 Quoniam
2843 4852 3020 4921 igitur
3043 4855 3192 4924 quot
3218 4851 3344 4906 sine
3374 4865 3628 4905 numero

211 4947 398 5014 atque
427 4942 731 5011 facultate,
758 4948 881 5000 tum
902 4943 1160 5016 denique
1177 4960 1248 5000 ex
1267 4943 1589 5016 cupiditate
1606 4946 1869 5016 itemque
1901 4959 1947 5013 Β
1977 4941 2433 4996 communiones
2457 4945 2768 4996 ostensum
2781 4944 2886 5009 est,
2906 4938 3117 4994 eodem
3140 4937 3324 4994 modo
3354 4937 3631 4993 uniuscu-

207 5031 684 5104 proprietatibus
710 5033 1030 5088 humorum
1063 5032 1386 5104 unicuique
1403 5032 1863 5103 assignatorum,

209 5126 441 5178 certam
473 5137 542 5178 ac
573 5121 880 5180 deﬁnitam
908 5121 1300 5194 quantitatem
1325 5137 1444 5176 non
1467 5120 1865 5178 attribuimus.

211 5213 340 5267 Hoc
378 5211 538 5266 enim
577 5210 822 5284 reperiri
847 5225 970 5266 non
995 5214 1195 5282 potest
1225 5227 1238 5264 :
1296 5209 1400 5266 sed
1430 5209 1870 5266 domonstravi-

208 5315 354 5355 mus
366 5300 658 5357 duntaxat
668 5314 1008 5370 numerum,
1022 5297 1412 5364 habilitatem,
1430 5303 1486 5354 et
1496 5297 1867 5370 qualitatem.

212 5388 266 5453 Ο
277 5393 376 5446 uot
391 5393 532 5445 sunt
545 5389 725 5459 igitur
740 5383 1198 5446 communiones
1218 5392 1632 5460 utrorumque,
1651 5381 1866 5459 nempe

210 5479 406 5534 animi
427 5484 484 5536 et
499 5479 847 5546 humorum,
870 5493 905 5534 a
921 5475 1096 5533 nobis
1115 5479 1427 5532 ostensum
1446 5481 1552 5532 est.
1572 5477 1868 5542 Quantam

210 5573 422 5625 autem
445 5568 840 5640 quantitatem
871 5580 1250 5638 unaquaeque
1265 5563 1611 5621 communio
1624 5563 1866 5632 habeat,

1973 5029 2194 5102 jusque
2224 5027 2667 5085 communionis
2688 5027 3021 5100 proprietas
3049 5025 3354 5084 declarata
3406 5030 3516 5084 est.
3572 5025 3632 5082 Si

1977 5118 2135 5174 enim
2152 5117 2404 5174 rationis
2435 5130 2685 5187 compos
2735 5115 2979 5170 rationis
3017 5115 3288 5188 compoti
3340 5114 3630 5172 excellere

1975 5205 2357 5278 potest,enim
2371 5203 3018 5274 iracundo,iracundus
3033 5209 3091 5260 et
3104 5203 3364 5278 cupidus
3385 5204 3626 5277 cupido,

1974 5297 2056 5352 ita
2084 5300 2285 5350 tamen
2312 5298 2376 5349 ut
2393 5293 2575 5348 ambo
2603 5293 2720 5348 sint
2742 5297 2845 5350 aut
2865 5291 3069 5365 cupidi
3089 5298 3192 5351 aut
3207 5292 3457 5352 rationis
3471 5309 3630 5349 com-

1975 5389 2169 5459 potes,
2197 5388 2302 5440 aut
2319 5382 2613 5440 iracundi.
2638 5383 2998 5456 thuamvis
3024 5400 3182 5441 unus
3203 5383 3422 5442 habeat
3442 5397 3630 5456 quan-

1974 5480 2340 5548 tamcunque
2375 5473 2600 5530 habere
2643 5479 2786 5548 post
2818 5477 3158 5554 communis
3186 5473 3487 5548 qualitatis
3535 5471 3630 5526 in-

1975 5565 2355 5634 tensionem;
2385 5578 2510 5622 non
2537 5567 2739 5621 tamen
2767 5563 3005 5623 fallatur
3042 5565 3150 5639 qui
3187 5580 3261 5622 ex
3315 5561 3430 5620 illis
3493 5573 3632 5633 quae
