4066 6212
527 276 659 335 1319

2046 257 2405 319 ADDENDA.
3738 274 3828 339 13m

480 398 487 405 ’
522 402 746 464 οἴεσθαι,
810 395 1047 466 καθαρῶς
1104 388 1162 445 0“:
1219 385 1476 464 διακρίνει
1531 387 1619 442 τὸν
1686 386 2059 460 ἐπιθυμητικὸν
2114 385 2169 439 ἐκ
2201 384 2251 439 Α
2281 392 2318 439 Γ
2347 388 2465 440 Δτό
2487 386 2663 460 μεῖζον
2695 388 3035 463 τετράγωνον,
3078 392 3108 451 ἠ
3153 390 3213 448 δὲ
3250 400 3289 449 Ε
3333 402 3372 448 Ζ
3416 401 3455 448 Η
3496 404 3537 450 Θ
3579 399 3628 449 :0
3672 399 3839 456 ἔλασσον

519 497 613 543 τοῦ
677 490 897 560 θυμικοῦ
964 482 1024 536 Εἰ
1088 477 1147 533 0“:
1205 483 1295 531 καὶ
1359 480 1426 531 τὰ
1489 474 1605 536 εἴδη
1671 486 1771 531 τῶν
1835 478 2169 530 καθικαστων

524 579 718 638 πλάτος
755 579 884 647 ἔχει,
929 573 1061 624 ὥστε
1098 569 1339 641 λέγεσθαι
1368 568 1415 621 ἓν
1469 568 1683 621 ἕκαστον
1737 563 1874 629 ιῖδος
1930 570 2170 625 ποιότητι

522 670 617 727 τὴν
639 664 876 719 ἕπίτασιν
905 661 1037 712 κατὰ
1064 661 1123 711 :0
1166 656 1397 733 ἄπειρον,
1443 658 1538 710 οὐκ
1591 657 1718 716 ἄλλη
1775 655 1874 720 κάξ
1929 655 2089 708 αὐτοῦ
2134 656 2165 713 ἡ

526 753 729 816 ἰδιότης
762 754 1054 825 γενήσεται,
1088 746 1283 800 ἐσεῖται
1310 745 1367 800 δὲ
1417 743 1446 806 ἦ
1504 751 1657 817 αυτὴ,
1714 742 2169 818 ἀποδειχθήσεται

524 840 574 897 δ’
602 841 760 902 οὓτως
784 842 873 893 καὶ
898 844 1073 909 τοῦτο,
1093 839 1223 910 1:90;
1250 838 1309 888 :0
1343 832 1511 898 διὶξαι
1549 837 1713 906 τούτῳ
1768 841 1840 906 τῷ
1900 838 2167 906 σχήματι,

520 934 598 987 ὅτι
642 933 728 983 τὸν
780 929 996 1001 θυμικὸν
1048 928 1179 1001 πρὸς
1237 926 1453 997 θυμικὸν
1501 925 1531 983 ἠ
1592 931 1686 986 τῆς
1734 928 2006 985 ποιότητος
2056 921 2169 975 ἐπί·

519 1041 671 1083 τασις
703 1018 796 1072 οὐκ
826 1016 973 1070 ἄλλον
1017 1022 1109 1069 τοῦ
1161 1016 1383 1089 θυμικοῦ
1441 1010 1569 1068 εἶναι
1621 1021 1801 1067 τοῦτον
1859 1019 2020 1069 ποιεῖ.
2086 1016 2172 1065 Δεῖ

520 1120 643 1186 γοῦν
676 1104 954 1172 ἀποδεῖξαι
977 1108 1057 1159 ὅτι
1085 1105 1182 1159 οὐκ
1234 1104 1356 1158 ἄλλο
1407 1110 1495 1159 καὶ
1548 1103 1668 1158 ἄλλο
1712 1111 1878 1158 ταῦτα
1935 1100 2029 1157 διὰ
2076 1109 2168 1157 τοῦ

519 1207 687 1256 ποσοῦ
714 1206 787 1271 τῷ
813 1201 911 1270 ἳσῳ
942 1201 1027 1250 καὶ
1056 1203 1127 1267 τῷ
1167 1194 1352 1268 ἀνίσῳ.

591 2647 764 2703 Ἐστω
793 2654 962 2704 τοίνυν
988 2651 1055 2703 τὰ
1099 2656 1191 2703 τοῦ
1261 2654 1538 2723 σχήματος
1588 2651 1884 2725 τετράγωνα
1950 2649 1980 2709 ἡ
2034 2650 2083 2706 Α
2124 2647 2170 2703 Β

520 2811 801 2879 diximus,
834 2811 1106 2885 judicare
1138 2811 1430 2880 voluerit;
1461 2812 1541 2870 ita
1582 2816 1647 2868 ut
1695 2810 1983 2886 cupidum
2028 2827 2170 2869 cum

517 2900 807 2961 iracundo
829 2901 1175 2971 confundat,
1206 2901 1313 2958 sed
1334 2901 1620 2974 cupidum
1642 2901 1719 2958 ab
1740 2901 2031 2959 iracundo
2057 2902 2171 2957 sin-

519 3008 649 3050 cere
678 3007 932 3066 vereque
952 2990 1299 3062 distinguat.
1334 2993 1401 3047 Et
1424 2990 1700 3063 quamvis
1723 2990 2165 3048 individuorum

2277 478 2591 552 τετράγωνον
2635 498 2649 513 υ
2708 481 2945 533 εστωσαν
3000 489 3125 554 γοῦν
3164 486 3193 542 ἠ
3246 491 3285 538 Α
3341 492 3376 538 Β
3430 491 3464 537 Γ
3499 492 3531 538 Δ
3584 495 3763 561 στιγμαὶ
3805 491 3842 554 ἐξ

2278 566 2346 618 ὧν
2378 569 2505 642 πρὸς
2552 566 2791 642 ἑκατέρας
2840 574 2934 630 τὴν
2981 580 3029 626 Χ
3077 578 3115 626 Φ
3159 580 3205 628 Ψ
3260 581 3306 626 Ω
3350 574 3563 628 ἑνοῦνται
3589 596 3599 609 ·
3632 579 3657 634 ἠ
3686 583 3718 629 Α
3751 577 3843 650 γοῦν

2280 664 2339 729 τῇ
2374 664 2411 710 Β
2452 663 2541 711 καὶ
2589 658 2717 718 αὐτὴ
2776 666 2839 733 τῇ
2896 667 2935 714 Γ
2989 666 3081 715 καὶ
3135 662 3267 723 αὐτὴ
3321 671 3382 737 τῇ
3438 669 3491 732 Δ,
3538 669 3617 718 καὶ
3664 667 3768 726 αὑτὴ
3814 675 3843 723 Δ

2279 746 2512 801 ἔστωσαν
2545 749 2573 807 ὁ
2606 755 2652 804 Ψ
2673 755 2712 803 Φ
2743 756 2781 804 Φ
2810 757 2857 803 Ω
2884 757 2932 804 Ω
2962 759 3010 806 Χ
3038 760 3087 807 Χ
3114 759 3161 808 Ψ
3189 757 3279 806 καὶ
3319 758 3592 813 ποιήσουσι
3640 759 3689 808 τὸ
3732 757 3844 811 ἱλασ-

2282 857 2369 891 σον
2391 840 2707 913 τετράγωνον
2737 846 2775 893 Ε
2804 847 2842 893 Ζ
2868 848 2910 895 Η
2938 850 2983 896 Θ
3010 862 3023 876 ⁸
3065 841 3300 897 ἔστωσαν
3350 851 3470 917 γοῦν
3524 849 3604 898 καὶ
3650 846 3705 899 τα
3744 853 3778 899 Ν
3820 855 3845 901 P

2278 932 2324 981 A
2348 934 2389 981 Π
2423 934 2635 1002 σημεῖα,
2662 933 2800 1002 μέσα
2826 939 2923 983 τῶν
2949 937 2988 986 Ε
3032 938 3071 985 Ζ
3125 939 3168 987 Η
3227 939 3272 987 Θ
3328 937 3567 1006 σημείων,
3604 936 3664 996 ὡς
3703 938 3772 986 καὶ
3802 940 3847 989 τὰ

2278 1024 2532 1075 ΨΦΩΧ
2562 1027 2658 1071 τῶν
2690 1026 2921 1075 ΑΒΓΔ
2967 1026 3195 1095 σημείων
3258 1043 3271 1057 ·
3329 1025 3395 1085 ὡς
3441 1030 3558 1095 γοῦν
3609 1025 3635 1083 ἠ
3679 1030 3711 1078 Δ
3756 1028 3847 1101 πρὸς

2278 1113 2371 1169 τὴν
2398 1110 2460 1182 Β,
2493 1110 2523 1169 ἡ
2558 1113 2745 1184 Επρός
2774 1115 2868 1170 τὴν
2893 1117 2953 1181 Ζ,
2976 1117 3066 1165 καὶ
3095 1115 3159 1175 ὡς
3189 1114 3219 1171 ἡ
3272 1119 3309 1167 Β
3359 1130 3489 1189 προς
3537 1116 3622 1172 τὴν
3664 1116 3711 1179 l‘,
3756 1116 3779 1172 ἠ
3822 1122 3848 1167 Ζ

2277 1203 2405 1275 πρὸς
2434 1203 2527 1260 τήν
2552 1207 2617 1267 Η,
2648 1204 2737 1253 καὶ
2763 1203 2832 1263 ὡς
2856 1201 2886 1260 ἡ
2922 1208 2978 1271 Γ,
3009 1205 3136 1277 1:90;
3164 1206 3259 1262 τὴν
3303 1207 3359 1273 Δ,
3391 1204 3421 1261 ἡ
3453 1209 3493 1255 Η
3535 1205 3649 1275 πρὸς
3694 1207 3765 1262 τὴν
3802 1211 3848 1267 Θ,

2277 1294 2367 1342 καὶ
2393 1291 2462 1352 ὡς
2490 1291 2519 1347 ἡ
2546 1296 2580 1342 Δ
2600 1293 2725 1363 πρὸς
2750 1295 2844 1349 τὴν
2877 1297 2938 1358 Α,
2968 1290 2997 1349 ὴ
3027 1295 3066 1345 Θ
3096 1295 3225 1365 1:90;
3265 1296 3358 1351 τὴν
3412 1298 3469 1360 Ε,
3508 1296 3594 1344 καὶ
3638 1292 3763 1345 παλιν
3804 1295 3851 1354 ὡς

2277 1383 2335 1432 τὸ
2358 1378 2666 1452 ἐπιζωχθέν
2697 1385 2743 1434 Ψ
2773 1387 2811 1435 Φ
2844 1387 2879 1433 Β
2907 1386 3150 1456 τρίγωνον
3196 1385 3326 1457 1:90;
3353 1385 3410 1434 :0
3470 1388 3514 1435 N
3553 1386 3588 1433 Ζ
3638 1388 3669 1435 P
3716 1386 3852 1455 τρίγω-

2276 1488 2382 1538 νον,
2405 1468 2564 1530 οὔτως
2589 1473 2678 1521 καὶ
2726 1472 2783 1522 τὸ
2828 1477 2874 1524 Ψ
2922 1477 2971 1523 Χ
3024 1478 3064 1525 Α
3132 1476 3380 1545 τρίγωνον
3438 1474 3564 1543 πρὸς
3581 1474 3633 1524 τὸ
3680 1478 3716 1524 Il
3761 1478 3790 1525 Ε
3822 1477 3848 1523 Ν

2277 1563 2547 1634 τρίγωνον,
2579 1564 2669 1612 καὶ
2695 1560 2839 1620 ὡςτὸ
2861 1567 2909 1613 Χ
2932 1566 2980 1611 Ω
3004 1565 3040 1612 Δ
3081 1564 3330 1634 τρίγωνον
3397 1563 3522 1634 1:90;
3574 1563 3628 1612 :0
3676 1566 3714 1612 Λ
3752 1566 3784 1612 Π
3820 1567 3849 1613 Θ

2276 1652 2544 1722 τρίγωνον,
2575 1651 2736 1711 οὕτως
2757 1653 2846 1701 καὶ
2894 1651 2951 1701 τὸ
2999 1656 3047 1701 Ω
3088 1655 3126 1703 Φ
3170 1654 3207 1702 Γ
3271 1653 3518 1723 τρίγωνον
3578 1651 3696 1722 πρὸς
3736 1652 3779 1700 τὸ
3823 1656 3850 1702 .i

2200 1738 2245 1793 Β
2278 1745 2315 1791 P
2368 1744 2411 1791 Η
2467 1742 2735 1811 τρίγωνον.
2801 1738 3053 1813 ’Υπάρχει
3118 1746 3242 1811 γοῦν
3299 1741 3358 1790 :0
3420 1744 3465 1792 Ψ
3507 1744 3545 1791 Φ
3591 1743 3625 1789 Β
3665 1742 3852 1811 τρίγωνον

2278 1828 2451 1899 ὅμοιον
2503 1834 2565 1900 τῇ
2618 1831 2859 1886 ποιότητι
2913 1836 3013 1879 τῶν
3066 1834 3112 1880 Ν
3162 1834 3197 1881 Ρ
3254 1834 3293 1880 Ζ
3345 1831 3596 1903 τριγώνῳ,
3652 1824 3760 1885 πλὴν
3820 1823 3852 1877 δ’

2278 1914 2385 1968 ἀλλ’
2426 1916 2483 1968 οὐ
2514 1924 2585 1987 τῷ
2615 1916 2734 1989 ἴσῳ,
2767 1920 2852 1969 καὶ
2894 1916 3118 1979 καθεξῆς
3170 1919 3228 1969 1'0
3286 1922 3333 1971 Ψ
3385 1924 3433 1970 Χ
3477 1923 3516 1970 Δ
3568 1920 3774 1989 τρίγωνον
3806 1921 3853 1983 τῷ

2279 2010 2322 2058 Π
2353 2012 2398 2058 Ν
2429 2011 2737 2079 Ετριγὼνῳ,
2770 2007 3015 2068 ὡσαύτως
3047 2001 3107 2059 δὲ
3163 2011 3252 2058 καὶ
3306 2008 3365 2058 :0
3416 2012 3461 2060 Χ
3498 2012 3543 2057 Ω
3589 2009 3620 2056 Δ
3670 2007 3851 2077 τρίγωνον

2277 2102 2349 2165 τῷ
2380 2101 2425 2149 Λ
2457 2100 2499 2147 Π
2532 2098 2856 2168 Θτριγὼνῳ,
2905 2100 2993 2148 καὶ
3022 2098 3080 2148 τὸ
3128 2102 3174 2147 Ω
3217 2102 3255 2149 Φ
3293 2100 3331 2147 Γ
3374 2099 3614 2169 τρίγωνον
3655 2101 3716 2163 τῷ
3757 2099 3791 2145 Λ
3830 2098 3852 2143 P

2279 2192 2323 2238 [Ι
2355 2191 2607 2259 τριγώνῳ,
2629 2189 2717 2238 καὶ
2744 2183 2896 2238 παλιν
2918 2184 2990 2245 εἰς
3017 2188 3078 2238 τὸ
3103 2183 3416 2257 ἓπιζενχθὶν
3469 2190 3513 2238 Ν
3572 2190 3605 2237 P
3646 2189 3685 2237 A
3725 2187 3759 2235 ll
3803 2197 3854 2233 τι·

2278 2277 2619 2350 τετράγωνον,
2668 2272 3029 2346 ἀγκςίσθωσαν
3084 2277 3220 2328 κατὰ
3269 2278 3366 2334 τὴν
3426 2274 3604 2326 τούτου
3646 2278 3724 2324 τοῦ
3766 2269 3852 2324 NP

2281 2370 2393 2417 ΛΠ
2422 2367 2548 2439 πρὸς
2579 2368 2779 2418 τὼΨΦ
2834 2371 2881 2416 Ω
2929 2372 2976 2419 Χ
3017 2364 3185 2435 τάξιν,
3238 2366 3308 2417 τὰ
3353 2369 3396 2417 Τ
3439 2369 3479 2417 Υ
3531 2369 3571 2416 Κ
3620 2369 3650 2415 Σ
3698 2358 3852 2432 σημεῖα,

2280 2454 2678 2526 ἐπεζεύχθωσαν
2704 2450 2765 2507 0":
2791 2458 2880 2507 καὶ
2905 2462 3072 2507 ταῦτα
3116 2461 3189 2525 τῷ
3239 2460 3281 2508 Τ
3326 2461 3368 2508 Υ
3422 2460 3463 2508 Κ
3517 2460 3548 2506 Σ
3604 2455 3683 2505 καὶ
3715 2449 3854 2503 ἐσεῖταί

2279 2548 2366 2597 ταὶ
2406 2552 2571 2599 ταῦτα
2610 2542 2703 2598 ἶσα
2743 2544 2809 2597 τὰ
2851 2546 3105 2619 ηορῖρωνα⁸
3140 2543 3206 2606 ὡς
3258 2550 3389 2617 γοῦν
3430 2546 3489 2598 :0
3540 2549 3580 2597 ll
3622 2548 3663 2596 A
3709 2548 3745 2595 6
3782 2542 3856 2612 19i-

2281 2724 2561 2800 aequales,
2587 2724 2748 2782 linea
2774 2722 3023 2798 quidem
3053 2726 3100 2780 A
3121 2722 3295 2781 linem
3329 2726 3390 2792 Β,
3413 2727 3471 2780 et
3488 2722 3611 2779 haec
3632 2721 3772 2778 lineae
3812 2720 3853 2775 (ἶ.

2279 2820 2337 2872 et
2363 2814 2493 2872 haec
2519 2812 2693 2871 lineas
2726 2816 2789 2885 D,
2819 2819 2877 2871 et
2907 2812 3047 2870 hmd
3065 2813 3236 2870 linea:
3259 2818 3329 2870 Α.
3363 2814 3587 2870 Puncta
3618 2811 3762 2884 igitur
3776 2808 3854 2864 VX

2279 2907 2321 2961 Y
2350 2907 2385 2960 Ζ
2402 2910 2705 2977 ponantur
2722 2903 2924 2961 media
2947 2905 3100 2960 inter
3122 2909 3166 2959 Α
3188 2906 3227 2958 Β
3244 2906 3284 2961 C
3309 2906 3377 2975 D,
3407 2907 3464 2960 et
3492 2902 3856 2975 conjungantur

2278 2992 2430 3050 inter
2469 3009 2533 3050 se
2568 2995 2610 3049 Y
2636 2995 2693 3048 X.
2731 2994 2772 3048 Χ
2804 2995 2861 3048 Ζ.
2893 2992 2937 3048 ν
2983 2994 3027 3049 Y
3065 2991 3324 3050 efﬁcient
3354 3008 3474 3066 que
3520 2992 3700 3049 minus
3751 3002 3855 3060 qua-

517 3083 724 3139 formaa
745 3082 824 3155 (t)
845 3080 1223 3138 latitudinem
1243 3079 1510 3137 habeant
1533 3079 1685 3138 adeo
1711 3085 1777 3137 ut
1793 3094 2169 3155 unaquaeque
2200 3091 2241 3149 C
2279 3082 2643 3155 drangulum
2676 3085 2716 3139 E
2748 3085 2786 3139 F
2817 3084 2859 3139 G
2892 3084 2956 3138 Η.
2987 3082 3150 3139 Sicut
3168 3082 3352 3153 igitur
3381 3085 3428 3139 N
3470 3084 3513 3140 0
3556 3084 3596 3137 Ρ
3628 3082 3666 3147 Q
3693 3081 3853 3153 puncta

516 3172 711 3229 forma
738 3171 1134 3228 intensionem
1166 3171 1225 3227 in
1255 3170 1554 3227 infinitum
1609 3170 1909 3245 suscipere
1954 3172 2164 3245 possit,

516 3266 721 3319 tamen
743 3276 867 3317 non
895 3260 1030 3317 ideo
1056 3259 1159 3316 ilia
1193 3260 1527 3332 proprietas
1548 3259 1777 3326 evadet,
1814 3259 1921 3317 sed
1954 3259 2168 3317 eadem

515 3349 801 3407 manebit.
820 3349 991 3416 Quod
1010 3353 1211 3406 autem
1232 3348 1514 3419 dicimus,
1536 3349 1696 3405 hunc
1717 3349 1778 3406 in
1792 3348 2044 3406 modum
2065 3348 2168 3406 de-

516 3438 952 3497 monstrabitur
984 3454 997 3493 :
1032 3437 1312 3510 Subjecta
1340 3437 1535 3508 ﬁgura
1554 3437 1833 3494 volumus
1852 3437 2167 3495 ostendere

515 3528 865 3585 intensionis
881 3526 1230 3599 qualitatem
1252 3542 1375 3583 non
1392 3525 1624 3583 efﬁcere
1644 3532 1709 3583 ut
1733 3526 2057 3583 iracundus
2089 3526 2167 3584 ab

516 3616 808 3674 iracundo
838 3615 990 3672 alius
1020 3614 1136 3671 dici
1160 3615 1395 3671 definiri
1442 3615 1656 3687 possit.
1708 3618 1950 3688 Oportet
1987 3615 2168 3688 igitur

517 3706 932 3763 demonstrare
956 3720 1063 3777 per
1091 3705 1436 3777 quantitatis
1476 3705 1877 3779 mqualitatem
1915 3711 1972 3763 et
2021 3708 2165 3765 inae-

515 3794 863 3869 qualitatem
877 3792 1003 3850 haec
1019 3792 1183 3851 aliud
1204 3798 1382 3867 atque
1400 3792 1561 3851 aliud
1577 3809 1699 3852 non
1722 3794 1995 3853 evadere.

768 3990 1916 5065 νδ

583 5231 665 5289 Ex
703 5232 1137 5308 quadrangulis
1165 5236 1342 5310 igitur
1369 5235 1551 5309 hujus
1577 5235 1784 5308 figurae
1817 5236 1943 5291 esto
1970 5231 2172 5306 majus

515 5322 1005 5397 quadrangulum
1029 5334 1073 5382 Α
1103 5326 1147 5381 Β
1177 5328 1215 5383 C
1236 5328 1278 5383 Β
1314 5344 1327 5395 ;
1359 5328 1399 5382 E
1428 5328 1466 5382 F
1496 5328 1537 5384 G
1563 5328 1606 5382 Η
1638 5326 1837 5382 minus
1863 5321 2171 5396 quadran-

512 5415 740 5489 gulum.
778 5415 904 5474 Sint
933 5416 1113 5487 igitur
1140 5420 1189 5473 Α
1215 5418 1259 5472 Β
1290 5418 1330 5473 C
1357 5415 1402 5471 D
1424 5419 1649 5489 puncta
1670 5431 1706 5472 a
1734 5414 1956 5488 quibus
1984 5413 2169 5470 triun-

2279 3171 2480 3229 media
2522 3172 2672 3228 inter
2728 3175 2953 3244 puncta
3009 3173 3051 3226 E
3104 3172 3144 3227 F
3187 3172 3231 3227 G
3270 3170 3345 3241 H,
3411 3166 3853 3245 quemadmodum

2278 3264 2323 3320 V
2345 3264 2385 3318 X
2408 3265 2448 3319 Y
2469 3265 2506 3318 Ζ
2532 3266 2757 3335 puncta
2785 3264 2962 3317 erunt
2983 3259 3181 3317 media
3213 3259 3372 3316 inter
3402 3264 3618 3333 puncta
3644 3264 3682 3313 Α
3706 3260 3738 3312 Β
3761 3257 3790 3312 C
3812 3255 3853 3308 Ο.

2282 3356 2352 3409 Ut
2379 3352 2556 3423 igitur
2579 3351 2737 3409 linea
2765 3355 2811 3407 A
2835 3350 3015 3407 habet
3037 3349 3116 3407 ad
3140 3349 3367 3407 lineam
3395 3353 3453 3422 Β,
3486 3351 3564 3407 ita
3596 3348 3733 3405 linea
3758 3347 3786 3402 [ι’
3806 3341 3857 3399 ad

2276 3444 2498 3499 lineam
2521 3444 2561 3499 G
2598 3458 2611 3498 :
2641 3448 2698 3499 et
2735 3445 2800 3497 ut
2820 3440 2976 3497 linea
3004 3441 3044 3496 C
3072 3439 3152 3496 ad
3188 3438 3417 3497 lineam
3440 3443 3501 3511 D,
3544 3439 3620 3495 ita
3659 3437 3786 3492 linea
3830 3432 3854 3485 G

2280 3534 2357 3590 ad
2373 3533 2593 3589 lineam
2613 3534 2655 3589 H
2684 3550 2696 3600 ;
2721 3535 2778 3587 et
2799 3536 2941 3587 utse
2963 3530 3146 3586 habet
3166 3529 3325 3586 linea
3352 3533 3394 3587 Ι)
3419 3530 3497 3587 ad
3522 3529 3718 3585 lineam
3736 3531 3786 3589 Α,
3805 3522 3857 3577 ita

2278 3623 2436 3680 linea
2452 3622 2500 3677 H
2516 3622 2593 3679 ad
2608 3621 2831 3677 lineam
2854 3623 2919 3676 Ε.
2945 3623 3170 3676 Rursus
3189 3625 3330 3675 utse
3348 3618 3528 3676 habet
3543 3615 3663 3689 conj
3675 3617 3855 3671 unctum

2279 3711 2647 3784 triangulum
2669 3712 2711 3767 Y
2741 3713 2782 3767 Χ
2810 3713 2847 3765 Β
2878 3710 2957 3767 ad
2990 3709 3356 3781 triangulum
3382 3711 3424 3765 N
3484 3711 3521 3766 F
3572 3709 3631 3775 0,
3679 3706 3746 3761 ita
3793 3697 3857 3756 tri-

2281 3802 2571 3873 angulum
2594 3800 2635 3856 Y
2666 3802 2705 3855 V
2734 3803 2781 3855 A
2807 3800 2885 3855 ad
2914 3797 3279 3869 triangulum
3318 3800 3365 3863 ρ
3394 3800 3433 3853 Ε
3487 3799 3550 3854 N.
3608 3798 3670 3850 Dt
3730 3795 3780 3847 ut
3816 3801 3857 3841 se

2279 3891 2463 3950 habet
2489 3889 2853 3961 triangulum
2882 3890 2925 3954 Ο
2955 3890 2997 3944 H
3023 3888 3086 3958 P,
3115 3887 3195 3944 ita
3232 3886 3598 3959 triangulum
3617 3888 3649 3942 Ζ
3680 3883 3712 3938 Χ
3737 3880 3767 3936 C
3805 3873 3857 3933 ad

2281 3980 2645 4051 triangulum
2676 3980 2775 4037 PO
2816 3980 2880 4035 G.
2911 3980 3006 4033 Est
3034 3977 3213 4049 igitur
3264 3975 3629 4047 triangulum
3678 3973 3716 4028 Υ
3765 3971 3796 4024 Χ
3829 3964 3856 4016 Β

2280 4072 2564 4144 qualitate
2595 4068 2783 4125 simile
2806 4065 3100 4138 triangulo
3129 4067 3172 4121 U
3205 4069 3244 4123 Β
3269 4068 3337 4139 Ο,
3372 4066 3480 4123 sed
3515 4080 3631 4122 non
3666 4052 3854 4133 aequale.
3968 4062 3969 4097 ξ

2282 4160 2501 4218 Deinde
2530 4157 2895 4230 triangulum
2913 4159 2954 4213 Y
2971 4159 3014 4212 V
3029 4162 3075 4212 A
3097 4154 3288 4211 simile
3311 4161 3403 4212 est
3422 4150 3744 4225 trianguloQ
3760 4145 3830 4203 EN
3843 4157 3852 4207 ἱ

2279 4251 2540 4323 itemque
2570 4246 3002 4318 triangulumV
3051 4248 3087 4300 Ζ
3142 4248 3183 4300 D
3234 4245 3428 4301 simile
3484 4248 3570 4301 est
3629 4231 3853 4305 triangulo

2282 4343 2321 4397 L
2361 4343 2403 4397 G
2434 4342 2477 4396 Η
2508 4356 2520 4393 :
2554 4338 2814 4411 denique
2840 4333 3207 4404 triangulum
3238 4336 3273 4389 Ζ
3316 4337 3357 4389 Χ
3380 4336 3420 4390 C
3452 4331 3632 4389 simile
3655 4333 3728 4385 est
3749 4336 3854 4397 qua-

2202 4433 2247 4493 D
2281 4430 2442 4487 litate
2471 4426 2768 4497 triangulo
2795 4428 2835 4481 P
2858 4426 2900 4482 Ο
2933 4426 2996 4481 G.
3024 4425 3247 4480 Rursus
3277 4422 3595 4495 conjuncta
3623 4412 3856 4491 quadran-

2284 4519 2424 4592 gulo
2463 4521 2506 4575 N
2530 4518 2573 4575 0
2601 4517 2641 4571 P
2670 4518 2714 4582 Q
2738 4513 3137 4572 inscribantur
3160 4518 3387 4586 puncta
3414 4514 3450 4569 S
3478 4514 3519 4568 Τ
3550 4512 3593 4567 Κ
3616 4512 3667 4579 L,
3699 4502 3854 4563 eodem

2284 4610 2394 4666 situ
2422 4624 2543 4680 quo
2569 4605 2873 4676 interjecta
2893 4608 3031 4661 sunt
3058 4605 3345 4676 punctaN
3374 4602 3417 4658 0
3467 4603 3506 4657 P
3546 4601 3609 4669 Ο,
3655 4597 3708 4652 in
3752 4603 3853 4664 qua'

2282 4696 2584 4771 drangqu
2612 4698 2653 4752 Υ
2684 4699 2724 4752 Χ
2752 4698 2788 4751 Ζ
2817 4697 2881 4751 γ.
2913 4695 3353 4751 Connectantur
3382 4690 3556 4749 etiam
3575 4687 3665 4745 illa
3689 4681 3852 4758 puncta

2284 4789 2455 4846 STKL
2470 4803 2482 4842 :
2498 4784 2805 4843 erunthaec
2818 4798 3061 4857 quoque
3072 4781 3326 4855 aequalia
3336 4778 3647 4850 triangula.
3661 4770 3853 4840 Utigitur

2280 4875 2649 4947 triangulum
2676 4875 2809 4941 QPH
2840 4856 2903 4930 se
2926 4872 3106 4929 habet
3126 4871 3205 4928 ad
3226 4870 3588 4940 triangulum
3623 4863 3756 4927 YV’A,
3798 4856 3851 4947 itif

2281 4968 2413 5023 NLP
2426 4939 2504 5022 ad
2526 4939 2769 5031 0911th
2788 4966 2987 5020 autem
3011 4977 3074 5018 se
3094 4960 3276 5018 habet
3296 4939 3653 5030 triangulum
3670 4949 3776 5007 POG
3798 4939 3850 4999 ad

2279 5053 2626 5126 riangulum
2676 5054 2829 5123 VZD,
2888 5052 2970 5109 ita
3016 5050 3195 5108 etiam
3248 5049 3386 5106 TKO
3436 5047 3513 5105 ad
3561 5036 3848 5126 triangulum

2280 5124 2443 5200 POG.
2466 5144 2531 5200 Et
2552 5146 2616 5198 ut
2632 5140 2996 5211 triangulum
3018 5140 3154 5198 ONF
3178 5154 3240 5196 se
3254 5138 3439 5195 habet
3456 5136 3533 5195 ad
3563 5124 3849 5199 triangulum

2282 5235 2432 5301 ZXC,
2462 5232 2544 5289 ita
2559 5246 2801 5305 quoque
2842 5228 3205 5301 triangulum
3235 5227 3372 5285 KNS
3414 5225 3493 5283 ad
3553 5214 3848 5305 triangultlfil

2284 5296 2428 5378 ΝΟΒ
2455 5337 2469 5377 :
2502 5296 2660 5377 Et.ut
2689 5296 3056 5389 triangulum
3090 5316 3231 5384 NQE
3287 5332 3348 5371 se
3399 5313 3579 5372 habet
3626 5307 3693 5366 ad
3740 5296 3848 5361 XYV.

2282 5410 2365 5469 ita
2386 5410 2566 5468 etiam
2598 5411 2729 5476 SQL
2760 5424 2821 5466 se
2876 5406 3059 5465 habet
3106 5407 3185 5464 ad
3239 5404 3402 5473 QME.
3460 5408 3538 5459 Ita
3590 5403 3649 5456 ut
3685 5397 3850 5476 utrunt-

508 5472 626 5582 que
655 5472 827 5564 lineae
860 5472 997 5565 cum
1212 5509 1253 5564 Υ
1295 5506 1335 5559 Ζ
1384 5472 1774 5577 οδριιιεειιιιιιν.⁸
1818 5504 1944 5561 Sint
1989 5502 2174 5575 igitur
2283 5516 2401 5574 que
2423 5472 2722 5574 utrimque
2752 5513 2826 5557 ex
2880 5492 3248 5571 inaequalitat
3308 5510 3340 5554 e
3399 5491 3683 5567 aequaliter
3712 5472 3849 5541 excel'

579 5630 659 5706 (ί)
678 5634 807 5694 Non
833 5634 931 5694 hic
958 5634 1035 5695 de
1059 5629 1268 5695 formis
1297 5626 1733 5704 essentialibus,
1762 5629 1962 5705 igitur,
1990 5629 2105 5691 sed
2131 5626 2341 5690 formis
2389 5626 2752 5703 qualitatum
2788 5626 2854 5686 in
2896 5622 3244 5686 individuis.
