4066 6212
153 275 280 335 1321

1034 279 1388 338 THEODORI
1407 278 1454 336 II
1483 277 1624 337 IMP.
1657 268 1746 336 DE
1770 273 2232 340 GOMMUNIONE
2275 283 2646 344 NATURALI.

3423 280 3566 342 1322

149 430 295 482 761161
321 407 449 482 πρὸς
470 406 528 456 τὸ
558 410 604 459 Ψ
633 410 682 460 Χ
725 409 788 472 Α,
834 403 997 466 οὕτως
1043 409 1130 458 καὶ
1179 424 1238 459 το
1293 413 1333 460 Τ
1375 413 1408 459 Σ
1462 411 1506 459 Π
1559 407 1690 480 πρὸς
1732 405 1788 457 τὸ
1818 402 1866 458 Α
1895 403 2080 478 ἀνίσῳ,
2134 409 2288 482 ὅμοια
2347 408 2405 465 δὲ
2467 416 2556 465 καὶ
2617 409 2752 464 αὑτὰ
2804 407 2998 462 ἐσεῖται
3045 407 3252 470 τούτοις
3299 411 3561 478 ποιότητι,

147 508 191 555 Π
220 505 263 556 Λ
289 507 351 567 Θ,
374 500 442 560 ὡς
466 493 524 549 δὲ
555 499 612 548 τὸ
641 501 682 548 Λ
713 502 748 547 Ρ
783 501 822 547 Η
854 500 1102 568 τρίγωνον
1121 500 1252 570 πρὸς
1293 500 1352 549 τὸ
1401 497 1453 550 Χ
1487 502 1535 548 Ω,
1595 501 1650 560 Δ,
1707 493 1790 546 οὗ.

149 585 965 659 τωςκαὶτόΣΚΛπρόςτὸΛ
1023 592 1146 657 ΡΗ,
1200 591 1290 639 καὶ
1345 589 1410 646 ὡς
1456 603 1514 638 το
1576 592 1612 638 Ρ
1658 589 1703 638 Ν
1754 589 1793 636 Ζ

147 685 380 756 τρίγωνον
410 680 541 754 πρὸς
563 678 620 728 1'6
665 679 778 728 ΩΦ
814 679 876 740 Γ,
927 674 1088 738 οὕτως
1143 681 1232 729 καὶ
1274 679 1332 728 τὸ
1386 681 1428 729 Κ
1483 681 1524 728 Υ
1573 679 1609 728 Ρ
1663 676 1795 747 πρὸς

149 775 318 825 τόΝΡ
344 776 405 833 Ζ,
451 772 542 820 καὶ
588 767 658 828 ὡς
713 784 773 817 το
830 770 875 819 Ν
928 772 972 819 Π
1032 772 1070 820 Ε
1122 771 1369 841 τρίγωνον
1418 767 1626 838 πρόςτο
1658 769 1697 818 Φ
1749 769 1795 818 Ψ

153 867 210 929 Β,
241 861 389 921 οὑτως
417 858 586 910 καὶτὸ
618 862 658 907 Υ
681 861 722 908 Τ
751 860 798 908 Ν
827 857 956 929 πρὸς
985 858 1044 908 16
1088 862 1128 908 Il
1182 862 1229 908 Ν
1280 861 1337 923 Ε,
1397 853 1632 928 ἑκάτερον
1680 852 1793 906 ἐκα-

151 953 292 1026 τέρου
329 953 422 1008 τὴν
461 948 729 1022 ὑπεροχὴν
777 946 900 1017 ἔχον
946 947 1092 1016 ἴσην,
1149 947 1285 998 κατὰ
1331 947 1388 998 τὸ
1446 945 1646 1010 ἄνισον,
1705 947 1794 997 καὶ

151 1047 298 1094 τοῦτο
323 1039 455 1092 κατὰ
491 1039 549 1089 16
587 1037 818 1110 ἄπειρον,
851 1033 979 1087 ἀλλὰ
1007 1039 1098 1088 καὶ
1131 1037 1198 1097 ὡς
1255 1037 1312 1088 16
1361 1041 1400 1088 A
1465 1040 1502 1088 Β
1549 1039 1587 1086 Γ
1643 1039 1678 1086 Δ
1710 1051 1793 1087 11-

151 1132 400 1205 τράγωνον
454 1129 584 1202 πρὸς
642 1128 701 1178 1'6
761 1130 798 1177 Ε
859 1130 898 1176 Ζ
927 1131 969 1177 Η
1033 1133 1100 1196 Θ⁹
1141 1125 1301 1186 οὕτως
1339 1129 1428 1177 καὶ
1453 1127 1510 1176 τὸ
1535 1131 1582 1177 Ν
1608 1131 1644 1178 P
1675 1129 1720 1177 A
1748 1129 1793 1177 Π

151 1223 273 1294 πρὸς
324 1229 381 1272 16
454 1223 494 1270 T
573 1223 613 1269 Υ
662 1221 704 1269 Κ
747 1221 780 1266 Σ
827 1213 1062 1289 ἑκάτερον
1109 1213 1349 1287 ἐκατέρου
1397 1216 1532 1266 1161161
1583 1217 1642 1266 16
1685 1213 1795 1266 οἰνι-

152 1326 242 1362 σον
291 1306 462 1370 ἐξίσου
509 1305 762 1378 ὑπερέχον
820 1321 874 1355 1s
925 1307 1014 1355 καὶ
1090 1303 1485 1379 ὑπερεχόμενον·
1560 1305 1628 1365 ὡς
1690 1305 1791 1375 76.9

148 1400 208 1451 1'6
239 1403 274 1450 Α
306 1403 340 1449 Β
376 1402 413 1448 Γ
443 1402 478 1449 Δ
508 1413 634 1468 προς
663 1397 722 1446 16
752 1399 788 1445 Ε
822 1399 861 1444 Ζ
907 1398 948 1444 Η
997 1399 1064 1459 Θ,
1132 1393 1295 1454 οὑτως
1341 1397 1431 1445 καὶ
1485 1391 1611 1445 αὑτό
1663 1394 1796 1467 πρὸς

149 1489 210 1539 1'6
231 1492 271 1540 N
291 1491 323 1539 P
345 1490 392 1540 Λ
421 1491 487 1555 Π,
507 1487 598 1536 καὶ
647 1482 793 1549 αὑτὸ,
826 1495 959 1535 κατα
986 1485 1072 1534 τόν
1135 1481 1286 1535 οὑτόν
1335 1481 1505 1553 λόγον,
1565 1485 1692 1556 πρὸς
1735 1485 1795 1536 16

147 1583 192 1630 '1‘
221 1581 320 1629 ΥΚ
367 1581 424 1627 Σ·
481 1577 571 1626 καὶ
611 1569 718 1624 ἐπεὶ
768 1578 892 1642 ’γοῦν
944 1578 1050 1632 τοῖς
1101 1569 1210 1624 ἐπεὶ
1266 1573 1333 1623 τὰ
1373 1572 1512 1645 ἄκρα
1560 1577 1796 1644 σημείοις

149 1669 312 1718 ΑΒΓ
358 1669 393 1716 Δ
459 1663 523 1715 τὰ
584 1664 721 1735 μέσα
779 1667 976 1729 σημιία
1030 1667 1102 1735 Ψν
1142 1666 1180 1714 Φ
1228 1667 1276 1712 Ω
1321 1667 1369 1713 Χ
1420 1659 1798 1734 ἐπιζευχθέντα

149 1753 420 1826 ἐξανάγκης
480 1759 690 1805 ποιοῦσι
737 1752 1068 1824 τετράγωνον,
1117 1753 1208 1802 καὶ
1261 1751 1327 1802 τὰ
1383 1753 1521 1822 μέσα
1579 1752 1792 1820 τούτων,

150 1846 277 1896 κατὰ
319 1847 410 1901 τὴν
465 1841 626 1900 αὑτὴν
685 1844 958 1907 ποιότητα,
1021 1845 1306 1898 ποιησουσι
1383 1859 1470 1892 τον
1542 1847 1578 1894 Ι)
1624 1846 1670 1896 Λ
1728 1849 1794 1913 II,

151 1934 386 1993 ὡσαύτως
405 1933 584 1983 καὶτὰ
626 1933 763 2003 μέσα
787 1931 981 1982 τούτων
1030 1932 1087 1981 16
1135 1935 1176 1982 T
1227 1936 1268 1982 Υ
1315 1935 1357 1982 Κ
1413 1936 1467 1992 Σ,
1523 1927 1651 1982 ἀλλὰ
1706 1936 1796 1984 καὶ

150 2024 218 2074 τὰ
249 2025 678 2078 ΨΦΒΦΩΓΩ
719 2023 768 2073 Χ
814 2026 850 2072 Δ
901 2022 950 2072 Χ
1003 2022 1048 2072 Ψ
1095 2020 1142 2073 Α
1197 2020 1426 2092 τρίγωνα
1479 2021 1544 2072 161
1597 2023 1796 2076 κατὰΨ

153 2118 258 2166 ΦΩ
305 2119 352 2167 x
401 2110 642 2183 ἑνούμενα
683 2111 819 2162 κατὰ
859 2111 926 2160 16.
967 2127 1105 2181 μεσα
1155 2115 1347 2181 σημεῖα
1402 2114 1450 2162 Ν
1496 2117 1532 2162 Ρ
1587 2116 1633 2164 Λ
1665 2113 1796 2164 Πτᾰ

150 2201 405 2275 ἐγκείμενα
454 2203 584 2275 πρὸς
649 2201 738 2260 τὰς
795 2200 841 2252 Ψ
896 2203 934 2252 Φ
983 2205 1021 2252 Φ
1072 2205 1120 2251 Ω
1162 2205 1209 2251 Ω
1259 2205 1303 2253 Χ
1355 2205 1402 2252 Χ
1458 2205 1502 2254 Ψ
1547 2203 1795 2274 γραμμὰς

148 2290 516 2363 ἐπιξενχθέντοι
570 2291 704 2341 κατὰ
774 2293 868 2347 τὴν
949 2287 1104 2346 αὐτὴν
1158 2291 1248 2340 καὶ
1296 2296 1462 2340 ταῦτα
1519 2287 1794 2362 ἀναλογίαν

145 2388 246 2433 τῶν
287 2381 386 2432 ἅνω
477 2381 614 2431 κατὰ
685 2381 744 2430 τό
803 2379 1001 2444 ἄνισον,
1046 2378 1202 2451 ὃμοια
1275 2373 1336 2431 δὲ
1381 2377 1676 2454 ὑπάρξουσι
1728 2388 1790 2440 τῆ

146 2473 382 2528 ποιότητι
434 2474 524 2522 καὶ
579 2469 645 2521 τὰ
682 2469 822 2540 μέσα
867 2467 1061 2519 τούτων
1119 2467 1223 2542 ἄρα
1271 2475 1462 2540 σημεῖα
1521 2471 1586 2521 τὰ
1635 2469 1796 2542 ἐγκεί-

148 2563 653 2632 μῦαταίςΝΡΡΛ
693 2562 732 2609 Α
785 2564 827 2611 Π
877 2564 920 2610 Π
980 2563 1027 2610 Ν
1078 2565 1344 2632 γραμμαῖς
1397 2555 1794 2632 ἐπιζευχθέντα,

152 2647 524 2701 ἀκολουθοῦντα
572 2645 992 2705 ἀκολουθήσουσι
1073 2655 1136 2706 τῆ
1241 2651 1517 2720 ποσότητι,
1597 2647 1690 2701 οὑκ
1747 2647 1796 2702 ἐν

151 2736 315 2792 ἀνέσει
407 2745 516 2801 τοῖς
591 2741 1033 2812 προγενεστέροις,
1108 2735 1236 2791 ἀλλὰ
1319 2746 1390 2792 τῶ
1435 2742 1536 2812 ἴσῳ
1577 2743 1669 2793 καὶ
1724 2748 1794 2813 τῷ

1899 499 2032 548 ὥστε
2062 495 2154 550 οὑκ
2202 501 2306 573 ἄρα
2357 504 2414 554 16
2460 503 2597 555 κατὰ
2643 503 2699 554 τὸ
2744 498 2920 573 μεῖξον
2974 499 3307 574 τετράγωνον,
3358 499 3388 557 ἦ
3452 502 3564 573 τρί-

1896 603 2077 657 γωνον,
2128 587 2158 647 ἦ
2241 587 2409 665 ἕτερον
2461 611 2514 644 τι
2579 595 2858 649 ποιότητος
2912 583 3071 651 εἶδος,
3141 595 3234 640 τοῦ
3292 585 3565 649 ἐλάσσονος

1899 668 2132 748 διαφέρει
2188 681 2449 749 ποιότητι,
2497 677 2606 732 ἀλλ’
2654 678 2769 732 ἔστι
2843 679 3031 730 ταυτὸν
3087 678 3220 730 116116.
3271 680 3365 736 τὴν
3419 679 3566 730 ποιό-

1894 779 2046 832 τητα,
2096 770 2185 818 καὶ
2243 765 2350 820 ἐπεὶ
2411 770 2471 821 16
2553 765 2665 822 ἴσον
2714 770 2806 820 καὶ
2844 767 3024 820 ἄνισον
3076 765 3145 830 ὡς
3203 767 3423 842 εἴρηται,
3475 771 3568 819 τοῦ

1893 861 2059 905 ποσοῦ
2090 854 2183 908 οὑκ
2203 855 2360 916 οῖλλην
2385 865 2526 912 ποιεῖ
2547 862 2640 918 τὴν
2703 861 2974 929 ποιότητα,
3030 859 3120 910 καὶ
3160 856 3218 909 16
3279 863 3319 911 A
3369 856 3475 931 ἄρα
3521 860 3560 910 Β

1894 945 1933 992 Γ
1977 947 2014 995 Δ
2058 942 2431 1020 ἐπιθυμητικόν
2497 949 2526 1009 ἣ
2591 949 2810 1021 θυμικὸν
2885 947 3060 1020 ὅμοιόν
3112 943 3223 1000 ἐστι
3297 946 3436 1000 κατά
3499 963 3560 1018 γε

1891 1037 2150 1093 ποιότητα
2171 1043 2319 1108 τῷΨ
2365 1043 2403 1092 Φ
2453 1044 2500 1091 Ω.
2553 1041 2603 1094 Χ
2657 1035 3042 1110 ἐπιθυμητικῷ,
3102 1033 3132 1095 ἡ
3189 1036 3413 1110 θυμικῷ,
3469 1040 3559 1088 καὶ

1890 1130 2042 1179 τοῦτο
2069 1133 2140 1198 τῷ
2167 1132 2214 1180 Ν
2244 1134 2280 1181 Ρ
2307 1131 2353 1183 Λ
2386 1135 2450 1200 Π,
2475 1132 2566 1182 καὶ
2590 1135 2740 1182 τοῦτο
2768 1135 2840 1198 τῷ
2866 1134 2907 1181 Τ
2932 1135 2972 1180 Υ
2996 1131 3036 1180 Κ
3076 1131 3131 1196 Σ,
3197 1129 3289 1178 καὶ
3347 1126 3414 1178 161
3449 1129 3562 1200 τρί-

1891 1235 2034 1289 ⁹γωνα
2053 1221 2188 1270 κατά
2235 1220 2321 1271 τὸν
2380 1217 2533 1272 αὑτόν
2590 1215 2762 1290 λόγον,
2823 1220 2913 1270 καὶ
2944 1215 2969 1270 ὁ
3000 1216 3220 1290 θυμικὸς
3248 1217 3338 1268 καὶ
3365 1215 3391 1268 6
3447 1213 3560 1268 ἐπι·

1895 1305 2200 1379 θυμῆτικός,
2231 1307 2592 1383 ἄραὼσαὺτως
2653 1312 2743 1360 καὶ
2785 1306 2811 1359 6
2858 1304 3062 1378 λογικὸς
3126 1308 3217 1358 καὶ
3260 1305 3309 1358 οὶ
3380 1306 3560 1378 μικτοὶ

1892 1400 1983 1448 καὶ
2033 1396 2082 1448 οἱ
2125 1397 2309 1460 πάντες
2376 1399 2508 1450 κατὰ
2556 1400 2650 1456 τὴν
2715 1395 2861 1460 τάξιν
2920 1392 3106 1462 αὑτῶν,
3169 1397 3260 1448 καὶ
3319 1389 3548 1466 ἐδείχθη

1891 1492 2058 1539 ταῦτα
2103 1487 2274 1550 καθὼς
2333 1483 2438 1540 ἕδιι
2505 1483 2791 1559 δειχθῆναι
2849 1487 2996 1559 παρὰ
3041 1491 3134 1538 τοῦ
3186 1483 3430 1559 ἡμετέρου
3472 1483 3561 1536 λὸ-

1893 1595 2018 1648 γου.
2055 1572 2286 1635 Δηλοίδὶ
2313 1575 2440 1636 αὑτή
2497 1575 2527 1636 ἡ
2586 1571 2856 1639 ἀπόδειξις
2907 1576 3083 1648 ὅτιπερ
3143 1568 3265 1627 οὐδὲ
3306 1578 3403 1646 μία
3458 1590 3558 1626 συ-

1898 1665 2056 1738 ζυγία
2082 1674 2179 1718 τῶν
2223 1674 2474 1718 κοινωνῶν
2529 1673 2601 1737 τῷ
2653 1663 2964 1738 ἐπιστήμονι
3029 1659 3156 1722 ἄλλη
3213 1669 3366 1736 φανῇ,
3427 1663 3562 1715 κατά

1895 1773 1952 1826 γε
1980 1758 2066 1808 τόν
2094 1763 2184 1816 τῆς
2213 1759 2490 1818 ποιότητος
2514 1753 2691 1829 λόγον,
2750 1749 2932 1814 ἐπειδὴ
2987 1757 3077 1807 καὶ
3131 1760 3296 1806 ταῦτα
3337 1751 3404 1806 τὰ
3453 1753 3565 1826 τρί-

1832 1823 2035 1916 Βγωνα
2081 1848 2171 1896 καὶ
2244 1847 2542 1920 τετράγωνα
2604 1843 2700 1897 κᾶν
2779 1844 2941 1917 μείζω
3010 1845 3100 1896 καὶ
3162 1840 3350 1896 ἐλάττω
3410 1840 3559 1911 ὦσιν,

1896 1933 2022 1987 ἀλλὰ
2049 1939 2138 1987 καὶ
2158 1937 2516 2008 τάςγραμμάς
2546 1940 2636 1988 καὶ
2689 1934 2779 1994 τὰς
2831 1936 3023 2006 γωνίας
3085 1937 3174 1985 καὶ
3229 1935 3298 1985 τὰ
3349 1925 3557 2006 ἐμϐαδὰ

1893 2032 2070 2084 κοινῶς
2111 2025 2327 2096 ἔχουσιν
2358 2025 2513 2098 ὃμοια
2563 2027 2694 2099 πρὸς
2750 2024 2809 2076 16
2863 2022 3084 2075 ἑκάστου
3140 2024 3322 2075 ποσόν·
3382 2021 3561 2094 μεῖξον

1874 2116 1975 2188 γὰρ
2027 2119 2118 2166 καὶ
2155 2111 2376 2166 ἔλασσον
2419 2117 2678 2188 ιτρίγωνον
2731 2110 2826 2164 οὑκ
2881 2113 2994 2182 ἔχει
3051 2106 3326 2188 διαφορὰν,
3387 2108 3431 2162 εἰ
3487 2113 3558 2182 μὴ

1902 2203 2038 2254 κατὰ
2099 2206 2165 2256 τὰ
2215 2210 2308 2256 τοῦ
2377 2207 2631 2278 τριγώνου
2690 2195 2831 2268 εἴδη,
2909 2199 3038 2273 άπερ
3089 2199 3132 2252 εἰ
3170 2205 3261 2253 καὶ
3305 2195 3561 2274 διαφέρει,

1904 2287 2136 2366 διαφέρει
2162 2301 2233 2364 τῷ
2266 2289 2556 2368 ἐτεροειδεῑ,
2597 2294 2654 2344 16
2685 2286 2744 2344 δί
2769 2285 3024 2363 ὁμοειδὲς,
3074 2288 3173 2342 εἶτε
3224 2289 3402 2362 μεῖζον
3464 2289 3566 2340 εἴτε

1902 2381 2129 2452 ἔλαττον,
2183 2381 2276 2436 οὑκ
2314 2381 2456 2451 ἄλλο,
2497 2387 2586 2436 καὶ
2646 2383 2859 2455 θυμικὸς
2910 2380 3035 2454 ἄρα,
3078 2382 3109 2438 ἦ
3166 2377 3562 2452 ἐπιθυμητικὸς,

1903 2473 1932 2531 ἣ
1964 2471 2187 2546 λογικός,
2252 2473 2281 2531 ἦ
2332 2471 2700 2545 φλεγματικὸς,
2740 2471 2770 2530 ἡ
2804 2471 3102 2542 αἰματικὸς,
3154 2471 3184 2528 ἧ
3248 2465 3565 2542 μελαγχολι-

1903 2563 2010 2632 116;,
2037 2562 2066 2621 ἡ
2104 2561 2492 2635 ξανθοχολικός,
2525 2563 2554 2622 ἦ
2584 2565 2674 2614 καὶ
2693 2567 2792 2612 τῶν
2844 2561 3162 2632 μεμιγμένην
3217 2555 3443 2629 ἐχόντων
3469 2555 3568 2620 κάξ

1903 2650 2205 2726 ἀμφοτέρων
2245 2657 2334 2711 τὴν
2401 2658 2588 2728 κρᾶσιν
2631 2652 2768 2704 κατὰ
2821 2653 2916 2712 τὰς
2966 2653 3088 2722 πρὶν
3139 2653 3240 2701 τῶν
3301 2645 3564 2720 συζυγιῶν

1905 2746 2180 2806 κοινωνίας
2234 2741 2632 2816 σημειωθείσας,
2703 2739 2761 2794 οὑ
2822 2739 2956 2794 κατὰ
3003 2742 3090 2793 τόν
3143 2744 3234 2799 τῆς
3283 2734 3570 2800 ἑπιτάσεως

140 2955 246 3032 lat,
262 2962 436 3035 atque
460 2958 574 3016 hoc
593 2959 654 3015 in
674 2957 976 3016 infinitum
993 2957 1248 3032 produci
1276 2963 1491 3033 potest.
1516 2963 1802 3019 Prmterea
1835 2965 1874 3020 C
1909 2967 1994 3021 est
2025 2963 2200 3021 etiam
2231 2961 2526 3036 cupidum
2567 2935 2698 3019 esse
2744 2962 2849 3017 aut
2893 2958 3293 3016 iracundum:
3357 2961 3413 3014 et
3453 2959 3569 3015 hoc

141 3055 212 3108 ut
230 3048 716 3124 quadrangulum
734 3055 772 3102 Α
787 3051 880 3106 BC
899 3051 942 3105 D
957 3065 1022 3104 se
1033 3048 1300 3106 habetad
1315 3050 1800 3123 quadrangulum

139 3142 188 3196 E
214 3143 248 3195 ιε’
282 3143 407 3210 GH,
435 3139 521 3195 ita
549 3153 793 3212 quoque
821 3137 1310 3210 quadrangulum
1364 3142 1407 3196 N
1457 3142 1499 3197 Ο
1552 3143 1592 3197 Ρ
1635 3141 1680 3206 Q
1721 3139 1801 3197 ad

140 3231 241 3286 ST
270 3231 316 3284 K
343 3229 401 3284 L.
426 3231 510 3285 lta
536 3231 597 3284 ut
630 3232 950 3300 utrumque
989 3232 1242 3298 utroque
1277 3244 1351 3283 ex
1395 3228 1800 3302 inaequalitate

132 3317 440 3389 aequaliter
470 3316 666 3388 majus
689 3316 762 3372 sit
789 3322 846 3372 et
869 3317 1091 3372 minus.
1117 3318 1187 3372 Ut
1211 3317 1370 3374 enim
1413 3317 1804 3391 quadrangu-

124 3408 263 3464 lum
299 3409 348 3462 Α
375 3411 414 3462 Β
437 3407 476 3464 C
499 3409 540 3463 ι)
565 3421 630 3462 se
651 3406 832 3462 habet
861 3407 940 3462 ad
965 3406 1455 3479 quadrangulum
1490 3411 1530 3464 E
1571 3411 1610 3465 F
1653 3411 1696 3464 G
1728 3407 1800 3477 Η,

124 3496 468 3568 itaquoque
483 3494 673 3567 ipsum
691 3492 770 3549 ad
783 3493 1265 3566 quadrangulum
1282 3496 1469 3561 ΝΟΡο
1493 3513 1505 3551 :
1531 3500 1588 3552 et
1606 3495 1802 3568 ipsum

125 3585 350 3642 eadem
376 3583 602 3640 ratione
622 3581 701 3639 ad
721 3582 1215 3654 quadrangufum
1242 3586 1276 3641 S
1303 3587 1344 3640 Τ
1369 3587 1414 3640 Κ
1436 3584 1800 3651 L.Quoniam

125 3675 317 3745 igitur
343 3673 544 3730 media
583 3672 711 3728 haec
741 3678 965 3744 puncta
985 3675 1028 3728 Υ
1053 3674 1091 3727 Χ
1137 3676 1173 3728 Ζ
1229 3672 1284 3728 ν·
1324 3689 1598 3730 connexa
1663 3691 1803 3730 cum

125 3764 379 3838 punctis
411 3779 545 3835 quae
574 3767 718 3817 sunt
759 3761 823 3818 in
875 3762 1372 3832 extremitatibus,
1413 3780 1632 3836 nempe
1664 3779 1804 3819 cum

127 3858 178 3910 Α
203 3852 374 3922 BCD,
395 3851 770 3909 neccessario
783 3850 1572 3924 efﬁciuntquadrangulum.
1589 3855 1654 3908 Et
1679 3869 1804 3908 rur-

127 3958 246 3998 sus
266 3941 622 3997 intermedia
686 3941 904 3996 horum
963 3947 1188 4012 puncta
1227 3958 1301 3998 ex
1355 3941 1570 3998 eadem
1616 3941 1808 4014 quali-

121 4035 256 4090 tate
299 4029 567 4088 efﬁciunt
639 4031 1131 4104 quadrangulum
1210 4035 1324 4090 ΝΟ
1375 4037 1411 4088 Ρ
1465 4034 1508 4098 Q
1550 4032 1805 4089 :eodem

120 4135 386 4195 quoque
407 4120 590 4177 modo
620 4120 837 4176 horum
883 4119 1238 4178 intermedia
1279 4127 1506 4195 puncta
1553 4121 1810 4178 efﬁcient

128 4209 646 4284 quadrangulum
681 4211 778 4266 ST
803 4215 842 4261 K
893 4211 952 4278 L,
1007 4215 1188 4282 atque
1239 4211 1539 4283 triangula
1581 4213 1622 4268 Y
1655 4214 1694 4267 Χ
1730 4215 1802 4267 B:

131 4302 182 4356 X
315 4302 402 4356 C:
525 4301 568 4355 Υ
713 4314 727 4354 :
779 4301 822 4353 V
953 4302 1022 4390 AA,
1071 4315 1208 4372 qua:
1252 4301 1810 4390 conjungunturAet
1841 4335 1884 4390 ι)

123 4387 437 4445 uniuntur
463 4387 526 4444 in
589 4389 632 4442 Υ
683 4389 725 4444 Χ
783 4390 819 4441 Ζ
868 4389 909 4442 V
961 4388 1118 4444 circa
1178 4395 1400 4460 puncta
1454 4388 1809 4447 intermedia

121 4481 181 4534 N
207 4478 254 4536 Ο
277 4480 317 4532 Ρ
345 4479 414 4547 Q,
440 4476 749 4548 interjecta
777 4475 949 4533 lineis
981 4479 1021 4533 Y
1047 4479 1106 4532 Χ.
1136 4480 1178 4533 Χ
1206 4481 1264 4534 Ζ.
1293 4481 1328 4534 Ζ
1348 4480 1407 4534 Υ.
1453 4481 1498 4534 V
1555 4480 1620 4535 Y.
1669 4495 1808 4535 cum

123 4564 452 4622 suntinter
467 4579 529 4620 se
541 4578 814 4620 connexa
833 4579 906 4619 ex
923 4565 1129 4622 eadem
1151 4567 1536 4639 proportione
1557 4581 1687 4622 cum
1712 4583 1808 4622 su-

116 4653 502 4730 perioribus,
522 4653 1153 4726 quamvisinaaqualia,
1184 4655 1405 4712 similia
1420 4659 1560 4710 sunt
1575 4654 1726 4711 inter
1746 4669 1808 4710 se

115 4741 450 4818 qualitate.
485 4745 636 4812 Ergo
669 4733 1026 4799 intermedia
1049 4743 1268 4800 horum
1294 4744 1602 4816 interjecta
1637 4742 1808 4800 lineis

115 4835 172 4890 N
194 4834 270 4889 Ο.
307 4835 351 4889 0
376 4835 436 4888 Ρ.
479 4833 524 4898 Q
559 4835 614 4887 P.
653 4833 696 4898 Ο
729 4834 795 4900 Ν,
818 4847 1093 4889 connexa
1116 4833 1268 4891 inter
1298 4849 1361 4889 se
1393 4832 1611 4889 similia
1639 4836 1811 4890 erunt

114 4921 557 4995 superioribus
587 4920 892 4994 qualitate,
920 4926 1025 4978 sed
1053 4923 1437 4996 proportione
1485 4921 1810 4996 responde-

107 5012 293 5069 bunt
320 5009 439 5066 illis
459 5026 533 5067 ex
556 5011 908 5082 quantitatis
929 5012 1269 5084 aequalitate
1289 5017 1346 5069 et
1384 5011 1807 5085 inaequalitate.

109 5103 212 5157 Ex
245 5099 479 5172 quibus
517 5100 862 5172 intelligitur
909 5102 1110 5173 majus
1163 5101 1658 5174 quadrangulum
1706 5105 1812 5158 aut

105 5189 512 5261 triangulum
529 5193 587 5247 et
607 5190 865 5264 quodvis
887 5191 1051 5248 aliud
1077 5207 1268 5262 genus
1285 5191 1492 5264 ﬁgurae
1519 5189 1754 5247 differre
1775 5205 1812 5247 a

101 5279 374 5338 minore
402 5279 452 5336 si
479 5281 882 5354 quantitatem
915 5287 1163 5355 spectes,
1193 5280 1299 5338 sed
1329 5281 1381 5336 si
1439 5279 1809 5365 qualitatem,

100 5385 256 5427 non
289 5368 554 5426 differre.
589 5372 653 5426 Et
699 5370 993 5443 quoniam
1020 5370 1370 5443 quantitatis
1396 5367 1710 5442 aequalitas
1757 5377 1814 5431 et

99 5459 522 5534 inaequalitas
546 5459 727 5518 aliam
772 5461 1120 5534 qualitatem
1170 5461 1376 5532 ﬁgurae
1433 5473 1557 5518 non
1613 5457 1808 5526 efﬁcit,

99 5556 162 5607 Α
187 5550 242 5604 Β
278 5549 324 5605 C
347 5550 418 5620 D,
439 5549 607 5623 quod
634 5562 723 5606 est
749 5551 1040 5624 cupidum
1070 5566 1199 5609 esse
1227 5554 1330 5609 aut
1357 5547 1720 5608 iracundum
1741 5547 1815 5606 si.

98 5638 274 5699 mile
305 5638 482 5700 estin
501 5639 810 5716 qualitate,
847 5639 987 5700 huic
1015 5656 1234 5718 nempe
1264 5641 1307 5702 Υ
1353 5641 1396 5702 Χ
1439 5641 1477 5699 Ζ
1525 5641 1586 5714 ν,
1645 5636 1816 5714 quod

359 5736 613 5801 P111101.
649 5739 748 5802 Gn.
773 5739 924 5802 CXL.

1909 3053 2110 3125 ipsum
2163 3052 2320 3124 huic,
2397 3067 2617 3124 nempe
2683 3051 2725 3105 N
2794 3049 2836 3104 Ο
2916 3047 2960 3100 Ρ
3028 3049 3072 3112 Q
3127 3063 3140 3102 :
3191 3061 3400 3103 rursus
3451 3045 3568 3103 hoc

1881 3141 2112 3215 ipsum
2135 3141 2272 3196 huic
2302 3143 2336 3197 S
2357 3143 2398 3196 Τ
2424 3140 2472 3194 Κ
2515 3143 2570 3195 L.
2603 3137 2821 3194 Eadem
2853 3136 3084 3192 ratione
3132 3135 3416 3208 qualitate
3468 3134 3570 3190 tri-

1909 3229 2130 3300 angula
2150 3245 2271 3285 non
2287 3228 2582 3296 different,
2599 3225 2704 3282 sed
2716 3225 3066 3298 quantitate.
3086 3223 3308 3280 Eodem
3325 3237 3570 3297 quoque

1909 3318 2093 3375 modo
2109 3319 2353 3375 rationis
2366 3322 2667 3390 compotes
2680 3320 2737 3372 et
2752 3313 3057 3390 temperati
3076 3313 3573 3388 qualibettcmpe-

1909 3408 2136 3464 ratione
2153 3407 2428 3463 homines
2445 3405 2720 3462 eamdem
2738 3404 3033 3461 rationem
3055 3401 3460 3474 eumdemque
3478 3417 3569 3458 or-

1910 3495 2115 3552 dinem
2139 3495 2488 3552 servabunt.
2515 3496 2645 3550 Haec
2661 3493 2821 3550 enim
2845 3493 3046 3550 omnia
3063 3495 3270 3548 nostro
3291 3504 3570 3547 sermone

1910 3585 2320 3642 demonstrata
2345 3588 2483 3640 sunt
2507 3587 2570 3640 ut
2599 3584 2863 3656 oportuit
2895 3579 3312 3639 demonstrari.
3358 3581 3571 3637 Nostra

1908 3681 2112 3731 autem
2135 3673 2264 3731 haec
2281 3672 2712 3730 demonstratio
2734 3671 2975 3729 declara
2991 3669 3221 3727 nullam
3237 3668 3566 3742 conjugan-

1913 3764 2135 3820 tionem
2149 3762 2601 3836 copulationum
2613 3761 2859 3818 scientia
2871 3759 3217 3830 investigari
3231 3773 3410 3832 posse
3423 3771 3570 3830 prae-

1913 3857 2001 3908 ter
2025 3851 2157 3908 illas
2191 3867 2343 3925 quas
2369 3848 2840 3917 numeravimus,
2866 3849 2914 3904 si
2937 3846 3243 3922 qualitatis
3271 3847 3571 3904 rationem

1915 3946 2164 4014 spectes.
2181 3940 2466 4008 Quamvis
2483 3939 2758 3996 enimilla
2775 3935 3070 4007 triangula
3081 3933 3571 4010 etquadrangula

1916 4031 2150 4102 majora
2169 4035 2227 4087 et
2246 4031 2485 4086 minora
2512 4033 2669 4094 sunt,
2698 4030 3112 4082 verumtamen
3157 4039 3301 4080 suas
3355 4023 3566 4088 lineas,

1916 4135 2058 4177 suos
2085 4119 2360 4190 angulos,
2393 4133 2506 4174 sua
2534 4116 2794 4188 denique
2816 4113 3010 4188 spatia
3037 4116 3188 4171 inter
3237 4127 3300 4170 se
3353 4111 3571 4170 similia

1914 4209 2154 4277 habent,
2199 4222 2562 4281 quacunque
2578 4203 2908 4278 quantitate
2931 4203 3174 4274 singula
3193 4200 3431 4260 illorum
3450 4199 3570 4258 sint

1913 4299 2182 4373 praedita.
2207 4297 2314 4368 Maj
2324 4313 2392 4352 us
2408 4297 2570 4352 enim
2591 4300 2648 4352 et
2663 4295 2863 4351 minus
2887 4292 3253 4365 triangulum
3267 4305 3391 4350 non
3402 4289 3572 4348 diffe-

1914 4391 2055 4445 runt
2077 4387 2230 4444 inter
2257 4401 2319 4442 se
2357 4384 2476 4442 nisi
2501 4399 2570 4440 ex
2599 4382 2876 4455 trianguli
2913 4381 3130 4454 forma,
3161 4397 3299 4456 qum
3327 4381 3379 4438 si
3405 4379 3572 4437 diffe-

1915 4482 2074 4546 runt,
2103 4479 2346 4550 propter
2361 4474 2766 4532 diversitatem
2796 4471 3006 4530 formae
3027 4470 3312 4530 differunt
3341 4486 3356 4527 ε
3389 4469 3495 4526 sed
3520 4468 3573 4526 si

1917 4563 2366 4621 similitudinem
2386 4562 2597 4633 ﬁgurae
2616 4563 2872 4635 spectes,
2892 4575 3002 4622 seu
3021 4560 3221 4632 majus
3243 4573 3352 4616 seu
3371 4555 3572 4614 minus

1919 4655 1995 4710 sit
2014 4651 2401 4726 triangulum,
2427 4650 2588 4708 aliud
2619 4665 2743 4707 non
2767 4650 2895 4706 erit.
2947 4647 3276 4706 Iracundus
3301 4659 3444 4717 ergo
3467 4649 3573 4701 aut

1918 4743 2172 4816 cupidus
2202 4747 2306 4799 aut
2340 4741 2568 4798 ratione
2595 4739 2904 4813 praeditus,
2935 4741 3038 4795 aut
3096 4737 3419 4811 pituitosus
3467 4735 3574 4790 aut

1919 4833 2303 4904 sanguineus,
2329 4834 2434 4887 aut
2465 4827 2958 4889 melancholicus.
2985 4830 3089 4883 aut
3130 4827 3179 4882 si
3207 4823 3311 4898 qui
3343 4820 3572 4879 habent

1918 4922 2164 4979 mistam
2193 4936 2266 4977 ex
2311 4919 2576 4990 utrisque
2603 4915 3111 4989 tcmperationem,
3145 4931 3214 4971 ex
3253 4909 3569 4983 descriptis

1919 5025 2104 5084 supra
2119 5007 2618 5080 conjugationum
2633 5001 3140 5077 copulationibus,
3151 5000 3386 5061 riterius
3407 4996 3571 5056 ordi-

1919 5102 2012 5158 nis
2036 5116 2160 5157 non
2186 5103 2360 5156 erunt
2388 5111 2573 5170 quam
2594 5094 2769 5165 cujus
2796 5098 2937 5150 sunt
2956 5098 3200 5168 propter
3216 5089 3571 5152 intensionis

1921 5193 2027 5248 aut
2053 5186 2418 5246 remissionis
2444 5183 2759 5248 rationem,
2801 5183 3094 5256 quoniam
3160 5197 3282 5240 non
3310 5184 3450 5238 sunt
3471 5177 3577 5238 alii

1921 5279 2028 5338 sed
2053 5275 2388 5336 dissimiles.
2421 5277 2642 5332 Omnes
2668 5271 2848 5344 igitur
2866 5273 3107 5334 ordines
3143 5288 3301 5348 repez
3321 5270 3362 5332 ti
3410 5271 3574 5329 sunt.

1921 5372 2107 5428 Porro
2123 5365 2541 5440 unusquisque
2561 5362 2712 5421 ordo
2725 5361 3102 5423 latitudinem
3113 5363 3371 5423 habetat
3381 5371 3578 5418 accre-

1923 5460 2146 5518 tionem
2175 5462 2232 5516 et
2251 5453 2712 5514 diminutionem
2741 5455 3047 5526 suscipere
3077 5454 3284 5527 possit.
3307 5449 3425 5514 {Nec
3437 5445 3577 5510 ideo

1925 5549 2044 5609 alia
2067 5544 2409 5608 communis
2427 5542 2732 5620 qualitatis
2761 5544 2996 5618 species
3031 5559 3140 5603 seu
3165 5542 3329 5601 aliud
3366 5535 3582 5598 indivi-

1924 5639 2116 5702 duum
2131 5637 2344 5702 evadet
2356 5638 2601 5710 ProPter
2617 5634 3018 5696 intensionem
3038 5636 3095 5693 et
3139 5629 3578 5692 remissionem.
