4066 6212
147 270 287 324 1325

1068 269 1434 330 THEODORI
1455 269 1501 325 ΙΙ
1529 271 1669 326 ΙΜΡ.
1691 270 1781 324 DE
1808 269 2268 330 COMMONIONE
2294 273 2674 330 NATURALI.

3431 277 3568 332 1326

141 393 264 442 τινὰ
325 386 494 452 δεῖξαι
551 390 791 442 ἐπίτασιν
837 393 968 444 καθὸ
1024 395 1188 448 ποσά.
1246 392 1418 448 Ἔστω
1465 402 1590 466 γοῦν
1668 398 1802 467 ὁρμὴ
1840 399 1886 450 Α
1917 394 2116 448 ἀλλοῖον
2159 400 2188 456 ἡ
2239 395 2478 470 μονάδων
2539 392 2862 462 συνέδευσις,
2912 399 2943 453 ἤ
2993 395 3102 456 ἑνός
3153 400 3244 447 καὶ
3292 395 3414 462 ἑνός,
3476 403 3567 450 καὶ

141 481 344 542 τιςὴΑ
377 481 522 538 καιή
557 479 705 552 ἑτέρα
758 487 824 549 Λ,
885 483 940 532 αἱ
996 478 1055 534 δὲ
1113 485 1238 556 πρὸς
1293 485 1486 544 ταύτας
1527 489 1566 535 Β
1620 503 1709 536 και
1755 489 1805 536 Μ

146 569 396 634 αὔξησις,
429 588 519 620 και
577 569 606 626 ἠ
660 575 699 620 Γ
751 589 840 620 και
884 575 930 622 Ν
971 567 1226 632 ἐπίτασις⁹
1312 571 1355 623 εἰ
1407 578 1530 642 γοῦν
1586 580 1649 644 τῇ
1716 573 1806 624 αυ-

146 655 304 720 ξὴσει
356 664 392 709 Β
435 663 484 709 Μ
527 659 558 715 ἠ
622 663 659 709 Γ
696 663 744 710 Ν
799 655 1058 728 ἐπίτασις,
1115 660 1144 719 ἦ
1229 663 1298 722 ὡς
1379 656 1568 712 δεκάσι
1649 657 1804 712 δεκά-

148 742 260 810 δες,
313 750 343 804 ἤ
396 749 459 807 ὡς
541 742 765 818 μονάδες
834 751 1046 818 μονάσι,
1096 769 1186 800 και
1269 751 1299 807 ἡ
1375 755 1413 801 Β
1484 755 1537 803 Μ
1616 757 1711 811 τῆς
1757 751 1806 802 Α

146 840 179 894 ἠ
229 836 379 888 ἐσται
435 835 696 898 ἐπίτασις,
741 839 770 894 ἧ
823 839 890 898 ὡς
937 833 1153 898 δεκάδες
1203 834 1440 905 δεκάσιν,
1500 838 1530 897 ἦ
1573 840 1641 900 ὡς
1713 858 1806 911 μο⁴

143 921 304 986 νάδες
355 927 568 998 μονάσι,
639 929 760 999 τρία
826 933 949 996 γοῦν
1023 926 1128 978 εἰσι
1205 929 1269 978 τὰ
1342 928 1571 995 τεθέντα,
1643 929 1802 1002 ὁρμὴ,

143 1013 398 1080 αὓξησις,
421 1015 659 1074 ἐπίτασις
691 1035 704 1046 ·
741 1015 770 1072 ἡ
805 1015 938 1088 ὁρμὴ
984 1022 1106 1085 γοῦν
1154 1018 1223 1076 ὡς
1282 1018 1463 1088 μονὰς,
1509 1017 1540 1076 ἡ
1588 1016 1805 1078 αὐξησις

140 1105 212 1165 ὡς
247 1100 404 1172 δυὰς,
445 1105 474 1161 η
526 1101 764 1164 ἐπίτασις
809 1105 877 1164 ὡς
922 1105 1068 1178 τριλς
1117 1125 1130 1137 ·
1181 1107 1316 1156 κατὰ
1368 1112 1494 1176 γοῦν
1541 1108 1629 1167 τὰς
1687 1126 1800 1158 συν-

143 1195 322 1254 θέσεις
375 1212 466 1244 και
497 1195 620 1252 τοὺς
673 1195 1058 1267 σπερματικοὺς
1106 1191 1314 1265 λόγους,
1358 1194 1388 1252 ἠ
1456 1197 1546 1266 μὲν
1601 1214 1804 1270 πρωτη,

143 1286 352 1356 στιγμὴ
393 1301 482 1333 και
537 1276 756 1353 δύναμις
797 1284 1020 1350 μήκους,
1078 1282 1106 1340 ἡ
1165 1277 1403 1357 δευτέρα,
1448 1288 1663 1357 γραμμὴ
1717 1304 1807 1336 και

143 1369 374 1444 δύναμις
412 1369 656 1434 πλάτους,
711 1372 741 1428 ἦ
794 1365 854 1422 δε
905 1373 1077 1444 τρίτη,
1119 1373 1388 1442 επιφάνεια
1436 1392 1525 1424 και
1583 1368 1808 1446 δύναμις

143 1461 376 1534 βάθους,
428 1463 494 1512 τὰ
547 1455 605 1512 δὲ
640 1463 760 1532 τρία
813 1455 1038 1531 δύναμις
1091 1466 1354 1532 σώματος,
1414 1465 1470 1513 τὸ
1539 1457 1598 1514 δὲ
1656 1471 1810 1535 σῶμα

141 1558 342 1618 ποσοῦ,
391 1552 448 1601 τὸ
497 1552 661 1600 ποσὸν
712 1543 772 1600 δὲ
809 1547 858 1599 ἐν
899 1555 1007 1608 τοῖς
1044 1554 1190 1622 τρισὶ
1246 1551 1566 1621 περιάγεται,
1613 1556 1704 1602 καὶ
1767 1553 1809 1604 εἰ

144 1643 244 1713 μὲν
292 1639 444 1711 σῶμά
466 1657 579 1698 πως
665 1634 862 1710 ὑπερϐῇ
941 1640 1060 1698 τοὺς
1153 1639 1325 1712 ὅρους,
1415 1637 1460 1691 εἰ
1534 1636 1626 1690 και
1687 1640 1808 1693 ἄλλο

1327 1798 1490 1844 πόσον

1466 1897 1508 1952 Γ

522 1795 672 1854 τοίας

489 1913 581 2035 A/
593 1913 669 2035 \
695 1970 910 2035 ποιότης

919 1819 1076 1885 σῶμα

1047 1904 1317 2036 Panthus

161 2711 330 2780 τούτῳ
361 2707 561 2780 συνίλῃ,
593 2704 874 2777 ἀδύνατον,
931 2707 976 2759 εἰ
1037 2702 1096 2759 δι
1154 2704 1453 2779 ἀσώματον,
1509 2707 1536 2765 ὃ
1594 2709 1807 2763 ποιότη-

158 2801 253 2859 τός
305 2796 436 2868 ἐστι,
485 2802 575 2850 καὶ
623 2796 718 2849 οὐκ
761 2795 881 2848 ἄλλο
931 2799 1208 2868 ’γενήσεται
1262 2799 1322 2847 τό
1367 2794 1622 2864 ἐπιταθὲν,
1697 2791 1806 2846 ἀλλ’

153 2971 591 3046 compositione
619 2971 811 3028 inesse
836 2970 1234 3028 intensionem
1259 2988 1332 3026 ex
1354 2970 1719 3038 alterations,
1744 2975 1811 3027 ut

150 3064 243 3120 ita
270 3061 468 3119 dicam
497 3081 510 3118 :
535 3059 716 3134 idque
769 3077 891 3118 non
939 3077 1176 3134 semper
1234 3080 1248 3130 ;
1303 3061 1622 3134 quantitati
1666 3077 1809 3116 vero

147 3156 456 3225 quatenus
507 3155 596 3207 est
653 3151 956 3223 quantitas
1003 3149 1404 3206 intensionem
1489 3165 1808 3222 nunquam

145 3239 446 3297 accidere.
480 3242 615 3296 Esto
643 3240 822 3310 igitur
867 3254 905 3296 a
955 3239 988 3294 ὁ
1031 3254 1062 3295 c
1109 3239 1414 3311 quantitas
1465 3257 1477 3294 :
1541 3237 1811 3294 similiter

141 3330 335 3386 etiam
389 3330 510 3386 lm
570 3345 612 3384 η
660 3328 982 3402 quantitas.
1034 3329 1276 3400 Oportet
1365 3326 1677 3382 ostendere
1745 3327 1807 3382 in

141 3418 464 3490 utriusque
493 3418 752 3490 punctis,
785 3433 890 3472 seu
916 3417 1180 3472 terminis
1212 3431 1334 3470 non
1369 3416 1563 3472 inesse
1619 3415 1808 3471 inten-

139 3508 386 3564 sionem
441 3513 740 3581 quatenus
785 3505 1110 3578 quantitate
1157 3509 1299 3560 sunt
1355 3503 1624 3578 praedita.
1671 3507 1807 3562 Esto

137 3597 335 3668 igitur
362 3597 644 3669 appetitio
669 3594 871 3668 aliqua
891 3611 1022 3666 quae
1054 3596 1128 3650 sit
1155 3613 1213 3664 α,
1236 3597 1294 3650 et
1327 3593 1512 3650 altera
1557 3611 1690 3666 qua:
1734 3594 1809 3650 sit

140 3689 198 3744 ι.
228 3685 318 3741 Ad
336 3686 447 3742 has
482 3685 877 3758 appetitiones
900 3684 1232 3740 referantur
1259 3683 1292 3739 ὁ
1322 3686 1378 3738 et
1396 3699 1454 3738 m
1506 3699 1642 3755 quae
1689 3683 1809 3739 sint

140 3775 776 3847 accretio,itemquec
833 3778 891 3829 et
945 3789 1005 3839 η,
1049 3787 1186 3846 quae
1230 3774 1347 3827 sint
1399 3772 1681 3828 intensio.
1745 3776 1808 3827 In

143 3864 490 3920 accretione
517 3863 693 3932 igitur
717 3879 845 3936 qua
873 3865 960 3917 est
990 3861 1023 3917 b
1051 3878 1108 3917 m
1157 3861 1308 3916 inest
1340 3859 1598 3917 intensio
1670 3877 1808 3932 quae

144 3959 254 4009 est
289 3968 321 4009 c
343 3970 405 4020 η,
425 3955 528 4009 aut
559 3955 622 4007 ut
647 3949 877 4006 denarii
908 3949 1141 4005 numeri
1163 3949 1366 4004 insunt
1393 3949 1685 4018 denariis)
1707 3953 1812 4004 aut

148 4047 229 4099 ut
253 4042 502 4098 unitates
520 4041 726 4097 insunt
751 4038 1077 4095 unitatibus
1136 4055 1151 4106 ;
1213 4039 1246 4094 ὁ
1291 4055 1348 4094 m
1397 4039 1506 4094 erit
1553 4038 1811 4094 intensio

153 4131 348 4203 hujus
369 4147 406 4187 a
436 4133 477 4198 ι,
507 4129 689 4203 idque
710 4127 925 4184 eodem
947 4126 1131 4184 modo
1165 4143 1287 4199 quo
1325 4127 1554 4182 denarii
1611 4127 1813 4182 insunt

153 4221 446 4287 denariis,
469 4225 572 4276 aut
599 4217 854 4275 unitates
883 4218 1088 4272 insunt
1125 4217 1474 4273 unitatibus.
1518 4216 1619 4272 Hic
1671 4231 1813 4287 ergo

153 4309 282 4366 tria
313 4307 505 4382 posita
526 4312 680 4379 sunt,
715 4306 1021 4380 appetitio,
1076 4307 1350 4376 accretio,
1415 4305 1691 4374 intensio,
1753 4310 1816 4361 ut

150 4397 458 4454 ternarius
474 4411 778 4452 numerus.
796 4397 986 4461 Quare
1004 4395 1052 4450 si
1068 4394 1567 4467 compositionem
1583 4401 1814 4466 spectes

153 4489 223 4543 et
278 4485 537 4540 rationes
581 4483 659 4540 ad
724 4483 1189 4556 propagandum
1250 4482 1611 4555 prodientes,
1697 4483 1815 4555 pri-

153 4589 336 4631 mum
379 4573 578 4630 locum
608 4573 898 4630 abtinebit
949 4579 1265 4646 punctum,
1322 4587 1429 4628 seu
1484 4572 1576 4627 vis
1633 4577 1812 4644 atque

153 4663 420 4721 facultas
445 4663 525 4719 ad
546 4662 981 4731 longitudinem
1013 4662 1406 4734 progrediens
1436 4678 1450 4716 :
1481 4661 1816 4716 secundum

155 4753 370 4810 locum
396 4749 685 4808 obtinebit
703 4751 885 4816 linea,
916 4767 1025 4806 seu
1079 4752 1169 4806 vis
1213 4755 1395 4824 atque
1447 4749 1707 4806 facultas
1739 4749 1818 4806 ad

156 4841 543 4899 latitudinem
562 4839 948 4912 progrediens
965 4856 979 4906 ;
995 4840 1228 4895 tertium
1244 4842 1448 4896 locum
1466 4840 1817 4912 superficies

158 4929 479 4999 obtinebit,
510 4945 617 4985 seu
670 4930 758 4983 vis
801 4932 980 5000 atque
1019 4925 1270 4984 facultas
1312 4928 1391 4984 ad
1443 4927 1819 4984 altitudinem

161 5019 590 5093 progrediens.
619 5019 798 5073 Porro
826 5016 954 5072 haec
979 5015 1090 5071 tria
1117 5015 1233 5071 vim
1264 5023 1445 5089 atque
1476 5015 1820 5072 facultatem

161 5107 398 5167 habent
417 5106 495 5164 ad
525 5122 745 5179 corpus
793 5103 1298 5170 constituendum,
1357 5119 1576 5176 corpus
1622 5110 1821 5161 autem

165 5196 252 5255 ad
273 5197 668 5269 quantitatem
689 5193 1016 5268 perfectam
1036 5192 1520 5249 constituendam
1569 5209 1822 5267 compa-

163 5292 372 5345 ratum
403 5291 494 5343 est
517 5304 530 5354 ;
553 5284 859 5358 quantitas
887 5287 1089 5338 autem
1106 5282 1220 5338 sub
1241 5282 1333 5338 his
1351 5281 1541 5338 tribus
1558 5298 1826 5354 compre-

165 5375 476 5435 henditur.
505 5374 678 5442 Quod
696 5375 744 5429 si
777 5372 852 5429 sit
877 5371 1080 5445 aliqua
1112 5387 1210 5426 res
1237 5387 1476 5444 corpus,
1499 5385 1622 5444 quo
1648 5377 1825 5445 pacto

169 5469 344 5524 extra
360 5465 476 5522 hoc
505 5463 790 5521 terminos
817 5465 936 5518 tres
975 5459 1308 5531 egredietur
1329 5460 1359 5517 ?
1379 5460 1551 5526 Quod
1585 5460 1636 5514 si
1660 5460 1827 5516 dicas

171 5554 436 5614 alterum
464 5567 684 5626 corpus
712 5557 854 5607 cum
873 5548 1060 5607 altero
1079 5564 1330 5623 corpore
1359 5547 1536 5618 uniri,
1561 5548 1678 5605 hoc
1699 5547 1828 5605 ﬁeri

1848 1732 1888 1785 Β
1917 1733 2175 1782 λοιοῦνται
2200 1732 2298 1804 γὰρ
2330 1737 2448 1791 ταῖς
2486 1732 2770 1802 ἁκρότησιν
2809 1749 2822 1761 ·

1915 485 1959 536 εί
2011 487 2102 556 μὲν
2159 489 2325 557 ποιόν,
2387 491 2454 548 ὡς
2506 485 2752 546 λευκότης
2795 489 2882 536 καὶ
2936 483 3242 557 μελανοτης,
3289 485 3318 544 ἦ
3379 485 3566 556 γλυκύ-

1915 592 2010 634 της
2053 579 2142 625 καὶ
2191 572 2466 640 ἀλυκότης,
2514 571 2638 626 οὐδὲ
2699 573 2856 632 οὓτως
2935 570 3153 644 ἐπιταθῇ
3229 594 3240 605 ·
3323 573 3568 636 λευκότης

1913 665 2014 735 γὰρ
2065 661 2370 724 λευκότητος
2421 663 2696 738 λευκοτέρα
2761 662 2854 714 οὐκ
2907 664 3040 732 ἔστι,
3097 667 3186 714 καὶ
3231 665 3297 714 τὰ
3349 663 3496 736 ἕτερα
3552 685 3564 696 ο

1915 748 1963 801 ἐν
1994 749 2170 823 ἀτόμῳ
2200 748 2314 810 ὃὲὴ
2347 756 2567 813 ποιότης
2620 757 2757 804 ποιεῖ
2809 750 3048 802 ἐπίτασιν
3099 771 3112 782 ο
3173 750 3406 823 σταφυλὴ
3465 754 3566 824 γὰρ

3112 841 3140 902 ἦ
3224 841 3402 900 λευκὸν
3478 848 3568 893 τοῦ

2155 952 2168 963 ο
2225 930 2384 984 λευκά
2430 927 2489 982 δὲ
2538 933 2738 990 πάντως
2790 931 3023 1002 ὑπάρχει
3071 932 3279 1004 θάτερα.
3314 929 3372 983 Ἡ
3443 939 3568 1002 ’γοῦν

1913 841 2060 914 ῥοιᾶς
2109 839 2418 916 γλυκυτέρα,
2488 842 2517 900 ἡ
2567 843 2687 916 ῥοιὰ
2740 839 3022 912 σταφυλῆς,

1912 929 2096 982 λευκοῦ

1917 1018 2080 1090 ἰσχὺς
2123 1028 2220 1082 τῆς
2271 1025 2546 1082 ποιότητος
2599 1023 2658 1071 τὸ
2705 1023 2795 1092 μὲν
2857 1019 3000 1080 άῦξει
3076 1021 3212 1071 κατὰ
3288 1024 3564 1086 ποιότητα,

1913 1111 1972 1159 1'6
2017 1103 2076 1160 δὲ
2129 1108 2350 1178 ἐλαττοῖ,
2412 1109 2543 1166 αὐτὴ
2600 1105 2659 1160 δι
2709 1110 2739 1166 ἡ
2808 1107 3070 1178 γλυκύτης
3117 1108 3146 1165 ἡ
3209 1109 3239 1166 ἡ
3318 1107 3569 1170 λευκότης

1914 1200 2030 1249 οὔτε
2079 1195 2408 1250 ἒπιτάττεται
2461 1197 2578 1249 οὒτε
2655 1195 2977 1262 ἐλαττοῦται,
3045 1198 3183 1268 μένει
3253 1192 3306 1248 δ’
3388 1195 3466 1248 ἀεὶ
3535 1198 3564 1255 ἡ

1913 1284 2069 1344 αὕτη.
2130 1289 2274 1339 Κατά
2325 1290 2412 1338 τὸν
2470 1286 2624 1339 αὐτὸν
2677 1293 2803 1356 γοῦν
2859 1288 3039 1358 καιρόν
3088 1284 3204 1337 οὔτε
3260 1285 3426 1358 γλυκυ
3485 1290 3571 1338 καὶ

1914 1380 1985 1447 μὴ
2038 1375 2226 1447 γλυκὺ,
2280 1379 2397 1428 οὔτε
2441 1375 2619 1428 λευκόν
2667 1379 2758 1426 καὶ
2811 1379 2879 1447 μὴ
2919 1374 3116 1445 λευκόν,
3175 1379 3228 1427 τὶ
3284 1381 3570 1447 φανήσεται

1913 1471 2143 1534 πώποτε,
2200 1467 2294 1517 κάν
2337 1464 2386 1517 ἐν
2440 1464 2574 1536 ἄλλῳ
2651 1469 2741 1516 καὶ
2819 1463 2953 1534 ἀλλῳ
3037 1471 3109 1516 τῶ
3196 1462 3244 1515 ἐν
3323 1471 3572 1524 ποιότητι

1917 1549 2148 1625 δέχηται
2189 1559 2282 1612 τὴν
2339 1552 2578 1606 ἐπίτασιν
2631 1558 2722 1604 καὶ
2773 1553 2948 1604 οἶνεσιν
2992 1573 3005 1585 ·

1913 1640 2091 1694 λευκόν
2143 1640 2302 1714 ἐνωθῇ
2361 1646 2452 1694 καὶ
2513 1641 2669 1716 μέλαν
2725 1641 2906 1712 ὕφεσιν
2982 1642 3290 1712 πάσχουσιν
3378 1661 3390 1675 ·

3063 1557 3154 1604 καὶ
3211 1554 3254 1605 εἰ
3300 1556 3392 1626 μὲν
3477 1550 3568 1606 οὖν

3478 1641 3571 1692 ἀλ-

2865 1729 2921 1780 αἰ
2977 1728 3204 1780 ἐναντίαί
3267 1730 3367 1802 γὰρ
3426 1733 3574 1782 ποιό-

1916 1839 2067 1882 τητες
2092 1821 2347 1894 θραύουσι
2371 1821 2465 1880 τὰς
2505 1817 2816 1892 ἀκρότητας,
2875 1818 2918 1870 εἰ
2973 1820 3236 1892 μιχθῶσι,
3290 1821 3384 1881 τὰς
3437 1817 3572 1872 ἐνού-

1921 1927 2015 1970 σας
2055 1908 2259 1974 αὐταῖς,
2286 1911 2434 1961 ἔσται
2459 1903 2519 1960 δὲ
2555 1911 2614 1959 τό
2667 1913 2843 1980 μίγμα
2896 1905 3095 1959 ἀλλοῖον
3141 1912 3232 1960 καὶ
3289 1907 3382 1960 οὐκ
3425 1907 3570 1964 ἄλλο.

1917 2000 2052 2050 Οὔτε
2075 2000 2178 2072 γὰρ
2234 2000 2291 2049 1'6
2355 1995 2534 2048 λευκόν
2585 2000 2658 2069 μὴ
2715 1995 2894 2048 λευκὸν
2944 1997 3136 2063 πάντη,
3193 1994 3310 2048 οὒτε
3363 2000 3423 2048 τό
3478 2000 3572 2070 με·-

1915 2085 2006 2139 λαν
2034 2088 2203 2144 πάντη
2253 2085 2312 2138 οὐ
2366 2085 2544 2158 μέλαν,
2597 2083 2726 2137 ἀλλὰ
2774 2093 2885 2148 πῶς
2935 2084 3112 2158 μέλαν,
3157 2093 3268 2148 πῶς
3330 2079 3380 2138 δ’
3437 2083 3496 2138 οὓ
3552 2101 3569 2154 ;

1915 2181 2005 2227 καὶ
2061 2178 2119 2227 τό
2185 2175 2376 2247 ἕτερον,
2427 2177 2562 2226 κατὰ
2606 2178 2666 2227 τό
2715 2173 2866 2243 αὐτὸ,
2916 2172 3020 2226 οἷον
3068 2175 3126 2226 τὸ
3191 2181 3291 2236 τῆς
3376 2179 3572 2236 σηπίας

1915 2263 2069 2337 μέλαν
2128 2269 2219 2316 καὶ
2273 2265 2332 2316 τό
2377 2261 2586 2336 ἄλευρον
2643 2263 2911 2330 ἐνωθέντα,
2968 2265 3026 2314 1'6
3081 2262 3260 2316 λευκὸν
3341 2269 3431 2316 καὶ
3510 2267 3570 2317 τὸ

1915 2352 2068 2425 μέλαν
2122 2355 2180 2404 τό
2237 2350 2284 2404 ἓν
2336 2351 2518 2414 αὐτοῖς
2573 2352 2974 2424 ἄμειφθὴσεται.
3037 2351 3178 2404 Ἐπεὶ
3241 2355 3345 2425 γὰρ
3427 2353 3560 2405 εἰσιν

1915 2441 2138 2509 ἐναντία,
2196 2445 2286 2493 καὶ
2340 2441 2600 2513 τραπῶσι,
2651 2445 2741 2492 καὶ
2790 2443 2847 2492 τὸ
2889 2443 2980 2513 μὲν
3045 2437 3102 2492 ἐκ
3171 2448 3262 2492 τοῦ
3335 2441 3569 2494 ἐναντίου

1914 2531 2269 2590 ὑποστησεται
2300 2530 2479 2602 ὕφεσιν
2502 2538 2592 2582 τοῦ
2617 2525 2746 2582 εἶναι
2798 2528 3000 2598 λευκὸν,
3057 2532 3116 2582 τό
3171 2525 3231 2582 δὲ
3287 2537 3379 2582 τοῦ
3440 2527 3571 2583 εἶναι

1913 2617 2089 2691 μέλαν,
2120 2627 2194 2689 τῷ
2249 2613 2308 2671 δὲ
2362 2618 2464 2689 ἴσῳ
2523 2623 2614 2670 καὶ
2665 2627 2738 2689 τῷ
2793 2615 2981 2689 ἀνίσῳ,
3035 2616 3129 2669 οὐκ
3190 2615 3569 2692 ἀμεφθὴσεται,

1913 2710 2048 2762 ὥστε
2103 2712 2162 2761 τὸ
2214 2705 2469 2781 μεδίμνου
2517 2711 2680 2761 ποσόν
2729 2707 2824 2760 οὐκ
2881 2708 2948 2769 εἰς
2999 2707 3208 2771 κύλικος
3275 2708 3456 2779 ἐλθεῖν,
3534 2710 3566 2770 ἦ

1912 2795 2222 2871 προσλαϐεῖν
2256 2798 2466 2870 θάτερον
2533 2795 2587 2849 ἐκ
2648 2799 2864 2872 θατέρου
2920 2803 2984 2858 ὡς
3040 2797 3244 2850 ὁπόσων
3310 2819 3381 2869 τι,
3439 2796 3568 2852 ἆλλά

1919 2973 2149 3046 nequit.
2190 2975 2413 3029 Rursus
2442 2973 2490 3028 si
2517 2973 2939 3045 incorporeum
2992 2972 3218 3045 aliquid
3285 2973 3568 3030 accedere

1918 3061 2105 3128 dicas,
2125 3066 2229 3117 aut
2253 3060 2512 3134 qualitas
2533 3061 2826 3132 adveniet,
2852 3065 3032 3131 atque
3061 3061 3175 3116 hoc
3222 3061 3406 3116 modo
3468 3077 3564 3116 res

1917 3150 2152 3205 intensa
2190 3150 2307 3205 alia
2328 3165 2450 3205 non
2480 3147 2710 3214 evadet,
2753 3147 2858 3204 sed
2897 3147 3240 3214 dissimilis;
3293 3153 3396 3206 aut
3433 3149 3566 3204 uni-

1918 3243 2066 3294 tates
2119 3237 2460 3308 advenient,
2510 3244 2689 3310 atque
2743 3237 3296 3308 agglutinabuntur,
3347 3253 3567 3311 nempe

1919 3327 2116 3384 unitas
2146 3343 2269 3382 una
2294 3331 2352 3383 et
2389 3328 2574 3383 altera
2595 3326 2818 3382 unitas.
2851 3328 2994 3392 Quae
3020 3327 3265 3400 quidem
3311 3328 3567 3384 unitates

1917 3417 1964 3472 si
1987 3416 2100 3472 siut
2121 3415 2436 3489 qualitates
2469 3415 2805 3482 abstractae,
2833 3419 2890 3471 et
2910 3415 3014 3471 uni
3044 3415 3230 3473 altera
3285 3417 3564 3484 addatur,

1915 3512 1980 3562 ut
2008 3505 2245 3570 albedo,
2277 3505 2546 3576 nigredo,
2574 3504 2850 3571 dulcedo,
2885 3503 3157 3574 salsedo;
3207 3522 3402 3579 neque
3450 3506 3567 3562 hoc

1915 3594 2100 3650 modo
2130 3593 2236 3650 erit
2259 3593 2514 3650 intensio
2543 3593 2865 3666 qualitatis,
2888 3609 3030 3649 nam
3053 3593 3268 3650 albedo
3289 3594 3566 3652 albedine

1915 3699 2039 3738 non
2061 3687 2153 3739 est
2185 3681 2382 3753 magis
2412 3682 2574 3740 alba.
2622 3681 2784 3738 idem
2835 3681 2910 3738 de
2963 3682 3191 3739 caeteris
3241 3682 3566 3740 dicendum

1918 3778 2022 3828 est.
2056 3777 2128 3827 At
2155 3771 2414 3844 qualitas
2465 3772 2526 3826 in
2577 3770 2888 3828 individuo
2935 3770 3336 3829 intensionem
3369 3771 3566 3832 eﬂicit.

1920 3861 2044 3916 Uva
2068 3859 2228 3915 enim
2251 3863 2505 3930 granato
2539 3865 2627 3916 est
2667 3859 2935 3931 dulcior;
2974 3865 3077 3916 aut
3105 3868 3421 3931 granatum
3449 3879 3571 3919 uva

1920 3953 2007 4004 est
2031 3947 2561 4020 dulcius,itemque
2591 3947 2797 4004 album
2825 3947 2963 4003 albo
2993 3951 3082 4003 est
3108 3949 3301 4019 magis
3338 3950 3566 4019 album,

1919 4044 2173 4109 utraque
2198 4053 2340 4092 vero
2361 4036 2610 4092 omnino
2642 4041 2782 4093 sunt
2819 4035 2978 4093 alba.
3016 4038 3207 4103 Quare
3241 4038 3327 4092 vis
3375 4039 3570 4111 quali-

1921 4127 2056 4182 tatis
2085 4127 2198 4182 hoc
2215 4125 2462 4198 quidem
2487 4130 2668 4196 auget
2688 4125 3021 4182 secundum
3043 4127 3353 4199 quandam
3375 4129 3570 4200 quali-

1853 4201 1892 4254 θ
1922 4221 2128 4282 tatem,
2153 4214 2297 4270 illud
2327 4231 2470 4271 vero
2500 4215 2734 4271 minuii.
2757 4219 2829 4271 At
2848 4215 2982 4287 ipsa
3002 4215 3257 4280 dulcedo
3279 4219 3335 4272 et
3354 4217 3572 4276 albedo

1923 4319 2118 4376 neque
2161 4303 2484 4360 intenditur
2539 4319 2734 4377 neque
2791 4304 3125 4374 remittitur,
3177 4305 3283 4361 sed
3357 4305 3573 4364 eadem

1924 4399 2146 4449 manet.
2189 4393 2410 4448 Eodem
2439 4393 2615 4463 igitur
2636 4397 2904 4465 tempore
2935 4393 3081 4448 nihil
3099 4399 3368 4466 unquam
3399 4394 3574 4452 dulce

1923 4487 1980 4538 et
2003 4498 2126 4538 non
2146 4481 2341 4550 dulce,
2369 4481 2575 4537 album
2601 4487 2657 4537 et
2686 4497 2806 4538 non
2832 4481 3042 4538 album
3089 4483 3370 4539 exsistere
3415 4491 3576 4556 pote-

1922 4571 2016 4641 rit,
2047 4570 2329 4642 quamvis
2361 4570 2420 4626 in
2452 4570 2570 4626 alio
2600 4575 2780 4643 atque
2809 4571 2926 4626 alio
2958 4572 3238 4643 suscipiet
3271 4589 3343 4628 ex
3381 4574 3574 4644 quali-

1923 4665 2042 4716 tate
2076 4660 2473 4716 intensionem
2500 4663 2556 4714 et
2580 4661 3021 4716 remissionem.
3078 4662 3272 4724 Quare
3292 4661 3338 4714 si
3369 4660 3575 4717 album

1925 4755 1982 4806 et
2028 4749 2268 4818 nigrum
2349 4749 2652 4815 uniantur,
2703 4749 2763 4803 id
2829 4749 2956 4804 sine
3024 4749 3373 4804 remissione
3449 4748 3576 4805 ﬁeri

1924 4839 2134 4910 nequit
2165 4856 2178 4905 ;
2199 4837 2596 4893 extremitates
2615 4837 2772 4892 enim
2791 4843 3098 4892 mutantur
3118 4852 3225 4890 seu
3252 4837 3575 4892 aliusmodi

1927 4926 2189 4982 evadunt
2218 4943 2230 4980 :
2258 4941 2404 4980 nam
2425 4926 2485 4980 in
2507 4926 2942 4980 contrariarum
2967 4925 3324 4996 qualitatum
3355 4931 3577 4997 tempe-

1926 5015 2262 5072 rationibus
2309 5020 2365 5070 et
2427 5013 2893 5070 admistionlbus
2977 5013 3377 5070 extremitates
3433 5015 3578 5088 ipsas

1927 5103 2123 5174 frangi
2181 5103 2391 5158 solent.
2448 5103 2559 5156 Erit
2601 5105 2758 5156 atem
2807 5101 3001 5156 mistio
3055 5102 3379 5158 aliusmodi
3455 5120 3580 5160 non

1930 5193 2065 5250 alia.
2096 5196 2294 5264 Neque
2324 5191 2484 5246 enim
2504 5189 2712 5246 album
2736 5195 2824 5244 est
2852 5189 3017 5262 quod
3054 5192 3302 5247 omnino
3369 5192 3580 5249 album

1927 5298 2053 5339 non
2081 5281 2210 5349 fuit,
2241 5295 2437 5352 neque
2474 5279 2715 5350 nigrum
2746 5277 2912 5350 quod
2935 5280 3182 5336 omnino
3197 5279 3438 5352 nigrum
3461 5291 3583 5337 non

1930 5371 2058 5441 fuit,
2088 5370 2193 5426 sed
2222 5367 2442 5440 partim
2472 5368 2734 5437 nigrum,
2764 5368 2982 5439 partim
3040 5385 3159 5425 non
3204 5371 3467 5440 nigrum.
3520 5372 3584 5425 Et

1930 5460 2095 5532 quod
2109 5463 2198 5514 est
2211 5457 2460 5514 alterum
2483 5455 2705 5512 eodum
2720 5456 2924 5525 modo,
2945 5457 3126 5514 veluti
3145 5475 3206 5514 se
3211 5459 3324 5531 piae
3336 5460 3460 5530 nigr
3471 5458 3584 5512 edo

1932 5553 1990 5605 et
2009 5548 2200 5604 ferina
2227 5547 2380 5605 inter
2402 5563 2464 5604 se
2494 5545 2778 5620 copulata
2794 5545 3137 5603 albediuem
3149 5547 3586 5619 etnigredinem
