4066 6212
601 267 738 324 1327

2127 256 2484 318 ADDENDA.

3772 275 3866 332 1328

598 398 737 463 μενεῖ
781 389 831 443 ἓν
873 389 1090 442 ἕκαστον
1145 384 1214 446 εἰς
1266 385 1325 438 τὸ
1381 383 1500 438 ὅσον
1554 383 1615 438 ἆν
1681 384 1735 438 ἐκ
1783 389 1996 460 πρώτης
2071 388 2243 458 τύχης
2279 388 2327 440 Α
2355 389 2444 440 καὶ
2471 386 2589 451 ἑξῆς
2617 391 2738 462 τρία
2769 409 2782 424 .
2821 392 2879 444 τὸ
2925 390 2974 442 ἓν
3026 395 3150 462 ,γοῦν
3205 391 3295 441 καὶ
3344 389 3389 441 ἓν
3445 393 3642 444 συντεθὲν
3688 391 3774 451 δύο.

598 481 819 554 ὑπάρχῃ
897 480 1080 546 ποσὸν,
1137 474 1232 527 κᾶν
1285 474 1353 536 εἰς
1404 473 1599 534 ἄλληλα
1671 483 2099 552 περιχωρὴσειεν.
2155 476 2244 540 Ὠς

596 570 750 644 γαρό
794 572 939 621 πέντε
981 565 1035 618 ἐκ
1087 560 1299 638 τριάδος
1349 570 1440 619 καὶ
1495 559 1698 627 δυάδος
1752 564 1916 636 ἐστὶν,
1967 565 2074 619 ἀλλ’
2128 565 2244 619 οὔτε

594 667 717 730 γοῦν
769 659 795 710 6
847 661 971 732 191'61
1008 659 1261 728 τέσσαρα,
1324 654 1442 708 οὒτε
1497 657 1522 708 6
1606 653 1704 710 666
1782 661 1906 731 191'61
1989 651 2080 709 διὰ
2149 659 2243 714 τὴν

593 749 795 811 ἕνωσιν,
853 744 980 798 ἀλλὰ
1018 751 1106 796 καὶ
1158 747 1293 817 μετά
1349 749 1441 804 τὴν
1493 744 1673 798 ἕνωσιν
1721 747 1746 798 ὁ
1826 745 2078 798 συνελθὼν
2160 744 2244 797 ἆλ-

591 835 730 899 λοῖος
784 838 894 908 μὲν,
945 834 1040 887 66:1
1097 833 1232 906 ἄλλῳ
1282 830 1341 887 δὲ
1396 843 1543 907 ποσῷ
1592 838 1834 910 ὥρισται,
1886 836 1915 894 ἢ
1989 843 2062 906 τῷ
2144 843 2243 887 τῶν

595 925 936 979 συνελθόντων
983 923 1055 985 εἰς
1119 923 1274 976 αὐτὸν
1339 941 1352 957 ·
1401 923 1518 978 οὔτε
1573 926 1675 1000 γὰρ
1735 926 1760 976 6
1803 929 1924 999 191'61
1988 928 2240 997 τέσσαρα,

591 1014 708 1068 οὒτε
733 1016 758 1067 6
791 1011 887 1067 666
912 1017 1032 1086 τρία
1058 1034 1071 1046 ·
1108 1019 1260 1066 τοῦτο
1315 1015 1418 1086 γὰρ
1468 1013 1510 1065 εἰ
1565 1009 1787 1066 δυνατὸν
1835 1014 2048 1087 ὑπῆρχε
2105 1017 2244 1085 γενέ-

593 1105 736 1175 σθαι,
770 1102 991 1178 ὑπῆρξεν
1014 1099 1139 1154 δινό
1201 1105 1348 1155 πέντε
1403 1105 1550 1170 ἑπτὰ,
1611 1103 1732 1176 ὅπερ
1781 1102 1972 1155 ἄτοπον
2035 1123 2048 1136 '
2110 1102 2244 1156 οὓτω

589 1190 751 1245 καὶέν
798 1191 962 1262 λευκῷ
1015 1196 1102 1243 καὶ
1155 1190 1334 1264 μέλανι
1388 1190 1446 1244 οὗ
1513 1196 1766 1257 ποσότης,
1829 1189 1957 1244 ἀλλὰ
2028 1196 2246 1254 ποιότης

592 1286 705 1356 ἔχει
763 1281 934 1335 λαϐεῖν
983 1286 1076 1340 τὴν
1135 1282 1314 1356 ὕφεσιν
1363 1285 1392 1341 ἦ
1448 1287 1542 1341 τὴν
1601 1280 1851 1339 ἐπίτοσιν.
1923 1283 2064 1336 Ἐπεὶ
2143 1285 2244 1357 γὰρ

592 1378 680 1425 ταὶ
736 1371 887 1433 61616;
935 1372 960 1423 6
1018 1375 1186 1441 πέντε,
1256 1372 1299 1424 εἰ
1355 1375 1444 1423 καὶ
1527 1374 1664 1424 κατά
1745 1374 1908 1424 ποσὸν
1985 1373 2247 1431 ὑποσῆναι

591 1462 772 1535 ὕφεσιν
814 1465 1026 1533 πέφυκε,
1083 1463 1141 1512 1'6
1210 1459 1484 1532 ἐλάχιστον
1705 1462 1835 1534 αὐτῇ
1914 1459 2108 1528 ἐγένετο
2185 1464 2246 1520 ἣν

589 1552 786 1609 ὑπέστη
852 1546 1044 1622 μονάδι
1089 1569 1104 1592 -.

589 1647 689 1692 τῶν
747 1638 1088 1692 συνελθόντων
1133 1643 1409 1710 γενήσεται
1450 1640 1476 1691 ὁ
1535 1643 1656 1713 τρία
1710 1635 1830 1710 666,
1888 1645 1978 1693 καὶ
2033 1641 2058 1692 6
2151 1636 2250 1693 666

592 1726 660 1796 ἓν,
694 1730 738 1781 εἰ
791 1735 916 1800 γοῦν
973 1727 1087 1780 κατ’
1136 1726 1377 1781 ἐπίτασιν
1431 1729 1457 1782 6
1514 1733 1636 1803 τρία
1689 1733 1944 1803 τέσσαρα,
2003 1733 2092 1782 καὶ
2121 1724 2250 1782 6666

590 1821 711 1892 τρία
767 1816 936 1883 ἔσται,
999 1821 1088 1869 καὶ
1137 1817 1162 1868 6
1225 1816 1477 1871 συνελθὼν
1543 1817 1601 1870 ἐκ
1648 1821 1840 1870 τούτων
1901 1822 2047 1870 πέντε
2100 1817 2250 1886 ἑπτὰ,

591 1907 712 1982 ὅπερ
745 1907 957 1978 ἄτοπον,
985 1907 1228 1967 ὡσαύτως
1274 1907 1388 1960 κατ’
1426 1906 1598 1960 ἄνεσιν
1646 1907 1674 1966 ἣ
1727 1908 1752 1960 6
1802 1912 1924 1982 191'61
1983 1903 2100 1976 666,
2161 1912 2253 1960 καὶ

590 1995 616 2049 6
649 1992 746 2050 666
803 1998 870 2064 ἰν,
921 2001 1011 2048 καὶ
1045 1997 1070 2048 6
1129 1996 1381 2049 συνελθὼν
1447 2001 1594 2051 πέντε
1647 2002 1770 2072 τρία
1829 2017 1844 2032 '
1911 1993 2149 2050 ἀδύνατα
2194 1992 2253 2050 6‘1

589 2093 758 2139 ταῦτα
811 2091 902 2139 καὶ
971 2083 1159 2142 ἄτοπα.
1220 2087 1280 2140 Εἰ
1333 2083 1393 2140 δε
1450 2087 1475 2139 6
1523 2093 1644 2164 τρία
1687 2091 1776 2161 μεν
1825 2091 2083 2162 τέσσαρα,
2139 2083 2253 2140 ὁδέ

593 2175 692 2231 6‘66
721 2176 791 2246 ἓν,
847 2179 1034 2240 πεντὰς
1080 2181 1169 2249 μεν
1221 2179 1472 2252 νομισοῇ,
1523 2177 1777 2251 ἀλλοιωθῇ
1834 2175 1894 2232 δὲ
1942 2181 2000 2231 16
2045 2174 2180 2240 εἶδος
2237 2196 2252 2212 ο

590 2263 716 2320 666k
764 2269 866 2340 ’γὰρ
917 2265 1215 2330 συνέλευσις
1260 2263 1623 2339 μονάδοςααὶ
1665 2263 1913 2343 τετράδος
1959 2268 1984 2320 6
2082 2271 2252 2338 πέντε,

595 2352 723 2408 ἀλλὰ
778 2350 976 2415 δυάδος
1030 2360 1119 2408 καὶ
1169 2351 1387 2428 τριάδος
1417 2352 1638 2417 ¹ἀληθοῦς
1672 2377 1685 2390 '
1740 2352 1865 2410 οὐδὲ
1912 2358 2012 2431 γὰρ
2076 2353 2255 2432 12319611-

595 2463 727 2516 φνως
780 2447 1017 2518 περιττὸς
1073 2444 1104 2502 ἡ
1167 2447 1349 2516 μονὰς,
1406 2441 1552 2508 οὗτος
1605 2440 1664 2498 6'1
1718 2453 1963 2522 περιττοῦ
2011 2449 2100 2498 καὶ
2167 2444 2255 2520 6'19-

594 2537 708 2587 τίου
731 2530 863 2588 ἐστί.
889 2539 1098 2608 Πρῶτον
1161 2535 1262 2608 γὰρ
1323 2532 1487 2596 οὕτως
1532 2538 1733 2607 γένεσις
1785 2555 1800 2570 ο
1860 2536 1909 2588 ἓν
1967 2532 2078 2588 εἶτα
2134 2531 2250 2602 δύο,

595 2726 771 2768 suam
802 2709 954 2767 inter
985 2724 1049 2766 se
1079 2708 1484 2769 contulerunt.
1515 2711 1744 2768 Etenim
1771 2712 2063 2786 quoniam
2118 2716 2261 2770 sunt

593 2800 917 2868 contraria,
951 2800 1132 2858 etiam
1162 2800 1530 2874 frangentur,
1560 2807 1741 2876 atque
1776 2820 1969 2861 unum
2011 2803 2260 2878 quidem

597 2908 670 2949 ex
691 2891 1001 2948 contrariis
1031 2891 1260 2964 aliquid
1285 2891 1359 2951 de
1386 2891 1664 2950 albedine
1693 2894 1965 2966 remittet,
2008 2895 2260 2951 alterum

591 3004 732 3047 vero
766 2988 840 3046 de
877 2986 1206 3059 nigredine.
1239 2989 1353 3046 sed
1378 3006 1451 3046 ex
1481 2991 1828 3064 aequalitate
1859 3007 1934 3048 ex
1993 2992 2262 3065 inmquaf

2354 493 2461 528 τιον
2490 485 2614 548 γοῦν
2635 486 2808 550 τοῦτο,
2839 483 2897 531 τὸ
2937 475 2997 533 δὲ
3053 480 3102 532 ἓν
3154 483 3244 531 καὶ
3292 475 3384 531 666
3431 484 3555 552 τρία,
3601 489 3795 557 περιττὸν,
3833 495 3870 542 τὸ

2355 561 2484 618 δὲὲν
2522 571 2610 619 καὶ
2673 571 2795 642 τρία
2838 572 3093 643 τέσσαρα,
3158 566 3350 643 ἆρτιον,
3405 564 3631 642 δεύτερον,
3679 575 3721 623 τὸ
3765 571 3806 627 δὲ
3843 577 3872 629 ἓν

2352 660 2442 708 καὶ
2531 660 2764 731 τέσσαρα
2832 661 2980 711 πέντε
3057 655 3456 733 ἀρτιοπέριττον.
3523 663 3740 718 Σκοπησον
3791 674 3873 734 γοῦν

2353 745 2401 794 ἐν
2449 748 2583 796 πᾶσι
2636 749 2694 798 1'6
2750 743 2962 816 ἄτοπον,
3021 743 3065 800 εἰ
3117 751 3206 818 μὲν
3288 747 3316 804 ἡ
3392 747 3538 818 μονὰς
3598 746 3732 822 ἑτέραν
3785 751 3872 825 16661;

2353 829 2560 905 μονάδα
2608 833 2699 887 κᾶὶ
2749 837 2778 894 ἠ
2839 839 3024 911 τετρὰς
3075 833 3231 894 ἄλλην
3279 839 3366 887 καὶ
3423 831 3690 889 ἐπιταθῶσιν
3733 837 3813 902 ἑξὰς
3857 842 3873 898 ἡ

2353 925 2557 992 πεντὰς,
2612 921 2802 977 ἄτοπον
2851 946 2863 958 '

2353 1012 2519 1085 πάθῃ,
2576 1012 2726 1066 ἔσται
2781 1016 2965 1090 τετρὰς
3017 1015 3046 1072 ἠ
3104 1016 3290 1076 πεντάς

3961 489 3963 572 γ

3961 695 3963 800 t

2913 929 2956 977 εἰ
3010 921 3069 977 6's
3121 925 3150 984 ἣ
3201 928 3291 997 μὲν
3373 927 3539 998 τετρὰς
3609 924 3751 998 ὕφεσιν
3808 929 3876 991 ἐνὸς
3962 963 3963 978 χ

3341 1035 3353 1047 ·
3397 1009 3511 1066 οὐδὲ
3549 1015 3636 1090 γὰρ
3685 1015 3816 1087 ὕφεσιν
3856 1019 3872 1076 ὲ
3962 1059 3963 1084 1

2355 1103 2514 1174 μονὰς
2549 1097 2742 1166 δέξαιτ’
2779 1101 2839 1155 ἂν
2874 1124 2887 1136 ·
2916 1111 3068 1156 τοῦτο
3107 1103 3210 1177 76’19
3240 1101 3297 1156 οὗ
3349 1099 3580 1172 πεντάδα,
3629 1103 3732 1155 ἀλλὰ
3772 1109 3875 1157 πάντα

2357 1188 2576 1266 ἀριθμὸν
2638 1189 2875 1245 ἀνέλυσεν
2932 1191 2993 1244 ἂν
3043 1193 3111 1255 εἰς
3165 1189 3336 1260 οὐδὲν,
3390 1196 3473 1244 καὶ
3521 1199 3653 1246 τοῦτο
3700 1193 3874 1247 6116m-

2357 1281 2400 1333 εἰ
2433 1277 2490 1332 δὲ
2552 1282 2580 1340 ἡ
2650 1285 2738 1353 μεν
2795 1285 2956 1354 μονὰς
3021 1280 3291 1357 προσλάϐῄ
3350 1283 3515 1351 ἓτέραν
3564 1277 3875 1354 μονὼδα,ἦδ¹ι

2355 1371 2534 1442 τετρὰς
2584 1367 2812 1443 μονάδος
2866 1375 3044 1444 ὕφεσιν
3093 1373 3317 1444 ὑποστῇ,
3369 1373 3504 1445 τρὶἁς
3565 1372 3733 1432 πάντως
3787 1378 3876 1442 7111i-

2360 1481 2506 1514 σεται
2547 1481 2559 1495 ο
2591 1463 2775 1524 πεντὰς
2801 1469 2924 1534 γοῦν
2949 1466 3066 1514 τότο
3105 1462 3210 1534 οὐχ
3251 1462 3330 1514 611
3380 1463 3434 1513 ἐκ
3490 1457 3686 1534 μονάδος
3727 1467 3792 1514 καὶ
3829 1481 3877 1514 τε·

1189 1548 1490 1612 ἐλαττωθεὶς
1579 1553 1681 1624 γὰρ
1751 1551 1968 1611 ἕκαστος
2042 1553 2248 1613 πάντως
2283 1544 2320 1598 Β
2357 1545 2547 1626 τράδος
2580 1547 2726 1617 ;ἆιλλ’
2760 1548 2816 1602 ἐκ
2845 1546 3046 1612 δυάδος
3075 1569 3130 1603 τε
3159 1555 3248 1603 καὶ
3277 1546 3508 1624 τριάδος,
3546 1556 3677 1602 τοῦτο
3723 1555 3878 1623 φυσικὸν,

2433 1725 2500 1800 β’.
2546 1726 2707 1782 Ὠστε
2793 1729 2852 1780 τὸ
2935 1731 3024 1802 μὲν
3100 1732 3248 1782 ποιὸν
3328 1726 3556 1782 ἕπιτασιν
3619 1726 3789 1800 δέχεται
3832 1725 3882 1778 111i
3962 1743 3963 1808 ξ

2360 1818 2554 1888 ἄνεσιν,
2585 1821 2643 1871 τὸ
2677 1815 2736 1870 δὲ
2790 1822 2952 1871 ποσὸν
2996 1817 3055 1872 οὒ
3120 1841 3134 1854 ·

2363 1909 2484 1961 σθαι
2543 1915 2606 1981 τῇ
2655 1909 2807 1961 τάσει
2859 1913 2949 1961 καὶ
3007 1910 3180 1982 ὑφέσει
3221 1917 3313 1962 τοῦ
3369 1917 3531 1962 ποσοῦ
3594 1913 3674 1968 τὴν
3739 1904 3887 1960 πεντάὸι

2360 1993 2610 2068 τετράδα,
2637 2002 2727 2049 καὶ
2755 1995 2973 2073 τριάδα,
3003 2004 3093 2051 καὶ
3141 1994 3364 2066 ἐπτάδα,
3427 1998 3542 2074 ὅπερ
3595 1997 3846 2050 ἀτοπώτατον
3879 2016 3886 2030 ·

2361 2091 2419 2140 τὸ
2481 2089 2582 2162 7619
2629 2086 2807 2162 ἄρτιον
2872 2091 2960 2140 καὶ
3031 2091 3268 2161 περιττὸν
3347 2087 3518 2140 ἄνωθεν
3587 2083 3714 2140 οὐδὲν
3774 2085 3888 2137 6:16:62

2364 2174 2638 2236 ἐποίησενο
2669 2177 2900 2251 ὑπάρχει
2938 2178 3039 2252 γὰρ
3093 2179 3118 2229 6
3173 2173 3272 2230 δύο
3333 2173 3450 2241 666,
3499 2183 3583 2230 καὶ
3617 2178 3640 2229 6
3681 2181 3778 2249 τρία
3807 2195 3888 2249 τρικ,

2363 2273 2515 2320 τοῦτο
2572 2274 2738 2320 ποσοῦ
2793 2288 2806 2300 ·
2867 2266 3067 2340 ἔμειναν
3120 2271 3221 2340 γὰρ
3267 2263 3412 2320 οὗτοι
3458 2268 3526 2330 εἰς
3591 2271 3642 2320 τὸ
3714 2275 3796 2318 ἶσον
3841 2267 3890 2316 xxi

2363 2355 2563 2412 ἄνισον.
2651 2354 2779 2409 ἀλλά
2847 2364 2908 2429 τῇ
3000 2357 3292 2410 συνελεύσει
3372 2364 3464 2420 τῆς
3533 2361 3767 2418 ποιότητος
3821 2359 3891 2427 πρὸς

2365 2449 2622 2504 ποιότητα
2673 2445 2820 2520 ἑτέρα
2883 2445 3070 2504 συνέϐη
3111 2451 3270 2520 μικτή
3334 2451 3584 2508 ποιότης·
3640 2449 3736 2498 οὔτε
3781 2443 3890 2516 γάρὸ

2366 2533 2561 2609 Ξιρτιος,
2579 2536 2744 2594 πάντη
2786 2533 3121 2608 ἆρτιος,οὓτε
3171 2536 3197 2587 6
3251 2539 3488 2612 περιττὸς
3532 2539 3598 2609 μὴ
3623 2539 3717 2587 -καὶ
3751 2532 3890 2607 ἄρτιος·

2365 2711 2489 2768 rius
2513 2711 2760 2785 quidem
2780 2727 3068 2770 numerus
3089 2713 3396 2780 efﬁcietur,
3415 2713 3517 2770 sed
3533 2713 3704 2770 forma
3717 2725 3893 2768 commu-

2367 2803 2491 2858 tata
2533 2799 2725 2857 fuerit.
2778 2801 2980 2874 Neque
3042 2802 3204 2858 enim
3264 2802 3564 2877 copulatio
3631 2801 3819 2858 unitatis
3864 2801 3896 2852 et

2367 2890 2734 2963 quaternarii
2762 2891 2996 2947 numeri
3018 2892 3257 2965 proprie
3283 2893 3620 2966 quinarium
3645 2890 3801 2958 afﬁcit,
3836 2885 3896 2942 sed

2368 2977 2580 3035 binarii
2605 2984 2662 3036 et
2693 2980 2949 3036 ternarii.
3015 2981 3215 3037 Unitas
3271 2983 3435 3038 enim
3491 2998 3678 3039 revera
3723 2994 3814 3035 non
3848 2979 3899 3032 est

594 3075 755 3136 litate
780 3093 904 3134 non
948 3056 1188 3135 accidet
1237 3077 1338 3136 illa
1393 3056 1812 3150 commutatio,
1863 3086 1928 3136 ut
1973 3056 2250 3136 mediinnt

2369 3084 2656 3126 numerus
2684 3069 2880 3141 impar
2909 3070 3257 3142 ;quinarius
3282 3078 3486 3129 autem
3509 3063 3898 3142 eximparietpari

593 3169 899 3242 quantitas
927 3183 1050 3225 non
1079 3173 1277 3240 potest
1305 3169 1365 3225 in
1396 3171 1798 3242 quantitatem
1840 3171 2041 3228 calicis
2075 3176 2260 3228 trans-

596 3257 682 3314 ire
721 3261 824 3315 aut
852 3272 1043 3314 unum
1083 3257 1323 3314 alterius
1353 3259 1752 3332 quantitatem
1779 3276 2106 3324 assumere,
2151 3259 2259 3317 sed

598 3344 1077 3419 unumquodque
1096 3346 1158 3402 in
1182 3362 1254 3404 ea
1274 3347 1604 3419 quantitate
1623 3353 1843 3419 manet,
1863 3365 2049 3422 quam
2062 3350 2258 3422 primo

597 3433 830 3505 habuit,
859 3435 1090 3492 etiamsi
1117 3435 1267 3491 inter
1314 3451 1376 3491 se
1425 3437 1872 3508 conjungantur
1923 3457 1936 3507 ;
1987 3442 2047 3494 ut
2097 3439 2255 3495 enim

597 3523 912 3597 quinarius
933 3538 1222 3580 numerus
1253 3529 1490 3581 constat
1511 3541 1584 3582 ex
1628 3527 1890 3583 ternario
1919 3532 1975 3586 et
1997 3527 2254 3598 binario,

602 3613 708 3669 sed
735 3627 856 3668 non
888 3612 1024 3668 ideo
1047 3615 1156 3669 tria
1187 3617 1330 3670 sunt
1390 3619 1668 3688 quatuor,
1723 3632 1917 3689 neque
1970 3617 2092 3673 duo
2145 3617 2258 3674 tria

599 3707 847 3776 propter
874 3701 1317 3774 copulationem
1344 3710 1552 3762 contra
1579 3722 1715 3764 vero
1745 3707 1850 3779 qui
1873 3707 2256 3778 conjungitur

600 3805 890 3848 numerus
936 3796 1074 3864 post
1128 3791 1573 3864 copulationem
1625 3793 1932 3850 dissimilis
2008 3795 2254 3868 quidem

599 3879 822 3950 evadit,
851 3879 959 3937 sed
986 3879 1103 3937 alia
1151 3883 1481 3953 quantitate
1537 3898 1660 3938 non
1717 3883 2016 3952 deﬁnitur,
2065 3899 2254 3956 quam

598 3963 1017 4038 copulatorum
1111 3964 1262 4022 inter
1338 3982 1399 4023 se
1476 3982 1868 4024 numerorum
1943 3969 2250 4041 quatitate.

596 4055 800 4127 Neque
850 4055 1009 4111 enim
1031 4054 1144 4111 tria
1191 4059 1329 4112 sunt
1368 4060 1646 4130 quatuor,
1696 4073 1892 4131 neque
1949 4057 2072 4114 duo
2121 4057 2254 4125 tria,

595 4157 743 4200 nam
766 4143 883 4199 hoc
906 4143 1034 4200 ﬁeri
1059 4143 1267 4217 nequit
1296 4160 1311 4211 ;
1335 4145 1603 4218 quinque
1625 4145 1785 4203 enim
1805 4153 2003 4204 essent
2024 4152 2253 4218 septem

595 4231 764 4303 quod
788 4236 877 4288 est
904 4232 1237 4289 absurdum
1267 4250 1279 4289 :
1304 4233 1386 4290 ita
1411 4234 1590 4292 etiam
1615 4234 1676 4290 in
1701 4235 1840 4292 albo
1869 4241 1924 4293 et
1945 4236 2112 4308 nigro
2130 4253 2253 4294 non

597 4318 924 4391 quantitas,
954 4321 1059 4378 sed
1081 4317 1344 4394 qualitas
1360 4325 1822 4398 potestrecipere
1833 4326 2251 4384 remissionem

597 4413 654 4463 et
677 4408 1097 4466 intensionem.
1133 4395 1642 4484 Quandoquidem
1684 4395 1735 4468 si
1782 4429 2070 4471 numerus
2122 4416 2251 4488 ipse
2285 4408 2328 4463 D
2360 4406 2555 4462 SOlum
2576 4407 2907 4480 quinarius,
2937 4424 3142 4464 verum
3163 4408 3344 4465 etiam
3367 4409 3612 4483 quilibet
3634 4395 3897 4463 numerusin
3962 4447 3963 4462 χ

595 4496 908 4569 quinarius
965 4514 1039 4554 ex
1086 4505 1256 4572 parte
1293 4501 1640 4573 quantitatis
1692 4507 1896 4574 posset
1948 4504 2249 4578 suscipere

593 4587 1030 4657 remissionem,
1063 4589 1277 4648 eadem
1309 4591 1422 4648 hac
1451 4592 1828 4661 remissione,
1861 4610 2048 4667 quam
2091 4596 2249 4653 susci

592 4681 779 4750 peret,
811 4678 1133 4736 minimum
1161 4679 1311 4752 quid
1341 4679 1638 4738 evaderet.
1663 4685 1812 4738 Nam
1843 4699 1911 4739 ex
1959 4685 2249 4757 copulatis

587 4767 858 4824 numeris
883 4767 1436 4842 quilibetnumerus
1481 4771 1777 4828 unitatum
1817 4771 2249 4836 substractione

588 4858 791 4916 minor
819 4857 1039 4932 factus,
1073 4860 1356 4917 evaderet
1376 4876 1448 4917 ex
1478 4862 1734 4918 ternario
1781 4863 2054 4921 binarius
2091 4871 2148 4924 et
2176 4883 2249 4924 ex

587 4945 827 5004 binario
856 4948 1076 5007 unitas.
1113 4949 1170 5006 Si
1193 4949 1372 5021 igitur
1399 4965 1506 5023 per
1525 4950 1922 5010 intensionem
1957 4955 2068 5012 tria
2115 4971 2249 5014 eva-

588 5031 739 5091 dant
762 5041 1022 5108 quatuor
1051 5043 1110 5094 et
1137 5038 1260 5096 duo
1297 5038 1426 5110 tria,
1459 5039 1618 5096 idem
1643 5042 1871 5100 accidet
1891 5059 2143 5102 numero
2175 5062 2248 5102 ex

586 5119 683 5179 his
711 5123 950 5183 duobus
972 5127 1240 5202 quinque
1274 5133 1505 5202 septem
1533 5133 1866 5204 composito
1895 5151 1910 5202 ;
1939 5135 2104 5207 qoud
2157 5141 2248 5194 est

585 5211 943 5272 absurdum.
969 5217 1194 5276 Eodem
1216 5219 1400 5276 modo
1429 5235 1537 5294 per
1555 5222 1968 5280 remissionem
1987 5225 2098 5282 tria
2121 5225 2244 5300 duo

585 5301 913 5363 evaderent
935 5309 992 5364 et
1020 5306 1142 5366 duo
1172 5325 1401 5378 unum;
1459 5310 1622 5368 idem
1668 5327 1911 5386 quoque
1951 5314 2244 5374 accideret

583 5405 839 5452 numero
861 5411 933 5452 ex
962 5396 1055 5452 his
1094 5397 1338 5456 duobus
1362 5399 1631 5473 quinque
1669 5401 1862 5458 tribus
1901 5404 2238 5478 constituto,

582 5497 718 5556 quae
739 5483 989 5559 quidem
1017 5486 1146 5544 ﬁeri
1166 5493 1478 5560 nequeunt
1505 5493 1564 5544 ct
1588 5493 1730 5546 sunt
1756 5490 2042 5549 absurda.
2069 5495 2242 5560 Quod

579 5568 634 5634 ei
661 5590 774 5660 pro
800 5571 988 5640 tribus
1015 5582 1276 5654 quatuor
1295 5581 1354 5636 et
1375 5592 1486 5652 pro
1513 5575 1754 5639 duobus
1781 5596 1992 5652 unum,
2024 5583 2238 5657 quina-

2368 3162 2618 3214 constat.
2641 3162 2728 3214 lta
2743 3158 2902 3214 enim
2925 3159 3186 3231 primum
3206 3160 3383 3229 dicis,
3407 3177 3609 3231 unum,
3629 3157 3801 3216 deinde
3816 3155 3898 3220 duo,

2367 3246 2582 3302 deinde
2603 3247 2730 3304 tria.
2761 3249 2954 3304 Unum
2971 3263 3114 3318 ergo
3139 3266 3278 3305 cum
3305 3267 3426 3307 uno
3452 3249 3813 3322 compositum,
3828 3243 3896 3298 duo

2368 3341 2506 3392 sunt
2538 3355 2551 3405 ;
2583 3343 2793 3410 estque
2821 3336 2917 3393 hic
2938 3353 3224 3394 numerus
3238 3354 3381 3411 par:
3399 3355 3571 3412 porro
3587 3353 3746 3394 unum
3763 3333 3896 3396 etduo,

2367 3425 2478 3482 tria
2505 3431 2660 3481 sunt.
2696 3428 2911 3498 Estque
2941 3426 3037 3482 hic
3064 3443 3355 3484 numerus
3373 3430 3564 3501 impar
3589 3427 3794 3500 primus.
3814 3425 3896 3476 Rur-

2365 3533 2466 3572 sus
2487 3533 2676 3572 unum
2696 3522 2750 3572 et
2771 3517 2902 3586 tria,
2927 3521 3064 3573 sunt
3083 3522 3348 3590 quatuor
3367 3537 3385 3591 ;
3401 3525 3598 3592 estque
3612 3518 3896 3576 hicnumerus

2365 3620 2474 3677 par
2505 3605 2823 3660 secundus.
2855 3607 3046 3661 Unum
3063 3609 3672 3680 ctquatuorquinque,
3692 3603 3773 3678 qui
3789 3599 3897 3655 debet

2364 3710 2495 3750 esse
2525 3693 2721 3766 impar
2750 3695 3050 3750 secundus
3079 3711 3149 3751 ex
3181 3696 3315 3768 pari
3345 3702 3401 3755 et
3431 3697 3649 3770 impare
3687 3697 3896 3750 constans.

2365 3782 2687 3839 Considera
2719 3783 2898 3852 igitur
2923 3783 2982 3839 in
3005 3784 3289 3842 omnibus
3318 3786 3483 3860 quod
3514 3785 3750 3858 sequitur
3769 3779 3898 3836 absur-

2363 3870 2529 3925 dum.
2553 3870 2611 3925 Si
2644 3871 2838 3927 unitas
2870 3871 3112 3929 alteram
3147 3872 3440 3930 unitatem
3471 3875 3716 3930 assumat
3737 3873 3780 3924 et
3814 3876 3899 3936 qua-

2363 3959 2656 4014 ternarius
2683 3959 2867 4016 alium
2892 3977 3231 4033 numerum,
3258 3967 3317 4020 et
3334 3963 3700 4020 intendantur
3723 3953 3900 4013 senarius

2363 4053 2466 4104 aut
2497 4048 2806 4121 quinarius
2835 4065 3141 4118 numerus,
3173 4050 3513 4108 absurdum
3547 4050 3715 4106 fuerit.
3737 4048 3898 4102 Rursus,

2362 4136 2412 4191 si
2433 4137 2851 4209 quaternarius
2885 4139 3059 4195 unius
3089 4140 3508 4198 remissionem
3540 4135 3799 4210 suscipiat.
3821 4127 3901 4202 qui-

2360 4226 2563 4283 narius
2585 4227 2692 4284 erit
2711 4230 3149 4300 quaternarius.
3170 4232 3375 4302 Neque
3397 4233 3557 4287 enim
3579 4229 3747 4286 unitas
3775 4217 3903 4278 remis-

2361 4315 2594 4372 sionem
2627 4317 2928 4390 suscipere
2958 4319 3192 4391 poterit.
3227 4320 3404 4384 Quod
3426 4321 3476 4376 si
3495 4319 3619 4376 ﬁeri
3645 4319 3901 4391 possetut?I1

2359 4495 2613 4553 nihilum
2650 4495 3074 4554 dissolveretur
3107 4513 3119 4564 ;
3153 4498 3320 4571 quod
3341 4500 3523 4556 etiam
3540 4493 3818 4556 absurdum
3833 4489 3897 4543 est.

2360 4594 2532 4661 Quod
2578 4595 2627 4652 si
2661 4595 2860 4653 unitas
2907 4595 3156 4654 alteram
3202 4597 3497 4655 unitatem
3541 4597 3790 4656 assumat,
3824 4584 3895 4640 duo

2356 4685 2502 4743 ﬁent
2536 4702 2550 4753 ς
2582 4690 2639 4742 et
2667 4686 2716 4742 si
2743 4687 3162 4759 quaternarius
3194 4687 3440 4746 unitatis
3501 4680 3897 4744 substractionem

2360 4774 2668 4848 suscipiat,
2713 4777 2960 4833 omnino
3014 4777 3308 4834 ternarius
3397 4792 3678 4834 numerus
3742 4762 3895 4826 evadet

2358 4865 2599 4922 Constat
2635 4864 2812 4936 igitur
2829 4865 3140 4938 quinarius
3167 4881 3290 4924 non
3316 4883 3390 4923 ex
3412 4865 3632 4923 unitate
3659 4864 3708 4919 et
3744 4856 3898 4927 quater-

2355 4955 2546 5026 nario,
2576 4955 2684 5012 sed
2712 4959 2910 5029 potius
2940 4973 3012 5012 ex
3053 4956 3285 5014 binario
3333 4961 3394 5014 et
3445 4955 3689 5014 ternario
3736 4966 3748 5016 ;
3783 4943 3898 5012 idque
3961 4971 3963 4976 ‘

2355 5045 2688 5102 secundum
2707 5050 3006 5103 naturam.

2424 5139 2477 5189 2.
2506 5137 2588 5190 Ex
2626 5135 2848 5208 quibus
2892 5135 3175 5192 omnibus
3241 5134 3493 5192 efﬁcitur
3533 5134 3595 5191 in
3647 5124 3898 5204 qualitatem

2353 5223 2566 5281 cadere
2587 5225 2982 5281 intensionem
3014 5225 3519 5292 etremissionem,
3535 5223 3592 5280 in
3605 5214 3898 5294 quantitatem

2351 5329 2494 5371 vero
2518 5329 2859 5387 nunquam.
2885 5317 3087 5371 Posset
3106 5315 3287 5381 enim,
3327 5314 3381 5368 si
3413 5315 3529 5370 hoc
3577 5321 3757 5367 verum
3787 5298 3896 5388 esset.

2350 5419 2458 5477 per
2485 5405 2881 5462 intensionem
2907 5408 2965 5460 et
3000 5404 3424 5462 remissionem
3447 5395 3784 5476 quantitatis,
3821 5397 3896 5484 Ψ

2346 5495 2556 5554 narius
2581 5509 2709 5552 esse
2738 5493 3155 5568 quaternarius
3179 5492 3476 5553 ternarius
3505 5497 3560 5548 et
3597 5487 3893 5560 septenarius:

2350 5585 2518 5660 quod
2545 5583 2725 5657 longe
2754 5583 3259 5646 adsurdissimum
3289 5586 3397 5646 est.
3437 5583 3548 5644 Par
3583 5574 3793 5654 quidem
3827 5574 3896 5622 Πα-

3216 1819 3401 1878 συνέϐη
3449 1821 3542 1895 ’γὰρ
3589 1815 3770 1872 ἐνταῦθα
3803 1822 3882 1888 7161'-
3962 1821 3963 1842 ³
