4066 6212
189 337 327 394 1329

213 549 318 606 ἐκεῖ
347 547 407 604 δὲ
432 553 620 622 ποσὸν,
667 551 824 605 λαϐὸν
863 559 1046 628 χώραν
1100 552 1386 618 ἐπιτάσεως
1430 560 1519 608 καὶ
1575 554 1820 621 ἀνὲσεως,

211 639 377 693 πολλά
429 643 595 717 ἔφερεν
653 640 825 698 ἄτοπα
885 662 897 676 ο
949 641 1164 708 ἐποίησε
1240 647 1342 720 γὰρ
1421 649 1516 706 τὴν
1592 643 1827 698 πεντάδα

212 726 418 785 ἔπτάδα
468 733 558 782 καὶ
612 727 776 793 ἕξάδα
833 736 924 786 καὶ
983 729 1231 806 τετράδα,
1292 739 1383 790 καὶ
1430 731 1644 811 τριάδα,
1699 734 1822 811 ὅπερ

209 819 403 876 ἄτοπον
428 823 518 874 καὶ
549 824 874 892 σοφιστικὸν.
921 828 1086 879 Τοῦτο
1137 827 1308 880 τοίνυν
1365 819 1451 878 δεῖ
1495 830 1626 881 νοεῖν
1683 825 1826 897 ἡμᾶς

208 913 297 963 καὶ
327 907 410 962 ἐπὶ
443 916 541 965 τῶν
594 909 853 984 ῥηθέντων
904 909 1088 967 λευκοῦ
1145 918 1234 966 καὶ
1277 911 1488 986 μέλανος
1547 934 1560 948 ο
1617 915 1682 968 r6:
1730 916 1820 987 μεν

207 1001 340 1053 ποιὰ
389 997 738 1067 ἁλλοιοῦνται,
783 996 844 1053 δε
917 1005 1080 1056 ποσὸν
1139 999 1386 1060 οὐδέποτε
1439 1002 1730 1060 ἀλλοιοῦτοι
1803 1041 1817 1057 .

207 1085 456 1163 οὐδὲγὰρ
484 1087 722 1152 ἐπίτασις
747 1095 836 1144 καὶ
860 1088 1035 1154 ἄνεσις
1093 1089 1139 1144 ἐν
1187 1101 1356 1165 ποσῷ,
1409 1092 1518 1148 ἀλλ’
1566 1099 1680 1152 ἴσον
1731 1113 1822 1181 καἱ

207 1176 414 1237 ἄνισον.
459 1177 519 1233 Εἰ
572 1181 664 1252 μεν
719 1185 806 1232 οῦν
865 1178 960 1239 ὕλη
1018 1182 1086 1234 1'6:
1137 1183 1426 1256 πράγματα
1487 1176 1815 1268 θεωροῦνται,

208 1276 322 1331 τοῖς
346 1273 486 1342 τρισὶ
537 1273 729 1344 πέρασι
777 1276 869 1321 τοῦ
920 1277 1089 1326 ποσοῦ
1133 1271 1520 1347 περικλείεσθαι
1577 1274 1821 1348 θεωροῦν-

208 1379 302 1412 ται
358 1379 370 1393 ·
430 1359 488 1411 66
536 1361 638 1432 γὰρ
694 1356 966 1433 ἁμειφθείη
1021 1365 1077 1414 r6
1137 1369 1230 1414 τοῦ
1285 1361 1502 1438 ἀλεύρου
1561 1360 1816 1436 μεδίμνου

207 1451 377 1502 ποσὸν
411 1453 483 1510 εὶς
502 1450 561 1500 τὸ
593 1455 687 1509 τῆς
727 1452 920 1509 σηπίας
964 1451 1163 1504 κυάθου
1212 1449 1368 1524 μέλαν
1424 1454 1609 1516 ποσὸν,
1661 1450 1815 1525 ἄμει-

207 1537 301 1609 ψις
328 1533 380 1590 δ’
410 1535 602 1609 ἐγένετο
628 1538 844 1604 τούτων,
884 1545 974 1593 καὶ
1021 1548 1082 1613 τῇ
1142 1538 1352 1613 ἀμείψει
1383 1539 1570 1600 συνέϐη
1609 1541 1811 1614 ὕφεσις,

207 1626 258 1681 ἓν
286 1626 409 1700 ἡλλη
461 1622 522 1680 δε
570 1630 799 1685 ποιότηπ
831 1631 1039 1690 ποίότης
1096 1628 1348 1683 ἐνωθεῖσα
1401 1629 1549 1703 ἑτέρα
1596 1634 1813 1688 ποιήσει

203 1715 469 1785 ἐπίτασιν,
500 1715 605 1770 οἷον
643 1714 824 1790 ἄρτιος
857 1717 882 1769 ὁ
934 1722 1191 1792 τέσσαρα,
1257 1717 1347 1772 καί
1393 1719 1420 1772 6
1471 1714 1588 1784 δυο,
1638 1723 1728 1772 καὶ
1785 1723 1818 1774 6'

200 1809 297 1878 μὲν
339 1805 607 1880 ἰσομερὴς,
659 1805 684 1858 ὁ
737 1801 796 1858 δε
852 1812 1148 1882 προμήκης.
1205 1806 1416 1862 ’Ἂνισοι
1467 1815 1594 1881 γοῦν
1636 1808 1810 1863 καὶεί
1881 1825 1921 1880 Β

199 1894 478 1961 ἓνωθῶσιν,
507 1891 718 1955 ἀλλοίως
740 1903 958 1966 γεννῶσι
981 1900 1070 1949 καὶ
1101 1898 1130 1950 6
1181 1893 1280 1950 δύο
1329 1901 1420 1952 καὶ
1473 1897 1499 1950 6
1553 1901 1804 1972 τέσσαρα,

196 1990 291 2038 καὶ
313 1983 534 2058 ἁμειφθῇ
583 1984 674 2056 μὲν
741 1985 766 2036 6
827 1984 1076 2059 ἰσομερὴς
1121 1986 1191 2050 εὶς
1247 1991 1332 2048 r69
1385 1991 1658 2062 προμήκη,
1716 1992 1806 2042 καὶ

193 2076 333 2126 κατὰ
369 2076 458 2147 μὲν
483 2080 634 2126 τοῦτο
697 2073 900 2137 ἀλλοῖος
943 2080 1241 2148 γενήσεται,
1299 2081 1578 2152 προμήκης
1623 2078 1726 2150 γὰρ
1790 2097 1804 2110 ·

191 2166 330 2219 κατὰ
361 2160 420 2218 δε
447 2167 506 2218 τὸ
569 2164 770 2238 ἄρτιον,
833 2163 938 2217 οὔτ’
987 2163 1136 2228 ἄλλος
1185 2169 1302 2220 οὔτε
1351 2164 1568 2226 ἀλλοῖος.
1625 2164 1800 2240 ἄρτιοι

190 2257 298 2327 γὰρ
329 2259 418 2308 καὶ
447 2256 496 2307 οἱ
529 2253 854 2314 συνελθόντες
884 2258 975 2308 καὶ
1015 2256 1040 2307 6
1086 2255 1139 2319 ἐξ
1176 2259 1365 2322 αὐτῶν,
1421 2257 1555 2310 ὥστε
1605 2259 1661 2308 τὸ
1709 2258 1800 2328 μεν

193 2362 346 2397 ποιον
399 2349 489 2397 καὶ
542 2344 797 2406 ἠλλοιώθη
859 2341 1040 2397 ἐνθαδί
1089 2349 1178 2398 καὶ
1227 2343 1462 2398 ἕπίτασιν
1519 2343 1686 2413 ἔλαϐε,
1741 2348 1800 2398 τὸ

200 2430 264 2486 δε
288 2435 447 2485 ποσὸν
476 2433 570 2486 οὐκ
599 2431 858 2491 ἠλλοιώθη
884 2454 896 2466 ·
938 2434 1123 2496 πάντες
1152 2435 1253 2506 γὰρ
1294 2436 1352 2486 τὸ
1399 2433 1584 2486 οἰκεῖον
1638 2435 1800 2486 ποσὸν

201 2521 584 2595 παρεφύλαξαν,
614 2522 638 2574 6
673 2519 769 2575 δύο
793 2525 852 2574 r6
893 2519 1012 2589 δὺο,
1063 2524 1090 2576 6
1151 2527 1388 2598 τέσσαρα
1433 2526 1492 2575 τὸ
1543 2525 1797 2597 τέσσαρα,

207 2615 300 2666 καὶ
342 2609 367 2666 ὁ
415 2611 466 2678 ἕξ
519 2615 575 2666 r6
622 2611 674 2676 ἑξ
729 2608 878 2680 εἶναι,
936 2615 993 2665 r6
1053 2609 1112 2666 δὲ
1169 2615 1316 2666 ποιὸν
1383 2611 1636 2671 ἠλλοιώθη
1667 2669 1674 2674 η
1709 2615 1799 2666 καὶ

169 2830 372 2874 merus
401 2831 540 2874 cum
584 2815 803 2890 impari
851 2815 1220 2890 compositus
1253 2814 1453 2886 ἠἱὶιίὶς
1470 2815 1817 2872 inusitatum

167 2905 484 2962 constituit.
525 2905 616 2964 Sic
639 2906 799 2963 enim
826 2906 947 2962 duo
977 2910 1113 2962 sunt
1144 2920 1381 2979 semper
1409 2905 1529 2961 duo
1558 2923 1571 2974 ;
1605 2907 1661 2960 et
1681 2903 1813 2970 tria,

162 2995 276 3052 tria
308 3014 322 3065 ;
349 2995 617 3068 quodest
636 2995 986 3070 quantitatis
1005 2995 1327 3069 proprium.
1343 2997 1492 3051 Nam
1515 2993 1578 3049 hi
1599 3008 1813 3048 nume-

1037 339 1393 398 THEODORI
1430 339 1478 397 II
1514 337 1658 397 IMP.
1701 341 1791 400 DE
1829 340 2288 403 COMMUNIONE
2327 347 2678 406 NATURALI

213 464 395 534 ὕφεσις
445 468 573 533 γοῦν
625 460 845 518 ἐνταῦθα
887 471 986 517 τῶν
1043 469 1335 524 ποιοτήτων
1377 469 1467 520 καὶ
1518 465 1823 533 ἀλλοίωσις,
1884 473 1930 522 Α
1990 463 2211 528 ἑπέταθη

3445 357 3584 416 i330

2270 491 2285 505 ·
2331 473 2357 524 6
2415 475 2516 547 γὰρ
2574 478 2872 547 προμήκης,
2930 473 3096 528 λαϐὼν
3169 479 3258 530 τὸν
3353 479 3594 557 ἰσομερῆ,

1988 556 2204 629 ἧμειψεν
2270 560 2424 614 αὐτόν
2481 563 2554 624 εἰς
2590 566 2648 616 r6
2703 568 2988 637 πρόμηκες,
3042 564 3086 616 εὶ
3134 561 3193 619 δὲ
3237 572 3325 621 καὶ
3399 556 3510 624 ὄτιγ
3560 573 3590 630 ἡ

1987 665 2020 697 α
2051 643 2149 718 βγ
2196 655 2285 710 τῆς
2324 649 2361 724 β
2416 672 2450 723 7
2507 651 2687 716 ἄνισος
2737 659 2827 706 καὶ
2889 653 3072 707 ἀλλοία
3124 662 3240 730 εἴπῃ
3311 678 3405 724 τις,
3463 660 3594 724 iam;

1983 737 2134 788 ἔσται
2164 736 2222 788 09’
2256 734 2350 791 διὰ
2395 745 2488 800 τὴν
2536 740 2777 796 ἇπίτασιν
2836 744 2865 804 ἦ
2926 747 3020 803 τὴν
3069 745 3266 814 ἄνεσιν,
3326 746 3452 801 ἀλλὰ
3499 746 3594 804 διὰ

1983 827 2043 876 τὸ
2077 825 2255 898 μεῖζον
2281 833 2370 881 καὶ
2399 833 2456 882 1'6
2485 829 2693 886 ἔλαττον
2727 853 2740 866 ·
2772 839 2926 886 τοῦτο
2954 835 3053 904 γὰρ
3101 833 3158 886 οὐ
3217 842 3408 904 ποσοῦ,
3463 835 3592 890 ἀλλὰ

1981 921 2075 968 τοῦ
2119 919 2249 991 πρὸς
2295 937 2367 985 τι,
2435 921 2504 982 ὡς
2560 925 2649 974 καὶ
2704 920 3066 997 Ἀριστοτέλης
3128 925 3176 986 ἓν
3235 930 3591 1002 Κατηγορίαις

1984 1008 2163 1076 φησίν.
2217 1009 2351 1060 Οὔτε
2393 1010 2516 1082 γὰρ,
2568 1012 2702 1064 κατὰ
2748 1015 2836 1063 τὸν
2893 1013 3054 1064 αὑτοῦ
3109 1010 3280 1083 λόγον,
3351 1012 3589 1078 ὶπίτασις

1980 1097 2071 1147 καὶ
2118 1092 2294 1158 ἄνεσις
2345 1104 2436 1150 τοῦ
2488 1106 2655 1152 ποσοῦ
2721 1101 2803 1153 61':
2853 1107 2945 1162 τῆς
2994 1104 3286 1170 ποιότητος,
3347 1102 3464 1157 οὔτε
3529 1108 3587 1158 1'6

1979 1186 2116 1257 μέγα
2165 1188 2254 1237 καὶ
2307 1188 2367 1238 r6
2396 1190 2582 1263 μικρὸν
2627 1190 2705 1242 6r:
2730 1195 2823 1242 τοῦ
2861 1193 2992 1264 πρὸς
3047 1209 3118 1259 τι,
3173 1187 3311 1244 ἴδιον
3380 1189 3439 1246 δὲ
3494 1202 3586 1247 τοῦ

1978 1270 2147 1327 ποσοῦ
2169 1277 2226 1327 r6
2258 1273 2435 1329 ἄνισον
2460 1281 2549 1330 καὶ
2576 1281 2633 1332 r6
2685 1275 2818 1350 ἴσον,
2876 1286 3029 1353 εῡρης
3077 1275 3138 1332 δὲ
3183 1285 3272 1333 καὶ
3315 1278 3364 1333 ἐν
3412 1281 3588 1344 ἄλλοις

1980 1361 2070 1416 εἶτ’
2100 1366 2338 1418 ἐπίτασιν
2370 1366 2460 1419 εῖτ1
2486 1367 2660 1420 ἄνεσιν
2687 1376 2779 1420 τοῦ
2805 1376 2978 1434 ποιοῦ,
3030 1375 3121 1421 τοῦ
3175 1377 3343 1422 ποσοῦ
3395 1367 3453 1424 δὲ
3506 1369 3585 1425 ἀεὶ

1978 1454 2037 1503 τὸ
2063 1447 2196 1520 ἴσον,
2227 1457 2285 1506 r6
2319 1453 2516 1520 6:9:0'09,
2547 1455 2682 1509 ὥστε
2706 1457 2883 1520 ἄνισος
2905 1460 2995 1509 καὶ
3034 1458 3060 1509 6
3118 1455 3172 1520 ἔξ
3220 1462 3310 1511 καὶ
3366 1459 3392 1511 6
3455 1456 3585 1513 δέκα

1977 1543 2113 1593 κατά
2132 1545 2190 1594 1'6
2222 1546 2405 1612 ποσὸν,
2429 1542 2625 1607 ἀλλοῖος
2656 1542 2715 1599 δε
2740 1548 2876 1598 κατὰ
2902 1549 2960 1598 τὸ
2982 1549 3130 1598 ποιόν
3155 1566 3168 1579 ο
3210 1551 3302 1598 καὶ
3350 1545 3490 1612 ὁξώδ
3493 1568 3582 1610 ους

1975 1633 2248 1689 ποιότητοε
2313 1629 2428 1692 εῐδη
2491 1633 2653 1688 πολλὰ
2679 1633 2739 1687 οἶν
2771 1632 2831 1686 6:9
2893 1635 3047 1707 εὕρῃς
3103 1633 3440 1708 ἐπιτεταμίνα
3490 1642 3582 1689 καὶ

1976 1717 2222 1792 ὑφειμένα
2276 1728 2370 1792 τῷ,
2417 1731 2566 1793 ποσῷ
2644 1718 2693 1775 δ’
2775 1729 2856 1790 οὗ,
2929 1721 3034 1774 ἀλλ’
3097 1719 3190 1775 ἶσα
3251 1728 3341 1776 καὶ
3398 1723 3578 1792 ἄνισα,

1975 1812 2069 1871 Τίς
2095 1805 2154 1864 δὲ
2183 1812 2248 1863 r6:
2267 1815 2340 1884 μὴ
2373 1808 2589 1884 ὁμοειδῆ
2626 1817 2913 1888 συγκρίνει,
2957 1810 3083 1864 ἀλλὰ
3119 1813 3184 1866 τοί
3240 1810 3497 1886 ἓτεροειδῆ
3563 1836 3578 1850 ο

1979 1903 2080 1952 Καὶ
2125 1903 2420 1974 συκομορία
2481 1903 2680 1976 σμικροί
2728 1900 2932 1974 lytra:
2980 1906 3068 1954 καὶ
3132 1901 3305 1974 μεὶξον
3381 1902 3578 1975 κλῆμα,

1975 1989 2110 2041 ὥστε
2135 1991 2270 2042 κατά
2314 1992 2371 2044 τὸ
2428 1989 2584 2044 αὐτὸν
2645 1994 2836 2062 ¹χρόνον
2887 1993 2946 2044 τὸ
3001 1989 3126 2043 αὐτὸ
3178 1997 3398 2064 πρᾶγμα
3443 1996 3577 2064 μέγα

1965 2081 2056 2129 καὶ
2085 2080 2294 2152 μικρὸν,
2337 2082 2426 2131 καὶ
2477 2075 2699 2132 ἐναντίον
2758 2078 2885 2131 αὐτό
2942 2079 3013 2141 εἷς
3067 2077 3242 2148 ἑαυτὸ,
3301 2078 3423 2154 ὅπερ
3471 2088 3574 2133 τῶν

1965 2163 2255 2223 ἀδυνάτων.
2281 2169 2358 2221 Τά
2386 2171 2475 2242 μεν
2510 2165 2596 2222 οὖν
2625 2169 2722 2222 τῶν
2753 2167 2802 2221 ἓν
2832 2171 3032 2242 εγεύσει
3085 2187 3144 2222 το
3203 2173 3295 2222 καὶ
3365 2171 3569 2243 ὁράσει,

1965 2255 2125 2328 ἤγουν
2175 2256 2516 2328 γλυκύτητος,
2570 2257 2910 2321 ἀλυκύτητος,
2983 2260 3316 2333 θερμότητος,
3361 2258 3573 2335 ψυχρό-

1963 2365 2138 2412 τητος,
2181 2345 2492 2410 λευκότητος
2547 2355 2652 2401 οῖον
2701 2353 2788 2401 καὶ
2839 2347 3075 2420 μέλανος,
3134 2345 3294 2410 ἀκοῆς
3347 2367 3401 2400 τε
3481 2353 3570 2402 καὶ

1964 2432 2117 2506 ἀφῇς,
2146 2439 2321 2507 τροιχύ
2344 2440 2433 2491 καὶ
2483 2435 2634 2506 λεῖον,
2695 2441 2784 2489 καὶ
2842 2437 2907 2488 τά
2955 2435 3003 2488 ἐν
3043 2435 3299 2510 ὀσφρήσει
3345 2432 3565 2496 δυσώδη

1961 2527 2053 2576 καὶ
2101 2519 2271 2583 εὐώδη
2326 2528 2416 2578 καὶ
2458 2528 2596 2598 μέσα
2650 2529 2739 2578 καὶ
2789 2520 3181 2586 ἀναποδείκτως
3233 2529 3262 2585 ἠ
3330 2522 3572 2598 ὶνοὲργεια

1965 2607 2120 2671 δηλοῖ
2143 2611 2223 2666 ὃτι
2252 2632 2345 2691 περ
2367 2620 2458 2668 τοῦ
2484 2620 2658 2682 ποιοῦ,
2687 2614 2873 2678 ὁποίως
2904 2609 2964 2668 δέ
2991 2616 3080 2666 καὶ
3131 2613 3198 2666 τά
3261 2619 3360 2666 τῶν
3421 2631 3572 2686 χρω-

1927 2815 2201 2887 partibus
2221 2821 2503 2875 constans
2535 2818 2597 2876 in
2629 2817 2815 2875 altera
2845 2820 3014 2891 parte
3049 2816 3381 2888 longiorem
3408 2831 3579 2874 com-

1927 2909 2182 2963 mutatus
2196 2905 2389 2963 fuerit.
2404 2907 2826 2980 Atqueidcirco
2841 2905 3152 2962 aliusmodi
3166 2904 3396 2970 evadet,
3412 2919 3580 2962 nem-

1927 3010 2002 3068 pe
2032 2996 2217 3052 altera
2241 3002 2410 3069 parte
2438 2996 2690 3068 longior,
2715 2996 2828 3052 Sed
2851 2997 2902 3052 si
2925 2996 3038 3052 hos
3061 3008 3346 3050 mmeros
3375 2996 3582 3062 quate-

155 3086 212 3142 ri
223 3085 922 3158 permanseruutetiamsi
935 3083 1334 3158 aequalitatem
1374 3081 1810 3156 etinaaqualita-
1843 3075 1883 3130 C
1927 3098 2042 3138 nus
2061 3089 2390 3157 suntpares
2410 3085 2975 3156 consideres,neque
2988 3082 3291 3153 aliineque
3307 3079 3578 3136 aliusmo-

157 3180 282 3231 tem
316 3174 704 3248 susceperint.
748 3174 862 3230 Sed
893 3190 1030 3230 cum
1062 3173 1319 3247 qualitas
1349 3189 1487 3228 cum
1527 3171 1814 3245 qualitate

157 3264 497 3336 copulatur,
523 3263 748 3318 exsistit
802 3262 987 3319 altera
1055 3263 1233 3318 mista
1283 3261 1561 3334 qualitas,
1614 3264 1812 3334 Neque

154 3353 322 3408 enim
353 3368 462 3425 par
509 3367 796 3408 numerus
825 3353 990 3408 omni
1015 3368 1087 3408 ex
1126 3356 1292 3424 parte
1348 3351 1574 3408 exsistit
1617 3366 1814 3423 neque

155 3442 362 3514 impar
396 3441 498 3514 qui
529 3457 649 3498 non
671 3442 850 3498 etiam
886 3442 1089 3514 aliqua
1113 3458 1187 3498 ex
1213 3446 1380 3514 parte
1411 3456 1539 3514 par.
1577 3442 1675 3496 Hic
1705 3440 1812 3510 igi-

157 3535 259 3588 tur
288 3535 376 3587 est
403 3531 756 3603 qualitatem
780 3531 1050 3587 remissio
1073 3535 1129 3586 et
1161 3530 1572 3587 commutatio.
1607 3533 1678 3585 At
1696 3528 1814 3587 illic

153 3619 906 3692 quantitatciutcnsionem
931 3619 1418 3676 etremissionem
1450 3619 1812 3690 suscipiente

149 3709 354 3766 multa
382 3709 648 3765 absurda
676 3708 1061 3766 exsistebant.
1115 3713 1263 3766 Nam
1296 3725 1368 3764 ex
1425 3708 1525 3764 illa
1585 3708 1813 3765 ratione

147 3799 471 3872 quinarius
501 3801 628 3854 erat
693 3799 1098 3871 septenarius,.
1151 3798 1440 3868 senarius,
1497 3799 1812 3869 quaterna-

143 3889 303 3956 rius,
335 3887 630 3943 ternarius
659 3887 823 3960 quod
845 3893 932 3944 est
959 3886 1291 3944 absurdum
1320 3891 1375 3942 et
1395 3885 1811 3957 sophisticum.

147 3977 284 4032 Hoc
313 3975 492 4046 igitur
521 3975 905 4032 considerare
922 3991 1036 4032 nos
1053 3979 1288 4047 oportet
1313 3974 1490 4032 etiam
1512 3973 1571 4029 in
1597 3973 1814 4046 praedi-

145 4065 288 4135 ctis,
322 4064 459 4122 albo
494 4064 718 4122 scilicet
747 4069 804 4121 et
831 4065 1026 4135 nigro.
1059 4068 1208 4121 Nam
1235 4063 1521 4136 qualitate
1563 4062 1814 4136 praedita

143 4154 458 4228 qualitatis
480 4154 1012 4211 commutationem
1068 4154 1407 4226 suscipiunt
1458 4153 1812 4220 Quantitatis

142 4259 296 4301 vero
311 4244 478 4301 nulla
493 4249 687 4316 potest
701 4259 830 4300 esse
847 4245 1144 4315 ejusmodi
1173 4242 1586 4315 commutatio,
1622 4258 1814 4316 quan-

143 4333 484 4405 doquidem
513 4333 574 4388 in
605 4333 936 4406 quantitate
953 4333 1213 4390 intensio
1234 4339 1291 4388 et
1319 4333 1592 4389 remissio
1613 4332 1813 4388 locum

1925 3171 1986 3228 di
1998 3173 2322 3228 evadent.N
2329 3189 2422 3228 am
2433 3172 2536 3246 qui
2549 3172 2807 3246 copulati
2819 3171 3117 3228 suntinter
3130 3168 3425 3225 senumeri
3442 3173 3579 3225 sunt

1924 3276 2119 3333 pares,
2147 3265 2200 3317 et
2214 3261 2318 3335 qui
2339 3277 2411 3318 ex
2434 3262 2574 3334 ipsis
2591 3261 2961 3333 compositus
2974 3264 3081 3330 est,
3095 3263 3183 3315 est
3199 3273 3328 3332 par.
3349 3258 3578 3325 Quam-

1921 3350 2132 3406 obrem
2157 3349 2216 3406 in
2257 3350 2348 3406 his
2386 3349 2645 3424 qualitas
2682 3349 2928 3429 quidem
2991 3351 3363 3404 commutata
3400 3352 3492 3404 est
3523 3351 3579 3403 et

1921 3439 2320 3496 intensioncm
2359 3437 2962 3512 suscepit,quantitas
2991 3453 3131 3493 vero
3162 3452 3284 3493 non
3308 3439 3395 3492 est
3415 3451 3578 3491 com-

1923 3533 2168 3585 mutata.
2194 3531 2415 3585 Omnes
2446 3530 2606 3586 enim
2629 3545 2803 3585 suam
2834 3527 3229 3602 quantitatem
3260 3541 3578 3582 conserva-

1921 3622 2078 3688 ruut,
2102 3620 2182 3675 ita
2205 3624 2270 3674 ut
2298 3618 2421 3676 duo
2443 3619 2562 3676 sint
2589 3619 2710 3676 duo
2741 3637 2756 3672 :
2796 3620 3574 3692 quatuor,quatuor,etscx,

1923 3724 2045 3765 sex.
2062 3707 2401 3781 Atqualitas
2413 3713 2782 3768 commutata
2795 3713 2885 3765 est
2897 3708 3217 3764 etintensa.
3233 3706 3376 3763 Nam
3392 3705 3578 3763 altera

1922 3801 2088 3868 parte
2109 3796 2344 3866 longior
2367 3803 2748 3870 assumptum
2770 3812 3090 3854 numerum
3145 3812 3220 3852 ex
3241 3793 3577 3870 aequalibus

1921 3885 2191 3959 partibus
2220 3891 2613 3956 constantem,
2633 3886 2874 3943 mutavit
2896 3885 2957 3942 in
2969 3885 3332 3958 alteraparte
3346 3883 3578 3956 longio-

1921 3990 2049 4030 rem
2073 3990 2409 4032 numerum.
2443 3975 2615 4042 Quod
2636 3975 2682 4030 si
2697 3975 2830 4048 quis
2843 3973 3234 4031 dicatlineam
3264 3987 3301 4030 a
3325 3974 3356 4028 ὁ
3381 3988 3412 4028 c
3432 3971 3578 4044 quia

1921 4069 2011 4120 est
2039 4064 2351 4138 inaqualis
2380 4065 2551 4121 linem
2583 4065 2616 4120 b
2634 4080 2665 4122 c
2685 4064 2865 4121 etiam
2891 4064 3014 4120 fore
3037 4063 3288 4120 fortasse
3310 4061 3576 4118 dissimi-

1919 4152 2040 4210 lem
2058 4171 2072 4220 ;
2087 4154 2523 4226 respondemus
2545 4154 2658 4210 hoc
2671 4168 2792 4208 non
2807 4152 3077 4209 accidere
3093 4156 3198 4208 aut
3217 4156 3461 4224 propter
3479 4149 3577 4204 in-

1920 4241 2255 4298 tensioncm
2270 4246 2373 4298 aut
2388 4242 2827 4310 remissionem,
2841 4241 2949 4298 sed
2964 4245 3203 4314 propter
3227 4239 3372 4302 illud
3409 4236 3577 4311 quod

1922 4337 2013 4388 est
2044 4332 2240 4402 majus
2261 4335 2316 4388 et
2349 4333 2550 4388 minus
2582 4349 2595 4398 ;
2624 4331 2792 4404 quod
2829 4330 3078 4402 quidem
3116 4344 3239 4384 non
3265 4327 3344 4385 ad
3372 4342 3578 4401 quan-

142 4437 284 4479 non
313 4421 559 4491 habent,
589 4423 692 4480 sed
713 4423 944 4496 aequale
974 4427 1030 4479 et
1058 4421 1374 4494 inaequale.
1415 4422 1472 4478 Si
1516 4421 1695 4492 igitur
1741 4438 1812 4477 ex
1850 4438 1890 4493 ο
1923 4421 2176 4487 titatem,
2205 4421 2310 4476 sed
2362 4420 2442 4476 ad
2480 4420 2831 4476 relationem
2893 4419 3147 4493 pertinet
3184 4416 3579 4492 quemadmo-

146 4511 404 4569 materia
417 4527 508 4567 res
521 4511 824 4568 naturales
842 4511 1413 4579 considerantur,his
1427 4510 1614 4566 tribus
1625 4526 1811 4583 quan-

146 4601 337 4657 titatis
364 4599 631 4656 terminis
653 4600 1064 4658 circumscribi
1089 4606 1145 4657 et
1171 4599 1446 4656 concludi
1468 4607 1810 4655 cernuntur.

143 4691 361 4762 Neque
399 4690 561 4746 enim
590 4691 950 4749 commutari
1003 4691 1219 4764 poterit
1267 4689 1558 4746 medimni
1604 4688 1811 4745 farinae

143 4779 460 4853 quantitas
483 4779 543 4836 in
565 4780 1019 4851 cyathinigrum
1042 4780 1221 4853 sepiae
1248 4777 1605 4848 sanguinem
1627 4780 1812 4833 conti-

138 4867 349 4926 nentis
375 4869 795 4940 quantitatem,
829 4870 934 4926 sed
987 4869 1179 4943 potuit
1239 4868 1299 4923 in
1351 4867 1443 4922 his
1509 4866 1809 4939 qualitatis

134 4955 432 5014 exsistere
454 4956 658 5030 aliqua
670 4958 1080 5026 commutatio,
1098 4971 1284 5029 quam
1299 4955 1535 5028 quidem
1553 4971 1812 5012 commu-

125 5043 432 5101 tationem
455 5050 782 5102 consecuta
821 5052 908 5102 est
931 5044 1206 5102 remissio
1245 5048 1301 5100 et
1324 5043 1596 5099 intensio.
1632 5046 1809 5100 Porro

120 5131 401 5206 qualitas
437 5132 625 5189 altera
663 5151 802 5190 cum
841 5135 1030 5191 altera
1083 5132 1364 5205 copulata
1413 5133 1809 5190 intensionem

119 5221 377 5289 efﬁciet,
396 5227 729 5295 utquatuor
743 5229 1122 5280 estnumerus
1141 5238 1268 5295 par,
1288 5222 1544 5294 itemque
1556 5222 1807 5281 duo.At-

113 5328 260 5386 que
285 5311 380 5370 ille
403 5313 650 5385 quidem
681 5329 755 5370 ex
780 5313 1118 5386 aequalibus
1139 5312 1416 5385 partibus
1441 5316 1692 5376 constat,
1714 5313 1807 5368 hic

117 5418 284 5460 vero
303 5402 488 5459 altera
513 5409 679 5476 parte
693 5404 1054 5475 estlongior.
1082 5405 1230 5461 Sunt
1250 5403 1430 5473 igitur
1455 5402 1784 5476 inaequales

124 5492 316 5558 Quod
347 5491 397 5548 si
419 5491 542 5550 duo
571 5493 634 5550 hi
663 5494 899 5550 numeri
925 5491 1188 5566 copulati
1215 5491 1447 5558 fuerint,
1481 5491 1803 5550 aliusmodi

130 5580 426 5638 evadent.
463 5581 917 5655 Copulabuntur
940 5582 1100 5638 enim
1155 5580 1425 5638 binarius
1471 5584 1529 5637 et
1565 5585 1797 5653 quater-

133 5668 678 5732 nariusnumerus;
708 5675 790 5730 Ac
815 5669 1357 5744 numerusquidem
1370 5685 1444 5728 ex
1466 5669 1807 5743 :equalibus

1922 4509 2070 4566 dum
2109 4510 2289 4566 etiam
2310 4509 2652 4567 Aristoteles
2680 4509 2742 4565 in
2771 4509 3091 4580 Categoriis
3121 4507 3313 4564 docet.
3338 4509 3404 4564 Ut
3424 4505 3578 4562 enim

1920 4599 2176 4655 intensio
2203 4604 2256 4655 et
2273 4599 2545 4656 remissio
2567 4615 2690 4655 non
2716 4599 2944 4656 ratione
2965 4596 3336 4672 quantitatis,
3356 4596 3461 4652 sed
3482 4610 3579 4651 ra-

1922 4689 2082 4744 tione
2105 4688 2405 4761 qualitatis
2433 4688 2614 4744 rebus
2644 4688 2944 4754 accidunt,
2977 4688 3060 4744 ita
3083 4687 3260 4743 etiam
3291 4699 3576 4756 magnum

1922 4782 1979 4834 et
2003 4794 2262 4850 parvum
2279 4794 2402 4836 non
2413 4778 2642 4835 ratione
2654 4775 3000 4850 quantitatis
3022 4773 3456 4846 autqualitatis,
3471 4770 3578 4826 sed

1920 4869 2150 4925 ratione
2181 4867 2484 4925 relationis
2511 4868 2692 4925 rebus
2732 4866 3031 4923 accidunt.
3102 4868 3176 4919 At
3228 4859 3578 4934 quantitatis

1920 4957 2154 5031 aequale
2175 4963 2230 5014 et
2255 4953 2552 5030 inaequale
2577 4956 2893 5030 proprium
2923 4959 3028 5010 est.
3063 4955 3126 5008 in
3154 4951 3284 5008 aliis
3331 4965 3578 5024 quoque

1921 5047 2101 5104 rebus
2132 5045 2612 5103 animadvertere
2635 5045 2834 5117 possis
2853 5041 3254 5099 intensioncm
3283 5045 3340 5096 et
3367 5040 3578 5096 remis-

1923 5136 2154 5192 sionem
2186 5151 2316 5191 esse
2345 5133 2668 5207 qualitatis,
2702 5131 2934 5205 aequale
2984 5146 3128 5186 vero
3177 5133 3233 5185 et
3283 5129 3580 5204 inaequale

1923 5241 2160 5298 semper
2189 5225 2266 5282 ad
2293 5224 2688 5297 quantitatem
2721 5222 3034 5294 pertinere.
3077 5222 3275 5286 Quare
3306 5219 3580 5277 senarius

1922 5319 1979 5370 et
2003 5314 2286 5390 denarius
2303 5328 2592 5368 numerus
2618 5316 2756 5368 sunt
2775 5308 3102 5382 inaequales
3123 5325 3198 5365 ex
3226 5310 3578 5380 quantitate,

1921 5402 2242 5458 dissimiles
2273 5417 2413 5457 vero
2435 5405 2572 5458 sunt
2623 5417 2697 5457 ex
2752 5399 3060 5474 qualitate.
3121 5401 3205 5454 Ac
3268 5397 3580 5454 odoriferae

1921 5493 2228 5564 qualitatis
2259 5491 2450 5550 multa
2521 5507 2741 5562 genera
2787 5489 3042 5564 reperire
3103 5487 3297 5561 possis
3347 5487 3581 5542 intensa

1924 5587 1978 5640 et
2005 5583 2263 5638 remissa
2285 5598 2358 5638 ex
2387 5581 2696 5656 qualitate,
2729 5579 2986 5654 mqualio
3006 5592 3149 5634 vero
3179 5580 3235 5632 et
3262 5573 3580 5646 inaequalia

1920 5686 1994 5732 ex
2031 5671 2386 5746 quantitate.
2415 5671 2558 5739 Quis
2581 5677 2785 5732 autem
2822 5671 3138 5740 comparat
3183 5665 3342 5724 inter
3387 5677 3451 5719 se
3477 5660 3582 5718 illa
