4066 6212
570 351 701 403 1331

2095 337 2447 394 ADDENDA.

3762 352 3856 406 £332

597 474 793 546 μάτων,
828 465 1014 529 οὐδεὶς
1056 469 1155 539 γάρ
1208 465 1370 540 ἐρωτᾷ
1420 464 1467 517 ἐν
1520 474 1592 538 τῷ
1654 471 1889 538 τριγώνῳ
1930 472 2002 534 τῷ
2043 459 2194 533 δείνῳ
2252 464 2300 517 Α
2356 480 2444 513 και
2472 464 2807 536 ἐπιφάσνειαν
2829 484 2918 516 και
2960 469 3183 537 στερεόν.
3244 470 3420 518 Σκόπει
3461 462 3514 519 δὲ
3558 471 3607 518 τὸ
3642 465 3843 544 διάφορον,

595 559 777 629 λευκῷ,
810 563 980 615 πόσην
1011 558 1071 608 οἷν
1128 557 1228 627 ἔχη
1294 560 1386 613 τὴν
1446 555 1732 613 λευκότητα
1785 556 1810 605 ό
1868 553 2025 604 αὐτοῦ
2080 550 2195 603 ἐπι-

598 650 777 720 φάνεια
800 649 929 717 πρὸς
947 648 1003 697 τό
1039 642 1185 697 δεῖνα
1228 666 1240 677 ·
1294 647 1352 696 τό
1412 647 1512 717 γάρ
1564 648 1726 696 ποσὸν
1776 649 1961 696 ποσοῦ.
2011 644 2080 692 Τὸ
2137 635 2195 691 δὲ

596 737 869 809 λευκόν-ἐρα
919 737 1105 787 τούτου
1162 734 1193 792 ἣ
1250 733 1440 785 ἐκείνου
1520 741 1610 785 τοῦ
1665 739 1915 806 τριγώνου
1986 732 2015 789 ἡ
2083 729 2194 781 ἐπι-

598 829 776 899 φάνεια
811 822 1241 884 ἓπιτάσεως.Τῆς
1288 828 1563 886 ποιότητος
1607 831 1731 894 γοῦν
1786 824 1816 879 ἡ
1870 820 2123 895 ἐρώτησις
2178 839 2191 852 σ

598 914 767 973 ἄνεσις
803 915 902 985 κάρ
924 918 1014 964 καὶ
1046 911 1284 973 ἐπίτασις
1336 920 1427 964 τοῦ
1468 920 1641 967 ποιοῦ.
1710 915 1831 985 Περὶ
1883 907 1942 962 δὲ
1991 918 2090 960 τῶν
2147 907 2194 959 ἐν

599 1004 803 1079 ἀριθμῷ
829 1007 1011 1059 ποιοτὴ
1022 1022 1117 1052 των
1155 1006 1375 1076 εἴρηται.

668 1092 735 1164 γ’.
791 1091 1086 1163 Ἒγνωσται
1137 1087 1196 1143 δὲ
1247 1096 1338 1142 καὶ
1391 1097 1559 1143 ποσοῦ
1603 1093 1661 1141 τό
1720 1096 1831 1141 ἴσον
1881 1088 1950 1148 εἰς
2008 1088 2199 1147 αὐτούς

597 1187 683 1234 καὶ
733 1185 790 1233 τό
834 1180 1034 1241 ἄνισον,
1066 1183 1315 1241 ὡσαύτως
1345 1185 1434 1231 καὶ
1462 1187 1562 1232 τῶν
1608 1178 1658 1231 ἐν
1708 1186 1780 1248 τῷ
1830 1185 2034 1250 στερεῷ,
2093 1185 2190 1227 τῶν

601 1267 901 1343 δέμονάδων
940 1275 1030 1321 καὶ
1088 1277 1180 1321 τοῦ
1247 1269 1353 1331 ἑνός
1408 1274 1497 1320 καὶ
1541 1277 1633 1330 τῆς
1699 1276 1948 1341 γραμμῆς
1999 1286 2053 1318 τε
2107 1285 2197 1315 και

600 1360 897 1433 ἐπιφανείας
928 1358 1091 1419 οὓτως
1119 1363 1325 1429 γνωστὴ
1378 1361 1407 1417 ἡ
1466 1361 1554 1430 μὲν
1613 1359 1772 1425 μονάς
1832 1374 2197 1429 καταχρηστι·

600 1457 703 1508 κῶς
740 1448 941 1519 λέγεται
976 1467 1061 1498 και
1096 1450 1164 1501 ἓν.
1198 1447 1350 1499 ’Ἐστι
1382 1443 1440 1499 δὲ
1492 1450 1682 1518 κυρίως
1749 1446 1909 1517 μονάς
1960 1446 1990 1502 ὴ
2037 1448 2194 1501 νοητὴ

600 1557 691 1589 και
721 1539 863 1596 εκτός
890 1536 983 1593 ὕλη
997 1557 1035 1599 ς,
1062 1537 1123 1597 ἧς
1151 1532 1316 1596 οὐδεὶς
1342 1535 1401 1586 οἶν
1444 1535 1664 1606 ἐξετάσῃ
1723 1539 1917 1585 ποσοῦν
1974 1553 1985 1565 ο
2046 1530 2198 1593 ἆύλος

601 1627 701 1698 γάρ
730 1624 884 1688 οὖσα,
912 1633 1019 1685 πῶς
1048 1627 1097 1676 ἓν
1130 1624 1294 1696 ἐκείνη
1353 1643 1512 1676 ποσον
1562 1640 1574 1689 ;
1627 1629 1786 1693 Χῡμα
1840 1628 1962 1692 ’γοῦν
2018 1624 2195 1678 νοητόν

603 1716 659 1765 ὲκ
720 1715 912 1773 ταύτης
960 1710 1180 1786 ἀπείρων
1224 1708 1485 1784 μονάδων,
1543 1716 1756 1782 σχέσεις
1817 1706 1874 1762 δὲ
1922 1728 2049 1770 τινες
2103 1729 2193 1760 και

607 1797 914 1873 σύνδεσμοί,
967 1800 1021 1862 ἐξ
1074 1801 1139 1851 ὧν
1192 1804 1249 1852 τό
1313 1797 1653 1874 διωρισμένον
1721 1804 1854 1853 ποσὸ
1912 1800 2092 1872 εὑρέθη
2149 1816 2201 1849 τε

604 1910 695 1941 και
726 1886 1009 1964 διώρισται
1043 1912 1054 1923 ·
1084 1894 1246 1942 ποσόν
1285 1893 1375 1962 μὲν
1441 1895 1489 1942 ἐν
1560 1889 1802 1963 ἀριθμοῖς
1859 1886 2201 1963 διωρισμένον

608 1978 901 2046 συνέϐη,αἱ
961 1982 1175 2050 σχέσεις
1248 1976 1308 2031 δέ
1364 1999 1453 2030 και
1500 1979 1701 2041 ἐνώσεις
1754 2000 1845 2031 και
1883 1981 1932 2030 οἱ
1990 1996 2202 2049 σχημα-

604 2071 791 2139 τισμοί
816 2074 969 2119 τοῦτο
1019 2063 1238 2121 ἔδωκαν.
1302 2070 1614 2142 Εὑρίσκεται
1677 2065 1735 2120 δὲ
1788 2076 1877 2119 και
1926 2070 1974 2118 ἐν
2028 2067 2203 2125 αὐτοῖς

604 2156 754 2208 τόῦτο
789 2158 882 2208 ἀἱ
954 2159 1043 2229 μὲν
1089 2158 1190 2231 ’γάρ
1246 2157 1499 2214 αἰσθηταί
1543 2154 1761 2229 μονάδες
1809 2156 1956 2208 ἄλλον
2014 2158 2203 2227 ἔχουσι

604 2246 775 2318 λόγον,
807 2246 962 2297 αὗται
996 2244 1055 2298 δέ
1082 2244 1230 2297 ἄλλον
1261 2268 1273 2279 -
1308 2250 1356 2298 ἐν
1394 2248 1495 2321 ’γάρ
1528 2254 1642 2308 ταῖς
1674 2246 1953 2307 αἰσθηταῖς
2013 2247 2204 2317 μονάσι

604 2354 693 2386 και
718 2342 833 2395 ταῖς
865 2336 1076 2396 νοηταῖς
1114 2355 1203 2386 και
1233 2339 1475 2387 κοινωνία
1520 2355 1609 2386 και
1671 2332 1917 2409 διαφορά,
1974 2333 2053 2385 ὁτι
2101 2336 2202 2405 γάρ

606 2425 631 2473 ό
662 2425 942 2497 τριάκοντα
989 2422 1043 2485 ἓξ
1087 2426 1402 2497 τετράγωνος
1434 2421 1649 2496 ἀριθμὸς
1679 2444 1767 2475 και
1813 2428 1861 2476 ἐν
1921 2422 2014 2495 ύλς
2077 2424 2204 2474 θεω-

606 2512 849 2585 ρούμενος
888 2516 1098 2584 στερεός
1126 2516 1287 2577 ἐστιν,
1331 2513 1401 2573 ὡς
1447 2532 1537 2563 και
1583 2516 1632 2564 ἐν
1685 2517 1755 2585 μὴ
1803 2512 1897 2569 ὕλη
1949 2510 2135 2572 ἀληθές
2189 2531 2201 2543 ·

607 2600 799 2670 ἔχουσι
856 2596 915 2652 δὲ
952 2604 1041 2651 καὶ
1098 2602 1145 2651 οἱ
1195 2600 1348 2672 ἄμφω
1404 2620 1494 2651 και
1553 2605 1779 2673 στιγμὴν
1830 2621 1916 2652 κατ
1957 2604 2205 2673 γραμμὴν

582 2816 716 2873 quin
746 2816 868 2857 non
902 2806 1042 2858 sunt
1071 2803 1343 2875 ejusdem
1387 2803 1617 2871 formae,
1668 2803 1775 2858 sed
1823 2802 2062 2859 alterius
2113 2803 2141 2858 ?
2170 2805 2235 2858 Et

583 2905 935 2962 sycomorca
956 2908 1145 2964 parva
1164 2893 1463 2962 dicuntur,
1487 2894 1749 2966 itemque
1770 2893 2004 2965 palmes
2038 2893 2235 2962 major

581 2978 815 3035 dicitur.
845 2981 1037 3045 Quare
1069 2982 1282 3037 eodem
1304 2986 1572 3054 tempore
1601 2981 1810 3037 eadem
1862 2997 1957 3037 res
2009 2997 2234 3050 magna

581 3070 690 3124 erit
718 3075 769 3125 et
793 3086 979 3142 parva
1003 3075 1059 3127 et
1087 3071 1196 3127 sibi
1229 3070 1527 3126 contraria
1555 3072 1707 3144 ipsa,
1756 3071 1920 3144 quod
1961 3087 2106 3126 sane
2128 3070 2232 3125 ﬁe-

2358 550 2491 602 ὃτιό
2554 554 2601 603 ἐν
2653 553 2748 625 ὕλη
2807 555 3150 626 θεωρούμενος
3196 575 3283 606 και
3331 553 3632 627 ἀναλυόμενος
3672 562 3724 608 τά
3762 566 3847 634 τρία

2358 640 2472 709 ἔχει
2502 648 2615 701 τοῖς
2633 644 2841 714 μέρεσιν
2875 660 2887 672 ·
2914 645 2964 695 ἓν
2993 645 3095 716 γάρ
3151 648 3208 695 τό
3259 646 3307 697 ἓν
3359 643 3603 704 αἰσθητοῖς
3650 647 3674 703 ἠ
3720 652 3847 717 μονάς,

2356 731 2415 778 τὸ
2448 724 2505 781 δὲ
2535 729 2584 781 ἓν
2617 732 2729 800 ἔχει
2756 733 2822 785 τά
2849 736 3047 804 πέρατα
3073 735 3132 784 τό
3167 753 3201 784 α
3230 730 3266 805 β
3294 753 3347 804 γ,
3405 753 3488 784 και
3541 734 3653 805 ὁμοῦ
3699 731 3745 787 δε
3776 745 3851 797 τοῖς

2357 820 2537 888 μέρεσι
2558 818 2822 887 συνελθὸν,
2850 819 2963 892 ἔχει
3000 821 3148 873 πάλιν
3170 824 3228 873 τό
3294 841 3326 873 α
3387 819 3421 894 β
3475 842 3527 893 ογ,
3569 840 3646 873 και
3687 825 3711 879 ἠ
3764 822 3852 896 λαμ-

2358 903 2608 977 ϐανομένη
2649 909 2835 960 τούτου
2868 910 2972 960 οἷον
2997 915 3212 982 γραμμὴ
3253 909 3367 981 ἔχει
3398 912 3453 961 τὸ
3507 930 3537 960 α
3588 908 3620 981 β
3656 930 3684 981 γ
3718 915 3756 962 ἐν
3782 914 3853 972 τοῖς

2360 989 2715 1067 διωρισμένως
2742 1002 2989 1068 κειμένοις
3013 1006 3251 1070 σημειοις
3280 999 3406 1057 αύτῆ
3420 1019 3460 1067 ς,
3500 1017 3581 1049 και
3630 998 3655 1055 ἡ
3708 1001 3855 1051 τιθεῖσι

2358 1085 2626 1154 ἐπιφανεια
2646 1088 2732 1136 τόν
2761 1088 2917 1137 αὐτόν
2965 1090 3152 1160 τρόπον
3216 1090 3277 1139 ἐπ
3341 1082 3660 1139 επίέκοίστὼ
3715 1094 3854 1159 σημείῳ

2359 1168 2472 1241 ἓχει
2501 1176 2558 1223 τό
2590 1171 2679 1245 αβ
2710 1194 2764 1247 γ,
2792 1193 2883 1225 και
2922 1174 3035 1227 ὅλον
3060 1180 3118 1227 τό
3148 1180 3350 1248 στερεόν
3389 1174 3496 1246 ἔχει
3534 1179 3588 1227 τό
3638 1194 3667 1226 α
3711 1174 3740 1247 β
3786 1197 3807 1246 7
3846 1198 3853 1208 -

2360 1257 2540 1319 ἐπειδὴ
2572 1265 2671 1336 γὰρ
2704 1260 2752 1315 ἓν
2788 1263 2883 1337 ὕλη
2916 1267 3096 1336 μονὰς,
3119 1268 3169 1316 ἓν
3213 1270 3372 1336 ἐστιν,
3430 1268 3491 1325 ὡς
3536 1284 3617 1316 και
3659 1267 3770 1317 Θέων
3799 1285 3855 1315 και

2361 1348 2573 1401 Πλάτων
2638 1372 2727 1403 και
2774 1355 3083 1427 Πυθαγόρας
3143 1352 3333 1426 βοῶσι.
3388 1357 3455 1406 Τό
3513 1350 3567 1406 δὲ
3614 1356 3656 1405 ἓν
3699 1352 3785 1424 ἔχει
3823 1358 3856 1405 τό

2360 1458 2393 1489 α
2425 1436 2461 1510 β
2489 1460 2522 1509 σγ
2555 1442 2682 1492 εἶναι
2712 1440 2832 1511 ὕλη,
2867 1441 2971 1517 ἄρα
3011 1462 3165 1515 μονας
3231 1442 3345 1514 ἔχει
3390 1448 3446 1495 τό
3504 1462 3537 1494 α
3581 1440 3613 1514 β
3662 1463 3709 1512 7,
3752 1450 3858 1493 ταῦτα

2363 1522 2423 1578 δὲ
2447 1547 2536 1579 και
2561 1537 2632 1600 τῷ
2660 1539 2868 1603 στερεῷ,
2924 1552 3012 1584 και
3070 1541 3132 1605 τῇ
3193 1537 3477 1605 ἐπιφανείᾳ,
3540 1551 3622 1583 και
3658 1538 3709 1603 τῇ
3748 1551 3859 1605 Ἱρπέι·

2360 1623 2456 1688 μῇ,
2484 1636 2574 1669 και
2622 1627 2694 1690 τῷ
2754 1625 2953 1693 σημείῳ
3004 1624 3153 1673 κοινά
3208 1612 3239 1655 ·’
3279 1618 3403 1674 and“:
3458 1623 3553 1695 γάρ
3601 1621 3708 1693 ὑπὲρ
3752 1627 3862 1671 ταῦτα

2362 1702 2479 1757 οὐδ’
2513 1708 2612 1760 ὑπό
2658 1717 2843 1777 ταῦτα,
2903 1712 3050 1786 ἔτερα
3102 1716 3305 1787 πέρατα
3347 1709 3441 1763 κᾶν
3497 1715 3609 1763 ὅσον
3653 1711 3737 1762 οἶόν
3778 1710 3859 1764 τεξ

2363 1813 2421 1846 το
2451 1801 2640 1866 ποσὴν,
2669 1803 2726 1850 τό
2749 1796 2799 1851 δ’
2821 1798 2941 1851 ἄλλο
2972 1803 3158 1852 τούτου
3192 1822 3203 1833 ·

2365 1882 2485 1959 ἆτερ
2512 1894 2603 1937 τοῦ
2630 1891 2678 1939 ἐν
2708 1893 2911 1960 μορίοις
2966 1896 3075 1951 τοῖς
3119 1889 3425 1961 ἰλαχίστοις
3475 1886 3721 1961 διαφόρου.
3776 1887 3863 1938 Πλά-

2365 1991 2454 2034 τος
2476 1976 2576 2049 γάρ
2604 1995 2691 2027 και
2737 1985 2906 2049 μῆκος
2952 1997 3041 2029 και
3100 1977 3267 2052 βάθος
3319 1998 3407 2029 και
3462 1981 3660 2050 γραμμὴ
3695 1996 3767 2027 και
3799 1979 3863 2026 ἑπι-

2366 2064 2565 2133 φοὲνεια,
2589 2067 2736 2116 κοινοί
2764 2073 2827 2137 τῇ
2865 2068 3156 2138 ὁμοιότητι.
3187 2066 3345 2130 Τάξει
3368 2063 3426 2118 δὲ
3461 2066 3586 2124 πλὴν
3614 2085 3690 2116 και
3732 2068 3863 2125 vatim,

2365 2149 2476 2203 οὗθ’
2509 2152 2603 2210 ὕλη
2638 2149 2716 2224 δὲ,
2744 2152 2848 2205 ἀλλ’
2882 2152 3003 2207 add”
3034 2154 3189 2207 ἆῡλία
3216 2177 3229 2189 ·
3273 2160 3336 2208 τό
3363 2158 3453 2228 μὶν
3497 2157 3591 2229 γάρ
3646 2152 3795 2219 ἔνυλον,
3832 2154 3866 2201 τό

2368 2235 2428 2291 δὲ
2455 2240 2631 2312 ἄύλον,
2666 2248 2866 2315 σημείῳ
2899 2240 2959 2297 δὲ
2989 2244 3047 2296 ού
3076 2248 3222 2303 κοινή
3253 2247 3286 2303 ἠ
3321 2246 3557 2317 ὁμοιότης
3592 2242 3733 2294 αὐτῶν
3771 2261 3781 2273 υ
3811 2246 3867 2290 τοῦ

2366 2330 2457 2400 μὲν
2480 2331 2582 2403 γάρ
2611 2329 2717 2392 ένός
2743 2335 2802 2383 τό
2835 2339 3047 2404 σημεῖον
3072 2336 3142 2395 ὡς
3171 2333 3220 2385 ἓν
3251 2331 3369 2405 ἔχει
3398 2337 3455 2384 τό
3482 2352 3515 2383 α
3566 2329 3650 2404 βσγ
3694 2350 3705 2362 ·
3752 2327 3867 2379 ὑλικόν

2366 2419 2467 2492 ’γάρ
2495 2422 2553 2471 τό
2580 2418 2628 2471 ἓν
2662 2441 2675 2453 ’
2708 2422 2766 2472 τό
2820 2417 2881 2473 δέ
2946 2420 3224 2494 ἀσώματον
3284 2425 3338 2475 ὅν
3399 2418 3694 2474 ἀδιάστατον
3737 2419 3868 2471 nim.

2367 2510 2523 2580 μονάς
2548 2505 2606 2561 δὲ
2634 2516 2787 2561 τοῦτο
2820 2531 2833 2543 ·
2863 2509 2975 2562 οὒτε
2998 2512 3099 2585 γάρ
3123 2518 3184 2584 τῇ
3216 2513 3409 2583 σχέσει
3437 2512 3519 2563 ὅτε
3547 2509 3601 2561 οὐ
3628 2510 3706 2558 σὺν
3758 2504 3869 2563 ἄλλοις

2369 2595 2742 2672 ἀπαριθμεῖται
2762 2603 2821 2651 τό
2856 2619 2890 2651 α
2928 2597 2965 2672 β
2993 2620 3027 2671 σγ
3058 2603 3191 2672 ἔχει,
3247 2603 3369 2653 οὔτε
3422 2603 3493 2662 ὡς
3543 2605 3630 2651 τοῦ
3677 2596 3807 2669 ἐτέρου
3835 2611 3869 2643 τι

3256 1800 3427 1871 ἐκείνῳ
3477 1801 3540 1852 τά
3587 1802 3731 1853 πάντα
3767 1802 3864 1849 κοινά

2341 2808 2484 2864 dam
2515 2814 2721 2866 suntet
2739 2811 3150 2884 copulationes
3165 2811 3477 2886 exquibus
3495 2811 3727 2866 discreta
3762 2817 3886 2878 quan-

2341 2897 2475 2953 titas
2509 2905 2678 2956 eruta
2708 2906 2796 2955 est
2846 2907 2902 2957 et
2956 2916 3242 2973 expressa
3304 2920 3319 2956 :
3394 2916 3533 2956 nam
3598 2895 3885 2971 quantitatem

2342 2986 2661 3043 discretam
2693 2987 2754 3042 in
2784 2989 3200 3045 numerisinde
3222 2989 3544 3056 habemus,
3572 3002 3730 3059 quam
3749 2980 3889 3038 habili.

2342 3080 2510 3142 tates,
2546 3076 2955 3149 copulationes
3013 3084 3070 3133 et
3105 3077 3502 3150 ﬁgurationes
3562 3074 3888 3148 propagatum!-

580 3158 630 3213 ri
664 3158 826 3214 nullo
859 3160 1041 3215 modo
1072 3165 1279 3232 potest.
1312 3161 1451 3226 Quae
1478 3160 1659 3225 igitur
1716 3159 1791 3216 ad
1845 3165 2147 3230 gustatum
2179 3164 2235 3215 et
2264 3154 2307 3209 C
2344 3166 2408 3219 ln
2446 3164 2538 3220 his
2578 3166 2735 3221 enim
2760 3165 3016 3222 discreta
3054 3166 3365 3239 quantitas
3401 3164 3690 3239 reperitur.
3710 3160 3891 3215 Unitates

582 3247 784 3301 visum
815 3249 1130 3321 pertinent,
1160 3265 1379 3322 nempe
1418 3250 1693 3319 dulcedo,
1727 3250 1980 3320 salsedo,
2051 3249 2231 3318 calor,

584 3334 790 3406 frigus,
829 3336 1066 3409 albedo,
1110 3338 1361 3409 nigredo
1396 3339 1848 3411 ;itemquequaa
1863 3339 1941 3393 ad
1959 3338 2235 3394 auditum

584 3430 639 3479 et
669 3431 892 3479 tactum
924 3426 1242 3498 pertinent,
1305 3443 1587 3499 asperum
1651 3432 1707 3483 et
1760 3427 1924 3494 leve;
1976 3427 2236 3499 denique

584 3529 719 3586 quae
759 3514 837 3569 ad
861 3514 1200 3580 odoratum,
1236 3516 1634 3585 graveolentia
1664 3522 1721 3573 et
1751 3516 2149 3581 beneolentia,
2182 3520 2238 3571 et

584 3603 800 3658 horum
834 3604 1101 3659 omnium
1147 3604 1367 3674 media,
1426 3605 1869 3661 evidentissime
1918 3610 1976 3661 et
2027 3605 2237 3678 procul

586 3692 752 3745 omni
787 3691 972 3747 dubio
1011 3692 1330 3764 qualitates
1356 3710 1487 3749 esse
1517 3700 1841 3749 cernuntur
1870 3698 1927 3749 et
1965 3694 2231 3764 judican-

589 3785 700 3834 tur.
737 3779 1252 3855 Consimiliterque
1280 3781 1527 3856 illaquae
1558 3783 1635 3838 ad
1654 3782 1882 3838 colores
1922 3784 2233 3855 pertinent.

587 3870 773 3924 Nemo
811 3868 970 3924 enim
998 3870 1324 3940 interrogat
1360 3871 1434 3926 de
1470 3872 1583 3927 hoc
1636 3871 1731 3926 vel
1782 3871 1882 3927 illo
1940 3872 2238 3941 triangulo

586 3963 876 4029 quantam
909 3958 1249 4015 albedinem
1279 3960 1466 4032 ipsius
1493 3960 1836 4032 superﬁcies
1860 3961 2081 4016 habeat
2102 3977 2239 4017 cum

584 4046 766 4119 hujus
778 4047 872 4102 vel
884 4047 1038 4103 illius
1054 4050 1328 4120 trianguli
1346 4049 1657 4123 superﬁcie
1690 4055 2038 4123 comparata
2060 4067 2072 4113 ;
2097 4067 2238 4106 nam

586 4140 883 4207 quantum
912 4137 991 4191 ad
1017 4139 1414 4210 quantitatem
1466 4139 1737 4211 pertinet.
1794 4145 1863 4194 At
1896 4156 2033 4194 cum
2056 4140 2239 4211 hujus

588 4224 866 4295 trianguli
895 4226 1272 4298 superﬁciem
1295 4227 1451 4282 illius
1492 4227 1805 4299 superﬁcie
1827 4228 2020 4298 magis
2038 4227 2240 4284 albam

590 4328 718 4367 esse
747 4312 1022 4376 dicimus.
1045 4314 1159 4370 hoc
1190 4315 1386 4388 ipsum
1422 4321 1513 4370 est
1552 4316 1921 4371 intensionis.
1983 4320 2059 4372 De
2089 4333 2240 4389 qua-

589 4399 751 4455 litate
782 4401 960 4471 igitur
996 4404 1377 4474 interrogatio
1416 4405 1738 4461 instituitur
1795 4405 1938 4479 quia
1989 4405 2241 4461 intensio

591 4495 648 4544 et
676 4492 949 4546 remissio
975 4500 1115 4548 sunt
1141 4495 1467 4567 qualitatis.
1498 4500 1686 4567 Atque
1713 4495 1841 4550 haec
1874 4495 1949 4550 de
1986 4494 2240 4567 qualita—

594 4578 754 4634 tibus
784 4596 918 4652 quae
952 4586 1093 4636 sunt
1120 4582 1177 4637 in
1204 4583 1469 4637 numeris
1492 4582 1653 4638 dicta
1676 4589 1834 4638 sunt.

664 4671 716 4724 3.
741 4668 922 4726 Porro
949 4671 1296 4743 quantitatis
1323 4671 1632 4743 aequalitas
1679 4676 1736 4726 et
1778 4671 2152 4744 inaequalitas
2179 4672 2241 4727 in

591 4757 735 4830 ipsis
760 4759 1026 4815 numeris
1049 4759 1366 4831 perspicua
1396 4766 1484 4815 est
1518 4777 1530 4814 :
1559 4760 1892 4833 eodemque
1950 4760 2133 4816 modo
2179 4761 2241 4816 in

593 4847 795 4903 solidis
822 4848 1077 4919 alicujus
1109 4848 1373 4904 numeris
1416 4848 1715 4904 Unitatum
1766 4853 1987 4915 autem,
2040 4846 2238 4915 unius,

591 4936 781 5009 lineas,
810 4945 866 4995 et
892 4938 1205 5009 superﬁcie
1231 4938 1542 5011 aequalitas
1573 4943 1629 4994 et
1679 4938 2052 5011 inaequalitas
2080 4939 2242 4995 hunc

592 5026 653 5081 in
684 5027 935 5083 modum
970 5028 1256 5098 cognosci
1282 5033 1495 5101 potest.
1526 5031 1610 5084 Ac
1664 5030 1861 5083 unitas
1919 5028 2161 5100 quidem
2187 5034 2245 5085 et

595 5129 783 5169 unum
814 5131 935 5171 non
964 5119 1201 5189 proprie
1228 5123 1597 5191 usurpantur
1617 5123 1681 5173 ut
1703 5118 1865 5173 idem
1887 5116 2238 5185 signiﬁcent.

594 5204 796 5259 Unitas
824 5209 1023 5260 autem
1056 5207 1296 5279 proprie
1324 5206 1548 5272 estilla,
1572 5223 1707 5280 quae
1737 5206 1866 5262 sola
1893 5212 2090 5261 mente
2113 5223 2242 5279 per-

593 5292 708 5364 cipi
746 5296 959 5366 potest,
992 5300 1199 5367 estque
1238 5301 1404 5352 extra
1456 5295 1767 5352 materiam
1798 5296 1967 5366 cujus
2004 5296 2241 5367 quanti-

589 5387 775 5439 tatem
805 5399 985 5438 nemo
1033 5384 1221 5456 possit
1283 5385 1709 5458 pervestigare.
1764 5386 1908 5440 Cum
1955 5385 2113 5439 enim
2172 5387 2243 5441 sit

591 5473 854 5530 materiae
894 5489 1104 5549 expers
1133 5519 1146 5543 ,
1171 5475 1481 5549 quomodo
1502 5473 1783 5545 suscipiet
1802 5475 2195 5546 quantitatem
2214 5477 2243 5532 ?

590 5556 1361 5636 Ergoﬂumeninﬁnitarum
1378 5563 1693 5627 unitatum,
1718 5562 1883 5635 quod
1906 5563 2033 5620 sola
2046 5569 2241 5622 mente

585 5651 814 5733 percipi
824 5652 1035 5733 potest,
1051 5655 1128 5712 ab
1139 5655 1255 5711 hao
1271 5652 1405 5725 ipsa
1416 5666 1702 5733 manans,
1717 5650 2056 5710 habilitates
2076 5669 2241 5728 quaee

2343 3253 2500 3308 enim
2541 3270 2678 3325 quae
2710 3255 2823 3310 sub
2862 3270 3105 3311 sensum
3145 3255 3559 3312 caduntaliam
3578 3244 3888 3309 habentratio
3960 3308 3961 3311 η

2342 3357 2501 3397 nem.
2545 3345 2642 3398 Hae
2679 3354 2821 3398 vero
2842 3342 3097 3399 unitates
3135 3359 3271 3417 qua:
3292 3344 3427 3401 sola
3444 3347 3630 3399 mente
3653 3334 3891 3413 percipiun-

2344 3435 2457 3499 tur,
2490 3430 2670 3486 aliam
2702 3447 2947 3505 quoque
2976 3432 3202 3488 habent
3227 3434 3527 3489 rationem
3568 3444 3729 3499 ;nam
3754 3425 3799 3479 in
3814 3420 3892 3475 uni.

2343 3518 2561 3573 tatibus
2576 3524 2695 3574 tam
2710 3536 2845 3592 quae
2860 3519 2975 3575 sub
2989 3536 3233 3576 sensum
3252 3521 3667 3593 caduntquam
3689 3527 3796 3587 qua
3823 3507 3891 3562 sub

2342 3606 2704 3664 intellectum
2726 3614 2817 3665 est
2836 3610 3165 3665 communio
3179 3615 3234 3665 et
3245 3609 3600 3666 differentia.
3616 3610 3784 3661 Verum
3801 3597 3891 3653 enim

2343 3701 2431 3753 est
2455 3698 2693 3767 triginta
2731 3715 2852 3766 sex,
2890 3699 3255 3773 quadratum
3287 3715 3629 3764 numerum,
3658 3691 3892 3750 sivemate.

2345 3786 2433 3842 ria
2462 3786 2871 3844 consideretur
2892 3789 3015 3843 sive
3036 3792 3204 3844 extra
3224 3790 3565 3852 materiam,
3583 3799 3701 3842 esse
3720 3776 3893 3836 solidum

2346 3888 2687 3930 numerum.
2723 3877 2914 3949 Atque
2945 3877 3129 3933 ambo
3162 3877 3703 3950 habentpunctum,
3733 3869 3895 3924 lineam»

2348 3963 2726 4035 superﬁciem
2739 3972 2795 4020 et
2806 3964 3309 4022 soliditatem.Sed
3333 3965 3641 4022 considera
3650 3955 3896 4043 discrimfll'

2350 4051 2520 4117 Quod
2567 4051 2850 4107 nimirum
2891 4052 2984 4109 ille
3049 4053 3391 4126 quadratus
3449 4064 3733 4113 numerus,
3766 4040 3839 4115 qui
3864 4040 3896 4089 in

2350 4140 2598 4195 materia
2637 4141 3052 4197 consideratur
3088 4147 3143 4198 et
3167 4144 3228 4198 in
3260 4144 3577 4199 materiam
3631 4130 3897 4223 dissolvittlf.

2349 4229 2459 4285 tria
2496 4228 2717 4285 habeat
2746 4230 3054 4286 intervalla
3109 4248 3245 4286 cum
3305 4231 3580 4304 partibus
3635 4219 3897 4283 materiatis;

2350 4333 2493 4372 nam
2536 4318 2731 4373 unitas
2757 4326 2847 4374 est
2877 4335 3066 4375 unum
3101 4328 3451 4376 concretum
3484 4322 3755 4392 quatenus
3771 4306 3899 4362 unitas

2348 4406 2409 4461 in
2447 4406 2625 4462 rebus
2676 4408 2792 4463 sub
2850 4424 3095 4463 sensum
3162 4409 3520 4464 cadentibus
3571 4399 3895 4462 consideratur.
3960 4444 3961 4455 χ

2347 4503 2525 4551 Porro
2555 4512 2742 4551 unum
2769 4495 2952 4552 habet
2979 4502 3098 4552 tres
3130 4497 3419 4553 terminos
3449 4512 3551 4552 seu
3586 4500 3691 4550 tres
3723 4488 3835 4543 fines
3863 4492 3896 4537 αν

2351 4584 2404 4653 b,
2419 4601 2477 4656 c;
2497 4590 2675 4657 atque
2688 4585 2795 4641 hoc
2811 4601 2999 4641 unum
3011 4603 3146 4642 cum
3164 4586 3439 4658 partibus
3450 4568 3896 4665 concremati???

2346 4655 2600 4729 rursusu
2630 4674 2662 4728 b
2675 4690 2724 4730 c.
2744 4677 2807 4730 Et
2820 4674 3001 4746 hujus
3016 4655 3191 4730 unius
3205 4674 3468 4730 concreti
3482 4676 3697 4743 sumpta
3706 4655 3896 4737 quaelibet

2346 4763 2505 4819 linea
2532 4763 2714 4818 habet
2737 4778 2793 4833 α,
2820 4763 2873 4827 b,
2907 4778 2958 4829 c,
2998 4763 3180 4835 idque
3201 4763 3260 4819 in
3282 4763 3524 4835 punctis
3554 4758 3686 4833 ipsis
3708 4746 3895 4810 distincte

2347 4851 2575 4923 positis.
2604 4853 2669 4906 Et
2698 4852 2897 4925 posita
2926 4851 3272 4924 superﬁcies
3302 4851 3519 4907 eodem
3549 4844 3716 4904 modo
3738 4841 3786 4896 in
3804 4842 3894 4925 illi“?

2348 4956 2589 5013 quoque
2623 4946 2845 5012 puncto
2887 4940 3070 4996 habet
3122 4956 3181 5009 a,
3249 4940 3304 5006 ὁ,
3349 4956 3382 4997 ο
3415 4959 3429 5008 ;
3457 4945 3514 4995 ει
3572 4940 3741 4993 totum
3787 4924 3895 5018 δέξιν

2348 5012 2466 5102 que
2495 5012 2755 5084 solidum
2782 5029 2965 5086 habet
2993 5044 3050 5095 α,
3086 5030 3140 5099 b,
3168 5046 3218 5085 c.
3248 5030 3549 5095 Quoniam
3578 5029 3751 5080 autem
3768 5012 3894 5069 unius

2351 5119 2518 5174 estin
2548 5119 2815 5185 materia,
2850 5135 3038 5175 unum
3078 5125 3166 5175 est
3215 5124 3584 5175 concretum.
3644 5117 3701 5167 ut
3748 5104 3894 5161 Τῒιθοηο

2350 5208 2533 5276 Plato,
2561 5212 2615 5262 et
2654 5207 3023 5279 Pythagoras
3053 5208 3209 5265 clare
3245 5207 3483 5263 docent.
3541 5206 3719 5260 Unum
3765 5192 3893 5247 autem

2349 5298 2495 5369 quia
2533 5301 2621 5352 est
2647 5298 3026 5352 materiatum
3080 5296 3261 5352 habet
3294 5311 3352 5360 a,
3383 5296 3437 5364 ὁ,
3464 5310 3530 5361 c;
3597 5290 3766 5346 unitas
3807 5282 3893 5369 eis?

2349 5355 2625 5441 concreta
2663 5385 2845 5442 habet
2868 5386 3047 5441 etiam
3087 5400 3144 5455 a,
3174 5385 3228 5451 b,
3254 5401 3285 5441 c
3313 5355 3350 5455 ;⁷
3411 5355 3588 5454 atque
3635 5379 3746 5432 haec
3785 5355 3892 5421 9:01"1i

2351 5474 2683 5546 superﬁcie,
2713 5473 2902 5539 lineae,
2935 5474 3357 5545 etpunctisunt
3378 5466 3721 5527 communia.

2348 5563 2508 5619 enim
2547 5579 2731 5635 supra
2754 5568 2857 5618 aut
2888 5562 3040 5619 infra
3068 5568 3206 5618 sunt
3231 5562 3329 5618 alii
3355 5558 3611 5623 termini,
3672 5565 3759 5605 seu
3782 5546 3892 5635 δρεεῖ

2344 5633 3379 5727 (Ιιιτωῑιιηίϐιιηςιιθοιιιιιαιθοιωῳιθ
3402 5633 3896 5720 είιίυειιωᾳιιδιιιυω
