4066 6212
195 335 353 392 1333

191 546 247 626 ἐν
319 547 559 621 ἀριθμοῖς
619 544 711 599 διὰ
757 567 906 600 τουτο
956 553 1053 621 μία
1135 551 1164 607 ἡ
1231 555 1478 625 στέρησις
1539 555 1632 601 τοῦ
1686 569 1717 599 α
1766 545 1860 620 βγ

186 645 298 699 τῆς
337 643 544 710 πρώτης
605 632 834 708 μονάδος
884 634 978 690 διὰ
1027 642 1085 690 1'6
1145 639 1298 692 ἄυλον
1440 637 1564 692 οὐδὲ
1619 637 1859 697 ἐπίτασις

186 724 474 798 ἓπινοηθῇ,
510 722 634 778 οὐδὲ
685 725 880 792 ἄνεσις,
936 732 1242 800 πανταχόσε
1297 725 1356 780 δὲ
1408 730 1554 780 κοινὰ
1605 723 1856 797 τάαβγ

181 815 323 884 εἰσὶ,
390 815 485 868 κάν
532 833 587 867 τε
643 814 692 866 ἓν
745 815 864 888 ὕλη,
915 818 1009 868 κᾶν
1052 836 1108 868 τε
1154 816 1202 868 ἐν
1261 816 1433 889 ἀυλίᾳ,
1494 814 1745 888 δέχονται
1799 810 1858 866 δὲ

176 910 283 958 καὶ
313 905 446 956 αύτά
475 904 533 956 οὗ
589 906 725 956 κατά
772 909 932 957 ποσὸν
988 911 1082 963 τὴν
1137 905 1376 958 ἐπίτασιν
1429 908 1458 963 ἠ
1516 910 1608 964 τὴν
1662 903 1855 966 ἄνεσιν,

179 993 322 1047 ἀλλὰ
341 995 476 1047 κατά
503 997 562 1046 τὸ
621 997 791 1062 ποιὸν,
825 998 892 1056 ὡς
934 1001 1022 1048 καὶ
1073 999 1206 1048 κατά
1251 999 1310 1048 τὸ
1358 999 1521 1048 ποσόν
1573 998 1628 1047 τὸ
1679 994 1854 1046 ἄνισον

176 1089 281 1137 καὶ
311 1088 370 1136 τὸ
397 1085 530 1152 ἴσον,
586 1080 672 1136 διὸ
729 1091 820 1136 τοῦ
867 1089 958 1158 μὲν
1007 1084 1054 1136 ἓν
1117 1086 1209 1159 ὕλη
1263 1085 1554 1159 ἀριθμητοῦ
1595 1086 1702 1147 ἐνὸς
1767 1089 1856 1136 καὶ

183 1177 221 1233 ἡ
289 1177 529 1236 σύνθεσις
605 1179 694 1226 καὶ
747 1178 776 1232 ἡ
834 1172 1094 1250 διαίρεσις
1151 1181 1240 1228 καὶ
1289 1178 1314 1227 ὁ
1361 1175 1856 1246 πολλαπλασιασμὸς

185 1268 282 1314 καὶ
336 1261 496 1314 τᾶλλα
545 1259 827 1332 ἰδιώματα,
889 1263 947 1314 ού
1010 1266 1068 1314 τὸ
1140 1265 1189 1314 ἔν
1237 1272 1330 1324 τῆς
1381 1263 1510 1324 ὕλης
1557 1261 1853 1335 ἀποστερεῖ.

181 1349 364 1404 Ὅπου
398 1347 447 1403 δ’
479 1349 598 1416 ύλη,
657 1349 762 1403 ἐκεῖ
806 1355 892 1402 καὶ
943 1355 1000 1402 τὸ
1056 1372 1089 1402 α
1155 1351 1190 1424 β
1231 1373 1281 1423 γ,
1327 1351 1420 1404 κᾶν
1476 1350 1524 1404 ἐν
1593 1351 1713 1422 ὅλῳ,
1760 1350 1853 1402 κᾶν

190 1440 244 1492 ἐν
310 1445 491 1513 μορίῳ,
550 1448 612 1498 τῆ
673 1436 733 1492 δὲ
780 1444 908 1512 μόνη
967 1437 1160 1513 μονάδι
1209 1442 1302 1493 οὐκ
1347 1443 1456 1493 ἔστι
1514 1445 1572 1492 τὸ
1621 1461 1655 1492 α
1711 1439 1747 1512 β
1796 1461 1850 1511 γ.

190 1530 352 1582 Ἐπὰν
411 1525 470 1580 δὲ
542 1532 668 1602 πρὸς
763 1524 1132 1601 συνδυασμοὺς
1194 1535 1282 1581 καὶ
1329 1532 1596 1590 συνθέσεις
1646 1536 1853 1586 κεκινῆ-

191 1620 321 1671 σθαι
362 1627 541 1676 νοῆται
586 1622 645 1670 τὸ
696 1619 766 1685 ἓν,
825 1627 898 1688 τῷ
967 1619 1260 1670 συνελθόντι
1307 1620 1511 1690 πάσχει
1574 1623 1663 1670 καὶ
1724 1617 1852 1674 αύτὴ

189 1712 437 1780 σχήματι
489 1708 674 1775 πάθος,

191 1803 349 1865 ποιῷ.
377 1793 540 1846 ’Ὥστε
566 1797 683 1846 οὔτε
720 1793 768 1845 ἐν
825 1803 1012 1865 νοητῷ,
1073 1793 1300 1868 ἀριθμῷ,
1360 1799 1474 1847 οὔτε
1516 1793 1564 1846 ἐν
1615 1795 1851 1865 αἰσθητῷ

756 1711 815 1760 τὸ
871 1711 1173 1781 μετρεῖσθαι
1242 1717 1411 1777 ποσῷ,
1475 1714 1564 1760 καὶ
1619 1710 1852 1760 νοεῖσθαι

182 1892 260 1953 τῷ
319 1890 465 1952 ποσῷ
534 1881 775 1942 ἐπίτασις
844 1882 1120 1954 συμϐαίνει
1200 1888 1290 1935 καὶ
1348 1882 1542 1949 ἄνεσις,
1601 1882 1728 1935 ἀλλά
1776 1891 1848 1953 τῷ

178 1982 337 2043 ποιῷ·
368 1969 548 2030 ἐπειδὴ
600 1976 689 2024 καὶ
780 1973 980 2045 θατεροι
1044 1975 1144 2024 ὑπὸ
1187 1981 1288 2024 τῶν
1341 1994 1375 2024 α
1421 1971 1456 2045 β
1515 1994 1548 2044 γ
1595 1980 1850 2046 περατοῦν

182 2081 273 2113 ται
330 2063 583 2135 περάτων,
643 2061 739 2112 κάν
814 2060 864 2112 ἐν
922 2061 1078 2122 ὅλοις,
1155 2061 1249 2112 κᾶν
1302 2061 1352 2113 ἐν
1439 2065 1664 2134 μορίοις,
1729 2061 1849 2134 ἆτερ

183 2157 282 2210 τῆς
332 2169 542 2224 πρωτης
587 2154 676 2201 καὶ
720 2146 1046 2202 ἀδιαστάτου
1125 2147 1373 2223 μονάδος.
1433 2149 1510 2203 Ἐν
1567 2152 1668 2222 γὰρ
1733 2158 1850 2212 τοῖς

184 2245 382 2300 νοητοῖς
412 2237 654 2312 ἀριθμοῖς
693 2244 782 2294 καὶ
813 2259 848 2292 α
875 2245 966 2294 καὶ
1024 2238 1061 2312 β
1116 2245 1206 2292 καὶ
1263 2261 1316 2311 γ,
1375 2242 1431 2292 1'6
1493 2235 1545 2292 δ’
1572 2239 1698 2291 αύτό
1758 2243 1848 2292 καὶ

183 2335 296 2390 τοῖς
331 2328 603 2391 αἰσθητοῖς
651 2327 770 2404 ἆτερ
820 2336 912 2389 τῆς
969 2325 1298 2381 ἀδιαστάτου
1355 2331 1553 2390 ταύτης
1595 2325 1848 2401 μονάδος,

185 2415 284 2468 κᾶν
307 2417 333 2468 6
358 2418 449 2488 μὲν
495 2424 595 2468 τῶν
642 2419 772 2468 ἴσων
829 2415 1009 2478 ἄνισος
1067 2417 1177 2469 x61"
1230 2415 1489 2489 ἐπίτασιν,
1543 2418 1569 2468 6
1613 2413 1674 2470 δὲ
1725 2420 1847 2470 τού-

139 2729 144 2734 σ
189 2703 376 2773 Atque
389 2700 488 2756 alii
504 2717 746 2774 quoque
759 2699 950 2758 solido
962 2703 1040 2758 ab
1051 2702 1166 2758 hoc
1187 2701 1287 2758 illa
1302 2703 1508 2758 omnia
1521 2705 1661 2757 sunt
1673 2717 1838 2756 com-

185 2790 391 2845 munia
405 2795 652 2862 excepto
665 2792 723 2844 in
738 2790 1010 2862 partibus
1028 2791 1292 2846 minimis
1305 2790 1646 2845 discrimine
1663 2809 1676 2857 ;
1694 2805 1837 2844 nam

178 2877 448 2943 latitudo,
477 2877 810 2954 longitudo,
865 2877 1139 2944 altitudo,
1194 2877 1375 2944 linea,
1397 2885 1456 2933 et
1493 2878 1837 2949 superﬁcies

180 2972 318 3022 sunt
361 2965 748 3023 similitudine
807 2982 1180 3024 communes.
1237 2967 1350 3023 Sed
1378 2967 1425 3021 si
1484 2966 1756 3022 ordinem
1783 2970 1840 3021 et

178 3054 634 3110 intellectionem
681 3061 938 3127 spectes,
959 3071 1154 3127 neque
1182 3055 1509 3110 materiatae
1538 3061 1694 3118 sunt,
1727 3069 1836 3109 ne-

1087 335 1447 396 THEODORI
1487 341 1531 393 ll
1572 337 1707 390 1MP.
1749 335 1837 387 DE
1879 334 2334 398 COMMUNIONE
2372 348 2758 408 NATURALI.

193 461 250 511 ἓν
283 463 346 511 τὸ
405 479 439 510 α
487 457 523 531 β
571 479 605 532 γ
669 461 718 510 ἓν
763 457 874 512 ἐστι
927 463 1144 512 τούτων’
1204 461 1357 514 ἄύλον
1407 465 1530 536 γάρ·
1593 461 1726 510 ὥστε
1775 461 1862 509 καὶ
1893 463 1940 515 Α
1969 479 2066 511 των
2096 464 2210 514 κατ’

1925 1096 2176 1162 ,γραμμὴ
2251 1094 2425 1156 ἄνισος
2490 1106 2552 1156 τῆ
2621 1097 2887 1176 ἐπιφανείᾳ

3497 375 3634 428 1334

2051 483 2066 510 ν
2096 468 2210 514 κατ’
2289 468 2481 522 ἄνεσιν·
2536 480 2682 529 κοινά
2721 482 2822 553 γὰρ
2871 483 2936 533 τὰ
2987 488 3202 559 πέρατα,
3261 487 3504 556 ἐπίτασις
3571 493 3636 550 6“:

2051 554 2059 564 ι
2153 553 2165 568 9
3050 553 3058 559 -
3486 553 3499 556 Ἴ

1967 571 2092 653 προς
2143 575 2528 634 αρτιοττεριττον
2609 567 3025 642 ἀρτιοπερίττου,
3090 581 3179 627 καὶ
3242 582 3374 652 πρὸς
3419 603 3630 658 περιττ-

1968 659 2142 740 αρτιον
2181 655 2583 740 ’περιτταρτίοω
2645 660 2733 707 καὶ
2802 663 2931 732 πρὸς
3007 661 3183 733 ἆρτιον
3257 667 3462 740 ἀρτίου,
3535 679 3626 728 καὶ

1965 734 2091 803 πρὸς
2170 733 2444 790 ἀσύνθετον
2505 740 2809 813 ἀσυνθέτου,
2881 756 2970 802 καὶ
3038 756 3176 806 κατά
3245 761 3362 820 τοὺς
3423 760 3626 826 ἀλλους.

1965 827 2128 873 Τοῦτο
2164 818 2221 876 δὲ
2273 826 2332 877 ού
2383 835 2695 900 ποσότητος,
2756 834 2883 890 ἀλλὰ
2941 845 3236 906 ποιότητος.
3299 854 3398 901 Καὶ
3450 860 3628 906 ταῦτα

1965 913 2054 981 μὲν
2104 909 2191 963 οὖν
2244 913 2352 966 ἐστι
2392 927 2490 968 τῶν
2545 917 2798 994 ἀριθμῶν,
2865 935 2966 978 τῶν
3017 950 3071 982 τε
3125 931 3174 984 ἐν
3247 931 3338 996 ὗλη
3389 945 3477 992 καὶ
3529 942 3624 996 ἀύ-

1964 999 2068 1072 λιᾳ,
2125 1013 2375 1076 γραμμῆς
2440 1004 2498 1060 δὲ
2551 1015 2640 1062 καὶ
2701 1011 2994 1085 ἐπιφανείας
3047 1029 3231 1078 ταῦτα.
3277 1024 3334 1078 Ἡ
3383 1033 3473 1100 μὲν
3530 1032 3625 1085 οὖν

2981 1113 3113 1161 κατὰ
3221 1119 3402 1184 ποσὸν,
3489 1123 3618 1184 ἄλλη

1965 1175 2024 1230 δὲ
2119 1186 2208 1233 καὶ
2298 1183 2494 1237 ἀλλοίαο
2561 1186 2891 1244 ἀπολείπεται
2977 1198 3078 1270 γὰρ
3163 1209 3262 1253 τῶν
3337 1175 3491 1280 τριῶν
3558 1175 3617 1266 1'6

1964 1267 2000 1367 ξ
2043 1290 2098 1340 γ,
2176 1273 2205 1328 ἦ
2289 1269 2338 1324 δ’
2392 1276 2506 1346 ἔχέι
2548 1280 2607 1328 1'6
2653 1298 2687 1329 α
2751 1277 2810 1351 β,
2875 1267 3102 1337 λείπεται
3157 1285 3216 1342 δὲ
3264 1296 3324 1344 τὸ
3367 1267 3426 1367 ’γ’
3481 1301 3618 1356 ὥστε

1965 1356 1994 1414 ἢ
2078 1361 2168 1430 μὲν
2220 1361 2470 1429 ελασσων,
2558 1368 2588 1423 ἠ
2667 1363 2736 1424 δὲ,
2801 1370 3008 1440 μείξων.
3094 1356 3426 1436 Τεθήτωσανσ
3487 1397 3613 1459 γοῦν

1961 1449 1991 1505 ἠ
2058 1469 2090 1500 α
2150 1448 2186 1521 β
2241 1472 2274 1521 γ
2341 1449 2376 1504 δ
2441 1474 2462 1506 ε
2519 1455 2552 1515 ζ
2625 1455 2910 1530 ἐπιφάνεια,
3020 1466 3273 1532 ὡσαύτως
3365 1471 3424 1527 δὲ
3493 1448 3613 1534 ,καὶ

1961 1541 1990 1593 ἡ
2037 1537 2087 1598 αἶ
2131 1535 2166 1609 β
2229 1561 2262 1610 7
2322 1537 2356 1592 δ
2422 1541 2710 1614 ἐπιφάνεια,
2772 1549 3071 1607 τεθήτωσαν
3122 1552 3180 1608 δὲ
3227 1565 3318 1614 καὶ
3368 1565 3398 1626 ἡ
3451 1566 3608 1640 αβγ

1946 2701 2360 2794 remissio,sed
2392 2705 2454 2761 in
2479 2708 2764 2780 qualitate
2794 2729 2808 2768 :
2841 2715 3341 2788 quandoquidem
3361 2721 3598 2794 utrique

1945 2793 2180 2848 numeri
2203 2800 2259 2848 et
2289 2794 2350 2849 hi
2378 2797 2482 2868 qui
2532 2798 2646 2854 sub
2685 2816 2932 2858 sensum
2992 2805 3219 2862 cadunt
3259 2813 3316 2863 et
3366 2808 3449 2864 illi

1947 2887 2144 2936 mente
2166 2884 2572 2954 percipiuntur
2617 2891 2885 2946 terminis
2913 2907 2952 2948 a
2981 2892 3012 2946 b
3042 2909 3074 2948 c
3101 2894 3599 2953 circumscribun-

1947 2974 2042 3024 tur
2069 2975 2126 3024 et
2154 2973 2545 3029 terminantur
2573 2980 2698 3031 tam
2757 2994 2831 3034 ex
2872 2982 2994 3036 toto
3045 2997 3234 3052 quam
3276 2999 3351 3039 ex
3405 2991 3594 3057 parte,

1946 3064 2193 3130 excepta
2218 3060 2413 3130 prima
2440 3063 2662 3120 scilicet
2689 3067 2886 3121 omnis
2910 3068 3202 3124 intervalli
3227 3079 3466 3144 eXperte
3491 3077 3598 3133 uni

177 3159 297 3216 que
341 3159 585 3215 prorsus
635 3143 902 3199 materiei
955 3150 1249 3216 expertes.
1313 3146 1431 3198 Hoc
1457 3144 1618 3198 enim
1651 3158 1838 3198 unum
1879 3142 1917 3195 Ο
1946 3151 2081 3201 tate.
2117 3148 2288 3211 Quod
2310 3149 2515 3221 siquis
2543 3151 2940 3210 intensionem
2973 3160 3030 3211 et
3073 3142 3492 3216 remissionem
3515 3163 3596 3220 ab

181 3240 270 3289 est
296 3233 696 3298 materiatum,
747 3233 895 3288 illud
913 3249 1055 3288 vero
1093 3233 1360 3289 materiae
1399 3247 1629 3304 expers.
1655 3237 1724 3286 At
1753 3231 1838 3286 in-

179 3327 400 3395 puncto
451 3323 722 3393 ipsorum
772 3338 898 3378 non
951 3326 1038 3377 est
1088 3321 1430 3377 communis
1485 3320 1832 3376 similitudo.

179 3415 326 3470 Nam
355 3428 429 3468 ex
453 3411 690 3484 punctis
720 3411 822 3468 illa
851 3427 986 3483 quae
1018 3416 1158 3467 sunt
1187 3411 1364 3466 unius
1421 3411 1738 3472 materiati,
1773 3415 1840 3464 ut

179 3515 368 3557 unum
393 3500 622 3556 habent
655 3515 712 3564 a,
747 3501 801 3564 b,
830 3517 884 3568 c,
915 3516 1105 3555 unum
1126 3500 1288 3556 enim
1315 3503 1402 3554 est
1433 3500 1834 3555 materiatum.

179 3589 349 3655 Quod
371 3604 511 3644 vero
537 3593 626 3644 est
664 3589 932 3644 materiei
988 3604 1201 3660 expers
1242 3603 1364 3644 non
1395 3589 1644 3643 omnino
1678 3591 1838 3642 caret

175 3676 521 3733 intervallis.
556 3679 676 3733 Hoc
701 3682 904 3734 autem
933 3682 1020 3733 est
1049 3679 1248 3733 unitas
1285 3694 1298 3731 :
1325 3692 1520 3748 neque
1551 3677 1708 3730 enim
1731 3691 1838 3748 per

165 3766 537 3823 habilitatem
553 3766 734 3822 habet
754 3781 812 3832 a,
843 3767 894 3821 ὁ.
931 3782 985 3830 c,
1016 3772 1120 3822 aut
1148 3767 1252 3830 ita,
1302 3770 1364 3820 ut
1411 3765 1660 3836 quando
1694 3780 1834 3820 cum

169 3855 299 3911 aliis
316 3861 664 3910 numeratur
713 3855 900 3911 habet
931 3869 990 3921 α,
1017 3855 1048 3908 b
1076 3870 1130 3911 ε.
1162 3856 1364 3926 Neque
1423 3853 1486 3908 in
1517 3853 1610 3908 his
1651 3861 1833 3907 mate—

171 3944 277 3999 riei
297 3944 638 4015 expertibus
693 3943 774 3999 ita
822 3959 1016 3998 unum
1062 3949 1172 4011 est,
1235 3951 1297 3997 ut
1379 3941 1527 3998 illud
1556 3941 1720 4014 quod
1748 3945 1839 3996 est

173 4033 415 4089 alterius
447 4048 657 4088 unum.
695 4034 887 4098 Quare
941 4032 1003 4086 in
1055 4032 1320 4087 numeris
1378 4031 1516 4086 ideo
1580 4030 1835 4104 privatio

178 4121 368 4193 ipsius
395 4139 448 4190 a,
474 4121 529 4191 b,
561 4137 612 4183 ι’,
647 4120 942 4176 duntaxat
970 4125 1058 4175 est
1109 4120 1321 4193 prima;
1382 4121 1622 4175 unitatis
1657 4120 1838 4192 :quia

171 4210 304 4266 haec
328 4210 526 4265 unitas
561 4209 827 4264 materiei
880 4223 1095 4280 expers
1165 4213 1270 4263 est.
1319 4211 1381 4262 .ln
1439 4224 1562 4280 qua
1590 4208 1838 4279 quidem

177 4297 404 4368 unitate
435 4295 688 4368 simplici
704 4312 898 4368 neque
921 4296 1176 4350 intensio
1201 4311 1396 4366 neque
1417 4295 1688 4350 remissio
1702 4311 1840 4367 pos-

177 4386 257 4441 sit
283 4385 538 4457 concipi.
563 4387 986 4440 Verumtamen
1009 4399 1375 4455 quocunque
1405 4389 1455 4438 te
1475 4389 1688 4450 vertas,
1717 4385 1841 4438 sive

179 4472 245 4529 in
270 4474 515 4529 materia
545 4473 668 4528 sive
708 4479 872 4528 extra
926 4473 1260 4541 materiam,
1320 4472 1664 4528 communia
1702 4477 1843 4527 sunt

177 4579 219 4621 a
259 4563 358 4626 bc.
384 4568 562 4634 atque
617 4562 1020 4617 intensionem
1068 4567 1124 4616 et
1175 4560 1592 4615 remissionem
1645 4561 1838 4616 susci-

179 4653 355 4726 piunt
378 4667 500 4708 non
523 4667 594 4706 ex
625 4651 978 4723 quantitate,
1005 4649 1108 4704 sed
1139 4666 1210 4705 ex
1231 4649 1534 4721 qualitate,
1568 4655 1632 4704 ut
1660 4650 1835 4705 etiam

178 4757 256 4798 ex
277 4740 604 4812 quantitate
619 4739 850 4812 aequale
868 4738 1232 4810 etinaequale
1252 4738 1601 4810 suscipiunt.
1619 4739 1810 4804 Quam
1823 4769 1839 4778 -

177 4830 390 4887 obrem
435 4828 810 4900 compositio,
864 4827 1080 4884 divisio
1147 4831 1204 4883 et
1256 4827 1387 4905 aliae
1440 4827 1838 4898 proprietates

177 4919 361 4976 unius
389 4920 451 4975 in
475 4919 728 4974 materia
755 4916 1170 4983 numerabilis,
1212 4916 1412 4988 ipsum
1433 4931 1623 4971 unum
1644 4922 1839 4972 mate-

178 5009 273 5064 ria
297 5021 421 5063 non
451 5006 732 5078 spoliant,
755 5021 896 5061 cum
917 5005 1022 5060 ubi
1051 5010 1143 5060 est
1169 5005 1422 5060 materia
1451 5003 1535 5059 ibi
1557 5004 1736 5060 etiam
1767 5005 1845 5060 sit

178 5112 222 5154 α
249 5096 363 5164 bc;
389 5099 444 5150 et
468 5095 529 5150 in
561 5098 684 5150 toto
705 5098 762 5149 et
788 5094 850 5149 in
907 5098 1076 5166 parte
1107 5111 1122 5160 ;
1171 5098 1230 5148 at
1283 5093 1492 5148 unitati
1548 5093 1847 5149 duntaxat

179 5183 456 5241 abcnon
485 5184 658 5239 inest.
711 5186 888 5238 Porro
939 5198 1076 5237 cum
1124 5181 1468 5251 intelligitur
1515 5181 1716 5236 unitas
1779 5188 1844 5238 ut

181 5272 575 5348 progrediens
618 5276 675 5326 et
728 5287 856 5327 sese
887 5285 1248 5342 promovens
1279 5270 1356 5326 ad
1401 5269 1845 5340 copulationes.

181 5372 324 5420 tunc
353 5361 699 5418 aﬁ‘ectiones
728 5361 856 5416 illas
888 5359 1140 5432 suscipit
1196 5376 1349 5432 quas
1399 5362 1748 5430 compositae
1779 5361 1848 5417 ﬁ-

181 5466 346 5521 gurae
377 5451 676 5522 suscipere
708 5449 922 5516 solent,
987 5463 1207 5519 nempe
1240 5453 1301 5501 ut
1328 5446 1660 5520 quantitate
1685 5466 1850 5505 men-

187 5545 420 5595 suretur
450 5544 505 5595 et
539 5538 826 5612 qualitate
872 5536 1252 5606 intelligatur.
1301 5537 1491 5602 Quare
1541 5553 1736 5608 neque
1789 5539 1852 5596 in

187 5643 442 5684 numero
472 5625 570 5683 illo
595 5627 700 5700 qui
749 5631 948 5681 mente
984 5625 1116 5680 sola
1164 5624 1507 5697 percipitur,
1562 5641 1756 5697 neque
1789 5625 1851 5683 in

187 5717 522 5790 quantitate
547 5717 662 5773 sub
703 5730 946 5772 sensum
1001 5715 1254 5771 cadente
1319 5715 1471 5770 inest
1519 5715 1774 5772 intensio
1800 5721 1856 5772 et

1947 3234 2282 3306 aequalitate
2304 3237 2770 3310 etinaaqualitate
2787 3258 2909 3298 non
2931 3244 3253 3316 discernat,
3275 3264 3397 3320 quo
3418 3256 3596 3322 pacto

1946 3323 2228 3386 diximus,
2255 3327 2486 3382 eveniet
2518 3333 2580 3382 ut
2610 3329 2684 3384 de
2706 3329 2946 3387 duobus
2971 3335 3308 3404 aequalibus
3335 3353 3492 3394 unus
3523 3355 3597 3396 ex

1946 3413 2276 3470 intensione
2304 3415 2376 3470 sit
2401 3416 2736 3488 inaequalis,
2779 3420 2928 3476 alter
2963 3437 3105 3478 vero
3127 3439 3200 3480 ex
3218 3427 3596 3486 remissione.

1944 3502 2307 3558 Communes
2337 3504 2498 3560 enim
2525 3511 2662 3561 sunt
2690 3510 2949 3565 termini.
2989 3514 3138 3568 Nam
3162 3517 3228 3569 ut
3253 3515 3434 3572 etiam
3453 3532 3598 3575 con-

1945 3592 2164 3647 cedunt
2183 3593 2286 3664 qui
2315 3599 2532 3650 nostrae
2565 3599 2918 3656 sententiam
2945 3603 3306 3660 contrariam
3336 3610 3594 3679 tuentur,

1945 3685 2031 3736 est
2058 3681 2316 3737 intensio
2341 3683 2401 3737 in
2431 3683 2671 3740 duobus
2697 3689 2964 3745 numeris
3005 3690 3156 3748 inter
3185 3709 3248 3750 se
3275 3709 3597 3768 compara-

1943 3770 2040 3835 tis,
2063 3786 2325 3842 quorum
2355 3778 2603 3845 uterque
2632 3779 2734 3831 aut
2758 3792 2830 3841 ex
2859 3778 2992 3849 pari
3019 3784 3200 3852 atque
3223 3783 3463 3854 impari,
3495 3789 3600 3842 aut

1943 3875 2016 3914 ex
2039 3858 2256 3931 impari
2287 3876 2358 3915 ac
2388 3861 2519 3932 pari
2572 3868 2822 3932 constat,
2880 3861 2984 3923 aut
3036 3883 3300 3940 quorum
3348 3877 3598 3944 uterque

1943 3965 2056 4021 par
2083 3955 2194 4018 est,
2223 3956 2328 4006 aut
2385 3957 2629 4024 uterque
2681 3970 2804 4010 non
2847 3959 3238 4029 compositus.
3267 3962 3444 4034 Atqui
3480 3963 3600 4020 hoc

1946 4054 2066 4093 non
2085 4045 2171 4094 est
2194 4041 2566 4112 quantitatis,
2600 4044 2705 4098 sed
2747 4045 3070 4116 qualitatis.
3098 4053 3287 4121 Atque
3311 4050 3444 4107 hinc
3468 4053 3599 4124 qui-

1946 4129 2085 4184 dem
2112 4130 2406 4201 pertinent
2431 4131 2509 4186 ad
2538 4148 2824 4190 numeros
2855 4140 2978 4192 tam
3033 4139 3377 4196 materiatos
3405 4157 3595 4213 quam

1948 4219 2209 4274 materiae
2232 4224 2522 4290 expertes,
2545 4221 2808 4293 itemque
2854 4223 2927 4280 ad
2960 4223 3181 4283 lineam
3211 4233 3270 4284 et
3291 4230 3370 4285 ad
3398 4246 3602 4303 super-

1947 4309 2165 4364 tionem.
2191 4311 2324 4364 Esto
2352 4309 2530 4379 igitur
2579 4309 2736 4366 linea
2791 4313 3124 4384 superﬁciei
3169 4316 3484 4391 inaequalis
3529 4335 3602 4378 ex

1950 4399 2300 4471 quantitate.
2324 4401 2475 4454 Nam
2521 4406 2624 4456 aut
2665 4401 2924 4458 demitur
2967 4420 3028 4470 a,
3059 4409 3118 4460 et
3144 4409 3286 4464 tunc
3313 4408 3388 4464 de
3414 4409 3604 4466 tribus

1953 4492 2278 4559 supersunt
2307 4489 2339 4542 ὁ
2366 4504 2396 4543 c
2430 4506 2444 4553 ;
2475 4495 2579 4545 aut
2623 4489 2882 4546 demitur
2927 4508 2978 4559 ι’,
3033 4499 3090 4550 et
3136 4499 3276 4552 tunc
3299 4497 3375 4554 de
3408 4499 3602 4558 tribus

1953 4583 2275 4648 supersunt
2301 4592 2339 4632 a
2369 4577 2423 4632 ὁ.
2449 4579 2639 4643 Quare
2672 4579 2830 4636 linea
2877 4583 3117 4652 quidem
3139 4590 3231 4642 est
3255 4587 3474 4655 minor,
3505 4605 3603 4645 su-

1948 4665 2220 4736 perﬁcies
2246 4681 2384 4721 vero
2431 4667 2645 4738 major,
2709 4674 2885 4725 sunto
2935 4671 3116 4742 igitur
3143 4689 3182 4730 a
3215 4675 3249 4730 b
3273 4675 3364 4731 cd
3391 4690 3422 4731 e
3443 4676 3485 4744 Γ
3507 4691 3602 4732 su-

1947 4754 2240 4827 perﬁcies,
2273 4755 2487 4812 eodem
2511 4757 2697 4814 modo
2721 4772 2760 4814 a
2799 4759 2833 4814 b
2855 4774 2888 4815 c
2943 4759 3001 4815 d.
