4066 6212
189 320 218 380 1
229 322 341 382 33“!

1089 322 1445 384 THEODORI
1464 321 1522 382 II
1551 324 1692 383 IMP.
1720 322 1812 383 DE
1850 321 2308 384 COMMUNIONE
2353 327 2730 387 NATURALI.

3481 339 3620 416 1338

189 455 274 520 τῷ
331 441 562 506 ἓνδικα.,
625 446 728 500 Καὶ
791 448 945 499 τοῦτο
1011 465 1146 503 κατα
1181 451 1240 504 1'6
1288 451 1520 530 ἄπειρον.
1559 451 1629 505 T6
1685 448 1862 503 ἄνισον
1895 449 1942 504 Α
1977 470 2126 513 τασις
2158 446 2216 505 δὲ
2265 471 2355 506 και
2411 453 2586 522 ἄνεσις
2642 457 2776 509 κατὰ
2804 458 2970 525 ποιὸν,
3011 476 3100 511 και
3155 464 3248 513 τοῦ
3291 460 3381 534 μὲν
3429 464 3486 519 τὸ
3534 465 3621 520 ἁλ-

187 539 300 610 ογάρ
346 539 472 610 πρὸς
505 529 618 587 ἶσόν
673 532 874 606 λέγεται
916 555 930 569 ο
979 537 1091 610 ἔστι
1137 535 1197 594 δὲ
1240 542 1375 597 κατά
1416 529 1486 595 1'6
1543 541 1720 612 μεῖζον
1775 541 1865 592 καὶ

187 625 410 685 ἔλαττον
457 623 748 697 λεγόμενον.
829 625 1099 690 Ἐπίτασις
1146 624 1204 682 δὲ
1257 633 1346 686 καὶ
1403 629 1581 692 ἄνεσις
1635 633 1865 702 φαίνεται

188 724 296 778 τῆς
367 717 645 776 ποιότητος
753 713 822 781 ἓν,
924 715 1083 778 αὐτῆς
1140 721 1231 772 καὶ
1348 721 1449 795 γὰρ
1573 717 1862 791 ἐπιφάνεια,

195 805 248 864 ἓν
303 801 362 858 δι
388 808 627 879 γραμμὴ,
661 801 785 856 ἄλλο
817 799 872 858 δ’
921 807 1034 858 ἔστι
1063 811 1153 859 καὶ
1182 806 1325 878 ἄλλο,
1383 812 1474 863 καὶ
1515 807 1610 862 ούχ
1647 806 1824 861 ἀλλοία
1847 845 1860 860 .

193 895 226 954 ἠ
262 901 388 966 γοῦν
419 891 474 956 ἓξ
519 901 614 956 τῆς
660 896 782 968 τρία
835 892 1073 951 ἐπιτάσει
1130 899 1188 951 τὸ
1242 893 1440 951 ἀλλοῖον
1507 900 1641 972 ἔχει,
1687 902 1777 952 καὶ
1828 900 1858 962 ἠ

194 981 340 1038 ἐννέα
407 991 497 1045 τῆς
552 983 624 1050 ἓξ,
671 987 761 1038 καὶ
808 985 838 1044 ἡ
899 980 1030 1041 δέκα
1081 995 1178 1050 τῆς
1233 985 1373 1042 ἐννέα
1425 989 1454 1049 ἣ
1510 996 1600 1051 τῆς
1656 985 1860 1058 ἕνδεκα,

191 1078 476 1138 ποιότητος
497 1069 556 1127 δι
576 1076 750 1140 τὸύτο,
788 1072 916 1127 ἀλλά
953 1071 1022 1136 δὴ
1054 1081 1144 1130 καὶ
1187 1079 1216 1137 ἠ
1252 1081 1344 1142 ἴση
1395 1083 1486 1135 καὶ
1541 1079 1720 1142 ἄνισος
1771 1087 1863 1142 τῆς

193 1183 231 1217 οι
281 1162 317 1238 β
369 1185 427 1236 γ,
479 1171 643 1224 τῆςα
681 1160 719 1236 β
769 1183 803 1237 7
871 1159 908 1218 δ
952 1169 1042 1218 καὶ
1093 1165 1129 1239 β
1183 1170 1279 1240 γὴ
1319 1166 1419 1241 αβ
1465 1168 1656 1236 εὐθεῖα,
1716 1173 1861 1222 ποιό-

188 1271 314 1313 τητι
371 1249 431 1306 δε
480 1250 657 1305 ἀλλοία
699 1259 791 1315 τῆς
833 1273 867 1306 α
916 1251 953 1326 β
1003 1255 1034 1316 ἦ
1090 1262 1186 1319 τῆς
1239 1255 1309 1380 βὸ
1335 1261 1631 1321 ποιότητος.
1687 1264 1860 1334 Γραμ-

874 1344 908 1380 ’ν

190 1440 300 1508 μῆς
330 1434 432 1508 γὰρ
470 1434 532 1486 1'6
571 1432 692 1486 εὐθὺ
749 1437 837 1486 καὶ
885 1437 1173 1511 περιφερες,
1209 1433 1502 1490 ἱδιαίτατον
1553 1457 1611 1492 σε
1664 1441 1861 1502 ταύτης

190 1527 256 1578 τὸ
311 1521 529 1585 ἀπλατές
579 1543 592 1558 ·
641 1523 698 1586 ὃς
740 1523 835 1576 ούκ
870 1521 920 1576 ἕν
965 1524 1102 1598 ἄλλῳ
1145 1531 1245 1580 τινὶ
1300 1528 1656 1603 εὑρεθήσεται.
1697 1533 1863 1606 Πέρα-

190 1633 264 1667 τοι
316 1609 376 1666 δε
403 1621 502 1677 τῆς
558 1614 650 1686 μεν
685 1611 977 1687 ὶπιφανείας
1033 1621 1276 1690 γραμμαί
1329 1637 1342 1651 ·
1395 1620 1558 1670 εἶτουν
1610 1621 1670 1671 1'6
1723 1639 1757 1672 α
1799 1617 1858 1692 β,

191 1700 291 1756 κᾶν
317 1705 409 1762 ἴση
450 1700 546 1755 κάν
583 1704 788 1770 ἄνισος,
819 1701 914 1756 κᾶν
963 1704 1152 1778 μείζων
1219 1705 1314 1759 κᾶν
1371 1705 1592 1760 ἔλαττων
1625 1726 1639 1742 ο
1693 1728 1862 1782 γραμ-

193 1799 298 1866 μῆς
328 1787 388 1846 δι
414 1797 654 1866 στιγμαί.
695 1791 859 1846 Ὀλου
913 1791 974 1848 δὲ
1001 1797 1059 1848 τό
1099 1815 1134 1848 α
1187 1793 1224 1868 β
1263 1816 1322 1869 γ,
1378 1794 1473 1848 κᾶν
1522 1797 1716 1870 μείζων
1765 1797 1860 1851 κᾶν

195 1879 449 1939 ἐλάττων.
479 1881 620 1936 Ἷσοι
646 1889 773 1956 γοῦν
801 1883 828 1935 6
868 1887 1011 1960 τρία,
1037 1889 1126 1938 καὶ
1155 1892 1182 1938 ό
1225 1889 1370 1959 τρία,
1418 1887 1444 1938 6
1501 1884 1555 1950 ἓξ
1573 1890 1662 1940 καὶ
1716 1887 1742 1940 ὁ
1786 1886 1856 1960 ἓξ,

195 1971 224 2025 ὃ
269 1969 408 2024 ἐννέα
443 1974 535 2025 καὶ
579 1973 605 2024 6
653 1972 817 2040 ἐννέα,
862 1973 889 2026 ὀ
938 1969 1070 2027 δέκα
1119 1979 1211 2028 καὶ
1251 1976 1279 2028 6
1335 1971 1468 2029 δέκα
1515 1989 1532 2006 ⁸
1579 1975 1754 2030 ἄνισοι
1800 1972 1862 2047 δξ

189 2063 320 2135 πρὸς
370 2059 644 2138 ἄκατέρονς
709 2063 846 2115 κατά
906 2064 966 2116 τὸ
1029 2063 1207 2137 μεῖζον
1263 2068 1353 2117 καὶ
1410 2063 1620 2118 ἔλαττον
1658 2086 1672 2100 ο
1735 2067 1858 2141 ὅπερ

192 2148 333 2204 ἔστιν
387 2148 501 2204 ἶσον
543 2156 634 2205 καὶ
679 2151 879 2207 ἄνισον.
954 2157 1056 2206 Καὶ
1141 2155 1197 2206 αἱ
1273 2159 1514 2227 γραμμαὶ
1579 2156 1716 2207 κατά
1771 2158 1858 2208 τὸν

194 2239 352 2292 αὐτὸν
411 2238 566 2312 λόγον
621 2238 734 2294 ἶσαι
785 2246 875 2295 καὶ
928 2242 1103 2295 ἄνισοι
1149 2263 1162 2277 ο
1213 2246 1350 2296 κατά
1412 2246 1472 2296 τὸ
1521 2244 1701 2317 μεῖζον
1768 2249 1859 2298 καὶ

195 2330 423 2400 ἔλαττον,
485 2331 608 2405 ὅπερ
672 2329 812 2384 ἐστὶν
893 2328 1007 2385 ἴσον
1093 2336 1184 2386 καὶ
1265 2334 1465 2403 ἄνισον,
1539 2331 1723 2387 ἀλλοία
1798 2331 1859 2389 δὲ

193 2423 474 2483 ποιότητος
548 2415 776 2492 διαφορὰ
839 2419 1128 2493 ἐπιφάνεια,
1189 2425 1325 2475 κατά
1377 2425 1538 2475 ταντό
1624 2418 1684 2476 δὲ
1769 2428 1859 2476 καὶ

194 2513 440 2585 γραμμή.
494 2509 634 2562 Ἐπεὶ
685 2515 814 2580 γοῦν
862 2514 952 2561 καὶ
1007 2518 1222 2584 ’γραμμῇ
1276 2515 1366 2564 καὶ
1414 2509 1708 2588 ἐπιφανείᾳ,
1767 2517 1858 2568 καὶ

205 2606 398 2672 στερεῶ
442 2602 532 2650 καὶ
589 2596 792 2672 ἀριθμῷ
849 2599 1088 2676 αἰσθητῷ
1137 2619 1192 2654 τε
1237 2605 1328 2654 καὶ
1387 2609 1559 2672 νοητῷ
1617 2605 1858 2662 ποιότητί

207 2686 252 2743 θ’
309 2687 552 2747 ὡσαύτως
595 2690 684 2739 καὶ
767 2691 918 2741 παντὶ
969 2689 1242 2763 πράγματι
1328 2689 1690 2758 (ἐπακολουθεῖ
1756 2693 1858 2765 γὰρ

199 2779 406 2837 τούτοις
473 2795 560 2831 και
635 2781 844 2840 κίνησις
917 2797 1008 2831 και
1075 2783 1240 2852 φωνὴ,
1302 2777 1483 2844 ἰσότης
1542 2783 1714 2854 μέντοι
1769 2799 1858 2835 και

197 2867 364 2941 φωνὴ)
431 2865 612 2928 ἰσότης
679 2871 856 2940 μέντοι
905 2887 996 2922 και
1045 2865 1294 2934 ἀνισότης
1332 2871 1470 2924 κατά
1504 2873 1688 2940 ποσὸν,
1737 2869 1858 2925 ἐπί-

1975 534 2052 606 λο,
2085 545 2176 590 τοῦ
2200 535 2258 592 δὲ
2296 543 2354 593 τό
2421 539 2637 610 ἀλλοῖον,
2703 544 2812 598 οὔθ’
2869 545 3053 609 ἓνωσις
3097 550 3214 607 οὔτε
3259 549 3621 618 αύτοποσότης

1975 635 2048 700 τῷ
2078 637 2226 700 ποσῷ
2274 631 2512 688 ἐπίτασιν
2546 630 2656 692 δὼη
2725 634 2755 696 ἢ
2809 635 3002 702 ἄνεσιν,
3051 639 3166 693 οὔτε
3219 642 3313 698 τὴν
3369 645 3624 702 ποιότητα

1975 717 2325 794 ἀποστερήσει
2385 721 2670 787 ἕπιτοίσεως
2749 744 2840 778 και
2913 725 3146 795 ἀνέσεως,
3226 729 3346 803 ὅπερ
3394 738 3486 785 τοῦ
3535 731 3623 786 ἀλ-

1972 807 2115 867 λοίου
2162 808 2276 866 ἔστί
2332 812 2405 886 (1)
2473 829 2487 868 :
2533 833 2624 866 και
2674 812 2785 868 ἐπεί
2835 815 2865 874 ἡ
2927 813 3164 879 ἐπίτασις
3219 838 3308 872 και
3363 822 3395 880 ἡ
3447 823 3622 884 ἄνεσις

1973 899 2033 955 οὐ
2106 908 2198 955 τοῦ
2273 901 2450 975 ἄλλον,
2508 902 2636 958 ἀλλά
2689 911 2780 958 τοῦ
2856 903 3079 963 ἀλλοίου.
3146 912 3247 962 Καί
3300 913 3357 964 τό
3415 931 3449 964 α
3494 912 3530 986 β
3586 936 3620 988 γ

1973 986 2008 1078 6‘
2059 991 2374 1065 τετράγωνον
2427 992 2521 1047 οὐκ
2572 995 2677 1070 ἄρα
2723 993 2849 1048 ἄλλο
2902 1003 2994 1049 τοῦ
3032 995 3070 1068 ψ
3129 1019 3160 1071 φ
3200 1020 3240 1051 ω
3293 1020 3337 1072 χ
3390 986 3622 1078 διαφέρει

1971 1076 2032 1136 δε
2085 1090 2233 1154 ποσῷ
2289 1090 2361 1155 τῷ
2417 1082 2580 1157 ἀνίσῳ
2650 1091 2783 1140 ποιῶ
2839 1081 2899 1140 δὲ
2949 1094 3021 1158 τῷ
3069 1084 3274 1162 ἀλλοίῳ,
3341 1094 3505 1146 εἴτουν
3555 1102 3617 1170 τῇ

1969 1168 2203 1226 ἕπιτοίσει.
2233 1191 2322 1225 και
2356 1181 2418 1246 τῇ
2476 1172 2664 1240 ἀνέσει,
2741 1174 2836 1228 οὐκ
2889 1175 3010 1229 ἄλλο
3074 1185 3199 1250 γοῦν
3243 1177 3349 1233 ἀλλ’
3423 1168 3621 1238 αλλοῖον

1967 1269 2059 1318 τοῦ
2085 1263 2323 1338 μείζονος
2371 1265 2430 1316 τὸ
2481 1263 2723 1336 ἔλαπτον,
2775 1261 3020 1339 ὁμοειδὴς
3072 1264 3132 1321 δὲ
3186 1289 3277 1323 και
3329 1279 3425 1335 τῆς
3461 1273 3622 1338 αὐτῆς

2426 1417 3156 2149 χ,

1966 2237 2152 2304 οὐσίας
2187 2259 2277 2294 και
2320 2244 2619 2314 ποιότητος,
2667 2248 2766 2296 Καί
2825 2243 3041 2317 Θυμικός
3084 2243 3189 2318 ἄρα
3233 2241 3263 2302 ἢ
3321 2245 3420 2303 πᾶς
3472 2237 3626 2295 ἄλλος

1965 2334 2096 2406 πρὸς
2151 2333 2238 2384 τὸν
2313 2329 2528 2406 ὁμοειδῆ
2610 2333 2705 2386 οὐκ
2794 2332 2966 2400 ἄλλος,
3043 2331 3251 2394 ’ἀλλοῖος
3325 2339 3388 2404 τῇ
3447 2328 3626 2384 ἐπιτά-

1969 2439 2048 2474 σει
2117 2440 2207 2472 και
2252 2429 2314 2495 τῇ
2368 2422 2564 2494 ὑφέσει,
2617 2422 2660 2476 εἰ
2731 2418 2987 2496 διαφέρει.
3045 2426 3144 2476 Καί
3178 2418 3397 2494 ἐδείχθη
3464 2425 3628 2472 ταῦτα

1965 2512 2135 2572 καθὼς
2187 2505 2294 2564 ἔδει
2338 2507 2648 2584 δειχθῆναι.
2702 2515 2790 2565 Διὸ
2848 2511 2942 2565 οὐκ
3001 2510 3148 2564 ἀλλον
3192 2513 3280 2563 τόν
3325 2509 3542 2582 θυμικὸν
3593 2507 3622 2567 ἢ

1967 2597 2342 2672 ἐπιθυμητικὸν
2395 2600 2422 2654 ό
2477 2605 2662 2676 κρίνων
2724 2597 2981 2674 διακρινεί
3027 2607 3118 2652 τοῦ
3188 2595 3482 2673 ὁμοειδοῦς,
3535 2593 3629 2650 διὰ

1965 2693 2058 2749 τὴν
2120 2688 2176 2742 ἐκ
2227 2692 2508 2753 ποιότητος
2551 2689 2724 2746 ἄνεσιν
2781 2691 2811 2751 ἦ
2891 2689 3149 2756 ἐπίτασιν,
3210 2687 3255 2742 εἰ
3307 2695 3381 2760 τῷ
3433 2689 3488 2741 ἑκ
3535 2693 3628 2739 τοῦ

1966 2785 2135 2834 ποσοῦ
2210 2778 2454 2856 ἀπατηθῇ
2516 2783 2614 2854 ἴσῳ
2667 2799 2755 2833 και
2823 2778 2985 2853 ἀνίσῳ
3045 2780 3181 2832 κατά
3241 2779 3456 2840 τούτους
3507 2778 3628 2838 τοὺς

1967 2869 2148 2944 λόγους
2179 2891 2192 2905 ο
2233 2872 2348 2947 ἔχει
2400 2890 2490 2924 και
2536 2873 2638 2946 ’γὰρ
2689 2869 2879 2947 ἀκριϐῆ
2962 2874 3058 2930 τὴν
3111 2865 3402 2933 ἀπόδειξιν.
3453 2865 3629 2919 Οὕτω·

196 3042 358 3100 tione
403 3044 755 3118 quantitatis
814 3048 872 3102 et
930 3061 1054 3102 non
1113 3045 1452 3104 aliusmodi.
1506 3048 1857 3121 Superﬁcies
1891 3053 1932 3110 C
1971 3052 2169 3107 mente
2188 3047 2531 3122 percipitur,
2557 3047 2825 3121 qualitati
2854 3061 3100 3121 quoque
3127 3048 3306 3118 atque
3327 3043 3480 3101 adeo
3501 3041 3621 3098 cui-

195 3131 377 3204 igitur
405 3149 542 3208 quas
565 3150 668 3191 sex
692 3133 753 3190 in
781 3151 849 3191 se
873 3135 1286 3209 complectitur
1311 3136 1532 3194 additis
1560 3137 1748 3194 tribus
1777 3139 1862 3194 in-

198 3221 461 3279 tenditur
497 3227 554 3280 et
581 3228 1025 3282 commutatur:
1059 3229 1114 3282 et
1167 3240 1388 3282 novem
1447 3227 1862 3300 complectitur

196 3311 417 3369 additis
456 3329 578 3384 sex,
611 3313 940 3371 intenditur
969 3319 1027 3372 et
1053 3315 1360 3372 dissimilis
1410 3316 1628 3384 evadit,
1680 3317 1861 3374 Item-

196 3415 313 3474 que
342 3417 478 3474 quae
519 3402 730 3460 decem
788 3403 1201 3477 complectitur
1265 3405 1609 3478 superﬁcies
1643 3405 1862 3462 additis

177 3505 412 3567 novem
445 3499 549 3548 aut
583 3491 860 3548 undecim
903 3491 1211 3549 dissimilis
1242 3493 1462 3551 evadit.
1495 3497 1614 3550 Hoc
1660 3499 1862 3552 autem

197 3584 286 3636 est
317 3579 638 3652 qualitatis.
663 3582 839 3654 Atqui
864 3582 1022 3638 linea
1056 3587 1218 3640 recta
1243 3598 1280 3640 a
1311 3585 1344 3640 ὁ
1372 3599 1403 3640 c
1431 3584 1678 3658 aequalis
1701 3590 1790 3642 est
1811 3589 1867 3641 et

194 3668 510 3741 inaequalis
538 3667 707 3726 lineis
732 3687 768 3727 a
819 3671 851 3726 b
881 3687 930 3739 ο,
959 3687 995 3727 a
1044 3672 1077 3728 b
1107 3688 1138 3728 c
1169 3673 1228 3741 ιι,
1265 3673 1297 3728 b
1328 3688 1360 3730 c
1409 3687 1433 3744 ,'
1471 3674 1579 3730 sed
1622 3679 1866 3748 propter

194 3759 546 3832 qualitatem
589 3765 676 3816 est
729 3761 1058 3817 dissimilis.
1117 3765 1268 3819 Nam
1344 3763 1516 3820 linere
1551 3764 1666 3820 hoc
1723 3781 1865 3838 pro-

193 3847 397 3922 prium
436 3853 524 3905 est
551 3853 614 3905 ut
643 3850 715 3906 sit
743 3856 906 3907 recta
941 3851 1033 3906 vel
1065 3851 1315 3925 obliqua
1344 3871 1356 3921 ;
1391 3855 1654 3910 maxime
1722 3871 1864 3910 vero

194 3938 531 4010 proprium,
565 3943 628 3996 ut
657 3939 731 3995 sit
764 3940 1093 3996 latitudinis
1131 3956 1344 4014 expers
1383 3958 1396 3996 :
1436 3957 1570 4015 quia
1617 3943 1863 4015 quidem

195 4027 532 4100 proprietas
585 4029 645 4084 in
687 4029 851 4085 nulla
926 4028 1042 4085 alia
1076 4045 1138 4084 re
1186 4031 1426 4103 reperiri
1481 4035 1694 4104 potest.
1736 4035 1867 4088 Ter-

196 4115 349 4172 mini
380 4133 522 4173 vero
551 4133 656 4174 seu
703 4117 854 4175 lines
895 4118 1226 4191 superﬁciei
1254 4127 1391 4177 sunt
1421 4121 1589 4177 lineae
1643 4127 1727 4190 ut,
1767 4138 1864 4178 ex-

1971 3138 2116 3195 libet
2141 3137 2227 3194 rei
2255 3138 2408 3194 inest
2433 3137 2746 3211 aequalitas
2779 3141 2834 3192 et
2861 3133 3238 3208 inaequalitas
3275 3149 3349 3190 ex
3389 3131 3626 3205 quanti-

1973 3230 2110 3298 tate,
2137 3225 2396 3283 intensio
2426 3241 2564 3282 vero
2595 3229 2652 3281 et
2680 3223 2950 3280 remissio
2988 3239 3061 3280 ex
3088 3222 3391 3296 qualitate,
3422 3237 3492 3278 ac
3521 3235 3629 3294 per

1971 3316 2140 3374 illam
2161 3317 2408 3390 quidem
2430 3315 2562 3371 alite
2588 3331 2687 3370 res
2717 3313 3018 3384 dicuntur,
3050 3328 3157 3386 per
3211 3313 3368 3368 hanc
3425 3314 3628 3368 autem

1972 3404 2334 3462 dissimiles:
2382 3408 2538 3460 certe
2589 3419 2788 3477 neque
2839 3402 3003 3471 unio,
3048 3417 3244 3474 neque
3302 3400 3626 3476 quantitas,

1973 3501 2201 3568 quanto
2233 3494 2410 3551 alicui
2448 3493 2848 3550 intensionem
2881 3497 2936 3548 et
2965 3491 3382 3548 remissionem
3410 3489 3578 3546 dabit
3609 3506 3622 3544 :

1972 3601 2168 3656 neque
2206 3600 2413 3640 rursus
2442 3584 2794 3657 qualitatem
2822 3582 3154 3638 intensione
3182 3585 3238 3638 et
3273 3578 3626 3636 remissione

1973 3673 2252 3747 privabit.
2307 3675 2372 3729 Et
2424 3673 2715 3745 quoniam
2767 3671 3024 3728 intensio
3084 3675 3142 3728 et
3181 3669 3452 3726 remissio
3502 3682 3627 3724 non

1977 3762 2140 3819 aliud
2172 3762 2436 3818 efﬁciunt
2468 3762 2574 3817 sed
2601 3760 3139 3818 dissimilitudinem
3171 3759 3448 3816 afferunt.
3473 3759 3629 3825 Qua-

1974 3851 2338 3922 drangulum
2368 3867 2508 3922 ergo
2538 3867 2574 3907 a
2605 3852 2634 3906 b
2663 3867 2693 3906 ί·
2713 3851 2755 3906 d
2778 3867 2900 3906 non
2931 3850 3039 3906 erit
3065 3849 3229 3905 aliud
3259 3865 3294 3905 a
3323 3847 3628 3920 quadran-

1975 3939 2115 4011 gulo
2143 3957 2181 4012 y
2203 3957 2292 3998 xz
2315 3957 2370 3998 υ.
2395 3939 2672 3997 Diti‘erent
2698 3943 2894 3996 autem
2919 3939 3069 3995 inter
3096 3954 3159 3993 se
3182 3953 3254 3993 ex
3275 3935 3627 4009 quantitatis

1973 4031 2396 4103 inaequalitate,
2431 4035 2487 4086 et
2517 4030 2564 4085 si
2586 4028 2937 4102 qualitatem
2970 4033 3198 4101 spectes
3223 4042 3296 4082 ex
3326 4025 3628 4082 dissimili-

1973 4119 2199 4185 tudine,
2232 4120 2347 4176 hoc
2377 4125 2465 4175 est
2494 4136 2566 4176 ex
2599 4119 2935 4175 intensione
2959 4123 3014 4174 et
3043 4116 3413 4173 remissione.
3437 4117 3628 4171 Minus

195 4205 376 4278 empli
401 4206 610 4275 gratia,
644 4206 802 4264 linea
844 4223 882 4264 (ι
916 4208 969 4274 b,
1003 4211 1284 4281 quamvis
1339 4211 1587 4284 aequalis
1620 4215 1723 4267 aut
1778 4211 1863 4267 in-
1898 4223 1942 4278 1)
1974 4225 2116 4281 ergo
2148 4209 2513 4280 triangulum
2545 4225 2668 4266 non
2689 4213 2778 4265 est
2799 4208 2961 4265 aliud
2989 4223 3026 4263 a
3053 4207 3300 4277 majore,
3331 4205 3433 4262 sed
3460 4203 3630 4260 dissi-

193 4295 470 4367 aaqualis,
517 4297 714 4368 major
765 4303 866 4353 aut
919 4299 1132 4354 minor.
1197 4300 1386 4356 Linea:
1436 4317 1578 4357 vero
1630 4300 1865 4358 termini

195 4389 344 4442 sunt
399 4391 640 4457 puncta.
705 4387 906 4442 Totius
955 4403 1098 4443 vero
1146 4403 1182 4443 a
1236 4389 1268 4445 ὁ
1334 4405 1385 4457 c,
1442 4390 1556 4446 hoc
1609 4394 1726 4447 tres
1773 4391 1862 4446 di-

193 4474 572 4539 mensiones,
595 4476 720 4531 sive
752 4480 942 4532 totum
966 4475 1116 4532 illud
1139 4478 1346 4549 majus,
1401 4478 1524 4534 sive
1549 4480 1738 4535 minus
1766 4481 1860 4537 sit.

197 4563 476 4636 quualia
507 4563 684 4635 igitur
709 4568 848 4620 sunt
879 4566 988 4632 tria
1018 4571 1074 4620 et
1105 4567 1236 4634 tria,
1284 4581 1502 4622 novem
1535 4573 1589 4623 et
1618 4585 1862 4638 novem,

194 4655 412 4710 decem
458 4659 513 4708 et
575 4653 833 4721 decem;
871 4653 1204 4726 inaequales
1269 4661 1466 4710 autem
1527 4664 1664 4712 sunt
1713 4660 1864 4713 inter

193 4758 263 4798 se
313 4758 385 4798 ex
425 4743 674 4814 majoris
720 4748 777 4800 et
823 4744 1070 4799 minoris
1123 4745 1572 4817 comparatione
1625 4763 1638 4801 :
1695 4747 1861 4818 quod

194 4833 443 4905 proprie
510 4831 723 4887 dicitur
802 4848 930 4887 esse
1009 4833 1237 4905 aequale
1286 4839 1340 4890 et
1395 4833 1709 4907 intequale.
1762 4837 1862 4891 Ea.

195 4923 341 4979 dem
367 4922 595 4978 ratione
625 4921 794 4978 linere
827 4921 1094 4995 aequales
1145 4929 1202 4979 et
1251 4923 1582 4996 inaequales
1625 4940 1694 4980 ex
1735 4942 1862 4983 ma-

189 5011 342 5086 joris
380 5018 437 5066 et
465 5011 715 5068 minoris
747 5013 1197 5085 comparatione
1229 5013 1508 5068 dicuntur
1533 5030 1685 5069 esse.
1719 5017 1861 5080 Quae

197 5098 450 5172 quidem
481 5116 624 5155 vera
669 5104 760 5156 est
798 5099 1154 5172 aequalitalis
1201 5105 1258 5155 et
1297 5101 1719 5172 inmqualitatis
1771 5119 1863 5159 ra-

199 5191 305 5245 tio.
355 5188 667 5244 Dissimilis
732 5204 871 5244 vero
929 5188 1142 5243 dicitur
1217 5190 1562 5261 superficies
1619 5195 1864 5262 propter

200 5277 510 5351 qualitatis
565 5276 978 5333 differentiam.
1045 5277 1386 5350 Eodemque
1444 5279 1627 5335 modo
1683 5278 1859 5336 linea.

205 5368 504 5435 Quoniam
566 5367 746 5438 igitur
822 5366 1013 5434 lineae,
1065 5367 1418 5440 superﬁciei,
1479 5368 1692 5438 solido,
1751 5386 1861 5426 nu-

206 5474 374 5516 mero
413 5457 526 5514 sub
579 5472 826 5514 sensum
866 5455 1122 5527 cadenti,
1173 5458 1434 5530 itemque
1473 5473 1726 5515 numero
1758 5459 1862 5532 qui

1973 4299 2132 4356 mile.
2175 4301 2322 4356 Sunt
2373 4305 2572 4354 autem
2625 4297 2800 4353 unius
2844 4297 3072 4362 formae,
3126 4295 3306 4350 unius
3355 4295 3626 4351 essentia:

1973 4396 2027 4447 et
2053 4387 2370 4462 qualitatis.
2404 4386 2933 4458 lracundusigitur
2963 4384 3291 4459 etquilibet
3337 4385 3488 4441 alius
3538 4400 3628 4440 ra-

1973 4480 2129 4536 tione
2169 4478 2422 4548 alicujus
2441 4477 2766 4550 qualitatis,
2817 4493 2953 4550 qute
2987 4477 3060 4533 sit
3110 4475 3381 4548 ejusdem
3413 4472 3629 4546 speciei

1971 4573 2354 4640 comparatus
2379 4583 2512 4622 cum
2548 4566 2684 4632 alio,
2716 4581 2836 4621 non
2878 4567 2984 4622 erit
3013 4565 3164 4622 alius
3195 4565 3297 4622 sed
3326 4561 3628 4620 dissimilis

1970 4665 2213 4731 propter
2263 4657 2616 4713 intensionis
2671 4661 2727 4712 et
2787 4656 3155 4712 remissionis
3202 4652 3617 4710 differentiam.

1970 4753 2159 4819 Atque
2196 4747 2324 4802 haec
2349 4746 2760 4802 demonstrata
2790 4749 2929 4801 sunt
2977 4749 3041 4800 ut
3069 4742 3332 4816 oportuit
3373 4741 3627 4796 demon-

1970 4836 2160 4892 strari.
2192 4834 2558 4900 Quambrem
2594 4849 2715 4890 non
2739 4833 2926 4888 alium
2948 4831 3304 4888 iracundum
3329 4832 3432 4885 aut
3460 4827 3624 4900 cupi-

1969 4924 2115 4981 dum
2145 4924 2411 4980 indicare
2431 4923 2612 4978 debet
2637 4922 2854 4994 aliquis
2880 4937 3018 4976 eum
3041 4920 3147 4992 qui
3169 4919 3360 4988 magis
3389 4921 3492 4974 aut
3515 4917 3624 4974 mi-

1967 5029 2082 5069 nus
2113 5018 2200 5068 est
2225 5011 2576 5077 iracundus,
2601 5010 2792 5078 magis
2823 5015 2926 5064 aut
2951 5009 3149 5064 minus
3179 5007 3452 5079 cupidus,
3481 5002 3622 5064 cum

1969 5103 2083 5158 sint
2112 5103 2380 5172 ejusdem
2415 5099 2652 5172 speciei.
2689 5101 2887 5169 Neque
2931 5097 3109 5154 debet
3156 5097 3353 5169 decipi
3389 5097 3628 5170 quanti-

1972 5192 2102 5248 tatis
2133 5191 2471 5264 iequalitate
2494 5193 2549 5244 et
2569 5187 2989 5259 inrequalitate.
3020 5188 3206 5244 liabet
3235 5190 3395 5243 enim
3425 5187 3487 5243 in
3530 5187 3626 5244 his

1971 5279 2347 5336 sermonibus
2386 5281 2733 5333 accuratam
2788 5276 3384 5334 demonstrationem.
3433 5278 3626 5348 Atque

1969 5369 2084 5425 hoc
2115 5368 2298 5424 modo
2329 5366 2574 5440 sapiens
2617 5365 2966 5423 observabit
3013 5367 3314 5424 naturales
3345 5363 3622 5422 animalis

1970 5458 2198 5515 ratione
2223 5455 2453 5530 praediti
2479 5455 3078 5528 communicationes,
3131 5459 3188 5512 et
3214 5471 3336 5528 quo
3381 5451 3621 5524 ingenio

282 5660 355 5733 (1)
385 5657 547 5736 Ὀπερ
578 5659 638 5714 ὀύ
676 5665 769 5716 τοῦ
803 5657 1008 5716 ἀλλοίου
1033 5662 1174 5722 ἕστιζ
1213 5664 1334 5720 Hoc
1362 5661 1597 5722 videtur
1628 5657 1988 5722 addititiumi
