4066 6212
569 318 706 376 1339
2085 314 2175 368 AD

2250 311 2442 370 ENDA.
3761 317 3856 371 nu

567 448 696 513 ’γοῦν
733 444 825 503 τὰς
872 440 921 495 ἂν
958 449 1025 501 τῆ
1079 442 1232 514 φύσει
1277 446 1545 503 κοινωνίας
1602 446 1693 494 τοῦ
1738 440 1952 511 λογικοῦ
2006 438 2144 500 ζὼου
2195 439 2221 490 ὁ
2260 484 2305 537 Α
2335 435 2577 512 ωδότερα
2640 441 2803 501 οὕτως
2876 442 3035 511 ἔχειν.
3093 437 3213 490 Εἰσὶ
3265 439 3364 510 γὰρ
3421 444 3590 509 σημεῖα
3644 438 3767 491 πολλὰ
3808 441 3862 491 ἱαο

569 528 872 605 ἐπιστήμων
952 538 1266 605 παρατηρῶν
1324 530 1372 583 ἓν
1429 532 1648 584 ἕκαστον
1710 535 1983 603 γινώσκειν
2056 525 2220 581 δύνα-
2260 523 2305 537 ﬂ
2334 536 2486 602 τρικῇ
2538 535 2627 582 καὶ
2683 528 3025 602 φυσιολογικῇ
3104 523 3423 598 δεδειγμένσ,
3490 525 3537 588 ἐξ
3600 527 3654 577 ὧν
3702 524 3864 580 δύναται
3956 536 3957 545 ‘

567 640 675 687 ται,
712 624 882 682 καθὼς
931 623 1044 693 ἔχει
1092 624 1290 692 φύσεως
1342 635 1358 650 ⁸
1418 626 1508 673 καὶ
1564 620 1658 673 οὐκ
1714 622 1958 693 ἀπατηθῇ
2012 619 2070 670 ἂν
2118 625 2223 671 πὼ-
2332 625 2461 670 νοεῖν
2525 621 2589 671 τὰ
2643 627 2742 671 τῶν
2791 618 2978 670 ὑλικῶν
3050 614 3350 670 διαθέσεων.
3421 622 3597 687 Ὠσπερ
3656 622 3753 685 γοῦν
3796 637 3865 668 τινι

568 727 709 776 ποτε,
756 707 883 761 ἀλλὰ
922 706 1179 783 διακρινεί
1217 712 1275 761 τὸ
1336 712 1488 782 φύσει
1543 717 1775 783 κρεῖττον
1834 714 1924 761 καὶ
1982 712 2040 761 τὸ
2085 711 2223 761 θέσει
2333 703 2553 778 Λυδικῷ
2633 706 2760 778 λίθῳ
2822 702 2990 765 τοῖςδε
3033 704 3228 775 λόγοις,
3296 702 3347 767 ἐξ
3409 702 3586 755 ἐκείνων
3629 705 3683 754 τὰ
3734 712 3868 775 σημεῖα

566 801 658 850 καὶ
718 794 998 871 ἐφαρμόσει
1056 796 1128 850 ἐνὶ
1209 798 1412 869 ἑκάστῳ
1487 800 1545 850 τὸ
1624 797 1963 863 κατάλληλον,
2039 793 2217 855 ἐπειδὴ
2329 795 2624 869 λαμϐανων,
2705 792 3037 867 δοκιμαζέτω
3080 794 3217 856 ὅπως
3301 792 3547 865 ἀπελέγχῃ
3600 795 3657 843 τὰ
3700 796 3866 864 κρυπτά·
3956 804 3957 821 ‘

566 882 1011 960 ἀποδεδειγμένας
1093 889 1270 949 πάσας
1326 890 1439 959 ἔχει
1511 889 1606 949 τὰς
1679 892 1967 949 κοινωνίας.
2020 883 2221 947 Μηδεὶς
2330 890 2595 959 μενα,καὶ
2633 889 2692 937 τὸ
2744 884 2797 937 ὃν
2853 892 2941 936 τοῦ
2989 888 3061 956 μὴ
3123 888 3285 948 ὄντος,
3335 889 3421 934 καὶ
3468 885 3560 934 ὅσα
3606 881 3657 933 ἂν
3695 882 3868 953 mpsim-

571 972 631 1028 δε
676 979 839 1050 μέχρι
884 984 977 1037 τῆς
1023 977 1189 1049 ὄψεως
1248 983 1433 1035 στήσει
1488 982 1583 1035 τὴν
1655 985 1868 1049 γνῶσιν,
1942 978 2074 1028 ὧσνε
2134 976 2216 1028 ἐκ·
2326 996 2456 1028 πται
2488 972 2564 1026 δι’
2614 975 2745 1027 ὅλων
2770 982 2869 1026 τῶν
2894 973 3079 1045 λόγων,
3147 969 3282 1025 διὀὶ
3321 976 3407 1023 καὶ
3436 973 3460 1022 ὁ
3492 974 3661 1032 σκοπὸς
3711 970 3763 1029 εἰς
3794 972 3867 1042 ἀρι-

570 1071 661 1117 τοῡ
731 1070 1014 1138 χρώματος
1065 1074 1165 1117 τῶν
1227 1067 1561 1118 καθεκάστων
1628 1064 1952 1135 ἀπατᾶσθαι,
2006 1070 2096 1117 καὶ
2152 1067 2217 1117 τὰ
2328 1085 2451 1118 στον
2483 1063 2627 1124 τέλος
2659 1063 2997 1138 ἐναρξάμενος
3049 1061 3193 1124 λήξει
3251 1058 3462 1132 δυναμει
3513 1068 3593 1112 τοῦ
3640 1065 3868 1135 κρείττονοςν

566 1310 809 1369 quaque
826 1295 1027 1351 indole
1037 1296 1517 1369 unumquodque
1530 1296 1950 1369 sitpraaditum,
1968 1311 2217 1365 cognos-
2331 1299 2682 1361 monstrata,
2702 1312 2773 1350 ex
2795 1294 3017 1367 quibus
3034 1292 3379 1351 affectiones
3394 1307 3682 1364 corporeas
3694 1305 3866 1359 cognos-

566 1401 699 1441 cere
740 1385 973 1457 poterit.
1014 1388 1214 1458 Neque
1254 1402 1524 1459 unquam
1572 1385 2065 1455 hullucinabitur,
2113 1386 2218 1441 sed
2329 1400 2462 1441 cere
2490 1400 2837 1457 possumus.
2872 1382 3112 1448 Quoties
3135 1382 3316 1453 igitur
3344 1398 3416 1438 ex
3441 1381 3545 1438 illis
3583 1379 3741 1449 signis
3768 1378 3867 1450 judi-
3956 1446 3957 1457 ξ

566 1473 893 1541 distinguet
912 1472 1063 1527 inter
1088 1473 1234 1528 illud
1267 1472 1433 1546 quod
1463 1478 1679 1528 natura
1720 1474 2101 1544 praestantius
2133 1477 2221 1529 est
2330 1490 2464 1531 care
2490 1475 2649 1531 volet
2667 1474 2908 1546 aliquis,
2930 1473 3023 1529 his
3046 1472 3262 1528 nostris
3291 1471 3649 1528 sermonibus
3666 1474 3865 1540 tauquam
3956 1470 3957 1523 ξ

566 1567 624 1617 et
642 1560 790 1617 illud
847 1560 1013 1632 quod
1044 1566 1131 1617 est
1181 1562 1477 1634 positione
1521 1581 1534 1629 ;
1595 1567 1652 1617 et
1709 1563 1876 1634 quod
1907 1563 2221 1619 conveniet
2332 1563 2517 1635 Lydio
2553 1562 2753 1635 lapide
2782 1561 2998 1635 probet
3044 1562 3415 1632 conjecturas
3446 1575 3577 1615 suas
3619 1563 3674 1614 ut
3718 1572 3789 1612 res
3812 1572 3869 1610 oc-

569 1650 786 1722 cuique
814 1650 897 1705 rei
920 1650 1421 1715 accommodabit,
1451 1651 1945 1725 quandoquidem
1974 1652 2221 1708 demon-
2329 1652 2518 1715 cultas
2546 1652 2901 1721 investigare
2931 1657 2988 1706 et
3016 1650 3077 1706 id
3096 1650 3264 1722 quod
3288 1665 3407 1707 non
3439 1653 3541 1715 est,
3578 1647 3649 1704 ab
3675 1662 3733 1702 eo
3764 1646 3869 1717 quod
3956 1698 3957 1707 χ

570 1743 783 1795 stratas
831 1739 1405 1807 communicationes
1433 1740 1734 1795 naturales
1785 1741 1987 1796 habet.
2033 1744 2217 1796 Nemo
2249 1763 2289 1815 Β
2328 1747 2418 1797 est
2445 1741 2807 1812 distinguere
2829 1740 3034 1812 possit.
3061 1739 3325 1811 Denique
3340 1736 3870 1806 notetdiligenterqus

567 1843 711 1883 vero
739 1826 802 1883 in
855 1827 982 1883 solo
1012 1831 1260 1899 aspectu
1287 1828 1633 1898 acquiescat
1660 1828 1740 1884 ita
1782 1834 1847 1883 ut
1894 1845 1966 1884 ex
2021 1830 2215 1885 colore
2327 1830 2421 1897 his
2445 1829 2820 1887 sermonibus
2847 1827 3143 1900 complexi
3164 1845 3395 1894 sumus,
3430 1841 3666 1899 quorum
3706 1839 3870 1894 scopas,

568 1915 961 1985 singularium
998 1916 1295 1985 judicans,
1339 1916 1399 1970 in
1438 1932 1700 1973 errorem
1739 1917 2077 1985 inducatur,
2110 1935 2219 1990 pu-
2328 1934 2468 1987 cum
2492 1918 2571 1974 ad
2590 1917 2776 1979 ﬁnem
2795 1918 3088 1990 optimum
3131 1916 3355 1983 tendat,
3389 1915 3607 1977 felicem
3631 1927 3817 1985 quoque
3838 1915 3873 1977 et

563 2008 763 2076 tetque
792 2020 929 2077 quae
959 2007 1097 2067 sunt
1115 2004 1274 2059 intus
1302 2005 1387 2060 ita
1415 2020 1478 2060 se
1506 2004 1747 2061 habere.
1790 2009 2034 2062 Exstant
2056 2007 2216 2062 enim
2326 2008 2625 2080 optimum
2643 2009 2863 2069 exitum
2883 2006 3267 2078 juvanteDeo
3290 2005 3520 2078 Optimo
3536 2005 3752 2079 Haximo
3764 2000 3871 2057 habi-

564 2093 738 2164 signa
758 2093 951 2150 multa
976 2093 1038 2149 in
1062 2093 1365 2150 medicina
1385 2097 1443 2150 et
1472 2095 1730 2151 naturali
1776 2096 2026 2152 scientia
2055 2112 2216 2152 com-
2325 2101 2497 2157 turus
2525 2103 2631 2161 est.

1284 2594 2128 2713 ΘΕΟΔΩΡΟΥ
2204 2599 2484 2713 ΤΟΥ
2558 2592 3239 2714 ΛΑΣΚΑΡΙ

1062 2890 1193 2938 ΤΟΥ
1245 2860 1400 2939 ΥΙΟῨ
1435 2892 1566 2939 ΤΟΥ
1606 2891 1925 2939 ΜΕΓΑΛΟΥ
1979 2892 2300 2941 ΒΑΣΙΛΕΩΣ
2358 2893 2572 2940 ΚΥΡΟΥ
2623 2893 2924 2941 ῙΩΛΝΝΟΥ
2977 2894 3107 2941 ΤΟΥ
3157 2889 3386 2943 ΔΟΥΚΑ

1523 3121 1739 3208 ΤΗΣ
1817 3120 2313 3209 ΦΥΣΙΚΗΣ
2398 3122 3015 3211 ΚΟΙΝΩΝΙΑΣ

1858 3390 2150 3457 ΔΟΓΟΣ
2187 3392 2655 3461 ΙΙΕΜΠΤΟΣ.

1491 3888 2249 4011 THEODOR]
2350 3892 3041 4015 LASCARIS

1334 4183 1494 4237 FlLlI
1553 4183 1765 4239 SUMMI
1822 4185 2287 4241 IMPERATORIS
2345 4187 2585 4243 DOMlNl
2641 4187 2929 4242 JOANNIS
2990 4186 3194 4243 Οἱ]οΕ

1237 4430 1422 4535 DE
1498 4424 2249 4539 NATURALI
2326 4433 3260 4542 COMMUNIONE

1810 4720 2174 4811 SERMO
2234 4729 2712 4823 QUINTUS

619 5225 691 5287 α’.
756 5228 855 5279 Δύο
896 5227 999 5279 εἰσι
1054 5229 1121 5283 τὰ
1172 5228 1467 5300 ζητούμενα
1517 5228 1591 5291 εἰς
1638 5229 1886 5296 ἐξέτασιν,
1935 5231 1995 5282 πὸ
2048 5232 2200 5302 φύσει
2232 5230 2271 5287 C
2309 5249 2453 5306 τερον
2531 5227 2620 5283 οὖν
2689 5229 2914 5305 ἀκριϐῶς
2996 5229 3507 5290 ἐπακολουθήσαντα
3577 5233 3633 5298 τῇ
3708 5214 3865 5281 ἕξπάσίί

546 5335 603 5370 τε
635 5320 727 5370 καὶ
760 5318 898 5370 θέσει
964 5337 977 5350 ο
1034 5317 1083 5370 ἓν
1137 5314 1196 5371 δὲ
1235 5320 1430 5370 τούτων
1480 5321 1651 5371 κοινὸν
1701 5321 1729 5377 ἡ
1789 5316 2040 5392 διαφορα,
2096 5324 2196 5372 Πό-
2308 5326 2471 5395 μέχρι
2510 5321 2790 5375 καὶαύτοῡ
2816 5317 2884 5379 δὴ
2944 5328 3037 5372 τοῦ
3093 5320 3304 5391 λογικοῦ
3360 5321 3496 5380 meo
3551 5322 3699 5367 ταῦτα
3742 5317 3869 5381 καῖεν.

621 5502 672 5554 1.
688 5498 815 5551 Duo
829 5501 1114 5569 suntquae
1128 5496 1304 5555 nobis
1316 5496 1883 5566 adinvestigandum
1906 5495 2211 5567 proposita
2319 5499 2712 5570 estpositione
2739 5515 2750 5552 :
2772 5514 3026 5570 quorum
3051 5499 3309 5555 duorum
3332 5508 3637 5553 commune
3656 5479 3864 5570 quiddim

543 5589 823 5653 fuerunt;
858 5602 1075 5657 nempe
1099 5586 1245 5644 illud
1265 5586 1432 5659 quod
1462 5589 1781 5641 estnatura
1800 5590 1856 5641 et
1877 5584 2024 5641 illud
2046 5586 2210 5658 quod
2319 5593 2431 5673 est,
2461 5602 2677 5665 nempe
2712 5586 3069 5675 ditierentia.
3102 5589 3301 5667 Utrum
3351 5587 3524 5667 igitur
3556 5570 3865 5655 investigano‘
