4066 6212
187 333 227 388 1
238 336 339 390 341

1072 336 1426 393 THEODORI
1463 334 1511 393 Ῑῐ
1548 338 1688 396 IMP.
1726 337 1817 393 DE
1856 334 2311 392 COMNUNIONE
2350 336 2729 395 NATURALI.

3480 338 3501 392 ι
3512 336 3618 393 342

223 463 463 530 τησαμεν
509 456 858 523 ἐξετάσαντες,
890 461 981 510 καὶ
1033 460 1063 516 ἡ
1116 462 1206 531 μὲν
1266 457 1528 533 διαίρεσις
1573 468 1671 513 τῶν
1728 479 1835 512 κοι-
1891 460 1942 513 Α
1997 460 2247 531 ράσαντες
2324 460 2490 535 εὖρον.
2543 459 2705 513 Ὠστε
2747 459 2978 533 μεγάλως
3028 463 3118 511 καὶ
3156 460 3188 518 ἦ
3254 456 3474 512 παιδεία
3520 460 3591 522 εἰς

221 555 325 597 νῶν
347 554 701 618 τοσαυταχῶς
757 548 1023 621 εὑρεθεῖσα
1074 544 1234 601 διεῖλε
1282 557 1381 601 τῶν
1432 552 1585 622 φύσει
1639 550 1706 602 τὰ
1759 550 1836 601 θέ-

224 655 332 702 σει,
387 644 449 708 τῇ
507 632 565 688 δὲ
627 643 760 708 τομῇ
816 635 1113 706 ἀναγκαίως
1170 646 1585 711 συναναφανεῖσα
1630 642 1656 697 ἦ
1713 635 1834 691 δια-

222 727 368 799 φορὰ
423 726 491 777 τα
543 728 813 799 κρείττονα
864 721 1200 788 ὸαπέδειξεν,
1244 725 1399 798 Ἔχει
1465 724 1524 780 δὲ
1574 731 1837 801 κρείττονα

217 814 255 871 ἡ
290 817 446 887 φύσις
475 815 577 866 ὅσα
604 816 740 865 κατὰ
794 816 889 875 τὰς
943 812 1115 889 ἀρχὰς
1171 814 1509 869 ἐπακολουθεῖ
1547 832 1561 845 ⁸
1594 816 1723 887 λέγω
1777 812 1837 868 δε

221 901 404 977 ἀρχὰς
441 907 559 963 τοὺς
588 908 798 975 χυμοὺς
848 907 1027 956 καὶτὰ
1078 909 1208 978 μέρη
1262 908 1329 958 τὰ
1374 916 1470 969 τῆς
1501 907 1691 979 ψυχῆς
1743 914 1835 959 τοῦ

218 990 447 1064 λογικοῦ
479 993 636 1054 ζώου,
683 990 863 1052 ἐπειδὴ
922 992 977 1046 ἐκ
1033 1003 1133 1046 τῶν
1194 998 1438 1049 τοιούτων
1494 999 1651 1068 σοφὸν
1704 996 1836 1056 ζῶον

223 1086 542 1134 συνέστακεν
603 1082 892 1155 ἄνθρωπος.
953 1087 1175 1157 Πότερον
1240 1081 1328 1137 οὖν
1370 1088 1436 1138 τὰ
1500 1088 1591 1158 μὲν
1633 1090 1722 1143 την
1786 1083 1835 1136 ἄν

219 1175 496 1229 κοινότητι
552 1167 808 1246 διαφορὰν
891 1166 1113 1240 ἔδειξαν,
1182 1172 1346 1235 ἁπλάς
1408 1195 1553 1236 τινας
1603 1175 1836 1226 ὑποτιθέο

221 1280 363 1333 μενα
398 1265 687 1331 κοινωνίας,
720 1265 812 1313 καὶ
871 1260 920 1313 ἕν
959 1265 1177 1335 επιτομῇ
1236 1267 1295 1317 τό
1353 1261 1602 1338 διάφορον
1657 1266 1836 1339 ἤθροι-

224 1368 350 1416 σαν,
425 1346 664 1421 σύμϐολα
750 1352 933 1423 θέμενα
984 1353 1081 1412 τὰς
1137 1356 1392 1425 πζύγίας
1460 1352 1835 1426 ἁμετακίνητα.

217 1437 301 1491 Ἠ
325 1440 428 1512 γὰρ
474 1438 698 1491 καθόλου
750 1438 864 1492 ἐστὶ
908 1444 1000 1492 καὶ
1057 1446 1252 1513 φυσικὴ
1309 1447 1568 1509 κοινωνία,
1617 1446 1708 1494 καὶ
1748 1442 1836 1495 ευ-

223 1529 329 1589 θης
357 1531 446 1578 καὶ
496 1525 693 1598 ἁγαθός
737 1525 878 1579 ἔστιν
917 1529 943 1580 ὁ
977 1535 1307 1592 συνεστακὼς
1336 1529 1389 1593 ἐξ
1426 1530 1608 1596 αὐτῆς,
1650 1531 1680 1590 ἦ
1733 1529 1837 1582 λεί-

216 1634 382 1668 πεται
410 1622 501 1667 τοῦ
526 1615 719 1668 τελείου
752 1622 905 1691 μέρος
951 1636 1023 1688 τι,
1061 1623 1152 1670 καὶ
1182 1620 1209 1670 ό
1262 1618 1318 1671 ἐκ
1369 1622 1567 1680 ταύτης
1620 1619 1837 1672 λείποιτ’

223 1703 313 1759 ἂν.
347 1704 378 1763 ἦ
420 1708 578 1777 μέση,
630 1709 720 1757 καὶ
748 1703 1056 1773 ἀκολούθως,
1088 1707 1119 1766 ἡ
1151 1710 1288 1759 κατὰ
1314 1711 1373 1760 τό
1425 1716 1520 1769 τῆς
1564 1712 1837 1770 ποιότητος

222 1792 420 1867 μᾶλλον
462 1798 555 1846 καὶ
624 1794 799 1865 ἧττον,
860 1798 951 1847 καὶ
998 1797 1048 1847 οἱ
1112 1802 1412 1869 γεννώμενοι
1466 1806 1530 1871 τῇ
1592 1801 1838 1869 γενέσεως
1891 1825 1932 1878 Β

224 1882 376 1954 αἰτίᾳ
428 1880 909 1941 ἓπακολουθησωσι.
974 1887 1075 1936 Καὶ
1130 1892 1333 1958 πρῶται
1385 1888 1475 1959 μὲν
1523 1883 1611 1938 οὖν
1669 1890 1836 1938 αἰτίαι

225 1978 330 2023 τῶν
406 1978 707 2038 κοινωνιῶν,
791 1972 862 2033 ὡς
913 1974 1136 2046 εἴρηται,
1218 1971 1266 2024 ἐν
1318 1971 1609 2036 ἀνθρώποις
1667 1979 1835 2047 χυμοὶ

224 2063 320 2111 καὶ
355 2060 537 2131 θυμὸς,
586 2058 738 2130 λόγος
800 2063 891 2111 καὶ
950 2058 1220 2131 ἐπιθυμία,
1262 2064 1392 2133 μετὰ
1444 2059 1504 2115 δὲ
1564 2066 1755 2123 ταύτας
1800 2064 1830 2121 ἡ

219 2154 320 2208 τῆς
344 2143 613 2210 παιδείας.
660 2146 863 2223 Ὠσπερ
917 2150 1017 2224 γὰρ
1073 2148 1124 2200 ἐν
1181 2148 1275 2223 ὕλῃ
1327 2153 1386 2202 τὸ
1441 2147 1595 2222 εἶδος,
1648 2149 1696 2202 ἓν
1750 2149 1835 2202 ἁν-

223 2239 451 2311 θρὼποις
500 2234 721 2290 παιδεία
778 2259 793 2272 ·
833 2241 971 2291 ὥστε
1008 2238 1052 2291 εἰ
1089 2243 1162 2311 μὴ
1222 2238 1497 2298 ἀκηκοέναι
1532 2243 1651 2293 τινά
1695 2259 1835 2303 τινος

220 2327 357 2377 πάνυ
395 2330 487 2378 καί
538 2344 599 2397 γε
654 2328 809 2398 φύσιν
862 2332 1112 2401 χρηστὴν
1171 2330 1382 2399 ἔχοντα,
1438 2328 1533 2381 οὐκ
1586 2331 1649 2380 ἄν
1712 2348 1834 2382 ποτε

221 2421 417 2485 γνῶσιν
446 2414 713 2487 εἰληχέναι
741 2434 823 2477 τις
851 2418 994 2489 εἴπῃ.
1037 2415 1223 2469 Πολλοὶ
1274 2413 1335 2469 δὲ
1381 2422 1472 2469 καὶ
1521 2425 1673 2470 τοῦτο
1722 2437 1835 2471 πει-

201 2650 345 2693 nem
372 2636 529 2701 hanc
553 2641 826 2695 accurate
858 2639 1161 2710 persecuti
1182 2643 1492 2709 sumus,et
1505 2640 1711 2713 omnia
1728 2639 1858 2697 haec

201 2730 548 2797 perscrutati
566 2726 642 2797 ad
660 2726 886 2801 animal
896 2728 1127 2784 ratione
1142 2727 1464 2803 praeditum
1473 2727 1740 2805 provecti
1754 2744 1857 2797 su-

196 2829 334 2868 mus
360 2814 389 2868 ?
402 2815 604 2870 Utrum
618 2816 799 2871 etiam
818 2815 1036 2872 divisio
1049 2816 1669 2873 communicationum
1681 2817 1742 2872 in
1775 2821 1860 2873 tot

193 2915 418 2972 genera
445 2901 525 2957 ab
544 2901 656 2957 illis
685 2918 821 2975 quae
849 2909 987 2959 sunt
1017 2903 1439 2975 positione,illa
1454 2920 1591 2976 quas
1605 2908 1857 2961 suntna-

192 2994 347 3054 tura,
372 2990 675 3063 separavit
690 2991 720 3047 ?
736 2994 940 3047 Utrum
958 2992 1137 3048 etiam
1153 2991 1253 3048 illa
1266 3008 1403 3063 quae
1423 2997 1563 3049 sun't
1576 2997 1859 3063 praestan-

190 3078 348 3151 tiora
369 3076 871 3136 commonstravit
898 3079 1233 3136 differentia
1262 3079 1362 3136 illa
1386 3096 1521 3154 quas
1552 3096 1674 3136 una
1717 3096 1856 3136 cum

1996 553 2092 606 την
2135 548 2511 608 τελειοποίησιν
2567 550 2935 624 συμϐάλλεται.
2964 548 3116 604 Ἐστι
3153 546 3213 602 δὲ
3264 552 3354 601 καὶ
3397 550 3427 606 ἡ
3473 569 3593 601 παι-

1998 634 2116 690 δεία
2148 634 2611 713 διάφορος-πᾶσα
2659 642 2757 714 γὰρ
2812 642 3045 709 μάθησις
3101 638 3173 699 εἰς
3219 640 3312 696 τὴν
3368 636 3592 690 καθόλου

1996 728 2262 796 ανάγεται,
2324 727 2644 780 ποικίλλεται
2698 730 2728 785 ἡ
2786 728 3007 780 καθόλου
3062 723 3122 779 δὲ
3184 723 3461 800 διαφόρως,
3523 725 3594 787 εἰς

1997 814 2324 887 φιλοσοφίαν,
2384 816 2457 877 εἰς
2512 820 2803 890 στρατείαν,
2854 816 2925 877 εἰς
2995 819 3261 880 ναυτικὴν,
3304 814 3375 875 εἰς
3439 815 3595 885 ὑφαν-

1995 908 2165 973 τικὴν,
2254 903 2325 966 εἰς
2401 909 2881 978 χρυσοποιητικην,
2968 904 3039 966 εἰς
3130 906 3453 975 ποιμενικὴν,
3527 901 3593 962 εἰς

1996 990 2375 1065 ὀψαρτυτικήν,
2425 993 2497 1055 εἰς
2543 998 2839 1050 τεκτονικὴν
2881 997 2965 1046 καὶ
3038 992 3194 1045 πλείω
3243 995 3437 1044 τούτων
3502 1011 3591 1043 πο-

1995 1079 2078 1135 λύ.
2136 1083 2199 1134 Ai
2242 1084 2332 1154 μὲν
2385 1078 2473 1135 οὖν
2528 1091 2590 1155 τῇ
2646 1082 2894 1155 καθολικῇ
2942 1089 3282 1134 κοινωνοῦσαι
3338 1084 3409 1141 ὡς
3460 1079 3595 1140 εἰκός

1997 1171 2228 1243 ἄριστοι.
2280 1169 2436 1223 Ἐστι
2468 1168 2527 1224 δε
2555 1172 2688 1230 αὕτη
2720 1171 2998 1244 φιλοσοφία
3030 1189 3044 1203 ·
3083 1179 3278 1243 γνῶσις
3322 1172 3425 1243 γὰρ
3480 1172 3593 1222 ἐστι

1995 1266 2096 1310 τῶν
2126 1262 2277 1311 ὄντων
2371 1263 2493 1311 ὄντα
2535 1259 2697 1331 ἐστὶν,
2742 1263 2806 1321 ὡς
2849 1261 2982 1321 εἰκός
3035 1257 3096 1312 δε
3141 1258 3292 1330 λέγω,
3345 1257 3453 1328 οὐχ
3516 1259 3594 1309 ὅτι

1996 1350 2084 1398 τὸν
2117 1352 2309 1400 σκυτέα
2356 1348 2670 1422 φιλοσοφεῖν,
2725 1348 2832 1402 ἀλλ’
2876 1350 2957 1402 ὅτε
3003 1350 3140 1400 κατὰ
3188 1348 3337 1420 λόγον
3384 1346 3595 1419 ἐργάζε-

2001 1437 2127 1487 σθαι
2176 1438 2244 1487 τὰ
2293 1435 2328 1487 ἃ
2360 1438 2741 1498 κατασκευάζει
2783 1434 2974 1490 πέδιλα
3022 1458 3035 1470 ·

1998 1527 2087 1575 καὶ
2140 1527 2228 1576 τόν
2278 1523 2634 1599 ἆργυροκόπον
2681 1529 2814 1598 πρός
2875 1529 2970 1587 τὰς
3033 1528 3422 1599 μεταχειρίσεις
3487 1523 3595 1583 ἑνὸς

1999 1612 2220 1665 ἑκάστου
2271 1617 2406 1666 κατὰ
2469 1618 2556 1666 τόν
2603 1617 2762 1667 τύπον
2842 1616 3016 1670 αὐτόν.
3079 1618 3298 1685 Λέγεται
3346 1615 3449 1685 γὰρ
3504 1616 3596 1664 καὶ

2001 1704 2159 1773 σοφός
2225 1700 2567 1774 ἁρχιτέκτων,
2620 1705 2725 1775 οὐχ
2775 1705 2856 1755 ὅτι
2913 1699 2974 1755 δέ
3027 1705 3089 1774 γέ
3158 1703 3227 1762 ὡς
3282 1699 3593 1774 φιλοσοφῶν,

1999 1787 2106 1841 ἀλλ’
2132 1793 2201 1852 ὡς
2247 1792 2327 1843 ὅτι
2366 1794 2500 1843 κατὰ
2547 1791 2698 1865 λόγον
2740 1795 2828 1844 τὸν
2876 1796 3064 1868 πρίονα
3125 1795 3215 1843 καὶ
3251 1810 3337 1843 τον
3384 1789 3597 1842 πέλεκυν

1996 1886 2127 1931 κινεῖ
2175 1882 2307 1953 πρὸς
2363 1883 2458 1941 τὰς
2522 1880 2802 1954 οἰκοδομάς
2860 1902 2873 1917 ο
2930 1880 3209 1952 ἀνάγονται
3260 1882 3362 1954 γὰρ
3426 1885 3596 1932 πᾶσαι

1993 1969 2126 2041 πρὸς
2153 1971 2276 2039 μίαν
2323 1967 2524 2039 ἑκάστῳ
2581 1971 2637 2021 αἱ
2687 1973 2875 2040 τέχναι
2916 1976 3013 2031 τῆς
3073 1967 3380 2041 φιλοσοφίας
3428 1962 3591 2022 ἰδέαν.

1997 2060 2098 2108 Καὶ
2146 2057 2173 2107 ό
2223 2060 2521 2131 στρατηγὸς
2567 2056 2761 2119 πολλῆς
2841 2053 3012 2110 δεῖται
3081 2056 3383 2129 φιλοσοφίας
3429 2057 3478 2107 ἔν
3536 2073 3593 2106 τε

1996 2143 2227 2217 βουλαῖς,
2263 2147 2311 2197 ἔν
2344 2165 2399 2197 τε
2426 2150 2685 2221 κρίσεσίν,
2717 2149 2768 2199 ἔν
2817 2166 2874 2199 τε
2913 2146 3239 2221 παρατάξεσι
3289 2149 3380 2197 καὶ
3447 2162 3591 2216 σχη-

1992 2240 2279 2305 ματισμοῖς
2353 2234 2598 2307 πολέμου,
2672 2239 2765 2287 καὶ
2818 2239 3164 2308 ναυμαχίαις,
3244 2238 3336 2285 καὶ
3386 2232 3637 2309 πολιορ-.

1991 2327 2152 2393 κίαις,
2180 2327 2271 2375 καὶ
2309 2321 2358 2375 ἓν
2404 2322 2580 2383 ἄλλαις
2626 2322 2839 2385 πολλαῖς
2892 2322 3117 2396 πράξεσι
3169 2323 3355 2396 ῥηταῖς
3399 2321 3447 2372 τ’
3502 2317 3594 2394 ἀρ-

1989 2412 2192 2485 ῥήτοις.
2237 2409 2395 2484 Ἔχει
2421 2412 2526 2486 γάρ
2553 2414 2585 2470 ἠ
2620 2416 2974 2486 στρατεωτικὴ
3020 2416 3117 2471 τὴν
3168 2410 3295 2469 ὕλην
3346 2416 3446 2462 τῶν
3506 2406 3592 2481 ἄρα

3090 1439 3180 1488 καὶ
3231 1439 3318 1487 τόν
3367 1436 3593 1507 ὑφάντην

1964 2634 2163 2691 omnis
2204 2634 2364 2692 enim
2394 2633 2713 2707 disciplina
2742 2633 2824 2690 ad
2889 2631 3227 2706 generalem
3280 2634 3614 2703 revocatur.

1964 2723 2135 2780 Varic
2166 2729 2369 2783 autem
2394 2722 2865 2805 etmultipliciter
2892 2720 3285 2805 distribuitur,
3320 2720 3381 2791 in
3430 2720 3620 2793 philo-

1965 2820 2263 2892 sophiam,
2296 2820 2356 2876 in
2382 2820 2841 2892 imperatoriam,
2866 2820 2926 2875 in
2938 2818 3263 2885 nauticam,
3279 2818 3614 2883 textoriam,

1964 2908 2280 2963 auriﬁcum
2298 2913 2507 2975 artem,
2521 2908 2918 2981 pastoritiam,
2933 2906 3308 2974 culinariam,
3322 2905 3588 2962 fabrilem
3600 2949 3614 2971 ,

1964 3002 2022 3054 et
2041 2998 2104 3053 in
2125 2998 2313 3055 multo
2342 2998 2542 3071 plures
2572 2998 2718 3054 alias
2743 3017 2756 3053 :
2800 3013 2936 3070 qua:
2960 2997 3139 3067 igitur
3183 3012 3318 3052 cum
3352 2996 3616 3066 generali

1963 3086 2064 3142 illa
2093 3092 2233 3142 sunt
2259 3087 2719 3158 conjunctiores,
2752 3086 2962 3141 merito
3004 3084 3304 3141 habentur
3347 3084 3615 3158 optimm.

187 3164 484 3222 divisione
513 3168 715 3224 statim
746 3168 967 3224 exstitit
992 3167 1022 3222 ?
1040 3168 1345 3224 Habentur
1366 3174 1565 3224 autem
1585 3168 1644 3223 in
1657 3184 1856 3223 rerum
1886 3172 1926 3225 (ἶ
1965 3178 2063 3230 Est
2082 3180 2284 3231 autem
2314 3176 2415 3231 illa
2441 3174 2823 3249 philosophia
2842 3173 3056 3247 prima,
3090 3188 3227 3247 quae
3256 3176 3344 3229 est
3390 3189 3613 3239 rerum,

186 3259 411 3311 natura
422 3256 943 3329 praestantioraan
958 3273 1339 3331 quascunque
1356 3258 1626 3331 proxime
1644 3257 1856 3330 princi-

186 3344 299 3418 pia
322 3345 455 3418 ipsa
488 3352 845 3419 sequuntur.
868 3347 1164 3420 Principia
1175 3363 1317 3403 vero
1336 3346 1470 3402 dico
1501 3348 1785 3402 humores
1800 3350 1856 3402 et

188 3430 396 3509 partes
418 3435 635 3491 animre
665 3434 821 3491 illius
852 3452 990 3509 quae
1029 3436 1256 3492 animal
1283 3436 1512 3494 ratione
1536 3437 1851 3510 praeditum

186 3524 1017 3598 constituit,quandoquidem
1037 3542 1110 3581 ex
1127 3525 1350 3582 talibus
1365 3530 1601 3583 constat
1615 3527 1854 3600 sapiens

184 3612 344 3667 illud
373 3613 619 3681 animal,
651 3629 873 3686 nempe
900 3614 1105 3670 homo.
1132 3616 1338 3671 Utrum
1385 3616 1562 3684 igitur
1600 3631 1639 3671 a
1677 3614 1854 3671 nobis

185 3702 609 3759 demonstrata
637 3712 725 3760 est
740 3704 803 3759 in
823 3704 1254 3759 communitate
1274 3718 1475 3760 rerum
1518 3703 1853 3760 differentia

184 3792 405 3865 positis
430 3791 800 3866 quibusdam
849 3793 1223 3867 simplicibus
1262 3794 1793 3851 communionibus
1822 3793 1851 3849 ?

183 3880 398 3938 Utrum
433 3881 615 3937 etiam
652 3881 987 3939 differentia
1021 3882 1641 3938 communicationum
1664 3882 1852 3939 brevi-

180 3974 279 4025 ter
306 3974 363 4024 et
382 3985 589 4041 presse
628 3969 944 4042 perstricta
993 3974 1079 4025 est
1108 3985 1178 4024 ac
1232 3970 1668 4041 comprehensa
1696 3968 1829 4041 posi

182 4058 268 4113 tis
297 4057 587 4130 symbolis
616 4060 749 4130 conj
761 4058 1114 4131 ugationum
1144 4057 1627 4113 immutabilibus
1670 4058 1699 4114 7
1751 4056 1850 4113 Vel

184 4146 352 4202 enim
375 4150 467 4202 est
492 4146 784 4217 generalis
816 4151 873 4201 et
910 4146 1201 4202 naturalis
1252 4147 1622 4217 communio,
1673 4151 1853 4218 atque

184 4233 290 4290 ille
316 4234 422 4308 qui
450 4251 521 4290 ex
553 4235 667 4291 hac
694 4239 946 4301 constat,
988 4239 1182 4290 rectus
1212 4240 1298 4290 est
1346 4244 1403 4289 et
1453 4234 1700 4307 probus,
1759 4233 1854 4289 vel

185 4324 359 4380 deest
406 4324 651 4398 aliquid,
692 4323 859 4399 quod
900 4323 979 4379 ad
1033 4324 1454 4395 perfectionem
1511 4323 1852 4395 requiritur.

184 4414 383 4483 Atque
403 4411 484 4467 illi
505 4412 689 4469 deerit
714 4411 941 4484 aliquid
985 4410 1092 4483 qui
1140 4426 1213 4465 ex
1259 4410 1373 4465 hac
1426 4412 1854 4467 communione

1964 3270 2264 3337 quatenus
2304 3268 2462 3333 sunt,
2494 3263 2751 3331 cognitio
2782 3305 2795 3317 .
2831 3262 2972 3319 Dico
3001 3262 3213 3318 merito
3270 3276 3394 3317 non
3449 3261 3616 3335 quod

1965 3353 2299 3408 existimem
2326 3352 2645 3407 coriarium
2670 3350 3102 3425 phiiosophari,
3134 3349 3239 3405 sed
3264 3350 3429 3423 quod
3441 3365 3618 3423 opor-

1964 3444 2084 3496 teat
2104 3440 2446 3506 coriarium,
2482 3455 2617 3513 quae
2639 3438 2875 3494 conﬁcit
2903 3438 3328 3505 calceamenta,
3391 3453 3464 3493 ex
3525 3452 3618 3493 ra-

1962 3530 2121 3584 tione
2187 3528 2811 3600 conﬁcere;itemque
2857 3532 3146 3584 textorem
3198 3533 3253 3582 et
3305 3525 3610 3582 auriﬁcem

1961 3617 2129 3688 fungi
2160 3617 2284 3672 suis
2298 3616 2647 3673 muneribus
2663 3622 2719 3670 et
2743 3620 3022 3689 praestare
3040 3631 3112 3671 ex
3124 3615 3319 3672 forma
3334 3615 3475 3672 artis
3489 3630 3615 3671 suae

1960 3722 2094 3780 quae
2105 3705 2326 3762 debent
2338 3707 2778 3778 praestare.Nam
2794 3703 3141 3761 architectus
3153 3719 3394 3777 quoque
3405 3703 3617 3759 dicitur

1961 3797 2204 3869 sapiens
2224 3810 2349 3851 non
2376 3793 2543 3867 quod
2572 3792 3055 3867 philosophetur,
3086 3792 3189 3849 sed
3214 3793 3380 3866 quod
3410 3809 3484 3849 ex
3520 3808 3612 3849 ra-

1962 3885 2118 3940 tione
2148 3899 2373 3939 serram
2404 3887 2463 3938 et
2486 3881 2741 3939 securim
2771 3885 2975 3938 movet
3028 3881 3106 3937 ad
3156 3880 3609 3937 aediﬁcandum.

1961 3974 2181 4029 Omnes
2209 3971 2370 4027 enim
2393 3976 2548 4027 artes
2580 3969 2657 4027 ad
2690 3986 2877 4025 unam
2922 3968 3288 4039 singularem
3345 3969 3613 4043 aliquam

1959 4061 2353 4135 philosophia:
2374 4060 2572 4116 ideam
2605 4059 2959 4114 referuntur.
2985 4061 3049 4114 Et
3084 4060 3411 4132 imperator
3452 4073 3614 4114 exer-

1961 4150 2109 4205 citus
2138 4164 2261 4204 non
2306 4148 2534 4221 vulgari
2570 4162 2725 4219 opus
2759 4146 2943 4202 habet
2982 4145 3363 4219 philosophia
3406 4145 3468 4201 in
3512 4145 3613 4202 de-

1959 4236 2411 4293 liberationibus
2443 4237 2577 4292 etin
2599 4234 2863 4305 judiciis,
2904 4236 2965 4290 in
3019 4235 3370 4291 orainandis
3418 4240 3476 4291 et
3526 4235 3613 4291 in-

1962 4327 2263 4383 struendis
2309 4326 2515 4398 copiis,
2567 4324 2629 4381 in
2688 4324 2910 4395 prteliis
2964 4324 3299 4391 navalibus,
3339 4325 3401 4381 in
3451 4324 3612 4381 obsi-

1961 4414 2243 4470 dionibus
2271 4413 2522 4485 aliisque
2554 4412 2895 4468 actionibus
2941 4412 3119 4483 vulgo
3164 4414 3321 4469 notis
3370 4419 3427 4469 et
3446 4413 3613 4483 igno-

188 4499 551 4556 constitutus
578 4500 753 4557 fuerit
786 4517 799 4555 :
830 4498 923 4555 vel
953 4503 1039 4555 est
1063 4497 1284 4569 media,
1316 4503 1374 4554 et
1399 4499 1649 4570 proinde
1672 4499 1854 4555 medii
1889 4525 1930 4577 ι)
1962 4504 2060 4561 tis.
2100 4503 2287 4560 Habet
2312 4503 2472 4559 enim
2527 4517 2625 4559 ars
2671 4502 2941 4558 militaris
2986 4502 3197 4558 silvam
3246 4518 3498 4576 operum
3557 4507 3615 4559 et

193 4588 390 4661 quiex
416 4589 530 4645 hac
586 4589 887 4646 constituti
947 4588 1189 4646 fuerint.
1240 4588 1341 4643 Vel
1390 4589 1676 4645 definitur
1734 4606 1854 4644 am-

192 4676 384 4751 pliore
406 4682 463 4734 et
487 4678 715 4737 minore
742 4676 1043 4751 qualitatis
1072 4676 1371 4749 portione.
1402 4679 1596 4749 Atque
1642 4693 1714 4733 ex
1737 4677 1854 4734 hac

194 4768 495 4823 constituti
513 4766 952 4823 constitutionis
969 4770 1201 4821 etortus
1215 4780 1463 4821 causam
1492 4772 1850 4838 sequentur:

195 4869 269 4910 ac
297 4856 507 4928 primae
532 4855 780 4931 quidem
795 4870 993 4911 causa;
1010 4853 1603 4922 communionum,ut
1626 4854 1852 4911 dictum

199 4943 303 5011 esi,
331 4942 391 5000 in
412 4942 763 5001 hominibus
799 4948 937 4999 sunt
962 4942 1269 5012 humores,
1293 4941 1547 4998 facultas
1566 4943 1851 5014 irascens,

196 5032 347 5089 ratio
409 5037 466 5088 et
513 5033 831 5106 cupiditas.
912 5035 1027 5088 Has
1069 5031 1459 5102 consequitur
1505 5031 1853 5088 eruditionis

198 5121 569 5179 communio.
585 5125 731 5177 Nam
754 5121 1005 5178 eruditio
1030 5119 1091 5174 in
1113 5118 1462 5174 hominibus
1480 5119 1541 5175 id
1571 5125 1659 5175 est
1686 5120 1853 5192 quod

195 5206 258 5261 in
280 5212 530 5265 materia
554 5216 645 5266 est
683 5210 878 5266 forma
907 5228 920 5277 ;
951 5209 1103 5265 adeo
1132 5210 1196 5262 ut
1252 5207 1355 5279 qui
1408 5207 1587 5263 etiam
1635 5214 1854 5265 natura

198 5298 425 5369 optima
456 5304 531 5372 stt
550 5303 855 5372 praeditus,
880 5299 995 5355 nisi
1026 5297 1329 5362 doceatur,
1371 5311 1687 5369 nunquam
1715 5312 1851 5368 cog-

197 5385 482 5443 nitionem
503 5387 773 5463 aliquam
797 5388 873 5443 sit
901 5389 1328 5442 consecuturus
1348 5403 1366 5455 ;
1389 5385 1449 5439 id
1484 5386 1650 5457 quod
1677 5401 1850 5443 nemo

197 5486 318 5530 non
345 5475 646 5539 fatebitur.
680 5477 837 5533 Multi
856 5491 1000 5532 vero
1049 5474 1165 5530 hoc
1218 5474 1301 5529 ita
1356 5468 1576 5529 habere
1623 5476 1850 5547 experti

199 5570 353 5621 sunt.
394 5569 587 5631 Quare
660 5566 914 5623 eruditio
972 5564 1049 5621 ab
1109 5562 1532 5637 perfectionem
1584 5565 1847 5621 hominis

196 5654 457 5712 maxime
486 5655 732 5713 confert.
791 5658 890 5712 Est
930 5656 1130 5713 autem
1189 5653 1440 5711 eruditio
1487 5655 1845 5727 multiplex:

1962 4593 2235 4663 subjecta
2263 4591 2595 4648 indeﬁnita.
2628 4594 2762 4647 Hanc
2799 4591 2979 4661 igitur
3010 4592 3216 4647 omnia
3240 4591 3319 4646 ad
3349 4590 3612 4664 philoso-

1962 4681 2167 4754 phiam
2196 4685 2553 4736 revocantur
2582 4698 2597 4736 :
2630 4680 2764 4753 ipsa
2790 4695 2932 4736 vero
2961 4684 3047 4735 est
3076 4683 3368 4751 tanquam
3411 4678 3608 4733 erudi-

1961 4768 2137 4837 tionis
2165 4769 2375 4824 oculus
2399 4773 2457 4824 et
2478 4760 2793 4824 cacumen.
2860 4766 3135 4822 Distincte
3182 4766 3361 4834 igitur
3397 4764 3611 4820 docea-

1963 4874 2097 4913 mus
2116 4873 2403 4930 quaanam
2422 4862 2638 4913 natura
2658 4859 2929 4911 constent
2949 4860 3004 4909 et
3029 4869 3167 4926 quae
3187 4852 3483 4925 positione
3515 4866 3609 4920 ;ex

1960 4947 2185 5004 finibus
2216 4953 2417 5004 autem
2445 4947 2561 5001 hoc
2608 4944 2813 5016 ipsum
2854 4957 3214 5013 cognoscere
3257 4939 3607 5013 poterimus.

1964 5038 2131 5091 Fines
2155 5036 2337 5092 etiam
2382 5032 2744 5106 principium
2792 5035 2850 5087 et
2896 5045 3145 5087 causam
3196 5029 3485 5087 indicant.
3540 5030 3611 5088 Ut

1962 5126 2123 5180 enim
2152 5122 2461 5197 proportio
2490 5121 2749 5194 partium
2782 5119 2985 5175 circuli
3025 5119 3466 5193 etcomparatio
3479 5136 3609 5176 cum

1961 5212 2268 5269 elementis
2300 5209 2557 5266 ostendit
2594 5206 2766 5277 illud,
2790 5208 2958 5281 quod
2984 5212 3201 5265 natura
3247 5213 3499 5276 constat,
3554 5212 3612 5265 et

1958 5299 2103 5356 illud
2123 5301 2289 5373 quod
2320 5297 2635 5370 positione,
2659 5295 2923 5369 itemque
2950 5297 3261 5370 proportio
3286 5303 3343 5353 et
3362 5312 3607 5368 compa-

1958 5390 2106 5447 ratio
2144 5389 2470 5444 humorum
2515 5401 2650 5440 cum
2709 5385 2855 5458 ipsis
2898 5385 3207 5441 elementis
3253 5385 3402 5443 illud
3453 5384 3606 5439 idem

1958 5477 2247 5535 ostendit:
2280 5476 2360 5531 ita
2394 5474 2573 5530 etiam
2615 5474 3116 5530 communionum
3156 5473 3607 5549 conjugationes

1957 5565 2283 5624 ostendunt
2304 5564 2605 5621 naturales
2639 5564 2918 5619 animalis
2954 5564 3183 5619 ratione
3212 5561 3443 5634 praediti
3472 5576 3607 5632 pro-

1953 5655 2254 5729 prietates,
2278 5657 2337 5709 et
2370 5651 2681 5726 quomodo
2726 5652 2902 5708 bonae
2950 5654 3095 5705 eunt
3146 5652 3204 5705 et
3246 5646 3602 5718 laudabiles,
