4066 6212
552 311 686 371 1343

2083 304 2438 366 ΑΠΒΕΝΒΑ.

3764 319 3861 373 ιλιι

574 442 775 511 γασιῶν
836 439 925 491 καὶ
975 434 1039 488 τά
1125 434 1433 506 ὑποκείμενα
1505 434 1747 511 ἀόριστα.
1818 434 1997 488 Πάντα
2044 440 2168 507 γοῦν
2232 437 2278 490 Α
2334 432 2583 506 φθαρικόν
2624 429 2863 491 ἐποίησεν
2893 431 2953 485 ἂν
2983 438 3136 486 τοῦτο
3170 432 3265 499 ;Ού
3319 433 3512 504 φύσεως
3562 428 3641 493 δή.
3687 434 3849 500 Ἔπη-

576 535 741 580 ταύτα
770 525 841 586 εἷς
866 530 958 583 τὴν
1012 522 1315 596 φιλοσοφίαν
1366 522 1641 597 ἀνάγονται
1682 546 1695 559 ·
1757 526 1886 584 αὕτη
1931 522 1989 578 δὲ
2043 544 2171 577 παι-

581 613 722 678 δείας
762 615 904 669 ἐστὶν
935 615 1038 666 οἷον
1091 612 1346 686 ὀφθαλμός
1375 618 1460 667 καὶ
1529 614 1783 691 ἁκρωρία.
1833 618 2174 688 Διαχωρίσω-

574 725 662 778 μεν
731 711 854 776 γοῦν
921 722 1036 755 τινα
1090 704 1280 755 τούτων
1355 707 1445 756 καὶ
1498 712 1597 757 τῶν
1654 705 1816 758 ἄλλων
1880 708 2029 777 φύσει
2082 706 2173 755 καί

574 813 688 847 τινα
746 795 881 846 θέσει
932 808 945 822 ⁸
997 792 1331 866 εὑρεθήσεται
1398 790 1457 847 δὲ
1508 802 1657 850 τοῦτο
1710 793 1765 846 ἐκ
1816 802 1912 846 τῶν
1962 792 2113 849 τελῶν
2155 812 2169 827 ο

572 885 638 937 τά
688 884 787 956 γάρ
857 881 972 940 τέλη
1064 878 1337 940 δηλοποιεῖ
1408 886 1502 941 τὴν
1561 882 1758 957 ἀρχὴν.
1817 882 2014 957 Ὠσπερ
2068 883 2169 955 γάρ

572 975 603 1032 ἡ
676 978 767 1024 τοῦ
832 970 1020 1025 κύκλου
1083 979 1249 1045 μερῶν
1324 970 1573 1045 ἀναλογία
1626 992 1757 1047 προς
1808 974 1872 1027 τά
1931 979 2174 1044 στοιχεῖα

572 1065 630 1115 τό
660 1064 811 1135 φύσει
842 1058 1076 1115 δείκνυσι
1105 1065 1197 1114 καὶ
1224 1064 1281 1113 τὸ
1324 1064 1483 1129 θέσει,
1510 1067 1599 1116 καὶ
1625 1065 1654 1121 ἡ
1717 1066 1844 1138 πρὸς
1892 1063 2024 1118 αὑτά
2073 1070 2172 1116 τῶν

572 1160 760 1225 χυμῶν
800 1152 1009 1225 ὁμοίως,
1042 1154 1132 1203 καὶ
1174 1153 1228 1204 αἱ
1292 1152 1545 1224 συζυγίαι
1596 1161 1695 1206 τῶν
1748 1162 2042 1219 κοινωνιῶν,
2084 1156 2173 1206 καὶ

572 1243 707 1294 κατά
736 1243 820 1293 τὸν
848 1240 1001 1292 αὐτὸν
1031 1239 1180 1312 λόγον
1239 1242 1305 1295 τά
1361 1248 1454 1294 τοῦ
1517 1241 1729 1314 λογικοῦ
1782 1243 1917 1303 ζώου
1978 1242 2174 1315 φυσικά

577 1328 860 1403 ἰδιώματα,
912 1334 1001 1381 καὶ
1053 1338 1159 1391 πῶς
1214 1333 1304 1403 μὲν
1349 1329 1523 1402 ἀγαθά
1592 1340 1704 1393 πῶς
1760 1328 1813 1383 δ’
1884 1330 1962 1397 ού,
2023 1330 2174 1382 ἅτινα

574 1419 761 1494 μᾶλλον
787 1425 878 1471 τού
907 1421 1045 1471 θέσει
1073 1420 1102 1478 ἡ
1132 1426 1222 1471 τοῦ
1276 1422 1428 1492 φύσει
1472 1418 1609 1475 ἐστίν
1644 1441 1657 1455 ·
1692 1421 1826 1473 ούτω
1862 1416 1927 1477 δὴ
1984 1423 2073 1471 καὶ
2125 1418 2173 1471 ἐν

574 1509 896 1581 ἐπιστήμαις
918 1514 1007 1560 καὶ
1037 1512 1251 1580 τέχναις
1290 1507 1518 1581 ἀναφανῇ
1572 1513 1630 1561 τὸ
1658 1512 1807 1582 φύσει
1862 1528 1916 1561 τε
1971 1513 2061 1561 καὶ
2113 1510 2171 1560 τό

578 1601 735 1655 θέσει.
780 1594 921 1652 Εἰδέ
956 1617 1036 1659 τις
1066 1596 1268 1672 ἀφορῶν
1307 1600 1387 1650 ὃόι
1441 1601 1611 1651 πάντα
1665 1607 1758 1661 τῆς
1817 1601 2032 1671 φύσεως,
2086 1601 2175 1650 καὶ

576 1689 657 1741 ὅτι
716 1693 864 1740 πᾶσα
923 1692 1087 1759 τέχνη
1139 1694 1230 1749 τῆς
1288 1687 1600 1761 ἐπιστήμης,
1654 1695 1744 1741 καὶ
1804 1685 1896 1741 διά
1938 1695 2089 1740 τοῦτο
2141 1687 2171 1745 ἣ

574 1779 745 1831 πάντα
817 1784 909 1838 τῆς
958 1778 1180 1848 φύσεως,
1255 1777 1285 1835 ἦ
1341 1774 1490 1831 οὐδὲν
1549 1778 1658 1830 ἐστι
1713 1779 1934 1850 φύσεως,
1992 1781 2082 1829 καὶ
2142 1777 2171 1836 ἣ

575 1867 743 1920 πάντα
792 1872 886 1928 τῆς
932 1864 1227 1939 ἐπιστήμης
1288 1867 1317 1926 ἢ
1381 1863 1504 1920 οὐδὲ
1557 1867 1606 1920 ἐν
1662 1866 1801 1920 ἐστιν
1858 1866 2174 1939 ἐπιστήμης,

575 1954 850 2009 πλανᾶται.
903 1950 1044 2008 Ούδὲ
1096 1956 1196 2028 γάρ
1248 1955 1342 2018 ἔξω
1388 1963 1484 2019 τῆς
1532 1957 1733 2028 φύσεως
1785 1955 1942 2015 ἄλλην
2023 1958 2177 2027 φύσιν

579 2040 871 2116 σπεύδομεν
913 2040 1103 2113 δεῖξαι,
1129 2044 1257 2097 ἀλλά
1294 2046 1361 2097 τά
1389 2049 1461 2117 μὴ
1520 2048 1653 2099 κατά
1704 2047 1859 2118 φύσιν
1911 2048 2176 2117 γινόμενα.

578 2135 739 2187 εἴτουν
778 2134 845 2187 τά
884 2137 954 2206 μὴ
987 2132 1155 2195 καλῶς
1197 2139 1287 2187 καὶ
1317 2133 1621 2210 εἰλικρινῶς,
1672 2135 1776 2188 οἷον
1832 2138 1926 2194 τὴν
1978 2135 2179 2207 μάχαι-

574 2240 670 2297 ραν
704 2224 730 2281 ἡ
766 2224 921 2295 φύσις
943 2223 1057 2294 εὗρέ
1084 2242 1137 2275 τι
1164 2229 1404 2297 πρᾶγμα,
1463 2231 1594 2276 κινεῖ
1632 2220 1691 2277 δε
1742 2244 1824 2285 τις
1868 2223 2029 2282 αύτὴν
2078 2243 2181 2276 πα-

574 2311 805 2386 ραλόγως
838 2334 850 2346 ·
886 2307 969 2387 ἆρ’
1018 2308 1105 2365 οὖν
1135 2311 1331 2385 ἀλόγως
1393 2315 1423 2372 ἡ
1466 2316 1619 2386 φύσις
1669 2314 1782 2388 εὗρε
1833 2318 1927 2372 τὴν
1980 2315 2179 2386 μάχαι-

573 2420 669 2473 ραν
701 2418 714 2467 ;
745 2405 968 2457 Οὔκουν.
1028 2400 1093 2456 Ἦ
1128 2403 1208 2456 ὅτι
1245 2406 1303 2455 τό
1362 2403 1550 2460 ἐσθίειν
1612 2404 1677 2456 τά
1722 2403 1834 2463 ζῶα
1882 2402 2095 2475 ἄριστον
2145 2406 2176 2463 ἡ

576 2490 727 2561 φύσις
769 2485 930 2541 ἔδωκε
974 2485 1116 2561 δόμα
1182 2506 1195 2519 ·
1253 2492 1310 2542 τό
1375 2494 1506 2564 πρὸς
1547 2494 1695 2565 κόρον
1755 2490 1944 2543 ἐσθίειν
1984 2491 2181 2563 εἰσάγει

578 2575 781 2650 βλάϐην
816 2598 828 2610 ·
859 2579 888 2636 ἡ
926 2580 1075 2650 φύσις
1128 2581 1187 2630 τό
1245 2577 1435 2631 ἐσθίειν
1492 2586 1595 2640 τοῖς
1654 2580 1804 2640 ζώοις
1854 2579 1924 2642 εἰς
1978 2579 2179 2653 βλάϐην

576 2663 738 2721 ἔδωκε
770 2687 785 2737 ;
813 2673 977 2722 Τοῦτο
1006 2664 1063 2721 δὲ
1094 2676 1197 2729 πῶς
1232 2684 1245 2735 ;
1290 2674 1391 2727 Καὶ
1458 2671 1557 2742 γάρ
1621 2671 1929 2721 συνιστάναι
1979 2668 2031 2733 ἐξ
2087 2669 2180 2721 ούκ

582 2759 723 2820 ὄντος
779 2758 809 2816 ἠ
862 2760 1015 2833 φύσις
1069 2754 1376 2812 σπεύδουσα
1437 2766 1545 2821 πῶς
1610 2761 1667 2811 τὸ
1744 2762 1873 2833 πρὸς
1922 2761 2179 2813 σύστασιν

2337 542 2393 575 σε
2425 519 2483 576 δὲ
2508 526 2566 589 τό
2598 521 2786 578 ἐσθίειν
2835 524 2864 582 ἡ
2923 524 3100 596 φύσις,
3129 522 3187 574 ού
3220 525 3495 596 φθαρτικὸν
3544 532 3632 576 τῶν
3658 545 3851 581 συνιστα-

2333 616 2492 685 μένων
2559 608 2655 666 διά
2702 620 2917 688 τροφῆς,
2951 611 3077 665 ἀλλά
3105 611 3293 686 μᾶλλον
3341 617 3653 668 συστατικόν.
3695 622 3787 679 Πῶς
3811 616 3855 674 δε

2333 700 2621 756 πλεονεκτεῖ
2695 710 2806 764 τοῖς
2890 708 3131 776 φυσικοῖς
3210 698 3492 775 ἰδιώμασίν
3567 723 3634 765 τις
3697 714 3853 777 κρᾶσις,

2333 796 2423 845 καὶ
2461 792 2662 865 εἰσάγει
2690 795 2756 845 τὰ
2805 796 2875 865 μὴ
2924 794 3039 845 κατ’
3080 792 3277 846 εὐθεῖαν
3312 796 3617 864 γιγνόμεναι,
3660 796 3764 860 οἷον,
3802 798 3856 849 ὅτι

2333 884 2427 940 τὴν
2465 888 2624 956 χεῖρα
2676 877 2969 944 δακτύλους
3019 884 3160 954 ἔχειν
3200 878 3283 934 δεῖ
3339 884 3552 954 φύσεως,
3608 882 3653 946 ἓξ
3702 881 3855 953 diog;

2334 971 2453 1025 Εἰσὶ
2517 968 2577 1025 δέ
2622 990 2753 1034 τινες
2799 978 2976 1046 χεῖρες
3026 975 3116 1025 καὶ
3169 967 3512 1035 ἑξαδάκτυλοι
3543 992 3555 1004 ο
3586 977 3666 1024 καὶ
3705 976 3752 1026 τὸ
3798 977 3858 1045 pie

2335 1063 2474 1133 ἔχειν
2513 1066 2606 1120 τὴν
2635 1069 2796 1136 χεῖρα
2845 1057 3152 1128 δακτύλους,
3214 1063 3417 1133 φύσεως
3473 1076 3486 1092 ⁸
3536 1064 3588 1115 τὸ
3620 1057 3672 1114 δι
3708 1063 3860 1125 πλείους

2336 1153 2537 1223 φύσεως
2603 1154 2713 1224 μὲν,
2773 1149 3156 1223 ἀποτυχούσης
3209 1147 3267 1204 δε
3340 1156 3432 1203 τού
3494 1157 3693 1206 σκοποῦ.
3752 1151 3860 1223 Ἐχιι

2337 1236 2477 1293 διότι
2507 1260 2597 1294 και
2626 1244 2684 1294 τὸ
2740 1239 3070 1313 συμϐεϐηκός
3114 1260 3231 1293 τινα
3291 1236 3531 1313 δύναμιν.
3573 1238 3677 1314 Ἆρ’
3714 1236 3783 1294 οὖν
3818 1244 3861 1294 τὰ

2335 1327 2383 1381 ἐν
2442 1337 2505 1402 τῇ
2564 1331 2715 1401 φύσει
2762 1327 2935 1401 ἀγαθά
2968 1348 2982 1362 ο
3030 1332 3121 1381 καὶ
3178 1332 3249 1400 μὴ
3291 1327 3467 1399 ἀγαθά
3524 1344 3538 1359 ’

2338 1416 2532 1488 ἀγαθὰ,
2566 1415 2677 1485 ἶσα,
2706 1420 2770 1471 τὰ
2814 1414 2873 1471 δί
2915 1422 2986 1491 μὴ
3023 1416 3196 1489 ἀγαθά
3247 1416 3363 1471 κατ’
3425 1415 3656 1488 ἐλλείψεις
3698 1415 3863 1490 immi-

3593 1332 3673 1380 καὶ
3709 1330 3762 1379 τὰ
3803 1334 3860 1400 μὲι

2338 1507 2499 1561 ϐαίνει
2529 1527 2582 1561 τε
2620 1513 2710 1561 καὶ
2734 1507 3109 1581 πλεονασμούς.

2410 1598 2485 1671 β’.
2540 1606 2717 1651 ιῐοιντα
2744 1602 2833 1672 μιν
2882 1595 2970 1651 οὖν
3021 1596 3303 1669 ἀνάγονται
3350 1596 3419 1658 εἰς
3474 1600 3566 1654 τὴν
3617 1598 3766 1668 φύσιν,
3806 1617 3864 1651 και

2338 1692 2486 1740 πᾶσα
2515 1688 2751 1759 μάθησις
2783 1686 2855 1748 εἰς
2900 1691 2994 1745 τὴν
3025 1674 3247 1739 καθόλου
3280 1681 3544 1756 παιδείαν,
3592 1685 3650 1746 ἧς
3694 1683 3802 1736 ἐστιν
3844 1689 3862 1743 ὲ

2340 1776 2638 1850 φιλοσοφία,
2691 1777 2795 1829 οἷον
2848 1776 3111 1849 ὀφθαλμός
3159 1779 3248 1828 καὶ
3304 1774 3581 1849 ἁκρώρεια.
3627 1773 3779 1826 Πολλοὶ
3826 1771 3866 1826 δὲ

2339 1871 2429 1920 καὶ
2466 1866 2774 1942 παραλόγως
2823 1865 3247 1937 συλλογιζόμενοι
3297 1863 3707 1937 ὑπολαμϐάνουσι
3747 1866 3796 1915 τά
3816 1868 3861 1935 μὴ

2340 1957 2474 2009 κατά
2523 1958 2697 2028 φύσιν,
2750 1954 2903 2009 ’Ἐστι
2957 1951 3016 2007 δὲ
3070 1953 3243 2015 αὐτοῖς
3287 1956 3349 2006 τὸ
3399 1952 3763 2024 συλλογίζεσθαι
3794 1970 3865 2003 πα-

2339 2043 2589 2119 ραλόγως,
2658 2045 2739 2097 ὅτι
2785 2044 2851 2096 τά
2918 2047 2990 2116 μὴ
3044 2044 3179 2095 κατά
3240 2044 3400 2114 φύσιν
3471 2039 3863 2112 ὑπολαμϐάνουσιν.

2343 2133 2454 2187 Ούκ
2485 2135 2597 2186 ἔστι
2630 2131 2710 2202 δε,
2743 2134 2878 2185 κατά
2906 2136 2993 2185 τόν
3021 2135 3140 2205 ἐμόν
3177 2130 3354 2203 λόγον,
3401 2130 3462 2183 ού
3502 2138 3592 2191 τῆς
3632 2132 3796 2202 φύσεως
3826 2130 3865 2180 τὸ

2342 2227 2413 2295 μὴ
2455 2224 2590 2275 κατά
2622 2225 2797 2295 φύσιν,
2867 2220 2994 2274 ἀλλά
3038 2224 3240 2294 φύσεως
3284 2222 3399 2293 μὲν,
3439 2218 3795 2293 πλημμελούσης
3827 2214 3864 2269 δε

2342 2315 2371 2374 ἢ
2415 2312 2736 2388 ἀπορούσης.
2780 2317 2882 2366 Καὶ
2914 2314 2980 2364 τὰ
3036 2319 3126 2372 τῆς
3171 2307 3423 2373 παιδείας
3484 2312 3728 2371 ὡσαύτως.
3771 2308 3865 2359 Ἐπεὶ

2341 2405 2441 2475 γὰρ
2497 2407 2587 2455 καί
2625 2407 2756 2465 τινές
2796 2421 2925 2474 φασι
2963 2402 3058 2463 τὰς
3096 2401 3294 2462 οἰκείας
3340 2396 3626 2474 διακρίσεις
3672 2396 3864 2450 $310109:-

2341 2510 2441 2561 τες,
2470 2490 2686 2563 Ὀνόμος
2712 2488 2839 2557 εἶπε,
2867 2486 3007 2563 μηδὲ
3067 2495 3159 2548 τὴν
3216 2497 3311 2543 τοῦ
3359 2493 3517 2561 νόμου
3570 2486 3727 2560 βίϐλον
3773 2481 3865 2536 ἰδὼν

2341 2599 2446 2649 τες,
2499 2584 2587 2633 καὶ
2625 2583 2684 2633 τό
2723 2583 2811 2653 μὶν
2857 2579 2910 2643 ἐξ
2939 2578 3235 2652 ἐπιστήμης
3265 2580 3455 2652 ὁρμᾷν,
3507 2580 3625 2639 ἴσως
3674 2575 3741 2640 ἆν,
3790 2575 3864 2626 tri-

2340 2689 2447 2732 τοις
2479 2669 2753 2742 ἐγγίνεται,
2811 2672 2870 2722 τό
2924 2666 2982 2721 δὲ
3016 2674 3086 2741 μὴ
3121 2670 3256 2721 κατὰ
3297 2671 3424 2730 τούς
3472 2664 3863 2738 ἕπιστήμηςκαιό-

2342 2779 2434 2823 νας
2477 2762 2711 2834 φάσκειν,
2776 2759 2834 2814 ού
2875 2758 3064 2821 τελείας
3137 2766 3229 2820 τῆς
3287 2756 3599 2830 ἐπιστήμης.
3657 2761 3788 2809 Τοῦτο
3826 2747 3864 2804 δέ

548 3042 858 3117 quomodo
888 3043 1065 3100 etiam
1096 3058 1219 3100 non
1251 3042 1449 3111 bonas,
1491 3059 1626 3117 quae
1649 3043 1789 3101 item
1816 3043 2011 3115 magis
2042 3044 2200 3118 posi-
2242 3047 2281 3101 C
2307 3044 2557 3103 habeat?
2578 3008 3168 3104 Simtautemmanus
3182 3043 3613 3117 quaedamqum
3627 3038 3879 3097 sexhabent

552 3130 711 3191 tione
738 3137 1033 3202 constant,
1063 3149 1249 3206 quam
1288 3138 1537 3191 natura:
1568 3134 1650 3190 ita
1677 3134 1925 3190 etiamin
1940 3134 2199 3190 scientiis

549 3228 605 3281 et
624 3224 1239 3282 artibusluculentum
1297 3223 1537 3293 exsistit,
1581 3225 1747 3297 quod
1795 3229 2013 3281 natura
2063 3241 2201 3280 con-

550 3318 732 3370 statet
762 3314 928 3385 quod
948 3313 1263 3385 positione.
1292 3313 1462 3378 Quod
1493 3313 1686 3386 siquis
1702 3314 1945 3369 animad
1966 3317 2199 3370 vertens

548 3402 752 3459 omnia
772 3406 1143 3457 essenaturae
1174 3407 1230 3458 et
1255 3416 1501 3457 omnem
1542 3408 1731 3458 artem
1796 3402 2062 3458 revocari
2120 3402 2199 3458 ad

549 3491 881 3557 scientiam,
914 3494 971 3545 et
991 3490 1211 3546 ideirco
1226 3491 1677 3546 asseratomnia
1695 3507 1823 3547 esse
1837 3498 2081 3558 naturae,
2098 3496 2200 3547 aut

547 3579 693 3635 nihil
716 3595 844 3635 esse
875 3583 1123 3646 naturae,
1147 3580 1409 3652 itemque
1435 3585 1538 3636 aut
1574 3580 1721 3636 nihil
1748 3596 1875 3635 esse
1915 3580 2195 3636 scientiae:

547 3667 726 3737 longe
758 3668 993 3723 fallitur.
1012 3672 1210 3741 Neque
1252 3668 1412 3724 enim
1469 3674 1635 3726 extra
1683 3674 1962 3726 naturam
2015 3669 2199 3725 aliam

546 3762 827 3813 naturam
858 3756 1158 3826 volumus,
1182 3761 1285 3813 aut
1315 3774 1641 3830 possumus
1696 3758 2033 3825 ostendere,
2092 3758 2199 3813 sed

548 3862 683 3919 quae
713 3862 784 3903 ex
802 3851 1015 3904 natura
1045 3862 1169 3905 non
1208 3847 1496 3904 exsistunt
1524 3848 1781 3904 dicimus
1810 3847 1910 3904 illa
1936 3864 2066 3905 esse
2094 3847 2199 3902 ab-

546 3936 809 4003 ventitia,
833 3937 947 3993 hoc
978 3940 1081 4008 est,
1107 3953 1241 4010 qure
1268 3952 1388 3993 non
1416 3937 1698 4009 praeclare
1721 3942 1777 3993 et
1803 3938 2030 3994 sincere
2071 3935 2198 3992 efﬁ-

547 4026 783 4082 ciuntur
819 4029 902 4095 ut,
960 4026 1217 4099 exempli
1275 4027 1484 4095 gratia,
1544 4031 1758 4083 natura
1825 4042 1932 4099 per
2015 4030 2201 4082 artem

548 4114 945 4172 conformavit
967 4130 1094 4172 rem
1124 4114 1414 4187 aliquam,
1442 4119 1507 4172 ut
1532 4115 1818 4188 gladium,
1852 4131 1973 4187 quo
1987 4114 2201 4187 aliquis

547 4205 727 4260 utitur
753 4209 965 4275 praeter
989 4204 1302 4274 rationem,
1345 4221 1421 4261 an
1443 4205 1663 4261 idcirco
1710 4210 1926 4261 natura
1990 4207 2202 4277 praeter

547 4294 839 4349 rationem
868 4292 1135 4362 galdium
1155 4294 1457 4351 invenisse
1478 4294 1705 4350 dicetur
1749 4296 1776 4351 ?
1827 4297 1954 4351 Non
2007 4294 2199 4366 profe-

2309 3135 2546 3206 digitos,
2580 3151 2649 3191 ac
2680 3150 2908 3192 manun
2935 3134 3179 3207 quidem
3228 3150 3337 3190 sex
3359 3134 3577 3190 habere
3612 3131 3791 3202 digitos
3825 3127 3880 3181 est

2309 3229 2557 3292 naturae,
2592 3240 2696 3297 sep
2724 3223 2926 3297 plures
2948 3223 3171 3280 habere
3201 3228 3345 3279 tunc
3376 3222 3613 3292 contigit
3654 3235 3767 3276 cum
3812 3231 3879 3270 na-

2310 3320 2440 3372 tura
2467 3331 2719 3388 scopum
2759 3331 2882 3371 non
2903 3314 3308 3388 consequitur.
3338 3318 3485 3373 Nam
3519 3310 3800 3369 adventitia
3817 3306 3875 3359 vis

2308 3403 2635 3477 aliquando
2679 3403 2909 3477 aliquid
2966 3403 3198 3460 efﬁcere
3241 3408 3459 3475 potest.
3519 3405 3653 3459 Sunt
3682 3400 3819 3468 igitur
3841 3395 3877 3448 in

2306 3499 2524 3551 natura
2554 3494 2716 3550 bona
2743 3500 2940 3550 etnon
2987 3494 3167 3549 bona.
3195 3494 3276 3548 Ac
3330 3493 3495 3549 bona
3539 3491 3754 3565 quidem
3790 3486 3879 3539 sunt

2309 3600 2503 3657 aequa,
2529 3600 2651 3640 non
2680 3583 2843 3640 bona
2896 3600 3038 3641 vero
3070 3599 3140 3639 ex
3189 3582 3433 3640 deiectu
3488 3588 3540 3639 et
3591 3574 3879 3639 abundantia

2309 3673 2511 3729 nolent
2541 3673 2841 3729 exsistere.

2382 3762 2594 3819 Omnia
2631 3762 2808 3832 igitur
2846 3762 2923 3819 ab
2968 3767 3247 3818 naturam
3267 3766 3641 3825 revocantur,
3673 3762 3720 3814 et
3744 3751 3878 3810 omnis

2309 3851 2626 3922 disciplina
2663 3851 2740 3908 ad
2773 3851 3116 3925 generalem
3142 3850 3533 3908 eruditionem
3573 3849 3724 3917 cujus
3751 3839 3877 3915 philc

2310 3939 2524 4013 sophia
2539 3945 2626 3997 est
2645 3946 2937 4014 tanquam
2968 3940 3177 3997 oculus
3208 3944 3265 3997 et
3297 3954 3591 3996 cacumen
3621 3933 3769 3993 .Multi
3790 3941 3876 3984 vero

2307 4034 2515 4104 praeter
2533 4030 2826 4087 rationem
2857 4030 3200 4099 colligentes
3245 4030 3587 4086 existimant
3614 4039 3726 4082 esse
3774 4033 3877 4090 quae“

2309 4119 2452 4176 dam
2485 4135 2607 4175 non
2646 4136 2716 4176 ex
2731 4124 2966 4176 natura.
2992 4118 3375 4176 Concludunt
3404 4123 3599 4174 autem
3627 4113 3799 4187 praeter
3819 4119 3876 4160 ra-

2309 4209 2532 4265 tionem
2559 4225 2698 4265 cum
2725 4209 2927 4282 aliqua
2948 4224 3070 4264 non
3108 4224 3181 4264 ex
3211 4212 3430 4264 natura
3455 4222 3579 4263 esse
3599 4198 3874 4260 existimant.

2310 4298 2416 4354 sed
2446 4314 2580 4355 mea
2599 4298 2843 4372 quidem
2874 4298 3181 4364 sententia,
3207 4314 3345 4370 quae
3360 4313 3483 4353 non
3498 4299 3698 4351 suntex
3711 4290 3874 4346 natura,

549 4386 663 4438 cto.
690 4383 805 4437 Aut
829 4382 973 4453 quia
992 4398 1234 4438 sensum
1259 4383 1420 4439 hunc
1459 4385 1754 4455 optimum
1778 4388 1995 4440 natura
2033 4383 2199 4439 dedi-
2234 4405 2275 4459 ι)
2309 4388 2409 4445 illa
2437 4404 2559 4444 non
2590 4392 2729 4444 sunt
2748 4387 3005 4443 dicenda
3028 4402 3150 4442 non
3182 4402 3311 4465 esse
3338 4390 3588 4453 naturae,
3621 4395 3739 4437 cum
3760 4378 3876 4465 natu-

549 4469 976 4541 animantibus,
1010 4470 1174 4544 quod
1199 4472 1355 4527 vesci
1375 4478 1646 4545 oporteat
1677 4472 1868 4529 :vesci
1890 4476 2088 4529 autem
2123 4472 2201 4529 ad

549 4560 880 4617 satietatem
927 4564 1015 4615 est
1044 4559 1543 4628 incommodum;
1593 4578 1671 4617 an
1725 4562 1945 4617 idcirco
1986 4566 2201 4618 natura

548 4648 957 4707 animantibus
1005 4649 1170 4705 dedit
1218 4654 1285 4705 ut
1336 4650 1722 4707 incommode
1773 4654 2203 4707 vescerentur?

548 4741 777 4797 Etenim
799 4756 938 4797 cum
973 4744 1193 4796 natura
1237 4740 1613 4797 conformare
1677 4740 1980 4797 constituit
2037 4740 2201 4812 quod

546 4834 829 4899 nouerat,
881 4844 1003 4902 quo
1047 4833 1224 4900 pacto
1272 4828 1351 4885 ad
1408 4828 1969 4896 conformationem,
2032 4827 2199 4901 quod

545 4920 667 4975 vim
689 4919 873 4976 habet
902 4916 1305 4984 interimendi,
1333 4922 1567 4989 pararet
1599 4918 1625 4973 ?
1659 4916 1772 4974 Sed
1792 4932 1936 4973 sane
1949 4917 2200 4973 hocnon

547 5010 635 5062 est
668 5011 919 5064 natura.
977 5007 1193 5061 Contra
1231 5005 1389 5060 vesci
1419 5003 1705 5060 animalia
1734 5004 1923 5060 voluit
1960 5008 2198 5070 natura,

546 5109 668 5150 non
682 5098 746 5151 ut
764 5094 823 5149 in
842 5093 1320 5149 interimerentur
1331 5091 1639 5156 animalia,
1654 5107 1789 5164 quas
1822 5095 2203 5147 vescerentur

547 5184 653 5239 sed
700 5183 897 5255 potius
947 5181 1159 5237 melius
1209 5182 1707 5237 constituerentur
1784 5187 1839 5238 et
1914 5180 2201 5237 corrobo-

545 5277 836 5329 rarentur.
891 5271 1005 5327 Sed
1054 5271 1157 5343 qui
1210 5271 1276 5326 tit
1326 5278 1387 5327 ut
1425 5287 1705 5328 excessus
1754 5272 1868 5327 sint
1922 5285 2202 5326 nonnun-

544 5375 734 5434 quam
764 5374 837 5415 ex
857 5374 1139 5432 perversa
1178 5361 1605 5431 temperatione
1652 5359 2019 5415 naturalium
2073 5375 2206 5432 pro-

545 5450 892 5523 prietatum,
921 5452 978 5505 et
1005 5449 1194 5506 multa
1226 5465 1347 5505 non
1400 5454 1554 5506 recte
1593 5449 1912 5505 constituta
1959 5453 2014 5505 et
2070 5464 2207 5505 con-

546 5539 811 5598 formata
869 5538 932 5594 iu
991 5537 1189 5595 lucem
1248 5539 1523 5606 edantur,
1584 5542 1668 5606 ut,
1712 5537 1959 5611 exempli
1993 5538 2203 5609 gratia,

544 5628 660 5690 hoc
679 5631 914 5688 naturae
954 5632 1043 5687 est
1066 5634 1129 5688 ut
1146 5644 1368 5688 manus
1409 5627 1675 5701 quinque
1692 5626 1929 5699 digitos,
1954 5642 2078 5686 non
2102 5643 2209 5686 sex

2308 4493 2388 4534 ree
2435 4478 2567 4546 sint,
2625 4477 2731 4533 sed
2776 4476 3166 4542 abundantis,
3205 4460 3310 4533 aut
3358 4475 3561 4532 inodia
3606 4460 3872 4527 laborantis.

2311 4566 2471 4622 idem
2493 4565 2889 4636 judicandum
2921 4567 3008 4621 est
3031 4564 3105 4619 de
3135 4563 3247 4619 illis
3279 4580 3416 4636 quae
3452 4562 3528 4618 ab
3568 4553 3873 4643 eruditionem

2307 4654 2622 4727 pertinent.
2648 4654 2943 4720 Quoniam
2964 4651 3124 4708 enim
3154 4652 3408 4725 quidam
3456 4666 3593 4706 suas
3631 4640 3871 4727 sententtaf

2308 4722 2615 4816 proferunt
2632 4747 2687 4797 et
2704 4740 2974 4805 laudant,
2997 4722 3259 4796 dicentes
3280 4739 3477 4809 legem
3521 4738 3598 4792 ita
3616 4731 3787 4820 illi)?“

2309 4812 2550 4897 dictare,
2585 4846 2724 4886 cum
2742 4835 2942 4887 tamen
2953 4828 3334 4898 librumlegis
3351 4839 3654 4900 nunquam
3673 4812 3869 4900 viderint,

2308 4918 2435 4974 ﬁeri
2456 4922 2653 4991 potest
2680 4921 2744 4974 ut
2762 4918 2995 4974 initium
3021 4933 3143 4990 quo
3164 4918 3485 4973 incitantur
3516 4912 3591 4969 ad
3634 4899 3869 4991 dicendam

2309 4989 2661 5062 sententiam
2687 5021 2723 5063 a
2753 5005 2999 5061 scientia
3028 4989 3438 5077 proﬁciscatur
3463 5020 3475 5057 :
3509 4997 3607 5055 sed
3644 4989 3764 5051 illud
3788 4996 3870 5077 stn-

2307 5095 2415 5150 tire
2455 5100 2511 5151 et
2539 5094 2734 5151 dicere
2762 5110 2884 5150 non
2911 5110 2984 5149 ex
3010 5093 3267 5150 scientiae
3297 5090 3535 5163 regulis,
3566 5099 3675 5142 non
3702 5080 3771 5136 est
3804 5072 3869 5128 ho-

2309 5183 2486 5239 minis
2510 5184 2570 5238 in
2602 5182 2846 5239 scientia
2870 5181 3023 5238 bene
3054 5181 3371 5237 exercitati.
3426 5181 3541 5234 Hoc
3590 5177 3759 5229 autem
3795 5170 3868 5213 usu

2310 5273 2509 5329 venire
2535 5273 2723 5328 multis
2753 5271 3286 5337 animadvertimus,
3310 5284 3555 5342 quorum
3586 5278 3682 5319 nos
3707 5246 3867 5342 miseret

2311 5366 2368 5417 et
2396 5362 2479 5417 eis
2509 5362 2730 5419 idcirco
2755 5361 3083 5434 parcimus.
3111 5363 3242 5415 Haec
3273 5363 3471 5415 autem
3497 5371 3562 5410 eo
3588 5348 3811 5406 diximus:
3829 5333 3865 5434 ui

2313 5451 2703 5508 ostendamus
2738 5432 2848 5507 nos
2879 5449 3036 5506 nolle
3085 5448 3334 5506 alteram
3377 5444 3629 5519 quadam
3664 5432 3864 5491 naturam

2311 5539 2428 5596 hoc
2448 5543 2652 5596 nostro
2677 5541 2899 5612 scripto
2919 5552 3278 5611 proponere,
3306 5550 3443 5591 cum
3471 5535 3713 5589 naturam
3726 5521 3863 5612 cui“?

2312 5646 2433 5713 usu
2458 5629 2661 5688 venire
2691 5610 2883 5689 solent
2912 5610 2976 5685 in
3004 5630 3221 5686 natura
3232 5641 3302 5683 ex
3317 5610 3864 5696 temperationuml’m'
