4066 6212
186 291 214 346 !
226 286 329 346 345

1092 277 1446 343 THEODOBI
1484 279 1530 338 ll
1555 278 1691 339 1MP.
1724 270 1814 335 DE
1843 275 2306 348 COMMUNIONE
2342 291 2717 353 NATURALI.

3460 294 3601 351 1346

184 410 430 471 πολλάκις
474 405 775 482 συμϐαίνειν
831 405 905 473 εἷς
981 427 1127 471 τινας
1204 405 1430 484 εἴδομεν,
1501 404 1591 471 οὕς
1670 400 1845 480 φειδοῖ
1872 407 1921 461 Α
1952 417 2214 487 σοχοείας,
2261 419 2348 470 καὶ
2408 418 2581 471 πάντα
2632 421 2952 487 τεκτονικῆς,
3032 433 3128 469 και
3213 414 3387 469 πάντα
3473 423 3599 490 μιᾶς

186 502 545 577 οἰκτιζόμεθα,
598 495 695 553 διὰ
738 504 892 553 τοῦτο
946 498 1054 572 οὐχ
1094 499 1268 577 ἑτέραν
1319 503 1474 574 φύσιν
1531 492 1844 558 σπεύδοντες

186 590 380 660 δεῖξαι,
433 593 640 645 τουτονὶ
691 592 751 642 1'6
806 584 1131 664 σπουδασμα
1203 597 1476 664 πονοῦμεν,
1552 585 1681 640 ἀλλὰ
1745 588 1843 645 τὴν

186 685 344 758 φύσιν
385 685 477 734 καὶ
523 682 589 734 τὰ
633 676 682 731 ἓν
728 677 858 752 αὐτῇ
906 682 1040 732 κατὰ
1090 680 1324 756 κράσεων
1398 675 1668 737 ἰδιότητας
1737 673 1844 729 ἄπι-

187 770 565 846 συμϐαίνοντα.
595 767 747 823 ’Ἐστι
800 763 860 821 δέ
911 769 1081 822 πάντα
1128 766 1176 823 ἓν
1224 777 1286 844 τῇ
1344 770 1514 842 φύσει,
1558 770 1651 819 καὶ
1696 770 1846 818 πᾶσα

182 859 421 936 τέχνηὲν
472 858 763 933 ἐπιστήμῃο
828 861 1063 934 Διαφέρει
1126 854 1187 913 δε
1235 859 1266 920 ἦ
1321 864 1447 933 τιμῇ
1497 858 1528 917 ἢ
1579 857 1841 921 ποιότητι,

184 954 215 1014 ἦ
255 952 526 1024 συνηθείᾳ,
569 948 600 1009 ἦ
660 955 827 1003 ποσοῦ
879 956 976 1022 ἰσῳ
1033 953 1126 1003 καὶ
1187 956 1260 1023 τῷ
1308 947 1491 1021 ἀνίσῳ,
1564 946 1594 1007 ἦ
1676 943 1847 998 ἀνέσει

185 1046 279 1096 καὶ
329 1040 585 1110 ἐπιτάσει,
634 1043 723 1092 καὶ
770 1037 886 1091 κατ’
935 1037 1121 1102 ἀλλους
1166 1037 1370 1113 λόγους,
1448 1031 1553 1091 οἷον
1627 1040 1848 1108 τιμᾶται

185 1134 279 1205 μὶν
313 1131 546 1203 Κορίνθῳ
564 1131 624 1181 1'6
684 1131 960 1201 μουσικόν,
1016 1127 1277 1202 Θετταλίᾳ
1337 1125 1399 1182 δὲ
1450 1129 1508 1180 τό
1545 1126 1843 1200 ὑφαντικὸν,

185 1223 217 1283 ᾖ
270 1225 470 1294 Νικαία
521 1223 579 1273 τὸ
635 1218 952 1293 φιλοσοφεῖν,
1000 1218 1310 1292 Φιλοσοφεῖᾳ
1357 1213 1415 1272 δὲ
1498 1236 1557 1271 το
1635 1234 1849 1269 σκυτευ-

184 1314 353 1365 τικόν·
380 1312 459 1364 Τὰ
487 1312 576 1383 μὲν
633 1308 722 1363 οὖν
780 1306 1043 1382 ἀμφοτέρα
1087 1304 1352 1381 παιδείας,
1415 1311 1513 1382 μία
1565 1302 1625 1360 δὲ
1651 1306 1844 1365 ἑκάστη

186 1405 364 1474 τίμιον
390 1400 553 1453 οἴεται
571 1400 630 1453 τὸ
699 1396 725 1451 6
778 1403 926 1471 τιμᾷ.
984 1402 1233 1457 Ποιότητι
1291 1394 1372 1465 δὲ,
1439 1399 1505 1459 ὡς
1564 1399 1624 1449 τὸ
1680 1395 1847 1468 γλυκύ

187 1496 490 1558 ποιότητος,
555 1492 615 1542 τὸ
669 1487 859 1541 ἁλυκὸν
908 1491 1204 1549 ποιότητος.
1272 1488 1588 1561 Λιχνεύεται
1662 1482 1716 1540 δ’
1797 1483 1846 1538 ἐν

189 1579 362 1643 ἄλλοις
418 1583 475 1632 τὸ
530 1582 602 1652 μὴ
653 1584 760 1640 τοῖς
808 1574 982 1640 ἄλλοις
1051 1574 1223 1647 ἐφετὸν
1303 1579 1375 1630 ἄν·

189 1677 288 1735 τῆς
314 1673 590 1729 ποιότητος
617 1668 791 1742 ἄμφω,
855 1667 1103 1740 συνηθειᾳ
1162 1661 1242 1734 δὲ,
1295 1669 1364 1730 ὡς
1419 1666 1646 1739 ὑφάντης
1691 1668 1847 1741 μέρος

192 1761 629 1835 ἱστοοργηματων
694 1755 869 1818 ἐθίσας
937 1755 1188 1830 tipatam,
1247 1751 1483 1831 διαφέρεί
1554 1760 1647 1808 τοῦ

189 1869 278 1925 ρον
304 1850 627 1922 ὑφαίνοντος.
655 1845 785 1920 ’Ἱσῳ
824 1842 884 1900 δὲ
927 1850 1018 1899 καὶ
1066 1844 1247 1919 ἀνίσῳ,
1307 1846 1378 1908 ὡς
1425 1844 1674 1918 Αἰγύπτῳ
1718 1865 1850 1915 παν-

190 1935 437 1994 τοδαπῶν
488 1935 689 2000 πλῆθος
770 1943 1003 2012 καρπῶν,
1064 1930 1187 2007 Κοῷ
1256 1930 1315 1990 δὲ
1391 1936 1576 1998 πάντες
1654 1938 1844 2011 καρποὶ

192 2032 305 2103 μὶν,
350 2026 445 2081 οὐκ
483 2025 528 2088 ἐς
565 2029 718 2080 τόσον
776 2021 836 2079 δὲ
876 2026 1013 2078 κατά
1066 2043 1126 2098 ’γε
1180 2027 1362 2091 ποσόν,
1414 2023 1546 2085 πλὴν
1609 2019 1668 2077 δὲ
1740 2024 1850 2077 ἶσοι

1748 1756 1904 1808 ἔτε--ω

1952 502 2176 565 ἑκάστης
2205 505 2362 584 οὗπερ
2406 507 2566 563 ἔστιν.
2618 505 2779 561 ἐστίν.
2834 504 2989 579 Ἐχει
3046 502 3106 559 δὲ
3159 510 3369 566 καιτὴν
3417 502 3601 581 διαφο-

1948 597 2046 669 ρὰν
2082 598 2221 650 κατὰ
2241 598 2331 659 τὰς
2377 604 2477 651 τῶν
2516 597 2565 651 ἐν
2613 596 2892 671 φιλοσοφία
2948 604 3275 671 κατηγοριῶν
3331 601 3600 660 κοινωνίας

1950 703 2042 738 και
2090 681 2397 750 διαστολάς·
2460 685 2738 760 ἀνάγονται
2794 682 2855 738 δὲ
2906 684 2975 747 εἰς
3031 689 3114 745 τὸν
3155 685 3361 755 οὐσίαν,
3423 687 3598 763 ὥσπερ

1952 771 2178 847 ἅπασαι,
2209 775 2344 830 οὕτω
2374 771 2442 836 δὴ
2485 795 2575 829 και
2618 775 2691 837 εἰς
2746 777 2842 834 τὴν
2891 776 3046 847 φύσιν
3091 775 3160 828 τὰ
3208 772 3258 827 ἐν
3308 781 3370 849 τῇ
3427 777 3598 848 φύσει,

1951 861 2047 916 κᾶν
2100 861 2447 939 ἀποτυγχάνῃ
2503 871 2596 918 τοῦ
2654 862 2792 931 ὅλου,
2849 862 2946 916 κᾶν
2997 866 3098 937 ἴσῳ
3146 866 3279 939 πρὸς
3325 867 3384 917 1'6
3467 866 3603 917 κατὰ

1954 955 2110 1027 φύσιν
2140 958 2302 1029 τρέχῃ
2359 953 2562 1031 ῥυθμῷ.
2610 953 2867 1029 Ὺπάρχει
2915 948 2975 1007 δὲ
3019 955 3087 1006 τά
3133 953 3249 1012 τέλη
3299 956 3491 1008 τούτῶν
3536 954 3604 1007 τά

1953 1045 2044 1118 μὲν
2070 1048 2308 1120 κρείττω,
2348 1047 2415 1098 τὰ
2463 1041 2523 1098 δὲ
2588 1048 2774 1120 χείρω.
2824 1042 2984 1096 Ὥστε
3029 1042 3089 1096 οὐ
3142 1046 3278 1098 κατά
3336 1047 3395 1097 τό
3452 1046 3603 1117 φύσει

1955 1138 2235 1209 κρίνονται-
2302 1132 2346 1187 εἰ
2434 1137 2533 1210 ’γὰρ
2589 1131 2845 1210 ἐκρίνοντο
2924 1135 3057 1187 κατὰ
3131 1136 3310 1207 φύσιν,
3391 1133 3602 1208 ἐτιμᾶτο

1956 1221 2017 1276 ἂν
2062 1242 2151 1277 και
2203 1223 2462 1297 Θετταλίᾳ
2515 1225 2587 1288 ὡς
2642 1223 2905 1298 Κορίνθῳ’
2948 1226 3005 1276 τὸ
3089 1226 3362 1295 μουσικόν·
3410 1220 3605 1295 ξπᾶσαι

1956 1314 2057 1387 γάρ
2089 1314 2146 1365 αἶ
2201 1317 2496 1386 συμφωνίαι
2547 1316 2638 1365 καὶ
2684 1314 2741 1364 αἱ
2795 1311 2968 1374 τάξεις
3021 1319 3286 1385 μουσικῆς
3332 1311 3431 1365 εἰσι
3481 1312 3604 1366 θεω-
3670 1324 3677 1329 ’

1956 1406 2093 1477 ρίας.
2138 1400 2489 1475 Συμϐάλλεται
2537 1397 2597 1455 δὲ
2659 1405 2933 1475 συμφωνία
3003 1420 3094 1454 και
3163 1401 3311 1464 τάξις
3382 1399 3461 1455 ἀεί
3531 1400 3605 1463 εἰς

1958 1490 2198 1564 οἰκισμόν
2270 1488 2464 1544 πόλεών
2539 1507 2595 1543 τε
2665 1508 2756 1542 και
2836 1494 3061 1564 κόσμου·
3132 1487 3313 1549 ἰπειδὴ
3389 1490 3602 1559 πόλεων,

1463 1575 1718 1653 ’Υπάρχει
1787 1570 1847 1629 6":
1885 1580 1930 1635 Β
1958 1578 2232 1653 ὕφαντικὸν
2277 1574 2336 1632 δὲ
2392 1576 2451 1631 οὗ
2506 1580 2792 1637 συνίστησι
2838 1576 3006 1633 πόλιν.
3059 1579 3132 1631 T6
3168 1580 3265 1652 μευ
3301 1578 3404 1654 γάρ
3465 1576 3605 1631 ἀναι-

1956 1670 2098 1745 ρεθὲν
2164 1666 2421 1742 ἀφανίσει,
2477 1670 2535 1721 τὸ
2599 1661 2659 1721 δὶ
2726 1664 3025 1740 ἀφανισθὲν,
3095 1667 3189 1721 οὐκ
3246 1665 3489 1740 ἀφανίσει
3527 1668 3609 1721 ὅτι

1959 1758 2084 1812 αὐτὸ
2111 1758 2415 1832 ἠφάνισται·
2468 1758 2604 1817 ὥστε
2648 1760 2708 1809 τὸ
2758 1759 2849 1831 μὲν
2902 1754 3205 1830 ἀναγκαῖον,
3252 1760 3313 1810 τὸ
3361 1752 3421 1811 δὲ
3469 1761 3609 1832 χρὴ-

1953 1848 2132 1922 ’σιμονο
2184 1852 2535 1922 φυσικώτερον
2590 1841 2645 1899 δ’
2694 1847 2809 1900 ἔστι
2858 1849 2918 1900 τὸ
2961 1844 3241 1920 ἀναγκαῖον
3288 1844 3387 1899 ἀεί’
3457 1862 3611 1919 φυσιο

1956 1943 2177 2014 κὼτερον
2219 1937 2323 2010 ἄρα
2369 1952 2459 1989 και
2505 1938 2564 1989 1'6
2609 1937 2865 2009 μουσικόν
2912 1943 3005 1989 τοῦ
3052 1937 3358 2009 ὑφαντικοῡ.
3428 1936 3488 1989 Εἰ
3550 1931 3611 1989 δέ

1956 2046 2039 2090 τις
2075 2026 2168 2080 οὐκ
2212 2022 2347 2094 οἶδε,
2398 2028 2453 2077 τί
2499 2023 2646 2088 τάξις
2705 2043 2796 2078 και
2849 2029 3144 2099 συμφωνία,
3194 2022 3472 2088 ἐξεταζέτω
3542 2026 3611 2078 τὰ

193 2116 288 2171 κᾶν
334 2111 554 2192 διαφέρῃ
605 2115 768 2189 ἀνίσῳ
815 2119 907 2168 καὶ
958 2116 1080 2189 ἴσῳ,
1134 2113 1370 2168 ἐπιτάσει
1414 2110 1475 2168 δὲ
1514 2118 1606 2167 καὶ
1656 2111 1848 2185 ἀνέσει,
1947 2121 2068 2192 περί
2104 2121 2199 2175 τὴν
2256 2116 2537 2188 ὑφαντικὴν
2571 2133 2584 2148 ·
2627 2115 2841 2190 εὑρήσει
2907 2110 2967 2168 δε
3051 2132 3142 2168 και
3191 2117 3493 2187 συμφωνίαν
3556 2112 3606 2166 ἕν

195 2207 265 2270 ὡς
342 2204 706 2281 ’Δριστοτίλης
780 2203 1067 2281 φιλοσοφεῖ,
1144 2201 1274 2257 ἀλλὰ
1370 2207 1459 2256 καὶ
1540 2202 1846 2277 Σιμπλίκος,

193 2292 347 2349 Ἐστι
387 2290 447 2348 δε
492 2296 523 2354 ἡ
575 2292 857 2367 φιλοσοφία
933 2295 1174 2364 ποιότης,
1258 2288 1476 2365 δέχεται
1552 2288 1849 2346 δ’ἒπίτασιν

196 2388 287 2437 καὶ
334 2384 529 2451 ἄνεσιν,
586 2386 679 2436 καὶ
726 2383 843 2436 κατ’
892 2380 1130 2436 ἐπίτασιν
1173 2401 1228 2435 τε
1282 2386 1370 2435 καὶ
1434 2383 1631 2439 οἰνεσιν.
1714 2381 1852 2459 Ἀρα

195 2468 540 2548 Ἀριστοτέλει
606 2474 697 2526 καὶ
764 2471 1051 2546 Σιμπλικίῳ
1119 2473 1150 2532 ἡ
1204 2471 1488 2546 φιλοσοφία
1561 2471 1850 2547 φιλοσοφεῖ-

203 2581 313 2621 ται.
338 2565 517 2616 Πάντα
686 2560 774 2615 οὖν
830 2557 925 2615 διὰ
963 2568 1127 2616 ταῦτα
1175 2560 1503 2636 φιλοσοφίας,
1546 2565 1638 2616 καὶ
1680 2563 1854 2617 πάντα

211 2657 613 2728 σταρατηγικῆς,
642 2655 732 2704 καὶ
776 2638 949 2706 πάντα
1009 2652 1308 2726 ὑφαντικῆς.
1364 2655 1455 2705 καὶ
1496 2652 1668 2706 πάντα
1714 2671 1851 2729 χρυ-

1959 2207 2091 2280 αὖτῇ
2137 2205 2299 2258 οὖσαν
2345 2223 2435 2258 και
2477 2203 2643 2268 τάξιν.
2698 2211 2801 2258 Και
2849 2210 3002 2258 τοῦτο
3051 2199 3340 2279 πρόδηλον.
3380 2202 3456 2257 Ou’
3506 2206 3610 2277 μὴν

1961 2293 2040 2364 δε,
2066 2293 2195 2348 ἀλλά
2235 2313 2326 2347 και
2370 2297 2489 2368 περί
2536 2295 2626 2355 τάς
2675 2288 2959 2367 οἰκοδομάς
3016 2294 3151 2346 κάτά
3201 2295 3289 2346 τὸν
3333 2291 3490 2346 αὐτόν
3525 2290 3613 2345 λό-

1958 2405 2071 2460 γον.
2128 2387 2230 2439 Καί
2287 2387 2592 2456 πανταχόσε
2644 2384 2705 2435 1'6
2765 2378 2825 2436 δί
2874 2389 2971 2445 τῆς
3042 2380 3231 2446 τάξεως
3310 2387 3613 2458 τιμιώτερον

1959 2494 2051 2530 και
2098 2482 2194 2536 τῆς
2239 2477 2559 2547 συμφωνίας,
2610 2473 2692 2525 ὅτι
2750 2489 2841 2526 και
2897 2471 3052 2526 αὑτὸν
3104 2471 3320 2547 οὐρανὸν
3367 2488 3457 2524 και
3512 2479 3614 2543 γῆν

1959 2584 2050 2618 και
2079 2565 2358 2637 σύμπαντα
2398 2565 2618 2635 κόσμον,
2674 2559 2804 2634 λέγω
2846 2556 2914 2620 δὴ
2983 2568 3084 2614 τῶν
3144 2559 3198 2624 ἕξ
3256 2559 3475 2635 οὐρανοῦ
3524 2577 3616 2613 και

1959 2662 2059 2730 γῆς
2102 2670 2194 2705 και
2258 2653 2459 2705 πάντων
2516 2657 2616 2704 τῶν
2669 2649 2759 2703 ὑπ’
2835 2648 3006 2703 αὐτῶν
3072 2654 3455 2724 περιεχομένων
3526 2666 3618 2702 και

203 2827 568 2904 prietatlbus,
621 2832 986 2904 pertractare
1021 2829 1521 2901 constituerimus,
1554 2830 1703 2887 Sunt
1754 2842 1857 2887 au-
1885 2819 1934 2874 Α
1961 2825 2281 2889 textoriam
2310 2832 2521 2899 artem,
2551 2840 2689 2902 quas
2714 2830 2856 2886 sunt
2882 2828 3145 2886 textoris:
3161 2844 3179 2900 ;
3208 2830 3265 2885 et
3292 2826 3499 2885 omnia
3516 2825 3621 2885 illa

203 2922 321 2977 tem
348 2920 555 2977 omnia
580 2918 643 2976 in
666 2923 905 2991 natura,
937 2923 994 2977 et
1033 2918 1231 2976 omnis
1295 2934 1395 2977 ars
1443 2918 1559 2975 sub
1609 2919 1859 2976 scientia

202 3008 747 3083 comprehenditur.
778 3008 1065 3066 Diﬁ‘erunt
1093 3012 1294 3066 autem
1315 3008 1467 3065 inter
1495 3023 1558 3065 se
1588 3013 1692 3066 aut
1709 3023 1856 3081 prie-

203 3099 439 3171 stantia,
472 3105 573 3156 aut
606 3098 892 3173 qualitate
912 3104 1016 3155 aut
1031 3099 1465 3156 consuetudine
1478 3104 1583 3155 aut
1621 3097 1857 3171 quanti-

202 3184 336 3246 tatis
364 3187 709 3261 aequalitate
730 3192 833 3245 aut
857 3187 1261 3261 inaequalitate
1289 3187 1741 3245 autintensione
1754 3191 1858 3244 aut

201 3274 550 3333 remissione
590 3282 648 3334 et
671 3276 802 3333 aliis
829 3276 1184 3344 rationibus,
1212 3278 1278 3333 ut
1307 3276 1570 3334 Corinthi
1622 3275 1859 3334 musica

201 3363 263 3422 in
278 3366 466 3439 pretio
482 3366 756 3437 habetur,
776 3366 837 3423 in
847 3365 1151 3424 Thessalia
1161 3365 1428 3438 textoria,
1447 3366 1656 3423 Nicaeae
1668 3364 1858 3439 philo-

202 3455 439 3528 sophia,
465 3454 886 3528 Philadelphias
908 3455 1180 3512 coriaria.
1212 3457 1346 3511 Haec
1382 3454 1588 3512 omnia
1620 3455 1699 3511 ad
1729 3470 1859 3512 eru-

202 3540 491 3601 ditionem
510 3542 862 3617 referuntur,
900 3544 1007 3601 sed
1021 3560 1402 3618 unaquaeque
1423 3544 1637 3601 civitas
1665 3543 1857 3617 pretio

202 3631 458 3705 dignum
486 3636 657 3706 putat
682 3632 830 3690 illud
860 3633 1026 3707 quod
1056 3633 1117 3689 in
1150 3633 1862 3707 pretiohabet.Diﬁ‘erunt

202 3723 388 3780 etiam
415 3722 870 3796 qualitate,utid
881 3723 1049 3799 quod
1060 3723 1335 3781 estdulce
1348 3724 1655 3798 qualitatis
1677 3729 1788 3792 est,
1803 3729 1862 3782 et

201 3811 371 3886 quod
389 3817 477 3869 est
505 3811 732 3869 salsum
765 3817 855 3870 est
880 3829 1122 3887 quoque
1169 3813 1489 3886 qualitatis.
1563 3813 1676 3872 Sed
1730 3814 1861 3870 ﬁeri

201 3905 400 3974 potest
426 3905 493 3958 ut
516 3900 679 3975 quod
702 3900 865 3974 apud
891 3901 1214 3958 nonnullos
1233 3901 1296 3958 in
1316 3901 1541 3958 deliciis
1579 3901 1857 3975 habetur,

203 3989 282 4047 ab
316 3989 445 4046 aliis
466 4005 590 4046 non
620 3994 955 4064 appetatur.
983 3992 1311 4063 Utrumque
1342 3996 1544 4047 autem
1563 3991 1642 4047 ad
1666 3992 1860 4065 quali-

204 4080 386 4136 tatem
415 4076 665 4137 refertur
677 4079 1143 4137 consuetudines
1159 4079 1445 4137 diiferunt
1462 4084 1526 4137 ut
1542 4084 1733 4137 textor
1755 4080 1863 4155 qui

207 4167 415 4225 solitus
440 4173 533 4225 est
552 4174 785 4242 partem
810 4170 981 4241 pensi
1006 4168 1258 4242 alicujus
1287 4174 1612 4242 pertexere,
1666 4169 1865 4227 diﬁert

1966 2920 2044 2978 ad
2064 2919 2381 2977 auriﬁcum
2395 2922 2602 2987 artem,
2624 2933 2759 2991 quae
2771 2917 3060 2975 suntartis
3076 2916 3392 2974 auriticum
3410 2930 3424 2973 :
3448 2915 3619 2972 item-

1966 3024 2086 3084 que
2109 3023 2489 3082 quaecunque
2515 3011 2655 3063 sunt
2676 3005 2904 3064 fabrilis
2934 3006 3098 3079 artis,
3123 3005 3202 3063 ad
3226 3005 3498 3062 fabrilem
3529 3021 3618 3063 ar-

1964 3104 2086 3156 tem
2105 3115 2117 3154 :
2133 3098 2394 3171 denique
2415 3095 2626 3153 omnia
2649 3095 2728 3151 ad
2754 3109 2940 3152 unam
2963 3108 3269 3168 quamque
3300 3100 3511 3165 artem,
3538 3094 3619 3152 ad

1966 3203 2153 3262 quam
2189 3187 2506 3261 pertinent,
2529 3185 2816 3243 revocari.
2838 3184 3124 3241 Diﬂ'erunt
3142 3189 3343 3242 autem
3356 3199 3429 3241 ex
3453 3200 3618 3242 com-

1966 3275 2358 3334 munionibus
2388 3273 2940 3332 etdistinctionibus
2960 3274 3399 3346 categoriarum
3412 3274 3621 3347 quasin

1965 3364 2351 3441 philosophia
2363 3362 2815 3421 traduntur:sed
2829 3368 2894 3420 ut
2908 3377 3118 3420 omnes
3129 3363 3209 3420 ad
3221 3363 3622 3421 substantiam

1966 3459 2344 3521 revocantur,
2375 3454 2458 3510 ita
2487 3453 2668 3510 etiam
2704 3469 2841 3527 quas
2879 3457 3020 3509 sunt
3069 3452 3133 3509 in
3190 3459 3428 3521 natura,
3493 3452 3622 3510 sive

1969 3542 2586 3617 aberrentaliquando
2605 3548 2797 3608 atoto,
2813 3542 2935 3599 sive
2955 3541 3239 3616 aequabili
3251 3541 3329 3600 ad
3340 3546 3623 3600 naturam

1971 3633 2373 3691 concinnitate
2404 3633 2691 3701 ferantur,
2720 3633 2798 3689 ad
2826 3634 3106 3689 naturam
3126 3632 3624 3690 omniarevocan-

1969 3727 2084 3780 tur.
2116 3725 2296 3780 Porro
2325 3737 2527 3779 rerum
2556 3722 2913 3780 naturalium
2938 3721 3091 3779 ﬁnes
3150 3721 3249 3778 alii
3300 3725 3441 3779 sunt
3477 3734 3626 3796 pras-

1972 3811 2304 3879 stantiores,
2338 3810 2438 3868 alii
2456 3826 2599 3868 vero
2627 3810 2958 3868 inferiores.
2985 3812 3179 3876 Quare
3222 3826 3347 3868 non
3400 3810 3625 3884 ubique

1970 3901 2252 3958 homines
2262 3916 2337 3957 ex
2358 3916 2429 3957 eo
2447 3899 2615 3973 quod
2626 3904 2941 3959 estnatura
2953 3898 3029 3956 de
3049 3898 3228 3956 rebus
3241 3898 3513 3971 judicare
3532 3914 3626 3955 so-

1970 3988 2064 4047 len
2076 3995 2113 4057 t;
2128 4006 2271 4046 nam
2284 3989 2330 4045 si
2336 3989 2879 4062 judicarent,asque
2890 3986 3264 4045 inThessalia
3277 4002 3347 4045 ac
3359 3985 3626 4045 Corinthi

1974 4079 2205 4137 musica
2222 4078 2530 4136 coleretur:
2551 4094 2758 4136 omnes
2773 4078 2934 4135 enim
2949 4080 3625 4152 concentus,omnesque

1974 4167 2201 4226 ordinis
2213 4167 2470 4224 rationes
2482 4168 2559 4224 ad
2574 4168 2867 4225 musicam
2881 4166 3295 4224 tractationem
3306 4165 3623 4240 pertinent.

204 4256 283 4314 ab
313 4272 386 4314 eo
410 4258 516 4331 qui
545 4257 795 4315 alteram
824 4263 1266 4331 partemtexere
1286 4260 1598 4316 consuevit
1627 4275 1865 4333 ;tequa-
1901 4281 1943 4335 Β
1977 4261 2313 4316 Concentus
2343 4263 2546 4314 autem
2573 4262 2630 4315 et
2656 4256 2807 4314 ordo
2833 4255 2914 4313 ad
2942 4255 3290 4313 incolendas
3334 4255 3623 4324 civitates,

203 4343 367 4402 litate
386 4350 443 4402 et
470 4344 894 4419 inaequalitate,
928 4352 994 4402 ut
1018 4346 1183 4420 apud
1206 4347 1517 4421 Aﬂgyptios
1538 4353 1626 4405 est
1668 4348 1865 4405 abun-

205 4433 413 4491 dantia
437 4434 679 4507 frugum
711 4436 909 4493 omnis
934 4436 1170 4509 generis
1202 4440 1259 4492 et
1311 4437 1640 4508 fructuum,
1700 4439 1866 4512 apud

208 4522 361 4580 Coos
388 4538 531 4580 vero
546 4523 940 4597 suntquidem
959 4523 1158 4580 omnis
1170 4523 1403 4596 generis
1426 4524 1599 4596 fuges
1622 4530 1680 4582 et
1707 4526 1867 4596 fruc-

209 4612 328 4679 tus,
342 4611 449 4668 sed
470 4627 593 4669 non
619 4617 785 4669 tanta
802 4617 890 4669 est
908 4613 1084 4686 copia
1098 4618 1325 4686 quanta
1340 4613 1507 4686 apud
1532 4616 1863 4687 Egyptios.

207 4700 275 4757 Et
302 4700 583 4774 quamvis
621 4701 887 4759 similiter
914 4701 1111 4758 omnis
1138 4701 1371 4772 generis
1402 4701 1603 4774 fruges
1632 4708 1689 4759 et
1708 4704 1868 4761 fruc-

207 4793 306 4847 tus
316 4789 485 4863 apud
496 4791 647 4849 Coos
657 4790 1307 4862 habeantur,diﬂ‘erunt
1319 4797 1525 4848 tamen
1538 4791 1737 4864 aequal
1750 4797 1868 4850 tate

211 4882 269 4935 et
294 4877 731 4953 inaequalitate:
752 4884 1040 4953 praeterea
1058 4879 1392 4937 intensione
1415 4885 1472 4937 et
1491 4879 1866 4952 remissione,

211 4972 277 5025 ut
312 4966 653 5026 Aristoteles
703 4968 1180 5044 philosophatur,
1234 4968 1576 5044 Simplicius
1624 4984 1870 5044 quoque

213 5056 698 5131 philosophatur.
748 5062 847 5117 Est
886 5062 1089 5117 autem
1159 5059 1547 5134 philosophia
1609 5059 1871 5134 qualitas

215 5162 352 5221 qum
381 5148 600 5223 sucipit
623 5148 1020 5208 intensionem
1052 5151 1560 5207 etremissionem.
1593 5150 1872 5208 Aristote-

213 5232 301 5294 les
334 5253 478 5310 ergo
498 5243 556 5295 et
586 5238 924 5313 Simplicius
937 5238 1503 5313 suntphilosophiet
1528 5239 1625 5296 ille
1649 5240 1869 5311 magis,

215 5323 528 5384 hicminus
552 5328 1026 5403 philosophatur.
1081 5330 1168 5385 Ex
1208 5327 1432 5402 quibus
1486 5327 1874 5400 intelligimus

218 5416 425 5475 omnia
438 5416 536 5474 illa
551 5410 770 5475 referri
788 5419 1119 5475 etrevocari
1132 5415 1212 5475 ad
1240 5416 1707 5491 philosophiam,
1735 5434 1874 5492 quas

220 5512 359 5564 sunt
396 5506 796 5582 philosophia:
824 5527 839 5567 :
872 5513 930 5565 et
955 5506 1163 5566 omnia
1192 5507 1272 5565 ad
1289 5507 1742 5582 imperatoriam
1784 5525 1875 5566 ar-

218 5595 361 5667 tem,
384 5611 523 5671 quee
576 5602 717 5659 sunt
769 5596 1173 5673 imperatorias
1215 5597 1405 5660 artis:
1440 5601 1497 5660 et
1542 5598 1751 5661 omnia
1796 5597 1877 5659 ad

1977 4352 2157 4421 atque
2172 4346 2325 4404 adeo
2335 4345 2416 4403 ad
2426 4345 2713 4403 mundum
2729 4345 3071 4403 universum
3085 4344 3465 4402 incolendum
3483 4361 3630 4402 sem-

1976 4452 2084 4511 per
2112 4435 2360 4504 confert,
2394 4434 2500 4491 sed
2534 4450 2633 4491 ars
2657 4434 2910 4492 textoria
2938 4433 3236 4491 civitatem
3254 4449 3379 4490 non
3407 4432 3628 4491 consti-

1978 4526 2090 4584 tuit
2120 4523 2391 4583 :sublato
2412 4523 2566 4581 enim
2598 4528 2909 4588 concentu,
2943 4522 3109 4582 nulla
3125 4527 3213 4581 est
3230 4523 3456 4595 civitas,
3485 4522 3630 4596 quia

1978 4615 2253 4674 sublatus
2292 4618 2380 4672 est
2406 4614 2673 4672 musicus
2697 4617 3022 4672 concentus
3049 4629 3063 4670 :
3098 4612 3204 4670 sed
3231 4612 3345 4670 hoc
3368 4611 3626 4682 sublato,

1977 4722 2103 4764 non
2131 4720 2375 4762 necesse
2395 4708 2503 4772 est,
2533 4702 2678 4778 quia
2699 4703 3003 4761 sublatum
3034 4706 3122 4759 est
3138 4701 3370 4759 nullam
3397 4715 3528 4757 esse
3552 4700 3629 4757 ci-

1979 4797 2241 4854 vitatem.
2297 4794 2394 4852 Est
2443 4794 2625 4867 igitur
2688 4795 2925 4851 musica
2966 4791 3326 4860 necessaria,
3380 4789 3631 4849 textoria

1977 4899 2122 4943 vero
2151 4882 2330 4942 utilis.
2358 4881 2474 4942 Sed
2498 4883 2664 4957 quod
2690 4887 2779 4940 est
2798 4880 3217 4950 necessarium,
3246 4893 3485 4951 semper
3503 4894 3631 4937 ma-

1979 4974 2071 5047 gis
2098 4973 2178 5031 ad
2207 4978 2487 5031 naturam
2523 4972 2770 5029 accedit.
2806 4971 2998 5037 Quare
3036 4968 3271 5025 musica
3314 4966 3512 5040 magis
3550 4966 3633 5027 ad

1977 5066 2261 5121 naturam
2314 5060 2543 5119 accedit
2587 5074 2773 5134 quam
2830 5058 3100 5123 textoria,
3155 5056 3330 5126 Quod
3380 5055 3430 5114 si
3492 5057 3630 5133 quis

1978 5152 2215 5224 ignorat
2232 5148 2381 5224 quid
2403 5149 2476 5206 sit
2492 5148 2641 5206 ordo
2662 5153 2718 5206 et
2735 5151 3081 5216 concentus,
3106 5146 3203 5204 vel
3223 5146 3417 5221 ipsam
3446 5150 3634 5206 texto-

1979 5242 2132 5298 riam
2161 5245 2353 5298 artem
2374 5241 2666 5295 scrutetur
2698 5250 2712 5292 :
2754 5237 3083 5309 comperiet
3114 5236 3276 5294 enim
3305 5236 3467 5294 hanc
3496 5252 3635 5295 con-

1981 5335 2158 5387 centu
2177 5332 2234 5386 et
2260 5325 2471 5385 ordine
2495 5336 2697 5382 carere
2721 5340 2842 5382 non
2874 5341 3076 5399 posse.
3102 5330 3293 5400 Atque
3309 5326 3426 5384 hoc
3450 5324 3634 5383 omni-

1976 5410 2097 5476 bus
2125 5416 2515 5476 manifestum
2540 5419 2649 5472 est.
2672 5412 2826 5482 Quin
2865 5415 3048 5473 etiam
3094 5414 3347 5472 aediﬁcia
3394 5418 3451 5472 et
3501 5412 3634 5469 reli-

1976 5500 2106 5582 qua
2118 5505 2325 5566 omnia
2340 5503 2551 5563 eadem
2567 5504 2797 5562 ratione
2813 5502 3169 5562 consideret.
3183 5506 3470 5561 Praeterea
3481 5500 3633 5559 ordo

1970 5586 2045 5660 ἐι
2064 5599 2387 5660 consentus
2406 5590 2631 5657 idcirco
2644 5593 2777 5658 aliis
2805 5592 3101 5654 excellunt
3114 5591 3282 5666 quod
3297 5592 3499 5667 ipsum
3518 5586 3633 5650 cce-
