4066 6212
562 238 699 291 134⁵7

2093 222 2453 287 ΛΒΒΕΝΠΑ.

3746 247 3839 307 1348

562 361 899 431 συνημμένων
947 356 1019 418 εἰς
1075 360 1200 428 μίαν
1254 358 1586 427 συναρμογὴν
1640 358 1914 427 συμφωνία
1966 358 2056 406 καὶ
2119 355 2206 405 τὰ·
2241 356 2289 409 Α
2318 358 2449 414 τιςῆ
2486 356 2731 428 συνηθείᾳ
2788 356 2818 414 ὴ
2880 359 3069 427 σχέσει
3130 357 3159 416 ὴ
3211 365 3320 419 ταῖς
3368 358 3543 434 ἑτέραις
3585 360 3845 440 ἰδιοτροπίαις

560 448 635 511 ξις
662 452 898 500 κινεῐκαὶ
930 449 1159 516 συνέχει,
1187 450 1278 495 καὶ
1335 448 1393 495 τὸ
1445 443 1635 511 πλεῖον,
1685 443 1764 496 ὃτι
1828 449 1918 496 καὶ
1974 452 2048 516 τῷ
2107 448 2206 494 σω-

557 556 686 609 ματι
734 540 1007 608 συμφωνία
1046 532 1231 604 ψυχῆς
1284 537 1375 584 καὶ
1420 532 1569 602 ὕλης,
1640 536 1759 584 ἴσου
1841 538 1931 584 καὶ
2004 530 2201 598 ἀνίσου,

554 624 735 678 λευκοῦ
790 629 879 675 καὶ
922 622 1153 695 μέλανος,
1206 621 1373 682 εὐθέος
1440 626 1529 674 καὶ
1608 630 1929 696 περιφεροῦς,
2018 620 2205 692 ἐλαχί-

558 730 684 764 στου
740 716 829 762 καὶ
874 710 1124 782 μείζονος,
1178 713 1268 760 καὶ
1334 708 1497 759 ἄλλων
1586 717 1734 760 τινών
1825 704 2206 782 συνδραμουσα

553 809 616 873 τῇ
647 797 827 871 τοιᾷδε
856 799 997 862 τάξει
1033 806 1166 851 Θεοῦ
1222 793 1565 873 δημιουργία,
1623 804 1805 871 κρατεῖ
1855 803 1944 849 καὶ
1994 801 2205 869 συνέχει

552 889 646 942 κᾶν
714 886 1014 964 διηρθρωσε
1077 896 1275 957 πρῶτον
1324 892 1413 938 καὶ
1476 887 1638 953 ἔταξε,
1693 891 1863 938 καίτοι
1918 891 2008 938 καὶ
2094 894 2204 948 τοῖς

551 978 745 1039 ὑλικοῐς
803 982 983 1051 μέρεσι
1042 983 1239 1048 χυμοῖς
1282 973 1340 1027 δε
1391 975 1540 1047 λέγω,
1598 974 1848 1047 ἀναλογία
1893 979 1983 1027 καὶ
2036 976 2200 1042 τάξις,

552 1066 679 1119 ἀλλὰ
709 1063 775 1125 δὴ
800 1070 858 1118 τὸ
908 1067 1197 1137 Θαυμάσιον
1254 1066 1334 1116 ὅτι
1384 1070 1473 1116 καὶ
1534 1064 1708 1126 αὐτοῖς
1753 1060 1820 1121 δὴ
1876 1071 1979 1124 τοῖς
2034 1063 2202 1135 ψυχι-

551 1164 663 1217 κοῖς
699 1160 902 1228 μέρεσι,
962 1153 1103 1216 τάξις
1161 1158 1251 1205 καὶ
1305 1157 1577 1225 συμφωνία
1632 1160 1724 1204 τοῦ
1777 1157 1849 1225 μὴ
1890 1157 2200 1227 κατεπαίρε-

552 1248 678 1298 σθαι
706 1254 805 1297 τῶν
836 1249 965 1319 ὅρων
995 1245 1023 1301 ὴ
1057 1243 1399 1295 ἐλαττοῦσθαι
1428 1246 1457 1300 ὴ
1495 1240 1825 1294 διαλύεσθαι.

618 1333 888 1406 γ””Ωστε
935 1329 1099 1391 οὑὸὴν
1157 1332 1216 1384 οὑ
1271 1340 1366 1392 τῆς
1428 1335 1647 1404 φύσεως,
1699 1329 1827 1383 ἀλλὰ
1887 1334 2058 1383 πάντα
2107 1335 2197 1403 μὲν

549 1426 663 1495 ἔχει
721 1427 852 1497 πρὸς
898 1422 1080 1488 αὐτὴν,
1136 1424 1203 1473 τὰ
1240 1424 1329 1493 μὲν
1379 1425 1738 1492 γνησιωτέρως
1808 1425 1900 1479 τὴν
1984 1423 2194 1491 σχέσιν,

548 1516 616 1566 τὰ
671 1510 730 1564 δὲ
780 1512 1107 1587 πορρωτέρω*
1174 1510 1449 1583 Ὑφαντικὴ
1513 1513 1614 1583 γὰρ
1694 1508 2043 1581 συμϐάλλεται
2127 1510 2197 1572 εὶς

547 1606 643 1661 τὴν
669 1610 764 1663 τῆς
813 1601 1074 1662 πολιτείας
1108 1604 1396 1664 κοινωνίαν,
1454 1598 1589 1657 πλὴν
1638 1598 1743 1650 ἀλλ’
1800 1598 1906 1669 οὐχ
1945 1601 2012 1660 ὡς
2068 1618 2197 1671 μου-

551 1697 697 1749 σικὴ·
749 1699 833 1744 Δεῖ
881 1687 939 1743 δε
985 1695 1056 1763 μὴ
1114 1688 1413 1743 ἀπατᾶσθαι
1463 1698 1534 1759 τῷ
1580 1690 1683 1741 ἔθει
1729 1692 1845 1741 τινα
1894 1694 1983 1740 καὶ
2036 1696 2194 1762 τιμᾴν
2230 1706 2273 1762 Β
2304 1687 2437 1736 πάνυ
2485 1685 2674 1757 μᾶλλον
2725 1685 2907 1757 ἕψεται
2978 1689 3183 1739 πάντων

547 1784 694 1852 τὸμὴ
722 1799 926 1852 τιμιον.
983 1776 1195 1837 Ἐπειδὴ
1254 1786 1312 1850 τῇ
1368 1786 1595 1850 μουσικῇ
1657 1778 1802 1839 τάξις
1852 1784 1941 1830 καὶ
1985 1798 2197 1851 συμφω-

546 1888 651 1935 νια,
688 1875 775 1921 καὶ
830 1872 896 1921 τὰ
948 1873 1040 1941 μὲν
1105 1871 1274 1920 πάντα
1320 1867 1370 1920 ἐν
1418 1874 1695 1939 μουσικοῖς
1745 1867 1920 1939 λογοις
1962 1868 2194 1941 ὑπάρχει

546 1957 597 2010 ἓν
646 1955 723 2019 οἷς
773 1964 862 2011 καὶ
916 1958 1061 2021 τάξις
1115 1962 1206 2010 καὶ
1258 1962 1549 2029 συμφωνία·
1601 1959 1853 2028 ὑφαντικὴ
1939 1953 1998 2009 δι
2076 1956 2194 2009 οὑτε

543 2052 805 2121 μουσικὴν
861 2048 981 2105 ὅλην
1037 2048 1172 2120 ἔχει,
1222 2050 1339 2099 οὔτε
1393 2051 1495 2119 μὴν
1538 2045 1586 2097 ἐν
1643 2046 1732 2119 ὅλῃ
1811 2046 1971 2099 ἐστίν·
2059 2051 2193 2100 ὥστε

546 2141 876 2210 φυσικωτέρα
1080 2141 1334 2209 μουσικὴ,
1394 2131 1575 2195 ἐπειδὴ
1648 2156 1705 2188 το
1786 2138 2191 2209 καθολικώτερον

542 2227 773 2301 ὑπάρχει
800 2232 891 2279 καὶ
921 2232 1288 2299 φυσικώτερον,
1328 2230 1385 2278 τὸ
1444 2223 1504 2278 δε
1561 2244 1910 2298 φυσικωτερον
1966 2224 2189 2297 ἐξανάγ-

541 2335 639 2376 κης
690 2322 780 2367 και
826 2322 1147 2389 τιμιώτερον⁸
1204 2318 1233 2373 ἡ
1282 2319 1511 2386 μουσικὴ
1567 2313 1826 2387 ἐπιστήμη
1878 2314 1982 2389 ἆρα
2063 2317 2190 2365 ταὺ-

544 2425 634 2466 της
686 2402 781 2457 διὰ
826 2405 993 2457 ταῦτα
1051 2408 1355 2479 τιμιωτέρα.
1409 2406 1505 2456 Δία
1556 2412 1707 2457 τουτο
1765 2408 1835 2462 μὴ
1902 2402 2191 2457 ἀπατάσθω

541 2584 693 2652 lum,
725 2587 944 2638 terram
973 2585 1031 2637 et
1058 2579 1359 2636 mundum
1376 2580 1737 2647 universum,
1756 2580 1873 2637 hoc
1895 2585 2189 2637 estrerum

544 2671 804 2728 omnium
816 2685 951 2741 qua:
974 2669 1122 2724 caelo
1148 2674 1205 2724 et
1230 2674 1384 2724 terra
1422 2668 2028 2739 comprehenduntur,
2052 2686 2191 2726 con-

544 2760 811 2816 cordiam
836 2764 1014 2831 atque
1043 2758 1517 2813 convenientiam
1548 2758 1796 2828 gignant
1824 2764 1883 2814 et
1929 2758 2186 2817 foveant.

542 2848 839 2921 Imprimis
893 2863 1032 2903 vero
1091 2846 1151 2901 in
1208 2861 1456 2918 corpore
1508 2852 1582 2901 srt
1655 2851 1979 2903 concentus
2062 2850 2188 2904 ani-

540 2954 656 2994 ma:
688 2945 744 2993 et
766 2942 1051 2993 materiae.
1078 2935 1339 3007 Denique
1362 2936 1611 3008 aequalis
1631 2940 1688 2991 et
1706 2936 2041 3008 inaequalis,
2066 2937 2187 2994 albi

540 3027 788 3098 etnigri,
828 3026 969 3081 recti
994 3030 1050 3081 et
1100 3023 1473 3088 orbicularis,
1525 3024 1758 3079 minimi
1816 3031 1872 3081 et
1916 3027 2185 3099 majoris,
2219 3053 2262 3111 η

540 3116 706 3190 quod
718 3117 897 3173 etiam
910 3116 1183 3170 omnium
1198 3113 1454 3170 aliarum
1486 3130 1683 3170 rerum
1706 3115 2185 3173 convenientiam

539 3204 753 3262 efﬁcax
779 3221 963 3277 opera
977 3205 1078 3260 Dei
1099 3219 1236 3259 cum
1259 3203 1559 3274 ejusmodi
1590 3203 1798 3259 ordine
1824 3220 2186 3262 concurrens

536 3295 717 3353 hodie
742 3295 921 3350 etiam
960 3294 1155 3349 foveat
1206 3298 1263 3348 et
1311 3293 1628 3365 contineat,
1692 3299 1749 3349 et
1790 3292 1851 3348 in
1893 3294 2187 3367 principia

538 3382 998 3441 conformaverit
1039 3387 1095 3437 et
1145 3381 1529 3437 constituerit.
1576 3384 1864 3439 Praeterea
1922 3384 2185 3439 etiamin

538 3474 683 3546 ipsis
711 3472 1033 3529 materiatis
1052 3470 1354 3544 partibus,
1376 3486 1594 3542 nempe
1623 3472 1686 3526 in
1714 3471 2062 3527 humoribus
2095 3476 2184 3529 est

532 3562 808 3633 poportio
833 3564 890 3614 et
917 3558 1089 3615 ordo.
1126 3556 1240 3614 Sed
1260 3558 1375 3613 hoc
1405 3558 1698 3630 imprimis
1774 3558 2043 3615 mirabile
2092 3566 2181 3617 est

530 3648 593 3704 in
624 3648 809 3705 animi
840 3646 1108 3718 partibus
1145 3645 1418 3702 ordinem
1452 3647 1649 3703 inesse
1686 3654 1743 3703 et
1798 3653 2177 3716 concentum,

534 3741 791 3807 utextra
819 3734 1105 3791 terminos
1138 3750 1281 3790 suos
1331 3740 1387 3790 et
1432 3735 1580 3791 ﬁnes
1611 3751 1734 3791 non
1764 3735 2056 3792 excedant
2076 3742 2181 3793 aut

531 3824 825 3881 decedant
852 3829 956 3881 aut
983 3822 1404 3879 dissolvantur.

602 3919 660 3972 3.
699 3917 892 3980 Quare
921 3911 1066 3969 nihil
1091 3917 1179 3968 est
1214 3911 1379 3985 quod
1431 3911 1511 3968 ad
1572 3917 1852 3970 naturam
1890 3930 2012 3969 non
2034 3913 2179 3970 refe-

530 4012 713 4061 ratur.
731 4003 1016 4071 Quamvis
1036 4009 1234 4059 autem
1256 4005 1465 4058 omnia
1478 4009 1689 4058 natura
1706 4003 1841 4075 ipsa
1854 4003 2175 4074 contineat,

531 4099 671 4149 sunt
697 4098 896 4149 tamen
922 4092 1202 4163 quaedam
1229 4107 1364 4163 quae
1395 4092 1589 4161 magis
1618 4091 1945 4161 genuinam
1967 4093 2043 4147 ad
2075 4109 2177 4148 na-

531 4188 720 4239 turam
742 4181 968 4237 habent
988 4180 1355 4246 relationem,
1380 4181 1659 4253 quaedam
1680 4182 1854 4237 etiam
1882 4187 2023 4238 sunt
2042 4199 2179 4254 quae

528 4270 766 4341 longius
796 4287 833 4325 a
852 4276 1066 4325 natura
1094 4269 1334 4325 distant.
1363 4270 1632 4326 Textoria
1653 4272 1815 4328 enim
1841 4276 1932 4326 est
1998 4271 2180 4327 alicu-

522 4361 625 4432 jus
656 4376 803 4414 usus
824 4359 889 4414 in
918 4374 1245 4414 communa
1270 4360 1543 4414 omnium
1571 4364 1872 4430 societate,
1905 4359 2011 4415 sed
2054 4376 2179 4416 non

2316 451 2414 493 τὼν
2454 442 2752 516 εἰρημένων,
2794 450 2882 496 καὶ
2949 443 2997 496 ἐν
3043 445 3230 517 ἑτέροις
3292 454 3497 502 τουτὼνὶ
3540 460 3624 502 τῶν
3681 451 3849 527 ἰδιωμά.

2314 549 2412 581 των
2447 527 2750 603 ἱδιώμασιν.
2812 531 2966 585 Ἐστι
3022 536 3122 608 γὰρ
3172 530 3615 610 διακεχωρισμένον
3654 545 3699 592 τὸ
3743 548 3849 613 φύσει

2312 628 2401 670 τοῦ
2457 622 2593 672 θέσει
2644 641 2698 673 τε
2745 626 2834 674 καὶ
2888 630 2979 674 τοῦ
3020 626 3227 695 κράσει.
3293 623 3531 699 Ὑπάρχει
3565 636 3668 699 γοῦν
3730 636 3850 703 τίμιον

2311 714 2508 780 Νικαίᾳ
2574 713 2631 761 τό
2672 710 2964 783 φιλόσοφον,
3044 708 3377 785 Φιλαδελφείᾳ
3456 720 3509 767 τὸ
3582 735 3846 776 exarsurum.

2316 801 2414 848 Καὶ
2443 799 2523 848 ὅτι
2548 801 2638 870 μεν
2700 799 2787 851 οὖν
2838 804 2927 851 καὶ
2982 803 3040 851 τὸ
3100 805 3424 853 σκυτευτικὸν
3488 809 3744 875 συνίστησι,
3783 816 3848 860 πὸ·

2310 882 2428 945 λεως
2454 889 2608 961 μέρος
2647 886 2808 942 ἐστίν.
2864 886 3020 940 Ἐστι
3070 886 3128 941 δε
3183 890 3342 948 πολλὴ
3392 898 3494 943 τοῖν
3540 889 3664 944 δυοῖν
3701 897 3724 953 ἡ
3771 893 3849 948 δια-

2311 976 2461 1048 φορά·
2494 979 2548 1027 τὸ
2602 978 2693 1047 μεν
2729 978 2830 1048 γαρ
2889 972 3129 1049 διαιροὺν
3182 981 3359 1050 φύσεις
3404 983 3487 1031 καὶ
3527 979 3667 1045 ἑνοῦν,
3710 986 3841 1045 ralis;

2310 1064 2545 1115 ὁπωσουν
2611 1070 2683 1137 μὴ
2738 1064 2817 1117 ἐόν
2871 1085 2923 1117 τι
2973 1070 3123 1139 μέρος
3204 1066 3590 1142 ἀνέξερεὺνητον,
3658 1071 3747 1145 at,"
3794 1080 3851 1125 καὶ

2307 1155 2401 1208 τὴν
2450 1157 2812 1219 σκυτευτικὴν,
2858 1156 3003 1228 εὑρὸν
3048 1151 3108 1207 δὲ
3165 1161 3507 1229 φυσιοτροπίᾳ
3572 1162 3757 1230 τῇκατὰ
3802 1160 3852 1212 λο-

2306 1259 2397 1310 γον
2453 1237 2749 1314 διήρθρωσε
2804 1242 2971 1309 τάξιν,
3032 1248 3340 1303 σκυτευτικὴ
3393 1241 3449 1297 δὲ
3517 1246 3624 1299 οὔτε
3682 1249 3853 1318 φυσιολο-

2305 1333 2526 1398 γὴσασα
2577 1326 2689 1402 εὗρε
2733 1335 3050 1399 τεκτονικὴν,
3116 1336 3233 1384 οὔτε
3282 1329 3524 1386 διελοῦσα
3555 1342 3849 1408 χρυσοχοείαν.

3749 1424 3762 1436 .

3764 1434 3854 1478 nm

2307 1516 2649 1569 σκυτευτικῆς
2676 1512 2766 1581 μὲν
2824 1508 3197 1582 ἀφανισθείσης
3240 1513 3393 1579 ἴσως,
3443 1512 3532 1564 οὑκ
3577 1512 3630 1563 ἆν
3678 1519 3774 1565 ποτέ
3806 1534 3855 1575 τις

2306 1418 2461 1490 ἄμφω
2510 1422 2608 1494 γὰρ
2678 1419 3002 1492 φιλοσοφίας,
3061 1427 3150 1474 καὶ
3198 1421 3257 1474 οὑ
3355 1432 3687 1493 σκυτευτικὴς,

2306 1599 2421 1670 εὶπη
2481 1596 2734 1670 ἐφθάρθαι
2790 1600 2882 1659 τὰς
2929 1598 3121 1660 πόλεις·
3191 1600 3468 1673 φιλοσοφία
3533 1597 3589 1653 δε
3654 1604 3763 1654 κατὰ
3821 1607 3856 1654 τὸ

3278 1689 3460 1761 φθορά.
3528 1685 3712 1747 Ἐπειδὴ
3760 1686 3853 1746 δ’εὲ

2301 1775 2496 1835 ταύτης
2542 1776 2708 1846 φθορὰ
2772 1784 2871 1826 τῶν
2936 1775 3177 1828 πλειόνων
3224 1774 3337 1829 ἐστὶ
3392 1778 3571 1849 φθορὰ,
3621 1776 3782 1850 dar/1a
3808 1797 3856 1829 ιο-

2300 1863 2425 1937 τερα
2461 1868 2550 1915 καὶ
2576 1868 2821 1938 κρείττων
2860 1863 2993 1918 ἔστί.

2374 1948 2441 2006 ὁν.
2499 1958 2584 2004 Δεῖ
2625 1961 2750 2024 γοῦν
2793 1955 2895 2005 ἔθει
2941 1958 3013 2026 μὴ
3067 1951 3393 2006 ἀπατᾶσθαι·
3451 1951 3593 2007 οὐδὲν
3648 1957 3729 2030 γὰρ
3788 1951 3859 2007 διέ-

2303 2041 2467 2095 στειλε
2522 2046 2617 2100 τὴν
2684 2038 2840 2105 δόξαν
2892 2052 2992 2094 τῶν
3050 2043 3242 2096 πολεων
3300 2064 3356 2096 τι
3411 2048 3441 2103 ἦ
3506 2047 3627 2115 ἔθος,
3672 2048 3720 2095 τό
3747 2041 3856 2097 δεινὸν

2302 2129 2485 2204 ἀρετῆς
2542 2136 2629 2183 καὶ
2688 2138 2872 2193 κακίας
2927 2136 3159 2205 ὄργανον.
3206 2135 3275 2185 Αἱ
3483 2133 3566 2185 οὖν
3620 2135 3762 2206 ἄμφω,
3803 2154 3858 2204 φι-

2299 2220 2519 2293 λοσοφία
2572 2228 2661 2273 καὶ
2690 2227 3020 2289 σκυτευτικὴ,
3079 2226 3301 2295 φύσεως,
3399 2220 3622 2298 διαφέρει
3703 2219 3748 2275 δε
3816 2230 3859 2290 τῷ

2300 2311 2565 2383 ἀναγκαίῳ
2595 2316 2684 2363 καὶ
2714 2320 2784 2382 τῷ
2823 2316 2894 2383 μὴ
2946 2312 3023 2363 ἀεὶ
3077 2309 3368 2384 ἀναγκαίῳ.
3431 2311 3548 2365 Ὀτι
3597 2309 3648 2365 δὲ
3704 2319 3857 2384 τιμᾶται

2422 2402 2513 2472 μεν
2567 2402 2624 2451 τὸ
2696 2400 2849 2471 (sic),
2906 2408 2969 2472 τῇ
3030 2396 3081 2451 δ’
3161 2404 3244 2469 οὔ,
3313 2404 3598 2462 συνηθείας⁸
3672 2403 3790 2473 ἄμφω
3826 2396 3863 2452 δε

2300 2581 2467 2633 tates.
2503 2580 2599 2633 Est
2627 2577 2781 2633 enim
2797 2577 3136 2633 distinctum
3159 2582 3217 2634 et
3236 2584 3575 2652 separatum
3590 2578 3733 2641 illud,
3751 2573 3862 2649 quod

2298 2673 2515 2723 natura
2542 2673 2777 2723 constat
2804 2667 2883 2724 ab
2906 2684 2997 2735 eo,
3026 2667 3193 2741 quod
3223 2669 3522 2741 positione
3549 2670 3601 2724 et
3650 2673 3863 2737 tempera-

2302 2757 2457 2812 tione
2491 2761 2745 2814 constat.
2802 2757 3011 2813 Nicaeae
3056 2756 3234 2828 igitur
3281 2756 3657 2830 philosophia
3698 2754 3859 2821 colitur,

2297 2844 2723 2917 Philadelphia:
2755 2863 2852 2902 ars
2884 2844 3160 2902 coriaria.
3203 2848 3360 2903 Nam
3413 2852 3469 2904 et
3511 2844 3736 2902 coriaria
3768 2842 3863 2914 quia

2296 2938 2528 3005 partem
2557 2932 2811 2989 civitatis
2831 2933 3161 3008 aliquando
3183 2935 3514 3001 constituit,
3540 2932 3759 2990 civitatis
3769 2946 3862 3002 pars

2295 3022 2541 3077 dicetur.
2574 3023 2670 3076 Est
2712 3027 2913 3078 autem
2958 3037 3184 3092 magna
3229 3021 3556 3078 ambarum
3595 3019 3862 3077 facultatum

2295 3110 2667 3168 differentia:
2699 3128 2844 3167 nam
2881 3112 3049 3185 quod
3095 3112 3443 3169 universam
3489 3117 3737 3168 naturam
3779 3119 3863 3178 pef-

2295 3208 2455 3257 meat
2483 3206 2539 3256 et
2574 3201 2834 3272 copulat,
2871 3207 2932 3258 ut
2978 3201 3075 3257 cui
3140 3200 3313 3258 nulla
3359 3217 3499 3274 pars
3556 3204 3637 3255 est
3681 3200 3862 3259 natura,

2293 3305 2673 3361 quaecunque
2701 3288 2945 3344 tandem
2995 3289 3069 3346 sit
3124 3287 3699 3362 impervestigabilis,
3734 3287 3864 3340 artam

2294 3379 2609 3435 coriariam
2638 3380 2874 3452 reperit,
2904 3380 3211 3435 inventam
3240 3379 3447 3436 dende
3471 3376 3706 3435 naturali
3739 3369 3865 3429 modo

2292 3476 2452 3525 certa
2478 3471 2708 3525 ratione
2730 3469 3129 3525 conformavit
3153 3476 3210 3525 et
3239 3469 3565 3526 constituit.
3593 3474 3655 3523 At
3692 3481 3770 3521 ars
3806 3474 3866 3515 cc

2290 3558 2489 3630 riaria,
2523 3575 2718 3631 neque
2746 3558 2798 3613 vi
2828 3558 3119 3615 naturalis
3149 3559 3417 3616 scientia:
3448 3556 3699 3615 fabrilem
3716 3558 3866 3611 artem.

2290 3664 2486 3721 neque
2524 3648 2581 3703 vi
2632 3647 3026 3703 distinctionis
3070 3656 3261 3705 artem
3319 3648 3631 3706 auriﬁcum
3667 3641 3863 3716 reperit;

2291 3743 2543 3810 utraque
2564 3738 2724 3792 enim
2745 3744 2833 3793 est
2855 3737 3251 3810 philosophiae
3272 3744 3336 3795 et
3357 3755 3481 3795 non
3498 3737 3632 3795 artis
3652 3731 3865 3791 coriarite.

2290 3829 2483 3893 Quare
2514 3827 2750 3882 sublata
2769 3826 2844 3882 de
2892 3827 3084 3883 medio
3136 3822 3419 3898 coriaria,
3473 3842 3643 3883 nemo
3684 3822 3864 3879 fortasse

2286 3915 2517 3983 dixerit,
2568 3915 2833 3971 civitates
2878 3915 3165 3973 interiisse
3210 3935 3228 3988 ;
3282 3917 3395 3973 sed
3439 3916 3488 3972 si
3565 3906 3865 3989 philosophia

2286 4003 2608 4071 tolleretur,
2640 4004 2838 4077 potius
2861 4006 3108 4061 omnino
3138 4011 3496 4077 sequeretur
3541 4000 3778 4061 omnium
3804 4010 3862 4049 re-

2287 4110 2423 4150 rum
2448 4094 2738 4149 interitus.
2768 4095 3062 4159 Quoniam
3084 4100 3286 4151 autem
3312 4092 3698 4168 philosophiae
3723 4081 3863 4144 interi-

2288 4187 2384 4239 tus
2432 4183 2693 4255 plurium
2724 4187 2812 4238 est
2857 4183 3139 4249 interitus,
3173 4183 3561 4257 phiIOSOphia
3605 4184 3686 4236 est
3730 4172 3863 4231 multo

2290 4273 2485 4342 magis
2509 4272 2872 4341 necessaria,
2895 4271 3204 4344 multoque
3247 4272 3675 4345 praestanstior.

2358 4364 2410 4416 4.
2443 4359 2780 4418 Cavendum
2800 4361 2976 4432 igitur
2996 4376 3070 4416 ne
3090 4364 3531 4417 consuetudine
3551 4355 3865 4428 decipiamur.

527 4449 675 4506 tanti
694 4448 905 4523 quanti
924 4453 1011 4505 est
1039 4449 1290 4504 musica.
1324 4448 1542 4504 Verum
1580 4449 1917 4506 cavendum
1964 4454 2052 4505 est
2102 4465 2177 4506 ne
2212 4459 2254 4512 Ι)
2288 4448 2457 4505 Nulla
2484 4450 2644 4505 enim
2672 4449 2790 4505 alia
2808 4465 2900 4505 res
2938 4448 3135 4505 studia
3180 4449 3443 4518 diversa,
3497 4444 3866 4510 sententiasque

529 4556 635 4613 per
652 4536 1149 4595 consuetudinem
1170 4537 1230 4593 in
1242 4553 1505 4593 errorem
1524 4538 1908 4605 inducamur,
1939 4543 1996 4595 et
2010 4539 2178 4611 quod

525 4645 649 4686 non
676 4633 766 4684 est
789 4628 1131 4695 colendum,
1163 4625 1456 4683 colamus.
1480 4627 1779 4693 Quoniam
1814 4629 1974 4683 enim
2025 4628 2175 4685 ordo

523 4724 582 4776 et
610 4724 936 4775 concentus
959 4720 1111 4773 inest
1134 4716 1194 4770 in
1233 4716 1465 4770 musica
1487 4720 1542 4771 et
1571 4716 1777 4771 omnia
1806 4716 2048 4771 musicis
2082 4734 2176 4775 ra-

524 4809 785 4865 tionibus
810 4807 1192 4864 continentur
1210 4805 1271 4861 in
1292 4804 1515 4877 quibus
1548 4807 1701 4862 inest
1724 4807 1873 4863 ordo
1916 4813 1974 4864 et
2026 4825 2173 4864 con-

523 4904 730 4955 centus
758 4917 772 4966 ;
802 4896 1050 4953 textoria
1078 4900 1279 4951 autem
1309 4910 1505 4967 neque
1531 4896 1827 4951 musicam
1855 4901 2040 4953 totam
2070 4899 2171 4953 ha-

522 4987 641 5053 bet,
669 5002 865 5058 neque
882 4985 943 5041 in
974 4989 1095 5041 tota
1113 4988 1200 5039 est
1230 4984 1481 5055 musica,
1512 4983 1736 5040 idcirco
1762 4986 1992 5041 musica
2038 5001 2173 5058 pro-

523 5075 659 5147 pius
671 5075 749 5130 ad
761 5080 1039 5130 naturam
1053 5073 1301 5142 accedit,
1314 5074 1803 5146 quandoquidem
1818 5075 2051 5130 musica
2062 5078 2169 5138 est,

523 5163 718 5233 magis
745 5162 1102 5219 universalis
1119 5165 1175 5217 et
1195 5162 1395 5217 idinco
1417 5161 1759 5233 diligentius
1786 5163 2039 5219 colenda
2059 5167 2167 5233 est,

524 5258 581 5311 et
608 5253 824 5325 majori
846 5253 908 5308 in
932 5253 1122 5324 pretio
1142 5252 1425 5308 habenda
1454 5269 1639 5325 quam
1658 5260 1925 5310 textoria.
1952 5254 2171 5318 Quam-

521 5343 731 5401 obrem
760 5341 987 5398 nemini
1005 5341 1277 5414 imponat
1301 5345 1406 5397 aut
1443 5343 1815 5399 consuetudo
1866 5348 1971 5399 aut
2024 5341 2171 5398 rela-

519 5434 623 5506 tio,
650 5437 756 5491 aut
785 5431 917 5488 alia:
944 5446 1147 5487 rerum
1171 5446 1355 5502 supra
1383 5436 1995 5488 commemoratarum
2030 5446 2171 5503 pro-

516 5524 824 5596 prietates,
861 5523 966 5579 aut
988 5519 1249 5594 denique
1264 5518 1701 5592 proprietatum
1727 5519 1859 5578 alias
1904 5520 2173 5595 proprie—

2285 4539 2556 4595 diversas
2587 4538 2839 4594 diversis
2890 4540 3228 4596 civitatibus
3278 4540 3505 4603 attulit.
3557 4551 3725 4611 quam
3773 4542 3867 4584 con-

2286 4629 2540 4685 suetudo
2568 4645 2703 4701 quae
2734 4631 2822 4684 est
2866 4628 3094 4684 virtutis
3144 4633 3202 4684 et
3261 4628 3392 4685 vitii
3448 4621 3863 4684 efﬁcacissimum

2282 4719 2766 4774 instrumentum.
2797 4717 3003 4773 Ambae
3034 4718 3232 4787 igitur,
3258 4733 3525 4790 nemque
3559 4705 3864 4790 philosophia

2284 4814 2339 4863 et
2364 4825 2462 4864 ars
2498 4808 2749 4865 coriaria
2776 4812 2916 4862 sunt
2942 4814 3195 4875 naturas,
3230 4808 3337 4863 sed
3359 4787 3639 4863 dilferunt
3665 4817 3725 4858 eo
3749 4787 3863 4870 quod

2281 4897 2381 4953 illa
2413 4897 2488 4952 sit
2515 4896 2875 4963 necessaria,
2907 4896 3038 4952 haec
3068 4912 3209 4952 vero
3232 4912 3362 4952 non
3384 4892 3729 4952 necessaria'
3746 4875 3864 4950 QUOd

2282 4991 2483 5041 autem
2507 4985 2635 5041 hinc
2665 4984 2883 5041 alicubi
2934 4983 3167 5051 colitur,
3214 4983 3315 5040 illa
3349 4998 3491 5040 vero
3543 4976 3739 5038 alicubi
3781 4979 3862 5024 non

2282 5074 2510 5140 colitur,
2556 5080 2644 5130 est
2698 5073 3205 5141 consuedudinis;
3254 5073 3457 5129 ambae
3504 5071 3674 5133 enim,
3707 5069 3863 5153 nemp.e

2282 5163 2666 5236 philosophia
2695 5169 2753 5219 et
2777 5180 2875 5220 ars
2903 5164 3154 5220 coriaria
3184 5168 3324 5219 sunt
3342 5168 3593 5218 naturae.
3626 5154 3725 5214 Sed
3745 5153 3863 5241 in

2280 5231 2564 5309 vitalibus
2586 5252 2883 5320 coluntur,
2905 5258 3085 5325 prout
3109 5250 3354 5308 interior
3384 5249 3641 5306 incitatio
3668 5249 3717 5301 et
3751 5231 3864 5295 ωαίῦ

2280 5343 2443 5398 natio
2466 5346 2553 5398 est
2572 5342 2769 5412 magis
2791 5340 3100 5409 naturalis,
3133 5345 3239 5396 aut
3260 5356 3296 5396 a
3314 5337 3732 5411 temperatione
3771 5337 3861 5416 ΡΨ

2278 5431 2455 5489 facta.
2486 5410 2708 5488 Natura
2733 5431 2894 5487 enim
2922 5446 3135 5486 omnes
3156 5410 3495 5501 comparati
3525 5418 3740 5482 suntad

2276 5519 2611 5593 losophiam
2640 5522 2747 5579 aut
2768 5518 2850 5578 ad
2878 5519 3189 5577 coriariam
3208 5498 3414 5576 artem.
3434 5515 3548 5574 Sed
3557 5511 3676 5570 ﬁeri
3691 5498 3861 5576 nequii-
