4066 6212
236 217 386 273 1349
1114 216 1468 275 THEODORI
1509 213 1559 270 Π
1597 214 1731 270 1MP.
1775 211 1865 266 DE
1904 195 2364 267 COMMUNIONE
2401 210 2785 269 NATURALI.

262 349 360 402 τῆς
395 344 614 413 φύσεως,
665 343 797 392 κατὰ
857 345 1212 415 φυσικωτέραν
1257 343 1422 414 ὁρμὴν
1489 336 1548 391 δὲ
1594 343 1682 390 καὶ
1712 355 1872 387 κατα·
1925 331 1973 386 Α
2029 336 2124 390 τὴν
2179 329 2455 408 διαφορὰν,
2517 336 2684 387 πάντα
2732 333 2791 388 δὲ
2837 334 3126 409 ἐπιστήμης
3153 339 3194 372 ἀ
3245 349 3476 397 κοινωνεῖ
3523 367 3626 422 γαρ

261 433 496 506 κράσεως
589 431 756 502 ὁρμὴν
843 438 959 490 ταῖς
1010 430 1192 483 πόλεσι
1259 436 1541 503 τιμώμενα.
1600 429 1870 499 Πεφύκασι

257 524 366 595 γὰρ
453 516 673 592 δυνάμει
731 521 917 580 πάντες
986 518 1258 591 φιλόσοφοι
1317 521 1346 578 ᾖ
1408 521 1589 576 πάντες
1645 524 1866 576 σκυτεῖς,

259 606 523 661 ἀδύνατον
557 605 615 660 δὲ
653 611 711 660 τὸ
739 610 876 660 κατὰ
929 611 1081 659 ποιὰν
1121 605 1427 666 οἱανδητινα
1482 613 1669 680 κρᾶσιν
1734 623 1868 676 κρα-

262 699 348 750 θὲν
404 694 604 772 ῥᾳδίως
664 695 1026 754 ἀλλοιωθῆναι.
1090 698 1218 750 Κατ’
1263 696 1446 755 αὐτοὺς
1505 689 1564 747 δὲ
1609 696 1728 754 τοὺς
1777 692 1868 744 λο-

255 806 390 857 you;
437 791 527 838 xui.
577 791 872 859 στρατηγία
933 791 1022 838 καὶ
1077 785 1334 857 ἐλαχίστη
1418 789 1590 855 τέχνην
1651 781 1776 839 άλλη
1833 783 1862 839 ἡ

258 895 546 949 συγκρισις
575 877 713 926 κατὰ
748 881 928 948 χεῖρον
994 875 1129 928 οὖσα
1192 879 1282 926 καὶ
1339 880 1591 948 κρεῖττον,
1643 868 1746 923 οἷον
1773 872 1868 932 τὰς

253 968 351 1038 μὲν
395 963 567 1026 πόλεις
612 969 702 1016 καὶ
762 967 828 1016 τὰ
879 965 996 1022 ἔθνη
1056 967 1116 1016 1'6
1184 965 1554 1036 στρατιωτικὸν
1603 960 1864 1033 φυλάττει,

253 1059 317 1108 τὸ
363 1057 656 1127 ποιμενικὸν
688 1049 748 1106 δὲ
777 1053 882 1125 οὐχ
931 1053 1115 1114 οὕτως.
1170 1052 1359 1116 Πολλαὶ
1413 1055 1515 1124 γὰρ
1563 1055 1634 1124 μὴ
1684 1069 1866 1108 κτηνο-

254 1151 549 1218 τροφοῦσαι
602 1141 738 1202 ζῶσι
793 1145 884 1193 καὶ
936 1145 1178 1214 μένουσιν
1231 1162 1242 1173 ·
1298 1137 1422 1192 οὐδὲ
1472 1144 1570 1208 μία
1613 1135 1670 1190 6";
1725 1137 1863 1190 ἐστιν

257 1230 630 1304 ἀστράτευτος,
683 1231 789 1283 οἷον
877 1229 1129 1288 Μιλήσιοι
1185 1229 1243 1282 οὐ
1309 1227 1575 1302 βουκόλοι,
1629 1229 1863 1301 ἔμπειροι

259 1319 322 1375 δὲ
403 1325 722 1394 ναυμαχίας,
794 1324 885 1372 καὶ
957 1324 1143 1394 μυρίαι
1213 1319 1382 1379 πόλεις
1445 1320 1629 1391 ἕτεραι.
1702 1315 1863 1370 Ὠστε

257 1415 529 1469 σκόπησον
559 1411 586 1461 ὁ
627 1405 928 1482 διακρίνων.
977 1407 1036 1460 Ἡ
1091 1412 1181 1480 μὲν
1227 1411 1328 1483 γὰρ
1387 1407 1630 1460 πλειόνων
1689 1402 1859 1459 δεῖται

250 1498 418 1571 λόγων
486 1499 808 1572 φιλοσοφίας,
868 1502 958 1550 καὶ
1010 1495 1250 1549 πλειόνων
1303 1497 1739 1569 ἐπιτυγχάνουσα
1777 1499 1853 1554 εἰη

247 1587 312 1640 ἂν
352 1589 458 1641 οἷον
501 1593 591 1640 xui.
651 1591 983 1662 φυσικωτέρα
1036 1592 1126 1638 xui.
1181 1590 1440 1661 τιμωτέρα
1485 1585 1682 1638 πολλῶν
1732 1581 1854 1638 δεο-

2031 427 2101 482 εῖς
2139 425 2233 478 τὴν
2289 418 2534 475 παιδείαν
2592 424 2775 477 ἅπασα
2821 429 3004 497 τέχνη,
3065 429 3133 489 ῶς
3185 429 3235 480 ἓν
3289 449 3392 482 τινι
3439 418 3626 508 κέντρω

2028 508 2239 576 κύκλου,
2276 510 2359 572 εἰς
2398 510 2424 561 ὁ
2471 516 2639 563 πᾶσαι
2703 518 3086 587 προπίπτουσιν
3145 517 3199 567 αἱ
3245 515 3301 568 ἐκ
3347 527 3438 579 τῆς
3483 539 3628 595 περι-

2030 603 2232 668 φερείας
2316 598 2676 672 εἰσερχόμεναι
2729 601 2942 658 εὐθεῖαι.
3005 603 3159 657 Ἀλλὰ
3215 611 3304 658 καὶ
3360 605 3423 682 τῇ
3474 613 3626 682 φύσει

2027 691 2176 738 πᾶσα
2212 693 2402 762 κρᾶσις
2440 688 2638 740 ἑνοῦται
2681 691 2865 764 κράσει
2917 694 3052 745 κατὰ
3102 695 3189 746 τὸν
3247 696 3403 748 αὐτὸν
3449 697 3620 772 λόγον,

2032 779 2116 826 καὶ
2169 776 2263 827 οὐκ
2313 779 2424 829 ἔστι
2471 797 2522 829 τι
2573 781 2631 830 τὸ
2673 784 2744 851 μὴ
2802 782 3020 852 φύσεως,
3085 787 3176 834 καὶ
3229 783 3323 836 οὐκ
3387 786 3500 840 ἔστι
3544 809 3624 852 τις

2026 865 2188 934 τέχνη
2219 869 2292 936 μὴ
2338 861 2473 918 οὖσα
2522 863 2787 934 παιδείας,
2838 869 2952 940 ἔχει
3018 866 3077 922 δὲ
3119 873 3190 933 ὡς
3241 879 3389 927 πᾶσα
3435 882 3625 949 κρᾶσις

2025 959 2292 1006 κοινωνίαν
2339 960 2426 1007 καὶ
2478 951 2762 1015 διαστολὴν
2806 955 2862 1009 ἐκ
2913 961 3166 1034 κράσεων,
3219 962 3353 1015 οὕτω
3403 960 3472 1024 δὴ
3531 969 3622 1022 καὶ

2025 1041 2109 1094 ἐπὶ
2172 1051 2272 1094 τῶν
2347 1052 2545 1115 τεχνῶν
2587 1049 2849 1098 κοινωνίαι
2904 1052 2994 1100 καὶ
3039 1043 3318 1103 διαστολαί
3371 1073 3386 1086 ο
3430 1053 3620 1126 μᾶλλον

2021 1133 2124 1206 ⁴γάιρ
2177 1137 2508 1205 ναυμαχικόν
2565 1138 2806 1206 συγγενὲς
2853 1141 2945 1188 τοῦ
3001 1137 3217 1191 ἱππικοῦ
3247 1139 3278 1198 ἦ
3320 1142 3617 1214 ὑφαντικόν,

2022 1225 2112 1272 καὶ
2181 1221 2528 1292 χαλκευτικῆς
2598 1224 2628 1281 ἠ
2715 1224 2994 1296 μεταλλικὴ
3049 1227 3078 1284 ἧ
3138 1235 3438 1302 ποιμενικὴ,
3528 1238 3619 1287 καὶ

2021 1307 2185 1360 ἄλλων
2209 1309 2380 1366 ἄλλαι.
2407 1317 2572 1363 Τοῦτο
2602 1306 2661 1364 δὲ
2717 1317 2806 1365 καὶ
2871 1314 2955 1366 ἐπὶ
3004 1321 3102 1375 τῆς
3149 1319 3343 1387 φύσεως
3389 1323 3614 1388 νοητέον,

2019 1398 2089 1458 ὡς
2171 1402 2260 1450 καὶ
2339 1396 2388 1450 ἒν
2448 1407 2564 1461 ταῖς
2603 1408 2794 1472 χυμῶν
2841 1400 3046 1473 μίξεσιν
3103 1405 3308 1477 εἴρηται
3361 1413 3452 1460 xui
3501 1416 3619 1471 ταῖς

2016 1494 2116 1538 τῶν
2141 1492 2440 1559 στοιχείων.
2481 1485 2636 1561 Ἐχιι
2693 1486 2753 1541 δὲ
2807 1496 2910 1542 πᾶν
2963 1494 2996 1542 ὅ
3046 1511 3098 1544 τι
3147 1496 3207 1545 1'6
3263 1497 3484 1566 φύσεως,
3547 1501 3618 1562 ὡς

2015 1577 2236 1646 εἴρηται,
2296 1579 2598 1648 συμφωνίαν
2651 1581 2742 1630 καὶ
2790 1581 2998 1648 σχέσιν.
3050 1585 3328 1652 Συμφωνία
3378 1585 3479 1658 γὰρ
3527 1591 3616 1639 καὶ

241 1681 372 1751 μάνη
437 1677 746 1750 φιλοσοφίας
807 1681 1010 1750 τρόπων
1066 1679 1157 1728 καὶ
1204 1675 1422 1736 πολλοὺς
1461 1678 1686 1748 ἔχουσα,
1738 1670 1852 1726 δεῖ-
1917 1684 1955 1737 Β
2016 1667 2206 1735 σχέσις
2242 1667 2439 1737 κόσμον
2463 1669 2553 1718 καὶ
2586 1664 2734 1717 πόλιν
2785 1671 2876 1718 καὶ
2930 1671 3109 1740 κώμην
3155 1673 3246 1720 καὶ
3298 1667 3437 1722 οἷκον
3493 1691 3618 1724 συν-

238 1787 333 1820 ται
373 1763 432 1818 δὲ
474 1771 563 1818 καὶ
606 1767 635 1824 ἡ
691 1765 841 1837 ἄλλη,
883 1764 1016 1824 πλὴν
1073 1762 1180 1816 ἀλλ’
1229 1764 1334 1837 οὐχ
1373 1765 1553 1833 οὕτως,
1608 1765 1742 1816 ὥστε
1795 1767 1851 1815 τὸ

237 1858 369 1928 πρὸς
418 1859 513 1914 τὴν
599 1853 895 1926 ἐπιστήμην
974 1853 1267 1916 πλησιάζον
1308 1861 1492 1906 πασῶν
1549 1852 1850 1926 ἐπιστημῶν

237 1949 333 1996 καὶ
406 1951 604 2015 τεχνῶν
672 1944 906 2016 ὑπάρχει
978 1947 1066 1994 καὶ
1131 1947 1454 2015 τιμιώτερον.
1506 1945 1564 1996 Ei
1620 1944 1711 2014 μὲν
1761 1941 1850 1994 οὖν

238 2031 444 2095 ἀνάξεις
501 2033 691 2101 πάντα,
751 2032 989 2103 εὑρήσεις
1045 2029 1104 2082 ἀν
1157 2031 1408 2094 ἐξετάσων
1461 2031 1528 2093 εἰς
1591 2036 1686 2090 τὴν
1723 2032 1849 2083 καθ·
1919 2091 1934 2106 ᾗ

241 2122 364 2174 όλου
394 2117 662 2188 παιδείαν,
692 2124 760 2181 ὡς
787 2123 1012 2195 εἴρηται,
1047 2118 1358 2190 ἀναγόμενα.

317 2208 370 2266 ε’.
402 2212 638 2264 Μάταιον
679 2206 739 2261 δὲ
795 2208 844 2261 ἓν
902 2210 1118 2261 ἕκαστον
1178 2207 1451 2274 ἐξετάζειν,
1503 2209 1610 2261 ἀλλ’
1662 2212 1718 2261 ἔκ
1771 2229 1848 2262 τι-

243 2321 342 2352 νων
370 2301 539 2351 πάντα
587 2306 736 2352 νοεῖν.
797 2293 951 2371 Ἴδης
1009 2294 1069 2350 δὲ
1125 2299 1295 2350 πάντα
1347 2297 1645 2370 ἐπιστήμης
1702 2303 1845 2368 ὄντα,

244 2395 548 2462 τιμιώτερα,
601 2386 902 2461 ἀτιμότερα,
958 2391 1145 2460 χείρω,
1186 2390 1421 2460 κρείττω,
1481 2392 1570 2439 καὶ
1625 2390 1761 2440 κατὰ
1786 2391 1845 2440 τὸ

249 2474 364 2529 ἴσον
415 2482 505 2530 καὶ
557 2480 617 2528 τό
671 2477 872 2542 ἄνισον,
927 2475 956 2534 ἡ
1012 2474 1250 2528 ἐπιτάσει
1301 2481 1391 2528 xui
1447 2473 1618 2529 ἀνέσει
1655 2479 1846 2550 ἔχοντα

219 2713 285 2763 ut
310 2706 472 2779 quod
501 2705 704 2778 aliqua
729 2706 1162 2772 temperatione
1209 2704 1529 2776 praeditum
1569 2711 1672 2772 est,
1698 2706 1870 2764 facile

209 2795 578 2852 immutetur.
621 2794 843 2850 Eodem
875 2793 1059 2850 modo
1094 2809 1192 2848 ars
1242 2793 1627 2864 imperatoria
1668 2800 1726 2851 et
1763 2797 1872 2852 mi-

207 2877 379 2940 nima
409 2900 506 2940 ars
536 2883 923 2940 conferuntur
945 2883 1096 2938 inter
1129 2897 1214 2948 se,
1239 2898 1310 2937 ex
1333 2898 1426 2949 eo,
1458 2884 1621 2955 quod
1645 2883 1773 2940 haec
1794 2885 1869 2940 sit

207 2971 471 3040 inferior,
496 2972 597 3028 illa
619 2972 1014 3045 praestantior.
1059 2973 1127 3027 Ut
1149 2986 1246 3026 ars
1296 2970 1561 3026 militaris
1605 2972 1870 3028 civitates

2011 1755 2220 1810 ἐστησε.
2276 1758 2376 1806 Καὶ
2426 1753 2482 1806 αἱ
2555 1757 2647 1826 μὲν
2705 1756 2841 1806 κατὰ
2892 1759 3148 1828 φυσικοὺς
3199 1756 3386 1829 λόγους
3444 1763 3618 1832 γιγνό-

2007 1859 2156 1912 μεναι
2187 1843 2477 1914 συνάγουσι
2515 1846 2606 1915 μέν
2646 1861 2766 1894 τινα
2816 1837 3130 1918 διῃρημένα,
3175 1845 3308 1905 πλὴν
3365 1845 3472 1900 ἀλλ’
3520 1849 3616 1902 οὐκ

2008 1927 2194 2001 ὀρθῶς,
2236 1930 2342 1981 οἷόν
2398 1949 2473 1990 τις
2527 1930 2708 2002 ἅρχων
2762 1928 2855 2006 ἐρᾷ
2898 1937 2994 1994 τῆς
3033 1941 3334 2005 ποιμενικῆς
3390 1954 3404 1968 ·
3457 1944 3614 1990 τοῦτο

2005 2023 2194 2090 κρᾶσις
2225 2039 2238 2050 -
2267 2021 2357 2070 xui.
2379 2019 2458 2070 ὅτι
2485 2021 2576 2090 μὲν
2614 2019 2645 2076 ἡ
2707 2021 2864 2091 φύσις
2907 2025 3181 2093 ποιμενικὴ
3237 2019 3420 2093 ἔδειξε,
3469 2029 3615 2100 παρά

2007 2113 2102 2167 τῆς
2157 2102 2427 2168 παιδείας.
2491 2105 2645 2160 Ἔστι
2694 2111 2756 2159 τό
2809 2110 2899 2179 μὲν
2954 2106 3200 2182 ἕρώμενον
3257 2115 3498 2182 φυσικὸν,
3551 2113 3611 2166 οὐ

2007 2201 2237 2264 φυσικῶς
2268 2191 2327 2246 δὲ
2352 2194 2378 2246 ὂ
2405 2193 2532 2267 ἱρῶν
2563 2193 2655 2269 ἐρᾷ
2685 2215 2698 2228 ο
2732 2197 2956 2270 ἄρχοντι
2985 2197 3086 2273 ’γὰρ
3126 2201 3180 2249 τί
3232 2203 3400 2252 κοινὸν
3431 2202 3462 2259 ἦ
3495 2215 3612 2254 ποι-

2005 2287 2184 2353 μενικὴ
2217 2297 2232 2346 ;
2263 2279 2390 2357 Ἐρᾷ
2445 2278 2505 2334 δὲ
2557 2289 2646 2335 καὶ
2699 2282 3005 2355 φιλοσοφίας
3050 2283 3240 2358 ἔτερος,
3299 2295 3452 2340 τοῦτο
3518 2309 3610 2362 φυ-

2007 2373 2154 2423 σικόν
2205 2372 2373 2441 ὄντως,
2433 2373 2546 2423 ἔστι
2589 2367 2650 2423 δὲ
2714 2377 2803 2423 καὶ
2859 2375 2996 2424 κατὰ
3045 2379 3253 2446 κρᾶσιν.
3315 2373 3453 2429 Ἐκεῖ
3506 2381 3609 2452 γὰρ

2002 2466 2188 2535 κρᾶσις
2216 2459 2448 2532 ἀρχικῆς
2499 2465 2586 2512 καὶ
2633 2469 2958 2532 ποιμενικῆς,
3013 2459 3196 2515 ἐνθάδε
3261 2460 3322 2517 δί
3377 2463 3612 2539 ἀρχικῆς

1978 2707 2202 2763 ditione
2227 2707 2612 2778 conjungitur
2631 2707 2831 2764 omnis
2846 2708 3117 2781 ars,fnon
3138 2726 3313 2768 secus
3355 2719 3538 2786 atque
3574 2713 3638 2770 in

1978 2801 2182 2852 centro
2214 2795 2417 2851 circuli
2451 2795 2818 2852 conveniunt
2835 2811 3047 2852 omnes
3077 2797 3251 2854 lineae
3297 2806 3473 2856 rectm
3497 2813 3637 2874 qua

1977 2901 2015 2940 a
2063 2885 2564 2940 circumeat-rente
2622 2884 2782 2942 linea
2837 2885 3034 2941 ductas
3088 2892 3244 2943 sunt.
3297 2889 3636 2954 Quinetiam
3689 2919 3691 2922 1

1976 2973 2175 3028 omnis
2230 2973 2581 3045 temperatio
2623 2973 2679 3027 vi
2733 2979 2963 3029 naturae
3015 2990 3154 3029 cum
3203 2977 3634 3048 temperatione

206 3068 268 3118 et
295 3067 500 3132 gentes
535 3065 874 3129 conservat,
907 3059 1014 3114 sed
1030 3076 1128 3150 ars
1178 3059 1486 3131 pastoritia
1516 3075 1634 3114 non
1673 3061 1814 3116 item
1853 3080 1867 3128 ;
1904 3097 1943 3150 ρ
1977 3061 2191 3118 eadem
2220 3062 2448 3116 ratione
2501 3061 2835 3132 copulatur.
2879 3064 3082 3134 Neque
3138 3063 3478 3136 quidquam
3522 3070 3632 3122 est.

209 3151 416 3206 multae
447 3152 606 3207 enim
655 3151 920 3206 civitates
979 3149 1302 3221 multaeque
1344 3150 1615 3204 nationes
1669 3157 1872 3206 carent

209 3240 499 3296 armentis
520 3244 577 3295 et
604 3238 904 3309 gregibus,
953 3253 1090 3294 cum
1119 3243 1322 3292 tamen
1362 3253 1482 3292 non
1515 3245 1757 3294 careant
1785 3255 1870 3294 re-

207 3329 328 3384 bus
357 3329 433 3385 ad
457 3330 676 3385 victum
692 3327 1067 3393 necessariis,
1095 3333 1160 3382 ut
1185 3327 1379 3382 vivere
1401 3332 1457 3382 et
1480 3327 1540 3382 in
1572 3343 1685 3383 suo
1714 3332 1871 3384 statu

209 3434 566 3491 permanere
591 3421 843 3490 possint.
872 3417 986 3473 Sed
1013 3415 1250 3472 militari
1280 3423 1405 3471 arte
1450 3415 1614 3472 nulla
1663 3417 1870 3474 civitas

211 3523 417 3563 carere
441 3511 674 3580 potest:
705 3511 770 3562 ut
798 3505 962 3576 apud
993 3505 1246 3562 Milesios
1278 3521 1402 3560 non
1425 3511 1563 3561 sunt
1601 3505 1866 3573 bubulci,

209 3596 318 3667 qui
342 3600 543 3651 tamen
592 3594 822 3650 navalis
853 3593 1073 3650 militias
1090 3599 1228 3649 sunt
1275 3593 1642 3664 peritissimi.
1697 3595 1869 3666 Ejus-

209 3684 379 3740 modi
411 3683 656 3739 inﬁnitae
717 3688 854 3738 sunt
906 3683 1171 3739 civitates
1245 3683 1396 3740 aliae.
1462 3683 1869 3748 Quamobrem

204 3773 480 3830 distincte
534 3773 868 3829 considera.
921 3775 1057 3828 Esse
1104 3772 1263 3827 enim
1309 3771 1518 3828 civitas
1567 3773 1869 3842 ejusmodi

201 3866 452 3934 postest,
473 3879 609 3934 quae
649 3861 925 3933 pluribus
949 3861 1343 3934 philosophiae
1395 3861 1677 3916 institutis
1709 3877 1864 3933 opus

201 3951 386 4008 habet
412 3957 468 4007 et
496 3951 769 4024 pluribus
801 3951 1105 4006 abundet:
1129 3954 1308 4022 atque
1339 3949 1636 4020 ejusmodi
1659 3949 1866 4005 civitas

204 4056 341 4112 quae
369 4041 642 4114 pluribus
665 4039 1064 4112 philosophias
1097 4039 1367 4110 partibus
1393 4053 1547 4110 opus
1578 4039 1778 4106 habet,
1809 4044 1868 4095 et

205 4129 478 4201 pluribus
503 4129 795 4196 abundat,
851 4127 1044 4197 magis
1084 4144 1156 4182 ex
1215 4126 1448 4196 legibus
1492 4131 1719 4183 natura:
1773 4130 1868 4188 est

205 4219 547 4288 constituta,
568 4215 825 4288 ideoque
849 4217 1238 4288 praestantior.
1269 4218 1408 4270 Esse
1436 4216 1616 4271 etiam
1655 4215 1864 4272 civitas

208 4307 330 4364 alia
353 4308 647 4378 ejusmodi
673 4311 887 4378 potest,
912 4321 1048 4377 quae
1070 4305 1451 4377 philosophia
1467 4305 1734 4378 quidem,
1759 4305 1865 4362 sed

205 4411 333 4452 non
355 4411 634 4469 peraeque
666 4401 844 4467 atque
865 4393 963 4450 illa
981 4395 1251 4466 superior
1271 4410 1426 4465 opus
1446 4393 1645 4450 habet.
1671 4398 1865 4460 Quare

206 4485 376 4558 quod
393 4484 471 4540 ad
493 4483 802 4540 scientiam
823 4483 1018 4556 magis
1043 4483 1269 4538 accedit
1289 4483 1564 4538 omnium
1595 4483 1864 4541 scientia-

206 4590 366 4638 rum,
401 4574 630 4630 exsistit
652 4574 830 4629 etiam
858 4572 1263 4646 praestantius.
1305 4571 1478 4636 Quod
1510 4572 1561 4626 si
1587 4575 1862 4630 scruteris

205 4664 432 4728 omnia,
467 4662 796 4734 comperies
834 4659 914 4716 ad
962 4659 1300 4730 generalem
1330 4660 1746 4733 eruditionem,
1797 4666 1864 4719 ut

203 4751 427 4808 dictum
457 4755 562 4818 est,
596 4766 726 4806 esse
754 4749 1110 4806 revocanda.

275 4847 332 4898 5.
374 4840 489 4898 Sed
527 4839 763 4911 singula
807 4839 1054 4894 scrutari
1097 4838 1158 4892 in
1196 4838 1516 4910 praesentia
1571 4855 1859 4912 superva-

199 4947 384 4988 cuum
408 4934 596 4997 esset;
630 4945 700 4985 ex
720 4927 1090 5000 quibusdam
1109 4928 1286 4996 igitur
1313 4927 1700 4999 intelligenda
1718 4933 1860 4984 sunt

195 5021 428 5094 reliqua
456 5020 682 5076 omnia.
709 5019 912 5082 Porro,
936 5017 1037 5074 illa
1067 5017 1272 5073 omnia
1289 5019 1706 5089 praestantiora
1729 5032 1858 5073 esse

197 5109 552 5183 comperies,
597 5125 734 5180 (IlltB
787 5112 925 5162 sunt
975 5105 1236 5162 scientiae
1271 5106 1646 5178 ;comperies
1673 5106 1852 5162 etiam

197 5197 388 5253 multa
440 5213 569 5253 esse
628 5196 874 5252 scientia
925 5194 1152 5261 viliora,
1215 5194 1506 5250 nonnulla
1551 5193 1855 5251 nonnullis

197 5286 612 5356 praestantiora
643 5289 700 5340 et
724 5285 1008 5340 inferiora
1035 5299 1109 5339 ex
1148 5282 1486 5355 aequalitate
1512 5288 1569 5339 et
1593 5283 1855 5355 inaequa-

201 5373 400 5441 litate;
434 5375 766 5430 intensione
797 5378 854 5429 et
881 5371 1400 5428 remissioneinter
1437 5387 1502 5426 se
1557 5371 1854 5428 distincta.

209 5464 352 5529 Quae
381 5469 580 5521 tamen
625 5464 832 5520 omnia
882 5463 958 5519 ad
1001 5461 1309 5517 scientiam
1352 5460 1667 5532 pertinent.
1707 5463 1857 5516 Nam

205 5553 480 5624 quodam
508 5552 955 5610 communionis
982 5548 1221 5607 vinculo
1239 5565 1383 5606 cum
1427 5547 1694 5620 generali
1728 5564 1858 5606 eru-

1975 3150 2142 3222 quod
2170 3165 2292 3205 non
2329 3150 2664 3208 sitnaturae.
2695 3165 2892 3215 neque
2929 3150 3052 3206 ulla
3097 3157 3186 3206 est
3211 3167 3310 3207 ars
3347 3168 3483 3224 quae
3507 3169 3634 3211 non

1977 3238 2052 3292 sit
2073 3237 2444 3293 eruditionis.
2484 3239 2552 3292 Et
2578 3243 2644 3293 ut
2666 3238 2864 3292 omnis
2891 3239 3236 3310 temperatio
3261 3241 3636 3300 communio-

1977 3341 2118 3381 nem
2150 3341 2221 3382 ac
2251 3325 2689 3382 distinctionem
2729 3341 2803 3381 ex
2854 3327 3387 3398 temperationibus
3424 3330 3630 3402 habet,

1975 3415 2058 3472 ita
2086 3416 2266 3472 etiam
2306 3421 2463 3472 artes
2511 3416 2958 3487 conjunguntur
3005 3420 3158 3474 inter
3213 3435 3276 3474 se
3323 3425 3382 3476 et
3416 3419 3631 3478 distin-

1977 3509 2216 3574 guntur.
2257 3506 2410 3560 Nam
2447 3503 2669 3560 militia
2715 3503 2942 3562 navalis
2971 3521 3071 3562 ars
3125 3506 3237 3562 arti
3288 3507 3632 3565 tractando-

1977 3609 2112 3648 rum
2132 3607 2428 3665 equorum
2451 3593 2644 3663 magis
2669 3597 2758 3648 est
2783 3598 3045 3664 cognata
3088 3609 3276 3667 quam
3304 3610 3404 3652 ars
3446 3599 3632 3654 texto-

1975 3684 2063 3738 ria
2090 3700 2108 3752 ;
2141 3687 2196 3738 et
2227 3697 2326 3738 ars
2351 3681 2649 3738 metallica
2667 3682 2889 3739 aerariae
2907 3682 3018 3738 arti
3046 3684 3242 3755 magis
3265 3689 3357 3742 est
3372 3689 3633 3756 cognata

1974 3785 2163 3844 quam
2185 3771 2518 3844 pastoritia,
2548 3774 2606 3827 et
2621 3770 2751 3826 aliis
2785 3771 2928 3827 alia.
2963 3774 3082 3828 Hoc
3107 3777 3311 3830 autem
3355 3774 3540 3830 etiam
3565 3773 3631 3830 in

1976 3865 2192 3916 natura
2211 3859 2716 3916 considerandum
2747 3865 2858 3928 est,
2886 3864 2950 3915 ut
2968 3860 3033 3916 in
3083 3859 3410 3917 humorum
3439 3867 3494 3918 et
3517 3861 3633 3919 ele-

1974 3953 2318 4004 mentorum
2377 3947 2840 4004 admistionibus
2899 3948 3128 4004 dietum
3177 3953 3288 4004 est.
3339 3950 3630 4007 Caeterum

1974 4037 2271 4109 quidquid
2300 4042 2388 4093 est
2409 4037 2472 4092 in
2492 4041 2709 4092 natura
2728 4035 2913 4092 habet
2939 4041 3300 4092 concentum
3316 4041 3372 4092 et
3395 4037 3630 4094 relatio-

1974 4140 2135 4192 nem,
2157 4125 2678 4198 quemadmodum
2706 4123 2933 4180 dictum
2951 4129 3042 4182 est
3068 4139 3083 4190 ;
3115 4130 3440 4182 concentus
3465 4127 3630 4184 enim

1975 4219 2033 4270 et
2059 4214 2264 4270 relatio
2295 4213 2614 4280 mundum,
2641 4213 2955 4278 civitatem,
2985 4213 3188 4271 vicum
3235 4219 3292 4271 et
3334 4214 3630 4273 familiam

1976 4304 2302 4360 constituit.
2328 4309 2410 4360 Ac
2437 4301 2899 4376 temperationes
2919 4303 3167 4375 quidem
3195 4319 3334 4376 quas
3363 4319 3436 4361 ex
3455 4313 3631 4363 natu-

1974 4392 2202 4449 ralibus
2227 4391 2560 4448 rationibus
2598 4391 2889 4448 exsistunt
2927 4391 3212 4464 quaedam
3249 4391 3503 4450 invicem
3541 4393 3630 4450 di.-

1973 4485 2103 4538 visa
2131 4481 2437 4553 copulant,
2466 4481 2576 4536 sed
2605 4497 2765 4552 saepe
2793 4496 2918 4536 non
2937 4487 3117 4551 recte,
3146 4481 3330 4539 veluti
3359 4498 3498 4539 cum
3525 4482 3631 4540 ali-

1971 4571 2106 4644 quis
2126 4571 2454 4642 imperator
2474 4569 2616 4626 artis
2634 4570 2959 4642 pastoritiae
3006 4570 3312 4628 studiosus
3355 4575 3485 4627 est:
3511 4571 3630 4628 hoc

1969 4661 2130 4716 enim
2161 4665 2251 4715 est
2281 4659 2633 4731 temperatio
2665 4677 2679 4728 ;
2713 4675 2784 4715 ac
2828 4659 2979 4716 illud
3007 4659 3254 4732 quidem
3298 4659 3378 4716 ab
3434 4659 3628 4716 erudi-

1971 4749 2128 4804 tione
2157 4748 2426 4804 manavit
2454 4733 2867 4820 quod'natura
2895 4753 3086 4804 artem
3113 4746 3488 4819 pastoritiam
3509 4747 3627 4802 ho-

1967 4835 2234 4893 minibus
2271 4836 2853 4893 commonstraverit.
2895 4836 3063 4900 Quod
3120 4835 3300 4904 igitur
3347 4833 3461 4890 tale
3512 4839 3624 4905 est,

1966 4925 2238 4982 naturale
2262 4926 2511 4998 quidem
2530 4929 2618 4980 est
2651 4945 2667 4979 :-
2697 4923 2804 4979 sed
2831 4923 2937 4995 qui
2972 4922 3072 4978 illo
3119 4922 3316 4979 studio
3365 4922 3623 4993 ducitur,

1967 5019 2246 5070 naturam
2269 5015 2542 5087 proxime
2569 5028 2693 5068 non
2715 5015 3001 5083 sequitur.
3025 5014 3176 5067 Nam
3197 5026 3297 5068 ars
3315 5011 3627 5084 pastoritia

1962 5103 2025 5160 in
2049 5104 2411 5175 imperatore
2459 5107 2547 5158 est
2591 5099 2818 5172 aliquid
2873 5099 3209 5156 sordidum.
3265 5099 3424 5158 Alter
3479 5116 3624 5160 vero

1965 5191 2360 5264 philosophiae
2376 5190 2682 5246 studiosus
2699 5192 2992 5262 est,atque
3002 5189 3118 5246 hoc
3128 5204 3338 5246 revera
3351 5193 3626 5247 estnatu-

1966 5280 2109 5336 rale.
2141 5280 2307 5335 Istud
2327 5281 2508 5336 etiam
2519 5295 2592 5335 ex
2608 5279 3035 5350 temperatione
3047 5277 3293 5335 exsistit.
3319 5278 3442 5335 Illic
3463 5279 3626 5335 enim

1966 5375 2058 5426 est
2089 5367 2437 5440 temperatio
2466 5367 2608 5424 artis
2625 5366 3024 5438 imperatoriae
3068 5373 3126 5423 et
3180 5367 3482 5440 pastoriae,
3526 5365 3626 5422 hic

1966 5463 2170 5516 autem
2181 5457 2581 5530 imperatoria:
2591 5462 2649 5513 et
2657 5455 3108 5530 philosophice.
3127 5454 3430 5528 Numquid
3445 5454 3626 5526 igitur

1963 5548 2083 5608 hoc
2130 5547 2380 5621 quidem
2414 5546 2824 5605 necessarium
2869 5548 2980 5619 est,
3031 5544 3182 5603 illud
3226 5559 3368 5603 vero
3401 5542 3516 5602 vile
3563 5545 3625 5604 et

3516 211 3655 282 4356
