4066 6212
102 328 243 383 i353

1373 547 1573 602 Φυσική
1662 539 1695 596 δ
1699 547 1720 594 ξ

879 633 979 684 εἶτε
1030 641 1268 707 μερικῶς,
1328 635 1393 694 ὡς
1437 639 1549 696 τοῖς
1599 633 1721 684 τέκ-

131 738 290 789 τοσιν,
342 715 520 777 ἐπειδὴ
596 723 686 771 καὶ
761 725 1082 797 μερικωτέρα
1157 721 1325 776 ἐκεῖσε
1414 724 1444 781 ἠ
1527 725 1720 794 φυσική

138 812 340 881 σχέσις,
394 811 496 861 εἴτε
541 807 847 880 καθολικῶς,
895 809 959 871 ὠς
1011 808 1204 883 ἀγαθὸς
1260 815 1560 888 προαιρέσει
1618 829 1726 864 κοι·

134 905 274 951 νωνεῖ
299 901 446 950 παντὶ
489 895 690 970 ἁγαθῷο
743 902 897 951 τόῦτο
951 901 1050 975 γὰρ
1106 897 1368 963 παιδείας.
1438 899 1514 954 Ou’
1577 899 1726 973 λεγο-

137 1005 225 1060 μεν
255 983 308 1040 δι
336 985 510 1059 ὅτιπερ
539 990 594 1048 ό¹ς
645 985 739 1039 οὐκ
794 983 907 1041 οἶδε
952 985 1196 1042 παιδείαν
1254 989 1313 1042 ού
1361 997 1592 1042 κοινωνεῖ
1647 987 1726 1054 οἷς

135 1083 354 1130 κοινωνεῖ
389 1075 702 1150 φιλοσόφως,
734 1075 840 1130 ἀλλ’
898 1081 979 1131 ὅτι
1037 1079 1064 1131 ὀ
1115 1078 1279 1140 καλῶς
1342 1080 1582 1154 πράττων
1640 1099 1726 1152 φι-

132 1163 347 1238 λοσοφεῖ.
398 1171 564 1220 Τοῦτο
648 1162 708 1219 δε
754 1170 812 1220 τό
883 1167 1050 1231 καλῶς
1115 1170 1359 1244 πράττειν
1421 1173 1510 1222 τὸν
1570 1187 1728 1245 στρα-

133 1256 362 1327 τηγόν,ἦ
405 1259 492 1309 τόν
523 1257 781 1330 ἄρχοντα,
828 1258 858 1318 ἦ
887 1261 974 1311 τὸν
1025 1264 1290 1332 τεχνίτην,
1346 1260 1376 1318 ἣ
1430 1263 1517 1313 τὸν
1583 1259 1727 1332 φίλον

132 1343 424 1418 φιλοσοφίας
461 1349 552 1398 καὶ
597 1350 785 1418 σοφίας
814 1343 946 1400 ἔστί·
1001 1355 1168 1403 ταῦτα
1219 1351 1321 1422 γὰρ
1390 1347 1729 1422 ἆπηχήματα

131 1433 235 1486 οἷον
282 1441 372 1496 τῆς
427 1440 638 1507 πρώτης
693 1433 851 1489 ἑστιν.
918 1432 1158 1510 Οὐδεμία
1207 1440 1310 1511 γὰρ
1366 1440 1616 1511 μάθησις,
1685 1437 1730 1491 εἰ

131 1527 203 1595 μὴ
256 1521 307 1575 ἔκ
355 1527 804 1598 προϋπαρχούσης
858 1531 1116 1596 γνώσεως,
1164 1523 1386 1600 ούδεμία
1423 1525 1482 1581 δε
1534 1536 1730 1600 γνῶσις

134 1609 296 1683 ἀγαθὴ
345 1613 465 1687 ἄτερ
507 1609 754 1676 παιδείας
819 1617 953 1674 τινὸς
1017 1620 1222 1690 μέρους·
1279 1621 1585 1690 πανταχόσε
1625 1619 1728 1690 γάρ

136 1699 248 1753 ἔστι
277 1705 364 1754 καὶ
407 1710 602 1774 γνῶσις
642 1707 733 1755 καὶ
777 1700 1013 1776 παιδεία,
1079 1707 1268 1777 ἔχουσι
1331 1703 1389 1760 δε
1431 1703 1732 1766 ἀλληλένδε-

129 548 288 593 κεῖται
336 541 482 612 παρὰ
558 547 656 592 τῶν
741 535 940 593 ἀδικεῖν
1003 539 1289 599 ἑθελοντων.

129 634 360 684 κοινωνία
403 625 623 682 παιδεία
699 627 800 699 ἀεὶ,

984 325 1358 387 THEODORI
1383 317 1438 386 Π
1467 317 1608 387 IMP.
1639 323 1730 384 DE
1759 325 2216 390 COMMUNIONE
2253 325 2627 392 NATURALI.

127 454 250 524 πρός
305 450 496 525 φθορὰν
587 451 923 522 συσκευάζει,
1004 452 1048 506 εἰ
1113 458 1184 526 μὴ
1234 453 1544 531 παραλόγως
1588 435 1719 506 ’ἁδι-
1777 454 1826 508 Α

3385 323 3528 388 i354

1879 461 1952 514 πῆ
1991 451 2251 512 διδοῦσα
2299 455 2543 533 δυνάμει,
2572 464 2643 516 πῆ
2703 450 2763 508 δε
2812 457 2901 506 καὶ
2963 451 3236 526 ἐντελεχῶς
3291 451 3350 505 ού
3408 457 3510 505 πᾶ.

1885 563 2001 614 σαν,
2031 543 2161 599 ἀλλὰ
2196 552 2370 621 μέρος,
2403 547 2535 607 πλὴν
2580 545 2632 608 εξ
2683 543 2807 606 ὃλης
2855 541 2944 595 καί
2988 550 3161 598 τοῦτο.
3214 547 3319 596 Κᾶν
3366 548 3500 613 γοῦν

1882 638 1973 687 καὶ
2002 636 2029 687 ό
2061 640 2360 711 στρατηγός
2400 636 2494 690 ούκ
2549 631 2663 688 οἶδε
2689 638 2781 693 τὴν
2834 635 3150 704 ἐπιστήμην,
3208 629 3314 684 ἀλλ’
3359 635 3500 706 εἴπερ

1884 727 2021 777 κατὰ
2059 729 2178 788 τούς
2259 723 2466 787 ἀληθεῖς
2545 725 2762 800 πράττει
2807 724 3020 793 τύπους,
3092 719 3361 794 φιλοσοφεῖ
3408 719 3503 772 κάν

1888 809 2185 885 ἆγνώστως·
2213 817 2328 867 ἔστι
2384 811 2444 868 δε
2495 821 2648 866 τοῦτο
2718 812 3017 884 θῦμοσόφου
3071 805 3287 884 ἀνδρὸς,
3349 807 3506 863 αύτόο

1888 913 2030 976 φυῶς
2083 907 2142 958 τό
2192 903 2347 957 καλὸν
2396 903 2625 975 κὰγαθὸν
2685 903 3048 973 γινώσκοντός,
3107 897 3241 956 πλὴν
3305 893 3366 952 δὲ
3411 900 3501 956 καὶ

1889 989 2198 1066 ἂκούσματά
2255 1012 2374 1046 τινα
2449 996 2696 1065 σχόντος,
2731 985 2957 1050 ,ἀδήλως
3005 988 3096 1061 μὶν
3145 987 3213 1048 εἰς
3259 990 3344 1040 τόν
3387 992 3507 1038 νοῦν

1889 1081 2198 1137 εἰσελθόντα.
2243 1084 2513 1155 Πεφύκασι
2560 1081 2662 1154 γάρ
2721 1097 2839 1132 τινα
2894 1076 3233 1149 εἰσέρχεσθαι
3288 1072 3507 1147 φιλοσο,

1889 1175 2010 1245 φίας
2057 1171 2129 1234 εὶς
2175 1175 2262 1225 τόν
2307 1178 2424 1224 νοῦν
2474 1169 2650 1242 λόγια,
2703 1167 2954 1240 λεγόμενα
3005 1166 3096 1239 μεν
3153 1167 3218 1226 ὡς
3270 1166 3502 1246 τύχοιεν,

1891 1256 2154 1334 δεχόμενα
2213 1258 2272 1314 δε
2325 1259 2421 1312 κᾶν
2470 1257 2720 1330 ἀτέχνως,
2775 1254 2905 1308 ἀλλά
2951 1257 3151 1326 φύσεως
3211 1251 3509 1328 εἱλικρινείᾳ

1891 1359 2138 1422 φυσικῶς.
2195 1352 2438 1412 Δεκτικὸς
2490 1349 2594 1422 γάρ
2630 1345 2656 1398 ὁ
2711 1352 2852 1413 νοῦς,
2911 1343 3006 1396 κάν
3064 1342 3123 1394 ού
3172 1345 3306 1415 πρός
3353 1340 3509 1393 αὐτόν

1890 1437 2083 1512 ἔχοντά
2111 1459 2190 1502 τις
2214 1444 2398 1493 τοῦτόν
2439 1457 2486 1490 τι
2552 1437 2702 1510 λέγῃ.
2763 1439 2869 1492 Τὴν
2901 1470 2904 1472 η
2932 1436 3158 1505 φυσικὴν
3214 1439 3340 1503 γοῦν
3392 1449 3510 1484 κοι-

1889 1532 2074 1581 νωνίαν
2113 1533 2203 1584 καὶ
2279 1522 2499 1580 παιδεία
2577 1525 2636 1578 ού
2689 1522 2926 1578 ).ᾒοιπε’-
2992 1526 3083 1579 τὴν
3134 1521 3269 1579 κατά
3323 1525 3510 1594 κρᾶσιν

1895 1614 1974 1690 δε,
2030 1618 2114 1670 ὁτί
2158 1619 2250 1691 μεν
2305 1617 2390 1669 ὅτε
2445 1612 2494 1668 δ’
2555 1613 2637 1672 ού.
2681 1608 2926 1666 Κοινωνεῖ
2973 1612 3064 1683 μὶν
3089 1608 3180 1666 οὖν
3207 1614 3311 1669 πᾶς
3355 1606 3514 1666 παντὶ

1897 1715 2130 1779 φυσικῶς
2190 1724 2244 1759 τε
2317 1709 2406 1759 καὶ
2459 1705 2596 1756 κατά
2659 1706 2867 1778 κρᾶσιν.
2921 1698 3083 1758 ,Ἔστι
3132 1693 3191 1750 δὲ
3240 1695 3514 1750 καὶτὸπον

136 1809 222 1842 τον
247 1794 336 1849 τὴν
393 1791 464 1854 εἰς
519 1794 584 1845 τὰ
632 1793 920 1868 πράγματα
971 1793 1285 1867 κατάληψιν.
1347 1800 1449 1850 Καὶ
1493 1803 1594 1850 ποῦ
1801 1805 1843 1861 Β
1895 1799 2032 1851 κατά
2107 1801 2318 1869 κρᾶσιν,
2402 1798 2493 1846 καί
2556 1812 2610 1845 τι
2675 1791 2988 1862 καταφύσιν,
3190 1785 3332 1844 ,ὃπου
3382 1787 3517 1844 κατά

139 1881 249 1932 ἔστι
296 1881 362 1932 τὰ
435 1888 526 1941 τῆς
612 1878 860 1944 παιδείας
940 1886 1172 1954 γνωστὰ,
1203 1891 1322 1937 ’ποῦ
1378 1881 1437 1939 δε
1493 1887 1738 1958 ἄγνωστα

140 1969 244 2021 οἷον
271 1968 348 2022 ὃτι
397 1975 716 2042 στρατηγίαν
772 1990 848 2032 τις
903 1968 1272 2046 παιδευόμενος
1336 1972 1596 2047 ἀναγκαῖα
1649 1982 1740 2031 καὶ

139 2053 451 2130 ἐνδεχόμενα
479 2056 769 2130 καὶψευδῆ
812 2056 1120 2114 παιδεύεται
1174 2068 1477 2134 γινώσκειν,
1537 2071 1626 2119 καὶ
1675 2071 1743 2121 τὰ

137 2149 228 2218 μεν
289 2146 424 2210 ὃπως
475 2146 735 2220 ἐκφεύγειν
775 2151 842 2200 τὰ
894 2146 953 2202 δε
1011 2170 1286 2222 γινωσκειν
1331 2158 1420 2206 καὶ
1471 2157 1718 2229 πράττειν

138 2235 168 2294 ἢ
194 2233 270 2289 ὃτι
329 2239 490 2297 οὕτως
547 2233 631 2290 δεῖ
677 2237 965 2314 πολιορκεῖν
1001 2239 1031 2298 ἡ
1080 2250 1412 2318 κατοχυροῦν
1471 2246 1537 2297 τὰ
1591 2217 1743 2320 φρούῖ

135 2343 226 2398 ρια
259 2330 346 2378 καὶ
402 2328 535 2380 κατὰ
572 2331 690 2388 τοὺς
750 2327 934 2392 ἄλλους
989 2328 1197 2401 λόγους.
1245 2338 1409 2385 Τοῦτο
1466 2329 1525 2386 δὲ
1583 2353 1744 2410 μερος

138 2411 249 2466 ἐστὶ
295 2415 616 2489 φιλοσοφίας.
675 2416 733 2470 Ἠ
785 2420 887 2492 γὰρ
943 2421 1095 2492 φύσις
1144 2425 1238 2480 τὴν
1309 2405 1605 2496 ἐπιστήμην
1650 2405 1745 2478 δι’

140 2503 256 2557 ὅλου
275 2513 365 2558 τοῦ
399 2505 607 2579 λογικοῦ
634 2507 770 2569 ζῶου
801 2503 1086 2584 διέσπειρε,
1129 2517 1201 2570 πῆ
1265 2515 1356 2585 μεν
1402 2519 1745 2587 τεχνώσασα,

119 2704 276 2765 enim
302 2711 511 2766 natura
530 2715 632 2767 aut
656 2710 909 2768 eruditio
929 2712 1155 2786 aliquid
1188 2712 1267 2772 ad
1281 2714 1584 2774 interitum
1597 2733 1762 2776 com-

117 2801 308 2868 parat,
338 2797 456 2854 nisi
492 2799 640 2858 forte
679 2806 893 2874 praeter
929 2803 1223 2860 rationem
1252 2804 1471 2875 injuria
1510 2807 1767 2865 afﬁcitur

114 2885 196 2942 ab
224 2885 334 2942 illis
367 2888 469 2960 qui
495 2889 774 2962 injuriam
801 2890 1017 2948 inferre
1077 2892 1306 2950 volunt.
1340 2899 1411 2951 At
1425 2895 1487 2952 in
1508 2896 1768 2954 naturali

114 2978 537 3035 communione
568 2995 806 3052 semper
852 2981 1006 3037 inest
1029 2982 1301 3056 eruditio,
1335 2984 1456 3041 sive
1478 2985 1540 3041 in
1575 2991 1764 3059 parte,

113 3075 182 3123 ut
206 3083 342 3124 cum
397 3068 548 3126 fabri
606 3071 758 3127 inter
794 3085 857 3128 se
895 3073 1387 3130 communionem
1422 3076 1771 3132 constiuunt

1901 1889 2055 1961 φύσιν
2089 1890 2180 1938 καί
2232 1903 2286 1937 τι
2329 1885 2464 1938 κατά
2508 1888 2717 1957 κρᾶσιν.
2793 1879 3108 1952 Εύρίσκεται
3164 1871 3222 1935 δι
3279 1883 3364 1928 ύτι
3419 1880 3516 1934 ,τοῦ

1901 1974 2092 2050 μᾶλλον
2145 1976 2500 2048 φυσικωτέραν
2579 1974 2790 2043 ἔχοντος
2850 1973 2942 2027 τὴν
2986 1969 3282 2028 ,κοινωνίαν
3331 1968 3421 2016 καὶ
3462 1964 3512 2024 Κἠ

1905 2064 2091 2118 ἐνοῦσα
2142 2070 2332 2138 κρᾶσις
2397 2061 2537 2132 αύτῷ
2604 2058 2828 2130 ε’λλογος,
2885 2063 2978 2124 τοῦ
3027 2051 3087 2108 δὲ
3147 2055 3282 2106 κατά
3327 2057 3518 2127 κρᾶσιν

1905 2155 2096 2229 μᾶλλον
2124 2137 2214 2206 καὶ
2246 2149 2448 2226 ἦξοῦσα
2486 2149 2649 2202 ἐκεῖσέ
2679 2169 2759 2210 τις
2815 2149 3012 2220 φυσικὴ
3073 2140 3296 2222 δύναμις
3337 2137 3518 2194 διαλε-

1904 2243 2100 2318 λυμένη
2158 2241 2272 2296 ἐστὶ
2337 2246 2428 2294 καὶ
2497 2236 2833 2314 ἀλλοῤῥεπής·
2877 2239 2968 2288 καὶ
3030 2231 3182 2286 τοῦτο
3233 2235 3514 2306 γνώριμον.

1909 2333 2099 2388 Ταῦτα
2191 2329 2250 2385 δε
2347 2327 2554 2383 δέονται
2651 2326 2874 2400 ἑτέρας.
2939 2320 3301 2395 διασφησεως,
3385 2321 3520 2381 ᾦστε

1911 2421 2082 2487 δεῖξαι
2128 2420 2230 2476 κὰκ
2277 2421 2488 2486 ταύτης,
2556 2424 2662 2478 πῶς
2709 2419 2823 2470 ἔστι
2878 2417 2958 2470 τὸ,
2991 2419 3242 2487 κρεῖττον·
3299 2411 3413 2464 ἔστι
3462 2405 3521 2463 δε

1910 2515 2067 2572 αὕτη.

1873 2719 1984 2777 tim
2013 2716 2195 2774 etiam
2214 2713 2275 2771 vi
2295 2716 2352 2770 et
2378 2711 2674 2787 potestate
2722 2706 2978 2776 dederit,
3041 2705 3094 2762 si
3122 2718 3246 2762 non
3267 2701 3546 2761 absolute

1875 2808 2244 2872 universum,
2269 2807 2334 2860 at
2363 2806 2518 2858 certe
2551 2803 2787 2876 partem
2799 2797 3088 2869 aliquam,
3129 2810 3266 2868 quae
3296 2791 3548 2880 quidem

1875 2914 2018 2973 pars
2043 2897 2118 2954 de
2142 2899 2265 2952 tota
2293 2892 2494 2950 excisa
2519 2895 2626 2948 est.
2690 2885 2978 2956 Quamvis
3029 2885 3210 2954 igitur
3233 2883 3360 2940 dux
3378 2896 3544 2979 exer-

1877 2988 2030 3046 citus
2062 2983 2376 3042 scientiam
2423 2980 2678 3052 ignoret,
2722 2981 3142 3033 verumtamen
3173 2988 3248 3028 ex
3277 2986 3431 3026 veris
3454 2985 3544 3024 in-

1877 3071 2340 3134 formationibus
2393 3085 2580 3140 agens
2631 3063 3112 3139 philosophatur,
3166 3057 3422 3120 etiamsi,
3479 3059 3545 3112 ut

109 3156 1314 3230 (quandoquidemhaecnaturalisrelatio,
1338 3178 1474 3235 quae
1503 3167 1594 3220 est
1619 3163 1770 3220 inter
1803 3151 1844 3205 C
1878 3164 2023 3235 dixi,
2050 3161 2308 3220 nescius.
2343 3161 2441 3214 Est
2491 3161 2695 3214 autem
2722 3153 2841 3210 hoc
2893 3151 3004 3216 viri
3049 3146 3398 3222 philosophi
3435 3144 3540 3235 qui

106 3245 336 3316 fabros,
367 3253 455 3305 est
483 3247 811 3322 aliquando
831 3251 1027 3321 magis
1051 3269 1064 3319 ;
1091 3251 1487 3324 particularis)
1520 3254 1644 3310 sive
1673 3269 1770 3326 ge-

101 3336 404 3406 neraliter,
432 3343 498 3394 ut
519 3354 660 3394 cum
699 3339 916 3412 aliquis
945 3338 1021 3395 de
1075 3341 1343 3397 instituto
1369 3341 1571 3398 bonus
1603 3359 1768 3399 com-

99 3427 461 3483 munionem
474 3428 778 3484 constituit
793 3445 928 3485 cum
940 3431 1108 3486 omni
1118 3431 1280 3486 bono
1293 3431 1609 3504 proboque
1621 3433 1766 3489 viro.

98 3518 230 3572 Hoc
259 3516 420 3573 enim
439 3521 529 3574 est
542 3516 916 3574 eruditionis.
937 3520 1117 3575 Porro
1136 3532 1258 3575 non
1279 3535 1576 3591 negamus
1598 3520 1769 3579 illum

98 3606 214 3677 qui
240 3621 364 3662 non
381 3611 468 3662 est
485 3606 772 3676 eruditus,
790 3607 1148 3680 participare
1165 3609 1558 3668 eruditionem
1580 3625 1770 3684 quam

99 3693 432 3768 participat
467 3710 538 3751 ex
568 3694 974 3768 philosophia.
1015 3701 1142 3753 imo
1163 3698 1361 3755 virum
1398 3698 1566 3756 illum
1596 3700 1770 3772 cujus

101 3785 378 3842 actiones
415 3784 682 3842 honestae
711 3789 768 3841 et
818 3784 1125 3856 praeclara
1177 3791 1314 3844 sunt
1352 3787 1770 3861 philosophari

105 3875 446 3934 asserimus
479 3891 494 3942 ;
522 3890 669 3931 nam
692 3879 760 3931 ut
782 3875 1110 3947 imperator
1128 3880 1232 3932 aut
1257 3876 1381 3932 dux
1406 3881 1512 3934 aut
1537 3877 1769 3934 amicus

107 3965 326 4022 omnia
346 3980 420 4021 ex
438 3964 649 4020 virtute
669 3969 727 4019 et
745 3963 1053 4020 honestate
1075 3969 1234 4035 agat,
1259 3965 1520 4040 itemque
1535 3966 1766 4036 artifex,

104 4056 270 4112 istuc
299 4052 698 4126 philosophia:
726 4057 783 4110 et
806 4052 1111 4125 sapientiae
1131 4058 1224 4111 est
1255 4071 1268 4109 :
1295 4054 1424 4111 haec
1439 4055 1600 4112 enim
1631 4060 1772 4112 sunt

109 4143 300 4199 veluti
328 4143 539 4215 primae
569 4141 876 4214 sapientiae
908 4142 1193 4214 quaedam
1219 4143 1421 4200 relata:
1451 4144 1770 4215 imagines.

109 4234 160 4288 N
169 4231 292 4288 ulla
311 4234 472 4287 enim
495 4230 780 4303 diciplina
827 4235 938 4300 est,
995 4247 1133 4304 qua».
1153 4247 1276 4289 non
1301 4249 1374 4290 ex
1398 4233 1774 4306 praecedente

103 4320 460 4392 cognitione
476 4319 745 4376 exsistat.
765 4320 968 4387 Porro,
983 4320 1150 4377 nulla
1169 4322 1430 4393 cognitio
1448 4323 1615 4379 bona
1633 4338 1772 4396 quas

103 4410 190 4468 sit
210 4408 468 4480 alicujus
489 4407 838 4464 eruditionis
865 4424 1079 4482 expers
1113 4428 1127 4478 ;
1159 4426 1303 4467 nam
1333 4410 1511 4481 longe
1535 4411 1776 4484 lateque

1881 3269 1992 3310 sua
2008 3233 2230 3324 sponte
2259 3247 2426 3321 quod
2445 3246 2769 3304 honestum
2787 3241 3084 3310 etbonum
3105 3244 3192 3296 est
3208 3233 3540 3324 cognoscit.

1879 3347 1996 3401 Nec
2033 3321 2162 3397 iieri
2192 3353 2375 3412 posse
2400 3350 2697 3407 negamus
2727 3337 2792 3389 ut
2815 3329 3101 3405 quaedam
3131 3326 3436 3384 auditione
3459 3321 3542 3381 ita

1877 3429 2210 3506 perceperit
2237 3426 2451 3500 aliquis
2477 3429 2542 3481 ut
2591 3423 2692 3480 vix
2742 3421 2806 3478 in
2871 3419 3146 3476 animum
3184 3431 3364 3512 suum
3396 3415 3540 3512 irre-

1879 3499 2079 3594 psisse
2097 3518 2196 3576 illa
2218 3499 2606 3590 persenserit;
2627 3513 2887 3586 possunt
2911 3509 3072 3566 enim
3093 3499 3538 3594 quaa‘damgphi-

1877 3593 2194 3681 losophica
2246 3606 2550 3678 praecepta
2611 3601 2674 3657 in
2760 3604 3026 3657 mentem
3089 3593 3356 3678 influere,
3397 3607 3535 3681 quae

1880 3680 2101 3756 temere
2121 3694 2366 3770 quidem
2397 3691 2696 3764 abaliquo
2725 3687 3115 3770 pronuntiata
3144 3687 3302 3752 sunt,
3339 3681 3444 3738 sed
3458 3680 3538 3738 ab

1880 3788 2158 3846 audiente
2196 3781 2433 3842 etiamsi
2454 3795 2579 3838 non
2609 3779 2683 3836 de
2713 3776 3012 3856 industria
3025 3778 3086 3858 at
3104 3778 3333 3832 naturae
3362 3770 3537 3858 boni-

1878 3881 1998 3934 tate
2027 3877 2304 3946 suscepta
2325 3873 2495 3938 sunt;
2523 3883 2668 3925 nam
2697 3882 2771 3922 ex
2798 3869 3021 3934 natura
3049 3855 3222 3918 mens
3247 3855 3538 3933 quidlibet

1881 3963 2181 4037 suscipere
2219 3964 2434 4034 potest,
2457 3955 2735 4030 quamvis
2763 3970 2898 4027 quae
2933 3949 3398 4024 pronuntiantur
3423 3963 3531 4037 au-

1879 4034 2095 4112 dientis
2107 4056 2166 4108 et
2177 4050 2331 4106 susci
2339 4046 2553 4122 pientis
2565 4061 2744 4108 causa
2756 4058 2878 4099 non
2891 4041 3186 4098 dicantur.
3203 4034 3534 4094 Naturalem

1881 4159 2024 4216 ergo
2065 4138 2556 4198 communionem
2590 4131 2843 4190 eruditio
2881 4145 3005 4197 non
3045 4127 3325 4210 deseruit.
3365 4128 3538 4216 Crom-

1883 4215 2236 4290 munionem
2256 4243 2396 4284 vero
2448 4225 2636 4291 illam,
2684 4238 2820 4296 quae
2871 4224 2958 4298 est
2986 4235 3056 4275 ex
3104 4215 3536 4288 temperatione

1882 4321 2185 4380 interdum
2240 4315 2508 4390 quidem,
2557 4311 2859 4390 interdum
2897 4323 3034 4364 vero
3072 4322 3197 4364 non
3226 4303 3487 4374 deseruit
3519 4320 3535 4371 ;

1883 4426 2031 4467 nam
2090 4420 2302 4470 omnes
2358 4399 2812 4458 communicant
2865 4397 3020 4453 inter
3069 4411 3130 4450 se
3187 4409 3261 4470 ex
3322 4397 3540 4448 natura

99 4515 226 4574 per
272 4498 480 4555 omnia
531 4498 790 4568 cognitio
830 4504 887 4554 et
937 4480 1189 4566 eruditio
1237 4480 1779 4557 diffunduntur.—Et
1811 4506 1856 4562 D
1887 4505 1944 4557 et
1966 4495 2418 4570 temperatione.
2464 4491 2646 4548 Porro
2675 4504 2788 4546 usu
2835 4484 3018 4572 venit
3040 4484 3364 4574 interdum,
3393 4480 3538 4574 utin

101 4603 409 4646 connexa:
435 4589 576 4644 sunt
604 4587 756 4643 inter
777 4603 840 4643 se
885 4603 1087 4644 rerum
1109 4589 1574 4660 cognitiones_ac
1613 4605 1774 4646 com-

97 4676 664 4752 prehensiones.Ac
681 4676 742 4732 in
759 4676 1129 4748 quidusdam
1152 4677 1332 4734 rebus
1355 4679 1637 4749 cognosci
1666 4694 1776 4751 po-

100 4771 260 4825 sunt
279 4765 452 4823 facile
466 4765 711 4838 illaquae
731 4771 870 4822 sunt
883 4765 1252 4837 eruditionis,
1265 4773 1474 4824 contra
1493 4783 1776 4824 nonnun-

98 4873 313 4931 quam
335 4855 619 4926 cognosci
637 4860 972 4928 nequeunt:
989 4861 1054 4912 ut
1070 4855 1118 4912 si
1134 4856 1270 4928 quis
1285 4857 1552 4914 eruditur
1569 4857 1632 4914 in
1649 4863 1776 4914 arte

97 4945 839 5010 ducendiexercitum,ita
849 4944 1115 5002 eruditur
1127 4951 1190 5002 ut
1204 4945 1400 5003 discat
1409 4946 1775 5018 necessaria,

99 5041 169 5094 et
187 5034 298 5094 illa
328 5050 465 5108 quae
486 5050 602 5092 usu
630 5033 833 5090 venire
854 5038 1124 5106 possunt,
1156 5033 1429 5108 adeoque
1463 5051 1600 5109 quas
1620 5035 1776 5093 falsa

98 5129 261 5183 sunt
279 5125 347 5181 in
365 5123 480 5181 hac
497 5122 832 5196 disciplina,
852 5123 981 5180 hIBC
999 5123 1247 5196 quidem
1264 5127 1328 5179 ut
1343 5125 1504 5190 vitet,
1524 5124 1623 5182 illa
1635 5140 1777 5182 vero

97 5220 179 5273 ut
203 5217 542 5285 cognoscat
583 5217 638 5268 et
679 5215 1040 5284 exsequatur
1067 5230 1084 5284 ;
1126 5216 1192 5268 ut
1209 5212 1374 5285 quod
1409 5213 1781 5285 oporteatita

96 5304 406 5364 obsidere
419 5302 619 5371 urbes,
644 5308 748 5360 aut
765 5302 1223 5374 propugnacula
1241 5303 1474 5360 munire
1495 5307 1552 5359 et
1565 5308 1784 5361 cetera

99 5411 189 5454 ex
218 5393 444 5452 iisdem
472 5392 829 5450 rationibus.
861 5394 982 5448 Hoc
1018 5397 1218 5450 autem
1240 5393 1320 5448 ad
1335 5391 1782 5465 philosophiam

100 5491 352 5559 utpars
415 5483 683 5542 refertur.
743 5484 894 5539 Nam
941 5486 1160 5540 natura
1221 5483 1533 5540 scientiam
1557 5483 1621 5538 in
1659 5487 1783 5542 toto

100 5573 379 5635 animali
402 5572 649 5631 rationis
681 5571 966 5645 participe
987 5572 1421 5643 disseminavit,
1453 5572 1534 5630 ita
1559 5577 1623 5630 ut
1649 5587 1786 5645 par-

105 5666 230 5727 tim
289 5663 609 5724 scientiam
697 5661 762 5718 in
831 5661 1078 5721 homine
1137 5661 1427 5726 fabricata
1476 5660 1568 5731 sit,
1640 5676 1787 5737 par-

546 5764 794 5823 PATROL.
836 5763 941 5822 Gn.
972 5761 1124 5827 CXL.

1885 4567 2111 4664 quibus
2155 4581 2506 4659 temperatio
2555 4567 2890 4650 superiores
2913 4579 3110 4650 partes
3132 4577 3188 4628 et
3205 4569 3452 4664 obtinet,
3475 4569 3539 4624 in

1886 4659 2001 4736 illis
2037 4676 2208 4733 locus
2241 4672 2454 4745 aliquis
2487 4674 2719 4726 natura:
2749 4667 3120 4738 relinquatur
3148 4667 3204 4719 et
3229 4661 3288 4717 in
3315 4659 3538 4734 quibus

1888 4767 2224 4840 superiores
2270 4767 2470 4835 partes
2503 4759 2730 4816 obtinet
2757 4762 2994 4819 natura,
3035 4753 3096 4807 in
3144 4749 3256 4840 illis
3293 4761 3538 4820 quoque

1888 4839 2307 4928 temperationi
2333 4850 2502 4907 locus
2532 4846 2746 4918 aliquis
2776 4839 3394 4916 relinquatur.Verum
3416 4849 3538 4906 quo

1887 4944 2026 5018 quis
2041 4943 2236 5012 magis
2255 4936 2590 4996 naturalem
2609 4928 3311 5022 habetcommunionem,
3327 4939 3398 4980 eo
3415 4938 3540 5022 ine-

1887 5015 2004 5090 lius
2029 5031 2412 5088 constitutam
2435 5031 2492 5082 et
2524 5021 2926 5096 compositam
2955 5015 3139 5073 habet
3165 5015 3542 5086 temperatio-

1888 5110 2618 5189 nem.Coutra,quomagis
2650 5125 2722 5166 ex
2761 5105 3178 5184 temperatione
3207 5100 3542 5168 communio

1890 5215 2130 5270 constat
2156 5223 2226 5265 eo
2248 5203 2442 5276 magis
2463 5201 2554 5260 vis
2589 5196 2877 5256 naturalis
2902 5201 3083 5269 atque
3121 5191 3392 5264 facultas,
3421 5206 3546 5266 qua

1891 5301 2170 5377 praeditta
2207 5301 2316 5362 est,
2341 5290 2639 5351 imbecilla
2675 5293 2733 5344 et
2757 5287 2836 5346 ad
2870 5283 3056 5356 aliud,
3083 5299 3405 5377 quam‘par
3436 5287 3544 5377 est,

1896 5371 2176 5466 proclivis
2205 5391 2312 5456 est,
2344 5381 2510 5456 quod
2538 5380 2722 5454 etiam
2759 5383 2974 5435 notum
3003 5379 3112 5466 est.
3147 5375 3262 5432 Sed
3279 5371 3409 5466 haec
3429 5371 3550 5426 alia

1894 5460 2296 5540 declamatione
2323 5489 2477 5545 opus
2490 5469 2716 5528 habent
2736 5471 2804 5524 ut
2821 5464 3212 5524 Ostendamus
3224 5460 3403 5518 etiam
3424 5475 3461 5530 q
3471 5474 3548 5545 uo

1898 5574 2074 5645 pacto
2144 5582 2218 5625 ex
2243 5543 2383 5639 :hac
2429 5556 2857 5628 communione
2895 5554 3288 5645 constituatur
3323 5543 3552 5626 aliquid

1899 5643 2299 5735 praestantius.
2339 5648 2671 5724 Declaratio
2708 5651 2914 5718 autem
2944 5643 3080 5712 haec
3117 5645 3228 5699 est.
