4066 6212
611 272 750 341 "55

2148 282 2502 349 ADDENDA.

3783 310 3877 364 12736

700 408 745 469 ζ’
801 408 1136 481 Ἀλέξανδρος
1183 416 1274 483 μὲν
1348 414 1694 487 ’Δριστοτελει
1748 430 1996 486 κοινωνεῖ,
2051 422 2231 492 Ἐρμο-
2290 418 2336 469 Α
2395 421 2647 469 καὶκατὰ
2678 423 2851 490 φύσιν,
2895 415 3073 476 ἐπειδὴ
3130 420 3209 469 ὅτι
3269 425 3353 470 καὶ
3404 422 3448 472 οξ
3489 427 3645 487 πάντες
3692 428 3863 492 παιδείας

626 500 760 567 γένει
825 494 885 550 δι
957 501 1191 574 Μάρκος·
1270 499 1549 577 ἀμφότεροι
1622 516 1746 578 γοῦν
1825 510 2063 582 βασιλεῖς
2140 513 2230 559 καὶ

629 590 801 657 σοφοὶ,
849 591 939 637 καὶ
998 589 1047 638 οἱ
1126 588 1282 658 φίλοι,
1336 589 1580 654 παιδείας
1640 604 1844 666 μεστοὶ,
1920 596 2230 671 διαφέρουσι

626 670 687 725 δέ
711 692 789 744 γε’
824 671 1022 736 Μηδεὶς
1071 672 1130 729 δι
1159 675 1403 739 ἀπατηθῆ
1472 687 1544 754 μὴ
1590 683 1833 747 παιδείας
1872 688 2048 760 φίλους
2074 670 2228 739 Ῠεῖναι

622 764 742 824 τοὺς
765 760 1023 834 βασιλεῖς,
1055 765 1151 816 κοῖν
1214 768 1240 818 6'
1288 771 1380 839 μὲν
1434 778 1530 831 τῆς
1596 771 1908 848 ἀκροτάτης,
1957 778 1983 827 6
2031 772 2091 827 δὲ
2137 783 2229 835 τῆς

620 849 751 939 πολὺ
802 854 993 913 ταύτης
1040 851 1459 931 ὑποδεεστέρας·
1517 859 1620 913 εἰσὶ
1687 868 1788 939 γάρ
1853 866 2008 938 ἄμφω
2088 863 2228 936 φιλο-

618 937 763 1010 λόγοι
815 947 905 993 καὶ
921 940 1227 1014 φιλολόγιοι.
1280 951 1617 1018 προσκείσθω
1676 948 1735 1003 δὲ
1760 937 1765 939 ⁷
1790 958 1879 1005 καὶ
1927 937 1986 1004 τό
2028 951 2223 1023 λόγιον·

622 1028 769 1099 εἶχον
819 1033 918 1105 γάρ
1001 1036 1091 1084 καὶ
1149 1040 1304 1084 τοῦτο
1355 1039 1493 1089 κατά
1540 1038 1671 1090 πολὺ
1717 1044 1847 1099 αὕτη
1905 1043 1935 1100 ἡ
1986 1045 2229 1093 κὸινωνία

622 1125 841 1190 φυσικὴ,
899 1122 1015 1191 ἔχει
1045 1117 1105 1174 δε
1152 1125 1211 1174 τό
1259 1131 1491 1195 κρεῖττον
1518 1128 1548 1185 ἡ
1607 1133 1807 1191 ταύτης
1847 1128 2073 1203 διαφορά
2126 1129 2227 1192 κάξ

621 1210 906 1271 επιτάσεως
941 1215 1032 1263 καὶ
1078 1219 1173 1263 τοῦ
1227 1210 1480 1285 ἓτεροίου.·
1541 1217 1602 1270 ’0
1656 1223 1746 1291 μὲν
1797 1223 1898 1293 γάρ
1955 1220 2228 1292 φιλόσοφος

618 1301 709 1349 καὶ
730 1295 906 1371 ῥήτωρ
933 1302 1025 1350 καὶ
1040 1305 1142 1351 πᾶν
1165 1300 1307 1368 ἄλλο,
1341 1303 1368 1353 6
1420 1300 1481 1356 δι
1526 1306 1701 1381 ῥήτωρ
1753 1313 1844 1360 καὶ
1908 1309 2224 1381 πολυῐστωρ.

620 1384 896 1448 Ἐπίτασις
913 1395 1041 1458 γοῦν
1090 1386 1140 1439 ἐν
1188 1398 1262 1460 τῷ
1319 1388 1414 1455 ἐνὶ,
1456 1392 1621 1447 πολλά
1672 1401 1802 1472 μέρη
1840 1398 1881 1448 ὣ
1928 1402 2016 1450 καὶ
2058 1400 2230 1449 πάντα

618 1474 818 1545 Ξχοντι,
847 1480 937 1527 καὶ
974 1483 1080 1528 οἷον
1121 1481 1215 1535 τὴν
1262 1478 1383 1537 ὅλην
1434 1486 1694 1541 ποιότητα
1723 1529 1738 1555 ,
1799 1484 2086 1558 ἑτεροιότης
2146 1484 2225 1551 δὲ,

618 1558 701 1647 ότι
728 1566 819 1615 καὶ
845 1566 912 1616 τοί
930 1568 1059 1636 μέρη
1085 1563 1264 1618 ἀλλοῖα
1293 1568 1417 1620 ὃντά
1463 1572 1575 1641 ἔχει
1617 1579 1943 1645 συναγαγὼν,
1996 1575 2230 1647 ὑπάρχει

620 1646 680 1703 δι
730 1656 823 1703 καὶ
888 1650 1229 1726 Ἀλεξάνδρου
1299 1656 1562 1729 ὑπηρεσία
1602 1665 1693 1713 καὶ
1750 1660 1998 1734 βασιλεία
2018 1646 2232 1737 ῥήτορες

614 1744 706 1792 καὶ
732 1741 952 1813 Μάρκοῦ
982 1742 1272 1815 φιλόσοφοι.
1304 1745 1430 1820 Ἐρα
1482 1744 1542 1800 δὴ
1594 1750 1621 1800 6
1660 1753 1749 1821 μὲν
1810 1749 2223 1830 Ἀριστοτέλους

614 1828 643 1880 6
673 1825 733 1882 δι
786 1829 1128 1903 Ἑρμογένους
1168 1832 1357 1904 ἀγαθοὶ
1420 1844 1546 1906 γοῦν
1594 1841 1805 1902 πάντες.
1862 1846 2017 1912 Ἔχει
2076 1838 2136 1893 δὲ

615 1918 865 1993 ἀναλογία
920 1922 991 1985 εἰς
1062 1924 1247 1985 αὐτούς
1320 1926 1513 1987 πολλὴν
1592 1934 1686 1989 τὴν
1768 1931 1949 2002 ὶσχύν⁶
2002 1936 2071 1993 ὡς
2121 1935 2224 2005 γάρ

613 2008 890 2094 φιλοσοφία
940 2012 1217 2088 ῥητορικῇ,
1301 2014 1594 2088 Ἑρμογένει
1686 2019 2071 2094 Ἀριστοτέλης,
2160 2024 2226 2082 ὡς

614 2092 665 2150 δ’
720 2098 1010 2172 Ἑρμογένει
1098 2102 1482 2176 Ἀριστοτέλης,
1582 2092 1921 2183 Ἀλέξανδρος
2002 2112 2220 2185 Μάρκῳο

612 2188 684 2249 ὡς
736 2187 840 2261 ἄρα
897 2189 1176 2263 φιλοσοφία
1232 2192 1513 2267 ῥητορικῆ,
1588 2194 1929 2270 Ἀλέξανδρος
1994 2201 2220 2271 Μάρκῳ,

611 2274 766 2329 Ἐστι
938 2279 1028 2330 οὖν
1084 2281 1115 2338 ἠ
1175 2276 1406 2353 διαφορὰ
1459 2282 1553 2335 ούκ
1612 2284 1788 2348 ἄλλοις
1853 2286 2047 2357 λόγοις,
2108 2285 2222 2339 ἄλλ’

612 2364 855 2434 α’λλοίοις,
915 2364 1095 2426 ἐπειδὴ
1148 2374 1363 2432 ποιότης
1442 2376 1521 2432 τίς
1564 2371 1706 2425 ἔστιν
1758 2375 1787 2432 ἠ
1847 2376 2068 2428 καθόλου
2113 2374 2220 2429 ἔπι-

617 2459 815 2526 στήμη.
854 2452 913 2506 Ἠ
953 2464 1075 2527 γοῦν
1132 2456 1374 2520 ἐπίτασις
1428 2465 1515 2511 καὶ
1572 2462 1747 2525 ἄνεσις
1800 2467 1859 2515 τὸ
1915 2471 2217 2540 τιμιώτερον

611 2542 775 2613 ἔφερε,
842 2544 1023 2604 πάντες
1089 2540 1147 2596 δὲ
1201 2565 1291 2598 και
1354 2552 1525 2599 πᾶσαι
1580 2549 1963 2621 καλοκαγαθίας
2005 2558 2213 2625 μεσταί.

609 2626 764 2683 Ἔστι
794 2627 855 2684 δε
894 2634 1100 2695 τούτοις
1154 2635 1185 2693 ἡ
1243 2640 1485 2689 κοινωνία
1545 2642 1637 2690 καὶ
1688 2642 1824 2692 κατὰ
1868 2648 2056 2714 κρᾶσιν
2112 2640 2215 2697 οἷον

654 2756 711 2829 7.
740 2772 1073 2831 Alexander
1100 2774 1347 2847 quidem
1368 2791 1508 2833 cum
1533 2780 1841 2837 Aristotele
1864 2783 2238 2838 communio-

582 2856 726 2919 nem
746 2864 1072 2933 constituit,
1095 2869 1152 2920 et
1178 2880 1319 2921 cum
1340 2868 1710 2938 Hermogene
1745 2872 1973 2927 Marcus
2002 2889 2016 2940 ;
2051 2872 2235 2928 ambo

2393 508 2637 579 ὑπῆρχον
2658 516 2837 568 κοινῶς
2888 508 2969 558 ὅτι
3016 503 3073 558 δὲ
3118 512 3206 558 καὶ
3262 516 3353 569 τῆς
3394 515 3641 582 κρείττονος
3678 522 3743 567 καὶ
3782 521 3863 571 ὅσον

2389 603 2485 654 τῆς
2544 600 2831 669 κρείττονος
2916 601 3005 646 καὶ
3071 614 3435 669 φυσικωτερας.
3486 598 3696 673 ’Υπάρχιι
3733 602 3776 656 6i
3807 616 3863 659 καὶ

2390 688 2525 754 Τίτῳ
2569 684 2907 743 Ἀπολλώνιος
2967 684 3128 755 φίλος,
3189 684 3476 756 Ἰάμϐλιχός
3525 695 3601 739 καὶ
3642 696 3861 763 uappa?“

2388 777 2560 845 Νέρων
2613 769 2672 824 δὲ
2746 778 2835 824 καὶ
2887 772 3174 847 αὐλητῆρες
3251 779 3336 825 καὶ
3383 774 3642 846 ανῦλήτριαι.
3700 786 3774 830 Καὶ
3818 784 3866 834 ὁτι

2387 864 2476 932 μὲν
2501 866 2591 913 καὶ
2621 863 2650 919 ἡ
2684 859 2783 912 τῶν
2839 858 3041 937 ἀνδρῶν
3096 861 3371 933 φιλοσοφία
3414 871 3503 925 τῆς
3551 868 3729 936 φύσεως,
3771 874 3864 927 καὶὴ

2388 949 2680 1022 ἐμπνευστὴ
2739 955 2899 1023 τέχνη
2986 957 3083 1013 τῆς
3143 952 3338 1022 φύσεῶς
3382 951 3503 1006 ἐστι.
3558 954 3795 1025 Παραλογον
3832 955 3868 1009 δε

2387 1038 2570 1100 ὀλικῶς
2620 1047 2877 1092 κοινωνεῖν
2956 1043 3043 1091 τὸν
3089 1041 3348 1114 ἄρχονται
3397 1048 3506 1101 ταῖς
3544 1038 3696 1112 ᾠδαῖς·
3742 1044 3867 1095 limi.

2384 1132 2541 1200 μένης
2599 1131 2704 1202 ’γὰρ
2765 1136 2917 1180 τοῦτο
2995 1133 3086 1180 καὶ
3142 1127 3528 1200 ἐκτεθηλυμίνης
3595 1128 3689 1182 ἐστὶ
3729 1130 3866 1202 ψυχῆς.

2387 1216 2564 1288 φίλους
2595 1214 2647 1269 δ’
2678 1219 2818 1287 ἔχειν
2856 1224 2979 1277 τοῦς
3038 1214 3286 1288 βασιλέας
3342 1222 3539 1289 σοφοὺς,
3592 1220 3784 1290 ἄριστον.
3819 1220 3868 1275 Ὠ,

2384 1313 2508 1376 γοῦν
2563 1308 2631 1358 τὰ
2712 1302 2915 1377 ἀνδρῶν
2996 1304 3115 1363 τελη
3190 1310 3319 1379 πρὸς
3390 1309 3454 1358 τὰ
3520 1314 3610 1357 τῶν
3670 1306 3870 1380 milon

2386 1399 2477 1445 καὶ
2524 1393 2851 1466 αύλητὴρων,
2910 1395 3076 1455 οὕτως
3124 1398 3216 1445 καὶ
3276 1391 3422 1446 οὗτοι
3464 1398 3581 1469 πρὸς
3631 1398 3795 1457 ταύτας
3836 1400 3874 1455 ὡς

2390 1478 2449 1534 δε
2483 1479 2626 1535 οὗτοι
2654 1488 2786 1557 πρὸς
2827 1486 3041 1553 ταύτας,
3081 1489 3172 1535 καὶ
3220 1485 3417 1545 Τῖτοςό
3469 1492 3563 1535 τῶν
3612 1492 3749 1555 σοφῶν
3787 1485 3875 1553 si»;

2388 1576 2517 1644 πρὸς
2541 1576 2629 1624 τόν
2653 1576 3081 1644 γυναικωνιτικόν
3137 1576 3365 1644 Νέρωνα.
3418 1571 3497 1632 Ὠς
3547 1574 3641 1645 ἄρα
3682 1572 3874 1643 φιλοσοφία

2391 1678 2520 1734 προς
2569 1665 2635 1713 τὰ
2706 1669 2802 1722 τῆς
2856 1668 3117 1733 μουσικῆς
3191 1660 3560 1733 ἀποπτώματα,
3628 1662 3740 1711 οὕτω
3778 1662 3877 1712 χιιὶὸ

2293 1764 2333 1817 Β
2392 1754 2547 1822 σοφὸς
2582 1757 2736 1810 Τῖτος
2799 1754 2930 1823 πρὸς
2975 1753 3063 1801 τὸν
3123 1751 3346 1822 ἄσεμνον
3391 1757 3608 1823 Νερωνα.
3657 1753 3763 1803 Φασί
3797 1767 3879 1809 τινες

2389 1835 2449 1891 δέ
2500 1858 2627 1892 ποτε
2680 1847 2831 1892 Τῖτον
2904 1837 3150 1903 ἀκοῦσαι,
3236 1834 3395 1892 τούδε
3480 1841 3593 1898 τούς
3665 1838 3880 1909 φιλοσόφους

2389 1929 2641 1980 ἵστασθαι
2692 1932 2809 1999 περὶ
2872 1930 2961 1987 τὰς
3013 1926 3181 1988 πύλας
3223 1926 3384 1979 αὐτοῦ
3437 1930 3587 1987 οὔσας
3634 1926 3879 1996 inlicitas;

2387 2014 2693 2088 βασιλικῶς,
2744 2021 2833 2067 καὶ
2885 2018 3061 2087 φάναι·
3112 2018 3174 2068 Ai
3227 2014 3350 2087 ἐμαὶ
3412 2018 3560 2087 θύραι
3608 2022 3721 2066 πᾶσι
3764 2020 3881 2083 σοφοῖς

2386 2106 2843 2178 ἁνεῳγμεναιείσὶ,
2896 2113 2987 2157 τοῦ
3035 2105 3142 2165 ἑνὸς
3193 2110 3315 2179 περὶ
3366 2114 3462 2157 τῶν
3506 2101 3596 2155 δύο
3644 2102 3777 2153 αὐτῶν
3816 2121 3878 2171 με·

2383 2199 2632 2256 νύσαντος
2679 2200 2767 2247 καὶ
2850 2194 3091 2247 εἰσελθεῖν
3199 2194 3391 2256 αύτούς
3471 2193 3513 2246 εἰ
3572 2192 3754 2266 ἀρεστὸν
3791 2189 3879 2255 αὐτῷ

2383 2282 2749 2355 ἐρωτήσαντος.
2810 2288 2982 2357 Νέρων
3040 2278 3099 2334 δὲ
3166 2287 3475 2355 στεφόμενος
3524 2276 3722 2339 ἀναιδῶς
3757 2277 3877 2329 irriti

2384 2372 2593 2443 θέατρον
2646 2370 2879 2443 ἀσέμνως
2943 2370 3132 2443 ἐλήρει.
3207 2371 3269 2423 Αἰ
3341 2380 3440 2423 τῶν
3517 2369 3624 2421 κατ’
3671 2366 3878 2435 ἐπιστήμη

2379 2464 2640 2512 κοινωνίαι
2696 2464 2785 2512 καὶ
2858 2461 2963 2511 οἷον
3042 2465 3418 2531 φυσικώτεραι·
3527 2459 3603 2532 ἄρ’
3681 2452 3751 2506 οὖν
3801 2454 3877 2503 πολὺ

2378 2554 2683 2621 τιμιώτεραι
2707 2553 2798 2601 καὶ
2823 2552 3083 2623 κρείττους
3142 2557 3241 2599 τῶν
3294 2550 3430 2600 κατὰ
3476 2554 3649 2619 κρᾶσιν
3695 2548 3765 2595 καὶ
3805 2559 3875 2591 εω-

2375 2641 2632 2712 γωτὲρων,
2660 2640 2725 2697 ὡς
2743 2642 2832 2689 καὶ
2856 2640 2913 2689 τὸ
2934 2644 3034 2688 τῶν
3091 2635 3367 2709 ἀρχόντων
3428 2632 3583 2697 ἔδειξε
3609 2634 3743 2693 τέλος.

2350 2778 2687 2845 dissimiles,
2757 2777 3256 2851 quandoquidem
3303 2777 3590 2848 generalis
3626 2772 3821 2829 scientia
3846 2773 3895 2821 est

2348 2867 2609 2939 qualitas
2639 2868 2943 2939 quaedam.
2987 2867 3245 2922 Intensio
3271 2883 3420 2936 ergo
3443 2857 3894 2921 etremissioetl‘ece

582 2949 762 3021 igitur
787 2955 927 3009 sunt
962 2964 1133 3023 reges
1193 2956 1249 3010 et
1294 2954 1478 3011 ambo
1508 2957 1808 3028 sapientes
1843 2976 1855 3025 ;
1906 2959 2088 3017 ambo
2151 2960 2237 3017 illi
2269 2940 2309 2996 (ἶ
2346 2962 2562 3013 runtut
2588 2957 2815 3029 ahquid
2829 2958 3205 3029 praestantius
3226 2956 3896 3012 exsisteret.0mnesautem

581 3054 753 3112 reges
777 3040 1127 3098 eruditionis
1166 3047 1305 3098 sunt
1342 3044 1598 3100 studiosi
1622 3054 1677 3101 et
1699 3047 1883 3103 ambo
1912 3049 2233 3121 sapientes,

584 3142 659 3185 ac
715 3129 799 3184 illi
852 3129 1095 3202 quidem
1163 3146 1304 3187 cum
1342 3133 1563 3203 quibus
1625 3135 1948 3191 amicitiam
2016 3139 2236 3193 consti-

584 3219 781 3281 tuunt,
821 3218 1152 3275 eruditione
1208 3220 1543 3291 abundant,
1611 3223 1693 3280 ita
1729 3230 1930 3281 tamen
1962 3231 2029 3281 ut
2057 3226 2236 3281 unius

587 3305 840 3362 eruditio
905 3305 984 3363 ab
1041 3307 1282 3364 alterius
1327 3309 1659 3367 eruditione
1724 3313 1984 3371 differat.
2051 3318 2237 3370 Nemo

583 3410 725 3452 vero
764 3409 961 3452 errore
998 3395 1284 3469 deceptus
1303 3404 1481 3468 neget
1512 3415 1684 3471 reges
1721 3416 1851 3458 esse
1888 3403 2237 3459 eruditionis

586 3483 907 3541 studiosos.
936 3485 1219 3550 Quamvis
1231 3486 1391 3552 enim
1412 3486 1745 3545 Alexander
1758 3507 2054 3562 supremae
2080 3492 2236 3547 illius

584 3573 1004 3646 philosophia,
1038 3576 1267 3629 Marcus
1296 3580 1495 3631 autem
1509 3578 1856 3635 eruditionis
1882 3581 2072 3637 multo
2093 3581 2235 3637 infe-

583 3656 757 3718 rioris
779 3663 853 3717 sit
877 3661 1199 3730 studiosus,
1231 3663 1414 3720 ambo
1438 3669 1636 3721 tamen
1662 3667 1979 3725 meliorum
2020 3670 2236 3727 littera-

582 3766 720 3807 rum
746 3755 802 3807 et
826 3751 1176 3824 eloquentiae
1208 3758 1349 3808 sunt
1373 3768 1667 3827 perquam
1688 3757 1959 3814 studiosi.
1992 3760 2235 3815 Addidi-

579 3854 721 3896 mus
747 3840 962 3897 ambos
998 3839 1352 3913 eloquentiae
1418 3858 1659 3916 quoque
1691 3843 1868 3902 fuisse
1909 3847 2229 3904 studiosos.

579 3932 823 4002 Magnos
851 3931 1011 3987 enim
1031 3946 1092 3987 in
1108 3946 1181 3988 ea
1207 3946 1559 4005 progressus
1582 3934 1862 3991 fecerant.
1894 3942 2084 4009 Atque
2102 3938 2231 3994 haec

580 4026 669 4077 est
703 4022 990 4079 naturalis
1047 4023 1414 4093 communio,
1474 4025 1646 4095 cujus
1676 4025 2010 4084 diﬂerentia
2047 4027 2232 4085 habet

578 4112 990 4184 praestantiam
1018 4116 1075 4166 et
1102 4110 1514 4168 excellentiam
1535 4129 1609 4169 ex
1636 4114 1967 4172 intensione
1990 4122 2043 4172 et
2063 4118 2232 4173 dissi-

577 4198 929 4255 militudinis
980 4201 1208 4256 ratione
1258 4217 1271 4268 ;
1301 4216 1444 4256 nam
1469 4217 1625 4257 unus
1652 4202 2046 4277 philosophus
2069 4212 2157 4261 est
2176 4211 2234 4262 et

2346 3044 2447 3114 illi,
2496 3050 2552 3101 et
2609 3061 2821 3101 omnes
2885 3044 2997 3099 illae
3057 3044 3321 3101 scientia
3354 3044 3563 3099 virtute
3622 3051 3672 3096 et
3695 3036 3896 3111 probitate

2348 3133 2680 3189 abundant.
2716 3136 2894 3188 Porro
2915 3133 3245 3188 intercessit
3265 3132 3387 3187 illis
3410 3131 3729 3188 communio
3747 3144 3794 3179 (λῑ
3812 3132 3899 3178 tem-

2345 3222 2671 3293 peratione,
2705 3220 3228 3293 quemadmodum
3257 3222 3448 3277 etiam
3487 3237 3556 3276 ex
3592 3223 3789 3274 natura.
3813 3212 3894 3282 quid

2344 3326 2555 3365 omnes
2605 3310 2817 3365 eruditi
2847 3309 3083 3364 fuerunt
3111 3326 3123 3375 ;
3182 3309 3294 3363 sed
3324 3316 3616 3381 quatenus
3648 3300 3895 3375 temperatio

2341 3399 2581 3454 illorum
2621 3399 2700 3455 ad
2734 3399 3209 3470 prmstantiorem
3239 3400 3634 3455 eruditionem
3670 3392 3894 3450 ferebatur.

2343 3502 2414 3544 eo
2441 3488 2633 3558 magis
2676 3487 2962 3543 naturalis
3012 3485 3140 3542 fuit.
3166 3487 3568 3543 Consimiliter
3586 3485 3726 3541 Titus
3738 3476 3895 3552 Apollo-

2344 3579 2532 3641 nium,
2586 3576 2988 3632 Jamblichum
3048 3582 3104 3631 et
3125 3578 3535 3648 Porphyrium
3571 3572 3780 3639 amavit,
3806 3570 3895 3623 Nero

2343 3681 2485 3721 vero
2514 3665 2783 3721 tibicines
2823 3668 2881 3719 et
2908 3663 3201 3719 tibicinas.
3251 3666 3322 3720 Et
3359 3665 3503 3736 quia
3531 3663 3763 3718 virorum
3778 3652 3897 3744 phile

2342 3755 2555 3826 sophia
2611 3754 2687 3809 ad
2747 3760 3025 3808 naturam
3078 3752 3354 3820 refertur,
3389 3755 3567 3809 etiam
3608 3766 3695 3807 ars
3730 3739 3894 3802 inﬂandi

2343 3843 2518 3898 tibias
2538 3843 2618 3898 ad
2639 3848 2917 3897 naturam
2935 3841 3322 3908 refertur,sed
3344 3842 3461 3898 hoc
3478 3848 3677 3913 prater
3694 3835 3895 3893 rationem

2341 3937 2406 3987 ut
2431 3932 2759 4003 imperator
2782 3947 2845 3986 se
2868 3936 3058 3985 totum
3089 3930 3407 3986 cantilenis
3430 3930 3639 3993 tradat,
3680 3928 3774 3982 hoc
3801 3921 3897 3977 enim

2340 4020 2607 4075 dissoluti
2630 4025 2686 4075 et
2706 4018 3028 4074 eﬂ'eminati
3062 4024 3149 4073 est
3198 4020 3391 4074 animi
3427 4008 3897 4097 ;sedregessaPle9'
3962 4020 3963 4097 γ

2340 4112 2465 4163 tum
2522 4108 2785 4163 virorum
2841 4111 3113 4162 amantes
3170 4122 3324 4175 esse,
3383 4123 3479 4163 res
3540 4107 3746 4179 Optima
3782 4106 3900 4153 ωω·
3962 4112 3963 4165 ἶ

2339 4212 2556 4269 meque
2579 4196 2917 4251 laudabilis.
2948 4197 3014 4251 Ut
3036 4195 3213 4265 igitur
3240 4211 3305 4251 se
3320 4195 3791 4252 habentvirorum
3808 4185 3898 4237 ﬁnes
3962 4208 3963 4217 ι

574 4287 777 4345 rhetor
801 4293 858 4343 et
881 4287 1230 4344 omniscius.
1266 4288 1414 4345 alter
1450 4305 1592 4346 vero
1615 4271 1703 4346 est
1728 4271 1929 4348 rhetor
1949 4298 2007 4348 et
2028 4294 2228 4351 multte
2263 4293 2306 4346 D
2338 4285 2417 4342 ad
2443 4285 2595 4341 ﬁnes
2626 4285 2937 4340 tibicinum
2970 4290 3025 4339 et
3046 4284 3463 4351 ῐίῦἱοὶῐιδοτυων
3497 4285 3579 4341 ita
3613 4271 3897 4354 quoqueduo
3962 4272 3963 4315 Ῑ

572 4374 845 4432 lectionis
871 4375 982 4432 vir.
1017 4379 1113 4432 Est
1137 4377 1393 4447 igiturin
1426 4393 1547 4434 uno
1571 4379 1844 4451 intensio,
1878 4384 2020 4453 quia
2040 4382 2228 4454 philo-

576 4464 805 4538 sophiae
830 4464 1049 4520 multas
1078 4471 1298 4536 partes,
1340 4471 1519 4539 atque
1544 4467 1695 4523 adeo
1726 4483 1938 4523 omnes
1970 4470 2152 4526 habet
2172 4476 2229 4527 et

575 4553 755 4627 quasi
782 4558 967 4611 totam
1004 4552 1167 4609 illam
1198 4554 1547 4626 qualitatem
1580 4556 1794 4613 induit.
1840 4557 2135 4614 Praeterea
2155 4575 2227 4615 ex

570 4644 802 4700 ratione
818 4642 1316 4700 dissimilitudinis
1334 4643 1663 4701 discrimen
1681 4646 2039 4715 assignatur,
2059 4648 2225 4721 quod

572 4733 911 4789 Aristoteles
927 4748 1139 4788 omnes
1159 4731 1556 4803 philosophiae
1578 4738 1776 4804 partes
1788 4749 2008 4806 easque
2029 4738 2223 4792 varias

572 4826 630 4878 et
654 4821 976 4880 dissimiles
998 4819 1178 4876 simul
1200 4819 1475 4876 collectas
1492 4822 1959 4895 comprehensas
1979 4824 2221 4883 habeat.

569 4910 1005 4967 AcAlexander
1023 4907 1271 4983 quidem
1294 4908 1555 4965 inﬁnitos
1578 4910 2024 4982 pcnnefamulos
2042 4914 2223 4971 habet

572 5002 734 5054 etest
757 5014 882 5066 rex,
921 4998 1105 5055 habet
1131 5012 1376 5071 quoque
1406 4997 1817 5071 philosophos.
1850 5003 2077 5057 Marcus
2120 5018 2221 5058 au-

567 5078 692 5141 tem
730 5093 817 5143 est
846 5087 1110 5143 similiter
1144 5088 1471 5159 imperator
1497 5093 1552 5143 et
1587 5089 1852 5146 rhetores
1876 5090 2075 5145 habet.
2120 5090 2220 5147 Ille

567 5174 818 5248 quidem
846 5174 1218 5231 Aristotelem
1250 5180 1431 5248 amat,
1483 5176 1577 5233 hic
1598 5193 1741 5234 vero
1758 5180 2217 5248 Hermogenem.

570 5265 719 5321 Sunt
765 5263 947 5335 igitur
990 5278 1200 5320 omnes
1237 5264 1300 5320 hi
1327 5265 1481 5321 inter
1518 5282 1582 5321 se
1628 5266 1823 5339 probi.
1857 5266 2018 5322 Valet
2039 5268 2217 5324 etiam

564 5354 899 5427 propositio
915 5353 975 5408 in
1000 5352 1096 5408 his
1117 5351 1463 5440 plurimum.
1491 5355 1559 5410 Ut
1578 5356 1734 5410 enim
1750 5356 2133 5427 philosophia
2154 5372 2217 5414 se

560 5442 748 5499 habet
777 5441 856 5498 ad
885 5447 1073 5497 artem
1116 5441 1376 5508 dicendi,
1432 5443 1514 5497 ita
1559 5456 1624 5497 se
1671 5443 1852 5500 habet
1878 5444 2215 5502 Aristoteles

560 5530 644 5588 ad
681 5532 1120 5601 Hermogenem
1156 5533 1214 5585 et
1275 5527 1612 5585 Alexander
1659 5530 1740 5587 ad
1777 5533 2058 5593 Marcum.
2117 5535 2221 5591 Est

557 5619 739 5694 igitur
776 5619 1114 5678 differentia
1148 5631 1275 5676 non
1293 5617 1465 5691 quod
1481 5616 1614 5676 aliae
1632 5618 1750 5676 sint
1774 5621 2060 5695 rationes,
2101 5623 2219 5682 seds

2337 4377 2446 4432 viri
2475 4392 2537 4432 se
2553 4375 2777 4430 habent
2799 4374 2875 4429 ad
2915 4373 3186 4429 tibicines
3216 4379 3273 4429 et
3316 4375 3597 4430 tibicinas
3631 4391 3642 4439 ;
3678 4374 3728 4424 et
3771 4370 3895 4419 util“

2337 4482 2399 4521 se
2424 4465 2648 4520 habent
2672 4463 2749 4518 ad
2770 4462 2920 4517 ﬁnes
2946 4478 3107 4529 suos,
3152 4463 3234 4518 ita
3275 4463 3467 4519 etiam
3505 4479 3568 4518 se
3588 4459 3783 4517 habent
3799 4450 3895 4507 Titus
3962 4462 3963 4473 ‘

2336 4555 2674 4626 sapientum
2699 4551 3001 4607 studiosus
3019 4550 3095 4605 ad
3122 4550 3495 4607 dissolutum
3512 4556 3569 4607 et
3584 4546 3890 4607 effeminatum

2334 4650 2624 4702 Neronem
2662 4662 2674 4711 ;
2708 4647 2763 4698 et
2792 4646 2852 4697 ut
2878 4641 3263 4713 philosophia
3301 4657 3368 4698 se
3399 4642 3584 4698 habet
3612 4638 3684 4697 ad
3722 4630 3891 4692 [ιιυεὶρῶ

2334 4733 2710 4807 quisquilias.
2763 4731 2845 4786 ita
2890 4730 3068 4785 etiam
3115 4730 3360 4802 sapiens
3406 4732 3565 4787 Titus
3592 4745 3651 4785 se
3684 4725 3823 4782 habet
3849 4714 3889 4807 ad

2331 4804 2683 4876 illaudatum
2708 4823 3005 4875 Nerorem.
3028 4822 3205 4875 Porro
3228 4835 3373 4874 cum
3405 4817 3783 4875 renuntiatum
3801 4804 3891 4899 esset

2333 4910 2463 4964 Tito
2478 4908 2871 4981 philosophos
2887 4906 3017 4962 illos
3040 4923 3149 4980 pro
3171 4907 3406 4963 foribus
3430 4913 3585 4964 stare
3615 4906 3777 4975 (erant
3794 4903 3890 4951 enim

2330 4998 2485 5053 fores
2520 4997 2681 5067 regio
2704 5011 2869 5051 more
2890 4996 3145 5051 occlusae
3175 5003 3230 5051 et
3262 4996 3588 5066 obseram)
3607 4993 3701 5049 uni
3716 4984 3887 5073 philos?

2326 5087 2587 5159 phorum
2634 5085 2871 5141 illorum
2900 5084 3205 5155 indicanti,
3242 5085 3381 5140 utsi
3413 5085 3671 5157 placeret
3699 5072 3894 5135 intromll‘

2328 5179 2606 5239 terentur,
2638 5174 2829 5230 Titum
2886 5173 3271 5244 respondisse
3326 5173 3648 5244 perhibent
3681 5163 3886 5241 quidam:

2326 5263 2479 5329 volo,
2511 5263 2695 5335 inqui,
2720 5277 2888 5318 meas
2929 5261 3086 5317 fores
3134 5261 3426 5317 omnibus
3453 5254 3795 5334 philosophis

2324 5359 2549 5424 aperta.
2589 5356 2659 5406 At
2699 5353 2848 5406 Nero
2896 5349 3275 5422 impudenter
3324 5365 3558 5406 corona
3580 5342 3881 5403 redimitumﬂ

2322 5445 2645 5513 conspectu
2661 5440 2869 5496 theatri
2883 5439 3128 5511 turpiter
3142 5439 3393 5495 saltavit.
3415 5446 3624 5495 Annon
3639 5435 3785 5505 igitur
3796 5436 3883 5480 corr

2318 5531 2639 5587 muniones
2655 5546 2791 5601 quas
2821 5544 2894 5585 ex
2907 5529 3152 5585 scientia
3172 5529 3479 5585 exsistunt
3500 5526 3687 5596 magis
3699 5521 3811 5576 sunt
3826 5523 3881 5565 ω’

2320 5619 2538 5677 turales
2547 5618 2862 5691 multoque
2885 5616 3397 5689 majoreinpretio
3407 5613 3686 5675 habendo
3698 5610 3725 5668 ἵ
3740 5606 3883 5663 Amm“
