4066 6212
79 341 212 427 i357

952 363 1308 422 resonos]
1346 364 1395 418 ιι
1431 363 1566 418 ιω).
1608 358 1699 414 DE
1737 345 2194 418 COMMUNIONE
2232 361 2602 418 NATURALI.

3354 364 3494 419 1358

173 489 237 549 η’.
265 495 336 543 Τὸ
373 492 461 562 μὲν
502 485 589 540 οὖν
621 490 772 560 φύσει
826 481 902 540 Etsi
963 496 1054 540 τοῦ
1123 489 1260 540 θέσει
1324 492 1414 538 καὶ
1469 493 1699 559 κρεῖττον
1754 487 1806 541 Α
1864 477 2147 557 καταλήγει
2173 491 2231 538 τό
2277 489 2464 538 τούτου
2490 481 2779 559 σπούδσμα
2813 492 2979 560 ’τιμᾷ
3037 483 3096 538 δὲ
3135 485 3160 538 ὃ
3207 490 3296 560 μὲν
3343 493 3462 550 τοὺς

100 584 189 632 καὶ
245 597 573 653 τιμιώτερον,
647 576 692 629 εἰ
742 579 812 649 μή
862 596 943 637 τις
1002 575 1410 648 παραλογίζεται
1456 575 1521 626 τά
1573 573 1700 647 πρά-

101 687 300 740 γματα,
333 671 424 719 καὶ
468 670 642 738 γένους
695 666 724 724 ἦ
794 661 1045 736 πατρίδος
1105 664 1135 722 ἣ
1203 669 1434 724 τεκόντος
1478 663 1704 733 εὐγενείᾳ

104 753 436 829 ἀπατώμενος
484 755 810 828 παραλόγους
863 760 1002 805 ποιεῖ
1069 755 1158 813 τάς
1201 757 1467 812 κοινωνίας
1519 752 1701 806 αὑτοῦ.

103 853 249 900 Πᾱσι
318 845 418 917 γάρ
483 851 589 904 τοῖς
647 850 825 915 σοφοῖς
877 848 1110 904 καὶτοῖς
1155 849 1320 914 σοφῶς
1383 843 1704 914 πράττουσιν

103 935 288 1006 ἀρεταὶ
352 938 442 985 καὶ
508 930 618 1004 βίος
701 929 1040 1000 ἐλιτάξονται,
1099 932 1128 988 ἡ
1190 929 1388 991 ἀληθὴς
1449 933 1535 981 καὶ
1593 930 1706 980 θεία

101 1023 351 1093 εὗγένεια.
375 1023 451 1074 Τά
474 1017 524 1073 δ’
545 1019 674 1072 ἄλλα
702 1021 836 1072 θέσει
885 1024 974 1072 καὶ
1022 1018 1196 1094 πόρρω
1234 1027 1324 1071 τοὺ
1384 1021 1534 1091 φύσει
1583 1022 1707 1069 ὄντα

102 1115 584 1185 παραθεωροῦνται.
605 1107 932 1162 Διδάσκουσι
951 1111 1052 1182 γάρ
1079 1113 1169 1160 καὶ
1190 1111 1239 1160 οἱ
1259 1113 1374 1169 τοὺς
1397 1107 1599 1179 ἀγῶχας
1616 1111 1705 1158 καὶ

102 1205 168 1254 τά
196 1199 426 1277 βραδεῖα
454 1203 721 1260 ποιοῦντες
749 1203 838 1250 καὶ
865 1193 1100 1258 διδόντες
1129 1203 1224 1255 τὴν
1252 1201 1422 1266 νιχὴν,
1450 1202 1539 1248 καὶ
1562 1198 1611 1248 οἱ
1640 1197 1707 1248 τὰ

106 1282 390 1364 συμπόσια
409 1287 666 1349 τελοῦντες
686 1307 778 1344 την
808 1305 974 1343 νικην.
1016 1284 1137 1338 Ὀτι
1163 1288 1253 1358 μὲν
1284 1281 1370 1336 οὖν
1397 1285 1490 1337 οὐκ
1508 1286 1615 1337 ἶσοι
1634 1291 1706 1354 τῷ

102 1369 245 1450 γένει
274 1381 319 1430 εἳ
339 1397 393 1430 τε
417 1377 466 1429 οἱ
487 1375 759 1436 ἀθλοῦντες
784 1377 936 1444 εἰσιν,
961 1377 1056 1426 εἴτε
1072 1373 1121 1425 οἰ
1141 1369 1668 1448 πίνοντες,πρόδηλον
1689 1392 1703 1406 ο

105 1467 222 1520 ἶσοι
253 1463 312 1520 δε
342 1473 402 1539 τῇ
431 1473 582 1538 τιμῇ,
605 1465 739 1516 ὥστε
764 1459 936 1522 οὐδεὶς
957 1461 1017 1514 ἂν
1036 1461 1272 1532 λὴψηται
1291 1463 1349 1513 τὸ
1370 1466 1546 1534 γέρας,
1571 1461 1613 1513 εἰ
1633 1463 1704 1533 μὴ

104 1559 130 1608 6
161 1561 396 1614 νικήσων
427 1559 512 1606 καὶ
550 1559 699 1626 μόνος
737 1553 871 1604 κατά
899 1571 952 1603 τε
998 1551 1064 1602 τά
1113 1544 1245 1603 ἆθλα
1281 1555 1371 1602 καὶ
1409 1553 1496 1601 τόν
1530 1554 1705 1605 πότον,

109 1647 368 1706 Κοινωνός
399 1640 457 1697 δὲ
484 1651 584 1696 τῶν
609 1641 896 1694 ἀθλούντων
923 1641 948 1692 ὀ
975 1647 1272 1714 κορυφαῖος,
1303 1644 1394 1691 καὶ
1420 1647 1518 1692 τῶν
1544 1643 1712 1690 πινόν-

104 1755 209 1787 των
245 1735 270 1786 6
300 1734 468 1785 αὐτῶν
511 1733 710 1806 ἔφορος,
748 1731 812 1790 ὡς
845 1731 1025 1805 ἔφορος
1051 1733 1142 1781 καὶ
1173 1729 1276 1800 γάρ
1325 1731 1519 1780 τούτων
1549 1725 1708 1781 ἐστίν.

101 1823 232 1899 Ἆρ’
259 1819 344 1876 οὖν
365 1823 586 1874 ἂνταυθα
637 1824 726 1871 καὶ
779 1819 968 1893 κρᾶσις
1008 1837 1064 1871 τε
1099 1837 1190 1869 και
1231 1814 1470 1887 παιδεία,
1521 1821 1613 1870 καὶ
1653 1814 1713 1868 οὗ
1766 1833 1808 1888 Β

99 1917 193 1986 μὲν
225 1909 608 1988 φυσικωτέραή
641 1912 782 1974 νίκη,
814 1905 874 1959 οὗ
928 1903 988 1959 δὲ
1045 1908 1181 1960 θέσει
1227 1911 1317 1959 καὶ
1354 1907 1527 1979 μόνον.
1587 1911 1716 1966 Ταῖς

101 2002 421 2076 ἀμφοτέραις
460 1995 520 2052 δὲ
545 2002 738 2072 κρᾶσίς
796 1995 929 2062 ἔστι,
983 2001 1074 2048 καὶ
1111 2003 1175 2068 τῇ
1235 1999 1324 2069 μὲν
1372 1997 1501 2068 μέθη
1558 1993 1710 2068 τριϐὴ

105 2091 440 2164 ὄιλογωτάτη,
553 2083 612 2140 δε
642 2084 861 2144 ἀθλήσει
897 2081 1119 2137 παιδεία
1161 2104 1242 2146 τις
1267 2105 1280 2117 ·
1311 2087 1468 2156 φύσιν
1509 2087 1608 2156 γάρ
1655 2086 1715 2134 τὸ

110 2180 270 2234 αθλον
327 2185 586 2232 συνιστῶν
629 2175 1068 2248 φιλοτιμούρενος,
1125 2180 1278 2226 τοῦτο
1329 2177 1642 2231 συνίστησιν
1699 2188 1712 2201 ·

111 2269 224 2323 ἐκεῖ
246 2265 347 2344 γάρ
381 2269 564 2340 μάχης
601 2268 746 2340 ἔργα,
782 2259 992 2329 δίσκος,
1034 2259 1266 2332 δίαυλος,
1329 2265 1536 2334 πυγμὴ,
1577 2259 1714 2318 πάλη

112 2363 213 2412 καὶ
249 2357 408 2424 ἅλμα,
447 2361 688 2430 γρήσιμα
734 2354 924 2418 πάντα,
971 2355 1206 2424 πολιτείᾳ
1249 2355 1341 2403 καὶ
1399 2356 1583 2422 κόσμῳ
1629 2356 1720 2403 καὶ

121 2447 233 2520 βίῳ
309 2444 555 2518 ὠφέλιμα,
610 2441 706 2494 κᾶν
762 2443 841 2498 εἴη
895 2438 951 2492 ἐκ
1006 2448 1106 2492 τῶν
1153 2441 1400 2492 τοιούτων
1451 2459 1527 2500 τις
1577 2439 1720 2510 αὐτῷ

117 2533 397 2594 ἡδονή,⁶0
428 2529 487 2586 δε
530 2527 974 2604 Σαρδαναπάλειος
1021 2533 1112 2582 καὶ
1162 2532 1501 2590 Διονυσιακὸς
1548 2528 1724 2602 ἐφορος

124 2631 284 2696 μόνον
332 2627 425 2680 τὴν
481 2621 662 2693 ἄλογον
716 2615 912 2678 ἡδονὴν
970 2617 1193 2691 βλέπων,
1258 2617 1329 2679 εἰς
1380 2614 1532 2670 οὐδὲν
1582 2617 1724 2680 τέλος

1864 573 2296 641 ἀθλοῦντας,όὸ“ε
2334 579 2449 636 τοὺς
2497 581 2750 636 πίνοντας.
2804 579 2862 628 τό
2915 579 3004 648 μὲν
3042 585 3244 649 πρῶτον
3303 598 3462 650 φυσι-

1863 667 2105 734 κώτερον,
2174 668 2232 714 τό
2290 659 2341 715 δ’
2385 663 2608 714 ὕστατον
2656 661 2947 736 ἁτιμόττον.
2999 664 3109 716 Οὔκ
3173 667 3312 716 ἔστιν
3364 668 3466 739 οῖρα

1864 759 1956 802 τοῦ
2003 753 2140 804 θέσει
2184 755 2241 803 τό
2307 753 2460 824 φύσει
2516 761 2794 826 κρεῖττον;
2840 757 2939 804 Καὶ
2991 757 3115 824 μὴν,
3173 760 3270 813 πᾶς
3323 757 3464 827 εἴπῃ,

1868 843 1978 912 ἔχει
2020 843 2118 913 γάρ
2168 839 2358 898 πολλὴν
2426 844 2520 897 τὴν
2597 839 2860 898 ἀλήθειαν.
2919 841 3039 894 Εἰσὶ
3094 838 3152 893 δὲ
3205 847 3294 893 καὶ
3339 842 3468 894 ἄλλα

1864 931 1998 988 τινά,
2031 939 2138 990 πώς
2173 932 2262 1001 μὲν
2292 927 2573 1001 ἐξεχόμενα
2603 932 2820 998 τούτων,
2858 938 2969 990 πῶς
3013 927 3071 983 δὲ
3133 927 3463 1006 διαφέροντα,

1867 1021 2156 1090 στρατῦγία
2199 1038 2212 1050 ο
2245 1021 2376 1090 μετά
2420 1013 2479 1070 δὲ
2546 1019 2771 1092 ἰατρικὴ,
2821 1020 3178 1094 φιλάνθρωπος
3229 1023 3328 1094 γάρ
3379 1027 3467 1072 καὶ

1865 1107 2010 1172 αὖνὴν
2063 1111 2216 1165 Κοινὴ
2275 1103 2334 1158 δὲ
2379 1114 2661 1180 γεωργική-
2727 1111 2826 1160 καὶ
2869 1114 2962 1166 τὴν
3015 1112 3104 1181 μὲν
3151 1113 3463 1184 γεωργικὴν³

1865 1196 1908 1248 εἰ
1931 1198 2066 1248 κατά
2094 1199 2216 1257 τοὺς
2237 1194 2443 1258 ἀληθεῖς
2470 1215 2551 1258 τις
2591 1192 2683 1269 ἴδη
2734 1195 2940 1268 λόγους,
3009 1203 3206 1270 μεστὴν
3261 1200 3473 1274 εὑρήσει

1864 1281 2235 1345 παιδείας.Μή
2267 1288 2452 1336 σκόπει
2517 1280 2578 1336 δε
2629 1287 2710 1336 ὅτι
2755 1285 2851 1336 οὐκ
2899 1282 3010 1339 οἶδε
3053 1291 3172 1348 τοὺς
3223 1287 3408 1360 λόγους
3443 1291 3468 1339 ό

1865 1379 2112 1448 γεωργός,
2145 1372 2271 1425 ἀλλά
2293 1377 2476 1425 σκόπει
2507 1377 2586 1424 ὅτι
2617 1375 2753 1425 κατά
2777 1373 2926 1446 λόγον
2975 1375 3004 1433 ἡ
3059 1380 3219 1448 τέχνη
3249 1382 3468 1448 γίνεται,

1866 1463 2066 1536 Ὠσπερ
2133 1463 2234 1536 γάρ
2288 1481 2377 1514 και
2428 1461 2771 1536 κυϐερνητικὴ
2845 1462 2902 1514 ἐς
2951 1471 3043 1524 τῆς
3100 1471 3312 1538 πρώτης
3359 1469 3472 1538 ἔχει

1869 1555 1933 1605 τά
2013 1559 2226 1625 σημεῖα,
2306 1551 2400 1604 οὐκ
2475 1548 2588 1604 οἶδε
2645 1547 2705 1604 δὲ
2757 1553 2892 1613 ὃπως
2941 1558 3166 1625 γίνοιντο
3202 1563 3404 1608 ταῦῦτα
3445 1558 3471 1608 6

1869 1637 2214 1715 κυδερνήτης,
2274 1641 2435 1701 οὕτως
2484 1647 2573 1693 καὶ
2625 1643 2651 1693 6
2705 1645 2948 1715 γεωργός,
3016 1642 3071 1694 ἐκ
3123 1651 3220 1706 τῆς
3261 1650 3474 1720 πρώτης

1871 1735 2008 1804 ἔχων
2063 1733 2156 1793 τὰς
2219 1732 2288 1792 ὡς
2345 1729 2482 1791 εἰκὸς
2528 1729 2745 1805 προέξεις
2796 1727 3198 1804 δεδιδαγμένος,
3262 1737 3475 1809 πράττει

1872 1824 1943 1893 μὴ
2016 1820 2269 1882 ἐξετάζων
2328 1840 2342 1853 ·
2400 1817 2894 1893 ὴοδεικτικοῐςγὰρ
2966 1821 3141 1894 λόγοις
3205 1830 3295 1876 καὶ
3353 1821 3475 1876 ἀνα-

1871 1918 2074 1980 γκαίοις
2103 1910 2133 1967 ἡ
2167 1915 2345 1981 πρώτη
2391 1909 2578 1972 συνῆξε
2602 1912 2796 1968 ταύτην
2851 1915 2945 1969 τὴν
2987 1915 3200 1983 τέχνην.
3260 1909 3472 1972 Ἐπειδὴ

1873 2001 1931 2050 τὸ
1982 1997 2180 2058 πλῆθος
2259 1998 2422 2056 αὐτὴν
2478 1996 2792 2070 ἐργάζεσθαι
2838 1999 3036 2072 ἔμελλεν
3091 2001 3478 2074 ὁμολογούμενα

1877 2085 1935 2141 δὲ
1954 2107 2072 2140 τινα
2102 2083 2347 2160 δόγματα
2373 2083 2694 2160 παραδοῦσα
2738 2095 2842 2149 τοῖς
2883 2094 3130 2164 πρώτοις,
3189 2094 3313 2164 πρὸς
3362 2097 3478 2152 τοὺς

1877 2175 2055 2249 ἐφεξῆς
2099 2184 2268 2228 ταῦτα
2339 2171 2715 2248 μεταδίδονται
2780 2177 2916 2252 ἄχρι
2969 2185 3059 2230 νῦν
3110 2177 3480 2242 ἀϐασανίστως

1875 2270 1966 2318 καὶ
1996 2263 2364 2327 ἁνοξετάστως.
2403 2269 2675 2337 Μαρτυρεῖ
2705 2260 2765 2317 δὲ
2793 2269 2883 2317 καὶ
2939 2265 2965 2317 6
3018 2272 3238 2327 ποιητὴς
3303 2267 3479 2320 Ἠσίο-

1880 2351 1992 2421 δος,
2024 2355 2104 2406 ὅτι
2135 2371 2224 2426 περ
2282 2360 2377 2414 τῆς
2421 2357 2634 2424 πρώτης
2685 2354 2715 2410 ἡ
2775 2355 3029 2426 θεωργικὴ
3083 2352 3225 2406 ἐστιν
3273 2357 3337 2416 ὡς
3388 2361 3478 2408 καὶ

1880 2447 2049 2494 πᾶσαι
2100 2461 2114 2474 ·
2155 2439 2382 2504 ἐξετάζει
2440 2441 2542 2514 γὰρ
2599 2445 2689 2492 καὶ
2740 2445 2957 2515 καιροὺς
3007 2446 3096 2494 καὶ
3144 2447 3336 2505 τόπους
3391 2450 3481 2498 καὶ

1879 2529 2060 2601 λόγους
2089 2534 2179 2582 καὶ
2230 2531 2533 2603 πράγματα,
2584 2534 2674 2581 καὶ
2716 2527 2961 2592 ἐξετάσας
3019 2530 3123 2582 οἷον
3180 2527 3482 2606 παράδοσίν

1883 2638 2000 2671 τινα
2071 2625 2298 2671 ποιεῖται
2369 2617 2749 2690 εὐγενεστέραν.
2830 2622 2931 2671 Καὶ
3005 2627 3159 2673 τοῦτο
3231 2615 3326 2672 διὰ
3387 2623 3484 2678 τὴν

86 2835 239 2889 sunt
266 2826 705 2904 praestantiores
726 2823 1374 2881 communicationibus
1394 2821 1507 2878 illis
1523 2839 1656 2896 quae
1673 2839 1747 2879 ex

86 2917 542 2993 temperatione,
572 2930 693 2970 non
722 2930 794 2970 ex
818 2912 1047 2969 ratione
1085 2913 1398 2976 exsistunt,
1446 2917 1511 2968 ut
1565 2914 1744 2970 etiam
1857 2911 2100 2968 utilibus
2119 2927 2190 2966 ex
2211 2911 2432 2983 quibus
2450 2910 2727 2980 voluptas
2747 2909 2997 2966 honesta
3013 2912 3297 2983 quaedam
3327 2913 3512 2968 exsis-

81 3011 354 3066 duorum
381 3005 619 3061 illorum
650 3003 1079 3074 imperatorum
1100 3001 1252 3057 ﬁnes
1270 3003 1594 3058 ostendunt
1613 3002 1642 3057 ?
1857 3001 1939 3056 tit.
1974 3006 2043 3056 At
2079 3015 2297 3070 praeses
2322 2997 2416 3052 ille
2459 2997 2930 3068 Sardanapalius
2958 3004 3016 3052 et
3045 2999 3362 3054 Bacchicus
3405 3015 3512 3055 vo-

163 3103 218 3154 8.
243 3093 415 3162 Quod
434 3093 616 3164 igitur
629 3096 846 3146 natura
861 3095 1092 3146 constat
1113 3106 1340 3162 semper
1355 3095 1444 3144 est
1471 3095 1748 3159 praestan-
1782 3129 1822 3184 Ο
1855 3089 2133 3161 luptatem
2149 3085 2394 3142 rationis
2406 3091 2698 3158 expertem
2713 3084 3128 3141 duntaxatsibi
3141 3101 3506 3158 proponens,

83 3188 208 3243 tius
220 3184 528 3253 etdignius
542 3197 613 3236 eo
625 3183 788 3252 quod
802 3179 1093 3254 positione
1105 3179 1475 3238 constat.nisi
1499 3177 1642 3233 forte
1655 3179 1749 3233 ali-
1786 3172 1822 3184 ’⁸
1856 3179 1932 3233 ad
1965 3175 2199 3231 nullum
2216 3175 2398 3229 ﬁnem
2418 3175 2739 3229 honestum
2763 3172 3198 3229 etlaudabilem
3218 3178 3510 3248 pervenit.

82 3273 448 3348 quisfucum
463 3267 1561 3340 rebusfacerevelitetgeneris,patri&:
1576 3273 1749 3340 etpa-
1857 3275 1938 3320 Ac
1958 3264 2054 3319 ille
2085 3263 2329 3334 quidem
2361 3267 2650 3318 certantes
2687 3262 2917 3317 honore
2973 3262 3173 3331 afﬁcit,
3233 3263 3331 3319 hic
3370 3281 3512 3321 vero

81 3357 1753 3428 rentumnobilitatedeceptas,praaterrationemcommu-
1859 3361 2156 3427 potantes.
2182 3356 2248 3408 Et
2278 3351 2423 3408 illud
2450 3351 2696 3424 quidem
2746 3352 2940 3420 magis
2984 3353 3064 3408 ad
3105 3359 3388 3410 naturam
3411 3371 3512 3410 ac-

82 3453 298 3508 nicare
320 3448 546 3514 soleat;
579 3462 722 3502 nam
737 3444 974 3501 virtutes
995 3451 1052 3500 et
1075 3445 1196 3499 vita
1208 3445 1457 3500 honesta
1471 3444 1753 3499 omnibus
1859 3443 2010 3510 cedi,
2042 3441 2204 3497 istud
2217 3457 2356 3497 vero
2381 3447 2750 3514 postremum
2777 3446 2865 3496 est
2882 3441 3313 3512 turpissimum.
3348 3445 3512 3499 Nun-

87 3533 1202 3614 sapientibusetsapienteragentibus
1223 3533 1522 3588 habentur
1546 3537 1754 3588 etsunt
1858 3533 2003 3605 quid
2051 3531 2230 3601 igitur
2306 3529 2472 3603 quod
2531 3535 2747 3586 natura
2802 3537 3032 3586 constat
3097 3537 3184 3588 est
3232 3539 3517 3604 praestan-

85 3646 240 3686 vera.
270 3644 340 3683 ac
361 3627 565 3682 divina
587 3622 886 3680 nobilitas.
902 3622 1030 3678 Alia
1051 3637 1192 3678 vero
1213 3622 1419 3677 omnia
1446 3621 1755 3692 negligun~
1860 3624 1976 3678 tius
2007 3637 2078 3676 eo
2108 3620 2270 3692 quod
2296 3619 2587 3691 positione
2607 3618 2635 3673 ?
2666 3621 2829 3675 Certe
2851 3621 3242 3692 compellente
3267 3623 3514 3679 veritate

83 3726 193 3775 tur
223 3714 614 3789 sapientibus,
642 3712 926 3784 nulloque
956 3711 1016 3766 in
1048 3710 1235 3782 pretio
1264 3710 1583 3777 habentur,
1618 3725 1754 3781 quae
1860 3709 2108 3783 quilibet
2158 3707 2458 3764 fatebitur.
2517 3711 2665 3764 Sunt
2711 3715 2913 3765 autem
2961 3711 3141 3766 etiam
3189 3711 3306 3768 alia
3353 3729 3516 3785 quae-

83 3805 389 3862 nimirum
412 3803 704 3875 positione
731 3803 1028 3864 constant,
1052 3803 1109 3855 et
1135 3798 1214 3854 ab
1244 3814 1315 3854 eo
1343 3797 1509 3871 quod
1539 3805 1756 3854 natura
1861 3800 2004 3855 dam
2035 3813 2171 3870 qua;
2206 3797 2425 3870 partim
2453 3813 2593 3852 cum
2622 3797 2714 3852 his
2773 3798 3090 3865 cohaerent,
3159 3802 3378 3871 partim
3435 3802 3514 3858 ab

82 3887 1254 3961 constatlongissimedistant;namqui
1274 3887 1751 3943 certaminacon-
1860 3887 2071 3943 iisdem
2105 3885 2406 3942 differunt.
2452 3888 2640 3941 Utars
2692 3886 2948 3942 ducendi
3012 3889 3336 3944 exercitum
3389 3890 3517 3961 pri-

82 3983 350 4041 stituunt
377 3985 434 4037 et
456 3977 708 4052 praemia
736 3981 1082 4048 proponunt
1118 3977 1336 4031 docent
1361 3977 1669 4031 victoriam
1699 3980 1756 4030 et
1860 3991 1976 4031 mas
2007 3973 2479 4032 architectonicas
2510 3979 2596 4029 est
2625 3975 2918 4046 proxima.
2953 3975 3172 4030 Deinde
3194 3978 3512 4034 medicina.

78 4074 204 4148 qui
223 4072 288 4127 in
309 4067 595 4126 conviviis
620 4065 888 4139 potando
904 4069 1132 4120 certant
1155 4063 1467 4120 victoriam
1490 4065 1600 4120 sibi
1617 4079 1754 4136 pro-
1863 4067 2010 4120 Nam
2041 4064 2166 4119 haec
2193 4077 2437 4134 quoque
2470 4063 2745 4117 homines
2777 4063 3104 4134 plurimum
3124 4064 3314 4135 juvat.
3348 4068 3515 4136 Agri-

79 4163 353 4234 ponunt.
377 4156 546 4222 Quod
568 4159 769 4210 autem
800 4168 924 4208 non
946 4153 1063 4208 sint
1091 4167 1306 4222 genere
1333 4152 1598 4224 aequales
1629 4159 1754 4207 tum
1861 4153 2094 4210 cultura
2115 4168 2256 4208 vero
2278 4152 2746 4206 estcommunis.
2767 4154 2848 4206 Ac
2871 4153 2918 4207 si
2936 4154 3072 4224 quis
3089 4155 3514 4226 agriculturam

77 4245 536 4308 exercitationis
559 4257 744 4299 causa
773 4245 1083 4314 certantes,
1115 4248 1243 4297 tum
1273 4241 1449 4298 etiam
1483 4246 1757 4313 potantes
1863 4259 1935 4298 ex
1964 4241 2119 4297 veris
2155 4241 2485 4297 rationibus
2515 4239 2871 4310 consideret,
2902 4241 3143 4313 plenam
3173 4243 3519 4302 eruditionis

73 4342 250 4397 inter
269 4349 482 4392 omnes
500 4329 1164 4402 constat:sedaequales
1183 4329 1758 4402 suntpraemioquod
1865 4347 1997 4388 esse
2037 4330 2379 4402 comperiet.
2426 4331 2608 4384 Nemo
2659 4345 2801 4385 vero
2831 4329 3170 4387 offendatur
3225 4349 3296 4388 eo
3351 4334 3521 4404 quod

81 4425 306 4486 nullus
327 4423 643 4496 praemium
672 4417 949 4492 accipiat,
981 4419 1094 4474 nisi
1125 4417 1290 4474 solus
1320 4417 1415 4474 ille
1443 4419 1548 4490 qui
1579 4419 1762 4474 victor
1797 4479 1838 4496 ἢ
1869 4419 2133 4491 agricola
2161 4419 2419 4474 rationes
2441 4433 2564 4472 non
2590 4418 2789 4488 novit;
2815 4418 2862 4474 is
2887 4420 3084 4491 potius
3126 4428 3314 4478 artem
3369 4425 3523 4494 agri-

78 4516 279 4575 fuerit
307 4514 428 4568 sive
443 4513 504 4567 in
521 4508 945 4566 certaminibus
977 4507 1102 4563 sive
1117 4508 1179 4562 in
1194 4505 1760 4578 compotationibus.
1801 4505 1840 4532 υ
1870 4509 2118 4566 culturae
2139 4524 2210 4564 ex
2227 4507 2454 4562 ratione
2474 4507 2756 4562 exsistere
2773 4507 3086 4579 diligenter
3104 4517 3282 4566 notet.
3308 4514 3524 4578 Quem-

81 4605 256 4662 Acin
273 4599 698 4658 certaminibus
718 4597 965 4670 quidem
985 4597 1372 4669 quiprinceps
1393 4601 1480 4650 est
1495 4611 1767 4658 commu-
1869 4597 2204 4656 admodum
2230 4597 2389 4651 enim
2419 4611 2516 4650 ars
2545 4595 2953 4664 gubernandaa
3005 4599 3177 4654 navis
3211 4600 3520 4672 signorum

77 4687 1147 4754 nioneminstituticumcertantibus
1175 4685 1765 4756 initetcumpotanti-
1871 4687 2273 4758 cognitionem
2298 4700 2335 4740 a
2369 4684 2568 4757 prima
2597 4685 2845 4757 accepit,
2887 4701 3145 4758 quorum
3193 4693 3392 4743 tamen
3431 4706 3523 4746 ra-

74 4783 500 4855 busipsorum
513 4791 924 4850 praeses;nam
939 4774 1179 4830 illorum
1191 4775 1764 4847 princepsestutho-
1869 4777 2095 4832 tionem
2119 4773 2368 4830 reddere
2415 4774 2640 4846 nequit,
2672 4774 2752 4830 ita
2776 4774 2956 4830 etiam
2987 4775 3250 4844 agricola
3271 4792 3306 4831 a
3326 4778 3524 4848 prima

74 4889 236 4932 rum
253 4884 496 4943 praises.
519 4872 734 4921 Annon
753 4865 933 4935 igitur
955 4865 1052 4920 hic
1073 4869 1160 4920 est
1179 4864 1530 4935 temperatio
1555 4867 1612 4918 et
1635 4877 1762 4918 eru-
1869 4864 1972 4920 illa
2000 4863 2262 4928 scientia,
2290 4867 2356 4916 ut
2405 4867 2498 4918 est
2524 4878 2787 4931 necesse,
2829 4861 3160 4918 doctrinam
3219 4865 3524 4922 actionum

75 4962 244 5021 ditio
258 4962 289 5017 ἲ)
304 4961 500 5030 thuo
513 4955 706 5026 magis
718 4954 796 5010 ad
809 4958 1087 5010 naturam
1100 4952 1328 5010 accedit
1356 4952 1416 5008 in
1429 4951 1760 5008 certamini-
1869 4953 2098 5024 accepit
2125 4968 2137 5004 :
2170 4953 2292 5020 agit
2315 4956 2516 5006 autem
2534 4951 2790 5005 rationes
2817 4965 2937 5004 non
2966 4950 3351 5020 investigans.
3374 4953 3525 5010 Nam

69 5043 1107 5117 busvictoriaeoprwstantiorﬂuo
1122 5042 1528 5112 autemmagis
1541 5041 1760 5097 consti-
1868 5042 2067 5115 prima
2095 5039 2342 5095 scientia
2371 5038 2719 5117 certissimis
2751 5043 2808 5093 et
2839 5038 3166 5094 verissimis
3195 5041 3528 5102 conclusio-

67 5141 329 5200 tutione
355 5115 592 5192 constat
617 5133 721 5189 illa
745 5133 807 5188 in
838 5131 1385 5205 compotationibus
1423 5130 1662 5186 victoria
1689 5145 1762 5186 eo
1868 5130 2047 5186 nibus
2108 5128 2266 5184 hanc
2314 5115 2504 5184 artem
2557 5125 2808 5180 confecit
2864 5125 3013 5181 Cum
3061 5131 3264 5185 autem
3313 5131 3529 5203 vulgus

65 5219 1762 5301 ignobilior.Porroinambabusvictoriisinesttempera-
1867 5218 2024 5274 hanc
2063 5223 2252 5272 artem
2307 5229 2580 5268 exercere
2643 5213 2827 5284 vellet,
2891 5217 3197 5272 sententiae
3243 5221 3530 5291 quaidam

71 5320 182 5377 tio
215 5331 230 5384 ;
265 5330 337 5371 ac
363 5314 422 5369 in
449 5311 799 5368 temulentia
817 5315 1055 5382 tempus
1078 5314 1290 5382 praeter
1317 5324 1562 5364 omnem
1583 5307 1760 5362 ratio-

70 5421 246 5465 nem
266 5399 531 5476 ponitur,
549 5399 612 5454 in
632 5399 1056 5455 certaminibus
1071 5413 1213 5453 vero
1229 5401 1317 5452 est
1331 5395 1616 5469 quaedam
1632 5411 1760 5451 eru-

78 5491 427 5558 ditiomam
444 5489 547 5561 qui
565 5488 882 5561 praemium
899 5487 1240 5542 certaminis
1259 5483 1566 5541 constituit
1590 5489 1760 5539 natu-

75 5583 217 5644 rati
239 5587 298 5638 et
319 5577 608 5636 laudabili
639 5577 837 5634 studio
866 5576 1105 5642 ductus,
1137 5575 1283 5630 illud
1321 5573 1646 5630 constituit.
1676 5572 1760 5628 lbi

79 5672 278 5734 enim
301 5670 490 5738 disco,
522 5681 724 5735 cursu,
750 5679 959 5739 pugna
981 5670 1041 5723 et
1065 5665 1228 5723 lucta
1253 5679 1468 5722 omnes
1497 5675 1770 5720 exercen-

1855 2830 1950 2880 tur
1965 2822 2100 2879 etin
2127 2822 2260 2878 aliis
2289 2821 2469 2878 rebus
2506 2821 3112 2894 reipublicaa'mundo
3156 2829 3338 2896 atque
3374 2825 3512 2880 vitea

1868 5307 1948 5364 ab
1968 5305 2252 5362 omnibus
2279 5309 2553 5374 receptae,
2578 5303 2657 5358 ab
2680 5301 2780 5358 illa
2811 5305 3002 5375 prima
3049 5307 3296 5364 scientia
3353 5321 3536 5382 quasi

1866 5411 1974 5468 per
1998 5410 2217 5450 manus
2251 5392 2481 5448 traditae
2509 5397 2565 5446 et
2599 5392 2678 5447 ad
2701 5397 2971 5463 posteros
2994 5403 3342 5468 propagata:
3370 5404 3529 5470 sunt,

1869 5499 2122 5556 quarum
2135 5482 2372 5554 quidem
2393 5482 2810 5537 sententiarum
2839 5483 3098 5539 rationes
3124 5500 3294 5539 nemo
3316 5493 3538 5542 scruta-

1877 5577 1972 5630 tur
1980 5575 2262 5628 .Testatur
2275 5571 2454 5627 etiam
2468 5570 2756 5626 Hesiodus
2769 5577 2948 5642 poeta
2959 5577 3147 5627 artem
3162 5573 3538 5644 agriculturae
3569 5613 3578 5626 .

1879 5667 1946 5718 ut
1981 5666 2040 5719 et
2057 5673 2270 5718 omnes
2289 5664 2468 5730 artes,
2497 5675 2536 5715 a
2559 5660 2757 5732 prima
2782 5659 2888 5717 ilta
2917 5660 3169 5720 scientia
3209 5675 3496 5720 manasse
3521 5681 3544 5734 ;⁸
