  <div class='ocr_page' id='page_1' title='image "/cluster/home/n/w/nwhite01/storage/ocr_20150623/140/hvd.32044073502551/773.png"; bbox 0 0 4066 6212; ppageno 0'>
   <div class='ocr_carea' id='block_1_1' title="bbox 680 298 815 356">
    <p class='ocr_par' dir='ltr' id='par_1_1' title="bbox 680 298 815 356">
     <span class='ocr_line' id='line_1_1' title="bbox 680 298 815 356; baseline 0 -1"><span class='ocrx_word' id='word_1_1' title='bbox 680 298 815 356; x_wconf 75' lang='grc'><strong>1359</strong></span> 
     </span>
    </p>
   </div>
   <div class='ocr_carea' id='block_1_2' title="bbox 675 511 1312 586">
    <p class='ocr_par' dir='ltr' id='par_1_2' title="bbox 675 511 1312 586">
     <span class='ocr_line' id='line_1_2' title="bbox 675 511 1312 586; baseline -0.003 -20"><span class='ocrx_word' id='word_1_2' title='bbox 675 517 794 586; x_wconf 82' lang='grc' dir='ltr'>περὶ</span> <span class='ocrx_word' id='word_1_3' title='bbox 827 514 895 563; x_wconf 82' lang='grc' dir='ltr'>ὧν</span> <span class='ocrx_word' id='word_1_4' title='bbox 926 511 1312 584; x_wconf 76' lang='grc' dir='ltr'>ύπεσχέοημεν.</span> 
     </span>
    </p>
   </div>
   <div class='ocr_carea' id='block_1_3' title="bbox 747 593 2270 674">
    <p class='ocr_par' dir='ltr' id='par_1_3' title="bbox 747 593 2270 674">
     <span class='ocr_line' id='line_1_3' title="bbox 747 593 2270 674; baseline -0.005 -22"><span class='ocrx_word' id='word_1_5' title='bbox 747 599 814 660; x_wconf 81' lang='grc' dir='ltr'><strong>η’,</strong></span> <span class='ocrx_word' id='word_1_6' title='bbox 842 603 1139 674; x_wconf 77' lang='grc' dir='ltr'>Στρατηγία</span> <span class='ocrx_word' id='word_1_7' title='bbox 1171 601 1261 670; x_wconf 69' lang='grc' dir='ltr'>μὲν</span> <span class='ocrx_word' id='word_1_8' title='bbox 1299 593 1387 650; x_wconf 75' lang='grc' dir='ltr'>οὖν</span> <span class='ocrx_word' id='word_1_9' title='bbox 1435 601 1596 668; x_wconf 81' lang='grc' dir='ltr'>τέχνη</span> <span class='ocrx_word' id='word_1_10' title='bbox 1649 593 1780 654; x_wconf 79' lang='grc' dir='ltr'>καλή</span> <span class='ocrx_word' id='word_1_11' title='bbox 1829 599 1916 647; x_wconf 83' lang='grc' dir='ltr'>καὶ</span> <span class='ocrx_word' id='word_1_12' title='bbox 1977 596 2270 669; x_wconf 76' lang='grc' dir='ltr'><strong>πρωτίστη,</strong></span> 
     </span>
    </p>
   </div>
   <div class='ocr_carea' id='block_1_4' title="bbox 673 680 2274 761">
    <p class='ocr_par' dir='ltr' id='par_1_4' title="bbox 673 680 2274 761">
     <span class='ocr_line' id='line_1_4' title="bbox 673 680 2274 761; baseline -0.007 -20"><span class='ocrx_word' id='word_1_13' title='bbox 673 693 1014 760; x_wconf 80' lang='grc' dir='ltr'>χρυσοχοίκὴ</span> <span class='ocrx_word' id='word_1_14' title='bbox 1050 683 1108 740; x_wconf 71' lang='grc' dir='ltr'><strong>δὲ</strong></span> <span class='ocrx_word' id='word_1_15' title='bbox 1138 691 1372 761; x_wconf 72' lang='grc' dir='ltr'>περιττή.</span> <span class='ocrx_word' id='word_1_16' title='bbox 1402 691 1644 740; x_wconf 76' lang='grc' dir='ltr'>Κοινωνεῐ</span> <span class='ocrx_word' id='word_1_17' title='bbox 1671 680 1731 737; x_wconf 74' lang='grc' dir='ltr'><strong>δὲ</strong></span> <span class='ocrx_word' id='word_1_18' title='bbox 1782 690 1948 755; x_wconf 83' lang='grc' dir='ltr'>Κῦρος</span> <span class='ocrx_word' id='word_1_19' title='bbox 2004 685 2093 754; x_wconf 64' lang='grc' dir='ltr'>μὲν</span> <span class='ocrx_word' id='word_1_20' title='bbox 2156 699 2274 732; x_wconf 88' lang='grc' dir='ltr'>παι-</span> 
     </span>
    </p>
   </div>
   <div class='ocr_carea' id='block_1_5' title="bbox 675 768 2271 851">
    <p class='ocr_par' dir='ltr' id='par_1_5' title="bbox 675 768 2271 851">
     <span class='ocr_line' id='line_1_5' title="bbox 675 768 2271 851; baseline -0.007 -21"><span class='ocrx_word' id='word_1_21' title='bbox 675 773 792 850; x_wconf 70' lang='grc' dir='ltr'>δεία</span> <span class='ocrx_word' id='word_1_22' title='bbox 820 786 892 848; x_wconf 81' lang='grc' dir='ltr'>τῷ</span> <span class='ocrx_word' id='word_1_23' title='bbox 917 777 1088 848; x_wconf 75' lang='grc' dir='ltr'>οἰκείῳ</span> <span class='ocrx_word' id='word_1_24' title='bbox 1121 779 1475 851; x_wconf 73' lang='grc' dir='ltr'><strong>στρατεύματι</strong></span> <span class='ocrx_word' id='word_1_25' title='bbox 1531 770 1806 827; x_wconf 72' lang='grc' dir='ltr'>διδάσκων</span> <span class='ocrx_word' id='word_1_26' title='bbox 1856 771 1982 824; x_wconf 69' lang='grc' dir='ltr'>αὐτὸ</span> <span class='ocrx_word' id='word_1_27' title='bbox 2025 774 2080 822; x_wconf 82' lang='grc' dir='ltr'>τὸ</span> <span class='ocrx_word' id='word_1_28' title='bbox 2134 768 2271 820; x_wconf 77' lang='grc' dir='ltr'>λιτὸν</span> 
     </span>
    </p>
   </div>
   <div class='ocr_carea' id='block_1_6' title="bbox 669 853 2272 942">
    <p class='ocr_par' dir='ltr' id='par_1_6' title="bbox 669 853 2272 942">
     <span class='ocr_line' id='line_1_6' title="bbox 669 853 2272 942; baseline -0.006 -24"><span class='ocrx_word' id='word_1_29' title='bbox 669 873 760 920; x_wconf 88' lang='grc' dir='ltr'>καὶ</span> <span class='ocrx_word' id='word_1_30' title='bbox 833 870 958 941; x_wconf 85' lang='grc' dir='ltr'>πρὸς</span> <span class='ocrx_word' id='word_1_31' title='bbox 1003 869 1245 942; x_wconf 80' lang='grc' dir='ltr'>περιττὰς</span> <span class='ocrx_word' id='word_1_32' title='bbox 1291 864 1564 936; x_wconf 77' lang='grc' dir='ltr'><strong>ἀπέριττον</strong></span> <span class='ocrx_word' id='word_1_33' title='bbox 1629 869 1878 937; x_wconf 75' lang='grc' dir='ltr'>χρήσεις.</span> <span class='ocrx_word' id='word_1_34' title='bbox 1941 867 2163 934; x_wconf 83' lang='grc' dir='ltr'>Κροῖσος</span> <span class='ocrx_word' id='word_1_35' title='bbox 2213 853 2272 910; x_wconf 68' lang='grc' dir='ltr'><strong>δὲ</strong></span> 
     </span>
    </p>
   </div>
   <div class='ocr_carea' id='block_1_7' title="bbox 672 953 2272 1031">
    <p class='ocr_par' dir='ltr' id='par_1_7' title="bbox 672 953 2272 1031">
     <span class='ocr_line' id='line_1_7' title="bbox 672 953 2272 1031; baseline -0.008 -21"><span class='ocrx_word' id='word_1_36' title='bbox 672 955 952 1010; x_wconf 78' lang='grc' dir='ltr'><strong>Πακτωλοῦ</strong></span> <span class='ocrx_word' id='word_1_37' title='bbox 981 956 1131 1031; x_wconf 78' lang='grc' dir='ltr'>ῥύσει</span> <span class='ocrx_word' id='word_1_38' title='bbox 1167 954 1323 1008; x_wconf 83' lang='grc' dir='ltr'>πολὺν</span> <span class='ocrx_word' id='word_1_39' title='bbox 1377 955 1731 1027; x_wconf 74' lang='grc' dir='ltr'><strong>συναθροίσας</strong></span> <span class='ocrx_word' id='word_1_40' title='bbox 1784 953 2012 1025; x_wconf 85' lang='grc' dir='ltr'>χρυσὸν,</span> <span class='ocrx_word' id='word_1_41' title='bbox 2047 954 2272 1002; x_wconf 74' lang='grc' dir='ltr'>ποιεῖται</span> 
     </span>
    </p>
   </div>
   <div class='ocr_carea' id='block_1_8' title="bbox 670 1039 2270 1121">
    <p class='ocr_par' dir='ltr' id='par_1_8' title="bbox 670 1039 2270 1121">
     <span class='ocr_line' id='line_1_8' title="bbox 670 1039 2270 1121; baseline -0.008 -21"><span class='ocrx_word' id='word_1_42' title='bbox 670 1050 799 1120; x_wconf 81' lang='grc' dir='ltr'>πρὸς</span> <span class='ocrx_word' id='word_1_43' title='bbox 827 1050 1172 1121; x_wconf 75' lang='grc' dir='ltr'><strong>χρυσοχόους</strong></span> <span class='ocrx_word' id='word_1_44' title='bbox 1202 1047 1291 1105; x_wconf 80' lang='grc' dir='ltr'><strong>τὰς</strong></span> <span class='ocrx_word' id='word_1_45' title='bbox 1333 1048 1617 1110; x_wconf 76' lang='grc' dir='ltr'><strong>κοινωνίας,</strong></span> <span class='ocrx_word' id='word_1_46' title='bbox 1650 1039 1743 1094; x_wconf 73' lang='grc' dir='ltr'><strong>διὰ</strong></span> <span class='ocrx_word' id='word_1_47' title='bbox 1779 1045 1864 1093; x_wconf 86' lang='grc' dir='ltr'>τὸν</span> <span class='ocrx_word' id='word_1_48' title='bbox 1913 1040 2270 1112; x_wconf 74' lang='grc' dir='ltr'><strong>μακαρισμὸν,</strong></span> 
     </span>
    </p>
   </div>
   <div class='ocr_carea' id='block_1_9' title="bbox 670 1130 2272 1208">
    <p class='ocr_par' dir='ltr' id='par_1_9' title="bbox 670 1130 2272 1208">
     <span class='ocr_line' id='line_1_9' title="bbox 670 1130 2272 1208; baseline -0.007 -20"><span class='ocrx_word' id='word_1_49' title='bbox 670 1133 826 1208; x_wconf 74' lang='grc' dir='ltr'>οὗπερ</span> <span class='ocrx_word' id='word_1_50' title='bbox 849 1135 943 1187; x_wconf 68' lang='grc' dir='ltr'>οὐκ</span> <span class='ocrx_word' id='word_1_51' title='bbox 991 1135 1184 1197; x_wconf 73' lang='grc' dir='ltr'><strong>ἠξιώθη</strong></span> <span class='ocrx_word' id='word_1_52' title='bbox 1219 1132 1314 1185; x_wconf 71' lang='grc' dir='ltr'>κᾶν</span> <span class='ocrx_word' id='word_1_53' title='bbox 1346 1134 1490 1207; x_wconf 75' lang='grc' dir='ltr'>παρὰ</span> <span class='ocrx_word' id='word_1_54' title='bbox 1547 1130 1783 1197; x_wconf 82' lang='grc' dir='ltr'>Σόλωνος,</span> <span class='ocrx_word' id='word_1_55' title='bbox 1839 1136 2074 1204; x_wconf 69' lang='grc' dir='ltr'>χρυσοῦς</span> <span class='ocrx_word' id='word_1_56' title='bbox 2130 1145 2272 1188; x_wconf 85' lang='grc' dir='ltr'>τινας</span> 
     </span>
    </p>
   </div>
   <div class='ocr_carea' id='block_1_10' title="bbox 668 1210 2268 1298">
    <p class='ocr_par' dir='ltr' id='par_1_10' title="bbox 668 1210 2268 1298">
     <span class='ocr_line' id='line_1_10' title="bbox 668 1210 2268 1298; baseline -0.008 -21"><span class='ocrx_word' id='word_1_57' title='bbox 668 1221 921 1298; x_wconf 75' lang='grc' dir='ltr'>τρίποδας</span> <span class='ocrx_word' id='word_1_58' title='bbox 960 1223 1366 1283; x_wconf 76' lang='grc' dir='ltr'>κατασκευάζων</span> <span class='ocrx_word' id='word_1_59' title='bbox 1425 1225 1514 1274; x_wconf 80' lang='grc' dir='ltr'>καὶ</span> <span class='ocrx_word' id='word_1_60' title='bbox 1579 1219 1844 1280; x_wconf 83' lang='grc' dir='ltr'>πλίνθους.</span> <span class='ocrx_word' id='word_1_61' title='bbox 1905 1223 2103 1293; x_wconf 84' lang='grc' dir='ltr'>Κρᾶσις</span> <span class='ocrx_word' id='word_1_62' title='bbox 2161 1210 2268 1298; x_wconf 71' lang='grc' dir='ltr'><strong>ἤδη</strong></span> 
     </span>
    </p>
   </div>
   <div class='ocr_carea' id='block_1_11' title="bbox 671 1297 2272 1381">
    <p class='ocr_par' dir='ltr' id='par_1_11' title="bbox 671 1297 2272 1381">
     <span class='ocr_line' id='line_1_11' title="bbox 671 1297 2272 1381; baseline -0.005 -16"><span class='ocrx_word' id='word_1_63' title='bbox 671 1315 871 1374; x_wconf 79' lang='grc' dir='ltr'>τούτοις</span> <span class='ocrx_word' id='word_1_64' title='bbox 909 1333 1001 1365; x_wconf 90' lang='grc' dir='ltr'><strong>και</strong></span> <span class='ocrx_word' id='word_1_65' title='bbox 1041 1317 1303 1365; x_wconf 80' lang='grc' dir='ltr'>κονωνία·</span> <span class='ocrx_word' id='word_1_66' title='bbox 1336 1315 1426 1363; x_wconf 83' lang='grc' dir='ltr'>καὶ</span> <span class='ocrx_word' id='word_1_67' title='bbox 1483 1310 1512 1368; x_wconf 77' lang='grc' dir='ltr'>ἡ</span> <span class='ocrx_word' id='word_1_68' title='bbox 1572 1313 1663 1381; x_wconf 73' lang='grc' dir='ltr'>μὲν</span> <span class='ocrx_word' id='word_1_69' title='bbox 1722 1311 2070 1380; x_wconf 73' lang='grc' dir='ltr'>φυσικωτέρα,</span> <span class='ocrx_word' id='word_1_70' title='bbox 2129 1306 2159 1364; x_wconf 82' lang='grc' dir='ltr'>ἡ</span> <span class='ocrx_word' id='word_1_71' title='bbox 2221 1297 2272 1358; x_wconf 73' lang='grc' dir='ltr'><strong>δ’</strong></span> 
     </span>
    </p>
   </div>
   <div class='ocr_carea' id='block_1_12' title="bbox 668 1391 2270 1474">
    <p class='ocr_par' dir='ltr' id='par_1_12' title="bbox 668 1391 2270 1474">
     <span class='ocr_line' id='line_1_12' title="bbox 668 1391 2270 1474; baseline -0.005 -19"><span class='ocrx_word' id='word_1_72' title='bbox 668 1401 793 1460; x_wconf 71' lang='grc' dir='ltr'>ἄλλη</span> <span class='ocrx_word' id='word_1_73' title='bbox 819 1401 868 1462; x_wconf 77' lang='grc' dir='ltr'>ἐς</span> <span class='ocrx_word' id='word_1_74' title='bbox 905 1406 1058 1454; x_wconf 84' lang='grc' dir='ltr'>τόσον</span> <span class='ocrx_word' id='word_1_75' title='bbox 1114 1400 1326 1474; x_wconf 83' lang='grc' dir='ltr'>βασιλεί</span> <span class='ocrx_word' id='word_1_76' title='bbox 1381 1398 1631 1473; x_wconf 77' lang='grc' dir='ltr'>ἀπρεπής.</span> <span class='ocrx_word' id='word_1_77' title='bbox 1686 1402 1755 1450; x_wconf 89' lang='grc' dir='ltr'><strong>Τὸ</strong></span> <span class='ocrx_word' id='word_1_78' title='bbox 1809 1400 1900 1470; x_wconf 67' lang='grc' dir='ltr'>μὲν</span> <span class='ocrx_word' id='word_1_79' title='bbox 1956 1399 2058 1468; x_wconf 80' lang='grc' dir='ltr'>γὰρ</span> <span class='ocrx_word' id='word_1_80' title='bbox 2113 1391 2270 1448; x_wconf 78' lang='grc' dir='ltr'>διδά-</span> 
     </span>
    </p>
   </div>
   <div class='ocr_carea' id='block_1_13' title="bbox 671 1481 2273 1566">
    <p class='ocr_par' dir='ltr' id='par_1_13' title="bbox 671 1481 2273 1566">
     <span class='ocr_line' id='line_1_13' title="bbox 671 1481 2273 1566; baseline -0.005 -22"><span class='ocrx_word' id='word_1_81' title='bbox 671 1511 810 1546; x_wconf 80' lang='grc' dir='ltr'>σκειν</span> <span class='ocrx_word' id='word_1_82' title='bbox 840 1495 898 1544; x_wconf 83' lang='grc' dir='ltr'>τὸ</span> <span class='ocrx_word' id='word_1_83' title='bbox 937 1493 1234 1566; x_wconf 84' lang='grc' dir='ltr'>στράτευμα</span> <span class='ocrx_word' id='word_1_84' title='bbox 1260 1494 1347 1542; x_wconf 85' lang='grc' dir='ltr'>τὸν</span> <span class='ocrx_word' id='word_1_85' title='bbox 1401 1488 1625 1562; x_wconf 81' lang='grc' dir='ltr'>βασιλέα</span> <span class='ocrx_word' id='word_1_86' title='bbox 1671 1491 1946 1563; x_wconf 86' lang='grc' dir='ltr'>καρτερίας</span> <span class='ocrx_word' id='word_1_87' title='bbox 1977 1481 2273 1557; x_wconf 75' lang='grc' dir='ltr'><strong>ὑπόδειγμα</strong></span> 
     </span>
    </p>
   </div>
   <div class='ocr_carea' id='block_1_14' title="bbox 669 1574 2267 1652">
    <p class='ocr_par' dir='ltr' id='par_1_14' title="bbox 669 1574 2267 1652">
     <span class='ocr_line' id='line_1_14' title="bbox 669 1574 2267 1652; baseline -0.004 -19"><span class='ocrx_word' id='word_1_88' title='bbox 669 1580 846 1633; x_wconf 74' lang='grc' dir='ltr'>ἑαυτὸν</span> <span class='ocrx_word' id='word_1_89' title='bbox 877 1577 1181 1633; x_wconf 72' lang='grc' dir='ltr'>δεικνύοντα</span> <span class='ocrx_word' id='word_1_90' title='bbox 1227 1579 1528 1652; x_wconf 65' lang='grc' dir='ltr'>φιλόσοφον.</span> <span class='ocrx_word' id='word_1_91' title='bbox 1586 1581 1810 1631; x_wconf 72' lang='grc' dir='ltr'>Βασιλέα</span> <span class='ocrx_word' id='word_1_92' title='bbox 1863 1579 1965 1650; x_wconf 83' lang='grc' dir='ltr'><strong>γὰρ</strong></span> <span class='ocrx_word' id='word_1_93' title='bbox 2017 1575 2074 1627; x_wconf 77' lang='grc' dir='ltr'><strong>ού</strong></span> <span class='ocrx_word' id='word_1_94' title='bbox 2121 1574 2267 1641; x_wconf 87' lang='grc' dir='ltr'>λαοῦ,</span> 
     </span>
    </p>
   </div>
   <div class='ocr_carea' id='block_1_15' title="bbox 670 1662 2272 1741">
    <p class='ocr_par' dir='ltr' id='par_1_15' title="bbox 670 1662 2272 1741">
     <span class='ocr_line' id='line_1_15' title="bbox 670 1662 2272 1741; baseline -0.002 -21"><span class='ocrx_word' id='word_1_95' title='bbox 670 1668 797 1722; x_wconf 75' lang='grc' dir='ltr'>ἀλλὰ</span> <span class='ocrx_word' id='word_1_96' title='bbox 830 1673 925 1721; x_wconf 86' lang='grc' dir='ltr'><strong>σύν</strong></span> <span class='ocrx_word' id='word_1_97' title='bbox 948 1672 1114 1741; x_wconf 81' lang='grc' dir='ltr'>τούτῳ</span> <span class='ocrx_word' id='word_1_98' title='bbox 1159 1673 1248 1721; x_wconf 78' lang='grc' dir='ltr'>καὶ</span> <span class='ocrx_word' id='word_1_99' title='bbox 1300 1676 1399 1721; x_wconf 83' lang='grc' dir='ltr'>τῶν</span> <span class='ocrx_word' id='word_1_100' title='bbox 1451 1669 1628 1721; x_wconf 81' lang='grc' dir='ltr'>παθῶν</span> <span class='ocrx_word' id='word_1_101' title='bbox 1683 1665 1836 1718; x_wconf 74' lang='grc' dir='ltr'>αὐτὸν</span> <span class='ocrx_word' id='word_1_102' title='bbox 1891 1662 2154 1718; x_wconf 72' lang='grc' dir='ltr'>δείκνυσιν</span> <span class='ocrx_word' id='word_1_103' title='bbox 2183 1664 2272 1728; x_wconf 81' lang='grc' dir='ltr'><strong>’ἐξ</strong></span> 
     </span>
    </p>
   </div>
   <div class='ocr_carea' id='block_1_16' title="bbox 667 1755 2270 1830">
    <p class='ocr_par' dir='ltr' id='par_1_16' title="bbox 667 1755 2270 1830">
     <span class='ocr_line' id='line_1_16' title="bbox 667 1755 2270 1830; baseline -0.002 -20"><span class='ocrx_word' id='word_1_104' title='bbox 667 1756 728 1810; x_wconf 73' lang='grc' dir='ltr'>οὗ</span> <span class='ocrx_word' id='word_1_105' title='bbox 788 1759 1066 1829; x_wconf 77' lang='grc' dir='ltr'>συνάγεται</span> <span class='ocrx_word' id='word_1_106' title='bbox 1121 1759 1200 1810; x_wconf 81' lang='grc' dir='ltr'>ὅτι</span> <span class='ocrx_word' id='word_1_107' title='bbox 1257 1755 1492 1830; x_wconf 81' lang='grc' dir='ltr'>βασιλεῖς</span> <span class='ocrx_word' id='word_1_108' title='bbox 1547 1757 1726 1809; x_wconf 79' lang='grc' dir='ltr'>παθῶν</span> <span class='ocrx_word' id='word_1_109' title='bbox 1781 1758 1898 1816; x_wconf 81' lang='grc' dir='ltr'>τοὺς</span> <span class='ocrx_word' id='word_1_110' title='bbox 1960 1756 2060 1808; x_wconf 81' lang='grc' dir='ltr'>ὑπὸ</span> <span class='ocrx_word' id='word_1_111' title='bbox 2112 1760 2270 1826; x_wconf 86' lang='grc' dir='ltr'>χεῖρα</span> 
     </span>
    </p>
   </div>
   <div class='ocr_carea' id='block_1_17' title="bbox 665 1839 2271 1919">
    <p class='ocr_par' dir='ltr' id='par_1_17' title="bbox 665 1839 2271 1919">
     <span class='ocr_line' id='line_1_17' title="bbox 665 1839 2271 1919; baseline -0.002 -21"><span class='ocrx_word' id='word_1_112' title='bbox 665 1854 829 1898; x_wconf 81' lang='grc' dir='ltr'>ποιεῖν</span> <span class='ocrx_word' id='word_1_113' title='bbox 883 1845 1058 1902; x_wconf 76' lang='grc' dir='ltr'>ἐθέλει.</span> <span class='ocrx_word' id='word_1_114' title='bbox 1107 1844 1175 1898; x_wconf 85' lang='grc' dir='ltr'><strong>Ὣ.</strong></span> <span class='ocrx_word' id='word_1_115' title='bbox 1227 1854 1316 1898; x_wconf 90' lang='grc' dir='ltr'><strong>τοῦ</strong></span> <span class='ocrx_word' id='word_1_116' title='bbox 1363 1852 1702 1919; x_wconf 83' lang='grc' dir='ltr'>μακαρισμοῦ</span> <span class='ocrx_word' id='word_1_117' title='bbox 1735 1843 1840 1899; x_wconf 68' lang='lat' dir='ltr'><strong>1T6</strong></span> <span class='ocrx_word' id='word_1_118' title='bbox 1903 1841 1962 1896; x_wconf 72' lang='grc' dir='ltr'><strong>δὲ</strong></span> <span class='ocrx_word' id='word_1_119' title='bbox 2013 1839 2271 1918; x_wconf 77' lang='grc' dir='ltr'>τρίποδας</span> 
     </span>
    </p>
   </div>
   <div class='ocr_carea' id='block_1_18' title="bbox 664 1932 2269 2008">
    <p class='ocr_par' dir='ltr' id='par_1_18' title="bbox 664 1932 2269 2008">
     <span class='ocr_line' id='line_1_18' title="bbox 664 1932 2269 2008; baseline -0.002 -22"><span class='ocrx_word' id='word_1_120' title='bbox 664 1937 1071 1998; x_wconf 78' lang='grc' dir='ltr'>κατασκευάζειν</span> <span class='ocrx_word' id='word_1_121' title='bbox 1129 1943 1370 2008; x_wconf 82' lang='grc' dir='ltr'>χρυσοῦς</span> <span class='ocrx_word' id='word_1_122' title='bbox 1407 1940 1496 1988; x_wconf 81' lang='grc' dir='ltr'>καὶ</span> <span class='ocrx_word' id='word_1_123' title='bbox 1537 1935 1777 1994; x_wconf 80' lang='grc' dir='ltr'>πλίνθους</span> <span class='ocrx_word' id='word_1_124' title='bbox 1816 1938 1906 1986; x_wconf 86' lang='grc' dir='ltr'>καὶ</span> <span class='ocrx_word' id='word_1_125' title='bbox 1935 1933 2050 1993; x_wconf 83' lang='grc' dir='ltr'>ὅλας</span> <span class='ocrx_word' id='word_1_126' title='bbox 2079 1932 2269 2005; x_wconf 84' lang='grc' dir='ltr'>λαμίας</span> 
     </span>
    </p>
   </div>
   <div class='ocr_carea' id='block_1_19' title="bbox 663 2021 2270 2099">
    <p class='ocr_par' dir='ltr' id='par_1_19' title="bbox 663 2021 2270 2099">
     <span class='ocr_line' id='line_1_19' title="bbox 663 2021 2270 2099; baseline -0.002 -22"><span class='ocrx_word' id='word_1_127' title='bbox 663 2033 894 2099; x_wconf 82' lang='grc' dir='ltr'>χρυσοῦ,</span> <span class='ocrx_word' id='word_1_128' title='bbox 979 2026 1320 2097; x_wconf 73' lang='grc' dir='ltr'>ὑφασμάτων,</span> <span class='ocrx_word' id='word_1_129' title='bbox 1399 2027 1680 2098; x_wconf 83' lang='grc' dir='ltr'>μαργάρων</span> <span class='ocrx_word' id='word_1_130' title='bbox 1780 2021 2058 2095; x_wconf 79' lang='grc' dir='ltr'>ἐμπιπλᾲν,</span> <span class='ocrx_word' id='word_1_131' title='bbox 2152 2025 2270 2074; x_wconf 73' lang='grc' dir='ltr'>οὔτε</span> 
     </span>
    </p>
   </div>
   <div class='ocr_carea' id='block_1_20' title="bbox 664 2109 2269 2187">
    <p class='ocr_par' dir='ltr' id='par_1_20' title="bbox 664 2109 2269 2187">
     <span class='ocr_line' id='line_1_20' title="bbox 664 2109 2269 2187; baseline -0.001 -22"><span class='ocrx_word' id='word_1_132' title='bbox 664 2113 845 2166; x_wconf 75' lang='grc' dir='ltr'>ἑαυτὸν</span> <span class='ocrx_word' id='word_1_133' title='bbox 877 2113 1102 2187; x_wconf 79' lang='grc' dir='ltr'>βασιλέα</span> <span class='ocrx_word' id='word_1_134' title='bbox 1133 2111 1394 2166; x_wconf 79' lang='grc' dir='ltr'>δείκνυσιν</span> <span class='ocrx_word' id='word_1_135' title='bbox 1427 2115 1452 2165; x_wconf 96' lang='lat'><strong>6</strong></span> <span class='ocrx_word' id='word_1_136' title='bbox 1511 2121 1664 2166; x_wconf 90' lang='grc' dir='ltr'>τοῦτο</span> <span class='ocrx_word' id='word_1_137' title='bbox 1715 2121 1895 2182; x_wconf 88' lang='grc' dir='ltr'>ποιῶν,</span> <span class='ocrx_word' id='word_1_138' title='bbox 1943 2115 2059 2164; x_wconf 83' lang='grc' dir='ltr'>οῦτε</span> <span class='ocrx_word' id='word_1_139' title='bbox 2111 2109 2269 2184; x_wconf 77' lang='grc' dir='ltr'>βασι-</span> 
     </span>
    </p>
   </div>
   <div class='ocr_carea' id='block_1_21' title="bbox 661 2196 2269 2274">
    <p class='ocr_par' dir='ltr' id='par_1_21' title="bbox 661 2196 2269 2274">
     <span class='ocr_line' id='line_1_21' title="bbox 661 2196 2269 2274; baseline -0.001 -21"><span class='ocrx_word' id='word_1_140' title='bbox 661 2201 778 2263; x_wconf 73' lang='grc' dir='ltr'>λεας</span> <span class='ocrx_word' id='word_1_141' title='bbox 804 2209 921 2255; x_wconf 82' lang='grc' dir='ltr'>ποεῖ</span> <span class='ocrx_word' id='word_1_142' title='bbox 943 2208 1062 2264; x_wconf 80' lang='grc' dir='ltr'>τοὺς</span> <span class='ocrx_word' id='word_1_143' title='bbox 1121 2200 1577 2274; x_wconf 79' lang='grc' dir='ltr'>βασιλευομένους,</span> <span class='ocrx_word' id='word_1_144' title='bbox 1632 2211 1814 2255; x_wconf 84' lang='grc' dir='ltr'>πασῶν</span> <span class='ocrx_word' id='word_1_145' title='bbox 1862 2197 2063 2260; x_wconf 74' lang='grc' dir='ltr'>ἡδονῶν</span> <span class='ocrx_word' id='word_1_146' title='bbox 2122 2196 2181 2253; x_wconf 79' lang='grc' dir='ltr'><strong>δε</strong></span> <span class='ocrx_word' id='word_1_147' title='bbox 2209 2218 2269 2272; x_wconf 87' lang='grc' dir='ltr'>γε</span> 
     </span>
    </p>
   </div>
   <div class='ocr_carea' id='block_1_22' title="bbox 659 2287 2267 2362">
    <p class='ocr_par' dir='ltr' id='par_1_22' title="bbox 659 2287 2267 2362">
     <span class='ocr_line' id='line_1_22' title="bbox 659 2287 2267 2362; baseline 0 -21"><span class='ocrx_word' id='word_1_148' title='bbox 659 2295 749 2342; x_wconf 85' lang='grc' dir='ltr'>καὶ</span> <span class='ocrx_word' id='word_1_149' title='bbox 779 2290 1008 2362; x_wconf 81' lang='grc' dir='ltr'>μάλιστα</span> <span class='ocrx_word' id='word_1_150' title='bbox 1038 2287 1278 2354; x_wconf 71' lang='grc' dir='ltr'>δούλους.</span> <span class='ocrx_word' id='word_1_151' title='bbox 1311 2290 1454 2344; x_wconf 82' lang='grc' dir='ltr'>Ἷσθι</span> <span class='ocrx_word' id='word_1_152' title='bbox 1486 2287 1546 2343; x_wconf 74' lang='grc' dir='ltr'><strong>δὲ</strong></span> <span class='ocrx_word' id='word_1_153' title='bbox 1592 2295 1682 2343; x_wconf 83' lang='grc' dir='ltr'>καὶ</span> <span class='ocrx_word' id='word_1_154' title='bbox 1735 2293 1793 2342; x_wconf 83' lang='grc' dir='ltr'>τὸ</span> <span class='ocrx_word' id='word_1_155' title='bbox 1834 2289 1973 2351; x_wconf 67' lang='grc' dir='ltr'>τὲλος</span> <span class='ocrx_word' id='word_1_156' title='bbox 2025 2298 2124 2342; x_wconf 85' lang='grc' dir='ltr'>τῶν</span> <span class='ocrx_word' id='word_1_157' title='bbox 2170 2289 2267 2361; x_wconf 79' lang='grc' dir='ltr'><strong>ἆμ-</strong></span> 
     </span>
    </p>
   </div>
   <div class='ocr_carea' id='block_1_23' title="bbox 661 2375 2264 2452">
    <p class='ocr_par' dir='ltr' id='par_1_23' title="bbox 661 2375 2264 2452">
     <span class='ocr_line' id='line_1_23' title="bbox 661 2375 2264 2452; baseline 0 -22"><span class='ocrx_word' id='word_1_158' title='bbox 661 2383 900 2452; x_wconf 75' lang='grc' dir='ltr'>φοτέρων,</span> <span class='ocrx_word' id='word_1_159' title='bbox 958 2382 1146 2432; x_wconf 85' lang='grc' dir='ltr'>πιστὸν</span> <span class='ocrx_word' id='word_1_160' title='bbox 1209 2379 1276 2440; x_wconf 80' lang='grc' dir='ltr'><strong>εἰς</strong></span> <span class='ocrx_word' id='word_1_161' title='bbox 1329 2375 1596 2442; x_wconf 70' lang='grc' dir='ltr'>ἀπόδειξιν</span> <span class='ocrx_word' id='word_1_162' title='bbox 1662 2380 1688 2431; x_wconf 86' lang='grc' dir='ltr'><strong><em>ὃ</em></strong></span> <span class='ocrx_word' id='word_1_163' title='bbox 1745 2384 1834 2431; x_wconf 86' lang='grc' dir='ltr'>καὶ</span> <span class='ocrx_word' id='word_1_164' title='bbox 1880 2376 2167 2452; x_wconf 69' lang='grc' dir='ltr'>πρόδηλον.</span> <span class='ocrx_word' id='word_1_165' title='bbox 2205 2377 2264 2430; x_wconf 81' lang='grc' dir='ltr'><strong>Ὀ</strong></span> 
     </span>
    </p>
   </div>
   <div class='ocr_carea' id='block_1_24' title="bbox 658 2464 2260 2542">
    <p class='ocr_par' dir='ltr' id='par_1_24' title="bbox 658 2464 2260 2542">
     <span class='ocr_line' id='line_1_24' title="bbox 658 2464 2260 2542; baseline 0 -24"><span class='ocrx_word' id='word_1_166' title='bbox 658 2469 750 2537; x_wconf 68' lang='grc' dir='ltr'>μὶν</span> <span class='ocrx_word' id='word_1_167' title='bbox 779 2470 877 2541; x_wconf 80' lang='grc' dir='ltr'>γὰρ</span> <span class='ocrx_word' id='word_1_168' title='bbox 908 2466 962 2520; x_wconf 76' lang='grc' dir='ltr'>ἐκ</span> <span class='ocrx_word' id='word_1_169' title='bbox 991 2475 1182 2542; x_wconf 80' lang='grc' dir='ltr'>μικροῦ</span> <span class='ocrx_word' id='word_1_170' title='bbox 1208 2473 1366 2540; x_wconf 82' lang='grc' dir='ltr'>μέγας</span> <span class='ocrx_word' id='word_1_171' title='bbox 1394 2464 1487 2521; x_wconf 77' lang='grc' dir='ltr'><strong>διὰ</strong></span> <span class='ocrx_word' id='word_1_172' title='bbox 1507 2472 1565 2521; x_wconf 88' lang='grc' dir='ltr'>τὸ</span> <span class='ocrx_word' id='word_1_173' title='bbox 1606 2468 1811 2540; x_wconf 76' lang='grc' dir='ltr'>ἕλλογον</span> <span class='ocrx_word' id='word_1_174' title='bbox 1843 2466 1944 2521; x_wconf 79' lang='grc' dir='ltr'>ἀπὸ</span> <span class='ocrx_word' id='word_1_175' title='bbox 1983 2469 2212 2542; x_wconf 77' lang='grc' dir='ltr'>περάτων</span> <span class='ocrx_word' id='word_1_176' title='bbox 2246 2487 2260 2501; x_wconf 82' lang='grc' dir='ltr'><strong><em>ο</em></strong></span> 
     </span>
    </p>
   </div>
   <div class='ocr_carea' id='block_1_25' title="bbox 658 2553 2261 2631">
    <p class='ocr_par' dir='ltr' id='par_1_25' title="bbox 658 2553 2261 2631">
     <span class='ocr_line' id='line_1_25' title="bbox 658 2553 2261 2631; baseline 0.002 -24"><span class='ocrx_word' id='word_1_177' title='bbox 658 2557 753 2617; x_wconf 83' lang='grc' dir='ltr'>ἓως</span> <span class='ocrx_word' id='word_1_178' title='bbox 777 2558 1010 2631; x_wconf 75' lang='grc' dir='ltr'>περάτων</span> <span class='ocrx_word' id='word_1_179' title='bbox 1072 2576 1084 2589; x_wconf 88' lang='grc'><strong>·</strong></span> <span class='ocrx_word' id='word_1_180' title='bbox 1137 2559 1163 2608; x_wconf 92' lang='lat'><strong>6</strong></span> <span class='ocrx_word' id='word_1_181' title='bbox 1222 2553 1280 2609; x_wconf 70' lang='grc' dir='ltr'><strong>δὲ</strong></span> <span class='ocrx_word' id='word_1_182' title='bbox 1337 2554 1557 2619; x_wconf 78' lang='grc' dir='ltr'>ἰδιώτης</span> <span class='ocrx_word' id='word_1_183' title='bbox 1595 2561 1686 2610; x_wconf 84' lang='grc' dir='ltr'>καὶ</span> <span class='ocrx_word' id='word_1_184' title='bbox 1738 2559 1976 2630; x_wconf 75' lang='grc' dir='ltr'>ἄχρυσος</span> <span class='ocrx_word' id='word_1_185' title='bbox 2022 2561 2112 2609; x_wconf 72' lang='lat' dir='ltr'><strong>xui.</strong></span> <span class='ocrx_word' id='word_1_186' title='bbox 2158 2555 2261 2610; x_wconf 84' lang='grc' dir='ltr'>ἀπὸ</span> 
     </span>
    </p>
   </div>
   <div class='ocr_carea' id='block_1_26' title="bbox 655 2645 2262 2720">
    <p class='ocr_par' dir='ltr' id='par_1_26' title="bbox 655 2645 2262 2720">
     <span class='ocr_line' id='line_1_26' title="bbox 655 2645 2262 2720; baseline 0.002 -24"><span class='ocrx_word' id='word_1_187' title='bbox 655 2645 889 2720; x_wconf 79' lang='grc' dir='ltr'>περάτων</span> <span class='ocrx_word' id='word_1_188' title='bbox 959 2647 1050 2698; x_wconf 84' lang='grc' dir='ltr'><strong>καὶ</strong></span> <span class='ocrx_word' id='word_1_189' title='bbox 1106 2647 1338 2719; x_wconf 75' lang='grc' dir='ltr'>περάτων</span> <span class='ocrx_word' id='word_1_190' title='bbox 1392 2647 1484 2708; x_wconf 80' lang='grc' dir='ltr'>ἕως</span> <span class='ocrx_word' id='word_1_191' title='bbox 1546 2651 1794 2719; x_wconf 75' lang='grc' dir='ltr'>στιγμῆς,</span> <span class='ocrx_word' id='word_1_192' title='bbox 1858 2647 1994 2704; x_wconf 74' lang='grc' dir='ltr'>ὥστε</span> <span class='ocrx_word' id='word_1_193' title='bbox 2046 2647 2075 2704; x_wconf 77' lang='grc' dir='ltr'>ἡ</span> <span class='ocrx_word' id='word_1_194' title='bbox 2125 2649 2262 2699; x_wconf 86' lang='grc' dir='ltr'>κατὰ</span> 
     </span>
    </p>
   </div>
   <div class='ocr_carea' id='block_1_27' title="bbox 979 2026 1320 2097">
    <p class='ocr_par' dir='ltr' id='par_1_27' title="bbox 979 2026 1320 2097">
     <span class='ocr_line' id='line_1_27' title="bbox 979 2026 1320 2097; baseline 0 -21"><span class='ocrx_word' id='word_1_195' title='bbox 979 2026 1320 2097; x_wconf 76' lang='grc' dir='ltr'>ὑφασμάτων,</span> 
     </span>
    </p>
   </div>
   <div class='ocr_carea' id='block_1_28' title="bbox 2191 283 2548 346">
    <p class='ocr_par' dir='ltr' id='par_1_28' title="bbox 2191 283 2548 346">
     <span class='ocr_line' id='line_1_28' title="bbox 2191 283 2548 346; baseline 0.003 -2"><span class='ocrx_word' id='word_1_196' title='bbox 2191 283 2548 346; x_wconf 77' lang='grc' dir='ltr'><strong>ΑΠΒΕΝΟΑ.</strong></span> 
     </span>
    </p>
   </div>
   <div class='ocr_carea' id='block_1_29' title="bbox 677 411 3874 499">
    <p class='ocr_par' dir='ltr' id='par_1_29' title="bbox 677 411 3874 499">
     <span class='ocr_line' id='line_1_29' title="bbox 677 411 3874 499; baseline -0.003 -23"><span class='ocrx_word' id='word_1_197' title='bbox 677 423 944 494; x_wconf 79' lang='grc' dir='ltr'>ὑπόθεσιν,</span> <span class='ocrx_word' id='word_1_198' title='bbox 980 441 1070 476; x_wconf 86' lang='grc' dir='ltr'><strong>και</strong></span> <span class='ocrx_word' id='word_1_199' title='bbox 1099 439 1215 493; x_wconf 74' lang='grc' dir='ltr'>περι</span> <span class='ocrx_word' id='word_1_200' title='bbox 1244 437 1334 490; x_wconf 83' lang='grc' dir='ltr'>μεν</span> <span class='ocrx_word' id='word_1_201' title='bbox 1361 418 1555 477; x_wconf 78' lang='grc' dir='ltr'>ταύτης</span> <span class='ocrx_word' id='word_1_202' title='bbox 1591 414 1643 478; x_wconf 85' lang='grc' dir='ltr'>ἐς</span> <span class='ocrx_word' id='word_1_203' title='bbox 1695 417 1867 471; x_wconf 86' lang='grc' dir='ltr'><strong>τὸσὸν.</strong></span> <span class='ocrx_word' id='word_1_204' title='bbox 1927 416 2160 486; x_wconf 82' lang='grc' dir='ltr'>Είπωμεν</span> <span class='ocrx_word' id='word_1_205' title='bbox 2215 411 2272 466; x_wconf 74' lang='grc' dir='ltr'><strong>δὲ</strong></span> <span class='ocrx_word' id='word_1_206' title='bbox 2330 415 2377 468; x_wconf 82' lang='grc' dir='ltr'><strong>Α</strong></span> <span class='ocrx_word' id='word_1_207' title='bbox 2435 419 2790 488; x_wconf 77' lang='grc' dir='ltr'>φυσικωτέραν</span> <span class='ocrx_word' id='word_1_208' title='bbox 2861 421 3050 492; x_wconf 85' lang='grc' dir='ltr'>κρᾶσιν</span> <span class='ocrx_word' id='word_1_209' title='bbox 3123 419 3360 468; x_wconf 83' lang='grc' dir='ltr'>κοινωνία</span> <span class='ocrx_word' id='word_1_210' title='bbox 3404 421 3482 474; x_wconf 77' lang='grc' dir='ltr'>καὶ</span> <span class='ocrx_word' id='word_1_211' title='bbox 3553 420 3697 492; x_wconf 65' lang='grc' dir='ltr'>μᾶλλον</span> <span class='ocrx_word' id='word_1_212' title='bbox 3762 433 3874 499; x_wconf 45' lang='lat' dir='ltr'><strong>“vagi</strong></span> 
     </span>
    </p>
   </div>
   <div class='ocr_carea' id='block_1_30' title="bbox 2337 1765 2377 1819">
    <p class='ocr_par' dir='ltr' id='par_1_30' title="bbox 2337 1765 2377 1819">
     <span class='ocr_line' id='line_1_30' title="bbox 2337 1765 2377 1819; baseline 0 0"><span class='ocrx_word' id='word_1_213' title='bbox 2337 1765 2377 1819; x_wconf 88' lang='grc' dir='ltr'><strong>Β</strong></span> 
     </span>
    </p>
   </div>
   <div class='ocr_carea' id='block_1_31' title="bbox 3802 303 3892 366">
    <p class='ocr_par' dir='ltr' id='par_1_31' title="bbox 3802 303 3892 366">
     <span class='ocr_line' id='line_1_31' title="bbox 3802 303 3892 366; baseline 0.044 -4"><span class='ocrx_word' id='word_1_214' title='bbox 3802 303 3892 366; x_wconf 64' lang='grc' dir='ltr'><strong>ηθο</strong></span> 
     </span>
    </p>
   </div>
   <div class='ocr_carea' id='block_1_32' title="bbox 2436 504 3872 590">
    <p class='ocr_par' dir='ltr' id='par_1_32' title="bbox 2436 504 3872 589">
     <span class='ocr_line' id='line_1_32' title="bbox 2436 504 3872 589; baseline 0.004 -34"><span class='ocrx_word' id='word_1_215' title='bbox 2436 510 2527 565; x_wconf 83' lang='grc' dir='ltr'>τῆς</span> <span class='ocrx_word' id='word_1_216' title='bbox 2547 508 2699 577; x_wconf 84' lang='grc' dir='ltr'>μόνον</span> <span class='ocrx_word' id='word_1_217' title='bbox 2730 507 2863 558; x_wconf 74' lang='grc' dir='ltr'>κατα</span> <span class='ocrx_word' id='word_1_218' title='bbox 2887 511 3076 578; x_wconf 83' lang='grc' dir='ltr'>κρᾶσιν</span> <span class='ocrx_word' id='word_1_219' title='bbox 3104 510 3195 558; x_wconf 80' lang='grc' dir='ltr'>καὶ</span> <span class='ocrx_word' id='word_1_220' title='bbox 3228 507 3379 560; x_wconf 78' lang='grc' dir='ltr'>θέσιν.</span> <span class='ocrx_word' id='word_1_221' title='bbox 3414 504 3532 560; x_wconf 78' lang='grc' dir='ltr'>Ἴσοι</span> <span class='ocrx_word' id='word_1_222' title='bbox 3576 512 3655 584; x_wconf 80' lang='grc' dir='ltr'><strong>γὰρ</strong></span> <span class='ocrx_word' id='word_1_223' title='bbox 3705 521 3748 586; x_wconf 69' lang='grc' dir='ltr'>τῇ</span> <span class='ocrx_word' id='word_1_224' title='bbox 3795 528 3872 589; x_wconf 70' lang='grc' dir='ltr'>τιμξ</span> 
     </span>
    </p>
   </div>
   <div class='ocr_carea' id='block_1_33' title="bbox 2434 590 3877 674">
    <p class='ocr_par' dir='ltr' id='par_1_33' title="bbox 2434 590 3877 674">
     <span class='ocr_line' id='line_1_33' title="bbox 2434 590 3877 674; baseline 0.004 -29"><span class='ocrx_word' id='word_1_225' title='bbox 2434 590 2600 664; x_wconf 78' lang='grc' dir='ltr'>οὗτοι,</span> <span class='ocrx_word' id='word_1_226' title='bbox 2670 595 2779 648; x_wconf 79' lang='grc' dir='ltr'><strong>ἐπεὶ</strong></span> <span class='ocrx_word' id='word_1_227' title='bbox 2860 594 3120 668; x_wconf 79' lang='grc' dir='ltr'>βασιλεῖς,</span> <span class='ocrx_word' id='word_1_228' title='bbox 3190 593 3292 647; x_wconf 79' lang='grc' dir='ltr'>ἀλλ’</span> <span class='ocrx_word' id='word_1_229' title='bbox 3342 597 3364 646; x_wconf 91' lang='lat'><strong>6</strong></span> <span class='ocrx_word' id='word_1_230' title='bbox 3424 600 3500 668; x_wconf 73' lang='grc' dir='ltr'>μὶν</span> <span class='ocrx_word' id='word_1_231' title='bbox 3543 600 3788 674; x_wconf 49' lang='lat' dir='ltr'><strong>primaeui;</strong></span> <span class='ocrx_word' id='word_1_232' title='bbox 3825 618 3877 664; x_wconf 64' lang='grc' dir='ltr'><strong>καί</strong></span> 
     </span>
    </p>
   </div>
   <div class='ocr_carea' id='block_1_34' title="bbox 2433 681 3876 760">
    <p class='ocr_par' dir='ltr' id='par_1_34' title="bbox 2433 681 3876 760">
     <span class='ocr_line' id='line_1_34' title="bbox 2433 681 3876 760; baseline 0.007 -26"><span class='ocrx_word' id='word_1_233' title='bbox 2433 682 2764 756; x_wconf 64' lang='grc' dir='ltr'>μεγαλοφυὼν</span> <span class='ocrx_word' id='word_1_234' title='bbox 2786 687 3045 748; x_wconf 86' lang='grc' dir='ltr'>κοινωνὸς,</span> <span class='ocrx_word' id='word_1_235' title='bbox 3088 686 3113 736; x_wconf 90' lang='lat'><strong>6</strong></span> <span class='ocrx_word' id='word_1_236' title='bbox 3169 681 3228 737; x_wconf 72' lang='grc' dir='ltr'><strong>δὲ</strong></span> <span class='ocrx_word' id='word_1_237' title='bbox 3273 689 3521 760; x_wconf 79' lang='grc' dir='ltr'>μικρόνους</span> <span class='ocrx_word' id='word_1_238' title='bbox 3562 695 3633 740; x_wconf 81' lang='grc' dir='ltr'>καὶ</span> <span class='ocrx_word' id='word_1_239' title='bbox 3667 691 3876 748; x_wconf 58' lang='lat' dir='ltr'><strong>muniuit»</strong></span> 
     </span>
    </p>
   </div>
   <div class='ocr_carea' id='block_1_35' title="bbox 2434 773 3873 852">
    <p class='ocr_par' dir='ltr' id='par_1_35' title="bbox 2434 773 3873 852">
     <span class='ocr_line' id='line_1_35' title="bbox 2434 773 3873 852; baseline 0.006 -30"><span class='ocrx_word' id='word_1_240' title='bbox 2434 777 2674 835; x_wconf 84' lang='grc' dir='ltr'>κοινωνός</span> <span class='ocrx_word' id='word_1_241' title='bbox 2706 793 2718 807; x_wconf 88' lang='grc'><strong>·</strong></span> <span class='ocrx_word' id='word_1_242' title='bbox 2754 773 3056 847; x_wconf 83' lang='grc' dir='ltr'>ὠνόμασται</span> <span class='ocrx_word' id='word_1_243' title='bbox 3085 775 3186 847; x_wconf 73' lang='grc' dir='ltr'>γὰρ</span> <span class='ocrx_word' id='word_1_244' title='bbox 3243 792 3360 826; x_wconf 78' lang='grc' dir='ltr'>ποτε</span> <span class='ocrx_word' id='word_1_245' title='bbox 3413 779 3490 825; x_wconf 84' lang='grc' dir='ltr'>καὶ</span> <span class='ocrx_word' id='word_1_246' title='bbox 3533 781 3731 850; x_wconf 79' lang='grc' dir='ltr'>Τραίανὸς</span> <span class='ocrx_word' id='word_1_247' title='bbox 3769 788 3873 852; x_wconf 62' lang='grc' dir='ltr'>πατὴρ</span> 
     </span>
    </p>
   </div>
   <div class='ocr_carea' id='block_1_36' title="bbox 2435 856 3951 938">
    <p class='ocr_par' dir='ltr' id='par_1_36' title="bbox 2435 856 3951 938">
     <span class='ocr_line' id='line_1_36' title="bbox 2435 856 3951 938; baseline 0.003 -25"><span class='ocrx_word' id='word_1_248' title='bbox 2435 856 2530 913; x_wconf 76' lang='grc' dir='ltr'><strong>διὰ</strong></span> <span class='ocrx_word' id='word_1_249' title='bbox 2554 865 2610 914; x_wconf 83' lang='grc' dir='ltr'>τὸ</span> <span class='ocrx_word' id='word_1_250' title='bbox 2643 860 2858 934; x_wconf 70' lang='grc' dir='ltr'>ἀγαθὸν,</span> <span class='ocrx_word' id='word_1_251' title='bbox 2891 868 3065 936; x_wconf 81' lang='grc' dir='ltr'>Νέρων</span> <span class='ocrx_word' id='word_1_252' title='bbox 3089 858 3148 915; x_wconf 71' lang='grc' dir='ltr'><strong>δὲ</strong></span> <span class='ocrx_word' id='word_1_253' title='bbox 3199 864 3389 938; x_wconf 79' lang='grc' dir='ltr'>θηρίον,</span> <span class='ocrx_word' id='word_1_254' title='bbox 3431 864 3598 936; x_wconf 75' lang='grc' dir='ltr'>Ξέρξης</span> <span class='ocrx_word' id='word_1_255' title='bbox 3643 862 3689 919; x_wconf 70' lang='grc' dir='ltr'><strong>δὲ</strong></span> <span class='ocrx_word' id='word_1_256' title='bbox 3719 869 3876 932; x_wconf 68' lang='grc' dir='ltr'>κάπηλος,</span> 
     </span>
    </p>
   </div>
   <div class='ocr_carea' id='block_1_37' title="bbox 2433 952 3951 1024">
    <p class='ocr_par' dir='ltr' id='par_1_37' title="bbox 2433 952 3951 1024">
     <span class='ocr_line' id='line_1_37' title="bbox 2433 952 3951 1024; baseline 0.003 -21"><span class='ocrx_word' id='word_1_257' title='bbox 2433 952 2513 1003; x_wconf 87' lang='grc' dir='ltr'>ὃτι</span> <span class='ocrx_word' id='word_1_258' title='bbox 2587 953 2717 1024; x_wconf 79' lang='grc' dir='ltr'>ἄγαν</span> <span class='ocrx_word' id='word_1_259' title='bbox 2766 955 2815 1004; x_wconf 80' lang='grc' dir='ltr'>ἐν</span> <span class='ocrx_word' id='word_1_260' title='bbox 2866 962 2938 1024; x_wconf 74' lang='grc' dir='ltr'>τῷ</span> <span class='ocrx_word' id='word_1_261' title='bbox 3021 955 3114 1014; x_wconf 77' lang='grc' dir='ltr'><strong>τὰς</strong></span> <span class='ocrx_word' id='word_1_262' title='bbox 3190 955 3364 1024; x_wconf 74' lang='grc' dir='ltr'>φύσεις</span> <span class='ocrx_word' id='word_1_263' title='bbox 3423 953 3679 1011; x_wconf 80' lang='grc' dir='ltr'>καπηλεύειν</span> <span class='ocrx_word' id='word_1_264' title='bbox 3725 957 3877 1009; x_wconf 72' lang='grc' dir='ltr'>ἑϋεοττοίεε</span> 
     </span>
    </p>
   </div>
   <div class='ocr_carea' id='block_1_38' title="bbox 2434 1039 3951 1115">
    <p class='ocr_par' dir='ltr' id='par_1_38' title="bbox 2434 1039 3951 1115">
     <span class='ocr_line' id='line_1_38' title="bbox 2434 1039 3951 1115; baseline 0.001 -24"><span class='ocrx_word' id='word_1_265' title='bbox 2434 1040 2610 1108; x_wconf 74' lang='grc' dir='ltr'>αὑτὸν,</span> <span class='ocrx_word' id='word_1_266' title='bbox 2679 1039 2968 1103; x_wconf 85' lang='grc' dir='ltr'>πλατάνους</span> <span class='ocrx_word' id='word_1_267' title='bbox 3029 1043 3428 1104; x_wconf 83' lang='grc' dir='ltr'>κατασκευάζων</span> <span class='ocrx_word' id='word_1_268' title='bbox 3486 1047 3662 1115; x_wconf 78' lang='grc' dir='ltr'>χρυσᾶς</span> <span class='ocrx_word' id='word_1_269' title='bbox 3706 1043 3877 1114; x_wconf 48' lang='lat' dir='ltr'><strong>ﬁssile?</strong></span> 
     </span>
    </p>
   </div>
   <div class='ocr_carea' id='block_1_39' title="bbox 2436 1129 3874 1205">
    <p class='ocr_par' dir='ltr' id='par_1_39' title="bbox 2436 1129 3874 1205">
     <span class='ocr_line' id='line_1_39' title="bbox 2436 1129 3874 1205; baseline 0.002 -25"><span class='ocrx_word' id='word_1_270' title='bbox 2436 1148 2547 1198; x_wconf 86' lang='grc' dir='ltr'>σας,</span> <span class='ocrx_word' id='word_1_271' title='bbox 2597 1131 2626 1190; x_wconf 77' lang='grc' dir='ltr'>ἡ</span> <span class='ocrx_word' id='word_1_272' title='bbox 2706 1129 2896 1204; x_wconf 78' lang='grc' dir='ltr'>μᾶλλον</span> <span class='ocrx_word' id='word_1_273' title='bbox 2975 1133 3068 1184; x_wconf 79' lang='grc' dir='ltr'>σὺν</span> <span class='ocrx_word' id='word_1_274' title='bbox 3145 1129 3284 1200; x_wconf 69' lang='grc' dir='ltr'>αὐτῷ</span> <span class='ocrx_word' id='word_1_275' title='bbox 3348 1131 3520 1202; x_wconf 86' lang='grc' dir='ltr'>τάχιον</span> <span class='ocrx_word' id='word_1_276' title='bbox 3578 1130 3874 1205; x_wconf 61' lang='grc' dir='ltr'>ουλλορῥοοὺσπς.</span> 
     </span>
    </p>
   </div>
   <div class='ocr_carea' id='block_1_40' title="bbox 2432 1219 3874 1293">
    <p class='ocr_par' dir='ltr' id='par_1_40' title="bbox 2432 1219 3874 1293">
     <span class='ocr_line' id='line_1_40' title="bbox 2432 1219 3874 1293; baseline 0.001 -21"><span class='ocrx_word' id='word_1_277' title='bbox 2432 1219 2590 1272; x_wconf 65' lang='lat' dir='ltr'><strong>&quot;tto-rs</strong></span> <span class='ocrx_word' id='word_1_278' title='bbox 2673 1219 2798 1272; x_wconf 72' lang='grc' dir='ltr'>αὐτὸ</span> <span class='ocrx_word' id='word_1_279' title='bbox 2873 1221 3009 1274; x_wconf 79' lang='grc' dir='ltr'>θέσει</span> <span class='ocrx_word' id='word_1_280' title='bbox 3082 1221 3196 1271; x_wconf 78' lang='grc' dir='ltr'>τινὰ</span> <span class='ocrx_word' id='word_1_281' title='bbox 3256 1222 3438 1271; x_wconf 86' lang='grc' dir='ltr'>τούτων</span> <span class='ocrx_word' id='word_1_282' title='bbox 3490 1220 3517 1277; x_wconf 66' lang='grc' dir='ltr'>ἦ</span> <span class='ocrx_word' id='word_1_283' title='bbox 3561 1219 3707 1293; x_wconf 80' lang='grc' dir='ltr'>ἐτέρων</span> <span class='ocrx_word' id='word_1_284' title='bbox 3749 1226 3809 1272; x_wconf 76' lang='grc' dir='ltr'><strong>καί</strong></span> <span class='ocrx_word' id='word_1_285' title='bbox 3837 1241 3874 1273; x_wconf 67' lang='lat' dir='ltr'><strong>ut</strong></span> 
     </span>
    </p>
   </div>
   <div class='ocr_carea' id='block_1_41' title="bbox 2433 1303 3951 1400">
    <p class='ocr_par' dir='ltr' id='par_1_41' title="bbox 2433 1303 3951 1400">
     <span class='ocr_line' id='line_1_41' title="bbox 2433 1303 3951 1400; baseline -0.001 -40"><span class='ocrx_word' id='word_1_286' title='bbox 2433 1313 2631 1384; x_wconf 86' lang='grc' dir='ltr'>μυρίων</span> <span class='ocrx_word' id='word_1_287' title='bbox 2674 1313 2829 1362; x_wconf 81' lang='grc' dir='ltr'>ὄντων</span> <span class='ocrx_word' id='word_1_288' title='bbox 2905 1304 3144 1376; x_wconf 73' lang='grc' dir='ltr'><strong>ἐδόξασε,</strong></span> <span class='ocrx_word' id='word_1_289' title='bbox 3212 1306 3306 1359; x_wconf 78' lang='grc' dir='ltr'><strong>κᾶν</strong></span> <span class='ocrx_word' id='word_1_290' title='bbox 3358 1303 3607 1371; x_wconf 76' lang='grc' dir='ltr'>ἐδοξάζετο</span> <span class='ocrx_word' id='word_1_291' title='bbox 3647 1310 3768 1375; x_wconf 76' lang='grc' dir='ltr'>θέσει,</span> 
     </span>
    </p>
   </div>
   <div class='ocr_carea' id='block_1_42' title="bbox 2432 1391 3951 1484">
    <p class='ocr_par' dir='ltr' id='par_1_42' title="bbox 2432 1391 3951 1484">
     <span class='ocr_line' id='line_1_42' title="bbox 2432 1391 3951 1484; baseline -0.001 -34"><span class='ocrx_word' id='word_1_292' title='bbox 2432 1402 2490 1450; x_wconf 90' lang='grc' dir='ltr'>τὸ</span> <span class='ocrx_word' id='word_1_293' title='bbox 2520 1401 2692 1470; x_wconf 79' lang='grc' dir='ltr'>φύσει,</span> <span class='ocrx_word' id='word_1_294' title='bbox 2723 1400 2844 1471; x_wconf 82' lang='grc' dir='ltr'>ὅπερ</span> <span class='ocrx_word' id='word_1_295' title='bbox 2885 1402 2974 1450; x_wconf 80' lang='grc' dir='ltr'>καὶ</span> <span class='ocrx_word' id='word_1_296' title='bbox 3014 1402 3185 1469; x_wconf 83' lang='grc' dir='ltr'>τίμιον</span> <span class='ocrx_word' id='word_1_297' title='bbox 3239 1401 3330 1450; x_wconf 82' lang='grc' dir='ltr'>καὶ</span> <span class='ocrx_word' id='word_1_298' title='bbox 3377 1401 3554 1470; x_wconf 83' lang='grc' dir='ltr'>κυρίως</span> <span class='ocrx_word' id='word_1_299' title='bbox 3599 1400 3672 1448; x_wconf 74' lang='grc' dir='ltr'>καὶ</span> <span class='ocrx_word' id='word_1_300' title='bbox 3715 1391 3878 1448; x_wconf 72' lang='grc' dir='ltr'>ἱδιαίτατι</span> 
     </span>
    </p>
   </div>
   <div class='ocr_carea' id='block_1_43' title="bbox 2431 1483 3951 1562">
    <p class='ocr_par' dir='ltr' id='par_1_43' title="bbox 2431 1483 3951 1562">
     <span class='ocr_line' id='line_1_43' title="bbox 2431 1483 3951 1562; baseline -0.003 -22"><span class='ocrx_word' id='word_1_301' title='bbox 2431 1493 2762 1561; x_wconf 82' lang='grc' dir='ltr'>τιμιώτατον.</span> <span class='ocrx_word' id='word_1_302' title='bbox 2825 1487 2949 1562; x_wconf 79' lang='grc' dir='ltr'><strong>Ἐρᾲ</strong></span> <span class='ocrx_word' id='word_1_303' title='bbox 3003 1483 3064 1540; x_wconf 69' lang='grc' dir='ltr'><strong>δὲ</strong></span> <span class='ocrx_word' id='word_1_304' title='bbox 3110 1491 3201 1538; x_wconf 85' lang='grc' dir='ltr'>καὶ</span> <span class='ocrx_word' id='word_1_305' title='bbox 3267 1484 3511 1559; x_wconf 68' lang='grc' dir='ltr'>βασιλέως</span> <span class='ocrx_word' id='word_1_306' title='bbox 3580 1486 3762 1556; x_wconf 69' lang='grc' dir='ltr'>ὑφάντης</span> <span class='ocrx_word' id='word_1_307' title='bbox 3795 1493 3876 1537; x_wconf 53' lang='grc' dir='ltr'>τοῦτο</span> <span class='ocrx_word' id='word_1_308' title='bbox 3950 1497 3951 1562; x_wconf 51' lang='lat'>1</span> 
     </span>
    </p>
   </div>
   <div class='ocr_carea' id='block_1_44' title="bbox 2433 1573 3879 1651">
    <p class='ocr_par' dir='ltr' id='par_1_44' title="bbox 2433 1573 3879 1651">
     <span class='ocr_line' id='line_1_44' title="bbox 2433 1573 3879 1651; baseline -0.003 -22"><span class='ocrx_word' id='word_1_309' title='bbox 2433 1581 2650 1650; x_wconf 73' lang='grc' dir='ltr'>φυσικόν</span> <span class='ocrx_word' id='word_1_310' title='bbox 2675 1597 2687 1611; x_wconf 88' lang='grc'><strong>·</strong></span> <span class='ocrx_word' id='word_1_311' title='bbox 2719 1575 2965 1649; x_wconf 78' lang='grc' dir='ltr'>ἀνάγεται</span> <span class='ocrx_word' id='word_1_312' title='bbox 3019 1579 3121 1651; x_wconf 77' lang='grc' dir='ltr'><strong>γὰρ</strong></span> <span class='ocrx_word' id='word_1_313' title='bbox 3179 1578 3238 1628; x_wconf 84' lang='grc' dir='ltr'>τὸ</span> <span class='ocrx_word' id='word_1_314' title='bbox 3297 1574 3554 1648; x_wconf 86' lang='grc' dir='ltr'>ἐλάχιστον</span> <span class='ocrx_word' id='word_1_315' title='bbox 3594 1578 3700 1650; x_wconf 83' lang='grc' dir='ltr'>πρὸς</span> <span class='ocrx_word' id='word_1_316' title='bbox 3733 1578 3775 1626; x_wconf 82' lang='grc' dir='ltr'>τὸ</span> <span class='ocrx_word' id='word_1_317' title='bbox 3807 1573 3879 1640; x_wconf 67' lang='grc' dir='ltr'>ὅλον,</span> 
     </span>
    </p>
   </div>
   <div class='ocr_carea' id='block_1_45' title="bbox 2433 1661 3951 1748">
    <p class='ocr_par' dir='ltr' id='par_1_45' title="bbox 2433 1661 3951 1748">
     <span class='ocr_line' id='line_1_45' title="bbox 2433 1661 3951 1748; baseline -0.003 -30"><span class='ocrx_word' id='word_1_318' title='bbox 2433 1671 2522 1718; x_wconf 84' lang='grc' dir='ltr'>καὶ</span> <span class='ocrx_word' id='word_1_319' title='bbox 2553 1664 2805 1739; x_wconf 80' lang='grc' dir='ltr'>βασιλεύς</span> <span class='ocrx_word' id='word_1_320' title='bbox 2844 1661 3164 1738; x_wconf 79' lang='grc' dir='ltr'>ἀποδέχεται</span> <span class='ocrx_word' id='word_1_321' title='bbox 3217 1663 3466 1728; x_wconf 79' lang='grc' dir='ltr'>λιθοξοον.</span> <span class='ocrx_word' id='word_1_322' title='bbox 3515 1667 3658 1716; x_wconf 80' lang='grc' dir='ltr'>Τοῦτο</span> <span class='ocrx_word' id='word_1_323' title='bbox 3703 1661 3881 1735; x_wconf 49' lang='lat' dir='ltr'><strong>(pluviis.</strong></span> <span class='ocrx_word' id='word_1_324' title='bbox 3950 1727 3951 1748; x_wconf 18' lang='grc' dir='ltr'><strong>ᾖ</strong></span> 
     </span>
    </p>
   </div>
   <div class='ocr_carea' id='block_1_46' title="bbox 2433 1747 3951 1830">
    <p class='ocr_par' dir='ltr' id='par_1_46' title="bbox 2433 1747 3951 1830">
     <span class='ocr_line' id='line_1_46' title="bbox 2433 1747 3951 1830; baseline -0.014 -11"><span class='ocrx_word' id='word_1_325' title='bbox 2433 1775 2527 1808; x_wconf 69' lang='grc' dir='ltr'><strong>που</strong></span> <span class='ocrx_word' id='word_1_326' title='bbox 2564 1777 2578 1789; x_wconf 84' lang='grc'><strong><em>⁸</em></strong></span> <span class='ocrx_word' id='word_1_327' title='bbox 2613 1760 2749 1829; x_wconf 70' lang='grc' dir='ltr'>φέρει</span> <span class='ocrx_word' id='word_1_328' title='bbox 2779 1757 2880 1829; x_wconf 73' lang='grc' dir='ltr'><strong>γὰρ</strong></span> <span class='ocrx_word' id='word_1_329' title='bbox 2919 1758 2976 1808; x_wconf 87' lang='grc' dir='ltr'>τὸ</span> <span class='ocrx_word' id='word_1_330' title='bbox 3030 1753 3143 1807; x_wconf 84' lang='grc' dir='ltr'>ὅλον</span> <span class='ocrx_word' id='word_1_331' title='bbox 3190 1755 3256 1807; x_wconf 79' lang='grc' dir='ltr'>τὰ</span> <span class='ocrx_word' id='word_1_332' title='bbox 3290 1757 3438 1830; x_wconf 80' lang='grc' dir='ltr'>μέρη.</span> <span class='ocrx_word' id='word_1_333' title='bbox 3499 1759 3726 1811; x_wconf 79' lang='grc' dir='ltr'>Σκόπησον</span> <span class='ocrx_word' id='word_1_334' title='bbox 3773 1747 3812 1803; x_wconf 67' lang='lat' dir='ltr'><strong>cia</strong></span> <span class='ocrx_word' id='word_1_335' title='bbox 3843 1752 3882 1802; x_wconf 75' lang='grc' dir='ltr'>ἐτι</span> <span class='ocrx_word' id='word_1_336' title='bbox 3950 1791 3951 1806; x_wconf 20' lang='grc' dir='ltr'>ἢ</span> 
     </span>
    </p>
   </div>
   <div class='ocr_carea' id='block_1_47' title="bbox 2435 1839 3951 1920">
    <p class='ocr_par' dir='ltr' id='par_1_47' title="bbox 2435 1839 3951 1920">
     <span class='ocr_line' id='line_1_47' title="bbox 2435 1839 3951 1920; baseline -0.006 -21"><span class='ocrx_word' id='word_1_337' title='bbox 2435 1845 2616 1918; x_wconf 80' lang='grc' dir='ltr'>ἔλλογα</span> <span class='ocrx_word' id='word_1_338' title='bbox 2641 1853 2844 1899; x_wconf 76' lang='grc' dir='ltr'>ταῦτα’</span> <span class='ocrx_word' id='word_1_339' title='bbox 2875 1845 2968 1898; x_wconf 80' lang='grc' dir='ltr'><strong>οῦκ</strong></span> <span class='ocrx_word' id='word_1_340' title='bbox 3021 1842 3161 1898; x_wconf 83' lang='grc' dir='ltr'>εἶπον</span> <span class='ocrx_word' id='word_1_341' title='bbox 3211 1848 3314 1920; x_wconf 78' lang='grc' dir='ltr'><strong>γὰρ</strong></span> <span class='ocrx_word' id='word_1_342' title='bbox 3367 1846 3446 1896; x_wconf 86' lang='grc' dir='ltr'>ὃτι</span> <span class='ocrx_word' id='word_1_343' title='bbox 3487 1850 3688 1896; x_wconf 87' lang='grc' dir='ltr'>κοινωνεί</span> <span class='ocrx_word' id='word_1_344' title='bbox 3729 1839 3886 1914; x_wconf 57' lang='lat' dir='ltr'><strong>ﬂuuiis;</strong></span> <span class='ocrx_word' id='word_1_345' title='bbox 3950 1845 3951 1890; x_wconf 67' lang='grc' dir='ltr'>ξ</span> 
     </span>
    </p>
   </div>
   <div class='ocr_carea' id='block_1_48' title="bbox 2434 1929 3886 2010">
    <p class='ocr_par' dir='ltr' id='par_1_48' title="bbox 2434 1929 3886 2010">
     <span class='ocr_line' id='line_1_48' title="bbox 2434 1929 3886 2010; baseline -0.008 -20"><span class='ocrx_word' id='word_1_346' title='bbox 2434 1938 2678 2010; x_wconf 70' lang='grc' dir='ltr'>ὑφάντης,</span> <span class='ocrx_word' id='word_1_347' title='bbox 2705 1935 2808 1988; x_wconf 76' lang='grc' dir='ltr'>ἀλλ’</span> <span class='ocrx_word' id='word_1_348' title='bbox 2846 1937 2928 1988; x_wconf 85' lang='grc' dir='ltr'>ὅτι</span> <span class='ocrx_word' id='word_1_349' title='bbox 2971 1934 3082 2008; x_wconf 77' lang='grc' dir='ltr'>ἐρᾷ,</span> <span class='ocrx_word' id='word_1_350' title='bbox 3137 1934 3242 1987; x_wconf 74' lang='grc' dir='ltr'>ἀλλ’</span> <span class='ocrx_word' id='word_1_351' title='bbox 3295 1931 3416 1988; x_wconf 68' lang='grc' dir='ltr'><strong>οὐδὲ</strong></span> <span class='ocrx_word' id='word_1_352' title='bbox 3463 1933 3683 2006; x_wconf 73' lang='grc' dir='ltr'>βασιλεὺς</span> <span class='ocrx_word' id='word_1_353' title='bbox 3712 1938 3779 1983; x_wconf 74' lang='grc' dir='ltr'><strong>τοῦ</strong></span> <span class='ocrx_word' id='word_1_354' title='bbox 3811 1929 3886 1981; x_wconf 62' lang='lat' dir='ltr'><strong>it&#39;rr</strong></span> 
     </span>
    </p>
   </div>
   <div class='ocr_carea' id='block_1_49' title="bbox 2435 2018 3951 2108">
    <p class='ocr_par' dir='ltr' id='par_1_49' title="bbox 2435 2018 3951 2108">
     <span class='ocr_line' id='line_1_49' title="bbox 2435 2018 3951 2108; baseline -0.008 -29"><span class='ocrx_word' id='word_1_355' title='bbox 2435 2025 2552 2090; x_wconf 81' lang='grc' dir='ltr'>ξοου</span> <span class='ocrx_word' id='word_1_356' title='bbox 2611 2025 2717 2078; x_wconf 79' lang='grc' dir='ltr'>ἀλλ’</span> <span class='ocrx_word' id='word_1_357' title='bbox 2766 2021 3089 2097; x_wconf 77' lang='grc' dir='ltr'>ἀποδέχεται</span> <span class='ocrx_word' id='word_1_358' title='bbox 3135 2025 3268 2077; x_wconf 79' lang='grc' dir='ltr'>ὥστε</span> <span class='ocrx_word' id='word_1_359' title='bbox 3323 2027 3380 2076; x_wconf 85' lang='grc' dir='ltr'>τὸ</span> <span class='ocrx_word' id='word_1_360' title='bbox 3459 2018 3782 2093; x_wconf 70' lang='grc' dir='ltr'>ἀποδέχεσθαι,</span> <span class='ocrx_word' id='word_1_361' title='bbox 3814 2025 3888 2074; x_wconf 54' lang='grc' dir='ltr'>τινος</span> <span class='ocrx_word' id='word_1_362' title='bbox 3950 2093 3951 2108; x_wconf 13' lang='grc' dir='ltr'><strong>χ</strong></span> 
     </span>
    </p>
   </div>
   <div class='ocr_carea' id='block_1_50' title="bbox 2433 2110 3951 2187">
    <p class='ocr_par' dir='ltr' id='par_1_50' title="bbox 2433 2110 3951 2187">
     <span class='ocr_line' id='line_1_50' title="bbox 2433 2110 3951 2187; baseline -0.009 -19"><span class='ocrx_word' id='word_1_363' title='bbox 2433 2114 2543 2169; x_wconf 82' lang='grc' dir='ltr'>ἐστι</span> <span class='ocrx_word' id='word_1_364' title='bbox 2599 2119 2688 2168; x_wconf 85' lang='grc' dir='ltr'>καὶ</span> <span class='ocrx_word' id='word_1_365' title='bbox 2758 2114 2863 2187; x_wconf 83' lang='grc' dir='ltr'><strong>ούχ</strong></span> <span class='ocrx_word' id='word_1_366' title='bbox 2920 2114 3039 2174; x_wconf 78' lang='grc' dir='ltr'>ὅλης</span> <span class='ocrx_word' id='word_1_367' title='bbox 3112 2121 3203 2174; x_wconf 83' lang='grc' dir='ltr'>τῆς</span> <span class='ocrx_word' id='word_1_368' title='bbox 3262 2117 3533 2172; x_wconf 80' lang='grc' dir='ltr'>κοινωνίας.</span> <span class='ocrx_word' id='word_1_369' title='bbox 3585 2110 3724 2164; x_wconf 82' lang='grc' dir='ltr'>Ὀπου</span> <span class='ocrx_word' id='word_1_370' title='bbox 3765 2110 3830 2178; x_wconf 71' lang='grc' dir='ltr'>γὰρ</span> <span class='ocrx_word' id='word_1_371' title='bbox 3858 2113 3886 2156; x_wconf 72' lang='lat' dir='ltr'><strong>:i</strong></span> <span class='ocrx_word' id='word_1_372' title='bbox 3950 2135 3951 2182; x_wconf 37' lang='grc' dir='ltr'>ι</span> 
     </span>
    </p>
   </div>
   <div class='ocr_carea' id='block_1_51' title="bbox 2430 2199 3890 2276">
    <p class='ocr_par' dir='ltr' id='par_1_51' title="bbox 2430 2199 3890 2276">
     <span class='ocr_line' id='line_1_51' title="bbox 2430 2199 3890 2276; baseline -0.01 -20"><span class='ocrx_word' id='word_1_373' title='bbox 2430 2207 2726 2258; x_wconf 81' lang='grc' dir='ltr'>κοινωνικὸν</span> <span class='ocrx_word' id='word_1_374' title='bbox 2807 2205 2969 2276; x_wconf 81' lang='grc' dir='ltr'>ὄνομα</span> <span class='ocrx_word' id='word_1_375' title='bbox 3045 2209 3234 2269; x_wconf 78' lang='grc' dir='ltr'>κεῖται,</span> <span class='ocrx_word' id='word_1_376' title='bbox 3315 2205 3408 2261; x_wconf 75' lang='grc' dir='ltr'>τὴν</span> <span class='ocrx_word' id='word_1_377' title='bbox 3482 2209 3571 2254; x_wconf 78' lang='grc' dir='ltr'>τῶν</span> <span class='ocrx_word' id='word_1_378' title='bbox 3639 2199 3890 2250; x_wconf 60' lang='grc' dir='ltr'>κοινωνούιτω</span> 
     </span>
    </p>
   </div>
   <div class='ocr_carea' id='block_1_52' title="bbox 2432 2285 3890 2365">
    <p class='ocr_par' dir='ltr' id='par_1_52' title="bbox 2432 2285 3890 2365">
     <span class='ocr_line' id='line_1_52' title="bbox 2432 2285 3890 2365; baseline -0.01 -19"><span class='ocrx_word' id='word_1_379' title='bbox 2432 2290 2703 2353; x_wconf 80' lang='grc' dir='ltr'>δηλοποιεί</span> <span class='ocrx_word' id='word_1_380' title='bbox 2767 2295 3088 2365; x_wconf 71' lang='grc' dir='ltr'>συμφωνίαν.</span> <span class='ocrx_word' id='word_1_381' title='bbox 3168 2297 3409 2352; x_wconf 87' lang='grc' dir='ltr'>Τοιοῦτος</span> <span class='ocrx_word' id='word_1_382' title='bbox 3474 2291 3568 2363; x_wconf 84' lang='grc' dir='ltr'><strong>γάρ</strong></span> <span class='ocrx_word' id='word_1_383' title='bbox 3631 2286 3722 2340; x_wconf 75' lang='grc' dir='ltr'>ἐστι</span> <span class='ocrx_word' id='word_1_384' title='bbox 3763 2285 3890 2341; x_wconf 62' lang='grc' dir='ltr'>ἕκαστος</span> 
     </span>
    </p>
   </div>
   <div class='ocr_carea' id='block_1_53' title="bbox 2429 2370 3891 2456">
    <p class='ocr_par' dir='ltr' id='par_1_53' title="bbox 2429 2370 3891 2456">
     <span class='ocr_line' id='line_1_53' title="bbox 2429 2370 3891 2456; baseline -0.01 -20"><span class='ocrx_word' id='word_1_385' title='bbox 2429 2381 2610 2456; x_wconf 76' lang='grc' dir='ltr'>οἷσπερ</span> <span class='ocrx_word' id='word_1_386' title='bbox 2649 2379 2833 2442; x_wconf 74' lang='grc' dir='ltr'>ἣδεται</span> <span class='ocrx_word' id='word_1_387' title='bbox 2861 2382 3044 2449; x_wconf 83' lang='grc' dir='ltr'>ξυνὼν,</span> <span class='ocrx_word' id='word_1_388' title='bbox 3077 2383 3144 2444; x_wconf 84' lang='grc' dir='ltr'>ὡς</span> <span class='ocrx_word' id='word_1_389' title='bbox 3171 2385 3263 2434; x_wconf 81' lang='grc' dir='ltr'>καὶ</span> <span class='ocrx_word' id='word_1_390' title='bbox 3312 2384 3372 2432; x_wconf 83' lang='grc' dir='ltr'>τὸ</span> <span class='ocrx_word' id='word_1_391' title='bbox 3425 2377 3558 2451; x_wconf 74' lang='grc' dir='ltr'>φίλος</span> <span class='ocrx_word' id='word_1_392' title='bbox 3587 2381 3635 2429; x_wconf 87' lang='grc' dir='ltr'><strong>τί</strong></span> <span class='ocrx_word' id='word_1_393' title='bbox 3678 2375 3784 2427; x_wconf 81' lang='grc' dir='ltr'>ἐστιν</span> <span class='ocrx_word' id='word_1_394' title='bbox 3810 2370 3891 2428; x_wconf 65' lang='lat' dir='ltr'><strong>itis;</strong></span> 
     </span>
    </p>
   </div>
   <div class='ocr_carea' id='block_1_54' title="bbox 2427 2459 3951 2558">
    <p class='ocr_par' dir='ltr' id='par_1_54' title="bbox 2427 2459 3951 2558">
     <span class='ocr_line' id='line_1_54' title="bbox 2427 2459 3951 2558; baseline -0.01 -34"><span class='ocrx_word' id='word_1_395' title='bbox 2427 2473 2584 2534; x_wconf 72' lang='grc' dir='ltr'>αὐτὸς</span> <span class='ocrx_word' id='word_1_396' title='bbox 2639 2493 2651 2506; x_wconf 88' lang='grc'>·</span> <span class='ocrx_word' id='word_1_397' title='bbox 2693 2479 2922 2526; x_wconf 84' lang='grc' dir='ltr'>κοινωνιί</span> <span class='ocrx_word' id='word_1_398' title='bbox 2967 2473 3058 2544; x_wconf 66' lang='grc' dir='ltr'>μὲν</span> <span class='ocrx_word' id='word_1_399' title='bbox 3118 2472 3218 2543; x_wconf 78' lang='grc' dir='ltr'>γὰρ</span> <span class='ocrx_word' id='word_1_400' title='bbox 3273 2476 3382 2531; x_wconf 83' lang='grc' dir='ltr'>τοῖς</span> <span class='ocrx_word' id='word_1_401' title='bbox 3438 2469 3636 2540; x_wconf 83' lang='grc' dir='ltr'>ὁμοίοις,</span> <span class='ocrx_word' id='word_1_402' title='bbox 3681 2459 3891 2532; x_wconf 63' lang='grc' dir='ltr'>ἀποδέχεται</span> 
     </span>
    </p>
   </div>
   <div class='ocr_carea' id='block_1_55' title="bbox 2427 2548 3951 2638">
    <p class='ocr_par' dir='ltr' id='par_1_55' title="bbox 2427 2548 3951 2638">
     <span class='ocr_line' id='line_1_55' title="bbox 2427 2548 3951 2638; baseline -0.009 -24"><span class='ocrx_word' id='word_1_403' title='bbox 2427 2557 2487 2615; x_wconf 73' lang='grc' dir='ltr'><strong>δὲ</strong></span> <span class='ocrx_word' id='word_1_404' title='bbox 2513 2566 2604 2614; x_wconf 89' lang='grc' dir='ltr'><strong>καί</strong></span> <span class='ocrx_word' id='word_1_405' title='bbox 2630 2580 2752 2614; x_wconf 83' lang='grc' dir='ltr'>ποτε</span> <span class='ocrx_word' id='word_1_406' title='bbox 2780 2564 2846 2613; x_wconf 81' lang='grc' dir='ltr'>τὰ</span> <span class='ocrx_word' id='word_1_407' title='bbox 2898 2565 2970 2634; x_wconf 79' lang='grc' dir='ltr'>μὴ</span> <span class='ocrx_word' id='word_1_408' title='bbox 3022 2561 3178 2633; x_wconf 68' lang='grc' dir='ltr'>ὅμοιά</span> <span class='ocrx_word' id='word_1_409' title='bbox 3221 2578 3327 2628; x_wconf 83' lang='grc' dir='ltr'>τις,</span> <span class='ocrx_word' id='word_1_410' title='bbox 3381 2558 3484 2611; x_wconf 78' lang='grc' dir='ltr'>οἷον</span> <span class='ocrx_word' id='word_1_411' title='bbox 3541 2557 3676 2609; x_wconf 80' lang='grc' dir='ltr'>ἱππον</span> <span class='ocrx_word' id='word_1_412' title='bbox 3715 2548 3891 2638; x_wconf 38' lang='lat' dir='ltr'><strong>ipsi</strong></span> 
     </span>
    </p>
   </div>
   <div class='ocr_carea' id='block_1_56' title="bbox 2425 2634 3893 2724">
    <p class='ocr_par' dir='ltr' id='par_1_56' title="bbox 2425 2634 3893 2724">
     <span class='ocr_line' id='line_1_56' title="bbox 2425 2634 3893 2724; baseline -0.01 -21"><span class='ocrx_word' id='word_1_413' title='bbox 2425 2658 2577 2708; x_wconf 88' lang='grc' dir='ltr'>κῦνα.</span> <span class='ocrx_word' id='word_1_414' title='bbox 2610 2646 2803 2712; x_wconf 76' lang='grc' dir='ltr'>Ούδιὶς</span> <span class='ocrx_word' id='word_1_415' title='bbox 2827 2652 2928 2724; x_wconf 77' lang='grc' dir='ltr'>γὰρ</span> <span class='ocrx_word' id='word_1_416' title='bbox 2969 2654 3202 2702; x_wconf 85' lang='grc' dir='ltr'>κοινωνεῖ</span> <span class='ocrx_word' id='word_1_417' title='bbox 3256 2649 3399 2720; x_wconf 81' lang='grc' dir='ltr'>ἵππῳ</span> <span class='ocrx_word' id='word_1_418' title='bbox 3449 2649 3564 2716; x_wconf 78' lang='grc' dir='ltr'>τινὶ,</span> <span class='ocrx_word' id='word_1_419' title='bbox 3613 2646 3689 2694; x_wconf 78' lang='grc' dir='ltr'><strong>καί</strong></span> <span class='ocrx_word' id='word_1_420' title='bbox 3732 2634 3893 2695; x_wconf 69' lang='grc' dir='ltr'>οὖδεὶςω</span> 
     </span>
    </p>
   </div>
   <div class='ocr_carea' id='block_1_57' title="bbox 650 2837 3951 2934">
    <p class='ocr_par' dir='ltr' id='par_1_57' title="bbox 650 2837 3951 2934">
     <span class='ocr_line' id='line_1_57' title="bbox 650 2837 3951 2934; baseline -0.004 -29"><span class='ocrx_word' id='word_1_421' title='bbox 650 2864 797 2906; x_wconf 88' lang='lat' dir='ltr'><strong>nam</strong></span> <span class='ocrx_word' id='word_1_422' title='bbox 828 2849 1320 2922; x_wconf 89' lang='lat' dir='ltr'><strong>tempora,locos,</strong></span> <span class='ocrx_word' id='word_1_423' title='bbox 1339 2851 1619 2921; x_wconf 80' lang='lat' dir='ltr'><strong>rationes,</strong></span> <span class='ocrx_word' id='word_1_424' title='bbox 1638 2855 1696 2907; x_wconf 88' lang='lat' dir='ltr'><strong>et</strong></span> <span class='ocrx_word' id='word_1_425' title='bbox 1717 2867 1810 2907; x_wconf 89' lang='lat' dir='ltr'><strong>res</strong></span> <span class='ocrx_word' id='word_1_426' title='bbox 1842 2855 2154 2918; x_wconf 82' lang='lat' dir='ltr'><strong>scrutatur,</strong></span> <span class='ocrx_word' id='word_1_427' title='bbox 2175 2854 2302 2926; x_wconf 91' lang='lat' dir='ltr'><strong>qui-</strong></span> <span class='ocrx_word' id='word_1_428' title='bbox 2341 2853 2382 2907; x_wconf 90' lang='lat' dir='ltr'>C</span> <span class='ocrx_word' id='word_1_429' title='bbox 2412 2853 2558 2911; x_wconf 89' lang='lat' dir='ltr'><strong>alter</strong></span> <span class='ocrx_word' id='word_1_430' title='bbox 2583 2869 2723 2911; x_wconf 90' lang='lat' dir='ltr'><strong>vero</strong></span> <span class='ocrx_word' id='word_1_431' title='bbox 2753 2869 2791 2910; x_wconf 88' lang='lat' dir='ltr'><strong>a</strong></span> <span class='ocrx_word' id='word_1_432' title='bbox 2819 2852 2936 2909; x_wconf 85' lang='lat' dir='ltr'><strong>ﬁne</strong></span> <span class='ocrx_word' id='word_1_433' title='bbox 2958 2855 3015 2908; x_wconf 92' lang='lat' dir='ltr'><strong>et</strong></span> <span class='ocrx_word' id='word_1_434' title='bbox 3035 2852 3155 2908; x_wconf 87' lang='lat' dir='ltr'><strong>ﬁne</strong></span> <span class='ocrx_word' id='word_1_435' title='bbox 3180 2867 3380 2925; x_wconf 89' lang='lat' dir='ltr'><strong>usque</strong></span> <span class='ocrx_word' id='word_1_436' title='bbox 3401 2849 3480 2907; x_wconf 90' lang='lat' dir='ltr'><strong>ad</strong></span> <span class='ocrx_word' id='word_1_437' title='bbox 3498 2850 3783 2934; x_wconf 45' lang='lat' dir='ltr'><strong>punctum;</strong></span> <span class='ocrx_word' id='word_1_438' title='bbox 3811 2837 3910 2894; x_wconf 75' lang='lat' dir='ltr'><strong>idiota</strong></span> 
     </span>
    </p>
   </div>
   <div class='ocr_carea' id='block_1_58' title="bbox 646 2938 2302 3013">
    <p class='ocr_par' dir='ltr' id='par_1_58' title="bbox 646 2938 2302 3013">
     <span class='ocr_line' id='line_1_58' title="bbox 646 2938 2302 3013; baseline 0.003 -18"><span class='ocrx_word' id='word_1_439' title='bbox 646 2939 763 2996; x_wconf 91' lang='lat' dir='ltr'><strong>bus</strong></span> <span class='ocrx_word' id='word_1_440' title='bbox 799 2938 1166 3011; x_wconf 83' lang='lat' dir='ltr'><strong>investigatis</strong></span> <span class='ocrx_word' id='word_1_441' title='bbox 1202 2940 1539 2996; x_wconf 83' lang='lat' dir='ltr'><strong>doctrinam</strong></span> <span class='ocrx_word' id='word_1_442' title='bbox 1577 2941 1911 3013; x_wconf 81' lang='lat' dir='ltr'><strong>quamdam</strong></span> <span class='ocrx_word' id='word_1_443' title='bbox 1946 2942 2302 3001; x_wconf 79' lang='lat' dir='ltr'><strong>nobiliorem</strong></span> 
     </span>
    </p>
   </div>
   <div class='ocr_carea' id='block_1_59' title="bbox 646 3030 2300 3104">
    <p class='ocr_par' dir='ltr' id='par_1_59' title="bbox 646 3030 2300 3104">
     <span class='ocr_line' id='line_1_59' title="bbox 646 3030 2300 3104; baseline 0.003 -20"><span class='ocrx_word' id='word_1_444' title='bbox 646 3030 846 3086; x_wconf 79' lang='lat' dir='ltr'><strong>tradit.</strong></span> <span class='ocrx_word' id='word_1_445' title='bbox 866 3032 986 3086; x_wconf 80' lang='lat' dir='ltr'><strong>Hoc</strong></span> <span class='ocrx_word' id='word_1_446' title='bbox 1001 3030 1060 3086; x_wconf 93' lang='lat' dir='ltr'><strong>in</strong></span> <span class='ocrx_word' id='word_1_447' title='bbox 1080 3030 1394 3102; x_wconf 71' lang='lat' dir='ltr'><strong>przesentia</strong></span> <span class='ocrx_word' id='word_1_448' title='bbox 1409 3030 1747 3104; x_wconf 76' lang='lat' dir='ltr'><strong>exemplum</strong></span> <span class='ocrx_word' id='word_1_449' title='bbox 1773 3047 2106 3104; x_wconf 79' lang='lat' dir='ltr'><strong>proponere</strong></span> <span class='ocrx_word' id='word_1_450' title='bbox 2119 3032 2300 3089; x_wconf 85' lang='lat' dir='ltr'><strong>volui-</strong></span> 
     </span>
    </p>
   </div>
   <div class='ocr_carea' id='block_1_60' title="bbox 643 3117 2298 3192">
    <p class='ocr_par' dir='ltr' id='par_1_60' title="bbox 643 3117 2298 3192">
     <span class='ocr_line' id='line_1_60' title="bbox 643 3117 2298 3192; baseline 0.002 -18"><span class='ocrx_word' id='word_1_451' title='bbox 643 3134 802 3176; x_wconf 88' lang='lat' dir='ltr'><strong>mus.</strong></span> <span class='ocrx_word' id='word_1_452' title='bbox 823 3122 903 3174; x_wconf 81' lang='lat' dir='ltr'><strong>Ac</strong></span> <span class='ocrx_word' id='word_1_453' title='bbox 923 3118 998 3175; x_wconf 93' lang='lat' dir='ltr'><strong>de</strong></span> <span class='ocrx_word' id='word_1_454' title='bbox 1017 3117 1378 3189; x_wconf 83' lang='lat' dir='ltr'><strong>agricultura</strong></span> <span class='ocrx_word' id='word_1_455' title='bbox 1398 3119 1646 3192; x_wconf 85' lang='lat' dir='ltr'><strong>quidem</strong></span> <span class='ocrx_word' id='word_1_456' title='bbox 1669 3119 1984 3176; x_wconf 86' lang='lat' dir='ltr'><strong>hactenus.</strong></span> <span class='ocrx_word' id='word_1_457' title='bbox 2021 3121 2298 3178; x_wconf 84' lang='lat' dir='ltr'><strong>Dicamus</strong></span> 
     </span>
    </p>
   </div>
   <div class='ocr_carea' id='block_1_61' title="bbox 641 3207 2291 3282">
    <p class='ocr_par' dir='ltr' id='par_1_61' title="bbox 641 3207 2291 3282">
     <span class='ocr_line' id='line_1_61' title="bbox 641 3207 2291 3282; baseline 0.004 -21"><span class='ocrx_word' id='word_1_458' title='bbox 641 3223 785 3264; x_wconf 75' lang='lat' dir='ltr'><strong>vero</strong></span> <span class='ocrx_word' id='word_1_459' title='bbox 802 3207 877 3264; x_wconf 91' lang='lat' dir='ltr'><strong>de</strong></span> <span class='ocrx_word' id='word_1_460' title='bbox 899 3207 1031 3278; x_wconf 87' lang='lat' dir='ltr'><strong>illis,</strong></span> <span class='ocrx_word' id='word_1_461' title='bbox 1053 3207 1128 3264; x_wconf 91' lang='lat' dir='ltr'><strong>de</strong></span> <span class='ocrx_word' id='word_1_462' title='bbox 1148 3208 1370 3280; x_wconf 85' lang='lat' dir='ltr'><strong>quibus</strong></span> <span class='ocrx_word' id='word_1_463' title='bbox 1389 3224 1501 3264; x_wconf 90' lang='lat' dir='ltr'><strong>nos</strong></span> <span class='ocrx_word' id='word_1_464' title='bbox 1519 3209 1780 3265; x_wconf 89' lang='lat' dir='ltr'><strong>dicturos</strong></span> <span class='ocrx_word' id='word_1_465' title='bbox 1801 3209 2043 3282; x_wconf 88' lang='lat' dir='ltr'><strong>polliciti</strong></span> <span class='ocrx_word' id='word_1_466' title='bbox 2063 3227 2291 3267; x_wconf 91' lang='lat' dir='ltr'><strong>sumus.</strong></span> 
     </span>
    </p>
   </div>
   <div class='ocr_carea' id='block_1_62' title="bbox 713 3296 2297 3367">
    <p class='ocr_par' dir='ltr' id='par_1_62' title="bbox 713 3296 2297 3367">
     <span class='ocr_line' id='line_1_62' title="bbox 713 3296 2297 3367; baseline 0.004 -17"><span class='ocrx_word' id='word_1_467' title='bbox 713 3301 764 3351; x_wconf 88' lang='lat'><strong>8.</strong></span> <span class='ocrx_word' id='word_1_468' title='bbox 787 3301 896 3352; x_wconf 84' lang='lat' dir='ltr'><strong>Ars</strong></span> <span class='ocrx_word' id='word_1_469' title='bbox 924 3296 1101 3367; x_wconf 84' lang='lat' dir='ltr'><strong>igitur</strong></span> <span class='ocrx_word' id='word_1_470' title='bbox 1130 3297 1388 3353; x_wconf 89' lang='lat' dir='ltr'><strong>ducendi</strong></span> <span class='ocrx_word' id='word_1_471' title='bbox 1441 3298 1762 3354; x_wconf 83' lang='lat' dir='ltr'><strong>exercitum</strong></span> <span class='ocrx_word' id='word_1_472' title='bbox 1813 3298 2066 3355; x_wconf 89' lang='lat' dir='ltr'><strong>honesta</strong></span> <span class='ocrx_word' id='word_1_473' title='bbox 2102 3304 2194 3356; x_wconf 88' lang='lat' dir='ltr'><strong>est</strong></span> <span class='ocrx_word' id='word_1_474' title='bbox 2239 3305 2297 3357; x_wconf 85' lang='lat' dir='ltr'><strong>et</strong></span> 
     </span>
    </p>
   </div>
   <div class='ocr_carea' id='block_1_63' title="bbox 640 3385 2292 3459">
    <p class='ocr_par' dir='ltr' id='par_1_63' title="bbox 640 3385 2292 3459">
     <span class='ocr_line' id='line_1_63' title="bbox 640 3385 2292 3459; baseline 0.004 -19"><span class='ocrx_word' id='word_1_475' title='bbox 640 3385 949 3457; x_wconf 82' lang='lat' dir='ltr'><strong>praeclara,</strong></span> <span class='ocrx_word' id='word_1_476' title='bbox 1003 3391 1063 3443; x_wconf 90' lang='lat' dir='ltr'><strong>at</strong></span> <span class='ocrx_word' id='word_1_477' title='bbox 1111 3401 1210 3441; x_wconf 89' lang='lat' dir='ltr'><strong>ars</strong></span> <span class='ocrx_word' id='word_1_478' title='bbox 1257 3386 1572 3442; x_wconf 81' lang='lat' dir='ltr'><strong>auriiicum</strong></span> <span class='ocrx_word' id='word_1_479' title='bbox 1620 3393 1710 3442; x_wconf 89' lang='lat' dir='ltr'><strong>est</strong></span> <span class='ocrx_word' id='word_1_480' title='bbox 1752 3387 2074 3459; x_wconf 86' lang='lat' dir='ltr'><strong>superﬂua.</strong></span> <span class='ocrx_word' id='word_1_481' title='bbox 2109 3388 2292 3446; x_wconf 88' lang='lat' dir='ltr'><strong>Porro</strong></span> 
     </span>
    </p>
   </div>
   <div class='ocr_carea' id='block_1_64' title="bbox 641 3475 2288 3546">
    <p class='ocr_par' dir='ltr' id='par_1_64' title="bbox 641 3475 2288 3546">
     <span class='ocr_line' id='line_1_64' title="bbox 641 3475 2288 3546; baseline 0.002 -17"><span class='ocrx_word' id='word_1_482' title='bbox 641 3479 829 3546; x_wconf 72' lang='lat' dir='ltr'><strong>Cyrus</strong></span> <span class='ocrx_word' id='word_1_483' title='bbox 859 3491 996 3529; x_wconf 91' lang='lat' dir='ltr'><strong>cum</strong></span> <span class='ocrx_word' id='word_1_484' title='bbox 1029 3490 1140 3530; x_wconf 91' lang='lat' dir='ltr'><strong>suo</strong></span> <span class='ocrx_word' id='word_1_485' title='bbox 1169 3475 1429 3530; x_wconf 78' lang='lat' dir='ltr'><strong>exercitu</strong></span> <span class='ocrx_word' id='word_1_486' title='bbox 1457 3475 1805 3531; x_wconf 88' lang='lat' dir='ltr'><strong>eruditionis</strong></span> <span class='ocrx_word' id='word_1_487' title='bbox 1843 3481 2070 3532; x_wconf 79' lang='lat' dir='ltr'><strong>ratione</strong></span> <span class='ocrx_word' id='word_1_488' title='bbox 2124 3492 2288 3533; x_wconf 88' lang='lat' dir='ltr'><strong>com-</strong></span> 
     </span>
    </p>
   </div>
   <div class='ocr_carea' id='block_1_65' title="bbox 637 3562 2288 3634">
    <p class='ocr_par' dir='ltr' id='par_1_65' title="bbox 637 3562 2288 3634">
     <span class='ocr_line' id='line_1_65' title="bbox 637 3562 2288 3634; baseline 0.001 -18"><span class='ocrx_word' id='word_1_489' title='bbox 637 3562 926 3629; x_wconf 85' lang='lat' dir='ltr'><strong>municat,</strong></span> <span class='ocrx_word' id='word_1_490' title='bbox 951 3562 1176 3618; x_wconf 89' lang='lat' dir='ltr'><strong>docens</strong></span> <span class='ocrx_word' id='word_1_491' title='bbox 1195 3562 1390 3634; x_wconf 85' lang='lat' dir='ltr'><strong>ipsum</strong></span> <span class='ocrx_word' id='word_1_492' title='bbox 1414 3562 1814 3633; x_wconf 81' lang='lat' dir='ltr'><strong>frugalitatem</strong></span> <span class='ocrx_word' id='word_1_493' title='bbox 1840 3569 1896 3619; x_wconf 90' lang='lat' dir='ltr'><strong>et</strong></span> <span class='ocrx_word' id='word_1_494' title='bbox 1922 3562 1982 3618; x_wconf 90' lang='lat' dir='ltr'><strong>in</strong></span> <span class='ocrx_word' id='word_1_495' title='bbox 2032 3579 2147 3618; x_wconf 88' lang='lat' dir='ltr'><strong>usu</strong></span> <span class='ocrx_word' id='word_1_496' title='bbox 2185 3579 2288 3618; x_wconf 91' lang='lat' dir='ltr'><strong>su-</strong></span> 
     </span>
    </p>
   </div>
   <div class='ocr_carea' id='block_1_66' title="bbox 637 3650 2288 3722">
    <p class='ocr_par' dir='ltr' id='par_1_66' title="bbox 637 3650 2288 3722">
     <span class='ocr_line' id='line_1_66' title="bbox 637 3650 2288 3722; baseline 0.002 -18"><span class='ocrx_word' id='word_1_497' title='bbox 637 3651 869 3722; x_wconf 85' lang='lat' dir='ltr'><strong>perﬂuo</strong></span> <span class='ocrx_word' id='word_1_498' title='bbox 892 3651 1387 3707; x_wconf 78' lang='lat' dir='ltr'><strong>moderationem.</strong></span> <span class='ocrx_word' id='word_1_499' title='bbox 1413 3654 1646 3709; x_wconf 80' lang='lat' dir='ltr'><strong>Crcesus</strong></span> <span class='ocrx_word' id='word_1_500' title='bbox 1685 3658 1907 3716; x_wconf 88' lang='lat' dir='ltr'><strong>autem,</strong></span> <span class='ocrx_word' id='word_1_501' title='bbox 1950 3668 2022 3708; x_wconf 82' lang='lat' dir='ltr'><strong>ex</strong></span> <span class='ocrx_word' id='word_1_502' title='bbox 2053 3650 2288 3708; x_wconf 87' lang='lat' dir='ltr'><strong>Pactolo</strong></span> 
     </span>
    </p>
   </div>
   <div class='ocr_carea' id='block_1_67' title="bbox 639 3739 2288 3808">
    <p class='ocr_par' dir='ltr' id='par_1_67' title="bbox 639 3739 2288 3808">
     <span class='ocr_line' id='line_1_67' title="bbox 639 3739 2288 3808; baseline 0.002 -14"><span class='ocrx_word' id='word_1_503' title='bbox 639 3754 865 3808; x_wconf 83' lang='lat' dir='ltr'><strong>magna</strong></span> <span class='ocrx_word' id='word_1_504' title='bbox 894 3739 948 3794; x_wconf 85' lang='lat' dir='ltr'><strong>vi</strong></span> <span class='ocrx_word' id='word_1_505' title='bbox 987 3739 1116 3796; x_wconf 89' lang='lat' dir='ltr'><strong>auri</strong></span> <span class='ocrx_word' id='word_1_506' title='bbox 1147 3739 1411 3806; x_wconf 90' lang='lat' dir='ltr'><strong>collecta,</strong></span> <span class='ocrx_word' id='word_1_507' title='bbox 1463 3741 1766 3797; x_wconf 86' lang='lat' dir='ltr'><strong>constituit</strong></span> <span class='ocrx_word' id='word_1_508' title='bbox 1795 3741 2288 3798; x_wconf 87' lang='lat' dir='ltr'><strong>communionem</strong></span> 
     </span>
    </p>
   </div>
   <div class='ocr_carea' id='block_1_68' title="bbox 637 3828 2289 3896">
    <p class='ocr_par' dir='ltr' id='par_1_68' title="bbox 637 3828 2289 3896">
     <span class='ocr_line' id='line_1_68' title="bbox 637 3828 2289 3896; baseline 0.002 -13"><span class='ocrx_word' id='word_1_509' title='bbox 637 3845 776 3884; x_wconf 89' lang='lat' dir='ltr'><strong>cum</strong></span> <span class='ocrx_word' id='word_1_510' title='bbox 801 3828 1172 3896; x_wconf 86' lang='lat' dir='ltr'><strong>auriﬁcibus,</strong></span> <span class='ocrx_word' id='word_1_511' title='bbox 1205 3829 1320 3885; x_wconf 91' lang='lat' dir='ltr'><strong>hoc</strong></span> <span class='ocrx_word' id='word_1_512' title='bbox 1340 3829 1524 3885; x_wconf 92' lang='lat' dir='ltr'><strong>modo</strong></span> <span class='ocrx_word' id='word_1_513' title='bbox 1565 3829 1811 3886; x_wconf 88' lang='lat' dir='ltr'><strong>beatum</strong></span> <span class='ocrx_word' id='word_1_514' title='bbox 1855 3847 1918 3887; x_wconf 89' lang='lat' dir='ltr'><strong>se</strong></span> <span class='ocrx_word' id='word_1_515' title='bbox 1948 3830 2072 3886; x_wconf 85' lang='lat' dir='ltr'><strong>fore</strong></span> <span class='ocrx_word' id='word_1_516' title='bbox 2097 3831 2289 3886; x_wconf 82' lang='lat' dir='ltr'><strong>existi-</strong></span> 
     </span>
    </p>
   </div>
   <div class='ocr_carea' id='block_1_69' title="bbox 633 3917 2287 3992">
    <p class='ocr_par' dir='ltr' id='par_1_69' title="bbox 633 3917 2287 3992">
     <span class='ocr_line' id='line_1_69' title="bbox 633 3917 2287 3992; baseline 0.001 -18"><span class='ocrx_word' id='word_1_517' title='bbox 633 3933 833 3974; x_wconf 88' lang='lat' dir='ltr'><strong>mans.</strong></span> <span class='ocrx_word' id='word_1_518' title='bbox 866 3920 996 3984; x_wconf 90' lang='lat' dir='ltr'><strong>Qua</strong></span> <span class='ocrx_word' id='word_1_519' title='bbox 1041 3923 1243 3974; x_wconf 90' lang='lat' dir='ltr'><strong>tamen</strong></span> <span class='ocrx_word' id='word_1_520' title='bbox 1301 3917 1602 3986; x_wconf 89' lang='lat' dir='ltr'><strong>beatitate,</strong></span> <span class='ocrx_word' id='word_1_521' title='bbox 1649 3935 1839 3992; x_wconf 88' lang='lat' dir='ltr'><strong>quam</strong></span> <span class='ocrx_word' id='word_1_522' title='bbox 1886 3919 2170 3992; x_wconf 85' lang='lat' dir='ltr'><strong>sperabat</strong></span> <span class='ocrx_word' id='word_1_523' title='bbox 2223 3935 2287 3976; x_wconf 91' lang='lat' dir='ltr'><strong>se</strong></span> 
     </span>
    </p>
   </div>
   <div class='ocr_carea' id='block_1_70' title="bbox 632 4007 2284 4080">
    <p class='ocr_par' dir='ltr' id='par_1_70' title="bbox 632 4007 2284 4080">
     <span class='ocr_line' id='line_1_70' title="bbox 632 4007 2284 4080; baseline 0 -16"><span class='ocrx_word' id='word_1_524' title='bbox 632 4013 1119 4074; x_wconf 86' lang='lat' dir='ltr'><strong>consecuturum,</strong></span> <span class='ocrx_word' id='word_1_525' title='bbox 1151 4024 1188 4064; x_wconf 91' lang='lat' dir='ltr'><strong>a</strong></span> <span class='ocrx_word' id='word_1_526' title='bbox 1219 4007 1432 4066; x_wconf 91' lang='lat' dir='ltr'><strong>Solone</strong></span> <span class='ocrx_word' id='word_1_527' title='bbox 1457 4007 1676 4078; x_wconf 85' lang='lat' dir='ltr'><strong>dignus</strong></span> <span class='ocrx_word' id='word_1_528' title='bbox 1705 4024 1828 4064; x_wconf 90' lang='lat' dir='ltr'><strong>non</strong></span> <span class='ocrx_word' id='word_1_529' title='bbox 1858 4014 1943 4065; x_wconf 89' lang='lat' dir='ltr'><strong>est</strong></span> <span class='ocrx_word' id='word_1_530' title='bbox 1959 4009 2284 4080; x_wconf 89' lang='lat' dir='ltr'><strong>judicatus,</strong></span> 
     </span>
    </p>
   </div>
   <div class='ocr_carea' id='block_1_71' title="bbox 635 4095 2286 4171">
    <p class='ocr_par' dir='ltr' id='par_1_71' title="bbox 635 4095 2286 4171">
     <span class='ocr_line' id='line_1_71' title="bbox 635 4095 2286 4171; baseline 0.002 -20"><span class='ocrx_word' id='word_1_531' title='bbox 635 4113 774 4152; x_wconf 91' lang='lat' dir='ltr'><strong>cum</strong></span> <span class='ocrx_word' id='word_1_532' title='bbox 799 4096 1060 4168; x_wconf 87' lang='lat' dir='ltr'><strong>tripodes</strong></span> <span class='ocrx_word' id='word_1_533' title='bbox 1099 4096 1400 4169; x_wconf 89' lang='lat' dir='ltr'><strong>quosdam</strong></span> <span class='ocrx_word' id='word_1_534' title='bbox 1424 4112 1638 4154; x_wconf 83' lang='lat' dir='ltr'><strong>aureos</strong></span> <span class='ocrx_word' id='word_1_535' title='bbox 1686 4101 1743 4154; x_wconf 91' lang='lat' dir='ltr'><strong>et</strong></span> <span class='ocrx_word' id='word_1_536' title='bbox 1789 4095 2004 4154; x_wconf 88' lang='lat' dir='ltr'><strong>lateres</strong></span> <span class='ocrx_word' id='word_1_537' title='bbox 2041 4113 2286 4171; x_wconf 89' lang='lat' dir='ltr'><strong>quoque</strong></span> 
     </span>
    </p>
   </div>
   <div class='ocr_carea' id='block_1_72' title="bbox 2410 2927 3951 3016">
    <p class='ocr_par' dir='ltr' id='par_1_72' title="bbox 2410 2927 3951 3016">
     <span class='ocr_line' id='line_1_72' title="bbox 2410 2927 3951 3016; baseline -0.003 -17"><span class='ocrx_word' id='word_1_538' title='bbox 2410 2948 2466 2999; x_wconf 90' lang='lat' dir='ltr'><strong>et</strong></span> <span class='ocrx_word' id='word_1_539' title='bbox 2495 2943 2626 2999; x_wconf 89' lang='lat' dir='ltr'><strong>auri</strong></span> <span class='ocrx_word' id='word_1_540' title='bbox 2662 2958 2875 3016; x_wconf 81' lang='lat' dir='ltr'><strong>expers</strong></span> <span class='ocrx_word' id='word_1_541' title='bbox 2901 2941 3103 2998; x_wconf 84' lang='lat' dir='ltr'><strong>evasit.</strong></span> <span class='ocrx_word' id='word_1_542' title='bbox 3140 2943 3340 3007; x_wconf 88' lang='lat' dir='ltr'><strong>Quare</strong></span> <span class='ocrx_word' id='word_1_543' title='bbox 3387 2935 3706 2996; x_wconf 88' lang='lat' dir='ltr'><strong>communio</strong></span> <span class='ocrx_word' id='word_1_544' title='bbox 3741 2927 3815 2986; x_wconf 79' lang='lat' dir='ltr'><strong>illa</strong></span> <span class='ocrx_word' id='word_1_545' title='bbox 3843 2939 3910 2996; x_wconf 52' lang='lat' dir='ltr'><strong>qua</strong></span> <span class='ocrx_word' id='word_1_546' title='bbox 3950 2927 3951 3004; x_wconf 59' lang='grc' dir='ltr'><em>ξ</em></span> 
     </span>
    </p>
   </div>
   <div class='ocr_carea' id='block_1_73' title="bbox 2407 3015 3912 3106">
    <p class='ocr_par' dir='ltr' id='par_1_73' title="bbox 2407 3015 3912 3106">
     <span class='ocr_line' id='line_1_73' title="bbox 2407 3015 3912 3106; baseline -0.013 -20"><span class='ocrx_word' id='word_1_547' title='bbox 2407 3036 2498 3088; x_wconf 88' lang='lat' dir='ltr'><strong>est</strong></span> <span class='ocrx_word' id='word_1_548' title='bbox 2551 3047 2626 3088; x_wconf 81' lang='lat' dir='ltr'><strong>ex</strong></span> <span class='ocrx_word' id='word_1_549' title='bbox 2694 3015 3120 3102; x_wconf 85' lang='lat' dir='ltr'><strong>temperatione</strong></span> <span class='ocrx_word' id='word_1_550' title='bbox 3189 3026 3468 3092; x_wconf 85' lang='lat' dir='ltr'><strong>naturali,</strong></span> <span class='ocrx_word' id='word_1_551' title='bbox 3523 3022 3690 3081; x_wconf 91' lang='lat' dir='ltr'><strong>multo</strong></span> <span class='ocrx_word' id='word_1_552' title='bbox 3727 3015 3912 3106; x_wconf 81' lang='lat' dir='ltr'><strong>melior</strong></span> 
     </span>
    </p>
   </div>
   <div class='ocr_carea' id='block_1_74' title="bbox 2403 3107 3912 3200">
    <p class='ocr_par' dir='ltr' id='par_1_74' title="bbox 2403 3107 3912 3200">
     <span class='ocr_line' id='line_1_74' title="bbox 2403 3107 3912 3200; baseline -0.012 -23"><span class='ocrx_word' id='word_1_553' title='bbox 2403 3120 2782 3193; x_wconf 72' lang='lat' dir='ltr'><strong>prmstantior</strong></span> <span class='ocrx_word' id='word_1_554' title='bbox 2828 3122 2916 3174; x_wconf 89' lang='lat' dir='ltr'><strong>est</strong></span> <span class='ocrx_word' id='word_1_555' title='bbox 2963 3134 3054 3183; x_wconf 90' lang='lat' dir='ltr'><strong>ea,</strong></span> <span class='ocrx_word' id='word_1_556' title='bbox 3087 3133 3224 3190; x_wconf 73' lang='lat' dir='ltr'><strong>quae</strong></span> <span class='ocrx_word' id='word_1_557' title='bbox 3265 3123 3360 3173; x_wconf 88' lang='lat' dir='ltr'><strong>est</strong></span> <span class='ocrx_word' id='word_1_558' title='bbox 3411 3131 3483 3171; x_wconf 83' lang='lat' dir='ltr'><strong>ex</strong></span> <span class='ocrx_word' id='word_1_559' title='bbox 3536 3107 3912 3200; x_wconf 56' lang='lat' dir='ltr'><strong>temperationiel</strong></span> 
     </span>
    </p>
   </div>
   <div class='ocr_carea' id='block_1_75' title="bbox 2403 3203 3912 3289">
    <p class='ocr_par' dir='ltr' id='par_1_75' title="bbox 2403 3203 3912 3289">
     <span class='ocr_line' id='line_1_75' title="bbox 2403 3203 3912 3289; baseline -0.011 -25"><span class='ocrx_word' id='word_1_560' title='bbox 2403 3209 2844 3266; x_wconf 88' lang='lat' dir='ltr'><strong>constitutione.</strong></span> <span class='ocrx_word' id='word_1_561' title='bbox 2873 3211 3021 3265; x_wconf 86' lang='lat' dir='ltr'><strong>Nam</strong></span> <span class='ocrx_word' id='word_1_562' title='bbox 3036 3223 3206 3278; x_wconf 87' lang='lat' dir='ltr'><strong>reges</strong></span> <span class='ocrx_word' id='word_1_563' title='bbox 3231 3207 3329 3262; x_wconf 88' lang='lat' dir='ltr'><strong>isti</strong></span> <span class='ocrx_word' id='word_1_564' title='bbox 3351 3206 3572 3262; x_wconf 89' lang='lat' dir='ltr'><strong>honore</strong></span> <span class='ocrx_word' id='word_1_565' title='bbox 3599 3205 3719 3256; x_wconf 89' lang='lat' dir='ltr'><strong>sunt</strong></span> <span class='ocrx_word' id='word_1_566' title='bbox 3740 3203 3912 3289; x_wconf 58' lang='lat' dir='ltr'><strong>(equites.</strong></span> 
     </span>
    </p>
   </div>
   <div class='ocr_carea' id='block_1_76' title="bbox 2403 3292 3911 3375">
    <p class='ocr_par' dir='ltr' id='par_1_76' title="bbox 2403 3292 3911 3375">
     <span class='ocr_line' id='line_1_76' title="bbox 2403 3292 3911 3375; baseline -0.011 -19"><span class='ocrx_word' id='word_1_567' title='bbox 2403 3297 2517 3356; x_wconf 89' lang='lat' dir='ltr'><strong>Sed</strong></span> <span class='ocrx_word' id='word_1_568' title='bbox 2546 3314 2699 3354; x_wconf 89' lang='lat' dir='ltr'><strong>unus</strong></span> <span class='ocrx_word' id='word_1_569' title='bbox 2715 3304 2807 3354; x_wconf 90' lang='lat' dir='ltr'><strong>est</strong></span> <span class='ocrx_word' id='word_1_570' title='bbox 2833 3297 3259 3368; x_wconf 83' lang='lat' dir='ltr'><strong>magnanimus</strong></span> <span class='ocrx_word' id='word_1_571' title='bbox 3276 3313 3349 3352; x_wconf 90' lang='lat' dir='ltr'><strong>ac</strong></span> <span class='ocrx_word' id='word_1_572' title='bbox 3367 3294 3548 3360; x_wconf 80' lang='lat' dir='ltr'><strong>fortis,</strong></span> <span class='ocrx_word' id='word_1_573' title='bbox 3567 3292 3911 3375; x_wconf 52' lang='lat' dir='ltr'><strong>etmagnonlttloj</strong></span> 
     </span>
    </p>
   </div>
   <div class='ocr_carea' id='block_1_77' title="bbox 2401 3373 3913 3452">
    <p class='ocr_par' dir='ltr' id='par_1_77' title="bbox 2401 3373 3913 3452">
     <span class='ocr_line' id='line_1_77' title="bbox 2401 3373 3913 3452; baseline -0.014 -10"><span class='ocrx_word' id='word_1_574' title='bbox 2401 3403 2532 3443; x_wconf 90' lang='lat' dir='ltr'><strong>rum</strong></span> <span class='ocrx_word' id='word_1_575' title='bbox 2554 3404 2626 3444; x_wconf 88' lang='lat' dir='ltr'><strong>ac</strong></span> <span class='ocrx_word' id='word_1_576' title='bbox 2644 3388 2885 3444; x_wconf 88' lang='lat' dir='ltr'><strong>fortium</strong></span> <span class='ocrx_word' id='word_1_577' title='bbox 2903 3387 3104 3443; x_wconf 87' lang='lat' dir='ltr'><strong>socius</strong></span> <span class='ocrx_word' id='word_1_578' title='bbox 3130 3403 3144 3452; x_wconf 90' lang='lat'><strong>;</strong></span> <span class='ocrx_word' id='word_1_579' title='bbox 3168 3385 3318 3441; x_wconf 87' lang='lat' dir='ltr'><strong>alter</strong></span> <span class='ocrx_word' id='word_1_580' title='bbox 3337 3399 3480 3440; x_wconf 92' lang='lat' dir='ltr'><strong>vero</strong></span> <span class='ocrx_word' id='word_1_581' title='bbox 3500 3387 3583 3438; x_wconf 85' lang='lat' dir='ltr'><strong>est</strong></span> <span class='ocrx_word' id='word_1_582' title='bbox 3601 3373 3797 3447; x_wconf 81' lang='lat' dir='ltr'><strong>angusti</strong></span> <span class='ocrx_word' id='word_1_583' title='bbox 3811 3373 3913 3426; x_wconf 64' lang='lat' dir='ltr'><strong>animi</strong></span> 
     </span>
    </p>
   </div>
   <div class='ocr_carea' id='block_1_78' title="bbox 2398 3458 3912 3549">
    <p class='ocr_par' dir='ltr' id='par_1_78' title="bbox 2398 3458 3912 3549">
     <span class='ocr_line' id='line_1_78' title="bbox 2398 3458 3912 3549; baseline -0.024 -5"><span class='ocrx_word' id='word_1_584' title='bbox 2398 3480 2456 3532; x_wconf 76' lang='grc' dir='ltr'><strong>θι</strong></span> <span class='ocrx_word' id='word_1_585' title='bbox 2484 3493 2830 3549; x_wconf 81' lang='lat' dir='ltr'><strong>cauponum</strong></span> <span class='ocrx_word' id='word_1_586' title='bbox 2869 3475 3085 3532; x_wconf 90' lang='lat' dir='ltr'><strong>socius.</strong></span> <span class='ocrx_word' id='word_1_587' title='bbox 3111 3477 3176 3531; x_wconf 83' lang='lat' dir='ltr'><strong>Et</strong></span> <span class='ocrx_word' id='word_1_588' title='bbox 3203 3475 3500 3546; x_wconf 86' lang='lat' dir='ltr'><strong>Trajanus</strong></span> <span class='ocrx_word' id='word_1_589' title='bbox 3528 3469 3659 3527; x_wconf 89' lang='lat' dir='ltr'><strong>olim</strong></span> <span class='ocrx_word' id='word_1_590' title='bbox 3695 3458 3912 3538; x_wconf 75' lang='lat' dir='ltr'><strong>appellatus</strong></span> 
     </span>
    </p>
   </div>
   <div class='ocr_carea' id='block_1_79' title="bbox 2396 3552 3912 3638">
    <p class='ocr_par' dir='ltr' id='par_1_79' title="bbox 2396 3552 3912 3638">
     <span class='ocr_line' id='line_1_79' title="bbox 2396 3552 3912 3638; baseline -0.026 4"><span class='ocrx_word' id='word_1_591' title='bbox 2396 3570 2485 3621; x_wconf 66' lang='grc' dir='ltr'><strong>θεῖ</strong></span> <span class='ocrx_word' id='word_1_592' title='bbox 2527 3571 2694 3638; x_wconf 74' lang='lat' dir='ltr'><strong>Pater</strong></span> <span class='ocrx_word' id='word_1_593' title='bbox 2731 3569 2973 3638; x_wconf 58' lang='lat' dir='ltr'><strong>Propter</strong></span> <span class='ocrx_word' id='word_1_594' title='bbox 3037 3564 3392 3629; x_wconf 86' lang='lat' dir='ltr'><strong>bonitatem,</strong></span> <span class='ocrx_word' id='word_1_595' title='bbox 3433 3565 3581 3619; x_wconf 86' lang='lat' dir='ltr'><strong>Nero</strong></span> <span class='ocrx_word' id='word_1_596' title='bbox 3631 3557 3752 3619; x_wconf 82' lang='lat' dir='ltr'><strong>fera,</strong></span> <span class='ocrx_word' id='word_1_597' title='bbox 3793 3552 3912 3638; x_wconf 62' lang='lat' dir='ltr'><strong>xeniis</strong></span> 
     </span>
    </p>
   </div>
   <div class='ocr_carea' id='block_1_80' title="bbox 2395 3635 3913 3726">
    <p class='ocr_par' dir='ltr' id='par_1_80' title="bbox 2395 3635 3913 3726">
     <span class='ocr_line' id='line_1_80' title="bbox 2395 3635 3913 3726; baseline -0.028 4"><span class='ocrx_word' id='word_1_598' title='bbox 2395 3635 2614 3726; x_wconf 48' lang='lat' dir='ltr'><strong>cautlo;</strong></span> <span class='ocrx_word' id='word_1_599' title='bbox 2659 3635 2950 3726; x_wconf 79' lang='lat' dir='ltr'><strong>quoniam</strong></span> <span class='ocrx_word' id='word_1_600' title='bbox 2994 3657 3243 3709; x_wconf 89' lang='lat' dir='ltr'><strong>naturas</strong></span> <span class='ocrx_word' id='word_1_601' title='bbox 3299 3666 3502 3718; x_wconf 85' lang='lat' dir='ltr'><strong>rerum</strong></span> <span class='ocrx_word' id='word_1_602' title='bbox 3545 3635 3913 3716; x_wconf 61' lang='lat' dir='ltr'><strong>cauponandosﬁ</strong></span> 
     </span>
    </p>
   </div>
   <div class='ocr_carea' id='block_1_81' title="bbox 2398 3734 3916 3816">
    <p class='ocr_par' dir='ltr' id='par_1_81' title="bbox 2398 3734 3916 3816">
     <span class='ocr_line' id='line_1_81' title="bbox 2398 3734 3916 3816; baseline -0.013 -18"><span class='ocrx_word' id='word_1_603' title='bbox 2398 3746 2514 3798; x_wconf 93' lang='lat' dir='ltr'><strong>Deo</strong></span> <span class='ocrx_word' id='word_1_604' title='bbox 2537 3759 2745 3816; x_wconf 90' lang='lat' dir='ltr'><strong>parem</strong></span> <span class='ocrx_word' id='word_1_605' title='bbox 2777 3741 3023 3800; x_wconf 87' lang='lat' dir='ltr'><strong>reddere</strong></span> <span class='ocrx_word' id='word_1_606' title='bbox 3043 3740 3286 3798; x_wconf 86' lang='lat' dir='ltr'><strong>volebat</strong></span> <span class='ocrx_word' id='word_1_607' title='bbox 3319 3759 3333 3798; x_wconf 92' lang='lat'><strong>:</strong></span> <span class='ocrx_word' id='word_1_608' title='bbox 3364 3755 3500 3796; x_wconf 89' lang='lat' dir='ltr'><strong>cum</strong></span> <span class='ocrx_word' id='word_1_609' title='bbox 3534 3735 3772 3809; x_wconf 86' lang='lat' dir='ltr'><strong>platanos</strong></span> <span class='ocrx_word' id='word_1_610' title='bbox 3793 3734 3916 3781; x_wconf 68' lang='lat' dir='ltr'><strong>aureas</strong></span> 
     </span>
    </p>
   </div>
   <div class='ocr_carea' id='block_1_82' title="bbox 2395 3817 3915 3908">
    <p class='ocr_par' dir='ltr' id='par_1_82' title="bbox 2395 3817 3915 3908">
     <span class='ocr_line' id='line_1_82' title="bbox 2395 3817 3915 3908; baseline -0.01 -22"><span class='ocrx_word' id='word_1_611' title='bbox 2395 3830 2508 3886; x_wconf 85' lang='lat' dir='ltr'><strong>sibi</strong></span> <span class='ocrx_word' id='word_1_612' title='bbox 2564 3830 2970 3887; x_wconf 76' lang='lat' dir='ltr'><strong>conﬁciendas</strong></span> <span class='ocrx_word' id='word_1_613' title='bbox 3041 3834 3280 3886; x_wconf 88' lang='lat' dir='ltr'><strong>curaret</strong></span> <span class='ocrx_word' id='word_1_614' title='bbox 3330 3826 3651 3884; x_wconf 80' lang='lat' dir='ltr'><strong>virentibus</strong></span> <span class='ocrx_word' id='word_1_615' title='bbox 3701 3817 3915 3908; x_wconf 23' lang='lat' dir='ltr'><strong>foliis&#39;slﬂl</strong></span> 
     </span>
    </p>
   </div>
   <div class='ocr_carea' id='block_1_83' title="bbox 2396 3903 3916 3994">
    <p class='ocr_par' dir='ltr' id='par_1_83' title="bbox 2396 3903 3916 3994">
     <span class='ocr_line' id='line_1_83' title="bbox 2396 3903 3916 3994; baseline -0.012 -19"><span class='ocrx_word' id='word_1_616' title='bbox 2396 3920 2590 3991; x_wconf 89' lang='lat' dir='ltr'><strong>potius</strong></span> <span class='ocrx_word' id='word_1_617' title='bbox 2610 3937 2749 3977; x_wconf 91' lang='lat' dir='ltr'><strong>cum</strong></span> <span class='ocrx_word' id='word_1_618' title='bbox 2779 3920 2913 3993; x_wconf 87' lang='lat' dir='ltr'><strong>ipso</strong></span> <span class='ocrx_word' id='word_1_619' title='bbox 2943 3919 3139 3976; x_wconf 81' lang='lat' dir='ltr'><strong>ﬂuxis.</strong></span> <span class='ocrx_word' id='word_1_620' title='bbox 3161 3920 3362 3984; x_wconf 83' lang='lat' dir='ltr'><strong>Quare</strong></span> <span class='ocrx_word' id='word_1_621' title='bbox 3383 3915 3548 3986; x_wconf 89' lang='lat' dir='ltr'><strong>illud,</strong></span> <span class='ocrx_word' id='word_1_622' title='bbox 3579 3909 3727 3988; x_wconf 86' lang='lat' dir='ltr'><strong>quod</strong></span> <span class='ocrx_word' id='word_1_623' title='bbox 3742 3903 3916 3994; x_wconf 54' lang='lat' dir='ltr'><strong>constiti-</strong></span> 
     </span>
    </p>
   </div>
   <div class='ocr_carea' id='block_1_84' title="bbox 2395 3989 3951 4082">
    <p class='ocr_par' dir='ltr' id='par_1_84' title="bbox 2395 3989 3951 4082">
     <span class='ocr_line' id='line_1_84' title="bbox 2395 3989 3951 4082; baseline 0.002 -17"><span class='ocrx_word' id='word_1_624' title='bbox 2395 4010 2554 4066; x_wconf 92' lang='lat' dir='ltr'><strong>tione</strong></span> <span class='ocrx_word' id='word_1_625' title='bbox 2585 4015 2818 4067; x_wconf 85' lang='lat' dir='ltr'><strong>constat</strong></span> <span class='ocrx_word' id='word_1_626' title='bbox 2838 4016 3116 4067; x_wconf 89' lang='lat' dir='ltr'><strong>neutrum</strong></span> <span class='ocrx_word' id='word_1_627' title='bbox 3146 4008 3391 4065; x_wconf 88' lang='lat' dir='ltr'><strong>illorum</strong></span> <span class='ocrx_word' id='word_1_628' title='bbox 3421 4021 3646 4078; x_wconf 73' lang='lat' dir='ltr'><strong>regum.</strong></span> <span class='ocrx_word' id='word_1_629' title='bbox 3683 4009 3831 4068; x_wconf 69' lang='grc' dir='ltr'><strong>ηερυε</strong></span> <span class='ocrx_word' id='word_1_630' title='bbox 3845 3989 3917 4045; x_wconf 56' lang='lat'><strong>31”</strong></span> <span class='ocrx_word' id='word_1_631' title='bbox 3950 4077 3951 4082; x_wconf 24' lang='grc' dir='ltr'><strong>η</strong></span> 
     </span>
    </p>
   </div>
   <div class='ocr_carea' id='block_1_85' title="bbox 2391 4088 3918 4172">
    <p class='ocr_par' dir='ltr' id='par_1_85' title="bbox 2391 4088 3918 4172">
     <span class='ocr_line' id='line_1_85' title="bbox 2391 4088 3918 4172; baseline 0.006 -18"><span class='ocrx_word' id='word_1_632' title='bbox 2391 4114 2528 4154; x_wconf 91' lang='lat' dir='ltr'><strong>rum</strong></span> <span class='ocrx_word' id='word_1_633' title='bbox 2557 4098 2873 4156; x_wconf 85' lang='lat' dir='ltr'><strong>hominum</strong></span> <span class='ocrx_word' id='word_1_634' title='bbox 2918 4098 3199 4172; x_wconf 86' lang='lat' dir='ltr'><strong>quamvis</strong></span> <span class='ocrx_word' id='word_1_635' title='bbox 3242 4097 3633 4159; x_wconf 75' lang='lat' dir='ltr'><strong>inﬁnitorum.</strong></span> <span class='ocrx_word' id='word_1_636' title='bbox 3671 4088 3918 4172; x_wconf 38' lang='lat' dir='ltr'><strong>quem“?</strong></span> 
     </span>
    </p>
   </div>
   <div class='ocr_carea' id='block_1_86' title="bbox 633 4163 3951 4266">
    <p class='ocr_par' dir='ltr' id='par_1_86' title="bbox 633 4163 3951 4266">
     <span class='ocr_line' id='line_1_86' title="bbox 633 4163 3951 4266; baseline -0.003 -27"><span class='ocrx_word' id='word_1_637' title='bbox 633 4201 850 4240; x_wconf 88' lang='lat' dir='ltr'><strong>aureos</strong></span> <span class='ocrx_word' id='word_1_638' title='bbox 871 4163 997 4240; x_wconf 52' lang='lat' dir='ltr'><strong>-sibi</strong></span> <span class='ocrx_word' id='word_1_639' title='bbox 1018 4163 1421 4242; x_wconf 69' lang='lat' dir='ltr'><strong>conﬁciendos</strong></span> <span class='ocrx_word' id='word_1_640' title='bbox 1442 4189 1695 4241; x_wconf 88' lang='lat' dir='ltr'><strong>curaret.</strong></span> <span class='ocrx_word' id='word_1_641' title='bbox 1740 4186 2031 4258; x_wconf 83' lang='lat' dir='ltr'><strong>Estigitur</strong></span> <span class='ocrx_word' id='word_1_642' title='bbox 2058 4163 2120 4243; x_wconf 76' lang='lat' dir='ltr'><strong>in</strong></span> <span class='ocrx_word' id='word_1_643' title='bbox 2154 4163 2283 4244; x_wconf 66' lang='lat' dir='ltr'><strong>ain-</strong></span> <span class='ocrx_word' id='word_1_644' title='bbox 2318 4211 2362 4266; x_wconf 77' lang='grc' dir='ltr'>ο</span> <span class='ocrx_word' id='word_1_645' title='bbox 2391 4187 2720 4259; x_wconf 87' lang='lat' dir='ltr'><strong>gloriosum</strong></span> <span class='ocrx_word' id='word_1_646' title='bbox 2751 4163 3028 4246; x_wconf 81' lang='lat' dir='ltr'><strong>reddidit.</strong></span> <span class='ocrx_word' id='word_1_647' title='bbox 3073 4187 3186 4245; x_wconf 86' lang='lat' dir='ltr'><strong>Sed</strong></span> <span class='ocrx_word' id='word_1_648' title='bbox 3234 4186 3336 4244; x_wconf 88' lang='lat' dir='ltr'><strong>fac</strong></span> <span class='ocrx_word' id='word_1_649' title='bbox 3381 4185 3695 4256; x_wconf 84' lang='lat' dir='ltr'><strong>gloriosum</strong></span> <span class='ocrx_word' id='word_1_650' title='bbox 3729 4163 3916 4266; x_wconf 42' lang='lat' dir='ltr'><strong>reddidi</strong></span> <span class='ocrx_word' id='word_1_651' title='bbox 3950 4223 3951 4232; x_wconf 29' lang='grc' dir='ltr'><strong>χ</strong></span> 
     </span>
    </p>
   </div>
   <div class='ocr_carea' id='block_1_87' title="bbox 630 4272 2282 4349">
    <p class='ocr_par' dir='ltr' id='par_1_87' title="bbox 630 4272 2282 4349">
     <span class='ocr_line' id='line_1_87' title="bbox 630 4272 2282 4349; baseline 0.002 -21"><span class='ocrx_word' id='word_1_652' title='bbox 630 4272 830 4329; x_wconf 86' lang='lat' dir='ltr'><strong>bobus</strong></span> <span class='ocrx_word' id='word_1_653' title='bbox 851 4275 1198 4347; x_wconf 87' lang='lat' dir='ltr'><strong>temperatio</strong></span> <span class='ocrx_word' id='word_1_654' title='bbox 1212 4290 1281 4330; x_wconf 91' lang='lat' dir='ltr'><strong>ac</strong></span> <span class='ocrx_word' id='word_1_655' title='bbox 1300 4275 1782 4347; x_wconf 87' lang='lat' dir='ltr'><strong>communicatio,</strong></span> <span class='ocrx_word' id='word_1_656' title='bbox 1808 4291 1879 4332; x_wconf 88' lang='lat' dir='ltr'><strong>ac</strong></span> <span class='ocrx_word' id='word_1_657' title='bbox 1900 4293 2020 4334; x_wconf 87' lang='lat' dir='ltr'><strong>una</strong></span> <span class='ocrx_word' id='word_1_658' title='bbox 2043 4277 2282 4349; x_wconf 87' lang='lat' dir='ltr'><strong>quidem</strong></span> 
     </span>
    </p>
   </div>
   <div class='ocr_carea' id='block_1_88' title="bbox 632 4363 2283 4438">
    <p class='ocr_par' dir='ltr' id='par_1_88' title="bbox 632 4363 2283 4438">
     <span class='ocr_line' id='line_1_88' title="bbox 632 4363 2283 4438; baseline 0.005 -20"><span class='ocrx_word' id='word_1_659' title='bbox 632 4363 829 4434; x_wconf 89' lang='lat' dir='ltr'><strong>magis</strong></span> <span class='ocrx_word' id='word_1_660' title='bbox 854 4365 927 4420; x_wconf 91' lang='lat' dir='ltr'><strong>ad</strong></span> <span class='ocrx_word' id='word_1_661' title='bbox 949 4369 1226 4421; x_wconf 90' lang='lat' dir='ltr'><strong>naturam</strong></span> <span class='ocrx_word' id='word_1_662' title='bbox 1256 4364 1504 4427; x_wconf 87' lang='lat' dir='ltr'><strong>accedit,</strong></span> <span class='ocrx_word' id='word_1_663' title='bbox 1553 4364 1736 4422; x_wconf 89' lang='lat' dir='ltr'><strong>altera</strong></span> <span class='ocrx_word' id='word_1_664' title='bbox 1766 4382 1902 4423; x_wconf 90' lang='lat' dir='ltr'><strong>vero</strong></span> <span class='ocrx_word' id='word_1_665' title='bbox 1935 4383 2138 4438; x_wconf 82' lang='lat' dir='ltr'><strong>regem</strong></span> <span class='ocrx_word' id='word_1_666' title='bbox 2159 4385 2283 4427; x_wconf 91' lang='lat' dir='ltr'><strong>non</strong></span> 
     </span>
    </p>
   </div>
   <div class='ocr_carea' id='block_1_89' title="bbox 631 4453 2282 4524">
    <p class='ocr_par' dir='ltr' id='par_1_89' title="bbox 631 4453 2282 4524">
     <span class='ocr_line' id='line_1_89' title="bbox 631 4453 2282 4524; baseline 0.004 -16"><span class='ocrx_word' id='word_1_667' title='bbox 631 4453 822 4509; x_wconf 84' lang='lat' dir='ltr'><strong>decet.</strong></span> <span class='ocrx_word' id='word_1_668' title='bbox 852 4456 948 4510; x_wconf 88' lang='lat' dir='ltr'><strong>Est</strong></span> <span class='ocrx_word' id='word_1_669' title='bbox 971 4453 1131 4510; x_wconf 88' lang='lat' dir='ltr'><strong>enim</strong></span> <span class='ocrx_word' id='word_1_670' title='bbox 1169 4454 1326 4524; x_wconf 85' lang='lat' dir='ltr'><strong>regis</strong></span> <span class='ocrx_word' id='word_1_671' title='bbox 1357 4453 1570 4512; x_wconf 90' lang='lat' dir='ltr'><strong>docere</strong></span> <span class='ocrx_word' id='word_1_672' title='bbox 1624 4456 1948 4513; x_wconf 82' lang='lat' dir='ltr'><strong>exercitum</strong></span> <span class='ocrx_word' id='word_1_673' title='bbox 1978 4461 2282 4515; x_wconf 86' lang='lat' dir='ltr'><strong>continen-</strong></span> 
     </span>
    </p>
   </div>
   <div class='ocr_carea' id='block_1_90' title="bbox 632 4542 2283 4618">
    <p class='ocr_par' dir='ltr' id='par_1_90' title="bbox 632 4542 2283 4618">
     <span class='ocr_line' id='line_1_90' title="bbox 632 4542 2283 4618; baseline 0.005 -22"><span class='ocrx_word' id='word_1_674' title='bbox 632 4543 777 4600; x_wconf 89' lang='lat' dir='ltr'><strong>tiam</strong></span> <span class='ocrx_word' id='word_1_675' title='bbox 803 4542 1324 4610; x_wconf 87' lang='lat' dir='ltr'><strong>etabstincntiam,</strong></span> <span class='ocrx_word' id='word_1_676' title='bbox 1365 4543 1629 4616; x_wconf 90' lang='lat' dir='ltr'><strong>seipsum</strong></span> <span class='ocrx_word' id='word_1_677' title='bbox 1685 4545 1974 4601; x_wconf 83' lang='lat' dir='ltr'><strong>exhibens</strong></span> <span class='ocrx_word' id='word_1_678' title='bbox 2026 4546 2283 4618; x_wconf 87' lang='lat' dir='ltr'><strong>philoso-</strong></span> 
     </span>
    </p>
   </div>
   <div class='ocr_carea' id='block_1_91' title="bbox 630 4632 2281 4706">
    <p class='ocr_par' dir='ltr' id='par_1_91' title="bbox 630 4632 2281 4706">
     <span class='ocr_line' id='line_1_91' title="bbox 630 4632 2281 4706; baseline 0.004 -20"><span class='ocrx_word' id='word_1_679' title='bbox 630 4632 842 4704; x_wconf 82' lang='lat' dir='ltr'><strong>phum.</strong></span> <span class='ocrx_word' id='word_1_680' title='bbox 873 4635 1021 4688; x_wconf 87' lang='lat' dir='ltr'><strong>Nam</strong></span> <span class='ocrx_word' id='word_1_681' title='bbox 1048 4648 1171 4689; x_wconf 90' lang='lat' dir='ltr'><strong>non</strong></span> <span class='ocrx_word' id='word_1_682' title='bbox 1199 4632 1398 4688; x_wconf 90' lang='lat' dir='ltr'><strong>solum</strong></span> <span class='ocrx_word' id='word_1_683' title='bbox 1427 4632 1634 4706; x_wconf 91' lang='lat' dir='ltr'><strong>populi</strong></span> <span class='ocrx_word' id='word_1_684' title='bbox 1681 4649 1882 4703; x_wconf 84' lang='lat' dir='ltr'><strong>regem</strong></span> <span class='ocrx_word' id='word_1_685' title='bbox 1943 4634 2050 4691; x_wconf 88' lang='lat' dir='ltr'><strong>sed</strong></span> <span class='ocrx_word' id='word_1_686' title='bbox 2101 4636 2281 4692; x_wconf 83' lang='lat' dir='ltr'><strong>etiam</strong></span> 
     </span>
    </p>
   </div>
   <div class='ocr_carea' id='block_1_92' title="bbox 629 4721 2281 4796">
    <p class='ocr_par' dir='ltr' id='par_1_92' title="bbox 629 4721 2281 4796">
     <span class='ocr_line' id='line_1_92' title="bbox 629 4721 2281 4796; baseline 0.003 -18"><span class='ocrx_word' id='word_1_687' title='bbox 629 4722 1145 4794; x_wconf 88' lang='lat' dir='ltr'><strong>perturbationum</strong></span> <span class='ocrx_word' id='word_1_688' title='bbox 1177 4740 1240 4780; x_wconf 90' lang='lat' dir='ltr'><strong>se</strong></span> <span class='ocrx_word' id='word_1_689' title='bbox 1261 4722 1520 4778; x_wconf 90' lang='lat' dir='ltr'><strong>ostendit</strong></span> <span class='ocrx_word' id='word_1_690' title='bbox 1543 4740 1556 4790; x_wconf 90' lang='lat'><strong>;</strong></span> <span class='ocrx_word' id='word_1_691' title='bbox 1576 4738 1648 4778; x_wconf 79' lang='lat' dir='ltr'><strong>ex</strong></span> <span class='ocrx_word' id='word_1_692' title='bbox 1668 4738 1789 4795; x_wconf 91' lang='lat' dir='ltr'><strong>quo</strong></span> <span class='ocrx_word' id='word_1_693' title='bbox 1813 4721 1880 4778; x_wconf 84' lang='lat' dir='ltr'><strong>ﬁt</strong></span> <span class='ocrx_word' id='word_1_694' title='bbox 1908 4723 2111 4796; x_wconf 89' lang='lat' dir='ltr'><strong>ipsum</strong></span> <span class='ocrx_word' id='word_1_695' title='bbox 2131 4725 2281 4783; x_wconf 84' lang='lat' dir='ltr'><strong>velle</strong></span> 
     </span>
    </p>
   </div>
   <div class='ocr_carea' id='block_1_93' title="bbox 628 4810 2270 4886">
    <p class='ocr_par' dir='ltr' id='par_1_93' title="bbox 628 4810 2270 4886">
     <span class='ocr_line' id='line_1_93' title="bbox 628 4810 2270 4886; baseline 0.005 -22"><span class='ocrx_word' id='word_1_696' title='bbox 628 4828 869 4886; x_wconf 83' lang='lat' dir='ltr'><strong>quoque</strong></span> <span class='ocrx_word' id='word_1_697' title='bbox 886 4828 1030 4868; x_wconf 91' lang='lat' dir='ltr'><strong>suos</strong></span> <span class='ocrx_word' id='word_1_698' title='bbox 1049 4812 1262 4869; x_wconf 87' lang='lat' dir='ltr'><strong>milites</strong></span> <span class='ocrx_word' id='word_1_699' title='bbox 1289 4810 1697 4884; x_wconf 89' lang='lat' dir='ltr'><strong>perturbation</strong></span> <span class='ocrx_word' id='word_1_700' title='bbox 1709 4827 1807 4866; x_wconf 92' lang='lat' dir='ltr'><strong>um</strong></span> <span class='ocrx_word' id='word_1_701' title='bbox 1824 4827 1996 4883; x_wconf 87' lang='lat' dir='ltr'><strong>reges</strong></span> <span class='ocrx_word' id='word_1_702' title='bbox 2012 4814 2242 4872; x_wconf 73' lang='lat' dir='ltr'><strong>efﬁcere</strong></span> <span class='ocrx_word' id='word_1_703' title='bbox 2256 4859 2270 4872; x_wconf 92' lang='lat'><strong>.</strong></span> 
     </span>
    </p>
   </div>
   <div class='ocr_carea' id='block_1_94' title="bbox 629 4900 2278 4973">
    <p class='ocr_par' dir='ltr' id='par_1_94' title="bbox 629 4900 2278 4973">
     <span class='ocr_line' id='line_1_94' title="bbox 629 4900 2278 4973; baseline 0.004 -17"><span class='ocrx_word' id='word_1_704' title='bbox 629 4905 671 4956; x_wconf 84' lang='grc' dir='ltr'><strong>υ</strong></span> <span class='ocrx_word' id='word_1_705' title='bbox 705 4918 907 4958; x_wconf 86' lang='lat' dir='ltr'><strong>veram</strong></span> <span class='ocrx_word' id='word_1_706' title='bbox 930 4901 1274 4959; x_wconf 88' lang='lat' dir='ltr'><strong>beatitatem</strong></span> <span class='ocrx_word' id='word_1_707' title='bbox 1305 4902 1317 4957; x_wconf 89' lang='lat'><strong>!</strong></span> <span class='ocrx_word' id='word_1_708' title='bbox 1359 4903 1539 4973; x_wconf 86' lang='lat' dir='ltr'><strong>Atqui</strong></span> <span class='ocrx_word' id='word_1_709' title='bbox 1568 4900 1831 4973; x_wconf 90' lang='lat' dir='ltr'><strong>tripodes</strong></span> <span class='ocrx_word' id='word_1_710' title='bbox 1849 4902 2138 4960; x_wconf 85' lang='lat' dir='ltr'><strong>etlateres</strong></span> <span class='ocrx_word' id='word_1_711' title='bbox 2169 4921 2278 4962; x_wconf 88' lang='lat' dir='ltr'><strong>au-</strong></span> 
     </span>
    </p>
   </div>
   <div class='ocr_carea' id='block_1_95' title="bbox 625 4990 2274 5064">
    <p class='ocr_par' dir='ltr' id='par_1_95' title="bbox 625 4990 2274 5064">
     <span class='ocr_line' id='line_1_95' title="bbox 625 4990 2274 5064; baseline 0.005 -21"><span class='ocrx_word' id='word_1_712' title='bbox 625 5004 760 5044; x_wconf 84' lang='lat' dir='ltr'><strong>reos</strong></span> <span class='ocrx_word' id='word_1_713' title='bbox 780 4991 938 5058; x_wconf 87' lang='lat' dir='ltr'><strong>facit,</strong></span> <span class='ocrx_word' id='word_1_714' title='bbox 971 4997 1024 5048; x_wconf 91' lang='lat' dir='ltr'><strong>et</strong></span> <span class='ocrx_word' id='word_1_715' title='bbox 1053 4991 1364 5049; x_wconf 86' lang='lat' dir='ltr'><strong>conclavia</strong></span> <span class='ocrx_word' id='word_1_716' title='bbox 1389 4992 1522 5063; x_wconf 88' lang='lat' dir='ltr'><strong>ipsa</strong></span> <span class='ocrx_word' id='word_1_717' title='bbox 1562 4990 1727 5048; x_wconf 89' lang='lat' dir='ltr'><strong>omni</strong></span> <span class='ocrx_word' id='word_1_718' title='bbox 1765 5007 1838 5047; x_wconf 81' lang='lat' dir='ltr'><strong>ex</strong></span> <span class='ocrx_word' id='word_1_719' title='bbox 1886 4998 2054 5064; x_wconf 89' lang='lat' dir='ltr'><strong>parte</strong></span> <span class='ocrx_word' id='word_1_720' title='bbox 2105 5010 2274 5064; x_wconf 86' lang='lat' dir='ltr'><strong>auro,</strong></span> 
     </span>
    </p>
   </div>
   <div class='ocr_carea' id='block_1_96' title="bbox 628 5078 2276 5155">
    <p class='ocr_par' dir='ltr' id='par_1_96' title="bbox 628 5078 2276 5155">
     <span class='ocr_line' id='line_1_96' title="bbox 628 5078 2276 5155; baseline 0.004 -22"><span class='ocrx_word' id='word_1_721' title='bbox 628 5080 870 5134; x_wconf 82' lang='lat' dir='ltr'><strong>texturis</strong></span> <span class='ocrx_word' id='word_1_722' title='bbox 898 5083 955 5134; x_wconf 91' lang='lat' dir='ltr'><strong>et</strong></span> <span class='ocrx_word' id='word_1_723' title='bbox 993 5080 1315 5136; x_wconf 89' lang='lat' dir='ltr'><strong>unionibus</strong></span> <span class='ocrx_word' id='word_1_724' title='bbox 1346 5078 1606 5152; x_wconf 90' lang='lat' dir='ltr'><strong>complet</strong></span> <span class='ocrx_word' id='word_1_725' title='bbox 1638 5097 1651 5136; x_wconf 89' lang='lat'><strong>:</strong></span> <span class='ocrx_word' id='word_1_726' title='bbox 1683 5096 1806 5137; x_wconf 90' lang='lat' dir='ltr'><strong>non</strong></span> <span class='ocrx_word' id='word_1_727' title='bbox 1827 5081 1952 5153; x_wconf 91' lang='lat' dir='ltr'><strong>ipse</strong></span> <span class='ocrx_word' id='word_1_728' title='bbox 1979 5099 2042 5138; x_wconf 90' lang='lat' dir='ltr'><strong>se</strong></span> <span class='ocrx_word' id='word_1_729' title='bbox 2074 5098 2276 5155; x_wconf 86' lang='lat' dir='ltr'><strong>regem</strong></span> 
     </span>
    </p>
   </div>
   <div class='ocr_carea' id='block_1_97' title="bbox 625 5167 2277 5244">
    <p class='ocr_par' dir='ltr' id='par_1_97' title="bbox 625 5167 2277 5244">
     <span class='ocr_line' id='line_1_97' title="bbox 625 5167 2277 5244; baseline 0.005 -22"><span class='ocrx_word' id='word_1_730' title='bbox 625 5167 907 5237; x_wconf 86' lang='lat' dir='ltr'><strong>ostendit,</strong></span> <span class='ocrx_word' id='word_1_731' title='bbox 937 5184 1133 5241; x_wconf 90' lang='lat' dir='ltr'><strong>neque</strong></span> <span class='ocrx_word' id='word_1_732' title='bbox 1160 5170 1266 5243; x_wconf 93' lang='lat' dir='ltr'><strong>qui</strong></span> <span class='ocrx_word' id='word_1_733' title='bbox 1293 5169 1410 5227; x_wconf 92' lang='lat' dir='ltr'><strong>hoc</strong></span> <span class='ocrx_word' id='word_1_734' title='bbox 1428 5169 1570 5226; x_wconf 88' lang='lat' dir='ltr'><strong>facit</strong></span> <span class='ocrx_word' id='word_1_735' title='bbox 1594 5169 1728 5227; x_wconf 91' lang='lat' dir='ltr'><strong>illos</strong></span> <span class='ocrx_word' id='word_1_736' title='bbox 1779 5187 1934 5244; x_wconf 93' lang='lat' dir='ltr'><strong>quos</strong></span> <span class='ocrx_word' id='word_1_737' title='bbox 1990 5172 2140 5242; x_wconf 87' lang='lat' dir='ltr'><strong>regit</strong></span> <span class='ocrx_word' id='word_1_738' title='bbox 2179 5189 2277 5230; x_wconf 92' lang='lat' dir='ltr'><strong>re-</strong></span> 
     </span>
    </p>
   </div>
   <div class='ocr_carea' id='block_1_98' title="bbox 626 5257 2275 5333">
    <p class='ocr_par' dir='ltr' id='par_1_98' title="bbox 626 5257 2275 5333">
     <span class='ocr_line' id='line_1_98' title="bbox 626 5257 2275 5333; baseline 0.004 -21"><span class='ocrx_word' id='word_1_739' title='bbox 626 5272 732 5328; x_wconf 88' lang='lat' dir='ltr'><strong>ges</strong></span> <span class='ocrx_word' id='word_1_740' title='bbox 767 5257 966 5327; x_wconf 76' lang='lat' dir='ltr'><strong>eﬂlcit,</strong></span> <span class='ocrx_word' id='word_1_741' title='bbox 994 5275 1134 5315; x_wconf 90' lang='lat' dir='ltr'><strong>cum</strong></span> <span class='ocrx_word' id='word_1_742' title='bbox 1164 5258 1712 5332; x_wconf 89' lang='lat' dir='ltr'><strong>perturbationibus</strong></span> <span class='ocrx_word' id='word_1_743' title='bbox 1755 5265 1812 5316; x_wconf 89' lang='lat' dir='ltr'><strong>et</strong></span> <span class='ocrx_word' id='word_1_744' title='bbox 1865 5259 2275 5333; x_wconf 86' lang='lat' dir='ltr'><strong>voluptatibus</strong></span> 
     </span>
    </p>
   </div>
   <div class='ocr_carea' id='block_1_99' title="bbox 623 5346 2274 5419">
    <p class='ocr_par' dir='ltr' id='par_1_99' title="bbox 623 5346 2274 5419">
     <span class='ocr_line' id='line_1_99' title="bbox 623 5346 2274 5419; baseline 0.005 -18"><span class='ocrx_word' id='word_1_745' title='bbox 623 5346 966 5419; x_wconf 89' lang='lat' dir='ltr'><strong>turpissime</strong></span> <span class='ocrx_word' id='word_1_746' title='bbox 1021 5348 1298 5405; x_wconf 81' lang='lat' dir='ltr'><strong>serviunt.</strong></span> <span class='ocrx_word' id='word_1_747' title='bbox 1369 5349 1554 5406; x_wconf 88' lang='lat' dir='ltr'><strong>Porro</strong></span> <span class='ocrx_word' id='word_1_748' title='bbox 1621 5348 1942 5405; x_wconf 87' lang='lat' dir='ltr'><strong>amborum</strong></span> <span class='ocrx_word' id='word_1_749' title='bbox 1990 5349 2126 5406; x_wconf 84' lang='lat' dir='ltr'><strong>ﬁnis</strong></span> <span class='ocrx_word' id='word_1_750' title='bbox 2183 5351 2274 5409; x_wconf 87' lang='lat' dir='ltr'><strong>fa-</strong></span> 
     </span>
    </p>
   </div>
   <div class='ocr_carea' id='block_1_100' title="bbox 623 5435 2267 5510">
    <p class='ocr_par' dir='ltr' id='par_1_100' title="bbox 623 5435 2267 5510">
     <span class='ocr_line' id='line_1_100' title="bbox 623 5435 2267 5510; baseline 0.005 -22"><span class='ocrx_word' id='word_1_751' title='bbox 623 5435 842 5492; x_wconf 71' lang='lat' dir='ltr'><strong>cillime</strong></span> <span class='ocrx_word' id='word_1_752' title='bbox 883 5436 1112 5494; x_wconf 89' lang='lat' dir='ltr'><strong>ostendi</strong></span> <span class='ocrx_word' id='word_1_753' title='bbox 1160 5442 1372 5510; x_wconf 88' lang='lat' dir='ltr'><strong>potest,</strong></span> <span class='ocrx_word' id='word_1_754' title='bbox 1420 5442 1476 5494; x_wconf 92' lang='lat' dir='ltr'><strong>et</strong></span> <span class='ocrx_word' id='word_1_755' title='bbox 1531 5437 1756 5494; x_wconf 90' lang='lat' dir='ltr'><strong>nemini</strong></span> <span class='ocrx_word' id='word_1_756' title='bbox 1807 5442 1896 5493; x_wconf 90' lang='lat' dir='ltr'><strong>est</strong></span> <span class='ocrx_word' id='word_1_757' title='bbox 1951 5437 2267 5498; x_wconf 90' lang='lat' dir='ltr'><strong>obscurus.</strong></span> 
     </span>
    </p>
   </div>
   <div class='ocr_carea' id='block_1_101' title="bbox 627 5524 2271 5604">
    <p class='ocr_par' dir='ltr' id='par_1_101' title="bbox 627 5524 2271 5604">
     <span class='ocr_line' id='line_1_101' title="bbox 627 5524 2271 5604; baseline 0.004 -23"><span class='ocrx_word' id='word_1_758' title='bbox 627 5527 788 5582; x_wconf 86' lang='lat' dir='ltr'><strong>Unus</strong></span> <span class='ocrx_word' id='word_1_759' title='bbox 813 5526 972 5582; x_wconf 90' lang='lat' dir='ltr'><strong>enim</strong></span> <span class='ocrx_word' id='word_1_760' title='bbox 1003 5541 1075 5583; x_wconf 84' lang='lat' dir='ltr'><strong>ex</strong></span> <span class='ocrx_word' id='word_1_761' title='bbox 1103 5542 1289 5600; x_wconf 86' lang='lat' dir='ltr'><strong>parvo</strong></span> <span class='ocrx_word' id='word_1_762' title='bbox 1315 5541 1572 5596; x_wconf 85' lang='lat' dir='ltr'><strong>magnus</strong></span> <span class='ocrx_word' id='word_1_763' title='bbox 1597 5524 1808 5592; x_wconf 88' lang='lat' dir='ltr'><strong>evasit,</strong></span> <span class='ocrx_word' id='word_1_764' title='bbox 1847 5542 1884 5583; x_wconf 89' lang='lat' dir='ltr'><strong>a</strong></span> <span class='ocrx_word' id='word_1_765' title='bbox 1927 5529 2045 5584; x_wconf 86' lang='lat' dir='ltr'><strong>ﬁne</strong></span> <span class='ocrx_word' id='word_1_766' title='bbox 2076 5545 2271 5604; x_wconf 88' lang='lat' dir='ltr'><strong>usque</strong></span> 
     </span>
    </p>
   </div>
   <div class='ocr_carea' id='block_1_102' title="bbox 617 5613 2266 5692">
    <p class='ocr_par' dir='ltr' id='par_1_102' title="bbox 617 5613 2266 5692">
     <span class='ocr_line' id='line_1_102' title="bbox 617 5613 2266 5692; baseline 0 -16"><span class='ocrx_word' id='word_1_767' title='bbox 617 5613 701 5676; x_wconf 88' lang='lat' dir='ltr'><strong>ad</strong></span> <span class='ocrx_word' id='word_1_768' title='bbox 721 5613 926 5689; x_wconf 83' lang='lat' dir='ltr'><strong>tinem,</strong></span> <span class='ocrx_word' id='word_1_769' title='bbox 945 5615 1128 5692; x_wconf 86' lang='lat' dir='ltr'><strong>idque</strong></span> <span class='ocrx_word' id='word_1_770' title='bbox 1151 5632 1260 5691; x_wconf 89' lang='lat' dir='ltr'><strong>per</strong></span> <span class='ocrx_word' id='word_1_771' title='bbox 1301 5615 1684 5689; x_wconf 88' lang='lat' dir='ltr'><strong>prudentiam</strong></span> <span class='ocrx_word' id='word_1_772' title='bbox 1722 5619 1780 5675; x_wconf 89' lang='lat' dir='ltr'><strong>et</strong></span> <span class='ocrx_word' id='word_1_773' title='bbox 1833 5618 2194 5692; x_wconf 86' lang='lat' dir='ltr'><strong>sapientiam</strong></span> <span class='ocrx_word' id='word_1_774' title='bbox 2251 5639 2266 5676; x_wconf 90' lang='lat'><strong>:</strong></span> 
     </span>
    </p>
   </div>
   <div class='ocr_carea' id='block_1_103' title="bbox 2389 4261 3916 4350">
    <p class='ocr_par' dir='ltr' id='par_1_103' title="bbox 2389 4261 3916 4350">
     <span class='ocr_line' id='line_1_103' title="bbox 2389 4261 3916 4350; baseline -0.011 -15"><span class='ocrx_word' id='word_1_775' title='bbox 2389 4293 2572 4350; x_wconf 90' lang='lat' dir='ltr'><strong>quem</strong></span> <span class='ocrx_word' id='word_1_776' title='bbox 2593 4293 2664 4333; x_wconf 92' lang='lat' dir='ltr'><strong>eo</strong></span> <span class='ocrx_word' id='word_1_777' title='bbox 2689 4277 2856 4350; x_wconf 91' lang='lat' dir='ltr'><strong>quod</strong></span> <span class='ocrx_word' id='word_1_778' title='bbox 2883 4276 3174 4350; x_wconf 88' lang='lat' dir='ltr'><strong>positione</strong></span> <span class='ocrx_word' id='word_1_779' title='bbox 3198 4279 3440 4332; x_wconf 88' lang='lat' dir='ltr'><strong>constat</strong></span> <span class='ocrx_word' id='word_1_780' title='bbox 3466 4271 3645 4330; x_wconf 89' lang='lat' dir='ltr'><strong>multo</strong></span> <span class='ocrx_word' id='word_1_781' title='bbox 3680 4261 3828 4334; x_wconf 82' lang='lat' dir='ltr'><strong>magis</strong></span> <span class='ocrx_word' id='word_1_782' title='bbox 3840 4265 3916 4350; x_wconf 37' lang='lat' dir='ltr'><strong>itane</strong></span> 
     </span>
    </p>
   </div>
   <div class='ocr_carea' id='block_1_104' title="bbox 2389 4344 3951 4444">
    <p class='ocr_par' dir='ltr' id='par_1_104' title="bbox 2389 4344 3951 4444">
     <span class='ocr_line' id='line_1_104' title="bbox 2389 4344 3951 4444; baseline -0.001 -22"><span class='ocrx_word' id='word_1_783' title='bbox 2389 4344 2461 4423; x_wconf 74' lang='lat' dir='ltr'><strong>eo</strong></span> <span class='ocrx_word' id='word_1_784' title='bbox 2485 4366 2652 4440; x_wconf 91' lang='lat' dir='ltr'><strong>quod</strong></span> <span class='ocrx_word' id='word_1_785' title='bbox 2690 4344 2907 4424; x_wconf 74' lang='lat' dir='ltr'><strong>natura</strong></span> <span class='ocrx_word' id='word_1_786' title='bbox 2942 4371 3032 4424; x_wconf 90' lang='lat' dir='ltr'><strong>est</strong></span> <span class='ocrx_word' id='word_1_787' title='bbox 3058 4370 3115 4422; x_wconf 89' lang='lat' dir='ltr'><strong>et</strong></span> <span class='ocrx_word' id='word_1_788' title='bbox 3155 4369 3416 4435; x_wconf 88' lang='lat' dir='ltr'><strong>constat,</strong></span> <span class='ocrx_word' id='word_1_789' title='bbox 3470 4359 3632 4436; x_wconf 91' lang='lat' dir='ltr'><strong>quod</strong></span> <span class='ocrx_word' id='word_1_790' title='bbox 3673 4369 3773 4444; x_wconf 78' lang='lat' dir='ltr'><strong>non</strong></span> <span class='ocrx_word' id='word_1_791' title='bbox 3804 4344 3914 4403; x_wconf 60' lang='lat' dir='ltr'><strong>50mm</strong></span> <span class='ocrx_word' id='word_1_792' title='bbox 3950 4415 3951 4444; x_wconf 31' lang='grc' dir='ltr'>ι</span> 
     </span>
    </p>
   </div>
   <div class='ocr_carea' id='block_1_105' title="bbox 2387 4443 3910 4535">
    <p class='ocr_par' dir='ltr' id='par_1_105' title="bbox 2387 4443 3910 4535">
     <span class='ocr_line' id='line_1_105' title="bbox 2387 4443 3910 4535; baseline -0.009 -23"><span class='ocrx_word' id='word_1_793' title='bbox 2387 4455 2616 4524; x_wconf 79' lang='lat' dir='ltr'><strong>honore</strong></span> <span class='ocrx_word' id='word_1_794' title='bbox 2639 4455 2893 4526; x_wconf 87' lang='lat' dir='ltr'><strong>dignum</strong></span> <span class='ocrx_word' id='word_1_795' title='bbox 2919 4461 3027 4521; x_wconf 88' lang='lat' dir='ltr'><strong>est,</strong></span> <span class='ocrx_word' id='word_1_796' title='bbox 3056 4453 3163 4510; x_wconf 88' lang='lat' dir='ltr'><strong>sed</strong></span> <span class='ocrx_word' id='word_1_797' title='bbox 3183 4454 3369 4511; x_wconf 89' lang='lat' dir='ltr'><strong>etiam</strong></span> <span class='ocrx_word' id='word_1_798' title='bbox 3399 4454 3464 4509; x_wconf 90' lang='lat' dir='ltr'><strong>in</strong></span> <span class='ocrx_word' id='word_1_799' title='bbox 3497 4447 3690 4526; x_wconf 89' lang='lat' dir='ltr'><strong>primis</strong></span> <span class='ocrx_word' id='word_1_800' title='bbox 3728 4443 3910 4535; x_wconf 40' lang='lat' dir='ltr'><strong>longam</strong></span> 
     </span>
    </p>
   </div>
   <div class='ocr_carea' id='block_1_106' title="bbox 2387 4533 3951 4626">
    <p class='ocr_par' dir='ltr' id='par_1_106' title="bbox 2387 4533 3951 4626">
     <span class='ocr_line' id='line_1_106' title="bbox 2387 4533 3951 4626; baseline -0.003 -25"><span class='ocrx_word' id='word_1_801' title='bbox 2387 4545 2830 4616; x_wconf 87' lang='lat' dir='ltr'><strong>dignissimum.</strong></span> <span class='ocrx_word' id='word_1_802' title='bbox 2850 4548 3058 4601; x_wconf 81' lang='lat' dir='ltr'><strong>Textor</strong></span> <span class='ocrx_word' id='word_1_803' title='bbox 3079 4549 3282 4600; x_wconf 87' lang='lat' dir='ltr'><strong>autem</strong></span> <span class='ocrx_word' id='word_1_804' title='bbox 3303 4548 3477 4601; x_wconf 87' lang='lat' dir='ltr'><strong>amat</strong></span> <span class='ocrx_word' id='word_1_805' title='bbox 3493 4554 3685 4612; x_wconf 87' lang='lat' dir='ltr'><strong>regem</strong></span> <span class='ocrx_word' id='word_1_806' title='bbox 3705 4553 3716 4592; x_wconf 92' lang='lat'><strong>:</strong></span> <span class='ocrx_word' id='word_1_807' title='bbox 3735 4533 3910 4626; x_wconf 38' lang='lat' dir='ltr'><strong>ultumi?</strong></span> <span class='ocrx_word' id='word_1_808' title='bbox 3950 4539 3951 4596; x_wconf 55' lang='grc' dir='ltr'>ἓ</span> 
     </span>
    </p>
   </div>
   <div class='ocr_carea' id='block_1_107' title="bbox 2387 4622 3951 4720">
    <p class='ocr_par' dir='ltr' id='par_1_107' title="bbox 2387 4622 3951 4720">
     <span class='ocr_line' id='line_1_107' title="bbox 2387 4622 3951 4720; baseline 0.006 -32"><span class='ocrx_word' id='word_1_809' title='bbox 2387 4632 2501 4690; x_wconf 91' lang='lat' dir='ltr'><strong>hoc</strong></span> <span class='ocrx_word' id='word_1_810' title='bbox 2530 4640 2620 4691; x_wconf 89' lang='lat' dir='ltr'><strong>est</strong></span> <span class='ocrx_word' id='word_1_811' title='bbox 2647 4633 2937 4701; x_wconf 88' lang='lat' dir='ltr'><strong>naturale,</strong></span> <span class='ocrx_word' id='word_1_812' title='bbox 2970 4648 3110 4690; x_wconf 90' lang='lat' dir='ltr'><strong>cum</strong></span> <span class='ocrx_word' id='word_1_813' title='bbox 3129 4631 3300 4698; x_wconf 87' lang='lat' dir='ltr'><strong>illud,</strong></span> <span class='ocrx_word' id='word_1_814' title='bbox 3355 4630 3528 4720; x_wconf 79' lang='lat' dir='ltr'><strong>quod</strong></span> <span class='ocrx_word' id='word_1_815' title='bbox 3574 4622 3908 4720; x_wconf 32' lang='lat' dir='ltr'><strong>asilum“?</strong></span> <span class='ocrx_word' id='word_1_816' title='bbox 3950 4659 3951 4720; x_wconf 50' lang='grc' dir='ltr'>ι</span> 
     </span>
    </p>
   </div>
   <div class='ocr_carea' id='block_1_108' title="bbox 2388 4714 3951 4794">
    <p class='ocr_par' dir='ltr' id='par_1_108' title="bbox 2388 4714 3951 4794">
     <span class='ocr_line' id='line_1_108' title="bbox 2388 4714 3951 4794; baseline -0.013 -16"><span class='ocrx_word' id='word_1_817' title='bbox 2388 4722 2464 4778; x_wconf 90' lang='lat' dir='ltr'><strong>ad</strong></span> <span class='ocrx_word' id='word_1_818' title='bbox 2488 4728 2678 4780; x_wconf 89' lang='lat' dir='ltr'><strong>totum</strong></span> <span class='ocrx_word' id='word_1_819' title='bbox 2723 4724 3035 4780; x_wconf 78' lang='lat' dir='ltr'><strong>referatur.</strong></span> <span class='ocrx_word' id='word_1_820' title='bbox 3064 4724 3179 4778; x_wconf 79' lang='lat' dir='ltr'><strong>Rex</strong></span> <span class='ocrx_word' id='word_1_821' title='bbox 3226 4735 3480 4794; x_wconf 89' lang='lat' dir='ltr'><strong>quoque</strong></span> <span class='ocrx_word' id='word_1_822' title='bbox 3507 4714 3912 4791; x_wconf 69' lang='lat' dir='ltr'><strong>lapicidamsusa-</strong></span> <span class='ocrx_word' id='word_1_823' title='bbox 3950 4714 3951 4784; x_wconf 24' lang='grc' dir='ltr'>ζ</span> 
     </span>
    </p>
   </div>
   <div class='ocr_carea' id='block_1_109' title="bbox 2387 4794 3910 4882">
    <p class='ocr_par' dir='ltr' id='par_1_109' title="bbox 2387 4794 3910 4882">
     <span class='ocr_line' id='line_1_109' title="bbox 2387 4794 3910 4882; baseline -0.009 -15"><span class='ocrx_word' id='word_1_824' title='bbox 2387 4811 2492 4882; x_wconf 90' lang='lat' dir='ltr'><strong>pit,</strong></span> <span class='ocrx_word' id='word_1_825' title='bbox 2511 4811 2794 4868; x_wconf 88' lang='lat' dir='ltr'><strong>nimirum</strong></span> <span class='ocrx_word' id='word_1_826' title='bbox 2813 4811 2927 4868; x_wconf 87' lang='lat' dir='ltr'><strong>hoc</strong></span> <span class='ocrx_word' id='word_1_827' title='bbox 2947 4812 3286 4868; x_wconf 84' lang='lat' dir='ltr'><strong>humanum</strong></span> <span class='ocrx_word' id='word_1_828' title='bbox 3307 4814 3421 4866; x_wconf 89' lang='lat' dir='ltr'><strong>est.</strong></span> <span class='ocrx_word' id='word_1_829' title='bbox 3447 4812 3596 4866; x_wconf 87' lang='lat' dir='ltr'><strong>Nam</strong></span> <span class='ocrx_word' id='word_1_830' title='bbox 3633 4808 3787 4862; x_wconf 84' lang='lat' dir='ltr'><strong>totum</strong></span> <span class='ocrx_word' id='word_1_831' title='bbox 3801 4794 3910 4882; x_wconf 56' lang='lat' dir='ltr'><strong>patit-5</strong></span> 
     </span>
    </p>
   </div>
   <div class='ocr_carea' id='block_1_110' title="bbox 2388 4880 3912 4973">
    <p class='ocr_par' dir='ltr' id='par_1_110' title="bbox 2388 4880 3912 4973">
     <span class='ocr_line' id='line_1_110' title="bbox 2388 4880 3912 4973; baseline -0.014 -16"><span class='ocrx_word' id='word_1_832' title='bbox 2388 4880 2530 4957; x_wconf 78' lang='lat' dir='ltr'><strong>suas</strong></span> <span class='ocrx_word' id='word_1_833' title='bbox 2557 4917 2679 4958; x_wconf 92' lang='lat' dir='ltr'><strong>non</strong></span> <span class='ocrx_word' id='word_1_834' title='bbox 2709 4901 2932 4973; x_wconf 89' lang='lat' dir='ltr'><strong>abjicit.</strong></span> <span class='ocrx_word' id='word_1_835' title='bbox 2959 4899 3283 4956; x_wconf 89' lang='lat' dir='ltr'><strong>Considera</strong></span> <span class='ocrx_word' id='word_1_836' title='bbox 3319 4913 3469 4955; x_wconf 89' lang='lat' dir='ltr'><strong>vero</strong></span> <span class='ocrx_word' id='word_1_837' title='bbox 3507 4911 3686 4970; x_wconf 90' lang='lat' dir='ltr'><strong>quam</strong></span> <span class='ocrx_word' id='word_1_838' title='bbox 3711 4891 3823 4948; x_wconf 81' lang='lat' dir='ltr'><strong>bene</strong></span> <span class='ocrx_word' id='word_1_839' title='bbox 3845 4880 3912 4935; x_wconf 60' lang='lat' dir='ltr'><strong>hac</strong></span> 
     </span>
    </p>
   </div>
   <div class='ocr_carea' id='block_1_111' title="bbox 2386 4979 3910 5063">
    <p class='ocr_par' dir='ltr' id='par_1_111' title="bbox 2386 4979 3910 5063">
     <span class='ocr_line' id='line_1_111' title="bbox 2386 4979 3910 5063; baseline -0.006 -17"><span class='ocrx_word' id='word_1_840' title='bbox 2386 5005 2523 5046; x_wconf 91' lang='lat' dir='ltr'><strong>cum</strong></span> <span class='ocrx_word' id='word_1_841' title='bbox 2551 4990 2780 5048; x_wconf 90' lang='lat' dir='ltr'><strong>ratione</strong></span> <span class='ocrx_word' id='word_1_842' title='bbox 2808 4989 3124 5062; x_wconf 87' lang='lat' dir='ltr'><strong>quadrent.</strong></span> <span class='ocrx_word' id='word_1_843' title='bbox 3148 4991 3277 5046; x_wconf 83' lang='lat' dir='ltr'><strong>Non</strong></span> <span class='ocrx_word' id='word_1_844' title='bbox 3305 4988 3434 5044; x_wconf 84' lang='lat' dir='ltr'><strong>dixi</strong></span> <span class='ocrx_word' id='word_1_845' title='bbox 3465 4992 3730 5044; x_wconf 82' lang='lat' dir='ltr'><strong>textorem</strong></span> <span class='ocrx_word' id='word_1_846' title='bbox 3746 4979 3910 5063; x_wconf 47' lang='lat' dir='ltr'><strong>comm?</strong></span> 
     </span>
    </p>
   </div>
   <div class='ocr_carea' id='block_1_112' title="bbox 2383 5065 3913 5157">
    <p class='ocr_par' dir='ltr' id='par_1_112' title="bbox 2383 5065 3913 5157">
     <span class='ocr_line' id='line_1_112' title="bbox 2383 5065 3913 5157; baseline -0.011 -19"><span class='ocrx_word' id='word_1_847' title='bbox 2383 5081 2629 5138; x_wconf 89' lang='lat' dir='ltr'><strong>nionem</strong></span> <span class='ocrx_word' id='word_1_848' title='bbox 2653 5079 3008 5136; x_wconf 87' lang='lat' dir='ltr'><strong>constituere</strong></span> <span class='ocrx_word' id='word_1_849' title='bbox 3031 5094 3169 5136; x_wconf 90' lang='lat' dir='ltr'><strong>cum</strong></span> <span class='ocrx_word' id='word_1_850' title='bbox 3194 5093 3357 5148; x_wconf 87' lang='lat' dir='ltr'><strong>rege,</strong></span> <span class='ocrx_word' id='word_1_851' title='bbox 3392 5076 3503 5133; x_wconf 88' lang='lat' dir='ltr'><strong>sed</strong></span> <span class='ocrx_word' id='word_1_852' title='bbox 3539 5087 3724 5145; x_wconf 85' lang='lat' dir='ltr'><strong>regem</strong></span> 
     </span>
    </p>
   </div>
   <div class='ocr_carea' id='block_1_113' title="bbox 2383 5155 3908 5245">
    <p class='ocr_par' dir='ltr' id='par_1_113' title="bbox 2383 5155 3908 5245">
     <span class='ocr_line' id='line_1_113' title="bbox 2383 5155 3908 5245; baseline -0.001 -18"><span class='ocrx_word' id='word_1_853' title='bbox 2383 5175 2625 5227; x_wconf 82' lang='lat' dir='ltr'><strong>textore.</strong></span> <span class='ocrx_word' id='word_1_854' title='bbox 2653 5172 2853 5241; x_wconf 88' lang='lat' dir='ltr'><strong>Neque</strong></span> <span class='ocrx_word' id='word_1_855' title='bbox 2881 5166 3330 5240; x_wconf 81' lang='lat' dir='ltr'><strong>rexlapicidam</strong></span> <span class='ocrx_word' id='word_1_856' title='bbox 3381 5179 3590 5222; x_wconf 87' lang='lat' dir='ltr'><strong>amore</strong></span> <span class='ocrx_word' id='word_1_857' title='bbox 3633 5155 3908 5245; x_wconf 54' lang='grc' dir='ltr'><strong>ρτοθθίῐιξξίδτξ</strong></span> 
     </span>
    </p>
   </div>
   <div class='ocr_carea' id='block_1_114' title="bbox 2382 5238 3910 5338">
    <p class='ocr_par' dir='ltr' id='par_1_114' title="bbox 2382 5238 3910 5338">
     <span class='ocr_line' id='line_1_114' title="bbox 2382 5238 3910 5338; baseline -0.002 -23"><span class='ocrx_word' id='word_1_858' title='bbox 2382 5259 2489 5316; x_wconf 90' lang='lat' dir='ltr'><strong>sed</strong></span> <span class='ocrx_word' id='word_1_859' title='bbox 2507 5238 3085 5331; x_wconf 45' lang='lat' dir='ltr'><strong>suscipit—duntaxat;</strong></span> <span class='ocrx_word' id='word_1_860' title='bbox 3115 5257 3308 5322; x_wconf 86' lang='lat' dir='ltr'><strong>Quare</strong></span> <span class='ocrx_word' id='word_1_861' title='bbox 3359 5253 3663 5326; x_wconf 87' lang='lat' dir='ltr'><strong>suscipere</strong></span> <span class='ocrx_word' id='word_1_862' title='bbox 3703 5238 3910 5338; x_wconf 46' lang='lat' dir='ltr'><strong>esifll‘lf‘f</strong></span> 
     </span>
    </p>
   </div>
   <div class='ocr_carea' id='block_1_115' title="bbox 2379 5331 3907 5425">
    <p class='ocr_par' dir='ltr' id='par_1_115' title="bbox 2379 5331 3907 5425">
     <span class='ocr_line' id='line_1_115' title="bbox 2379 5331 3907 5425; baseline -0.004 -19"><span class='ocrx_word' id='word_1_863' title='bbox 2379 5348 2562 5406; x_wconf 90' lang='lat' dir='ltr'><strong>modo</strong></span> <span class='ocrx_word' id='word_1_864' title='bbox 2576 5363 2696 5405; x_wconf 93' lang='lat' dir='ltr'><strong>non</strong></span> <span class='ocrx_word' id='word_1_865' title='bbox 2709 5347 2945 5420; x_wconf 88' lang='lat' dir='ltr'><strong>penitus</strong></span> <span class='ocrx_word' id='word_1_866' title='bbox 2957 5350 3016 5403; x_wconf 90' lang='lat' dir='ltr'><strong>et</strong></span> <span class='ocrx_word' id='word_1_867' title='bbox 3025 5345 3273 5402; x_wconf 91' lang='lat' dir='ltr'><strong>omnino</strong></span> <span class='ocrx_word' id='word_1_868' title='bbox 3284 5359 3424 5401; x_wconf 90' lang='lat' dir='ltr'><strong>com</strong></span> <span class='ocrx_word' id='word_1_869' title='bbox 3433 5341 3738 5400; x_wconf 85' lang='lat' dir='ltr'><strong>municare.</strong></span> 
     </span>
    </p>
   </div>
   <div class='ocr_carea' id='block_1_116' title="bbox 2378 5413 3906 5506">
    <p class='ocr_par' dir='ltr' id='par_1_116' title="bbox 2378 5413 3906 5506">
     <span class='ocr_line' id='line_1_116' title="bbox 2378 5413 3906 5506; baseline -0.012 -9"><span class='ocrx_word' id='word_1_870' title='bbox 2378 5413 2821 5497; x_wconf 72' lang='lat' dir='ltr'><strong>communionis</strong></span> <span class='ocrx_word' id='word_1_871' title='bbox 2900 5451 3124 5494; x_wconf 91' lang='lat' dir='ltr'><strong>nomen</strong></span> <span class='ocrx_word' id='word_1_872' title='bbox 3177 5433 3463 5506; x_wconf 60' lang='lat' dir='ltr'><strong>{auditum</strong></span> <span class='ocrx_word' id='word_1_873' title='bbox 3521 5428 3806 5490; x_wconf 86' lang='lat' dir='ltr'><strong>concentus</strong></span> <span class='ocrx_word' id='word_1_874' title='bbox 3831 5413 3906 5506; x_wconf 63' lang='grc' dir='ltr'><strong>ὶιιῖεξ</strong></span> 
     </span>
    </p>
   </div>
   <div class='ocr_carea' id='block_1_117' title="bbox 2377 5507 3904 5600">
    <p class='ocr_par' dir='ltr' id='par_1_117' title="bbox 2377 5507 3904 5600">
     <span class='ocr_line' id='line_1_117' title="bbox 2377 5507 3904 5600; baseline -0.005 -12"><span class='ocrx_word' id='word_1_875' title='bbox 2377 5527 2804 5588; x_wconf 88' lang='lat' dir='ltr'><strong>communione</strong></span> <span class='ocrx_word' id='word_1_876' title='bbox 2835 5526 3076 5598; x_wconf 88' lang='lat' dir='ltr'><strong>junctos</strong></span> <span class='ocrx_word' id='word_1_877' title='bbox 3119 5523 3484 5582; x_wconf 87' lang='lat' dir='ltr'><strong>declaratur.</strong></span> <span class='ocrx_word' id='word_1_878' title='bbox 3547 5519 3690 5578; x_wconf 85' lang='lat' dir='ltr'><strong>Talis</strong></span> 
     </span>
    </p>
   </div>
   <div class='ocr_carea' id='block_1_118' title="bbox 2376 5601 3905 5693">
    <p class='ocr_par' dir='ltr' id='par_1_118' title="bbox 2376 5601 3905 5693">
     <span class='ocr_line' id='line_1_118' title="bbox 2376 5601 3905 5693; baseline -0.026 6"><span class='ocrx_word' id='word_1_879' title='bbox 2376 5617 2814 5693; x_wconf 71' lang='lat' dir='ltr'><strong>unusquisque.</strong></span> <span class='ocrx_word' id='word_1_880' title='bbox 2843 5615 3056 5689; x_wconf 75' lang='lat' dir='ltr'><strong>Quales</strong></span> <span class='ocrx_word' id='word_1_881' title='bbox 3083 5620 3225 5674; x_wconf 87' lang='lat' dir='ltr'><strong>sunt</strong></span> <span class='ocrx_word' id='word_1_882' title='bbox 3259 5629 3404 5672; x_wconf 89' lang='lat' dir='ltr'><strong>cum</strong></span> <span class='ocrx_word' id='word_1_883' title='bbox 3447 5609 3664 5687; x_wconf 87' lang='lat' dir='ltr'><strong>quibus</strong></span> <span class='ocrx_word' id='word_1_884' title='bbox 3699 5601 3905 5665; x_wconf 66' lang='lat' dir='ltr'><strong>vciswﬂ&#39;</strong></span> 
     </span>
    </p>
   </div>
  </div>
