4066 6212
120 267 254 321 1361

141 389 378 441 κοὶνωνεῖ
415 383 668 462 ἀνθρώπῳ
707 390 808 440 τινί
845 407 858 421 -

143 475 401 550 ἀνθρώπῳ
430 479 552 542 τινὶ,
596 473 702 527 ἀλλ’
735 473 1098 548 ἀποδέχεσθαι
1144 479 1249 532 οἷόν
1288 498 1364 540 τις
1423 481 1750 552 στρατιώτης

143 560 473 637 ἀποδέχεται
533 563 768 636 ὑελοψον,
809 565 868 619 οὔ
907 574 1138 620 κοινωνεῖ
1189 564 1248 621 δέ
1284 586 1297 600 ο
1344 571 1636 640 στρατιώτῃ
1690 562 1750 619 δέ

139 675 246 708 τινι
275 660 527 724 κοινωνεῖ,
569 655 710 727 ἵππῳ
750 650 829 725 δὲ,
882 655 911 714 ᾖ
953 654 1101 727 λίθῳ,
1133 657 1163 716 ἣ
1194 659 1467 732 μαργαρῳ,
1520 657 1549 716 ἣ
1594 653 1748 728 ἑτέρῳ

138 747 244 798 τινὶ
303 743 362 796 οὗ
407 750 654 810 κοινωνεῖ,
719 752 950 798 κοινωνεῖ
979 741 1039 799 δὲ
1081 749 1171 800 καὶ
1207 754 1326 809 ταῖς
1376 751 1590 820 τροφαῖς
1655 740 1749 797 διὰ

137 838 238 893 τὴν
266 835 547 889 σύστασιν.
576 840 740 888 Τοῦτο
768 831 827 888 δε
853 837 1022 888 κοινὸν
1069 840 1180 909 μιν,
1242 839 1355 909 ἔχει
1403 833 1464 890 δὲ
1513 855 1603 888 και
1632 854 1748 888 τινα

139 921 402 999 διαφοράν
432 945 446 959 ο
477 923 623 978 ἄλλοι
658 927 760 999 γὰρ
800 924 976 991 ἄλλας,
1009 930 1099 979 καὶ
1150 925 1303 987 ἄλλας
1340 927 1524 1000 ἕτεροι,
1578 921 1748 987 οὐδεὶς

138 1010 200 1067 δι
244 1013 302 1066 οὐ
359 1021 588 1067 κοινωνιὶ
638 1022 833 1088 τροφῆς
888 1015 918 1074 ἦ
973 1012 1312 1088 ἀποδέχεται.
1383 1016 1623 1091 Ἐναργες
1688 1011 1748 1068 δὲ

136 1105 235 1168 καὶ
265 1101 320 1155 ἔκ
356 1110 456 1156 τῶν
505 1110 725 1176 τροφῶν,
784 1105 865 1156 ὅτι
902 1107 992 1156 καὶ
1050 1107 1200 1178 φύσις
1255 1109 1346 1158 καὶ
1403 1110 1612 1181 κρᾶσις,
1655 1108 1746 1156 καὶ

133 1195 428 1266 τιμιωτέρα
491 1193 521 1250 ἡ
576 1194 732 1264 φύσις
777 1200 872 1254 τῆς
921 1195 1150 1266 κράσεως
1205 1211 1218 1226 ·
1276 1194 1342 1256 εἷς
1393 1214 1444 1248 τι
1507 1195 1609 1268 γὰρ
1657 1197 1745 1246 καὶ

137 1287 360 1355 τροφαῖς
398 1282 428 1339 ἠ
493 1277 721 1358 διαφορά
775 1285 864 1334 καὶ
912 1284 961 1334 ἓν
1010 1301 1140 1349 τισι,
1193 1285 1286 1344 τὰς
1339 1279 1398 1336 δὲ
1425 1285 1600 1345 κοινάς
1657 1286 1743 1336 καὶ

137 1373 502 1444 φυσικωτέρας
557 1372 606 1423 οἱ
661 1370 850 1444 μᾶλλον
909 1373 1196 1444 αἱροῦνται.
1283 1370 1436 1444 Ἔχει
1511 1374 1601 1445 μὲν
1657 1368 1745 1424 οὖν

134 1460 283 1510 κατά
331 1459 519 1528 πάντα,
581 1460 652 1522 ὡς
699 1455 944 1532 ἐδείχθη,
1003 1463 1063 1513 τὸ
1119 1464 1270 1533 φύσει
1319 1468 1412 1514 τοῦ
1467 1463 1604 1514 θέσει
1651 1466 1744 1520 τὴν

137 1548 415 1623 ὐπεροχάν
451 1569 464 1581 ·
501 1555 732 1601 κοινωνεῖ
770 1545 830 1602 δὲ
853 1554 942 1602 καὶ
984 1549 1142 1623 ἰατρῷ
1190 1551 1216 1602 ὁ
1273 1548 1538 1623 βασιλεὺς,
1591 1557 1745 1604 τοῦτο

136 1638 364 1708 φυσικὸν
409 1639 499 1688 καὶ
551 1635 906 1712 φιλάνθρωπον
949 1658 963 1671 ·
1016 1645 1148 1711 τρεῖς
1183 1640 1285 1714 γὰρ
1341 1643 1606 1691 κοινωνίαι
1671 1647 1744 1710 τῷ

131 1727 362 1798 ἄρχοντι
399 1721 806 1799 ἁρμοδιώτατοι,
839 1725 1135 1800 φιλοσοφία,
1209 1733 1476 1803 στρατεία,
1532 1727 1739 1803 ἰατρικὴ

131 1817 270 1888 μετά
298 1821 397 1868 τῶν
439 1811 738 1888 ἰδιωμάτων
769 1815 960 1885 αὐτῶν,
991 1820 1082 1868 καὶ
1120 1825 1212 1878 τῆς
1249 1819 1338 1889 μὲν
1369 1822 1512 1889 μιᾶς,
1562 1825 1709 1876 κοινῆ
1721 1838 1744 1880 ς

131 1907 301 1964 οὔσης
328 1907 418 1956 καὶ
459 1899 743 1966 διιπούσης
780 1906 951 1958 πάντα
1005 1903 1309 1978 πολλαχῶς,
1367 1907 1436 1969 ὡς
1495 1902 1581 1960 δεῖ
1621 1926 1737 1960 κοι-

130 2001 307 2046 νωνεῖν
373 1996 558 2068 ταύτῃ,
659 1991 1082 2068 διασαφήσαντες
1169 1997 1393 2069 εἴπομεν.
1479 2001 1740 2070 Σωτήριος

129 2081 235 2154 γάρ
286 2079 398 2134 ἔστι
453 2089 635 2134 πασῶν
697 2086 788 2134 καὶ
851 2084 1054 2135 πάντων
1101 2083 1258 2152 αὕτη,
1304 2087 1394 2136 καὶ
1439 2079 1534 2136 διὰ
1585 2091 1737 2138 τοῦτο

135 2165 224 2222 δεῖ
248 2175 502 2222 κοινωνεῖν
533 2171 697 2244 ταύτῃ
740 2173 827 2222 τὸν
857 2172 1112 2246 ἄρχοντα,
1173 2168 1352 2230 ἐπειδὴ
1412 2177 1586 2248 σωτὴρ
1647 2179 1736 2227 καὶ

135 2257 452 2330 ἐπιμελητὴς
483 2257 673 2330 ψυχῶν
729 2264 818 2311 καὶ
861 2261 1113 2332 σωμάτων
1145 2259 1276 2327 ἐστὶ,
1342 2269 1438 2312 τῶν
1472 2257 1620 2313 δυοῖν
1653 2258 1732 2328 δὲ,

136 2348 208 2408 ὡς
267 2349 396 2420 μετά
453 2349 650 2406 ταύτην
727 2349 980 2420 σωμάτων
1050 2348 1217 2401 οὐσῶν
1286 2353 1572 2422 σωτηρίων,
1653 2351 1735 2402 ἐπὶ

142 2436 340 2510 μείζονι
386 2440 470 2488 καὶ
527 2435 757 2490 ἐλάττονι
820 2441 1013 2514 τρόπῳ.
1054 2444 1111 2490 Ἦ
1175 2441 1265 2511 μὲν
1320 2440 1422 2512 γὰρ
1474 2446 1566 2491 τοῦ
1614 2438 1732 2491 ὅλον

118 2665 268 2722 beas
291 2664 470 2724 solet:
512 2667 656 2741 quid
686 2667 847 2725 enim
877 2671 971 2725 est
991 2667 1154 2725 aliud
1205 2668 1436 2725 amicus
1464 2684 1651 2742 quam
1683 2668 1766 2725 al-

115 2759 204 2810 ter
220 2754 392 2827 ipse?
421 2758 567 2813 Nam
609 2757 836 2814 similes
881 2774 1020 2814 cum
1077 2757 1370 2816 similibus
1425 2758 1768 2814 societatem

105 2847 436 2902 consituere
463 2847 767 2906 solent.At
786 2849 1031 2922 suscipit
1051 2863 1173 2904 non
1205 2847 1420 2904 similia
1439 2847 1767 2922 aliquando

1019 263 1372 322 THEODORI
1401 264 1449 321 Il
1476 261 1620 320 1MP.
1655 261 1746 316 DE
1776 256 2234 320 COMMUNIONE
2265 265 2639 324 NATURALI.

920 388 1030 441 ἔστι
1068 384 1128 442 δὲ
1192 409 1294 442 τινι
1357 393 1430 462 μὴ
1491 393 1745 441 κοινωνεῖν
1810 387 1856 442 Α
1914 387 2051 448 ζώον
2106 388 2270 462 φύλαξ
2323 389 2617 466 ἀνθρώπου,
2672 391 2699 450 ἠ
2770 386 2829 443 δὲ
2873 391 3016 465 παρά
3074 393 3245 464 μέρος.
3311 380 3514 468 ’ἰητρὸς

3405 270 3540 327 1362

1912 479 2014 550 γὰρ
2041 475 2168 549 ἀνὴρ
2195 476 2392 532 πολλῶν
2423 477 2661 543 ἀντάξιος
2691 477 2874 544 ἄλλων,
2909 482 3028 552 περὶ
3082 473 3142 532 δὲ
3187 491 3510 554 στρατηγοῦ,

1914 565 1985 625 εἷς
2013 569 2214 638 μυρίοι,
2249 562 2491 625 δηλονότι
2522 569 2590 630 εἷς
2621 570 2806 629 πάντες
2838 585 2851 598 ·
2881 567 2939 620 οὐ
2991 570 3094 640 γὰρ
3149 567 3256 622 εἶπε
3309 574 3508 645 μύριοι,

1913 650 2041 705 ἀλλά
2069 658 2269 730 μυρίοι,
2318 661 2473 708 τοῦτο
2529 652 2590 709 δὲ
2618 659 2676 708 τὸ
2725 656 2914 718 πάντες
2959 651 3131 714 δηλοῖ.
3178 663 3365 732 Πρώτη
3419 663 3510 733 μὲν

1911 738 1997 795 οὖν
2057 744 2086 802 ἡ
2139 748 2492 818 στρατιωτικὴ
2569 745 2632 808 ἧς
2700 743 2814 798 ἐστι
2868 750 2957 798 καὶ
2995 743 3048 808 ἐξ
3097 746 3162 808 ἧς
3217 751 3360 820 παρὰ
3415 757 3511 812 τῆς

1910 837 2122 908 πρώτης
2149 839 2240 887 καὶ
2267 835 2294 887 ὁ
2323 837 2475 907 φύσει
2516 837 2832 908 στρατηγὸς,
2889 831 3134 909 δευτέραν
3175 833 3234 890 δὲ
3277 842 3510 909 κρίνομεν

1909 926 2002 980 τὴν
2060 923 2320 997 ἰατρικὴν,
2376 926 2508 997 μετά
2583 921 2644 978 δὲ
2693 927 2885 986 ταύτας
2958 924 3018 977 οὐ
3079 934 3334 979 κοινωνεῖν
3402 925 3510 981 δεῖν

1911 1019 2027 1074 ταῖς
2071 1011 2254 1076 ἄλλαις
2320 1015 2408 1066 τὸν
2460 1015 2698 1089 ἄρχοντα
2773 1012 2982 1086 λέγομεν
3042 1011 3152 1066 ἀλλ’
3199 1014 3508 1089 οἰκονομεῖν,

1911 1099 2207 1154 ἐπιτάσσων
2260 1103 2433 1175 ὥσπερ
2510 1100 2562 1165 ἐξ
2661 1101 2943 1177 ἀκρωρείας
3019 1106 3160 1166 τινὸς
3221 1106 3510 1178 καθήμενος

1911 1191 2046 1252 ὅπως
2096 1190 2210 1243 κατ’
2262 1189 2558 1264 ἐπιστήμην
2612 1195 2700 1244 καὶ
2766 1211 2922 1264 φυσιν
2968 1193 3026 1244 τὸ
3077 1197 3179 1244 πᾶν
3237 1189 3505 1261 διέπηται,

1909 1284 1999 1332 καὶ
2036 1284 2150 1353 περὶ
2206 1283 2297 1353 μὲν
2354 1287 2444 1333 τοῦ
2484 1285 2688 1352 πρώτον
2744 1287 2930 1346 ταῦτα,
2981 1289 3081 1332 τῶν
3121 1278 3172 1334 δ’
3226 1281 3390 1334 ἄλλων
3445 1287 3509 1337 τὰ

1912 1369 2134 1442 ἑπόμενα
2207 1374 2297 1422 καὶ
2357 1371 2477 1422 ὅσον
2532 1372 2595 1422 τά
2659 1369 2863 1441 ἔλλογα.
2947 1373 3148 1444 Χρῄζει
3185 1373 3286 1447 γὰρ
3353 1378 3442 1425 καὶ
3481 1375 3507 1426 ὁ

1909 1457 2189 1530 ἱλάχιστος
2242 1456 2534 1530 βλάναυσὸς
2609 1478 2746 1520 τινος
2805 1458 3160 1530 λογικότητος.
3233 1460 3326 1523 ⁸ος
3381 1469 3507 1533 γοῦν

1909 1547 2090 1619 οὕτως,
2133 1550 2202 1611 ὡς
2230 1549 2453 1620 εἴρηται,
2503 1545 2750 1622 βιοτεύει,
2813 1550 3070 1622 μακάριος
3121 1549 3176 1611 ὃς
3205 1545 3255 1602 δ’
3286 1554 3343 1602 οὐ
3375 1559 3506 1623 φαῦ-

1905 1635 2006 1698 λος.
2031 1636 2173 1690 Ἐπεὶ
2206 1633 2268 1689 δί
2293 1641 2601 1709 πανταχόσε
2654 1640 2714 1689 τὸ
2745 1639 2894 1710 φύσει
2932 1645 3024 1690 τοῦ
3089 1639 3226 1691 θέσει
3276 1647 3506 1712 κρεῖττον

1906 1727 2087 1800 εὑρέθη
2120 1723 2175 1778 ἐκ
2206 1727 2409 1778 πάντων
2458 1733 2558 1778 τῶν
2611 1723 2659 1777 ἓν
2714 1734 2786 1797 τῷ
2853 1729 3034 1800 κόσμω
3087 1730 3264 1796 ὄντων,
3321 1725 3508 1800 μηδεὶς

1905 1813 2196 1868 ἀπατάσθω
2257 1821 2415 1888 τιμᾷν
2458 1818 2516 1867 τὸ
2563 1819 2635 1888 μὴ
2696 1819 2868 1888 τίμιον
2922 1816 2952 1874 ἦ
3008 1823 3264 1869 κοινωνεῖν
3311 1815 3453 1888 αὐτῷ
3491 1839 3503 1852 ·

1902 1909 2000 1977 μία
2027 1905 2128 1979 γάρ
2161 1903 2302 1958 ἐστιν
2341 1906 2372 1963 ἡ
2426 1903 2621 1965 ἀληθὴς
2671 1903 2898 1974 εὐγένεια
2933 1908 3023 1956 καὶ
3052 1909 3177 1977 τιμὴ
3233 1904 3280 1958 ἐν
3334 1903 3506 1978 ἐμψύ-

1901 2013 2021 2066 χοις
2066 2012 2120 2046 τε
2195 1998 2285 2046 καὶ
2337 1991 2572 2065 ἀψύχοις
2623 1995 2672 2047 ἓν
2719 1993 2944 2066 λογικοῖς
3003 1998 3092 2046 καὶ
3154 1993 3360 2066 ἀλόγοις
3415 2001 3505 2049 καὶ

1897 2088 2078 2154 πᾶσιν,
2118 2084 2147 2141 ἠ
2201 2083 2352 2154 φύσει
2390 2081 2636 2154 εὐγένεια,
2686 2087 2777 2136 καὶ
2837 2087 2934 2154 μία
2987 2087 3229 2136 κοινωνία
3285 2085 3314 2142 ἡ
3369 2087 3505 2136 κατά

1897 2174 2050 2244 φύσιν
2090 2175 2180 2224 καὶ
2248 2172 2369 2224 ὅσον
2421 2173 2551 2244 πρὸς
2606 2170 2922 2244 ἐπιστήμην,
2992 2173 3047 2224 αἱ
3091 2168 3142 2224 δ’
3195 2171 3346 2225 ἄλλαι
3409 2173 3503 2224 οὐκ

1894 2260 2114 2331 ἀγαθαί.
2209 2267 2388 2313 Ταῦτα
2453 2267 2578 2332 ⁹γοῦν
2629 2259 2977 2331 ἐξετάσαντες,
3037 2268 3241 2337 πρῶτον
3296 2264 3500 2334 εἴπομεν

1894 2347 2046 2401 ἁκαὶ
2076 2346 2446 2421 κεφαλαιωδῶς
2477 2347 2672 2423 ἀπάρτι
2729 2348 2778 2402 ἒν
2835 2351 2964 2421 ἕκτῳ
3017 2350 3151 2423 λόγῳ
3203 2346 3503 2412 δηλωποιή-

1897 2457 2077 2501 σαντες
2105 2443 2198 2499 τὴν
2221 2443 2580 2514 πραγματείαν
2609 2437 2887 2512 ἐντελεχῶς
2917 2438 3262 2515 ἀπολύσομεν.

1871 2671 2044 2734 artes,
2059 2685 2194 2744 qua:
2213 2686 2350 2727 cum
2367 2669 2468 2726 illa
2483 2670 3094 2744 supremahominum
3113 2687 3369 2745 corpora
3383 2687 3526 2729 con-

1870 2765 2129 2830 servant,
2161 2759 2342 2832 idque
2371 2760 2598 2831 majore
2619 2764 2677 2817 et
2702 2760 2930 2817 minore
2989 2761 3172 2818 modo
3204 2780 3217 2818 :
3254 2777 3376 2817 una
3396 2761 3525 2834 qui-

1867 2847 2008 2904 dem
2049 2853 2142 2904 est
2210 2853 2411 2906 custos
2461 2849 2643 2905 totius
2695 2849 2956 2906 hominis
2991 2869 3001 2906 :
3036 2850 3222 2907 altera
3260 2866 3403 2906 vero
3450 2866 3524 2904 ex

101 2934 339 3007 aliquis,
361 2939 428 2991 ut
450 2937 952 3008 equum,bovem,
977 2953 1218 2993 canem:
1241 2952 1419 2994 nemo
1445 2937 1604 2993 enim
1625 2954 1765 2994 cum
1790 2989 1828 3010 η
1867 2941 2046 3010 parte.
2080 2941 2250 3005 Nam,
2283 2943 2348 2994 ut
2377 2939 2458 2994 ait
2495 2939 2806 3008 Homerus,
2839 2940 2924 2994 vir
2997 2940 3265 2995 medicus
3317 2937 3520 2994 multis

98 3038 258 3095 equo
284 3025 774 3082 communionem
821 3025 1094 3083 instituit.
1143 3027 1206 3082 lit
1226 3025 1426 3082 nullus
1454 3041 1576 3081 non
1606 3041 1766 3082 com-

95 3113 448 3168 munionem
466 3114 573 3171 init
593 3131 732 3171 cum
767 3115 971 3189 aliquo
1005 3115 1270 3172 homine.
1307 3117 1423 3172 Usu
1447 3119 1649 3172 autem
1672 3132 1764 3172 ve-

93 3201 184 3256 nit
209 3200 556 3274 aliquando,
591 3204 856 3260 uthomo
879 3219 1016 3260 cum
1081 3203 1284 3277 aliquo
1321 3204 1565 3260 homine
1594 3220 1760 3260 com-

96 3290 446 3347 munionem
474 3306 595 3347 non
625 3291 804 3359 ineat,
837 3292 943 3348 sed
970 3309 1109 3350 eum
1162 3292 1471 3365 suscipiat,
1503 3298 1568 3349 ut
1593 3292 1762 3349 miles

92 3377 312 3450 aliquis
349 3379 752 3452 hyeldopsum
787 3381 1050 3454 suscipit,
1086 3381 1189 3437 sed
1215 3397 1336 3438 non
1387 3382 1760 3438 communio-

92 3482 238 3523 nem
259 3467 365 3524 init
399 3486 413 3524 :
442 3471 502 3525 at
516 3484 654 3525 cum
679 3469 861 3526 milite
884 3469 1087 3543 aliquo
1118 3470 1608 3526 communionem
1630 3471 1756 3541 init,

92 3574 238 3614 cum
259 3574 414 3631 equo
441 3575 582 3616 vero
613 3565 715 3616 aut
743 3559 967 3633 lapide,
1012 3565 1113 3616 aut
1154 3560 1374 3616 unione
1397 3565 1528 3624 ;aut
1557 3560 1760 3632 aliqua

91 3647 392 3716 ejusmodi
405 3664 468 3704 re
494 3664 616 3704 non
635 3649 738 3704 init
760 3649 1250 3706 communionem
1273 3649 1752 3706 antsocietatem~

91 3736 408 3804 Praeterea,
438 3753 578 3794 cum
609 3736 908 3794 alimentis
959 3737 1452 3794 communionem
1478 3736 1585 3792 init
1616 3753 1758 3809 pro-

91 3829 227 3896 pter
249 3825 514 3897 corporis
545 3825 1054 3896 constitutionem,
1091 3825 1196 3881 sed
1227 3829 1317 3880 est
1367 3823 1614 3897 aliquod
1665 3825 1753 3880 di-

89 3913 370 3969 scrimen.
403 3913 513 3970 Alli
537 3915 697 3970 enim
727 3913 880 3970 alios
911 3913 1024 3970 sibi
1061 3914 1226 3970 cibos
1274 3917 1504 3986 optant.
1565 3915 1751 3970 Nemo

86 4016 234 4057 vero
256 4016 374 4058 non
388 4003 711 4076 participat
729 4003 1102 4075 alimentum,
1123 4007 1228 4059 aut
1245 4002 1445 4075 ipsum
1466 4002 1710 4075 suscipit
1732 4023 1745 4074 ;

1789 2989 1830 3044 C

1867 3025 1998 3082 aliis
2029 3031 2290 3100 praestat.
2323 3027 2471 3082 Cum
2506 3032 2703 3084 autem
2731 3027 2806 3083 de
2831 3027 2984 3082 duce
3023 3027 3316 3082 exercitus
3375 3026 3518 3094 agit.

1867 3117 2052 3182 Unus,
2079 3117 2292 3189 inquit,
2319 3120 2408 3172 est
2431 3117 2618 3172 instar
2646 3115 3198 3181 innumerabilium,
3231 3115 3517 3171 nimirum

1863 3209 1951 3261 est
2002 3221 2158 3260 unus
2215 3221 2426 3262 omnes
2453 3221 2686 3278 meque
2727 3205 2886 3262 enim
2943 3204 3092 3262 dixit
3146 3207 3348 3279 μύριοι,
3408 3205 3518 3260 sed

1861 3298 2060 3367 μυρίοι.
2087 3294 2256 3359 Quod
2287 3294 2431 3350 satis
2472 3293 2814 3364 intelligitur
2863 3309 2935 3350 ex
2996 3309 3067 3350 eo
3127 3291 3295 3366 quod
3351 3292 3514 3358 dicit,

1861 3398 2094 3438 omnes.
2127 3390 2235 3439 Ars
2255 3383 2434 3454 igitur
2457 3381 2723 3439 militaris
2740 3387 2832 3438 est
2853 3381 3048 3455 prima
3068 3398 3256 3455 quam
3296 3381 3514 3438 deinde

1861 3478 2313 3545 consequuntur
2357 3473 2635 3545 reliquae:
2695 3477 2752 3528 et
2809 3473 2914 3545 qui
2974 3477 3188 3528 natura
3247 3476 3376 3528 est:
3420 3487 3512 3528 se-

1861 3560 2127 3616 cundum
2159 3577 2298 3617 vero
2319 3561 2398 3616 ab
2429 3561 2527 3616 illa
2566 3560 2930 3616 medicinam
2988 3575 3118 3616 esse
3163 3559 3509 3631 judicamus

1859 3665 1996 3706 cum
2018 3649 2167 3719 aliis,
2195 3667 2330 3724 qua:
2361 3655 2810 3723 consequuntur
2829 3649 3316 3706 communionem
3346 3649 3510 3705 inere

1856 3755 1978 3796 non
2004 3740 2181 3798 debet
2205 3741 2545 3813 imperator,
2575 3740 2680 3796 sed
2700 3738 2831 3796 illas
2856 3754 3060 3809 regere
3101 3743 3396 3812 tanquam
3435 3753 3508 3794 ex

1855 3834 1979 3885 arte
2009 3831 2277 3903 quadam
2305 3830 2634 3902 imperans,
2682 3833 2745 3884 ut
2790 3829 2996 3884 omnia
3025 3843 3098 3883 ex
3157 3827 3405 3884 scientia
3452 3832 3507 3884 et

1853 3923 2066 3975 natura
2094 3919 2444 3975 efﬁciantur.
2479 3921 2560 3974 Ac
2588 3917 2662 3974 de
2699 3918 2896 3990 prima
2959 3917 3203 3990 quidem
3259 3915 3507 3972 scientia

1849 4006 1980 4063 haec
2009 4007 2167 4064 dicta
2183 4008 2318 4064 sint.
2346 4006 2484 4063 Aliae
2503 4022 2642 4062 vero
2664 4009 3118 4078 consequuntur
3154 4019 3277 4076 quo
3308 4003 3501 4073 magis

90 4094 273 4162 atque
297 4107 367 4148 ex
398 4091 695 4149 alimentis
717 4092 1048 4162 intelligunt
1081 4108 1292 4149 omnes
1315 4107 1444 4148 esse
1468 4096 1747 4149 naturam
1774 4129 1815 4182 ο
1848 4111 1986 4152 cum
2007 4096 2234 4152 ratione
2259 4095 2640 4152 conveniunt.
2670 4097 2821 4152 Nam
2879 4110 2977 4149 ars
3005 4092 3100 4149 vel
3129 4093 3380 4148 minima
3407 4107 3500 4148 se-

85 4185 147 4235 et
173 4181 689 4252 temperationem:
717 4197 786 4237 ac
821 4187 1100 4238 naturam
1156 4181 1403 4254 quidem
1451 4185 1747 4254 tempera-

81 4270 248 4324 tione
279 4285 406 4325 esse
426 4271 918 4342 praestantiorem.
954 4274 1099 4327 Nam
1131 4271 1456 4327 discrimen
1505 4271 1747 4327 alimen-

81 4362 286 4414 torum
309 4358 387 4414 ad
405 4359 667 4431 aliquem
699 4358 884 4415 ﬁnem
909 4361 1136 4432 spectat
1170 4363 1228 4415 et
1264 4361 1324 4416 in
1377 4360 1745 4432 quibusdam

82 4447 379 4503 consistit.
413 4448 767 4504 Communia
797 4454 1000 4504 autem
1042 4453 1100 4504 et
1121 4449 1314 4518 magis
1339 4448 1419 4504 ad
1463 4454 1745 4505 naturam

81 4535 432 4593 accedentia
461 4536 758 4593 elementa
780 4536 1079 4609 sapientes
1105 4536 1220 4592 sibi
1251 4537 1445 4608 potius
1496 4538 1740 4608 eligunt.

83 4624 328 4681 Excellit
353 4627 529 4696 igitur
559 4627 620 4682 in
646 4627 935 4683 omnibus
971 4625 1120 4682 illud
1151 4626 1319 4699 quod
1345 4631 1557 4682 natura
1580 4633 1666 4684 est
1688 4632 1744 4685 et

80 4718 328 4787 praestat
341 4715 566 4787 eiquod
591 4720 676 4772 est
707 4715 1020 4788 positione.
1053 4715 1235 4771 Porro
1255 4731 1328 4770 ex
1344 4731 1586 4788 quoque
1603 4732 1742 4773 cum

77 4801 322 4860 medico
337 4805 824 4860 communionem
846 4803 975 4861 init.
987 4805 1123 4860 Tres
1137 4804 1296 4859 enim
1312 4809 1452 4859 sunt
1467 4819 1735 4860 commu-

71 4891 408 4948 nicationes
425 4893 768 4966 imperatori
787 4893 1452 4960 accommodatissimas,
1477 4893 1734 4966 philoso-

66 4981 238 5054 phia,
266 4979 494 5048 militia,
537 4982 834 5040 medicina
857 4998 996 5040 cum
1027 4983 1150 5038 suis
1191 4998 1448 5056 quaeque
1470 4983 1732 5057 proprie-

64 5069 318 5127 tatibus.
360 5074 440 5126 Ac
463 5070 844 5144 nosquidem
910 5073 1052 5128 satis
1109 5070 1550 5128 declaravimus
1605 5089 1728 5146 quo

59 5161 248 5232 pacto
265 5157 456 5214 multis
478 5159 676 5216 modis
699 5161 1191 5216 communionem
1214 5160 1376 5217 illam
1399 5165 1453 5217 et
1475 5177 1581 5234 per
1601 5177 1727 5218 om-

57 5246 169 5302 nia
195 5253 606 5318 permeantem
633 5249 940 5305 scientiam
982 5249 1336 5321 participare
1369 5249 1720 5306 debeamus.

57 5339 200 5408 Ipsa
214 5334 375 5392 enim
397 5340 485 5392 est
508 5337 782 5393 omnium
805 5337 1187 5394 scientiarum
1221 5342 1276 5394 et
1317 5339 1592 5395 omnium
1620 5339 1724 5396 ho-

59 5424 303 5480 minum
323 5426 748 5496 conservatrix,
777 5427 950 5499 cujus
975 5431 1317 5500 compotem
1333 5431 1567 5499 oportet
1594 5443 1724 5486 esse

60 5514 514 5587 imperatorem,
533 5516 1030 5590 quandoquidem
1060 5515 1404 5574 animorum
1434 5521 1490 5574 et
1518 5533 1727 5591 corpo-

60 5617 204 5664 rum
229 5607 322 5664 est
347 5610 612 5665 servator
631 5609 962 5665 etcurator.
1003 5608 1152 5664 Cum
1204 5609 1406 5664 autem
1453 5605 1590 5665 duae
1610 5607 1728 5666 sint

1847 4184 2117 4244 dentaria
2145 4185 2390 4241 rationis
2435 4200 2550 4258 ope
2579 4183 2824 4253 indiget.
2858 4183 2970 4249 Qui
3014 4182 3192 4251 igitur
3232 4181 3315 4238 ita
3361 4180 3501 4238 vivit

1847 4275 1936 4345 (ut
1963 4273 2190 4330 dictum
2220 4274 2332 4344 est)
2352 4273 2566 4330 beatus
2596 4279 2684 4328 est
2713 4290 2726 4329 :
2751 4271 2854 4344 qui
2884 4271 3070 4342 aliter,
3098 4271 3295 4326 miser.
3337 4271 3496 4336 Quo-

1842 4363 2007 4418 niam
2039 4368 2240 4418 autem
2270 4379 2343 4419 ex
2372 4362 2656 4419 omnibus
2683 4377 2820 4435 quae
2874 4361 2934 4418 in
2981 4360 3262 4416 universo
3314 4359 3497 4416 modo

1847 4455 1978 4509 sunl
1999 4453 2144 4508 illud
2167 4453 2331 4527 quod
2359 4456 2818 4509 naturaconstat
2842 4451 3222 4525 praestantius
3245 4465 3400 4517 esse,
3425 4466 3496 4506 eo

1842 4542 2008 4616 quod
2031 4542 2325 4614 positione
2369 4545 2622 4612 constat,
2675 4546 3053 4614 compertum
3081 4544 3204 4596 est:
3231 4539 3494 4596 nemoin

1843 4647 2105 4689 errorem
2133 4631 2452 4688 inducatur
2473 4634 2537 4686 ut
2560 4629 2715 4687 colat
2739 4630 2906 4697 illud,
2940 4629 3102 4704 quod
3143 4645 3266 4684 non
3286 4633 3372 4684 est
3398 4644 3492 4683 co-

1839 4719 2107 4788 lendum,
2139 4718 2408 4792 illudque
2434 4719 2767 4791 participet.
2804 4721 2931 4774 Una
2961 4717 3121 4773 enim
3150 4731 3288 4771 vera
3324 4715 3490 4771 nobi-

1839 4807 1972 4865 litas
1989 4813 2096 4878 est,
2117 4825 2412 4882 verusque
2435 4809 2630 4864 honor
2651 4808 2708 4863 in
2729 4805 3006 4863 animatis
3034 4809 3090 4860 et
3122 4803 3486 4871 inanimatis,

1837 4897 1899 4953 in
1926 4897 2153 4953 ratione
2179 4896 2447 4969 praeditis
2474 4901 2530 4952 et
2555 4896 2803 4952 rationis
2843 4891 3208 4964 expertibus,
3267 4905 3488 4964 nempe

1836 4985 1935 5042 illa
1960 4986 2240 5042 nobilitas
2271 5001 2406 5058 quia
2425 4991 2640 5039 natura
2668 4986 2919 5049 constat,
2951 4987 3010 5037 et
3059 4996 3179 5036 una
3219 4996 3488 5038 commu-

1835 5075 2052 5132 nicatio
2082 5080 2188 5141 est,
2211 5089 2420 5146 nempe
2441 5072 2541 5128 illa
2569 5087 2704 5143 quae
2731 5087 2803 5126 ex
2881 5073 3096 5128 natura
3143 5074 3230 5126 est
3261 5090 3274 5130 :
3301 5070 3487 5144 idque

1833 5169 2130 5237 quatenus
2154 5163 2234 5219 ad
2263 5161 2569 5218 scientiam
2625 5159 2963 5233 requiritur,
3013 5159 3142 5216 alite
3197 5175 3340 5216 vero
3362 5176 3484 5216 non

1833 5259 1972 5310 sunt
1999 5253 2194 5309 home.
2228 5255 2362 5308 Haec
2387 5251 2567 5322 igitur
2586 5250 2847 5324 primum
2881 5249 3486 5321 anobisinvestigata

1833 5342 2139 5399 attulimus
2167 5357 2300 5414 quae
2348 5340 2697 5397 summatim
2750 5339 2810 5395 in
2852 5346 3019 5396 sexto
3078 5354 3356 5395 sermone
3397 5355 3485 5394 se-

1833 5431 2035 5504 quenti
2068 5429 2383 5504 complexi,
2409 5430 2844 5502 tractationem]
2858 5431 3017 5487 hanc
3060 5429 3342 5486 omnibus
3370 5443 3483 5484 nu-

1834 5521 2015 5578 meris
2036 5520 2384 5579 absolutam
2403 5519 2752 5579 reddemus.
