4066 6212
624 254 758 308 1363

848 512 2083 694 ΘΕΟΔΩΡΟΥ
2191 518 2637 692 ΤΟΥ
2738 519 3731 694 ΛΑΣΚΑΡΙ

2145 250 2501 306 ADDENDA.

3806 268 3906 323 1364

1308 790 1439 836 ΤΟΥ
1475 789 1629 835 ΥΙΟΥ
1666 790 1981 837 ΜΕΓΑΑΟΥ
2018 789 2338 837 ΒΑΣΙΛΕΩΣ
2379 789 2592 836 ΚΥΡΟΥ
2624 789 2927 837 ῙΩΑΝΝΟΥ
2960 790 3091 837 ΤΟΥ
3129 788 3342 837 ΔΟΥΚΑ

1322 949 1632 1062 ΤΗΣ
1716 949 2400 1063 ΦΥΣΙΚΗΣ
2479 947 3341 1065 ΚΟΙΝΩΝΙΑΣ

1872 1191 2264 1279 ΛΟΓΟΣ

1346 1558 2314 1698 THEODORI
2374 1556 3324 1695 LASGARIS

1452 1796 1607 1852 FlLlI
1649 1798 1867 1852 SUMMI
1903 1796 2374 1855 IMPERATORIS
2412 1796 2656 1855 DOMlNl
2694 1795 2983 1853 JOANNIS
3023 1794 3224 1849 DUCE

2377 1189 2787 1277 ΕΚΤΟΣ.

1132 1965 1329 2071 DE
1432 1964 2307 2074 NATUBALI
2422 1959 3545 2074 COMMUNIONE

1938 2160 2260 2250 SEBMO

738 2516 1043 2586 Ἀναγκαῖαι
1071 2518 1161 2566 καὶ
1189 2523 1392 2587 πρῶται
1446 2516 1649 2566 πάντων
1704 2518 1863 2587 φύσις
1913 2518 1997 2567 καὶ
2039 2514 2260 2572 ἐπιστή-

666 2623 737 2674 μη
778 2624 790 2634 ·
824 2610 886 2673 τῇ
921 2604 1010 2673 μὲν
1041 2604 1139 2675 ’γὰρ
1174 2604 1455 2671 συνάγεται
1484 2609 1631 2653 πᾶσα
1655 2609 1863 2670 κρᾶσις,
1909 2611 1969 2674 τῇ
2027 2600 2086 2654 δὲ
2115 2609 2262 2654 πᾶσα

664 2687 884 2743 παιδεία
924 2711 937 2723 ο
971 2690 1056 2751 αἷς
1085 2688 1199 2742 ἐστι
1228 2694 1286 2741 τὸ
1317 2693 1469 2762 φύσει
1496 2710 1551 2741 τε
1588 2695 1679 2742 καὶ
1703 2690 1762 2741 τό
1813 2692 1969 2743 θέσει.
2002 2694 2152 2762 Λέγω
2203 2688 2262 2743 δὲ

668 2782 820 2851 φύσει
847 2785 949 2830 πᾶν
1001 2779 1027 2829 ὅ
1072 2798 1125 2829 τι
1177 2778 1349 2846 καλὸν,
1402 2780 1541 2830 θέσει
1598 2777 1656 2831 δὲ
1694 2783 1752 2830 τὸ
1801 2776 2060 2831 δεικτικὸν
2102 2779 2261 2832 καλοῦ

664 2872 849 2939 καὶμὴ
883 2866 1041 2918 καλοῦ
1067 2871 1156 2918 καὶ
1180 2874 1364 2921 κακοῦ.
1425 2871 1645 2940 Πότερον
1710 2864 1798 2919 οὖν
1835 2872 1894 2920 τὸ
1943 2872 2090 2941 φύσει
2139 2868 2260 2920 πολο

664 2955 840 3027 λαχώς
884 2962 976 3007 τοῦ
1028 2957 1163 3007 θέσει
1211 2952 1529 3027 ἀποδειχθὲν
1578 2962 1877 3030 τιμιώτερον
1965 2954 2259 3015 δηλοποιεῖν

663 3048 743 3097 ὅτι
772 3048 939 3097 καὶτὸ
978 3045 1092 3096 κατ’
1122 3044 1416 3116 ἐπιστήμην
1464 3052 1555 3097 τοῦ
1605 3049 1740 3098 κατὰ
1791 3050 1983 3118 τέχνην
2032 3050 2142 3099 ἐστὶ
2175 3066 2259 3098 τι-

663 3139 957 3206 μιώτερον;
1003 3132 1088 3193 Ὠς
1131 3137 1232 3207 ’γὰρ
1273 3133 1343 3195 εὶς
1387 3137 1542 3205 φύσιν
1598 3140 1807 3207 κρᾶσις,
1858 3135 1993 3187 οὕτω
2044 3132 2113 3193 δή
2169 3139 2259 3186 καὶ

665 3222 734 3283 εἰς
792 3221 1086 3294 ἐπιστήμην
1134 3225 1316 3293 τέχνη,
1392 3227 1481 3274 καὶ
1553 3226 1621 3283 ὡς
1696 3228 1978 3297 τιμιωτέρα
2028 3226 2260 3295 κράσεως

2093 3335 2106 3345 ·
2169 3310 2262 3364 διὰ

662 3407 813 3451 τοῦτο
860 3404 949 3450 καὶ
1000 3402 1059 3450 τὸ
1112 3399 1226 3450 κατ’
1266 3398 1559 3471 ἐπιστήμην
1602 3406 1900 3473 γιγνόμενον
1957 3408 2260 3476 τιμιώτερόν

664 3314 839 3382 φύσις,
899 3311 1033 3362 οὕτω
1088 3318 1371 3383 τιμιωτέρα
1420 3315 1613 3382 τέχνης
1669 3315 1698 3369 ἡ
1751 3311 2016 3383 ἐπιστήμη

664 3487 780 3539 ἐστι
810 3495 901 3539 τοῦ
938 3490 1075 3538 κατὰ
1128 3492 1319 3559 τέχνην
1370 3493 1693 3560 γιγνομένου,
1749 3493 1818 3549 ὡς
1872 3496 1961 3542 καὶ
2013 3496 2070 3542 τὸ
2116 3493 2261 3557 κατὰ

665 3580 819 3647 φύσιν
862 3584 954 3627 τοῦ
993 3578 1128 3627 κατὰ
1165 3583 1373 3650 κρᾶσιν.
1408 3584 1489 3629 Δεῖ
1539 3588 1664 3648 ’γοῦν
1717 3576 1810 3630 διὰ
1862 3588 2027 3631 ταῦτα
2082 3579 2261 3654 ἀρετῆς

662 3670 917 3715 κοινωνεῖν
951 3684 963 3697 ο
993 3671 1145 3715 τοῦτο
1197 3668 1295 3739 γὰρ
1350 3671 1525 3738 μίγμα
1560 3672 1649 3717 καὶ
1697 3667 1991 3739 ἐπιστήμης
2040 3674 2130 3720 καὶ
2170 3672 2258 3740 φύ-

668 3772 814 3813 σεως.
855 3758 1025 3804 Δείται
1068 3755 1168 3827 γὰρ
1224 3754 1355 3812 αὕτη
1422 3763 1521 3806 τῶν
1583 3754 1879 3828 ἀμφοτέρων
1927 3778 1940 3790 ο
1983 3758 2105 3809 ὅσον
2155 3754 2261 3831 γάρ

2331 2159 2742 2251 SEXTUS.

2317 2518 2364 2569 Α
2422 2535 2502 2575 τις
2531 2511 2584 2567 εὖ
2613 2534 2673 2587 ’γε
2702 2517 2899 2586 φύσεως
2947 2515 3034 2581 ὢν,
3068 2514 3111 2566 εἰ
3167 2518 3238 2585 μή
3268 2533 3352 2565 τοι
3390 2518 3481 2565 καὶ
3515 2511 3815 2583 ἐπιστήμηνῆ

2421 2624 2507 2675 ρος
2552 2609 2641 2655 καὶ
2697 2605 2801 2655 οἷον
2882 2601 3151 2674 ἀπήχημα
3201 2605 3396 2663 ταύτης
3474 2604 3600 2672 ἔχει,
3636 2601 3716 2652 οὐκ
3758 2601 3801 2649 ἄν
3835 2615 3901 2648 ποτε

2423 2691 2609 2765 ἀρετήν
2639 2692 2922 2765 ἐργάσεται
2961 2690 3042 2756 ἂν,
3070 2693 3243 2763 ὥσπερ
3286 2687 3412 2744 οὐδὶ
3450 2692 3475 2742 ὀ
3518 2694 3657 2763 μόνον

2422 2780 2675 2843 ἀκούσας,
2741 2780 2832 2832 οὐκ
2906 2783 3020 2851 ἔχει
3090 2776 3148 2831 δε
3225 2783 3386 2851 φύσιν
3446 2779 3700 2852 ἐργάσεται
3758 2774 3898 2847 ἀγαθόν.

2422 2867 2705 2921 Ἀδύνατον
2760 2865 2819 2922 δὲ
2871 2868 3166 2940 ἐπιστήμην
3218 2864 3417 2921 εἰδέναι
3466 2872 3579 2921 τινὰ
3628 2865 3767 2924 καλῶς

2425 2960 2543 3024 θῶς,
2572 2958 2616 3010 εἰ
2663 2963 2734 3030 μὴ
2767 2962 2856 3009 καὶ
2910 2961 3064 3029 φύσιν
3116 2960 3229 3028 ἔχει
3284 2959 3421 3009 πάνυ
3458 2960 3704 3029 χρηστήν.
3754 2948 3901 3007 Ὑποεέ-

2425 3049 2523 3119 θρα
2705 3042 2791 3099 οὖν
2844 3047 2958 3098 ἐστι
2990 3049 3141 3117 φύσις
3186 3051 3277 3097 καὶ
3334 3048 3440 3098 οἷον
3482 3045 3593 3102 ὖὶη.
3630 3043 3835 3110 ἐπιστήμη
3872 3032 3903 3086 δε

2422 3132 2562 3196 εἶδος
2631 3136 2736 3187 οἷον
2818 3140 2908 3186 καὶ
2979 3137 3239 3206 ἓκφανσις.
3295 3133 3496 3207 ’Ὠσπερ
3557 3136 3649 3206 γὰρ
3693 3135 3765 3182 καὶ
3800 3127 3902 3180 λίθους

2422 3222 2740 3296 ἀδιαφόρους
2798 3232 2868 3293 τῷ
2923 3227 3169 3295 σχήματι
3244 3221 3502 3295 βλέπομεν
3549 3226 3630 3273 καὶ
3655 3216 3701 3272 εὖ
3742 3236 3786 3289 γε
3821 3214 3901 3285 μέλι

2421 3312 2621 3385 ἑτέρους
2674 3309 2950 3384 μονοειδῶς
3024 3310 3534 3384 ἕσχηματισμένονς,
3595 3313 3675 3360 καὶ
3730 3303 3900 3375 διακρίνε-

2420 3421 2508 3471 μεν
2560 3404 2697 3462 ὅπως
2750 3401 2914 3453 ἐκεῖσε
2975 3404 3033 3452 τὸ
3102 3397 3239 3462 εἶδος
3320 3406 3415 3458 τὴν
3479 3399 3599 3457 ὕλην
3651 3398 3705 3468 ἐμ

2417 3491 2448 3549 ἦ
2482 3492 2619 3561 φυτὰ
2666 3490 2696 3547 ἡ
2748 3491 2895 3562 ἕτερά
2925 3509 3063 3553 τινα,
3103 3490 3239 3541 οὕτω
3274 3486 3346 3548 δὴ
3387 3494 3477 3541 καὶ
3520 3491 3633 3548 τοὺς
3683 3483 3803 3557 βίους
3833 3474 3899 3530 δίε·

2418 3584 2607 3651 κρίνειν
2691 3574 2975 3649 δυνάμεθα.
3055 3579 3147 3630 εἶθ’
3214 3578 3382 3639 οὕτως
3461 3582 3545 3629 καὶ
3597 3578 3806 3627 κοινωνεῖν
3840 3571 3899 3620 γεῖς

2420 3666 2631 3740 βιοῦσιν
2665 3688 2677 3700 ·
2721 3667 2793 3728 εἰς
2820 3669 2921 3740 γὰρ
2974 3670 3041 3719 τὰ
3084 3664 3397 3739 σφαιροειδῆ
3452 3668 3481 3725 ἣ
3534 3670 3787 3739 τετράγωνα
3819 3672 3899 3740 qt-

2418 3776 2559 3829 ματα
2618 3759 2810 3827 ἔχοντα
2850 3763 3062 3827 νοοῦμεν
3136 3757 3214 3808 ὅτι
3277 3754 3488 3827 ἀναθῶς
3540 3754 3688 3818 ἐκεῖσε
3729 3752 3775 3803 τὸ
3821 3738 3899 3796 εἶδες

709 3931 992 3986 Omnium
1027 3946 1226 3986 rerum
1266 3931 1526 3988 maxime
1569 3934 1920 3989 necessaria
1961 3939 2017 3989 et
2076 3935 2282 4006 prima:
2316 3934 2358 3985 Β
2390 3935 2464 3989 tis
2486 3950 2619 3989 esse
2645 3933 2964 4005 participes
2995 3951 3009 3999 ;
3040 3933 3170 3988 hinc
3198 3932 3363 3988 enim
3405 3940 3496 3987 est
3520 3934 3724 3986 natura:
3741 3929 3783 3979 et
3803 3921 3907 3976 scien'

635 4025 772 4075 sunt
793 4024 1007 4076 natura
1044 4026 1101 4076 et
1128 4021 1407 4087 scientia;
1441 4022 1519 4077 ad
1548 4022 1710 4077 illam
1733 4024 1891 4078 enim
1923 4023 2119 4078 omnis
2140 4028 2283 4078 tem-

634 4110 861 4179 peratio
889 4114 1224 4174 revocatur,
1250 4110 1327 4165 ad
1348 4110 1503 4165 hanc
1527 4110 1723 4165 omnis
1743 4111 1995 4166 eruditio
2022 4129 2033 4165 :
2058 4112 2281 4182 quibus

632 4196 847 4251 deinde
877 4198 1031 4253 inest
1056 4197 1201 4253 illud
1231 4198 1389 4270 quod
1439 4204 1653 4255 natura
1700 4206 1789 4255 est
1839 4206 1895 4255 et
1950 4206 2181 4255 constat
2225 4205 2283 4254 et

632 4284 798 4354 quod
816 4285 1127 4355 positione.
1158 4286 1329 4350 Quod
1352 4292 1565 4342 natura
1590 4293 1823 4344 constat
1840 4288 1985 4343 illud
2018 4288 2275 4360 appello,

633 4372 1039 4443 quodcunque
1053 4374 1371 4429 honestum
1382 4380 1535 4430 estet
1548 4375 1975 4441 bonum.0uod
1990 4377 2279 4449 positione

633 4465 871 4515 constat
900 4460 1043 4515 illud
1066 4461 1321 4533 appello,
1341 4465 1506 4534 quod
1530 4464 1845 4521 honestum
1868 4472 1925 4522 et
1951 4481 2069 4521 non
2099 4467 2280 4521 hone-

632 4553 790 4604 stum
813 4554 993 4621 atque
1011 4549 1237 4604 malum
1270 4554 1598 4623 susscipere
1621 4561 1830 4625 potest.
1867 4558 2071 4610 Utrum
2103 4556 2281 4623 igitur

629 4638 795 4711 quod
818 4642 1032 4693 natura
1048 4644 1281 4695 constat
1304 4642 1683 4712 praestantius
1702 4658 1832 4698 esse
1852 4659 1942 4709 eo,
1986 4644 2151 4715 quod
2175 4661 2279 4715 po-

631 4725 842 4782 sitione
872 4725 1074 4782 multis
1108 4727 1305 4782 modis
1345 4727 1821 4785 demonstratum
1873 4736 1961 4787 est
1988 4732 2203 4797 ?Quod
2231 4733 2278 4788 si

629 4833 836 4873 verum
870 4817 1363 4873 estmanifestum
1397 4820 1521 4885 erit,
1566 4820 1713 4875 illud
1762 4821 1926 4892 quod
1971 4838 2043 4876 ex
2095 4823 2279 4877 scien-

629 4905 710 4961 tia
744 4922 814 4961 eo
834 4906 1000 4979 quod
1026 4911 1115 4962 est
1141 4923 1213 4962 ex
1234 4912 1381 4975 arte,
1408 4923 1540 4963 esse
1574 4909 1970 4979 praestantius.
2008 4912 2074 4965 Ut
2117 4910 2276 4965 enim

628 4996 979 5066 temperatio
1010 5011 1071 5050 se
1094 4994 1275 5051 habet
1302 4996 1379 5052 ad
1438 5002 1753 5052 naturam:
1786 4997 1867 5053 ita
1907 5015 2149 5070 quoque
2180 5016 2277 5055 ars

630 5097 692 5135 se
720 5082 903 5139 habet
932 5084 1006 5137 ad
1030 5084 1361 5142 scientiam.
1394 5087 1460 5140 Et
1488 5089 1552 5140 ut
1576 5091 1787 5141 natura
1844 5092 1932 5141 est
1981 5092 2274 5159 tempera-

630 5169 784 5224 tione
815 5173 1209 5242 praastantior,
1250 5173 1333 5228 ita
1358 5175 1535 5229 etiam
1569 5174 1817 5253 scientia
1843 5180 1931 5231 est
1957 5182 2079 5231 arte
2130 5193 2275 5247 prte-

627 5258 896 5314 stantior.
925 5260 1330 5324 Quamobrem
1356 5260 1497 5317 illud
1538 5264 1702 5334 quod
1734 5280 1803 5319 ex
1833 5265 2077 5320 scientia
2102 5265 2278 5320 efﬁci-

627 5353 722 5403 tur
742 5348 1125 5419 praestantius
1167 5354 1257 5405 est
1297 5365 1368 5406 eo
1411 5352 1575 5422 quod
1632 5368 1701 5407 ex
1759 5358 1882 5408 arte
1921 5352 2192 5417 efﬁcitur,
2216 5359 2278 5411 ut

624 5438 804 5493 etiam
826 5436 971 5492 illud
1011 5437 1174 5508 quod
1201 5443 1294 5493 est
1347 5454 1418 5494 ex
1446 5455 1661 5496 natura
1699 5441 2077 5512 praestantius
2098 5448 2275 5515 esteo

622 5526 789 5605 quod
821 5530 999 5581 estex
1018 5527 1466 5597 temperatione.
1492 5529 1687 5592 Quare
1719 5534 1953 5599 oportet
1965 5544 2079 5585 nos
2097 5530 2272 5587 virtu-

2391 4023 2483 4078 tite
2496 4024 2569 4078 ad
2580 4023 2795 4079 mistio.
2816 4026 3033 4079 Natura
3049 4022 3209 4077 enim
3235 4027 3508 4094 utraque,
3528 4032 3719 4089 nemqe
3733 4008 3909 4067 virtuiefl

2391 4112 2631 4166 scientia
2667 4117 2819 4179 eget.
2853 4114 2997 4167 Nam
3017 4126 3139 4183 quo
3174 4111 3394 4182 aliquis
3413 4114 3498 4166 est
3519 4115 3710 4165 natura
3732 4096 3909 4191 felicium.

2388 4202 2501 4256 nisi
2522 4201 2827 4256 scientiam
2851 4206 2955 4255 aut
2970 4199 3226 4254 scientiae
3247 4204 3499 4271 partem.
3527 4193 3784 4265 autipsius
3799 4195 3909 4240 scien-

2388 4289 2484 4343 tiae
2499 4289 2823 4355 imaginem
2836 4288 3169 4360 quamdam
3181 4287 3424 4354 habeat,
3439 4284 3578 4343 nihil
3592 4291 3805 4354 unquam
3816 4276 3897 4344 Ροίθ

2387 4379 2460 4433 rit
2480 4395 2551 4433 ex
2574 4379 2783 4433 virtute
2809 4392 3006 4446 agere,
3037 4382 3099 4433 ut
3122 4377 3303 4433 etiam
3364 4376 3467 4448 qui
3521 4370 3788 4455 scientiam
3823 4360 3908 4455 άξξιξ

2387 4472 2551 4523 taxat
2598 4442 2879 4539 percepit;
2950 4442 3060 4522 nec
3116 4465 3296 4522 habet
3348 4442 3636 4529 naturam,
3676 4442 3907 4547 boni-nihl1

2388 4560 2669 4627 praestare
2730 4560 2941 4627 potest.
3004 4555 3146 4610 Fieri
3192 4560 3394 4610 autem
3443 4551 3636 4624 nequit
3691 4539 3903 4623 utiaﬂiqms

2384 4645 2539 4700 bene
2568 4650 2621 4700 et
2650 4643 3027 4700 laudabiliter
3047 4643 3357 4699 scientiam
3386 4646 3591 4707 teneat,
3635 4636 3730 4692 nisi
3777 4630 3901 4683 natura

2386 4734 2634 4789 omnino
2664 4733 2825 4787 bona
2856 4732 2932 4787 sit
2956 4733 3267 4804 praeditus.
3304 4713 3901 4804 Naturaigiturvelutfunj

2386 4823 2740 4877 damentum
2770 4827 2827 4876 et
2865 4800 3149 4883 materia;
3194 4820 3442 4876 scientia
3478 4833 3610 4873 vero
3630 4819 3705 4869 est
3726 4800 3899 4897 {om}:ﬁt
3960 4838 3961 4897 j

2384 4913 2561 4967 veluti
2592 4910 2926 4984 patefactio.
2971 4910 3211 4967 Utenim
3233 4909 3461 4981 lapides
3497 4907 3672 4977 ﬁgura
3697 4912 3789 4955 non
3805 4885 3897 4984 di???

2384 5006 2579 5055 rentes
2594 4982 2900 5055 cernimus
2939 5001 2995 5054 et
3024 4998 3172 5054 alios
3210 4996 3523 5053 artificiose
3559 4997 3611 5049 et
3646 4982 3896 5077 uniform?
3960 5028 3961 5077 ξ

2311 5070 2349 5123 C
2385 5087 2695 5156 ﬁguratos,
2720 5092 2900 5158 atque
2920 5085 3319 5141 discernimus
3345 5100 3465 5156 quo
3494 5086 3653 5157 pacto
3676 5074 3767 5131 illic
3783 5068 3894 5167 ῑοξωξ

2384 5176 2695 5231 materiam
2771 5174 3133 5243 informavit,
3205 5179 3332 5229 tum
3374 5172 3618 5245 plantas,
3652 5172 3750 5221 tum
3774 5159 3893 5253 fw
3960 5159 3961 5229 ξ

2383 5264 2665 5336 quaelibet
2702 5264 2838 5320 alia.
2868 5265 2952 5320 ita
2975 5278 3220 5335 quoque
3259 5261 3487 5321 vivendi
3538 5268 3727 5328 genera

2384 5324 2523 5409 nere
2548 5370 2903 5426 possumus:
2933 5352 3150 5408 deinde
3181 5368 3319 5407 cum
3375 5353 3486 5409 hoc
3537 5353 3630 5403 aut
3679 5339 3759 5433 i119
3784 5324 3890 5433 m0?"

2382 5425 2721 5499 viventibus
2757 5441 3248 5497 communionem
3269 5440 3505 5496 habere.
3527 5439 3657 5493 Cum
3675 5425 3801 5517 enini
3824 5425 3889 5517 ἀφ’

2381 5532 2816 5588 madvertimus
2846 5530 3105 5603 formam
3121 5529 3284 5586 illam
3306 5529 3378 5585 de
3400 5526 3641 5599 bonitate
3660 5510 3887 5591 praedican'
