4066 6212
166 247 314 318 4365

1039 243 1394 302 THEODORI
1431 246 1478 299 η
1515 241 1662 297 ΙΜΡ.
1703 240 1796 298 DE
1836 240 2301 320 consumatis
2336 237 2720 313 NATURALI.

3455 263 3598 344 i395

193 375 492 444 ἐμόρφωσε-εν
548 369 579 430 ᾖ
634 370 701 436 τὰ
747 371 998 442 τρίγωνα,
1052 369 1305 443 ἐξαίρετον
1363 365 1422 420 δὲ
1468 369 1526 420 τὸ
1595 374 1802 441 πρῶτον
1867 374 1909 422 Α
1967 386 2063 430 τως
2121 373 2268 444 αὐτὸ,
2328 378 2462 430 ἔστω
2515 381 2572 430 τό
2628 383 2732 434 ΑΒ
2763 385 2801 432 Γ
2839 383 3234 457 Δτιτροὲγωνον,
3295 381 3572 462 διάμετροι

190 465 288 520 καὶ
319 454 423 512 οἷον
453 457 574 516 ὅλην
603 463 697 516 τὴν
720 465 810 510 τοῦ
850 453 1018 517 εἴδους
1069 461 1192 530 ἔχον
1253 455 1439 528 ἰσχύν”
1462 477 1474 488 ο
1527 453 1706 513 ἐπειδὴ
1744 450 1802 507 δὲ

190 554 347 600 πᾶσα
413 547 442 604 ἡ
504 547 661 598 αὐτοῦ
708 545 975 618 ἐπιφάνεια
1037 551 1164 620 πρὸς
1244 549 1302 598 τὸ
1342 548 1546 619 κέντρον
1583 543 1612 602 ἡ
1668 546 1798 617 πρὸς

190 641 352 708 ὄγκον
381 635 552 698 ἐξίσου
584 631 864 706 ἐκδέχεται
916 633 1086 706 λεῖψιν
1116 636 1144 694 ἡ
1182 635 1442 694 ἐπίτασιν,
1495 632 1588 684 οὐκ
1627 633 1800 684 οἰνισοι

191 724 474 798 συμϐῶσιν
501 725 694 778 εὐθεῖαι
720 726 774 774 αἱ
817 726 948 799 πρὸς
985 727 1044 776 τὸ
1101 728 1307 797 κέντρον
1353 722 1657 796 ἐρχόμεναι,
1685 723 1802 774 οὔτε

189 819 300 887 μὴν
332 816 386 866 αἱ
415 818 540 888 πρὸς
569 817 655 866 τὸν
691 813 844 886 ὄγκον
898 819 1182 888 τεινάμεναι
1235 809 1330 866 διὰ
1375 815 1468 870 τὴν
1516 811 1800 884 πρόσθεσιν

191 904 225 962 ἣ
252 907 346 961 τὴν
375 902 563 974 λείψιν,
597 901 705 954 ἀλλ’
756 899 869 956 ἶσαι
905 901 1148 963 manu;
1195 905 1457 973 μένουσιν.
1505 898 1660 964 Ἀλλὰ
1711 903 1800 972 καὶ

187 997 343 1044 πᾶσα
380 988 662 1064 διάμετρος
699 995 1043 1066 περαιουμένη
1106 986 1140 1043 δ
1147 992 1200 1042 ιὰ
1264 997 1354 1042 τοῦ
1392 993 1605 1064 κέντρου
1636 987 1800 1040 αὐτοῦ

185 1082 285 1138 ἴση
331 1087 420 1133 ταῖ
491 1082 686 1142 πάσαις
738 1079 870 1142 ἐστὶ,
933 1080 1027 1131 κᾶν
1073 1085 1165 1132 τοῦ
1224 1077 1508 1142 ἐλάττονος,
1560 1074 1655 1127 κᾶν
1706 1082 1800 1128 τοῦ

184 1173 443 1241 μείζονος,
479 1176 683 1243 Πρῶτος
711 1172 803 1242 μὲν
824 1164 910 1221 οὖν
975 1171 1033 1222 τὸ
1066 1164 1208 1229 εἶδος
1250 1168 1387 1218 κατά
1429 1167 1578 1217 πὸιὸν
1630 1183 1799 1237 κρειτ-

184 1264 354 1319 τόνως
425 1263 520 1316 τὴν
597 1267 820 1332 σφαῖραν
877 1257 1164 1332 ἐμόρφωσε,
1225 1253 1480 1328 δευτέρως
1525 1249 1585 1306 δέ
1633 1273 1694 1325 γε
1739 1255 1797 1304 1'6

184 1349 535 1420 τετράγωνον,
564 1343 796 1421 διαφέρει
821 1345 880 1400 δὲ
935 1349 1016 1399 ὅτι
1068 1349 1126 1398 1'6
1193 1348 1284 1420 μὲν
1340 1343 1420 1395 ἀεὶ
1467 1348 1557 1394 καὶ
1607 1361 1798 1394 παντα-

185 1435 371 1504 χόθεν,
435 1435 524 1497 τοίς
589 1455 644 1490 τε
701 1432 1011 1510 διαμέτρους
1056 1438 1150 1496 τάς
1205 1453 1260 1488 τε
1315 1435 1446 1505 πρὸς
1483 1434 1543 1482 τὸ
1590 1433 1796 1506 κέντρον

189 1521 567 1596 εἰσερχομένας
615 1529 887 1598 γραμμὰς,
943 1522 1123 1578 διόλου
1193 1525 1331 1596 φέρει
1386 1518 1582 1583 ἐξίσου,
1633 1520 1691 1570 τὸ
1736 1514 1796 1571 δὲ

182 1612 254 1661 τὰ
281 1615 372 1684 μὲν
427 1617 557 1687 μέρη
617 1611 709 1668 ἶσα
745 1617 860 1687 ἔχει
905 1618 1016 1682 καὶ,
1068 1612 1112 1664 εἰ
1161 1614 1415 1682 τέμνοιτο,
1472 1607 1501 1666 ἦ
1558 1605 1789 1674 αὔξοιτο,
1851 1639 1889 1692 Β

172 2812 263 2866 ἶσα
311 2822 400 2870 καὶ
437 2817 586 2869 πάλιν
637 2819 752 2887 ἔχει
789 2817 852 2867 τὰ
916 2819 1071 2890 μέρη,
1131 2815 1264 2874 πλην
1312 2819 1401 2878 τὰς
1455 2815 1769 2891 διαμέτρους

167 2901 376 2968 ἀνίσους
405 2909 536 2980 πρὸς
572 2907 631 2958 τὸ
670 2908 875 2976 κέντρον
914 2907 1029 2975 ἔχει
1082 2923 1138 2958 τι
1194 2909 1283 2957 καὶ
1335 2908 1505 2967 ἴσους.
1551 2901 1763 2963 Ἐπειδὴ

160 2993 262 3066 γὰρ
341 2994 398 3050 αἱ
462 2995 552 3065 μὴν
602 2994 1061 3064 σχηματισθεῖσαι
1118 2990 1230 3046 ἴσον
1285 2993 1409 3048 αὐτὸ
1465 2998 1557 3046 καὶ
1615 2993 1765 3046 πᾶλιν

159 3089 417 3152 ποιοῦσιν,
449 3084 505 3136 αἱ
536 3077 595 3135 δὲ
626 3084 813 3134 τούτου
855 3078 1154 3148 διπλάσιον,
1211 3078 1380 3144 δεῖξαι
1430 3078 1490 3136 δί
1538 3078 1620 3136 δεῖ
1671 3081 1759 3133 οὗ·

1969 452 2028 508 δὲ
2050 460 2078 516 ἡ
2111 466 2146 512 Β
2168 467 2206 516 Γ
2233 468 2280 516 Ν
2308 471 2355 518 Ω
2382 470 2629 538 τέμνουσι
2657 464 2716 522 δὲ
2757 452 3168 542 συζευγνυμέναι
3227 452 3401 544 αὗται.
3434 452 3570 542 κατᾴ

1965 549 2020 598 τὸ
2068 553 2274 640 κέντρον
2305 560 2352 608 Χ
2378 557 2435 605 τὸ
2480 554 2592 608 ὅλον
2644 559 2711 622 εἷς
2753 575 2808 610 τε
2861 553 2956 610 δύο
3005 560 3265 632 τραπέζια
3318 567 3408 615 καὶ
3459 569 3567 640 τρί-

1963 653 2106 704 γωνα
2180 637 2225 690 θ’
2299 641 2549 704 ὡσαύτως
2617 640 2736 711 δύο,
2773 643 3103 704 ἐκϐεϐλήσθω
3138 649 3170 706 ἡ
3199 654 3250 702 Ν
3278 655 3317 704 Δ
3350 651 3444 714 ἕως
3472 637 3567 716 τῆς

1965 729 1997 774 Σ
2031 744 2044 756 ο
2077 727 2210 778 ἔστω
2241 723 2301 779 δί
2327 731 2446 792 ὡςὴ
2479 737 2526 794 Ν
2565 738 2605 788 Δ
2637 735 2667 791 ἡ
2713 739 2744 796 Α
2769 739 2803 786 Σ
2842 754 2854 767 ·
2889 733 3220 794 ἐκϐεϐλήσθω
3249 733 3308 790 δὲ
3337 743 3427 790 καὶ
3456 741 3486 800 ἡ
3518 747 3568 793 Ω

1965 817 2003 866 Γ
2027 818 2116 866 καὶ
2172 817 2202 874 ἡ
2233 822 2270 869 Γ
2299 824 2346 872 Ψ
2379 821 2450 882 ὡς
2469 821 2499 879 ἡ
2535 827 2575 876 Δ
2604 827 2642 874 Γ
2669 842 2682 856 ο
2712 819 3035 894 ἆχθήτωσαν
3101 821 3162 877 δὴ
3203 831 3293 880 καὶ
3340 825 3441 892 ἀπὸ
3471 838 3564 890 τοῦ

1961 905 2174 978 κέντρου
2213 905 2407 960 εὐθεῖαι
2457 913 2589 983 πρὸς
2636 912 2703 964 τὰ
2733 918 2778 964 Θ
2808 917 2972 968 Μκαὶ
3031 910 3183 978 αὖθις
3235 914 3563 982 ἑκϐεϐλήσθω

2091 1079 3435 2126 ι

1935 2278 1968 2335 ἦ
2003 2278 2446 2344 ΘᾶωςτῆςΣὼς
2483 2283 2738 2338 τὸΘκαὶ
2782 2283 2844 2336 1'6
2897 2286 3427 2361 κέντρωΧᾶχθὴτω
3477 2287 3542 2344 δὶ

1933 2369 2450 2434 καὶὴΣΡίωςτῆς
2503 2378 2552 2427 Ψ
2603 2389 2697 2434 κας
2743 2373 2859 2426 ἔστι
2916 2375 2978 2428 1'6
3024 2383 3125 2439 ri;
3166 2382 3290 2431 ΝΩ
3344 2373 3540 2452 διαμέ-

1931 2474 2080 2530 τρου,
2130 2461 2251 2519 ἴσας
2304 2461 2430 2531 ἕχον
2478 2463 2796 2534 τετράγωνον
2840 2462 2933 2524 τὰς
2987 2463 3210 2539 πλευρὰς
3239 2461 3354 2518 ἴσον
3397 2474 3469 2537 τῷ
3493 2472 3535 2520 Δ

1933 2549 2028 2599 ΒΓ
2065 2552 2447 2621 Δτιτραυγώνῳ.
2512 2546 2601 2611 Ὠς
2684 2550 2786 2625 γὰρ
2858 2554 3020 2624 μέσον
3103 2560 3200 2617 τῆς
3253 2556 3457 2610 ΝΩτὸ
3486 2561 3537 2610 Χ

1930 2639 2158 2709 κέντρον,
2210 2633 2373 2697 οὕτως
2424 2633 2494 2695 δὴ
2550 2641 2640 2691 καὶ
2689 2645 2788 2698 τῆς
2841 2643 3131 2713 ΒΔμέσον
3185 2643 3536 2702 τὸΗῶσαῦ-

1930 2720 2112 2785 τωςδὶ
2140 2728 2349 2786 καὶτῆς
2375 2731 2410 2776 Δ
2435 2730 2475 2778 Γ
2499 2728 2558 2778 1'6
2596 2733 2662 2793 Ω,
2711 2725 2838 2780 ἆ)λὰ
2873 2733 2965 2782 καὶ
3019 2737 3112 2792 τῆς
3141 2735 3180 2783 Γ
3203 2734 3253 2786 Α
3281 2734 3342 2785 τὸ
3371 2739 3418 2786 Θ
3439 2736 3531 2787 καὶ

1929 2820 2020 2872 τῆς
2049 2819 2086 2864 Β
2111 2819 2145 2864 Δ
2177 2816 2234 2864 τὸ
2262 2818 2338 2870 Μ.
2394 2813 2537 2867 Ἐπεὶ
2591 2809 2722 2868 δὶτό
2743 2822 2794 2869 Μ
2824 2823 2869 2870 Χ
2925 2813 3204 2891 διάστημα
3256 2817 3369 2874 ἶσόν
3415 2819 3530 2874 ὶστι

1926 2908 1999 2971 τῷ
2029 2908 2077 2955 X
2107 2907 2152 2954 Θ
2178 2905 2269 2954 καὶ
2294 2903 2353 2952 τὸ
2385 2908 2432 2955 Θ
2457 2907 2493 2953 Ρ
2528 2898 2641 2962 ἶσόν
2671 2900 2784 2958 έστι
2808 2911 2882 2974 τῷ
2912 2911 2960 2960 Χ
2988 2911 3042 2962 M
3071 2909 3140 2962 τὰ
3168 2903 3228 2960 δί
3269 2915 3343 2978 τῷ
3385 2907 3529 2980 αὐτῷ

1929 2985 2020 3042 ἶσα
2055 2994 2146 3042 καὶ
2176 2988 2410 3050 ἀλλήλοις
2436 2986 2528 3043 ἶσά
2556 2988 2688 3062 ἇστι,
2721 2997 2812 3047 καὶ
2837 2993 2906 3046 τὰ
2930 2994 3035 3066 ἄρα
3071 3000 3124 3056 Π
3151 3001 3221 3059 Χ,
3243 3002 3293 3050 X
3321 3002 3390 3063 Θ,
3421 3001 3462 3057 9
3487 3002 3526 3052 P

1925 3075 2270 3151 διαστήματα
2299 3073 2395 3132 ἶσα
2423 3077 2664 3143 ἀλλήλοις
2717 3078 2828 3134 ﬁeri
2853 3085 2964 3148 καὶ,
3003 3080 3089 3138 ἰπὶ
3123 3085 3183 3136 τὸ
3234 3089 3285 3140 X
3315 3087 3524 3160 κέντρον

128 3256 294 3328 dam,
311 3259 672 3316 informasse
684 3259 991 3329 globosas,
1009 3260 1427 3329 triangulares,
1453 3259 1778 3331 etquadra-

1886 3271 2008 3329 que
2035 3253 2211 3312 modo
2240 3255 2302 3314 in
2331 3255 2456 3312 duo
2496 3257 2814 3328 triangula.
2837 3257 3018 3316 Linea
3047 3263 3249 3320 autem
3279 3263 3376 3320 NA
3400 3276 3542 3336 pro-3

127 3350 220 3402 tas
255 3347 499 3417 ﬁguras,
534 3353 652 3404 tum
678 3347 822 3402 illud
854 3347 915 3404 iu
931 3353 1189 3404 mentem
1223 3363 1576 3404 revocamus
1609 3346 1776 3418 quod
1885 3345 2141 3401 ducatur
2172 3360 2361 3417 usque
2387 3347 2453 3412 Q.
2480 3348 2615 3403 Esto
2635 3351 2840 3406 autem
2869 3347 3028 3406 linea
3053 3349 3150 3417 ΑΩ
3164 3348 3398 3410 utlinea
3425 3354 3539 3412 NA.

125 3433 408 3492 diximus.
443 3439 541 3492 Est
570 3444 770 3494 autem
821 3436 1015 3508 prima
1076 3435 1176 3492 illa
1245 3435 1442 3506 ﬁgura
1486 3435 1778 3508 sphaerica

125 3525 637 3594 prtestantissima,
663 3539 798 3597 quas
825 3523 1002 3580 veluti
1032 3530 1218 3582 totam
1249 3524 1458 3582 formai
1481 3525 1606 3580 vim
1621 3523 1773 3580 obti-

125 3618 242 3667 net.
277 3613 571 3679 Quoniam
595 3615 757 3670 enim
782 3618 903 3669 tota
930 3613 1122 3685 ipsius
1155 3612 1502 3685 superﬁcies
1532 3613 1611 3670 ad
1632 3629 1775 3670 cen-

125 3707 306 3764 trum,
332 3707 386 3757 et
420 3701 499 3758 ad
548 3702 768 3758 molem
827 3707 914 3758 est
969 3701 1276 3774 aequaliter
1331 3703 1666 3774 composita
1721 3709 1777 3758 et

123 3789 430 3860 azqualiter
460 3791 711 3862 suscipit
757 3791 1227 3848 subtractionem
1280 3796 1336 3847 et
1380 3791 1772 3847 additionem.

125 3895 270 3934 sane
299 3887 472 3936 recte:
497 3880 688 3946 linere,
717 3896 853 3950 quis
883 3879 962 3935 ad
1003 3886 1274 3936 centrum
1289 3879 1655 3947 deferuntur,
1689 3881 1774 3935 in-

122 3967 387 4040 aequales
406 3984 534 4024 esse
555 3984 676 4024 non
705 3973 1004 4040 poterunt,
1037 3984 1234 4041 neque
1265 3969 1444 4025 etiam
1477 3968 1591 4024 illas
1635 3985 1774 4041 quas

123 4055 202 4110 ad
233 4055 452 4112 molem
483 4056 753 4120 tendunt.
795 4057 918 4112 sive
949 4056 1141 4114 addas
1174 4057 1297 4114 sive
1353 4057 1608 4122 adimas,
1667 4056 1772 4114 sed

122 4144 384 4216 aequales
405 4146 562 4202 inter
585 4161 646 4200 se
675 4145 1028 4206 manebunt.
1057 4145 1210 4212 Quin
1238 4146 1416 4202 etiam
1437 4147 1635 4204 omnis
1648 4146 1774 4202 dia-

113 4231 494 4288 meterducta
514 4248 621 4304 per
646 4237 916 4288 centrum
929 4233 1142 4305 ipsius,
1181 4235 1539 4306 esttequalis
1576 4235 1770 4292 omni-

109 4320 228 4376 bus
252 4320 580 4391 diametris,
609 4322 810 4378 tumin
841 4322 1095 4391 minore,
1122 4327 1250 4378 tum
1297 4324 1478 4380 etiam
1531 4326 1591 4380 in
1646 4341 1772 4382 ma-
1805 4321 1849 4374 D

104 4410 237 4480 jore
260 4409 460 4479 globo.
487 4411 748 4466 Primum
778 4410 956 4480 igitur
980 4409 1177 4467 forma
1202 4427 1275 4466 ex
1303 4412 1586 4484 qualitate
1611 4428 1769 4485 pras-

107 4499 367 4554 stantius
401 4498 1028 4569 globuminformavit.
1061 4499 1336 4555 Secundo
1356 4499 1491 4556 loco
1507 4501 1766 4572 quadra-

111 4594 262 4644 tum.
296 4587 585 4644 Diﬂ‘erunt
616 4594 818 4644 autem
843 4588 996 4644 inter
1025 4603 1108 4656 se,
1139 4588 1304 4661 quod
1333 4590 1570 4662 sphasra
1599 4591 1764 4648 omni

2015 3490 3392 4540 ἐκ

107 4692 183 4731 ex
213 4682 379 4748 parte
413 4677 741 4767 diametros
775 4684 830 4732 et
857 4677 935 4767 ad
987 4684 1258 4734 centrum
1315 4679 1530 4735 ductas
1577 4680 1764 4737 lineas
1870 4690 2236 4748 Producatur
2263 4707 2508 4765 quoque
2527 4692 2687 4750 linea
2712 4694 2802 4751 0C
2831 4709 3024 4767 usque
3067 4695 3147 4751 ad
3204 4695 3242 4752 S
3296 4697 3356 4752 et
3389 4696 3521 4750 esto

105 4766 334 4821 habeat
361 4766 642 4838 aequales.
712 4766 1082 4831 Quadratum
1147 4783 1288 4824 vero
1338 4773 1538 4840 partes
1581 4769 1762 4826 habet
1867 4777 2028 4835 linea,
2053 4780 2132 4837 CS
2166 4786 2232 4837 ut
2255 4780 2416 4838 linea
2459 4780 2568 4838 0C.
2614 4766 2940 4840 Prata-ea
2984 4781 3285 4839 ducantur
3341 4781 3518 4838 lineo

105 4854 374 4926 aequales
400 4864 458 4909 et
505 4855 632 4912 sive
666 4859 898 4910 secetur
912 4857 1035 4909 sive
1057 4856 1450 4912 accretionem
1470 4858 1758 4928 suscipiat

105 4941 370 5014 aequales
401 4960 609 5000 rursus
649 4943 828 4999 habet
891 4948 1086 5014 partes
1143 4945 1403 5016 exceptis
1453 4945 1756 5004 diametris

100 5046 258 5102 quos
289 5047 395 5103 per
419 5039 690 5088 centrum
721 5032 935 5088 ductas
982 5031 1194 5103 partim
1246 5032 1507 5104 aaquales
1553 5034 1754 5104 habet,

97 5119 320 5190 partim
379 5121 729 5192 inaequales,
784 5121 1283 5193 quandoquidem
1337 5137 1410 5176 ex
1451 5122 1756 5179 diametris

93 5206 532 5278 quadratorum
559 5209 843 5281 quaedam
878 5209 932 5263 in
967 5208 1193 5278 ﬁguras
1236 5209 1490 5266 redactae
1524 5213 1756 5283 aequale

93 5296 460 5368 quadratum
477 5314 682 5354 rursus
693 5297 977 5365 efﬁciunt,
993 5297 1122 5354 aliae
1141 5314 1278 5353 vero
1291 5298 1566 5371 duplum.
1584 5303 1751 5367 Quod

93 5385 212 5440 hoc
241 5387 426 5443 modo
457 5388 995 5444 demonstrandum
1012 5395 1116 5442 est.
1151 5389 1284 5442 Esto
1299 5390 1476 5444 ABCD
1499 5391 1756 5460 quadra-

93 5481 249 5542 tum,
281 5475 556 5544 diametri
588 5492 723 5532 vero
753 5476 875 5531 duo
907 5477 1012 5542 BC,
1040 5477 1132 5531 ΝΟ
1152 5490 1285 5546 quae
1312 5485 1512 5542 secent
1535 5479 1594 5534 in
1616 5495 1753 5536 ceu-

94 5568 190 5620 tro
225 5563 288 5618 P.
319 5565 532 5626 Totum
560 5564 927 5638 quadratum
957 5564 1019 5620 in
1057 5563 1179 5620 duo
1211 5565 1468 5646 trapesia
1503 5567 1752 5638 eodem-

1864 4871 2040 4924 rectaa
2061 4883 2098 4924 a
2122 4873 2324 4926 centro
2346 4869 2424 4926 ad
2447 4872 2489 4926 Τ
2508 4875 2564 4926 et
2587 4872 2658 4939 ll,
2684 4885 2756 4926 ac
2780 4885 2990 4926 rursus
3043 4872 3087 4928 Τ
3141 4867 3515 4942 producatur

1865 4969 2060 5027 usque
2086 4957 2166 5012 ad
2193 4959 2238 5014 Β
2267 4974 2281 5012 :
2301 4957 2496 5030 sitque
2516 4961 2787 5014 centrum
2811 4958 2856 5013 Ρ
2878 4962 2947 5014 ut
2964 4961 3238 5014 centrum
3265 4959 3308 5014 Τ
3329 4973 3344 5013 :
3367 4972 3520 5030 pro-

1863 5041 2120 5100 ducatur
2137 5044 2321 5100 etiam
2343 5044 2502 5101 linea
2530 5045 2626 5110 0R
2653 5059 2842 5117 usque
2879 5044 2962 5102 ad
2988 5045 3028 5099 S
3076 5062 3092 5102 :
3151 5045 3520 5118 quadratum

1864 5130 2137 5188 diametri
2173 5132 2266 5189 ΝΟ
2296 5132 2484 5188 latera
2525 5131 2782 5204 aqualia
2828 5132 3065 5191 habens
3119 5135 3230 5192 erit
3282 5133 3519 5208 aequale

1863 5218 2161 5290 quadrato
2190 5218 2397 5276 ABCD.
2428 5221 2496 5276 Ut
2524 5219 2687 5277 enim
2711 5221 2988 5280 diametri
3012 5224 3108 5281 ΝΟ
3123 5228 3396 5282 centrum
3427 5226 3519 5282 est

1865 5309 1926 5377 P,
1964 5308 2046 5364 ita
2069 5307 2250 5364 etiam
2275 5307 2450 5365 lineae
2471 5311 2560 5365 BA
2571 5308 2899 5368 mediumN
2932 5328 2948 5368 :
2970 5312 3308 5385 eodemque
3330 5310 3517 5370 modo

1862 5393 2035 5452 lineas
2066 5396 2154 5452 DC
2183 5395 2450 5454 medium
2479 5401 2573 5454 est
2601 5397 2668 5455 0.
2700 5400 2990 5458 Prasterea
3010 5399 3186 5460 linea
3247 5401 3340 5457 CA
3390 5413 3515 5460 me-

1863 5483 2032 5539 dium
2061 5489 2150 5540 est
2173 5486 2232 5551 Τ,
2250 5489 2308 5546 et
2334 5483 2506 5546 linea:
2535 5488 2624 5544 BD
2653 5486 2926 5544 medium
2955 5493 3044 5558 est
3086 5490 3156 5546 ﬂ.
3215 5486 3514 5553 Quoniam

1863 5576 2066 5642 autsm
2093 5572 2472 5640 intervallum
2499 5574 2668 5662 quod
2702 5579 2792 5642 est
2826 5575 2980 5644 inter
3001 5578 3053 5644 It
3087 5581 3146 5642 et
3191 5582 3229 5639 ι’
3283 5570 3514 5656 aequale
