4066 6212
545 245 681 298 1347

2076 229 2436 294 ADDENDA.

3742 256 3843 315 {3&8

543 368 880 437 συνημμένων
928 362 1001 425 εἰς
1057 366 1182 435 μίαν
1236 364 1569 434 συναρμογὴν
1622 365 1896 434 συμφωνία
1948 364 2039 413 καὶ
2101 362 2188 412 τὰ-
2222 364 2271 417 Α
2299 365 2432 422 τιςῆ
2469 364 2714 436 συνηθείᾳ
2770 364 2800 422 ἣ
2862 368 3050 435 σχέσει
3110 365 3141 424 ἣ
3190 374 3300 427 ταῖς
3349 366 3527 443 ἑτέραις
3570 369 3843 449 ἰδιοτροπίαις

541 455 616 517 ξις
644 458 879 506 κινείκαὶ
912 456 1141 524 συνέχει,
1170 456 1260 503 καὶ
1318 455 1376 502 τὸ
1428 450 1617 519 πλεῖον,
1667 449 1745 503 ὃτι
1810 456 1901 503 xui
1957 460 2031 522 τῷ
2090 456 2187 502 σώ-

538 562 667 615 ματι
716 546 990 614 συμφωνία
1028 540 1214 611 ψυχῆς
1266 544 1357 591 καὶ
1402 539 1551 611 ὕλης,
1623 543 1741 591 ἴσου
1824 544 1914 592 καὶ
1986 538 2183 605 ἀνίσου,

534 629 717 684 λευκοῦ
771 636 860 681 καὶ
904 629 1135 702 μέλανος,
1188 628 1355 689 εὐθέος
1422 634 1511 680 xui
1589 636 1912 703 περιφεροῦς,
2001 627 2187 699 ἐλαχί-

540 736 665 770 στου
722 722 811 769 xui
856 718 1105 788 μείζονος,
1160 720 1249 766 xui
1316 714 1479 766 ἄλλων
1568 724 1716 766 τινῶν
1807 711 2187 789 συνδραμουσα

535 816 597 880 τῇ
630 804 810 877 τοιᾷδε
838 806 979 868 τάξει
1014 814 1147 858 Θεοῦ
1203 800 1547 879 δημιουργία,
1606 811 1787 878 κρατεῖ
1836 810 1926 858 xui
1976 808 2185 876 συνέχει

534 896 628 948 κᾶν
696 893 995 970 διηρθρωσε
1059 902 1257 963 πρῶτον
1306 899 1394 945 xui
1457 894 1619 959 ἔταξε,
1675 899 1844 946 καίτοι
1900 899 1989 945 καὶ
2076 902 2185 955 τοῖς

533 984 726 1045 ὑλικοίς
784 988 965 1057 μέρεσι
1024 990 1222 1055 χυμοῖς
1264 979 1321 1034 δὲ
1372 982 1522 1054 λέγω,
1579 982 1829 1053 ἀναλογία
1875 986 1964 1034 καὶ
2018 983 2181 1050 τάξις,

534 1072 662 1125 ἀλλά
691 1070 757 1131 δὴ
781 1077 839 1125 τὸ
890 1073 1179 1143 θαυμάσιον
1236 1073 1315 1123 ὅτι
1364 1076 1455 1122 καὶ
1516 1071 1689 1133 αὐτοῖς
1734 1068 1802 1129 δὴ
1857 1079 1960 1131 τοῖς
2015 1071 2183 1143 ψυχι-

532 1170 645 1223 κοῖς
680 1166 883 1234 μέρεσι,
943 1160 1084 1223 τάξις
1142 1165 1232 1213 καὶ
1286 1164 1559 1232 συμφωνία
1613 1167 1706 1211 τοῦ
1759 1164 1830 1232 μὴ
1871 1165 2182 1235 κατεπαίρε-

534 1254 660 1304 σθαι
688 1260 786 1303 τῶν
817 1256 945 1325 ὅρων
976 1252 1004 1309 ἡ
1038 1250 1381 1302 ἐλαττοῦσθαι
1410 1253 1439 1308 ἧ
1477 1247 1807 1301 διαλύεσθαι.

599 1340 870 1412 ’γ”Ὠστε
917 1336 1081 1397 οὐδὴν
1139 1339 1198 1390 ου
1252 1346 1347 1399 τῆς
1408 1342 1629 1410 φύσεως,
1681 1336 1808 1391 ἀλλὰ
1869 1340 2040 1390 πάντα
2089 1341 2178 1410 μὲν

530 1432 644 1502 ἔχει
703 1434 833 1503 πρὸς
878 1428 1061 1495 αὐτὴν,
1118 1430 1185 1479 τὰ
1221 1431 1311 1499 μὲν
1361 1432 1719 1499 γνησιωτέρως
1788 1432 1881 1486 τὴν
1965 1430 2176 1499 σχέσιν,

530 1522 597 1571 τὰ
652 1516 711 1571 δε
760 1519 1088 1593 πορρωτέρω·
1155 1516 1430 1589 Ὑφαντικὴ
1494 1520 1595 1589 γὰρ
1675 1515 2025 1589 συμϐάλλεται
2109 1517 2178 1579 εἰς

528 1613 623 1667 τὴν
650 1617 745 1669 τῆς
793 1607 1055 1668 πολιτείας
1090 1610 1376 1671 κοινωνίαν,
1436 1604 1569 1663 πλὴν
1619 1604 1724 1657 ἀλλ’
1781 1606 1887 1676 οὐχ
1926 1608 1993 1667 ὡς
2049 1625 2179 1677 μου-

532 1703 677 1755 σική⁸
730 1706 813 1750 Δεῖ
862 1693 920 1749 δὲ
966 1702 1037 1770 μὴ
1095 1695 1393 1749 ἀπατᾶσθαι
1443 1704 1515 1766 τῷ
1561 1698 1664 1747 ἔθει
1710 1698 1826 1747 τινα
1876 1700 1965 1747 καὶ
2017 1703 2175 1769 τιμᾴν
2211 1713 2254 1769 Β
2284 1694 2418 1743 πάνυ
2466 1693 2655 1765 μᾶλλον
2706 1693 2887 1766 ἕψεται
2958 1696 3164 1748 πάντων

527 1790 675 1859 τὸμὴ
702 1806 907 1858 τιμιον.
964 1782 1177 1844 Ἐπειδὴ
1235 1794 1293 1857 τῇ
1348 1793 1577 1857 μουσικῇ
1637 1784 1783 1846 τάξις
1832 1791 1921 1837 xui
1966 1805 2178 1858 συμφω-

527 1894 632 1941 νια,
668 1881 755 1928 xui
810 1878 876 1928 τὰ
929 1880 1021 1948 μὲν
1086 1876 1255 1927 πάντα
1301 1874 1351 1926 ἐν
1399 1882 1676 1946 μουσικοῖς
1725 1873 1900 1945 λόγοις
1942 1875 2175 1947 ὑπάρχει

527 1963 578 2016 ἐν
626 1961 703 2026 οἷς
753 1970 843 2017 xui
897 1964 1042 2026 τάξις
1097 1969 1187 2016 καὶ
1240 1969 1530 2036 συμφωνία·
1582 1966 1834 2035 ὑφαντικὴ
1920 1960 1979 2016 δε
2057 1964 2175 2017 οὐτε

524 2059 786 2127 μουσικήν
842 2054 961 2111 ὅλην
1018 2054 1153 2126 ἔχει,
1203 2056 1321 2105 οὔτε
1374 2058 1475 2125 μὴν
1519 2052 1566 2104 ἐν
1624 2053 1713 2125 ὅλη
1791 2052 1951 2105 ἐστίν·
2040 2058 2174 2107 ὥστε

527 2148 857 2216 φυσικωτέρα
918 2146 1009 2216 μὲν
1061 2148 1314 2215 μουσικὴ,
1375 2139 1555 2202 ἐπειδὴ
1628 2162 1686 2194 το
1766 2144 2172 2216 καθολικώτερον

523 2233 754 2307 ὑπάρχει
781 2238 872 2285 καὶ
902 2239 1269 2305 φυσικώτερον,
1309 2236 1365 2285 τὸ
1425 2229 1485 2285 δὲ
1542 2252 1890 2305 φυσικωτερον
1946 2231 2169 2304 ἐξαναγ-

521 2340 620 2382 κης
670 2327 760 2374 καὶ
807 2328 1128 2395 τιμιώτερον
1185 2323 1214 2380 ἡ
1263 2326 1491 2393 μουσικὴ
1547 2320 1807 2394 ἐπιστήμη
1859 2321 1962 2396 ἆρα
2044 2324 2171 2373 ταύ-

523 2431 614 2473 της
666 2408 761 2464 ὃιὰ
806 2411 974 2464 ταῦτα
1032 2414 1336 2485 τιμιωτέρα.
1389 2413 1485 2463 Δίὰ
1536 2420 1687 2464 τουτο
1746 2415 1816 2470 μὴ
1883 2410 2172 2464 ἀπατάσθω

521 2589 673 2658 lum,
705 2592 924 2644 terram
953 2592 1011 2643 et
1037 2585 1339 2642 mundum
1355 2586 1718 2654 universum,
1736 2588 1853 2644 hoc
1876 2592 1964 2644 est
1975 2604 2169 2644 rerum

523 2677 783 2734 omnium
795 2691 931 2747 qua:
954 2675 1103 2730 coelo
1128 2679 1185 2731 et
1210 2681 1364 2730 terra
1402 2675 2008 2747 comprehenduntur,
2031 2694 2172 2734 con-

524 2765 790 2822 cordiam
815 2770 995 2837 atque
1024 2764 1496 2820 convenientiam
1528 2765 1776 2835 gignant
1804 2771 1862 2821 et
1908 2766 2167 2824 foveant.

522 2854 818 2927 Imprimis
873 2868 1013 2909 vero
1071 2852 1132 2907 in
1188 2867 1435 2924 corpore
1488 2859 1562 2907 srt
1635 2858 1959 2910 concentus
2041 2857 2168 2912 ani-

520 2960 636 3000 mae
668 2952 724 2999 et
746 2949 1031 2999 materne.
1058 2941 1319 3013 Denique
1341 2941 1591 3015 aequalis
1612 2948 1669 2998 et
1686 2942 2021 3015 inaequalis,
2046 2944 2168 3001 albi

520 3032 768 3103 etnigri,
808 3032 950 3087 recti
974 3036 1030 3087 et
1080 3029 1453 3095 orbicularis,
1506 3031 1738 3087 minimi
1796 3038 1852 3088 et
1896 3034 2164 3106 majoris,
2199 3059 2242 3118 α

519 3121 685 3196 quod
698 3123 877 3179 etiam
890 3121 1163 3177 omnium
1178 3119 1434 3177 aliarum
1466 3137 1664 3176 rerum
1686 3123 2165 3179 convenientiam

519 3210 733 3268 efﬁcax
758 3226 943 3283 opera
956 3210 1058 3266 Dei
1079 3225 1216 3265 cum
1238 3209 1539 3281 ejusmodi
1569 3210 1779 3266 ordine
1804 3227 2165 3268 concurrens

515 3301 696 3358 hodie
722 3300 901 3356 etiam
939 3300 1135 3355 foveat
1186 3304 1243 3355 et
1290 3300 1608 3371 contineat,
1672 3306 1729 3356 et
1770 3300 1830 3355 in
1872 3301 2166 3374 principia

517 3387 977 3446 conformaverit
1018 3394 1075 3443 et
1124 3388 1509 3443 constituerit.
1556 3391 1844 3446 Praeterea
1901 3390 2165 3447 etiamin

517 3479 663 3552 ipsis
691 3478 1013 3535 materiatis
1032 3476 1333 3550 partibus,
1356 3493 1574 3549 nempe
1604 3478 1666 3533 in
1692 3478 2041 3533 humoribus
2075 3483 2163 3536 est

511 3566 787 3639 poportio
812 3569 869 3620 et
896 3564 1068 3621 ordo.
1106 3562 1219 3620 Sed
1240 3564 1355 3619 hoc
1384 3564 1678 3636 imprimis
1753 3565 2023 3622 mirabile
2072 3573 2161 3623 est

509 3654 573 3709 in
603 3653 788 3710 animi
818 3652 1087 3725 partibus
1124 3650 1398 3709 ordinem
1432 3653 1627 3708 inesse
1665 3659 1722 3709 et
1777 3660 2156 3723 concentum,

512 3747 577 3799 ut
592 3747 770 3813 .extra
798 3740 1084 3797 terminos
1118 3756 1259 3795 suos
1309 3744 1366 3796 et
1410 3740 1560 3796 ﬁnes
1590 3757 1713 3797 non
1743 3742 2035 3799 excedant
2056 3749 2161 3800 aut

509 3829 804 3887 decedant
831 3834 935 3887 aut
962 3827 1384 3884 dissolvantur.

580 3924 639 3977 3.
678 3922 871 3986 Quare
900 3917 1045 3974 nihil
1070 3922 1158 3974 est
1193 3917 1358 3991 quod
1410 3916 1489 3974 ad
1552 3923 1831 3976 naturam
1869 3936 1991 3976 non
2012 3920 2158 3977 refe-

508 4016 693 4067 ratur.
710 4009 995 4076 Quamvis
1014 4015 1213 4065 autem
1235 4011 1443 4064 omnia
1456 4015 1668 4065 natura
1686 4008 1821 4081 ipsa
1833 4011 2154 4081 contineat,

510 4104 650 4155 sunt
676 4105 874 4155 tamen
901 4099 1181 4169 quaedam
1207 4113 1342 4169 quae
1373 4098 1567 4167 magis
1597 4098 1924 4168 genuinam
1946 4101 2022 4154 ad
2054 4116 2156 4155 na-

509 4193 699 4244 turam
722 4187 947 4243 habent
964 4186 1334 4253 relationem,
1358 4187 1637 4259 quaedam
1660 4189 1833 4244 etiam
1861 4195 2157 4262 suntquae

506 4276 744 4346 longius
775 4292 811 4330 a
830 4280 1044 4330 natura
1072 4275 1313 4331 distant.
1341 4277 1610 4332 Textoria
1631 4278 1794 4335 enim
1820 4284 1911 4333 est
1978 4278 2159 4334 alicu-

501 4366 603 4437 jus
634 4380 782 4419 usus
802 4365 867 4419 in
896 4380 1224 4420 communa
1248 4366 1521 4420 omnium
1549 4371 1851 4437 societate,
1883 4367 1991 4422 sed
2033 4383 2157 4422 non

2298 459 2396 501 τών
2437 450 2734 524 εἰρημένων,
2775 458 2865 504 xui
2930 452 2978 504 ἐν
3024 453 3209 525 ἑτέροις
3272 463 3479 511 τουτώνὶ
3524 468 3610 511 τῶν
3670 461 3846 537 ἰδιωμά.

2296 557 2394 589 των
2429 535 2732 611 ἰδιωμασιν.
2794 540 2948 594 Ἐστι
3003 544 3103 617 γὰρ
3152 538 3601 618 ὃιακεχωρισμένον
3642 554 3689 601 τὸ
3734 535 3846 621 quasi

2293 635 2383 678 τοῦ
2439 630 2575 680 θέσει
2626 649 2680 681 τε
2727 635 2816 682 xui
2870 638 2960 681 τοῦ
3002 634 3207 703 κράσει.
3274 632 3515 708 ’Υποὲρχει
3548 643 3655 707 γοῦν
3720 644 3846 712 τίμιον

2294 722 2490 788 Νικαίᾳ
2556 720 2614 769 τὸ
2654 718 2945 792 φιλόσοφον,
3025 716 3359 793 Φιλαδελφείᾳ
3437 728 3492 775 τὸ
3566 744 3842 785 σκυτευτιιισν.

2298 809 2395 856 Καὶ
2425 807 2505 856 ὅτι
2529 809 2620 878 μεν
2681 807 2769 858 οὖν
2820 812 2908 859 xui
2963 811 3022 860 τὸ
3081 815 3406 861 σκυτευτικόν
3470 818 3733 885 συνίστησι,
3774 824 3844 869 πὸ-

2292 890 2409 953 λεως
2436 897 2589 969 μέρος
2629 893 2789 950 ἐστίν.
2845 894 3001 948 Ἐστι
3051 894 3110 950 δὲ
3164 898 3323 956 πολλὴ
3374 906 3476 951 τοῖν
3522 897 3712 963 δυοίνή
3761 902 3844 957 δια-

2292 984 2442 1056 φορά·
2475 987 2530 1034 τὸ
2583 986 2674 1055 μεν
2710 987 2812 1056 γὰρ
2870 979 3110 1056 διαιροῦν
3163 989 3340 1058 φύσεις
3385 992 3469 1039 καὶ
3509 988 3652 1055 ἑνοῦν,
3698 996 3836 1055 xuii);

2292 1072 2526 1123 ὁπωσουν
2592 1078 2663 1144 μὴ
2720 1071 2798 1124 ἐόν
2852 1093 2904 1125 τι
2954 1078 3105 1147 μέρος
3185 1073 3573 1150 ἁνέξερεύνητον,
3642 1080 3734 1154 εὗρε
3785 1089 3846 1134 καὶ

2288 1163 2382 1217 τὴν
2431 1165 2793 1227 σκυτευτικην,
2839 1164 2984 1235 εὑρὸν
3030 1158 3089 1215 δὲ
3147 1170 3488 1238 φυσιοτροπίᾳ
3554 1174 3609 1239 τῇ
3635 1171 3745 1220 κατὰ
3793 1168 3847 1221 λό-

2287 1266 2378 1318 γον
2435 1245 2731 1322 διήρθρωσεν
2785 1250 2952 1316 τάξιν,
3014 1257 3321 1311 σκυτευτικὴ
3374 1250 3431 1306 δε
3498 1255 3606 1308 οὔτε
3667 1257 3847 1327 φυσιολο-

2286 1341 2507 1406 γήσασα
2558 1334 2669 1409 εὗρε
2714 1344 3031 1407 τεκτονικὴν,
3097 1343 3214 1392 οὔτε
3263 1337 3505 1395 διελοῦσα
3536 1350 3843 1417 χρυσοχοείαν.

3736 1432 3849 1487 Ὠς-τι

2288 1524 2630 1577 σκυτευτικῆς
2657 1520 2747 1589 μεν
2804 1516 3177 1590 ἀφανισθείσης
3222 1522 3373 1589 ἴσως,
3423 1521 3513 1572 οὐκ
3558 1520 3612 1572 ἂν
3662 1528 3762 1573 ποτέ
3797 1542 3850 1584 τις

2287 1426 2441 1497 ἄμφω
2490 1429 2589 1502 γὰρ
2658 1428 2982 1501 φιλοσοφίας,
3041 1435 3131 1482 xui
3179 1429 3238 1482 οὐ
3336 1440 3671 1501 σκυτευτικῆς,

2287 1606 2401 1677 εἱπη
2462 1603 2715 1678 ἐφθάρθαι
2770 1609 2862 1668 τὰς
2910 1607 3102 1667 πόλεις·
3172 1608 3448 1682 φιλοσοφίᾳ
3513 1606 3570 1663 δὲ
3636 1614 3749 1663 κατὰ
3811 1616 3849 1663 τὸ

3259 1698 3439 1769 φθορά.
3508 1694 3697 1757 Ἐπειδὴ
3746 1695 3847 1756 8ὲὴ

2282 1783 2476 1842 ταύτης
2523 1784 2689 1854 φθορὰ
2753 1792 2851 1834 τῶν
2916 1783 3158 1836 πλειόνων
3206 1783 3316 1837 ἐστὶ
3372 1788 3551 1858 φθορὰ,
3601 1785 3849 1858 ἀναγκαιο-

2281 1870 2406 1944 τεῖοα
2441 1876 2531 1923 καὶ
2557 1875 2801 1945 κρείττων
2839 1871 2975 1926 ἐστί.

2355 1955 2421 2013 όν.
2480 1966 2565 2012 Δεῖ
2605 1968 2730 2032 γοῦν
2773 1962 2875 2013 ἔθει
2921 1966 2994 2034 μη
3047 1959 3371 2015 ἀπατᾶσθαι·
3430 1959 3573 2017 οὐδὲν
3630 1967 3713 2040 γὰρ
3775 1960 3851 2016 διέ-

2284 2049 2448 2101 στειλε
2502 2054 2597 2108 τὴν
2664 2046 2821 2113 δόξαν
2872 2060 2973 2102 τῶν
3030 2050 3224 2104 πόλεων
3281 2072 3334 2105 τι
3390 2057 3419 2112 ἧ
3485 2055 3607 2125 ἔθος,
3654 2057 3703 2105 τὸ
3731 2050 3848 2107 δεινὸν

2282 2136 2466 2211 ἀρετῆς
2522 2144 2609 2191 xui
2668 2145 2852 2202 κακίας
2907 2144 3140 2213 ὄργανον.
3188 2143 3256 2194 Αἱ
3462 2143 3545 2194 οὖν
3600 2144 3746 2215 ἄμφω,
3792 2162 3850 2214 φι-

2280 2227 2499 2301 λοσοφία
2552 2234 2641 2281 xui
2669 2235 3000 2298 σκυτευτικὴ,
3059 2234 3281 2304 φύσεως,
3377 2229 3602 2307 διαφέρει
3684 2228 3731 2285 δὲ
3804 2240 3851 2300 τῷ

2280 2318 2546 2390 ἀναγκαίῳ
2575 2324 2764 2390 καὶτῷ
2803 2323 2874 2391 μὴ
2926 2320 3004 2372 ἀεὶ
3057 2318 3347 2393 ἀναγκαίῳ.
3410 2321 3527 2375 Ὀτι
3576 2318 3628 2374 δὲ
3686 2328 3849 2394 τιμᾶται

2279 2414 2342 2479 τῇ
2548 2410 2605 2459 τὸ
2676 2408 2829 2480 (sic),
2887 2416 2949 2481 τῇ
3010 2404 3061 2460 δ’
3141 2413 3226 2478 οὔ,
3292 2413 3577 2472 συνηθείας·
3653 2413 3776 2484 ἄμφω
3815 2405 3855 2461 δί

2281 2590 2447 2641 tates.
2484 2588 2580 2642 Est
2607 2586 2761 2641 enim
2776 2585 3115 2642 distinctum
3139 2590 3198 2642 et
3217 2592 3553 2660 separatum
3569 2586 3715 2651 illud,
3734 2582 3854 2659 quod

2278 2681 2495 2731 natura
2523 2682 2757 2732 constat
2785 2675 2863 2732 ab
2885 2692 2977 2743 eo,
3005 2676 3171 2749 quod
3204 2678 3498 2749 positione
3527 2678 3580 2733 et
3630 2683 3854 2746 tempera-

2282 2764 2437 2819 tione
2471 2770 2725 2821 constat.
2782 2765 2990 2820 Nicasaa
3036 2765 3216 2836 igitur
3258 2765 3636 2839 philosophia
3679 2763 3850 2830 colitur,

2277 2851 2703 2924 Philadelphia:
2735 2871 2832 2910 ars
2863 2853 3139 2910 coriaria.
3184 2856 3337 2911 Nam
3389 2860 3446 2912 et
3488 2853 3719 2911 coriaria
3750 2852 3852 2924 quia

2276 2946 2507 3012 partem
2537 2940 2791 2996 civitatis
2810 2941 3140 3015 aliquando
3163 2943 3490 3009 constituit,
3517 2940 3741 2999 civitatis
3752 2954 3852 3011 pars

2275 3028 2520 3084 dicetur.
2553 3031 2649 3084 Est
2691 3035 2892 3086 autem
2936 3045 3163 3101 magna
3210 3030 3532 3087 ambarum
3573 3028 3851 3085 facultatum

2275 3117 2646 3175 differentia:
2678 3136 2824 3175 nam
2861 3119 3029 3193 quod
3074 3121 3419 3178 universam
3465 3126 3718 3177 naturam
3762 3127 3851 3187 per-

2274 3214 2435 3264 meat
2462 3212 2519 3263 et
2554 3209 2813 3280 copulat,
2850 3215 2911 3266 ut
2956 3209 3053 3265 cui
3119 3208 3290 3266 nulla
3336 3226 3475 3282 pars
3533 3212 3615 3264 est
3660 3209 3850 3267 natura,

2272 3312 2652 3368 quascunque
2681 3296 2924 3352 tandem
2974 3297 3048 3354 sit
3102 3295 3677 3370 impervestigabilis,
3714 3295 3853 3348 artem

2273 3386 2588 3443 coriariam
2617 3389 2853 3460 reperit,
2883 3387 3190 3443 inventam
3221 3388 3421 3444 dende
3446 3383 3684 3443 naturali
3720 3377 3853 3437 modo

2272 3483 2433 3532 certa
2457 3477 2688 3532 ratione
2709 3477 3106 3533 conformavit
3131 3484 3189 3534 et
3220 3478 3538 3535 constituit.
3568 3481 3633 3531 At
3670 3489 3751 3529 ars
3790 3482 3855 3523 co-

2269 3565 2469 3637 riaria,
2502 3582 2697 3638 neque
2725 3566 2778 3621 vi
2808 3566 3097 3623 naturalis
3127 3567 3392 3623 scientia;
3422 3564 3675 3623 fabrilem
3694 3566 3855 3621 artem.

2269 3671 2466 3727 neque
2503 3656 2560 3710 vi
2611 3655 3004 3711 distinctionis
3048 3664 3242 3714 artem
3296 3657 3607 3714 auriﬁcum
3644 3650 3851 3724 reperit;

2270 3750 2522 3817 utraque
2543 3746 2703 3800 enim
2724 3751 2811 3801 est
2834 3745 3231 3818 philosophice
3253 3752 3312 3803 et
3333 3762 3455 3802 non
3472 3745 3607 3802 artis
3627 3738 3852 3800 coriarim.

2269 3836 2462 3901 Quare
2492 3834 2729 3890 sublata
2748 3834 2823 3889 de
2870 3835 3062 3891 medio
3114 3827 3394 3905 coriaria,
3448 3850 3619 3891 nemo
3661 3831 3851 3886 fortasse

2265 3922 2497 3990 dixerit,
2547 3923 2812 3978 civitates
2856 3923 3142 3981 interiisse
3189 3943 3207 3996 ;
3261 3925 3370 3981 sed
3414 3924 3463 3980 si
3540 3914 3853 3997 philosophia

2265 4011 2586 4078 tolleretur,
2619 4012 2817 4084 potius
2839 4013 3085 4069 omnino
3117 4019 3471 4085 sequeretur
3515 4009 3758 4069 omnium
3786 4018 3849 4058 re-

2266 4117 2401 4157 rum
2426 4102 2717 4157 interitus.
2747 4102 3039 4166 Quoniam
3062 4108 3265 4158 autem
3289 4100 3674 4176 philosophias
3700 4090 3849 4152 interi-

2267 4194 2363 4246 tus
2411 4190 2672 4263 plurium
2703 4195 2789 4245 est
2834 4191 3117 4258 interitus,
3150 4191 3535 4265 philosophia
3579 4192 3662 4245 est
3708 4180 3850 4240 multo

2269 4281 2463 4349 magis
2486 4280 2849 4348 necessaria,
2872 4279 3182 4352 multoque
3226 4279 3649 4353 praestanstior.

2336 4371 2389 4423 4.
2422 4366 2758 4425 Cavendum
2778 4368 2953 4440 igitur
2974 4384 3047 4423 ne
3068 4371 3505 4425 consuetudine
3525 4363 3851 4437 decipiantur.

506 4454 654 4511 tanti
673 4452 883 4526 quanti
902 4458 990 4508 est
1018 4453 1269 4508 musica.
1302 4453 1521 4509 Verum
1558 4456 1896 4511 cavendum
1943 4462 2031 4512 est
2081 4472 2155 4512 ne
2190 4465 2233 4519 D
2266 4456 2435 4513 Nulla
2463 4457 2623 4512 enim
2651 4456 2767 4512 alia
2786 4472 2877 4512 res
2915 4457 3111 4512 studia
3157 4457 3419 4526 diversa,
3471 4452 3852 4518 sententiasque

507 4560 613 4617 per
631 4541 1129 4599 consuetudinem
1150 4541 1209 4596 in
1222 4558 1484 4599 errorem
1502 4543 1887 4613 inducamur,
1917 4550 1975 4602 et
1989 4546 2157 4619 quod

504 4649 628 4689 non
655 4638 745 4688 est
768 4631 1109 4700 colendum,
1142 4629 1434 4689 colamus.
1458 4632 1757 4698 Quoniam
1792 4635 1953 4690 enim
2003 4634 2154 4692 ordo

502 4728 562 4779 et
589 4728 915 4778 concentus
938 4723 1089 4777 inest
1112 4721 1173 4775 in
1211 4721 1443 4776 musica
1464 4726 1520 4777 et
1549 4721 1755 4777 omnia
1784 4722 2026 4778 musicis
2060 4741 2155 4781 ra-

503 4813 765 4869 tionibus
790 4811 1170 4869 continentur
1188 4810 1249 4866 in
1270 4811 1492 4883 quibus
1525 4812 1679 4867 inest
1702 4813 1852 4869 ordo
1895 4818 1952 4870 et
2004 4831 2151 4871 con-

502 4908 711 4959 centus
737 4920 752 4971 ;
782 4901 1028 4957 textoria
1056 4906 1257 4957 autem
1287 4916 1483 4973 neque
1507 4901 1805 4958 musicam
1832 4907 2018 4959 totam
2048 4904 2149 4960 ha-

500 4992 620 5059 bet,
648 5007 843 5062 neque
860 4990 920 5046 in
950 4994 1072 5046 tota
1090 4993 1177 5045 est
1208 4990 1458 5061 musica,
1490 4990 1714 5046 idcirco
1739 4991 1970 5048 musica
2016 5008 2151 5065 pro-

501 5079 637 5151 pius
649 5080 727 5135 ad
739 5085 1016 5136 naturam
1030 5078 1279 5147 accedit,
1292 5080 1780 5152 quandoquidem
1796 5082 2029 5137 musica
2040 5086 2147 5145 est,

501 5168 697 5238 magis
724 5167 1080 5223 universalis
1096 5170 1153 5222 et
1172 5167 1373 5223 idinco
1394 5167 1737 5239 diligentius
1764 5170 2016 5226 colenda
2036 5174 2145 5241 est,

502 5263 559 5315 et
587 5257 802 5329 majori
825 5258 885 5312 in
908 5258 1099 5329 pretio
1120 5257 1403 5313 habenda
1431 5274 1617 5331 quam
1635 5265 1902 5316 textoria.
1928 5262 2148 5325 Quam-

498 5347 709 5405 obrem
738 5346 964 5403 nemini
982 5346 1255 5418 imponat
1279 5351 1383 5402 aut
1420 5349 1792 5405 consuetudo
1843 5354 1948 5406 aut
2001 5348 2149 5405 rela-

497 5438 601 5510 tio,
628 5442 734 5495 aut
763 5436 894 5493 aliae
921 5451 1124 5493 rerum
1149 5450 1333 5507 supra
1360 5443 1973 5495 commemoratarum
2007 5454 2148 5510 pro-

494 5528 801 5601 prietates,
838 5529 942 5585 aut
964 5524 1226 5597 denique
1241 5523 1678 5597 proprietatum
1704 5525 1836 5584 alia:
1880 5527 2151 5601 proprie-

2265 4546 2535 4602 diversas
2565 4546 2816 4602 diversis
2868 4546 3207 4604 civitatibus
3257 4548 3478 4612 attulit,
3531 4559 3703 4618 quam
3752 4550 3854 4593 con-

2265 4635 2518 4692 suetudo
2546 4652 2681 4709 quas
2711 4639 2799 4691 est
2844 4635 3071 4692 virtutis
3121 4640 3181 4693 et
3241 4637 3368 4693 vitii
3423 4630 3850 4692 efﬁcacissimum

2261 4725 2743 4781 instrumentum.
2773 4724 2981 4781 Ambae
3011 4726 3209 4795 igitur,
3236 4742 3499 4798 nemque
3533 4712 3851 4798 philosophia

2262 4821 2317 4870 et
2342 4832 2439 4871 ars
2476 4815 2727 4871 coriaria
2753 4820 2893 4870 sunt
2920 4822 3173 4883 natura,
3206 4816 3314 4871 sed
3335 4796 3614 4871 differunt
3640 4825 3702 4865 eo
3728 4796 3849 4877 quod

2259 4903 2358 4961 illa
2390 4904 2465 4959 sit
2493 4904 2852 4971 necessaria,
2885 4905 3015 4960 haec
3046 4920 3187 4959 vero
3210 4919 3339 4959 non
3359 4882 3851 4959 necessaria°Cll10d

2259 4997 2461 5049 autem
2484 4992 2613 5047 haec
2643 4991 2860 5049 alicubi
2911 4991 3143 5059 colitur,
3191 4990 3291 5047 illa
3325 5007 3465 5048 vero
3517 4984 3718 5046 alicubi
3760 4988 3849 5033 non

2260 5081 2488 5147 colitur,
2533 5087 2621 5137 est
2675 5080 3181 5149 consuedudinis;
3231 5080 3431 5137 ambae
3478 5079 3649 5143 enim,
3684 5078 3850 5163 nempe

2259 5170 2643 5243 philosophia
2672 5176 2730 5227 et
2754 5186 2853 5227 ars
2879 5171 3131 5228 coriaria
3160 5175 3301 5226 sunt
3318 5174 3566 5226 naturae.
3600 5162 3702 5223 Sed
3724 5161 3775 5215 in

2257 5240 2541 5316 vitatibu—s
2563 5259 2860 5329 coluntur,
2882 5265 3061 5332 prout
3085 5258 3330 5316 interior
3359 5256 3616 5315 incitatio
3644 5256 3694 5309 et
3729 5240 3851 5303 incli-

2257 5350 2421 5405 natio
2443 5354 2531 5404 est
2550 5349 2746 5419 magis
2768 5348 3077 5416 naturalis,
3109 5352 3216 5404 aut
3237 5364 3273 5404 a
3292 5345 3708 5420 temperatione
3750 5345 3849 5426 ΡΨ

2255 5438 2433 5496 tecta.
2463 5440 2685 5494 Natura
2710 5438 2871 5494 enim
2900 5453 3112 5494 omnes
3132 5437 3470 5509 comparati
3499 5437 3631 5490 sunt
3647 5426 3718 5486 ad

2254 5526 2589 5600 losophiam
2617 5528 2724 5586 aut
2744 5525 2827 5585 ad
2854 5526 3166 5584 coriariam
3185 5506 3389 5584 artem.
3408 5523 3523 5583 Sed
3531 5519 3652 5578 ﬁeri
3667 5506 3848 5584 nequit
