4066 6212
270 233 415 289 1349

1143 233 1497 290 THEODORI
1537 229 1587 286 ιι
1627 203 1760 286 IMP.
1804 226 1894 282 DE
1934 211 2393 282 COMMUNIONE
2431 227 2814 285 NATURALI.

3547 227 3684 298 4350

294 365 389 418 τῆς
424 360 644 429 φύσεως,
693 359 826 408 κατὰ
885 360 1240 430 φυσικωτέραν
1285 358 1451 429 ὁρμὴν
1518 351 1578 406 δὲ
1622 358 1712 404 καὶ
1741 371 1900 404 κατα-ι
1955 348 2002 402 Λ
2058 352 2154 406 τὴν
2209 346 2483 424 διαφορὰν,
2546 353 2714 404 πάντα
2761 349 2821 404 δὲ
2866 350 3155 425 ἐπιστήμης
3182 357 3223 389 ὀ
3274 367 3506 414 κοινωνεῖ
3553 382 3655 439 γαρ

293 449 524 522 κράσεως
617 447 783 519 ὁρμὴν
872 454 988 505 ταῖς
1038 445 1220 498 πόλεσι
1287 452 1568 517 τιμώμενα.
1627 445 1898 514 Πεφὺκασι

289 539 395 610 γὰρ
481 532 702 608 δυνάμει
759 537 945 596 πάντες
1013 534 1285 606 φιλοσοφοι
1345 535 1374 593 ἡ
1437 535 1618 593 πάντες
1673 539 1895 591 σκυτεῖς,

291 622 552 676 ἀδύνατον
585 621 644 676 δὲ
681 627 739 676 τό
768 627 904 676 κατὰ
957 627 1109 676 ποιὰν
1148 620 1456 681 οἱανδήτινα
1511 629 1698 695 κρᾶσιν
1763 639 1897 691 κρα-

293 715 375 765 θὲν
433 710 632 788 ῥᾳδίως
692 711 1055 770 ἀλλοιωθῆναι.
1118 713 1244 765 Κατ’
1290 711 1475 772 αὐτοὺς
1533 705 1591 763 δὲ
1636 712 1756 770 τοὺς
1805 708 1897 759 λο-

287 822 418 873 you;
465 806 555 854 καὶ
605 807 900 875 στρατηγία
960 806 1050 853 καὶ
1105 801 1363 872 ἐλαχίστη
1445 805 1616 872 τέχνη·
1679 797 1805 855 άλλη
1861 798 1892 855 ἡ

290 911 575 964 συγκρισις
604 893 741 942 κατὰ
777 897 956 964 χεῖρον
1021 891 1156 943 οὖσα
1220 896 1310 942 καὶ
1367 897 1619 965 κρεῖττον,
1671 883 1775 940 οἷον
1802 887 1896 948 τὰς

284 985 378 1053 μὲν
424 979 595 1041 πόλεις
640 985 730 1032 καὶ
791 982 856 1031 τὰ
907 980 1024 1037 ἔθνη
1084 983 1143 1032 τὸ
1212 981 1582 1052 στρατιωτικὸν
1631 976 1894 1049 φυλάττει,

285 1075 344 1123 τὸ
390 1072 684 1142 ποιμενικὸν
716 1064 776 1122 δὲ
805 1069 909 1140 οὐχ
959 1069 1143 1130 οὕτως.
1198 1068 1388 1132 Πολλαὶ
1441 1070 1543 1140 γὰρ
1591 1072 1663 1140 μὴ
1712 1085 1896 1124 κτηνο-

285 1167 578 1233 τροφοῦσαι
630 1157 766 1218 ζῶσι
821 1161 911 1209 καὶ
963 1161 1206 1230 μένουσιν
1259 1178 1271 1190 ·
1327 1153 1451 1209 οὐδὲ
1500 1161 1598 1224 μία
1641 1152 1699 1207 δὲ
1753 1153 1892 1206 ἐστιν

288 1245 657 1320 ἀστράτευτος,
711 1247 816 1298 οἷον
905 1245 1158 1305 Μιλήσιοι
1213 1245 1271 1298 οὐ
1337 1243 1603 1318 βουκόλοι,
1658 1245 1892 1316 ἔμπειροι

289 1333 350 1390 δὲ
431 1341 750 1409 ναυμαχίας,
821 1340 912 1388 καὶ
984 1340 1171 1410 μυρίαι
1242 1335 1410 1395 πόλεις
1472 1336 1657 1407 ἕτεραι.
1729 1330 1892 1386 Ὠστε

287 1430 557 1485 σκόπησον
588 1426 614 1476 ὀ
654 1421 955 1498 διακρίνων.
1004 1423 1063 1476 Ἦ
1119 1428 1210 1496 μεν
1256 1427 1358 1498 γὰρ
1415 1423 1658 1476 πλειόνων
1717 1419 1888 1474 δεῖται

280 1513 446 1585 λόγων
514 1514 834 1586 φιλοσοφίας,
895 1518 984 1566 καὶ
1037 1511 1278 1566 πλειόνων
1331 1512 1767 1584 ἐπιτυγχάνουσα
1805 1515 1880 1570 εἰη

278 1601 340 1655 ἂν
380 1605 486 1656 οἷον
529 1608 619 1656 καὶ
679 1607 1010 1677 φυσικωτέρα
1064 1610 1154 1654 καὶ
1209 1606 1468 1676 τιμωτέρα
1512 1601 1709 1654 πολλῶν
1761 1596 1882 1654 δεο-

273 1696 400 1766 μένη
465 1691 774 1765 φιλοσοφίας
836 1697 1038 1766 τρόπων
1093 1695 1184 1743 καὶ
1232 1691 1450 1751 πολλοὺς
1489 1693 1714 1763 ἔχουσα,
1766 1686 1880 1742 δεῖ-
1945 1700 1984 1752 Β

271 1801 360 1834 ται
401 1777 460 1834 δὲ
501 1786 591 1833 καὶ
633 1782 663 1840 ἠ
719 1781 869 1852 ἄλλη,
910 1780 1044 1839 πλὴν
1100 1779 1207 1832 ἀλλ’
1257 1779 1362 1852 οὐχ
1402 1780 1581 1849 οὕτως,
1635 1781 1770 1831 ὥστε
1822 1782 1879 1831 τὸ

269 1873 398 1943 πρὸς
446 1873 540 1930 τὴν
625 1869 923 1942 ἐπιστήμην
1002 1868 1294 1932 πλησιάζον
1337 1877 1519 1922 πασῶν
1577 1867 1879 1942 ἐπιστημῶν

267 1963 361 2012 καὶ
434 1967 631 2030 τεχνῶν
700 1959 934 2031 ὑπάρχει
1006 1962 1093 2010 καὶ
1159 1963 1481 2032 τιμιώτερον.
1534 1961 1593 2012 Εἰ
1648 1960 1738 2030 μὲν
1789 1956 1877 2009 οὖν

269 2046 472 2111 ἀνάξεις
529 2049 719 2116 πάντα,
779 2048 1016 2119 εὑρήσεις
1072 2045 1132 2098 ἆν
1185 2046 1436 2109 ἐξετάσων
1489 2047 1555 2109 είς
1619 2051 1714 2104 τὴν
1751 2047 1876 2099 καθ-
1946 2106 1962 2122 ο.

273 2137 392 2190 όλου
422 2133 690 2204 παιδείαν,
720 2139 789 2196 ὡς
815 2139 1040 2211 εἴρηται,
1074 2135 1385 2207 ἀναγόμενα.

346 2225 398 2280 ε’.
431 2228 666 2279 Μάταιον
707 2221 766 2276 δὲ
823 2224 872 2276 ἓν
929 2225 1145 2276 ἕκαστον
1205 2223 1478 2290 ἐξετάζειν,
1530 2225 1638 2277 ἀλλ’
1690 2227 1746 2277 ἔκ
1799 2245 1876 2278 τι-

272 2335 370 2366 νων
398 2317 567 2366 πάντα
614 2321 764 2368 νοεῖν.
825 2309 978 2387 Ἴδης
1037 2311 1096 2366 δὲ
1151 2315 1322 2366 πάντα
1374 2313 1672 2386 ἐπιστήμης
1729 2318 1872 2384 ὄντα,

275 2409 576 2478 τιμιώτερα,
629 2402 930 2477 ἀτιμότερα,
987 2406 1172 2475 χείρω,
1213 2407 1448 2476 κρείττω,
1508 2408 1597 2454 καὶ
1653 2406 1874 2456 κατὰτὸ

279 2489 392 2544 ἴσον
443 2497 533 2544 καὶ
585 2497 644 2544 τὸ
699 2493 900 2558 ἄνισον,
955 2491 984 2550 ἢ
1039 2490 1277 2543 ἐπιτάσει
1328 2496 1419 2544 καὶ
1474 2489 1646 2545 ἀνέσει
1682 2495 1874 2565 ἔχοντα

249 2728 314 2778 ut
338 2721 500 2794 quod
531 2720 732 2793 aliqua
757 2722 1188 2787 temperatione
1236 2719 1556 2792 praeditum
1595 2727 1700 2788 est,
1725 2722 1897 2779 facile

240 2810 606 2868 immutetur.
650 2809 871 2866 Eodem
904 2809 1086 2865 modo
1121 2825 1219 2864 ars
1268 2809 1654 2880 imperatoria
1695 2816 1754 2867 et
1791 2813 1900 2867 mi-

239 2892 408 2956 nime.
437 2915 534 2955 ars
565 2899 950 2956 conferuntur
973 2898 1124 2953 inter
1156 2913 1240 2962 se,
1265 2914 1337 2953 ex
1359 2914 1452 2966 eo,
1484 2900 1649 2971 quod
1673 2900 1800 2956 haec
1822 2901 1898 2956 sit

237 2985 499 3060 inferior,
523 2987 625 3043 illa
647 2987 1042 3060 praestantior.
1086 2989 1155 3042 Ut
1176 3002 1273 3042 ars
1323 2987 1588 3043 militaris
1632 2989 1898 3046 civitates

237 3083 297 3134 et
323 3082 528 3148 gentes
563 3081 902 3144 conservat,
935 3074 1042 3131 sed
1059 3091 1156 3131 ars
1206 3075 1512 3147 pastoritia
1543 3091 1662 3132 non
1699 3077 1843 3133 item
1881 3097 1895 3146 ;
1932 3114 1971 3168 ρ

240 3167 445 3222 multae
475 3167 634 3222 enim
683 3167 948 3221 civitates
1008 3164 1330 3237 multaeque
1370 3166 1642 3221 nationes
1696 3173 1899 3223 carent

240 3255 527 3312 armentis
548 3259 605 3310 et
631 3254 932 3325 gregibus,
981 3269 1118 3308 cum
1145 3258 1348 3308 tamen
1387 3269 1510 3308 non
1541 3262 1784 3311 careant
1813 3271 1898 3311 re-

239 3345 357 3400 bus
385 3344 460 3400 ad
485 3344 704 3400 victum
720 3343 1096 3409 necessariis,
1125 3348 1188 3398 ut
1213 3343 1406 3398 vivere
1427 3348 1484 3398 et
1507 3344 1568 3398 in
1599 3359 1712 3399 suo
1741 3349 1898 3400 statu

241 3449 594 3506 permanere
620 3436 870 3505 possint.
900 3432 1013 3488 Sed
1040 3431 1278 3487 militari
1307 3438 1432 3487 arte
1477 3431 1640 3488 nulla
1691 3433 1898 3490 civitas

241 3537 445 3578 carere
469 3525 702 3594 potest:
733 3527 797 3576 ut
826 3520 989 3592 apud
1021 3520 1274 3576 Milesios
1306 3537 1429 3576 non
1452 3526 1590 3576 sunt
1628 3521 1894 3589 bubulci,

239 3610 346 3682 qui
371 3615 570 3666 tamen
619 3609 849 3666 navalis
881 3609 1100 3665 militite
1119 3615 1256 3664 sunt
1304 3609 1669 3680 peritissimi.
1725 3611 1896 3682 Ejus-

240 3699 408 3754 modi
439 3697 684 3754 inﬁnitae
745 3704 882 3754 sunt
935 3699 1199 3754 civitates
1273 3697 1424 3755 aliae.
1489 3699 1898 3764 Quamobrem

233 3788 508 3844 distincte
561 3788 896 3844 considera.
950 3790 1085 3843 Esse
1132 3787 1290 3842 enim
1336 3787 1545 3843 civitas
1594 3789 1897 3858 ejusmodi

231 3879 480 3949 postest,
501 3893 637 3949 quae
677 3877 953 3948 pluribus
977 3876 1372 3949 philosophiae
1423 3876 1704 3932 institutis
1736 3893 1891 3950 opus

229 3966 414 4022 habet
440 3972 496 4022 et
524 3965 797 4038 pluribus
829 3965 1096 4021 abundet
1120 3981 1134 4020 :
1157 3969 1336 4038 atque
1367 3965 1664 4036 ejusmodi
1687 3966 1894 4022 civitas

231 4071 368 4128 quae
396 4056 670 4129 pluribus
693 4055 1092 4128 philosophiae
1124 4055 1394 4126 partibus
1421 4071 1574 4127 opus
1605 4055 1804 4122 habet,
1837 4060 1894 4112 et

233 4145 505 4216 pluribus
531 4144 822 4211 abundat,
879 4143 1072 4213 magis
1111 4159 1183 4198 ex
1243 4142 1476 4212 legibus
1520 4147 1746 4199 natura:
1801 4145 1896 4204 est

232 4233 574 4301 constituta,
596 4231 853 4304 ideoque
875 4231 1266 4303 praestantior.
1297 4234 1435 4286 Esse
1465 4233 1644 4286 etiam
1682 4231 1890 4288 civitas

235 4323 356 4379 alia
380 4323 674 4393 ejusmodi
701 4326 915 4393 potest,
939 4336 1076 4392 quae
1099 4320 1478 4392 philosophia
1495 4321 1760 4392 quidem,
1787 4321 1892 4378 sed

233 4427 359 4468 non
381 4427 662 4484 peraeque
694 4416 872 4482 atque
891 4409 990 4465 illa
1008 4410 1278 4481 superior
1298 4425 1453 4480 opus
1472 4408 1671 4464 habet.
1699 4413 1891 4475 Quare

233 4500 402 4573 quod
420 4499 496 4556 ad
520 4499 829 4556 scientiam
851 4499 1045 4571 magis
1070 4497 1297 4554 accedit
1316 4498 1590 4553 omnium
1622 4499 1890 4557 scientia-

233 4605 392 4654 rum,
427 4589 656 4644 exsistit
680 4589 857 4644 etiam
887 4587 1290 4661 praestantius.
1332 4586 1505 4652 Quod
1537 4587 1587 4642 si
1614 4589 1889 4646 scruteris

231 4678 459 4745 omnia,
493 4677 823 4749 comperies
862 4675 941 4731 ad
989 4675 1326 4745 generalem
1357 4675 1772 4748 eruditionem,
1824 4683 1890 4734 ut

230 4767 454 4822 dictum
485 4771 589 4832 est,
623 4782 754 4821 esse
781 4765 1136 4820 revocanda.

303 4861 359 4912 5.
401 4855 516 4913 Sed
554 4854 790 4926 singula
833 4854 1080 4909 scrutari
1125 4853 1186 4908 in
1223 4853 1542 4924 praesentia
1597 4870 1885 4928 superva-

225 4961 410 5002 cuum
436 4949 623 5010 esset;
658 4960 727 5000 ex
747 4942 1117 5016 quibusdam
1135 4943 1313 5011 igitur
1339 4942 1726 5014 intelligenda
1745 4949 1886 5000 sunt

222 5036 455 5108 reliqua
483 5034 709 5091 omnia.
734 5034 940 5099 Porro,
964 5032 1064 5089 illa
1093 5032 1299 5088 omnia
1316 5035 1732 5104 praestantiora
1755 5048 1884 5089 esse

224 5123 580 5198 comperies,
624 5139 761 5195 quae
813 5126 952 5177 sunt
1003 5121 1262 5176 scientite
1298 5122 1672 5193 ;comperies
1699 5123 1878 5178 etiam

223 5211 416 5268 multa
468 5228 596 5268 esse
655 5211 901 5267 scientia
952 5209 1179 5277 viliora,
1242 5209 1532 5266 nonnulla
1577 5209 1881 5267 nonnullis

223 5301 639 5371 praestantiora
670 5305 727 5356 et
751 5299 1035 5355 inferiora
1061 5315 1135 5354 ex
1175 5297 1512 5371 aequalitate
1538 5303 1594 5354 et
1618 5299 1882 5371 inaequa-

228 5387 426 5456 litate;
461 5389 794 5446 intensione
823 5393 881 5444 et
909 5387 1426 5444 remissioneiuter
1464 5403 1530 5442 se
1583 5387 1880 5444 distincta.

235 5479 379 5544 Quae
409 5485 608 5536 tamen
651 5479 859 5536 omnia
909 5477 985 5533 ad
1027 5477 1336 5533 scientiam
1379 5475 1692 5548 pertinent.
1733 5479 1883 5532 Nam

232 5568 508 5639 quodam
535 5567 982 5625 communionis
1008 5563 1248 5623 vinculo
1266 5580 1409 5622 cum
1454 5563 1720 5636 generali
1754 5580 1884 5623 cru-

2061 443 2131 498 εἰς
2169 441 2262 495 τὴν
2318 435 2563 491 παιδείαν
2621 440 2805 494 ἅπασα
2850 445 3032 513 τέχνη,
3093 445 3162 506 ὡς
3214 444 3264 497 ἓν
3319 465 3421 498 τινι
3468 435 3656 524 κέντρω

2058 524 2268 592 κύκλου,
2305 526 2386 588 εἰς’
2426 527 2452 578 ὁ
2499 533 2669 579 πᾶσαι
2733 534 3114 603 προπίπτουσιν
3173 534 3228 584 αἱ
3275 532 3330 585 ἐκ
3375 544 3468 596 τῆς
3513 555 3657 611 περι-

2060 619 2261 685 φερείας
2345 615 2705 689 εἰσερχόμεναι
2759 617 2971 674 εὐθεῖαι.
3033 619 3188 674 Ἀλλά
3244 629 3334 675 καὶ
3390 633 3452 698 τῇ
3503 630 3655 699 φύσει

2056 707 2204 754 πᾶσα
2240 709 2430 778 κρᾶσις
2468 704 2668 757 ἑνοῦται
2710 707 2894 781 κράσει
2947 711 3081 761 κατὰ
3131 711 3218 762 τὸν
3276 712 3432 764 αὐτόν
3478 713 3649 787 λόγον,

2061 795 2145 842 καὶ
2198 791 2291 843 οὐκ
2341 795 2452 845 ἔστι
2499 813 2550 845 τι
2603 797 2660 846 τὸ
2703 800 2774 867 μὴ
2831 798 3050 868 φύσεως,
3115 804 3204 851 καὶ
3258 799 3352 852 οὐκ
3417 803 3528 855 ἔστι
3572 825 3653 868 τις

2055 881 2216 950 τέχνη
2247 885 2320 952 μὴ
2366 877 2502 934 οὖσα
2550 879 2817 950 παιδείας,
2868 885 2982 956 ἔχει
3047 882 3106 939 δὲ
3149 889 3219 949 ὡς
3269 895 3418 943 πᾶσα
3464 898 3654 965 κρᾶσις

2054 975 2321 1022 κοινωνίαν
2367 976 2455 1024 καὶ
2507 967 2792 1031 διαστολὴν
2835 971 2891 1024 ἑκ
2943 977 3196 1049 κράσεων,
3247 978 3382 1030 οὕτω
3431 975 3500 1039 δὴ
3559 987 3651 1036 καὶ

2054 1057 2138 1109 ἐπὶ
2200 1067 2300 1110 τῶν
2377 1068 2574 1132 τεχνῶν
2615 1065 2879 1114 κοινωνίαι
2934 1068 3023 1115 καὶ
3069 1059 3103 1116 δ
3108 1064 3347 1118 ιαστολαί
3399 1088 3414 1101 ο
3458 1069 3650 1141 μᾶλλον

2051 1148 2152 1222 γὰρ
2205 1153 2536 1221 ναυμαχικόν
2593 1153 2835 1222 συγγενὲς
2883 1157 2975 1203 τοῦ
3031 1153 3246 1206 ἱππικοῦ
3276 1155 3306 1214 ἢ
3348 1157 3645 1230 ὐφαντικὸν,

2051 1239 2140 1288 καὶ
2210 1237 2557 1308 χαλκευτικῆς
2625 1240 2656 1297 ἡ
2743 1239 3023 1312 μεταλλικὴ
3077 1242 3107 1300 ἦ
3167 1250 3466 1316 ποιμενικὴ,
3557 1253 3648 1302 καὶ

2050 1323 2214 1376 ἄλλων
2238 1325 2408 1382 ἄλλαι.
2435 1333 2601 1379 Τοῦτο
2630 1322 2690 1380 δε
2745 1333 2835 1380 καὶ
2901 1330 2984 1381 ἐπὶ
3033 1336 3131 1390 τῆς
3177 1333 3372 1402 φύσεως
3417 1339 3642 1403 νοητέον,

2048 1414 2118 1474 ὡς
2199 1418 2289 1466 καὶ
2368 1412 2416 1466 ἓν
2477 1423 2593 1477 ταῖς
2632 1424 2823 1489 χυμῶν
2869 1416 3074 1488 μίξεσιν
3131 1422 3335 1492 εἴρηται
3390 1428 3480 1476 καὶ
3530 1433 3648 1487 ταῖς

2046 1510 2145 1553 τῶν
2169 1508 2468 1574 στοιχείων.
2508 1501 2665 1576 Ἔχει
2721 1501 2782 1557 δι
2835 1512 2938 1558 πᾶν
2992 1510 3024 1557 ὅ
3073 1527 3127 1559 τι
3177 1511 3236 1560 τὸ
3292 1512 3512 1581 φύσεως,
3576 1517 3647 1578 ὡς

2044 1593 2264 1662 εἴρηται,
2324 1595 2626 1664 συμφωνίαν
2680 1596 2770 1644 καὶ
2818 1597 3027 1664 σχέσιν.
3078 1601 3356 1667 Συμφωνία
3407 1601 3508 1674 γὰρ
3556 1607 3645 1655 καὶ

2044 1683 2234 1750 σχέσις
2271 1684 2467 1753 κόσμον
2491 1685 2582 1733 καὶ
2614 1679 2761 1732 πόλιν
2813 1686 2904 1734 καὶ
2958 1687 3138 1756 κώμην
3184 1689 3275 1737 καὶ
3326 1683 3465 1738 οἶκον
3521 1708 3646 1740 συν-

2039 1771 2248 1826 έστησε.
2305 1773 2404 1823 Καὶ
2454 1769 2510 1821 αἱ
2583 1773 2675 1842 μὲν
2733 1771 2869 1822 κατὰ
2920 1775 3176 1844 φυσικοὺς
3228 1772 3414 1846 λόγους
3473 1781 3647 1848 γιγνό-

2035 1875 2184 1928 μεναι
2215 1859 2506 1930 συνάγουσι
2543 1861 2634 1931 μέν
2675 1877 2794 1911 τινα
2845 1854 3160 1935 διῃρημένα,
3204 1861 3337 1921 πλὴν
3394 1862 3502 1917 ἀλλ’
3548 1866 3645 1919 οὐκ

2036 1942 2222 2016 ὀρθῶς,
2264 1946 2370 1997 οἷόν
2425 1964 2501 2006 τις
2555 1947 2737 2018 ἄρχων
2789 1943 2884 2021 ἐρᾷ
2926 1955 3023 2010 τῆς
3061 1959 3362 2022 ποιμενικῆς
3418 1971 3433 1986 ο
3485 1961 3643 2006 τοῦτο

2033 2039 2222 2106 κρᾶσις
2253 2055 2266 2066 ·
2296 2037 2385 2086 καὶ
2407 2035 2487 2085 ὅτι
2513 2037 2604 2106 μὲν
2642 2035 2672 2092 ἠ
2735 2037 2892 2107 φύσις
2935 2042 3210 2109 ποιμενικὴ
3265 2035 3449 2110 ἔδειξε,
3497 2045 3643 2117 παρὰ

2033 2129 2130 2182 τῆς
2184 2117 2455 2184 παιδείας.
2519 2121 2673 2176 Ἐστι
2723 2126 2784 2174 τὸ
2837 2127 2928 2195 μὲν
2982 2123 3230 2199 ἐρώμενον
3286 2132 3526 2199 φυσικὸν,
3579 2130 3639 2183 οὗ

2035 2217 2266 2280 φυσικῶς
2296 2207 2354 2263 δὲ
2379 2209 2406 2262 ὃ
2431 2209 2560 2283 ἐρῶν
2590 2209 2683 2285 ἐρᾷ
2714 2231 2727 2244 ο
2761 2213 2985 2286 ἄρχοντι
3014 2215 3115 2290 γὰρ
3155 2217 3208 2266 τί
3261 2219 3430 2268 κοινόν
3460 2219 3490 2276 ἦ
3524 2237 3640 2271 ποι-

2032 2302 2211 2368 μενικὴ
2245 2313 2260 2362 ;
2291 2293 2418 2373 Ἐρᾷ
2472 2295 2532 2350 δι
2585 2305 2674 2351 καὶ
2727 2297 3034 2372 φιλοσοφίας
3079 2301 3268 2374 ἕτερος,
3327 2311 3481 2357 τοῦτο
3546 2325 3638 2379 φυ-

2035 2390 2182 2439 σικόν
2232 2388 2401 2458 ὄντως,
2461 2389 2573 2439 ἔστι
2617 2383 2678 2440 di
2742 2393 2832 2440 καὶ
2887 2391 3024 2441 κατὰ
3074 2396 3282 2463 κρᾶσιν.
3343 2391 3482 2446 Ἐκεῖ
3533 2398 3636 2468 ’γὰρ

2031 2482 2215 2551 κρᾶσις
2243 2474 2474 2549 ἀρχικῆς
2528 2483 2615 2528 καὶ
2662 2485 2986 2549 ποιμενικῆς,
3043 2476 3226 2533 ἐνθάδε
3289 2477 3351 2534 δί
3405 2480 3640 2555 ἀρχικῆς

2007 2723 2230 2779 ditione
2254 2724 2641 2795 conjungitur
2660 2724 2859 2781 omnis
2874 2725 3145 2798 ars,fnon
3167 2742 3342 2784 secus
3384 2735 3566 2802 atque
3601 2729 3665 2787 in

2007 2818 2210 2868 centro
2242 2811 2444 2868 circuli
2478 2813 2846 2868 conveniunt
2864 2828 3076 2868 omnes
3105 2813 3280 2870 linere
3325 2823 3501 2873 recte:
3525 2825 3664 2890 qua!

2005 2917 2044 2956 a
2091 2901 2592 2958 circumcurre’nte
2650 2901 2809 2958 linea
2865 2902 3062 2958 ductas
3117 2908 3272 2960 sunt.
3325 2905 3664 2970 Quinetiam

2005 2990 2204 3045 omnis
2257 2990 2609 3061 temperatio
2651 2990 2708 3044 vi
2761 2997 2992 3046 natura)
3043 3006 3182 3046 cum
3232 2993 3662 3064 temperatione

2005 3078 2218 3134 eadem
2247 3079 2476 3134 ratione
2529 3078 2863 3150 copulatur.
2908 3081 3109 3150 Neque
3166 3079 3505 3152 quidquam
3549 3086 3659 3140 est.

2003 3167 2170 3239 quod
2198 3182 2321 3222 non
2357 3167 2430 3222 sit
2446 3172 2692 3225 natura.
2723 3181 2920 3232 neque
2958 3167 3080 3222 ulla
3124 3174 3213 3223 est
3240 3183 3337 3224 ars
3374 3185 3510 3242 quin
3534 3185 3660 3228 non

2005 3255 2080 3310 sit
2101 3253 2472 3310 eruditionis.
2511 3257 2579 3310 Et
2607 3259 2672 3310 ut
2693 3255 2892 3310 omnis
2918 3257 3264 3327 temperatio
3288 3259 3663 3317 communio-

2004 3357 2146 3398 nem
2177 3358 2248 3398 ac
2279 3342 2718 3399 distinctionem
2757 3358 2830 3398 ex
2882 3344 3414 3416 temperationibus
3451 3347 3657 3420 habet,

2003 3431 2086 3488 ita
2114 3432 2294 3488 etiam
2334 3438 2491 3489 artes
2537 3433 2986 3504 conjunguntur
3033 3437 3185 3490 inter
3241 3451 3304 3491 se
3350 3441 3409 3493 et
3443 3437 3657 3495 distino

2005 3526 2244 3590 guntur.
2286 3523 2438 3576 Nam
2473 3520 2696 3576 militiaa
2741 3520 2970 3578 navalis
2998 3537 3098 3578 ars
3152 3523 3265 3579 arti
3316 3525 3658 3582 tractando-

2004 3625 2140 3664 rum
2159 3624 2455 3681 equorum
2479 3609 2671 3680 magis
2696 3614 2785 3665 est
2811 3615 3072 3681 cognata
3116 3625 3304 3684 quam
3332 3627 3431 3669 ars
3473 3617 3659 3670 texto-

2003 3699 2091 3754 ria
2118 3716 2136 3769 ;
2169 3703 2224 3753 et
2253 3713 2352 3754 ars
2379 3697 2676 3754 metallica
2694 3699 2916 3756 aerario
2935 3699 3045 3755 arti
3072 3701 3269 3772 magis
3293 3706 3384 3758 est
3399 3706 3659 3773 cognata

2001 3803 2190 3860 quam
2212 3787 2545 3860 pastoritia,
2575 3791 2633 3843 et
2648 3787 2778 3842 aliis
2811 3787 2955 3844 alite.
2990 3790 3110 3844 Hoc
3133 3794 3338 3846 autem
3383 3791 3566 3848 etiam
3593 3791 3658 3847 in

2003 3881 2220 3932 natura
2238 3875 2744 3932 considerandum
2774 3881 2885 3944 est,
2914 3880 2976 3931 ut
2995 3876 3061 3932 in
3110 3876 3437 3934 humorum
3465 3884 3521 3934 et
3544 3879 3658 3937 ele-

2002 3969 2344 4020 mentorum
2405 3963 2866 4020 admistionibus
2926 3964 3155 4020 dictum
3205 3969 3316 4021 est.
3367 3967 3656 4025 Caeterum

2001 4053 2298 4125 quidquid
2327 4058 2416 4109 est
2437 4053 2500 4108 in
2519 4056 2736 4108 natura
2755 4051 2940 4108 habet
2967 4058 3328 4108 concentum
3343 4059 3400 4110 et
3423 4053 3656 4112 relatio-

2000 4156 2162 4209 nem,
2183 4140 2706 4214 quemadmodum
2734 4140 2960 4197 dictum
2979 4146 3069 4198 est
3095 4157 3110 4207 ;
3142 4147 3467 4199 concentus
3492 4144 3656 4202 enim

2002 4235 2060 4287 et
2085 4230 2292 4287 relatio
2323 4231 2640 4295 mundum,
2669 4230 2982 4296 civitatem,
3013 4231 3214 4288 vicum
3263 4236 3321 4288 et
3361 4231 3656 4290 familiam

2003 4320 2328 4376 constituit.
2355 4327 2437 4376 Ac
2464 4319 2927 4392 temperationes
2945 4319 3194 4392 quidem
3221 4335 3360 4393 quae
3390 4337 3463 4378 ex
3483 4331 3657 4380 natu-

2001 4407 2229 4464 ralibus
2256 4407 2587 4464 rationibus
2625 4408 2915 4464 exsistunt
2955 4407 3238 4480 quaedam
3275 4409 3530 4467 invicem
3568 4410 3656 4468 di-

1999 4500 2130 4553 visa
2159 4497 2464 4568 copulant,
2493 4497 2602 4552 sed
2632 4513 2792 4570 saepe
2819 4513 2944 4553 non
2963 4503 3143 4567 recte,
3173 4498 3357 4555 veluti
3385 4515 3524 4555 cum
3551 4499 3657 4557 ali-

1997 4586 2134 4658 quis
2153 4586 2480 4658 imperator
2501 4585 2642 4642 artis
2661 4587 2985 4658 pastoritiie
3033 4587 3340 4645 studiosus
3381 4592 3511 4644 est:
3537 4587 3656 4644 hoc

1996 4676 2157 4731 enim
2189 4681 2278 4731 est
2308 4675 2659 4747 temperatio
2691 4694 2705 4745 ;
2739 4691 2810 4731 ac
2855 4675 3005 4732 illud
3032 4676 3281 4748 quidem
3325 4676 3405 4732 ab
3461 4675 3655 4732 erudi-

1996 4765 2155 4819 tione
2183 4763 2453 4819 manavit
2479 4763 2646 4835 quod
2659 4748 2892 4819 'natura
2920 4769 3112 4820 artem
3139 4763 3514 4836 pastoritiam
3535 4763 3653 4820 ho-

1994 4850 2261 4908 minibus
2298 4852 2879 4908 commonstraverit.
2921 4852 3089 4917 Quod
3149 4852 3328 4922 igitur
3375 4850 3487 4908 tale
3537 4857 3650 4922 est,

1992 4941 2265 4997 naturale
2289 4940 2536 5013 quidem
2556 4945 2643 4996 est
2677 4960 2692 4994 :
2723 4939 2830 4996 sed
2857 4940 2963 5012 qui
2998 4938 3099 4996 illo
3147 4939 3344 4996 studio
3392 4939 3649 5010 ducitur,

1994 5034 2273 5086 naturam
2296 5029 2568 5102 proxime
2596 5043 2719 5085 non
2741 5032 3028 5100 sequitur.
3053 5031 3204 5085 Nam
3225 5043 3324 5084 ars
3341 5029 3654 5100 pastoritia

1988 5119 2051 5175 in
2076 5119 2437 5191 imperatore
2485 5123 2573 5175 est
2617 5116 2845 5189 aliquid
2901 5116 3236 5174 sordidum.
3291 5117 3450 5174 Alter
3505 5134 3651 5177 vero

1991 5207 2387 5280 philosOphiae
2402 5207 2709 5263 studiosus
2725 5209 3019 5278 est,atque
3029 5206 3144 5262 hoc
3155 5222 3363 5263 revera
3377 5210 3470 5264 est
3479 5212 3652 5265 natu-

1991 5297 2136 5354 rale.
2169 5297 2334 5352 Istud
2353 5298 2534 5353 etiam
2545 5312 2619 5352 ex
2634 5297 3062 5368 temperatione
3073 5295 3320 5353 exsistit.
3346 5295 3467 5352 Illic
3489 5296 3652 5370 enim

1993 5391 2085 5442 est
2115 5385 2463 5457 temperatio
2492 5383 3050 5455 artisimperatoriaa
3094 5390 3152 5440 et
3207 5384 3508 5456 pastoria,
3552 5383 3652 5440 hic

1993 5479 2197 5532 autem
2207 5475 2606 5547 imperatoriae
2617 5478 2675 5530 et
2683 5472 3134 5546 philosophica.
3153 5471 3456 5546 Numquid
3471 5471 3652 5543 igitur

1990 5564 2110 5623 hoc
2157 5563 2406 5637 quidem
2439 5562 2849 5621 necessarium
2893 5564 3006 5634 est,
3055 5561 3208 5620 illud
3253 5577 3394 5620 vero
3428 5559 3542 5619 vile
3589 5563 3651 5621 et
