4066 6212
533 244 663 312 issi

526 386 617 434 καὶ
658 380 986 454 φιλοσοφίας.
1049 381 1271 452 Πότερον
1332 374 1420 430 οὖν
1478 381 1536 431 τὸ
1593 381 1682 451 μὲν
1749 377 2055 452 ἀναγκαῖον,
2115 384 2171 433 τὸ

567 469 625 524 δὲ
678 470 866 544 φαῦλον
900 489 914 537 ;
944 473 1137 543 Τοίγαρ
1196 472 1246 519 τί
1292 466 1642 540 συμϐάλλεται
1699 467 1899 544 ἁρχικῇ
1946 472 2004 521 τὸ
2060 489 2172 521 ποι-

566 565 769 632 μενικὸν
824 576 837 626 ;
894 560 989 610 Διὰ
1047 564 1197 609 τοῦτο
1280 562 1367 609 καὶ
1424 561 1510 610 τὸν
1566 562 1722 631 σοφὸν
1778 559 1981 611 Φίλωνα
2032 578 2168 622 τινες

568 650 810 721 ἔσκωψαν
842 652 956 709 τοὺς
1018 646 1244 720 ἀγαθοὺς
1290 651 1536 721 ποιμένας
1595 649 1824 721 ἀγαθοὺς
1882 649 2011 703 εἶναι
2066 649 2174 723 βα-

567 739 727 801 σιλεῖς
756 737 983 793 εἰπόντα.
1014 741 1152 795 Φησὶ
1183 735 1241 790 δὲ
1273 743 1360 790 καὶ
1403 739 1427 791 ὁ
1477 744 1703 801 ποιητὴς
1762 744 2005 813 ποιμένας
2048 739 2174 793 λαοῦ

562 832 679 890 τοὺς
733 825 992 901 βασιλεῖς,
1043 827 1101 879 οὗ
1162 828 1542 901 φυσιολογικῶς
1605 826 1663 882 δὲ
1711 834 1801 881 καὶ
1861 825 2174 883 ἀποδεικτι-

562 925 686 988 κῶς,
741 916 870 969 ἀλλᾶ
939 918 1229 992 ῥητορικῶς
1286 922 1375 970 καὶ
1428 916 1537 971 αῖον
1594 919 1908 980 ὑποθετικῶς
1965 926 2054 973 καὶ
2109 928 2171 993 τῇ

563 1004 716 1079 ἀδείᾳ
769 1014 832 1080 τῇ
885 1015 979 1068 τῆς
1031 1012 1288 1068 ποιήσεως
1318 1005 1693 1084 ’παράδειγμα
1744 1012 1844 1084 γὰρ
1893 1018 2047 1062 τοῦτο
2104 1013 2176 1061 τί-

566 1098 714 1162 θησι,
742 1102 832 1150 καὶ
860 1097 964 1170 οὐχ
994 1101 1061 1160 ὡς
1093 1099 1173 1150 ὃτι
1214 1094 1299 1150 δεῖ
1349 1102 1568 1171 ποιμένα
1634 1100 1763 1152 εἶναι
1809 1104 1893 1152 τὸν
1952 1098 2177 1173 βασιλέα

562 1192 832 1260 ποιμνίων,
892 1185 998 1239 ἀλλ’
1057 1190 1134 1239 ὅτι
1207 1187 1312 1239 οἷον
1362 1195 1555 1262 ποιμήν
1616 1185 1755 1241 ἐστιν
1826 1190 1850 1241 ὁ
1904 1187 2173 1262 βασιλεύς⁹

560 1277 753 1335 Τίθησι
786 1272 843 1329 δὲ
869 1280 967 1329 κιὺ
994 1279 1175 1350 μάχας
1208 1274 1497 1350 βατράχων
1524 1284 1612 1330 καὶ
1669 1288 1831 1351 μυῶν,
1876 1280 2062 1352 ἡρῴων
2090 1278 2178 1331 ἀν·-

565 1363 702 1439 ὃρῶν
757 1360 1054 1439 ὑπόδειγμα
1108 1368 1403 1437 σαφηνίζων
1450 1372 1579 1442 πρὸς
1627 1372 1743 1427 τοὺς
1806 1366 2165 1441 ὀλιγωτέρους.

562 1457 835 1529 Νομιζέτω
925 1452 982 1508 δέ
1054 1475 1134 1515 τις
1212 1460 1298 1507 τὸν
1378 1456 1717 1530 Τρωξάρταον
1814 1457 2176 1529 Ἀγαμέμνονα

563 1549 648 1598 τὸν
733 1541 790 1598 δὲ
850 1548 1161 1618 φυσίγνατον
1239 1550 1494 1619 Πρίαμον,
1558 1554 1709 1598 τοῦτο
1755 1554 1852 1597 τῶν
1909 1545 2154 1612 ἀσθενῶν,

566 1632 779 1687 ἔστιδὲ
837 1643 907 1705 τῷ
964 1643 1104 1706 σοφῷ
1159 1632 1373 1708 Ὁμήρῳ
1430 1638 1623 1697 σκοπὸς
1680 1634 1899 1687 ἐπαινεῖν
1957 1634 2168 1709 ἀρετὴν,

570 1720 655 1777 διὸ
684 1728 774 1775 καὶ
811 1728 985 1777 πᾶσαν
1015 1732 1205 1794 γνῶσιν
1244 1728 1369 1793 πρὸς
1421 1732 1573 1776 τοῦτο
1620 1720 1712 1776 διὰ
1766 1734 1918 1777 τοῦτο
1977 1724 2174 1797 αἰχμα-

565 1812 794 1873 λωτίζει.
852 1816 1053 1884 Ποιμὴν
1117 1814 1205 1884 μὲν
1264 1808 1351 1864 οὖν
1393 1812 1665 1887 προϐάτων
1720 1815 1749 1873 ἦ
1809 1814 1989 1889 ἐτέρων
2049 1813 2175 1885 ἀγε-

564 1901 661 1956 λνζον
692 1899 861 1963 οὐδεὶς
905 1904 1107 1977 ἄρχων,
1157 1901 1250 1953 κᾶν
1302 1903 1455 1964 ὅσους
1514 1907 1737 1978 χόρτους
1792 1902 1963 1975 ἀγέλος
2019 1906 2119 1977 ἒχϊῖ
2157 1927 2170 1940 ⁸

567 1992 838 2065 φιλόσοφος
886 1987 944 2044 δὲ
1017 1993 1083 2042 ὡν
1163 1994 1420 2066 μακάριός
1489 1991 1620 2063 ἐστι,
1669 1991 1763 2044 κᾶν
1820 1996 1963 2045 οἴκου
2017 1992 2175 2063 ψιλοῦ

565 2086 714 2155 μόνον
740 2083 909 2153 ἄρχῃ.
954 2086 1054 2133 Καὶ
1103 2084 1204 2154 γὰρ
1260 2078 1483 2152 οὗὸεμία
1536 2085 1617 2144 τίς
1669 2078 1779 2133 ἐστι
1836 2090 2035 2153 γνῶσις
2097 2090 2171 2152 τῷ

567 2171 747 2230 ἀληθεῖ
833 2166 1304 2244 διαδιδράσκουσα
1380 2169 1660 2243 φιλοσόφῳ.
1718 2166 2041 2243 Ὑποδειγμα
2115 2168 2175 2223 ὃὲ

564 2265 622 2314 τὸ
660 2262 812 2335 ῥηθεν
860 2268 1028 2313 τοῦτο.
1082 2262 1229 2313 Μετά
1289 2256 1348 2312 δὲ
1414 2266 1566 2312 τοῦτο
1618 2261 1883 2333 μυριάττα
1941 2259 2171 2333 ἐχόμενα

563 2354 747 2405 τούτου
807 2350 939 2409 πλὴν
997 2356 1329 2424 φυσικώτερα
1386 2353 1474 2401 καὶ
1524 2353 1596 2422 μὴ
1651 2352 1869 2421 φυσικὰ,
1924 2349 2077 2402 ἅτινα
2124 2353 2172 2401 ἒν

563 2462 674 2495 τισι
747 2445 1036 2501 κοινωνίαις
1120 2441 1421 2506 ὑποπίπτει,
1501 2437 1548 2491 ἐν
1619 2447 1691 2511 τῷ
1773 2438 1911 2510 ἀλλῳ
1958 2444 2048 2492 καὶ
2098 2448 2172 2510 τῷ

567 2530 751 2602 ἀλλοίῳ
785 2551 797 2563 ·
849 2528 943 2582 κᾶν
986 2530 1133 2602 ἕτερα
1178 2532 1303 2602 γὰρ,
1353 2527 1447 2579 κᾶν
1502 2527 1717 2603 ἑτεροῖα,
1779 2532 1897 2602 περὶ
1952 2531 2011 2581 τὸ
2065 2532 2173 2581 κέν-

564 2640 684 2696 τρον
714 2621 1027 2692 συνάγονται
1056 2622 1082 2674 ὃ
1109 2619 1248 2673 ἐστιν
1279 2620 1308 2677 ἡ
1334 2618 1556 2671 καθόλου
1586 2614 1821 2675 παιδεία.

537 2805 859 2876 indignum
894 2792 923 2850 ?
942 2810 1086 2852 nam
1111 2794 1260 2868 quid
1288 2795 1368 2852 ad
1396 2795 1844 2868 imperatoriam
1887 2796 2201 2869 pastoritia

537 2892 815 2954 confert?
847 2888 1070 2947 idcirco
1099 2886 1349 2960 quidam
1371 2885 1700 2942 illudebant
1718 2885 2052 2958 sapientem
2072 2886 2200 2943 Phi-

534 2988 736 3045 Ionem
804 2978 971 3054 quod
1018 2978 1213 3034 bonos
1270 2979 1539 3048 pastores
1604 2975 1799 3032 bonos
1851 2991 2020 3045 reges
2069 2992 2197 3032 esse

532 3074 802 3132 dixisset.
844 3073 909 3126 Et
936 3072 1113 3140 poeta
1132 3080 1304 3136 reges
1334 3064 1541 3137 populi
1585 3070 1858 3137 pastores
1908 3064 2195 3137 appellat,

532 3180 657 3221 non
687 3178 758 3218 ex
788 3156 1046 3216 naturali
1074 3155 1320 3211 scientia
1346 3159 1403 3210 ct
1427 3153 1700 3210 doctrina
1726 3154 1843 3210 hoc
1865 3154 2193 3226 proferens,

533 3252 642 3309 sed
661 3249 947 3307 rhetorice
973 3251 1030 3302 et
1065 3244 1247 3301 veluti
1276 3242 1677 3315 hypothetice,
1732 3248 1912 3315 atque
1961 3259 2033 3299 ex
2058 3259 2173 3317 poe

532 3342 649 3399 tica
667 3338 903 3396 licentia
934 3355 947 3405 ;
980 3336 1096 3391 hoc
1119 3333 1279 3389 enim
1328 3337 1624 3404 tanquam
1677 3330 2025 3404 exemplum
2057 3348 2194 3404 pro-

534 3430 722 3504 ponit,
747 3441 869 3483 non
897 3423 1065 3498 quod
1093 3426 1365 3494 oporteat
1392 3437 1595 3491 regem
1617 3437 1745 3477 esse
1774 3422 1969 3491 gregis
1997 3426 2196 3495 pasto-

532 3535 684 3590 rem,
709 3516 813 3573 sed
833 3513 1002 3587 quod
1020 3528 1126 3568 rex
1153 3512 1229 3566 sit
1254 3509 1431 3566 veluti
1463 3514 1686 3582 pastor.
1712 3511 1998 3582 Proponit
2013 3511 2194 3566 etiam

531 3621 824 3666 ranarum
854 3608 911 3659 et
939 3600 1203 3657 murium
1234 3614 1493 3671 pugnas,
1514 3600 1766 3655 heroum
1785 3615 1924 3655 cum
1941 3600 2194 3656 homini-

532 3698 650 3754 bus
676 3691 1060 3751 inferioribus
1088 3704 1327 3762 pugnas
1348 3688 1426 3744 ob
1466 3688 1673 3744 oculos
1702 3705 1956 3761 ponens.
1988 3690 2190 3759 Fingat

531 3788 735 3843 autem
755 3781 973 3854 aliquis
998 3782 1348 3835 Troxartum
1404 3793 1532 3833 esse
1579 3783 2094 3848 Agamemnonem
2136 3785 2193 3835 et

532 3871 1010 3949 Physignathum
1031 3885 1161 3925 esse
1175 3867 1475 3924 Priamum
1500 3884 1513 3934 ;
1538 3868 1705 3939 quod
1730 3868 1978 3941 quidem
1997 3884 2193 3925 exem-

528 3965 699 4039 plum
729 3967 817 4018 est
845 3958 1305 4017 imbecilliorum
1356 3958 1694 4013 hominum.
1729 3960 1827 4013 Est
1868 3963 2070 4013 autem
2102 3974 2193 4015 sa-

529 4052 720 4127 pienti
751 4052 1008 4107 Homero
1034 4063 1257 4121 scopus
1285 4046 1628 4120 propositus
1659 4050 1723 4102 ut
1760 4048 2036 4103 virtutem
2069 4046 2193 4103 lau-

530 4143 653 4208 det,
721 4145 777 4197 et
823 4140 1045 4195 idcirco
1090 4151 1333 4193 omnem
1377 4135 1778 4207 cognitionem
1826 4138 1878 4191 ei
1928 4136 2190 4207 subjicit.

529 4231 735 4291 Nullus
756 4230 934 4300 igitur
964 4229 1288 4299 imperator
1316 4231 1403 4280 est
1434 4225 1734 4296 pecudum
1768 4231 1869 4281 aut
1911 4225 2087 4281 ullius
2111 4225 2193 4280 al-

527 4321 710 4378 terius
742 4317 939 4389 gregis
957 4322 1183 4388 pastor,
1213 4314 1447 4370 etiamsi
1500 4318 1647 4384 quot
1683 4314 1902 4371 herbas
1940 4320 2028 4371 tot
2065 4329 2192 4385 gre-

528 4425 635 4481 ges
659 4405 882 4464 habeat
912 4424 925 4473 ;
957 4404 1063 4460 sed
1084 4405 1408 4476 imperator
1433 4402 1528 4458 illc
1556 4403 1659 4475 qui
1686 4408 1776 4460 est
1796 4404 2192 4477 philosophus

532 4502 621 4556 est
639 4497 875 4564 beatus,
897 4492 1133 4551 etiamsi
1158 4491 1397 4548 familias
1414 4491 1590 4548 alicui
1611 4492 1905 4549 duntaxat
1920 4492 2188 4565 imperet.

530 4584 704 4644 Nulla
723 4583 886 4640 enim
920 4586 1008 4639 est
1028 4580 1286 4651 cognitio
1317 4596 1451 4653 quae
1499 4596 1708 4637 verum
1758 4581 2191 4653 philosophum

531 4677 742 4749 fugiat.
774 4676 893 4731 Hoc
924 4675 1126 4730 autem
1158 4672 1299 4727 satis
1336 4670 1652 4744 perspicue
1704 4670 1818 4726 illis
1844 4687 1981 4743 quae
2035 4671 2193 4728 dicta

534 4772 672 4825 sunt
701 4782 737 4824 a
781 4764 958 4823 nobis
1002 4762 1361 4820 ostenditur.
1393 4763 1855 4834 Consequuntur
1872 4760 2089 4817 deinde
2107 4761 2191 4817 in-

531 4872 787 4916 numera
815 4854 932 4912 alia
960 4868 1097 4926 quas
1117 4851 1337 4924 partim
1364 4850 1442 4907 ad
1459 4856 1735 4907 naturam
1756 4851 2003 4923 propius
2024 4865 2190 4907 acce-

532 4948 705 5012 dunt,
765 4944 986 5019 partim
1048 4942 1287 5012 longius
1342 4945 1573 4997 remota
1629 4945 1790 4998 sunt.
1853 4940 2192 5016 $uscipiunt

534 5040 736 5094 autem
757 5033 1059 5106 quasdam
1089 5029 1533 5087 communionis
1561 5032 1838 5098 rationes,
1872 5044 1942 5085 ex
1967 5029 2188 5102 quibus

535 5124 665 5183 aliae
693 5138 787 5180 res
816 5129 995 5195 atque
1025 5120 1346 5177 dissimiles
1389 5118 1747 5190 efﬁciuntur,
1779 5118 1880 5176 sed
1925 5120 2047 5176 sive
2073 5120 2189 5177 sint

535 5214 666 5271 alim
724 5213 848 5269 sive
888 5210 1124 5267 dissiles
1183 5210 1244 5267 in
1293 5214 1495 5267 centro
1543 5225 1754 5266 omnes
1802 5209 2185 5278 conveniunt,

535 5302 704 5378 quod
722 5300 969 5376 quidem
1000 5306 1269 5357 centrum
1299 5307 1388 5358 est
1418 5298 1769 5357 universalis
1791 5299 2064 5355 eruditio.

608 5398 662 5452 6.
698 5397 780 5449 Ac
809 5391 1068 5447 scientiae
1098 5392 1344 5463 quidem
1375 5396 1431 5447 et
1455 5394 1607 5447 artes
1652 5391 1733 5447 ita
1768 5405 1828 5445 se
1857 5388 2081 5445 habent
2104 5387 2191 5444 uti

534 5483 817 5557 diximus,
843 5484 899 5539 et
925 5481 987 5540 in
1006 5495 1435 5557 quamcunque
1474 5484 1707 5553 partem
1760 5494 1824 5535 se
1878 5482 2069 5535 vertat
2094 5477 2190 5534 ille

534 5577 640 5652 qui
658 5588 759 5639 res
787 5572 1091 5636 naturales
1112 5571 1449 5644 investigat,
1484 5584 1722 5644 semper
1743 5568 1997 5642 reperiet
2024 5582 2190 5631 com.

2052 238 2411 314 ADDENDA.

3763 268 3863 330 i352

2424 383 2488 449 ς’.
2540 391 2637 440 Καὶ
2683 388 2737 439 αἱ
2790 388 2878 460 μεν
2920 385 3204 458 ἐπιστῆμαι
3268 389 3357 438 καὶ
3421 389 3610 459 τέχναι,
3655 390 3851 457 οὖτωςὼς

2337 480 2539 551 εἴρηται
2596 480 2805 550 ἔχουσι,
2864 475 2958 529 κᾶν
3013 478 3133 528 ὅσον
3199 495 3277 538 τις
3334 478 3452 551 φέρῃ
3508 473 3559 529 δε
3605 486 3695 542 τοῖς
3726 486 3853 555 πρᾶγ-

2226 386 2273 438 Α

2336 571 2469 641 μασί
2523 586 2636 619 τινα
2690 565 2863 642 ἑτέραν
2946 564 3200 636 ἐξέτασιν,
3265 563 3369 616 ἆ).λ’
3437 564 3509 617 ἀεὶ
3559 568 3735 640 εὑρήσει
3774 591 3853 623 xor.

2335 660 2519 718 νωνίας
2586 661 2676 708 καὶ
2726 652 3011 722 ὃιαζύξεις,
3077 661 3191 716 ταῖς
3242 658 3468 726 τέχναις.
3523 659 3652 726 Λέγω
3697 654 3759 723 δε,
3804 664 3854 723 ὡς

2335 748 2426 805 τὰς
2465 745 2754 820 εἰρημένας,
2818 746 3004 819 εὑρήσι
3046 740 3095 797 δ’
3146 742 3223 796 ἀεὶ
3279 747 3369 795 καὶ
3422 744 3601 810 πὰσας,
3648 744 3726 796 κᾶν
3773 767 3855 800 ποι-

2336 842 2491 908 νωνῇ,
2549 834 2643 887 κᾶν
2698 834 2756 887 οὐ
2808 842 3052 906 κοινωνῇ,
3110 838 3234 907 μίαν
3302 831 3521 891 ἑκάστην
3584 844 3856 888 κοινωνοῦσαν

2338 924 2526 998 ἑκάστῃ
2617 928 2733 1000 περὶ
2821 929 2913 983 τὴν
2990 922 3284 996 ἐπιστήμην
3365 943 3377 956 ·
3439 920 3609 975 ἐκεῖθεν
3653 926 3737 997 γὰρ
3778 924 3857 978 ἐστι

2337 1019 2484 1067 πᾶσα
2521 1016 2672 1067 οἱονεὶ
2718 1014 2747 1072 ἡ
2810 1009 3059 1074 παιδείας
3114 1010 3251 1080 ἰδέα,
3305 1016 3395 1064 καὶ
3443 1013 3494 1064 αἱ
3548 1013 3731 1085 κράσεις
3764 1019 3857 1068 κατὰ

2339 1108 2426 1156 τὸν
2504 1103 2655 1158 αὐτὸν
2745 1102 2894 1176 ὶόγον
2968 1122 2983 1137 ο
3044 1107 3214 1155 πᾶσαι
3297 1105 3415 1175 ⁹Ῐὰρ,
3473 1104 3532 1162 ὡς
3575 1104 3763 1175 εἴρηται,
3797 1110 3858 1156 καὶ

2340 1200 2644 1246 κοινωνοῦσι
2692 1197 2782 1246 καὶ
2839 1187 3236 1244 διαστέλλονται
3280 1192 3409 1264 πρὸς
3461 1189 3627 1251 αὐτάς.
3679 1194 3781 1263 Περὶ
3819 1188 3857 1244 δὲ

2341 1286 2433 1340 τὴν
2493 1285 2647 1354 φύσιν
2729 1285 2876 1339 κοινὴ
2933 1288 3030 1333 τῶν
3084 1278 3209 1331 ὅλων
3266 1278 3406 1331 ἐστὶν
3458 1279 3487 1336 ἡ
3549 1278 3853 1340 συνῦευσιςή

2340 1368 2450 1422 ἐστι
2528 1374 2787 1426 κοινωνία.
2870 1374 3105 1441 Γίγνεται
3181 1364 3239 1421 δὲ
3297 1374 3447 1420 τοῦτο
3513 1372 3596 1418 καὶ
3641 1366 3759 1419 πόλει
3800 1374 3859 1420 καὶ

2339 1463 2541 1531 κόσμῳ,
2575 1463 2663 1511 καὶ
2721 1464 2869 1531 κώμῃ
2928 1463 3018 1510 καὶ
3082 1461 3225 1528 οἴκῳ,
3281 1455 3408 1508 αλλά
3465 1452 3529 1516 δὴ
3586 1461 3667 1507 καὶ
3718 1454 3857 1529 ἀτόμῳ.

2338 1554 2551 1621 Τριχώς
2580 1551 2681 1621 γὰρ
2712 1549 3040 1600 κοινωνείτὸ
3097 1546 3307 1617 λογικὸν
3371 1549 3517 1608 ζῶον,
3571 1544 3596 1603 ἡ
3650 1547 3734 1617 γὰρ
3775 1548 3859 1617 χρέο

2342 1639 2476 1696 σειὴ
2539 1640 2690 1710 φύσει
2736 1636 2767 1695 ἦ
2826 1632 3059 1709 παιδείᾳ.
3124 1640 3225 1688 Καὶ
3276 1641 3372 1697 τῆς
3426 1638 3513 1707 μὲν
3565 1641 3756 1700 φυσικῆς
3788 1653 3860 1686 κοι-

2337 1731 2493 1778 νωνία
2513 1731 2601 1778 καὶ
2627 1722 2846 1778 παιδεία
2871 1724 3000 1793 ἐστὶ,
3061 1731 3122 1797 τῇ
3179 1719 3239 1775 δὲ
3297 1725 3480 1795 κράσει
3534 1721 3621 1773 οὐκ
3662 1718 3728 1772 ἀεὶ
3772 1739 3859 1771 παι-

2340 1813 2458 1869 δεια
2485 1814 2642 1882 ἐστὶν,
2678 1814 2720 1867 εἰ
2780 1819 2852 1887 μὴ
2906 1815 3043 1866 κατὰ
3105 1816 3226 1873 τους
3270 1813 3563 1887 εἰρημένους
3600 1808 3769 1880 λόγους,
3807 1811 3859 1859 ὅτι

2338 1911 2487 1957 πᾶσα
2517 1904 2730 1966 ὀντὸτης
2758 1907 2974 1976 φύσεως,
3002 1902 3097 1955 κᾶν
3166 1899 3338 1973 ἀγαθὴ
3393 1898 3485 1952 κᾶν
3530 1898 3604 1967 οὒ,
3649 1904 3721 1949 καὶ
3756 1903 3859 1948 πᾶσα

2338 2000 2496 2067 τέχνη
2528 1993 2818 2067 ἐπιστήμης
2848 1995 3119 2060 ὡσαύτως,
3174 1996 3265 2044 καὶ
3315 1993 3394 2043 ὅτι
3447 1988 3633 2043 ἐκεῖθεν
3677 1990 3767 2059 ἔχει
3796 1992 3859 2044 τὴν

2338 2084 2537 2137 ἕνωσιν.
2569 2087 2670 2136 Καὶ
2701 2090 2761 2157 τῇ
2831 2085 2920 2155 μεν
2976 2078 3061 2133 οὖν
3112 2088 3307 2154 φυσικῇ
3362 2082 3613 2150 κοινωνίᾳ,
3664 2079 3720 2138 ὡς
3766 2079 3859 2147 εἰρη-

2918 2169 2997 2223 ἰιιὶ
3066 2175 3154 2221 καὶ
3228 2165 3470 2223 παιδεία.
3532 2171 3743 2220 Κοινωνιῖ
3789 2166 3857 2235 γάρ

3173 2280 3184 2293 ·
3229 2262 3311 2320 τίς
3366 2254 3424 2311 δε
3476 2258 3500 2315 ἡ
3571 2252 3859 2329 μεσολαϐοῦσι

2336 2192 2443 2240 ται,
2504 2171 2820 2245 πεπλεγμένη

2336 2267 2425 2314 καὶ
2500 2261 2723 2322 κλέπτης
2803 2263 2867 2313 τά
2932 2259 3121 2318 κλέπτῃ

2335 2347 2599 2415 παιδείας
2644 2351 2797 2405 Ἀλλά
2847 2354 2938 2402 καὶ
2980 2355 3170 2403 τέκτων
3227 2353 3449 2413 τέκτονι,
3503 2353 3646 2398 τοῦτο
3696 2340 3744 2397 δὲ
3776 2344 3860 2416 aloi-

2339 2460 2488 2509 σεως,
2543 2443 2606 2501 ὡς
2661 2445 2750 2493 καὶ
2797 2443 2855 2492 τὸ
2911 2441 3035 2496 οἷνω.
3087 2442 3329 2512 Διαφέρει
3386 2433 3445 2490 δὲ
3494 2437 3570 2488 ὅτι
3613 2438 3664 2486 τὸ
3706 2435 3776 2505 μὲν
3810 2450 3859 2489 τις

2337 2534 2490 2603 φύσις
2534 2534 2623 2582 καί
2672 2549 2751 2592 τις
2817 2525 3035 2583 παιδεία
3092 2532 3301 2604 ἔκρασε,
3350 2529 3408 2579 τὸ
3459 2521 3515 2578 δὲ
3565 2523 3669 2576 οὗτε
3698 2525 3857 2594 φύσεως,

2336 2623 2451 2673 οὔτε
2543 2616 2802 2680 παιδείας.
2897 2615 3031 2674 οὐδὲ
3092 2620 3193 2691 γάρ
3244 2621 3346 2690 μία
3408 2618 3573 2689 φύσις,
3634 2607 3861 2672 insidiis

2310 2797 2623 2855 muniones
2653 2801 2711 2854 et
2737 2796 3144 2854 distinctiones
3168 2795 3230 2851 in
3268 2793 3518 2852 artibus.
3565 2791 3689 2849 Dico
3735 2792 3873 2846 autem

2307 2892 2757 2960 comperturum
2826 2886 2995 2942 illum
3054 2900 3267 2942 omnes
3320 2890 3475 2941 artes
3518 2876 3873 2939 communionis

2304 2977 2547 3034 vinculo
2585 2976 2856 3033 connecti
2897 2980 2952 3031 et
3007 2975 3085 3032 ad
3135 2974 3451 3030 scientiam
3498 2970 3749 3035 revocari,
3794 2967 3874 3020 sive

2304 3066 2454 3122 inter
2483 3065 2647 3139 ipsas
2684 3065 2756 3122 sit
2796 3064 3074 3138 proxima
3099 3069 3155 3120 et
3202 3062 3543 3118 necessaria
3592 3054 3873 3117 communio,

2305 3156 2430 3212 sive
2456 3172 2576 3211 non
2614 3155 2706 3225 sit,
2740 3160 2803 3210 ut
2831 3155 2891 3209 in
2922 3152 3338 3225 superioribus
3368 3151 3634 3207 diximus.
3665 3149 3785 3202 Nam
3810 3160 3875 3198 su-

2236 3250 2274 3304 C
2303 3261 2515 3318 prema
2542 3246 2641 3301 illa
2653 3244 2897 3300 scientia
2917 3259 3051 3300 com
3060 3242 3338 3315 plectitur
3353 3257 3591 3299 omnem
3606 3234 3873 3294 eruditionis

2301 3334 2525 3402 ideam,
2550 3340 2615 3391 ut
2634 3334 2816 3391 etiam
2831 3340 3045 3390 natura
3066 3332 3486 3404 complectitur
3507 3324 3873 3401 temperationes

2302 3441 2375 3482 ex
2404 3424 2618 3482 eadem
2654 3424 2898 3479 ratione.
2950 3424 3170 3479 Omnes
3217 3421 3405 3488 enim,
3458 3426 3518 3476 ut
3562 3418 3759 3474 dictum
3801 3420 3872 3466 est.

2299 3517 2452 3573 inter
2469 3531 2531 3570 se
2547 3512 2974 3570 communione
2996 3512 3129 3583 conj
3142 3518 3451 3583 unguntur
3466 3514 3564 3565 aut
3577 3507 3871 3574 distinguun-

2302 3604 2560 3660 turinter
2580 3619 2644 3658 se
2673 3618 2686 3667 ;
2715 3602 2816 3658 sed
2844 3602 2923 3658 ad
2940 3605 3219 3657 naturam
3242 3600 3635 3656 communiter
3654 3594 3872 3650 universa:

2300 3692 2758 3763 temperationes
2782 3694 3160 3757 revocantur,
3193 3706 3331 3761 quae
3386 3705 3448 3745 es
3487 3688 3731 3759 ipsarum
3768 3680 3869 3734 inter

2300 3797 2363 3836 se
2393 3781 2761 3836 communio.
2796 3779 2917 3835 Hoc
2946 3778 3123 3835 etiam
3156 3778 3216 3832 in
3257 3778 3513 3844 civitate,
3540 3771 3757 3839 mundo,
3784 3766 3872 3821 vico

2300 3868 2525 3926 familia
2546 3870 2606 3924 in
2631 3868 2941 3924 individuo
2986 3866 3258 3938 quolibet
3296 3863 3746 3921 animadvertere
3783 3868 3871 3927 pos-

2300 3974 2526 4014 sumus.
2560 3956 2793 4028 Triplex
2813 3956 2971 4012 enim
2991 3954 3338 4009 communio
3362 3954 3424 4009 in
3447 3950 3676 4009 animali
3693 3941 3870 4003 rationis

2298 4046 2584 4119 participe
2615 4046 2891 4110 cernitur,
2916 4047 3020 4100 aut
3047 4044 3209 4098 enim
3237 4039 3670 4115 temperationis
3697 4039 3777 4092 aut
3797 4045 3870 4086 ua-

2290 4139 2445 4193 turae
2476 4140 2579 4191 aut
2602 4133 2968 4191 eruditionis.
3003 4137 3082 4189 Ac
3113 4132 3174 4187 in
3211 4131 3474 4187 naturali
3519 4126 3736 4202 quidem
3756 4134 3869 4179 com-

2297 4225 2582 4282 munione
2598 4224 2848 4280 eruditio
2864 4238 3108 4296 quoque
3123 4223 3295 4289 inest,
3315 4221 3422 4277 sed
3448 4222 3509 4276 in
3528 4211 3868 4289 temperatione

2296 4329 2423 4371 non
2433 4313 2830 4385 semperinest
2841 4311 3113 4382 eruditio,
3133 4310 3246 4366 nisi
3259 4309 3407 4366 forte
3419 4325 3489 4366 ex
3502 4308 3607 4365 illis
3618 4300 3869 4385 rationibus

2297 4419 2452 4477 quas
2477 4384 2802 4474 attulimus,
2825 4417 3044 4473 nempe
3073 4399 3240 4473 quod
3267 4398 3467 4455 omnis
3504 4390 3727 4457 entitas,’
3746 4393 3794 4443 ut
3819 4384 3869 4477 ita

2298 4474 2517 4565 dicam,
2543 4493 2886 4558 sitnaturas,
2912 4491 3033 4546 sive
3059 4489 3222 4545 bona
3252 4488 3345 4554 sit,
3376 4488 3496 4544 sive
3526 4499 3638 4541 non
3666 4474 3868 4565 bonatel

2224 4616 2265 4670 ο
2298 4581 2466 4655 quod
2476 4563 2673 4638 omnis
2688 4596 2783 4637 ars
2797 4580 2876 4637 ad
2889 4578 3199 4634 scientiam
3214 4575 3502 4633 referatur
3513 4573 3705 4631 eodem
3718 4563 3864 4670 modii.

2299 4651 2356 4728 et
2374 4671 2539 4743 quod
2566 4686 2638 4727 ex
2667 4670 2777 4725 illis
2798 4667 3286 4753 communionem
3310 4667 3462 4721 inter
3483 4679 3543 4719 se
3563 4651 3863 4718 constituant-

2298 4760 2562 4818 Naturali
2588 4774 2729 4829 ergo
2751 4757 3163 4815 communioni
3179 4749 3415 4827 semper
3444 4765 3668 4810 annexa
3688 4749 3761 4802 est
3779 4752 3864 4796 eru-

2297 4850 2462 4921 ditio,
2498 4849 2582 4905 uti
2598 4849 2823 4905 dictum
2852 4851 2942 4904 est
2973 4865 2986 4902 :
3017 4845 3124 4901 sed
3145 4843 3632 4917 temperationum
3667 4839 3864 4921 comunt

2296 4916 2595 4996 nioninon
2607 4952 2842 5009 semper
2854 4951 3091 4993 annexa
3104 4939 3191 4991 est
3202 4932 3453 4991 eruditio
3467 4975 3479 4988 .
3494 4933 3632 4987 Nam
3645 4916 3862 4981 furesdlw

2294 5028 2448 5085 inter
2477 5044 2542 5085 se
2571 5025 2996 5084 communione
3026 5025 3461 5087 consociantur,
3506 5026 3752 5091 quaenam
3768 5015 3861 5101 vi“:

2296 5117 2656 5191 potestinter
2666 5117 2828 5189 ipsos
2842 5113 3188 5171 eruditionis
3200 5110 3555 5170 intercedere
3566 5120 3684 5163 com
3692 5087 3861 5194 mulli?7

2297 5211 2604 5273 Prmterea,
2645 5184 2814 5263 faber
2862 5221 3002 5261 cum
3064 5202 3237 5260 fabro
3282 5197 3737 5259 communionem
3774 5184 3858 5273 initi

2296 5302 2476 5369 atque
2504 5270 2619 5353 hoc
2666 5300 2755 5352 est
2803 5292 3272 5366 temperationis,
3327 5279 3792 5369 quemadmodum
3824 5270 3860 5321 εἰ

2294 5367 2441 5442 illud
2462 5385 2759 5459 superius.
2789 5383 3075 5439 Differunt
3103 5386 3303 5437 autem
3324 5395 3394 5436 eo
3412 5375 3571 5451 quod
3589 5367 3858 5462 hocnallﬂ‘ﬁ

2295 5442 2579 5551 quaedam
2600 5481 2657 5533 et
2684 5473 2937 5531 eruditio
2982 5471 3267 5546 quaedam
3321 5442 3857 5551 tem-paraverinjuff‘}

2297 5534 2439 5629 vero
2475 5580 2673 5640 neque
2721 5564 2795 5626 sit
2839 5534 3090 5635 naturae,
3133 5575 3331 5635 neque
3360 5534 3702 5619 eruditionis.
3734 5534 3857 5602 Nam
