4066 6212
131 330 258 385 1353

1377 549 1447 597 Φυ
1456 546 1578 602 σική
1667 537 1700 594 δ
1704 545 1726 594 ι

153 635 366 684 κοινωνία
409 625 628 683 παιδεία
704 627 805 699 ἀεὶ,
884 633 984 684 εἴτε
1035 641 1272 707 μερικῶς,
1333 634 1398 694 ὡς
1443 639 1554 695 τοῖς
1604 632 1726 683 τίκ-

153 739 300 790 τοσιν,
349 715 526 778 ἐπειδὴ
601 724 692 772 καὶ
765 725 1087 798 μερικωτέρα
1162 721 1330 775 ἐκεῖσε
1419 723 1449 781 ἡ
1531 724 1725 794 φυσικὴ

159 813 347 882 σχέσις,
400 811 501 862 εἶτε
546 807 852 880 καθολικῶς,
900 809 964 871 ὡς
1017 809 1209 883 ἀγαθὸς
1264 813 1566 887 προαιρέσει
1623 828 1731 864 κοι-

155 905 284 952 νωνεί
308 902 452 951 παντὶ
494 896 695 971 ἀγαθῷο
748 903 903 951 τοῦτο
957 901 1055 975 γὰρ
1112 897 1372 962 παιδείας.
1443 899 1519 954 Ού
1581 898 1732 972 λέγο-

156 1006 238 1061 μεν
265 983 317 1040 δε
343 987 516 1059 ὅτιπερ
544 990 600 1049 ό⁸ς
650 985 746 1040 ούκ
800 983 912 1041 οἶδε
958 985 1202 1042 παιδείαν
1259 989 1318 1043 ού
1367 996 1598 1043 κοινωνεί
1653 985 1732 1053 οἷς

154 1083 360 1130 κοινωνεί
396 1074 706 1150 φιλοσόφως,
739 1075 846 1131 ἀλλ’
904 1081 985 1131 ὅτι
1043 1079 1070 1131 ό
1121 1078 1284 1140 καλῶς
1347 1080 1588 1154 πράττων
1645 1099 1731 1151 φι-

152 1164 354 1239 λοσοφεῖ.
405 1172 570 1220 Τοῦτο
653 1162 713 1219 δε
760 1171 817 1220 τὸ
888 1167 1056 1232 καλῶς
1121 1170 1364 1244 πράττειν
1427 1173 1514 1222 τόν
1575 1187 1734 1244 στρα-

151 1256 370 1328 τηγόν,ἦ
412 1260 498 1309 τόν
528 1257 788 1330 ἄρχοντα,
834 1258 864 1318 ἣ
893 1261 980 1311 τὸν
1031 1264 1296 1332 τεχνίτην,
1352 1259 1381 1318 ἦ
1435 1263 1522 1312 τόν
1589 1259 1732 1332 φίλον

151 1344 430 1418 φιλοσοφίας
467 1350 558 1398 καὶ
603 1350 791 1419 σοφίας
819 1344 953 1400 ἐστί’
1007 1355 1174 1404 ταῦτα
1225 1351 1326 1422 γὰρ
1395 1347 1734 1422 ἁπηχήματα

149 1435 246 1486 οἷον
291 1441 378 1497 τῆς
433 1441 644 1508 πρώτης
699 1433 858 1489 ἐστιν.
924 1432 1165 1510 Οὐδεμία
1213 1439 1315 1511 γὰρ
1371 1439 1622 1510 μάθησις,
1690 1437 1736 1490 εἰ

148 1527 215 1596 μὴ
266 1521 316 1576 ἐκ
362 1527 811 1598 προϋπαρχούσης
864 1531 1124 1598 γνώσεως,
1170 1523 1391 1599 ούδεμία
1429 1524 1488 1580 δι
1539 1535 1735 1600 γνῶσις

151 1610 305 1684 ἀγαθὴ
353 1615 472 1688 ἄτερ
514 1610 761 1677 παιδείας
826 1618 960 1675 τινός
1025 1620 1228 1690 μέρους·
1286 1620 1590 1689 πανταχόσε
1631 1618 1734 1690 γάρ

152 1700 258 1754 ἔστι
286 1706 370 1754 καὶ
413 1710 608 1774 γνῶσις
649 1707 738 1756 καὶ
784 1700 1020 1776 παιδεία,
1086 1707 1275 1777 ἔχουσι
1336 1703 1395 1760 δι
1436 1702 1738 1765 ἁλληλένδε-

154 549 298 595 κεῖται
344 542 486 613 παρὰ
563 548 661 592 τῶν
745 537 945 594 ἀδικεῖν
1007 539 1294 599 ἕθελοντων.

151 1809 232 1842 τον
258 1795 345 1849 τὴν
400 1791 471 1854 εἰς
525 1795 590 1845 τὰ
639 1794 926 1868 πράγματα
978 1793 1292 1866 κατάληψιν.
1353 1799 1455 1849 Καὶ
1499 1803 1600 1849 ποῦ
1807 1805 1848 1860 Β
1901 1797 2038 1850 κατά
2113 1799 2325 1868 κρᾶσιν,

153 1882 258 1932 ἔστι
305 1881 369 1932 τὰ
443 1888 532 1941 τῆς
619 1878 868 1943 παιδείας
946 1887 1179 1954 γνωστὰ,
1227 1890 1328 1936 ποῦ
1384 1880 1442 1938 δε
1499 1886 1745 1957 ἄγνωστα

153 1969 253 2021 οἷον
279 1968 356 2022 ὃτι
405 1975 723 2042 στρατηγίαν
778 1990 855 2032 τις
910 1968 1278 2046 παιδευόμενος
1341 1971 1603 2047 ἀναγκαῖα
1655 1981 1746 2030 καὶ

152 2053 458 2130 ἆνδεχόμενα
486 2063 575 2111 καὶ
603 2056 776 2130 ψευδῆ
819 2056 1126 2114 παιδεύεται
1181 2068 1483 2134 γινώσκιιν,
1542 2069 1632 2118 καὶ
1682 2069 1750 2120 τὰ

151 2149 237 2219 μεν
298 2146 431 2210 ὅπως
482 2146 742 2220 ἐκφεύγειν
783 2151 849 2200 τὰ
901 2146 960 2202 δι
1019 2169 1292 2221 γινωσκειν
1337 2157 1426 2205 καὶ
1477 2156 1724 2228 πράττειν

150 2234 280 2294 ἦότι
337 2239 497 2298 οὕτως
555 2233 638 2290 δεῖ
685 2237 972 2313 πολιορκεῖν
1009 2239 1039 2298 ἡ
1087 2249 1418 2316 κατοχνροῦν
1477 2246 1544 2296 τὰ
1597 2217 1750 2319 φρούῖ

146 2343 235 2397 ρια
269 2331 354 2378 καὶ
410 2328 543 2380 κατὰ
579 2331 698 2388 τοὺς
757 2327 942 2391 ἄλλους
996 2328 1204 2401 λόγους,
1251 2338 1416 2384 Τοῦτο
1473 2329 1532 2385 δὲ
1590 2352 1752 2410 μερος

149 2411 258 2467 ἐστὶ
304 2415 624 2489 φιλοσοφίας.
683 2416 741 2470 Ἡ
793 2421 895 2492 γὰρ
951 2421 1103 2491 φύσις
1152 2424 1245 2480 τὴν
1316 2405 1612 2496 ἐπιστήμην
1656 2405 1752 2477 ’δι’

150 2503 265 2557 ὅλον
284 2513 372 2558 τοῦ
407 2505 615 2579 λογικοῦ
643 2507 778 2569 ζὼου
808 2503 1094 2584 διέσπειρε,
1137 2517 1209 2570 πῆ
1272 2514 1363 2585 μεν
1409 2518 1752 2586 τεχνωσασα,

130 2705 284 2765 enim
311 2711 520 2767 natura
539 2716 640 2767 aut
664 2710 918 2768 eruditio
937 2711 1163 2786 aliquid
1195 2712 1274 2771 ad
1289 2714 1592 2774 interitum
1604 2731 1770 2775 com-

128 2802 317 2868 parat,
347 2798 465 2854 nisi
501 2799 649 2858 forte
687 2806 902 2874 praeter
937 2802 1230 2860 rationem
1260 2803 1479 2874 injuria
1517 2805 1774 2864 afﬁcitur

124 2886 343 2944 abillis
377 2889 478 2961 qui
505 2889 782 2962 injuriam
809 2890 1025 2947 inferre
1085 2891 1314 2949 volunt.
1349 2898 1419 2950 At
1433 2894 1495 2950 in
1516 2895 1775 2953 naturali

124 2978 546 3036 communione
577 2995 814 3052 semper
859 2981 1014 3037 inest
1037 2981 1309 3054 eruditio,
1342 2983 1464 3040 sive
1486 2984 1548 3040 in
1582 2990 1771 3058 parte,

123 3075 190 3124 ut
215 3084 351 3124 cum
407 3068 556 3126 fabri
615 3071 766 3128 inter
802 3085 864 3128 se
902 3072 1395 3130 communionem
1430 3075 1778 3132 constiuunt

989 326 1363 387 THEODORI
1388 317 1442 386 Π
1473 317 1612 386 1MP.
1645 323 1735 383 DE
1764 325 2220 388 COMMUNIONE
2259 324 2632 390 NATURALI.

153 456 264 526 πρός
314 451 502 526 φθορὰν
592 452 928 523 συσκευάζει,
1009 453 1054 506 εἰ
1117 458 1190 527 μὴ
1239 453 1550 530 παραλόγως
1602 435 1724 505 ὄιδι⁴
1783 454 1831 507 Α

3390 321 3533 385 1384

1885 460 1956 512 πῆ
1997 450 2056 507 δε
2082 451 2256 510 δοῦσα
2303 453 2548 530 δυνάμει,
2577 462 2647 514 πῆ
2707 448 2767 505 δε
2817 454 2906 503 καὶ
2967 447 3242 522 ἐντελεχῶς
3297 449 3356 502 ού
3413 455 3515 503 πᾶ.

1891 562 2006 613 σαν,
2037 542 2166 598 ἀλλὰ
2201 550 2375 620 μέρος,
2408 545 2540 604 πλὴν
2585 542 2636 606 ἐξ
2688 541 2811 603 ὅλης
2859 539 2950 593 καί
2993 547 3166 596 τοῦτο.
3219 544 3324 592 Κᾶν
3371 545 3505 610 γοῦν

1887 637 1978 685 καὶ
2007 634 2034 686 ὁ
2067 639 2364 710 στρατηγός
2405 633 2499 688 ούκ
2554 629 2667 686 οἶδε
2693 636 2786 690 τὴν
2839 632 3155 702 ἐπιστήμην,
3214 627 3319 681 ἀλλ’
3364 631 3505 702 εἰπερ

1889 725 2027 776 κατὰ
2066 727 2184 786 τούς
2265 721 2470 785 ἀληθεῖς
2550 723 2766 798 πράττει
2811 722 3026 790 τύπους,
3097 717 3366 791 φιλοσοφεῖ
3413 717 3508 768 κᾶν

1893 809 2334 884 ἀγνώστωςοὲστι
2389 808 2448 866 δε
2500 818 2654 864 τοῦτο
2723 810 3023 882 Θῦμοσόφου
3077 803 3292 881 ἀνδρὸς,
3354 804 3512 860 αύτό-

1893 911 2035 975 φυῶς
2088 906 2148 956 τό
2197 901 2352 956 καλὸν
2402 900 2630 973 κάγαθόν
2690 900 3054 972 γινώσκοντός,
3112 895 3247 954 πλὴν
3311 891 3371 948 δε
3416 898 3507 946 καὶ

1894 989 2203 1065 ἀκούσματα
2261 1011 2379 1044 τινα
2455 993 2702 1062 σχόντος,
2758 983 2963 1049 ἀδήλως
3011 986 3102 1058 μεν
3151 984 3218 1046 εἰς
3265 987 3350 1037 τὸν
3393 990 3512 1036 νοῦν

1895 1079 2204 1135 εἰσελθόντα.
2249 1082 2519 1153 Πεφύκασι
2565 1079 2668 1152 ’γάρ
2727 1095 2844 1130 τινα
2900 1073 3240 1146 εἰσέρχεο-θαι
3294 1069 3512 1144 φιλοσο,

1895 1174 2016 1244 φίας
2063 1170 2134 1232 εἰς
2181 1173 2267 1223 τὸν
2313 1177 2430 1222 νοῦν
2480 1167 2654 1240 λόγια,
2709 1165 2960 1237 λεγόμενα
3011 1165 3102 1236 μεν
3159 1164 3224 1222 ὡς
3275 1163 3509 1243 τύχοιεν,

1896 1255 2159 1332 δεχόμενα
2218 1256 2277 1313 δε
2331 1257 2426 1310 κᾶν
2476 1254 2726 1326 ἀτέχνως,
2781 1251 2910 1305 and
2957 1253 3157 1324 φύσεως
3217 1249 3514 1325 ιίλικρινείᾳ

1896 1357 2144 1421 φυσικῶς.
2201 1350 2444 1410 Δεκτικὸς
2496 1347 2600 1419 γάρ
2636 1343 2662 1396 ό
2717 1350 2857 1410 νοῦς,
2917 1340 3012 1393 κᾶν
3070 1339 3129 1392 ού
3178 1343 3312 1412 πρός
3359 1337 3515 1390 αύτόν

1896 1437 2089 1510 ἔχοντά
2117 1457 2196 1500 τις
2220 1442 2404 1491 τοῦτόν
2446 1455 2492 1488 τι
2558 1434 2708 1507 λέγῃ.
2769 1437 2875 1490 Τὴν
2939 1433 3164 1502 φυσικὴν
3221 1436 3347 1501 γοῦν
3383 1447 3516 1487 κοι-

1895 1531 2080 1580 νωνίαν
2119 1532 2208 1580 καὶ
2286 1520 2505 1578 παιδεία
2583 1523 2643 1575 ού
2696 1520 2932 1574 λέλοιπεν
2998 1523 3090 1577 τὴν
3141 1519 3276 1577 κατά
3329 1522 3517 1590 κρᾶσιν

1901 1613 1980 1688 δὲ,
2037 1617 2120 1669 ὀτί
2164 1618 2256 1689 μεν
2311 1615 2395 1667 ότί
2451 1609 2500 1667 δ’
2561 1610 2644 1670 οῦ.
2688 1606 2932 1664 Κοινωνεῖ
2980 1610 3070 1680 μεν
3096 1606 3316 1666 οὗνπᾶς
3362 1603 3520 1662 παντὶ

1903 1713 2137 1778 φυσικῶς
2195 1723 2250 1758 τε
2322 1707 2412 1757 καὶ
2466 1703 2602 1756 κατά
2665 1704 2873 1776 κρᾶσιν.
2925 1695 3089 1754 ,Ἔστι
3139 1691 3198 1748 δὲ
3247 1697 3337 1746 καὶ
3365 1692 3520 1752 ,ὃπου

2409 1795 2499 1846 καί
2563 1810 2616 1844 τι
2681 1788 2995 1860 καταφύσιν,
3061 1783 3153 1840 καὶ
3209 1781 3338 1840 ὃπου
3389 1785 3524 1842 κατά

1907 1889 2061 1959 φύσιν
2095 1888 2185 1937 καί
2237 1902 2291 1936 τι
2336 1883 2471 1936 κατά
2514 1885 2723 1955 κρᾶσιν.
2801 1877 3114 1950 [εὑρίσκεται
3140 1929 3144 1932 ,
3171 1869 3229 1928 δι
3286 1879 3371 1924 ϋτι
3431 1877 3522 1932 τοῦ

1907 1973 2098 2049 μᾶλλον
2151 1975 2507 2046 φυσικωτίραν
2586 1971 2796 2041 ἔχοντος
2856 1970 2948 2024 τὴν
3021 1966 3292 2016 κοινωνίαν
3339 1964 3428 2013 καὶ
3469 1960 3518 2020 κἡ

1911 2048 2098 2117 ἔνοῦσα
2148 2069 2338 2136 κρᾶσις
2403 2059 2543 2130 αύτῷ
2610 2055 2835 2127 ε’λλογος,
2892 2060 2985 2122 τοῦ
3034 2048 3093 2106 δι
3153 2052 3288 2104 κατά
3329 2053 3524 2132 aptich

1912 2154 2102 2228 μᾶλλον
2130 2135 2221 2204 καὶ
2253 2147 2455 2224 ἣξοῦσα
2492 2147 2656 2200 ἐκείσὲ
2685 2166 2765 2208 τις
2823 2146 3018 2217 φυσικὴ
3080 2137 3304 2213 δύναμις
3343 2135 3524 2191 διαλε-

1911 2242 2106 2316 λυμένη
2165 2240 2279 2294 ἐστὶ
2343 2243 2435 2293 καὶ
2503 2234 2839 2312 ἀλλορῤεπὴς·
2884 2237 2974 2285 καὶ
3037 2230 3190 2284 τοῦτο
3240 2233 3520 2302 γνώριμον.

1916 2332 2105 2387 Ταῦτα
2197 2327 2257 2384 δε
2354 2324 2562 2381 δέονται
2658 2324 2833 2398 ἑτέρας
2945 2317 3308 2392 διασφησεως,
3391 2317 3526 2378 ᾥοτε

1918 2419 2089 2485 δεῖξαι
2134 2418 2236 2473 κάκ
2284 2420 2496 2483 ταύτης,
2563 2423 2668 2476 πῶς
2716 2416 2830 2468 ἔστι
2884 2414 2966 2466 τὸ,
2999 2416 3250 2484 κρεῖττον·
3306 2409 3420 2460 ἔστι
3468 2401 3528 2460 δι

1917 2514 2074 2569 αῦτη.

1879 2718 1991 2776 tim
2019 2715 2202 2773 etiam
2219 2711 2281 2770 vi
2302 2714 2359 2768 et
2385 2710 2682 2785 potestate
2729 2704 2985 2774 dederit,
3048 2703 3101 2759 si
3129 2715 3254 2759 non
3274 2697 3552 2758 absolute

1881 2807 2252 2869 universum,
2276 2805 2341 2860 at
2370 2804 2526 2858 certe
2560 2801 2794 2872 partem
2806 2795 3096 2867 aliquam,
3137 2807 3274 2866 quae
3303 2789 3556 2864 quidem

1881 2913 2026 2972 pars
2051 2895 2126 2952 de
2149 2898 2272 2950 tota
2300 2891 2502 2949 excisa
2527 2893 2633 2946 est.
2698 2883 2985 2954 Quamvis
3037 2883 3217 2952 igitur
3241 2881 3367 2938 dux
3385 2873 3552 2977 exer-

1885 2987 2037 3044 citus
2069 2981 2383 3040 scientiam
2431 2979 2685 3051 ignoret,
2730 2978 3149 3032 verumtamen
3181 2985 3256 3026 ex
3285 2983 3439 3024 veris
3462 2981 3551 3021 1n-

1884 3070 2347 3133 formationibus
2400 3083 2588 3138 agens
2639 3061 3119 3138 philosophatur,
3174 3054 3430 3132 etiamsi,
3486 3057 3553 3110 ut

119 3157 638 3230 (quandoquidem
651 3159 1078 3216 haecnaturalis
1093 3160 1322 3228 relatio,
1347 3129 1487 3234 quae
1511 3129 1778 3224 estinter
1811 3149 1851 3204 Ο
1884 3129 2314 3234 nescius.
2351 3129 2474 3214 Estv
2499 3129 2702 3212 autem
2731 3152 2848 3209 hoc
2880 3129 3012 3212 —viri
3057 3129 3406 3221 philosophi
3443 3141 3548 3234 (illi

114 3246 345 3316 fabros,
375 3253 464 3305 est
491 3247 819 3322 aliquando
841 3251 1072 3321 magis;
1100 3251 1496 3323 particularis)
1528 3253 1651 3309 sive
1681 3268 1777 3325 ge-

109 3337 412 3405 neraliter,
441 3343 506 3394 ut
528 3354 668 3394 cum
707 3338 924 3411 aliquis
953 3338 1030 3395 de
1083 3340 1352 3397 instituto
1378 3340 1579 3398 bonus
1610 3357 1776 3398 com-

107 3427 469 3484 munionem
483 3428 786 3484 constituit
801 3445 936 3484 cum
949 3430 1116 3485 omni
1127 3430 1290 3486 bono
1302 3431 1616 3504 proboque
1629 3432 1774 3488 viro.

105 3519 236 3572 Hoc
266 3517 428 3574 enim
447 3522 537 3574 est
551 3516 924 3574 eruditionis.
946 3520 1126 3574 Porro
1145 3532 1266 3574 non
1287 3535 1584 3592 negamus
1607 3519 1777 3578 illum

102 3607 220 3678 qui
247 3622 372 3663 non
389 3611 478 3662 est
494 3606 780 3675 eruditus,
798 3607 1156 3680 participare
1173 3609 1566 3666 eruditionem
1588 3625 1777 3683 quam

103 3694 440 3768 participat
475 3711 547 3752 ex
576 3695 982 3768 philosophia.
1025 3701 1151 3754 lmo
1172 3698 1369 3754 virum
1406 3697 1574 3755 illum
1604 3699 1778 3771 cujus

105 3785 388 3843 actiones
424 3785 692 3842 honestae
720 3790 777 3841 et
826 3784 1134 3857 praeclarae
1186 3791 1323 3843 sunt
1361 3787 1778 3860 philosophari

109 3876 455 3935 asserimus
489 3891 503 3943 ;
532 3891 677 3931 nam
702 3879 768 3932 ut
791 3875 1118 3947 imperator
1137 3881 1241 3932 aut
1265 3876 1389 3933 dux
1415 3881 1520 3934 aut
1545 3877 1778 3934 amicus

111 3965 334 4022 omnia
354 3981 429 4021 ex
448 3964 658 4020 virtute
678 3969 736 4020 et
754 3963 1063 4020 honestate
1084 3968 1243 4034 agat,
1267 3965 1528 4038 itemque
1543 3965 1775 4035 artifex,

106 4056 277 4111 istuc
307 4051 708 4126 philosophiae
736 4057 792 4110 et
815 4052 1120 4126 sapientiae
1141 4058 1233 4110 est
1263 4071 1276 4108 :
1303 4053 1432 4110 haec
1449 4055 1608 4110 enim
1639 4059 1781 4110 sunt

111 4142 308 4199 veluti
335 4142 549 4215 primae
579 4141 884 4214 sapientiae
917 4142 1202 4214 quaedam
1229 4142 1430 4199 relatze
1459 4143 1778 4214 imagines.

109 4231 299 4288 Nulla
320 4234 483 4287 enim
505 4230 790 4302 diciplina
837 4234 947 4299 est,
1003 4247 1142 4303 quae
1162 4247 1284 4288 non
1309 4248 1383 4289 ex
1407 4232 1782 4306 praecedente

104 4320 470 4392 cognitione
487 4319 755 4376 exsistat.
775 4320 977 4387 Porro,
992 4319 1158 4376 nulla
1177 4322 1438 4392 cognitio
1458 4322 1624 4378 bona
1642 4337 1781 4394 qua:

103 4411 192 4468 sit
213 4409 478 4481 alicujus
499 4407 848 4464 eruditionis
875 4424 1088 4481 expers
1122 4427 1137 4476 ;
1169 4425 1312 4466 nam
1342 4410 1520 4480 longe
1544 4411 1784 4483 lateque

1889 3268 2000 3309 sua
2015 3229 2238 3324 sponte
2267 3246 2432 3320 quod
2453 3245 2776 3302 honestum
2795 3239 3090 3297 etbonum
3111 3241 3199 3293 est
3216 3229 3548 3324 cognoscit.

1886 3345 2004 3400 Nec
2041 3319 2170 3396 tieri
2199 3319 2383 3411 posse
2408 3349 2704 3406 negamus
2735 3335 2800 3388 ut
2823 3327 3108 3403 quaedam
3139 3323 3444 3382 auditione
3467 3319 3551 3378 ita

1885 3427 2218 3506 perceperit
2245 3425 2459 3498 aliquis
2484 3428 2550 3480 ut
2599 3421 2699 3478 vix
2751 3419 2814 3476 in
2879 3417 3154 3474 animum
3191 3429 3372 3508 suum
3404 3412 3548 3508 irrco

1886 3499 2086 3593 psisse
2105 3517 2204 3574 illa
2226 3511 2614 3588 persenserit;
2636 3511 2895 3584 possunt
2919 3507 3079 3563 enim
3100 3499 3386 3593 quaedam
3417 3499 3546 3574 phi-

1885 3591 2203 3680 losophica
2255 3605 2558 3676 praecepta
2620 3599 2682 3656 in
2769 3601 3033 3654 mentem
3097 3591 3364 3656 inﬂuere,
3405 3604 3544 3680 quae

1888 3677 2110 3754 temere
2129 3692 2374 3768 quidem
2405 3689 2704 3762 abaliquo
2733 3685 3122 3766 pronuntiata
3152 3685 3310 3748 sunt,
3346 3677 3452 3735 sed
3465 3677 3546 3735 ab

1888 3767 2171 3845 audiente
2205 3781 2442 3842 etiamsi
2463 3794 2588 3836 non
2617 3778 2692 3834 de
2722 3774 3020 3834 industria
3033 3777 3094 3830 at
3113 3775 3340 3829 naturae
3370 3767 3545 3832 boni-

1887 3881 2006 3933 tate
2035 3876 2313 3944 suscepta
2335 3873 2504 3936 sunt;
2532 3882 2676 3924 nam
2706 3880 2778 3920 ex
2807 3867 3029 3932 natura
3057 3875 3230 3918 mens
3253 3853 3546 3931 quidlibet

1889 3962 2190 4035 suscipere
2228 3963 2443 4033 potest,
2466 3954 2744 4029 quamvis
2772 3968 2907 4025 qua:
2941 3948 3407 4022 pronuntiantur
3431 3961 3539 4035 au-

1888 4033 2104 4110 dientis
2116 4055 2174 4107 et
2186 4048 2340 4105 susci
2347 4045 2562 4122 pientis
2574 4059 2752 4106 causa
2765 4056 2887 4097 non
2899 4039 3194 4096 dicantur.
3211 4033 3541 4092 Naturalem

1890 4158 2034 4215 ergo
2073 4136 2564 4196 communionem
2599 4129 2851 4189 eruditio
2891 4143 3014 4194 non
3053 4125 3333 4208 deseruit.
3373 4127 3545 4206 Com-

1891 4213 2245 4290 munionem
2265 4241 2406 4282 vero
2459 4223 2644 4290 illam,
2693 4236 2828 4294 quae
2880 4221 2966 4274 est
2995 4232 3065 4273 ex
3112 4213 3545 4298 temperatione

1891 4319 2194 4378 interdum
2250 4314 2518 4389 quidem,
2567 4309 2868 4367 interdum
2906 4321 3043 4362 vero
3081 4320 3206 4368 non
3235 4301 3495 4372 deseruit
3529 4319 3543 4369 ;

1893 4425 2040 4466 nam
2100 4419 2312 4462 omnes
2368 4398 2821 4457 communicant
2874 4395 3028 4452 inter
3077 4409 3140 4448 se
3196 4407 3270 4464 ei;
3330 4396 3549 4447 natura

99 4516 230 4574 per
278 4477 490 4556 omnia
541 4498 800 4568 cognitio
840 4503 897 4554 et
946 4477 1199 4566 eruditio
1246 4477 1788 4556 diffunduntur.-Et
1820 4505 1864 4561 D
1896 4503 1954 4556 et
1977 4494 2427 4568 temperatione.
2475 4490 2656 4546 Porro
2685 4502 2797 4544 usu
2845 4483 3027 4570 venit
3049 4482 3373 4574 interdum,
3401 4477 3547 4574 utin

99 4604 420 4647 connexa
445 4591 586 4644 sunt
614 4587 766 4643 inter
786 4603 850 4644 se
894 4602 1097 4643 rerum
1119 4588 1584 4660 cognitionestac
1621 4603 1784 4646 com-

93 4677 674 4753 prehensiones.Ac
690 4676 752 4731 in
768 4675 1138 4748 quidusdam
1161 4676 1341 4732 rebus
1365 4679 1646 4747 cognosci
1675 4693 1785 4750 po-

97 4772 264 4826 sunt
285 4766 462 4824 facile
477 4765 722 4838 illaquse
741 4771 880 4821 sunt
892 4765 1261 4836 eruditionis,
1275 4772 1484 4823 contra
1503 4782 1786 4823 nonnun-

93 4874 320 4933 quam
342 4856 628 4928 cognosci
647 4859 982 4928 nequeunt:
999 4861 1064 4911 ut
1079 4855 1128 4912 si
1143 4855 1279 4927 quis
1295 4856 1562 4914 eruditur
1579 4856 1641 4912 in
1659 4861 1785 4913 arte

93 4947 394 5006 ducendi
406 4947 727 5004 exercitum
738 4985 752 5010 ,
765 4945 849 5002 ita
858 4944 1125 5001 eruditur
1136 4951 1200 5001 ut
1214 4945 1410 5003 discat
1418 4945 1785 5016 necessaria,

1895 4565 2120 4662 quibus
2166 4579 2517 4655 temperatio
2565 4565 2899 4649 superiores
2921 4577 3119 4647 partes
3141 4575 3197 4627 et
3215 4567 3548 4662 obtine-hin

1896 4657 2010 4736 illis
2047 4676 2218 4732 locus
2251 4671 2464 4744 aliquis
2499 4672 2729 4724 natura:
2759 4665 3129 4736 relinquatur
3157 4665 3214 4716 et
3238 4659 3297 4738 in
3324 4657 3548 4730 quibus

1897 4766 2234 4839 superiores
2281 4766 2480 4833 partes
2513 4756 2739 4813 obtinet
2767 4759 3003 4816 natura,
3044 4750 3105 4804 in
3153 4746 3265 4839 illis
3303 4758 3548 4816 quoque

1897 4836 2315 4926 temperationi
2343 4848 2512 4904 locus
2543 4843 2755 4915 aliquis
2785 4836 3404 4926 relinquatur.Verum
3426 4846 3548 4903 quo

1898 4925 2039 5016 quis
2051 4940 2246 5010 magis
2265 4933 2600 4992 naturalem
2618 4925 3322 5016 habetcommunionem,
3337 4935 3408 4977 eo
3426 4935 3550 5016 ine-

1896 5009 2013 5087 lins
2039 5009 2421 5085 constitutam
2444 5027 2503 5080 et
2534 5017 2937 5092 compositam
2965 5012 3149 5070 habet
3175 5009 3552 5082 temperatio-

1897 5119 2428 5186 nem.Coutra.quo
2441 5107 2628 5179 magis
2661 5122 2733 5163 ex
2772 5101 3188 5180 temperatione
3217 5097 3553 5166 communio

1900 5211 2139 5267 constat
2165 5220 2235 5262 eo
2258 5200 2452 5272 magis
2474 5198 2564 5256 vis
2599 5193 2888 5254 naturalis
2913 5197 3093 5264 atque
3131 5187 3404 5260 facultas,
3432 5203 3557 5262 qua

1902 5298 2180 5375 praeditta
2217 5298 2326 5358 est,
2351 5287 2650 5350 imbecilla
2686 5290 2743 5342 et
2767 5283 2846 5342 ad
2879 5279 3067 5348 aliud,
3093 5283 3555 5375 quam‘parest,

1906 5367 2186 5464 proclivis
2215 5388 2322 5453 est,
2355 5379 2520 5454 quod
2549 5378 2732 5452 etiam
2769 5379 2984 5431 notum
3013 5375 3123 5464 est.
3158 5371 3273 5429 Sed
3290 5367 3420 5464 haec
3440 5367 3560 5423 alia

1904 5457 2307 5538 declamatione
2333 5487 2488 5544 opus
2502 5467 2726 5526 habent
2747 5469 2814 5521 ut
2830 5461 3222 5520 Ostendamus
3235 5457 3415 5514 etiam
3435 5471 3472 5528 q
3482 5470 3559 5544 uo

94 5043 164 5095 et
185 5036 303 5094 illa
335 5051 475 5108 quas
496 5050 612 5092 usu
640 5032 842 5090 venire
863 5037 1134 5106 possunt,
1166 5033 1440 5107 adeoque
1474 5051 1610 5108 quin
1631 5033 1787 5092 falsa

92 5130 264 5184 sunt
282 5125 354 5182 in
373 5124 489 5181 hac
507 5122 842 5196 disciplina,
861 5123 990 5180 hinc
1009 5123 1257 5195 quidem
1275 5127 1338 5179 ut
1355 5125 1514 5190 vitet,
1534 5123 1634 5180 illa
1644 5138 1787 5180 vero

90 5222 176 5274 ut
202 5217 553 5286 cognoscat
593 5217 648 5268 et
689 5215 1050 5285 exsequatur
1077 5230 1094 5284 ;
1136 5212 1384 5285 utquod
1419 5211 1791 5284 oporteatita

87 5305 417 5365 obsidere
429 5303 629 5372 urbes,
654 5308 759 5359 aut
776 5302 1234 5375 propugnacula
1250 5302 1484 5359 munire
1505 5307 1562 5358 et
1576 5307 1794 5360 caetera

92 5413 186 5454 ex
218 5394 454 5452 iisdem
481 5391 840 5452 rationibus.
872 5395 992 5449 Hoc
1029 5397 1230 5450 autem
1250 5393 1330 5449 ad
1346 5391 1793 5464 philosophiam

92 5492 176 5545 ut
193 5501 360 5560 pars
425 5483 694 5542 refertur.
753 5484 905 5540 Nam
953 5486 1170 5540 natura
1231 5482 1543 5540 scientiam
1567 5482 1632 5538 in
1670 5487 1794 5540 toto
1904 5482 2307 5538 declaratione
2333 5487 2488 5544 opus
2502 5482 2814 5560 habentur.
2830 5482 3415 5560 ostenuarnuseuam
3435 5482 3512 5560 qu

92 5540 390 5635 animali
414 5540 660 5632 rationis
691 5571 978 5645 participe
998 5572 1432 5643 disseminavit,
1463 5571 1545 5629 ita
1570 5576 1634 5628 ut
1661 5586 1797 5644 par-
1908 5571 2085 5643 pacto
2154 5581 2230 5623 ex
2254 5540 2395 5636 :hac
2441 5553 2867 5626 communione
2905 5551 3299 5645 constituatur
3333 5540 3563 5616 aliquid

95 5667 230 5727 tim
295 5663 620 5724 scientiam
691 5640 773 5719 in
842 5640 1088 5720 ιιόωίηε
1146 5640 1438 5726 fabricata
1487 5659 1580 5730 sit,
1651 5640 1797 5736 par-
1908 5640 2310 5733 prostantius.
2351 5645 2682 5720 Declaratio
2718 5648 2924 5716 autem
2957 5640 3092 5698 haec
3129 5641 3239 5696 est.

557 5764 806 5822 PATROL.
847 5763 952 5822 Gn.
983 5760 1135 5826 CXL.

3029 5739 3128 5795 43.
