4066 6212
592 254 731 322 lsss

2129 260 2483 330 ADDENDA.

3778 287 3874 342 iss
3968 320 3969 367 ι

682 388 726 450 ζ’
782 389 1117 463 Ἀλέξανδρος
1164 397 1255 465 μεν
1328 395 1675 469 Ἀριστοτελει
1728 411 1977 468 κοινωνεῖ,
2032 403 2212 473 Ἐρμο-
2270 400 2317 451 Α
2376 405 2465 451 καὶ
2494 402 2628 450 κατὰ
2658 404 2832 471 φύσιν,
2876 396 3054 457 ἐπειδὴ
3110 401 3192 450 ότι
3251 406 3337 451 καὶ
3388 403 3433 453 οἱ
3475 406 3633 465 πάντες
3681 406 3859 471 παιδείας

606 481 740 548 γένει
806 475 866 531 δὲ
937 482 1172 554 Μάρκος·
1251 480 1531 558 ἀμφότεροι
1602 496 1727 559 γοῦν
1806 490 2044 563 βασιλεῖς
2121 494 2210 541 καὶ

610 571 782 638 σοφοὶ,
830 572 919 618 καὶ
978 570 1027 619 οὶ
1107 569 1263 639 φίλοι,
1316 570 1561 635 παιδείας
1620 585 1825 648 μεστοὶ,
1901 577 2210 652 διαφέρουσι

607 651 667 707 δέ
693 674 770 726 γε·
804 652 1003 717 Μηδεὶς
1052 654 1110 711 δε
1140 656 1384 719 ἀπατηθῆ
1453 668 1525 735 μὴ
1572 664 1815 729 παιδείας
1852 669 2030 741 φίλους
2056 651 2208 719 εἶναι

603 746 723 805 τοὺς
746 741 1004 815 βασιλεῖς,
1036 746 1132 797 κᾶν
1194 749 1221 799 ὃ
1269 752 1360 820 μὲν
1415 759 1511 813 τῆς
1577 752 1889 829 ἀκροτάτης,
1938 759 1963 808 ὁ
2012 753 2072 809 δὲ
2118 764 2209 816 τῆς

600 830 731 884 πολύ
782 835 974 894 ταύτης
1021 832 1401 911 ὑποδεεστέρας
1426 856 1440 868 ·
1497 841 1601 894 εἰσὶ
1668 849 1769 919 γάρ
1835 848 1989 919 ἄμφω
2069 844 2209 917 φιλο-

600 918 744 992 λόγοι
796 928 887 975 καὶ
902 922 1207 995 φιλολόγιοι.
1260 932 1597 999 προσκείσθω
1657 918 1860 987 δεῖκαὶ
1908 938 1966 986 τὸ
2009 933 2203 1005 λόγιον·

603 1009 750 1081 εἶχον
799 1014 899 1085 γάρ
982 1017 1072 1065 καὶ
1130 1020 1285 1066 τοῦτο
1336 1020 1473 1069 κατά
1520 1019 1651 1071 πολὺ
1697 1025 1828 1081 αὕτη
1886 1024 1916 1081 ἡ
1967 1026 2209 1075 κόινωνία

603 1106 822 1171 φυσικὴ,
879 1103 996 1172 ἔχει
1026 1098 1086 1155 δε
1133 1107 1192 1155 τό
1240 1112 1471 1175 κρεῖττον
1498 1109 1529 1166 ἠ
1588 1113 1789 1172 ταύτης
1828 1109 2054 1185 διαφορά
2107 1111 2208 1173 κάξ

602 1191 887 1251 επιτάσεως
922 1196 1013 1243 καὶ
1059 1200 1153 1244 τοῦ
1208 1191 1461 1266 ἐτεροίου.⁸
1521 1198 1583 1251 Ὀ
1638 1204 1727 1273 μὲν
1778 1204 1879 1274 γάρ
1936 1201 2209 1273 φιλόσοφος

599 1282 690 1329 καὶ
711 1277 887 1353 ῥήτωρ
913 1282 1006 1332 καί
1021 1287 1124 1333 πᾶν
1147 1281 1288 1349 ἄλλο,
1322 1285 1348 1335 ό
1401 1281 1462 1337 δὲ
1506 1288 1683 1362 ῥήτωρ
1735 1294 1825 1341 καὶ
1888 1291 2205 1363 πολυῐστωρ.

600 1365 1022 1439 Ἐπιτασιςγοῦν
1071 1367 1120 1420 ἄν
1168 1378 1243 1442 τῷ
1300 1369 1395 1436 ἐνὶ,
1437 1373 1602 1429 πολλά
1652 1382 1783 1452 μέρη
1821 1380 1861 1429 ὢ
1909 1384 1997 1431 καὶ
2038 1381 2211 1431 πάντα

598 1455 799 1526 ἔχοντι,
827 1461 918 1507 καὶ
955 1464 1061 1509 οῖον
1101 1462 1196 1517 τὴν
1243 1459 1365 1517 ὅλην
1415 1467 1675 1523 ποιότητα
1704 1510 1719 1536 ,
1780 1465 2067 1540 ἑτεροιότης
2126 1465 2207 1533 δὲ,

599 1539 682 1628 ότι
709 1548 800 1597 καὶ
826 1547 893 1597 τά
910 1549 1040 1618 μέρη
1065 1544 1245 1599 ἀλλοῖοι
1274 1548 1398 1601 ὃντά
1444 1553 1556 1623 ἔχει
1598 1539 1924 1626 συναγαγὼν,
1977 1557 2211 1628 ὑπάρχει

600 1626 661 1684 δε
711 1636 803 1685 καὶ
869 1631 1211 1707 Ἀλεξάνδρου
1279 1637 1543 1711 ὑπηρεσία
1583 1646 1673 1694 καὶ
1731 1641 1979 1715 βασιλεία
1999 1626 2213 1718 ῥήτορες

595 1725 686 1773 καὶ
713 1722 934 1795 Μάρκού
963 1722 1253 1797 φιλόσοφοι.
1285 1727 1411 1801 Ἐρα
1463 1725 1523 1781 δε
1576 1732 1602 1781 ό
1790 1730 2204 1811 Ἀριστοτέλους,
2276 1744 2315 1798 Β

595 1809 624 1861 ὀ
654 1806 714 1863 δε
767 1811 1109 1884 Ἑρμογένους
1149 1812 1338 1885 ἀγαθοὶ
1401 1825 1527 1888 γοῦν
1574 1822 1785 1883 πάντες.
1843 1827 1999 1893 Ἔχει
2058 1819 2117 1875 δὲ

595 1899 847 1973 ἀναλογία
900 1904 972 1966 εἰς
1043 1905 1228 1967 αύτούς
1301 1907 1494 1968 πολλὴν
1572 1916 1667 1970 τὴν
1749 1912 1930 1984 ἰσχύν·
1982 1917 2053 1975 ὡς
2101 1916 2204 1987 γάρ

594 1989 871 2075 φιλοσοφία
921 1993 1198 2069 ῥητορικῇ,
1281 1995 1575 2069 Ἑρμογένει
1667 2000 2052 2075 Ἀριστοτέλης,
2141 2005 2207 2063 ὡς

595 2074 647 2131 δ’
700 2079 991 2153 Ἑρμογένει
1078 2083 1463 2157 Ἀριστοτέλης,
1564 2074 1901 2164 Ἀλέξανδρος
1983 2093 2201 2165 Μάρκῳ·

593 2169 665 2230 ὡς
717 2167 821 2243 ἄρα
878 2170 1157 2244 φιλοσοφία
1214 2173 1495 2248 ῥητορικῆ,
1569 2175 1910 2251 Ἀλέξανδρος
1977 2182 2201 2252 Μάρκῳ,

592 2255 747 2310 Ἐστι
919 2260 1009 2311 οὗν
1065 2262 1095 2319 ἠ
1156 2257 1387 2335 διαφορὰ
1439 2264 1534 2315 οὐκ
1594 2265 1769 2329 ἄλλοις
1834 2267 2028 2338 λόγοις,
2089 2267 2203 2319 ἄλλ’

593 2344 836 2413 ἀλλοίοις,
896 2345 1076 2407 ἐπειδὴ
1129 2355 1344 2413 ποιότης
1424 2357 1502 2413 τίς
1545 2352 1686 2406 ἔστιν
1738 2356 1768 2413 ἠ
1828 2357 2049 2409 καθόλου
2094 2355 2202 2410 ἔπι-

598 2440 796 2507 στήμη.
834 2433 894 2488 Ἠ
934 2445 1056 2507 γοῦν
1113 2436 1355 2501 ἐπίτασις
1409 2445 1496 2493 καὶ
1553 2443 1728 2505 ἄνεσις
1782 2448 1839 2496 τὸ
1895 2452 2199 2521 τιμιώτερον

592 2522 755 2594 ἔφερε,
823 2525 1003 2584 πάντες
1070 2521 1128 2577 δὲ
1182 2546 1272 2579 και
1335 2533 1506 2580 πᾶσαι
1560 2530 1945 2603 καλοκαγαθίας
1986 2540 2194 2606 μεσταί.

590 2608 745 2664 Ἐστι
775 2607 835 2665 δὲ
876 2615 1081 2676 τούτοις
1134 2616 1167 2674 ἡ
1224 2621 1466 2670 κοινωνία
1526 2623 1617 2671 καὶ
1668 2623 1805 2673 κατὰ
1848 2629 2037 2695 κρᾶσιν
2092 2621 2196 2678 οἷον

634 2757 691 2810 7.
720 2753 1054 2812 Alexander
1081 2755 1329 2828 quidem
1349 2771 1490 2813 cum
1514 2761 1823 2817 Aristotele
1845 2765 2219 2819 communio-

562 2840 706 2900 nem
726 2844 1053 2914 constituit,
1076 2850 1133 2901 et
1160 2861 1299 2902 cum
1322 2848 1690 2919 Hermogene
1727 2853 1953 2907 Marcus
1982 2869 1997 2919 ;
2032 2853 2216 2909 ambo

2374 490 2617 561 ὑπῆρχον
2639 498 2818 549 κοινῶς
2869 490 2949 539 ὅτι
2996 484 3054 540 δέ
3099 493 3187 539 καὶ
3244 497 3336 549 τῆς
3378 496 3630 562 κρείττονος
3667 501 3736 547 καὶ
3775 501 3859 549 ὅσον

2371 584 2466 635 τῆς
2524 582 2812 650 κρείττονος
2897 582 2985 627 καὶ
3051 595 3420 649 φυσικωτερας.
3471 578 3687 654 ’Υπάρχει
3724 580 3768 635 δὲ
3801 594 3859 637 καὶ

2370 669 2507 735 Τίτῳ
2550 665 2887 724 Ἀπολλώνιος
2947 665 3108 736 φίλος,
3169 665 3462 737 Ἰάμϐλιχος
3511 674 3589 720 καὶ
3632 674 3857 743 Πορφύριος,

2368 758 2541 827 Νέρων
2594 750 2653 805 δὲ
2727 760 2816 805 καὶ
2869 754 3154 829 αὐλητῆρες
3232 760 3317 805 καὶ
3366 755 3631 827 αύλήτριαι.
3690 765 3767 810 Καὶ
3812 762 3861 812 ότι

2367 845 2457 913 μὲν
2482 847 2572 894 καὶ
2601 844 2632 900 ἡ
2665 840 2764 894 τῶν
2820 839 3022 917 ἀνδρῶν
3076 842 3353 915 φιλοσοφία
3398 851 3488 905 τῆς
3537 849 3719 916 φύσεως,
3763 853 3860 905 καὶὴ

2369 930 2661 1002 ἐμπνευστὴ
2720 936 2880 1004 τέχνη
2967 939 3063 994 τῆς
3123 932 3319 1003 φύσεῶς
3364 932 3488 987 ἐστι,
3546 934 3787 1005 Παραλογον
3826 934 3863 988 δὲ

2368 1020 2551 1082 όλικώς
2601 1028 2858 1073 κοινωνεῖν
2936 1023 3024 1072 τὸν
3069 1022 3329 1095 ἄρχονται
3379 1029 3491 1081 ταῖς
3530 1018 3686 1092 ᾠδαῖς
3732 1023 3862 1075 Euthia

2365 1113 2521 1181 μένης
2580 1112 2685 1183 γὰρ
2746 1117 2899 1161 τοῦτο
2976 1114 3066 1161 καὶ
3122 1108 3513 1181 ἐκτεθηλυμένης
3582 1108 3678 1162 ἐστὶ
3719 1110 3861 1183 ψυχῆς

2367 1197 2545 1269 φίλους
2576 1195 2627 1250 δ’
2659 1201 2799 1269 ἔχειν
2837 1205 2960 1259 τούς
3018 1195 3267 1269 βασιλέας
3324 1202 3524 1270 σοφούς,
3579 1200 3775 1271 ἄρισται.
3812 1201 3862 1257 Ὠ,

2365 1294 2489 1358 γοῦν
2544 1290 2612 1338 τὰ
2693 1284 2896 1359 ἀνδρῶν
2976 1286 3096 1344 τέλη
3171 1291 3301 1361 πρὸς
3372 1290 3439 1339 τὰ
3506 1296 3597 1339 τῶν
3658 1287 3866 1361 αύλητριών

2367 1379 2457 1427 καὶ
2506 1375 2831 1448 αύλητήρων,
2891 1375 3057 1436 οὕτως
3105 1379 3197 1427 καὶ
3256 1372 3404 1427 οὗτοι
3448 1378 3566 1450 πρὸς
3617 1379 3787 1437 ταύτας
3830 1381 3869 1435 ὡς

2372 1460 2430 1516 δὲ
2464 1461 2607 1517 οὗτοι
2635 1470 2767 1537 πρὸς
2808 1467 3021 1535 ταύτας,
3062 1470 3153 1517 καὶ
3200 1466 3399 1526 Τῖτοςό
3453 1473 3548 1516 τῶν
3598 1472 3738 1536 σοφῶν
3778 1465 3870 1535 φίλος
3968 1470 3969 1477 ‘

2369 1556 2499 1625 πρὸς
2522 1558 2610 1605 τὸν
2634 1557 3062 1625 γυναικωνιτικόν
3118 1557 3346 1626 Νέρωνα,
3400 1552 3481 1613 Ὠς
3532 1554 3628 1626 ἄρα
3670 1553 3869 1624 φιλοσοφία

2372 1660 2501 1715 προς
2550 1646 2616 1694 τὰ
2687 1651 2783 1703 τῆς
2837 1650 3098 1715 μουσικῆς
3171 1641 3545 1714 ἁποπτὼματα,
3615 1643 3729 1693 οὕτω
3768 1643 3872 1691 κωὶὸ
3968 1676 3969 1679 η

2370 1816 2430 1872 δέ
2480 1838 2607 1873 ποτε
2661 1827 2812 1873 Τῖτον
2885 1818 3131 1885 ἀκοῦσαι,
3217 1816 3376 1872 τούδε
3463 1823 3577 1880 τούς
3652 1818 3875 1890 φιλοσόφους

2370 1910 2622 1961 ἵστασθαι
2674 1913 2790 1980 περὶ
2853 1911 2942 1969 τὰς
2994 1906 3162 1969 πύλας
3204 1907 3366 1960 αὐτοῦ
3419 1911 3572 1969 οὔσας
3620 1906 3875 1977 its-almum;

2369 1995 2673 2069 βασιλικῶς,
2726 2002 2815 2049 καὶ
2866 2000 3042 2068 φάναι·
3092 1999 3156 2049 Ai
3208 1996 3330 2068 ἐμαὶ
3394 1998 3544 2069 θύραι
3592 2002 3708 2047 πᾶσι
3754 2002 3874 2064 σοφοῖς

2367 2087 2679 2160 ἀνεῳγμεναι
2704 2087 2825 2156 εἰσὶ,
2878 2094 2968 2138 τοῦ
3017 2086 3123 2146 ἑνός
3174 2090 3295 2159 περὶ
3347 2095 3444 2138 τῶν
3489 2082 3580 2137 δύο
3629 2084 3766 2135 αὐτῶν
3806 2102 3871 2152 ρη-

2363 2180 2613 2237 νύσαντος
2660 2180 2748 2228 καὶ
2831 2175 3072 2228 εἰσελθεῖν
3180 2175 3372 2238 αύτούς
3453 2175 3496 2227 εἰ
3555 2173 3741 2248 ἀρεστὸν
3779 2171 3871 2237 αὐτῷ

2363 2263 2730 2337 ἐρωτήσαντος.
2790 2268 2963 2338 Νέρων
3021 2260 3081 2316 δε
3147 2268 3457 2335 στεφόμενος
3506 2258 3709 2321 ἀναιδῶς
3744 2259 3805 2310 ἐπὶ
3835 2261 3869 2306 τὸ

2366 2354 2574 2425 θέατρον
2627 2351 2861 2424 ασέμνως
2924 2350 3113 2424 ἐλήρει,
3187 2352 3250 2405 Αἰ
3321 2360 3421 2403 τῶν
3499 2350 3609 2403 κατ’
3656 2348 3869 2417 ἐπιστήμην

2360 2446 2621 2493 κοινωνίαι
2677 2446 2767 2493 καὶ
2839 2442 2944 2493 οἷον
3022 2446 3399 2513 φυσικώτεραυ
3509 2440 3587 2514 ἄρ’
3666 2434 3737 2488 οὖν
3789 2434 3869 2485 πολὺ

2359 2510 2779 2602 τιμιωτεραικαὶ
2804 2533 3064 2604 κρείττους
3123 2538 3223 2581 τῶν
3271 2531 3411 2581 κατὰ
3457 2535 3634 2600 κρᾶσιν
3680 2530 3752 2576 καὶ
3794 2522 3868 2573 Edo-

2356 2622 2613 2693 γωτέρων,
2642 2621 2705 2678 ὡς
2725 2623 2814 2670 καὶ
2836 2621 2894 2670 τὸ
2914 2626 3016 2669 τῶν
3072 2616 3347 2690 ἀρχόντων
3408 2614 3566 2679 ἐδειξε
3592 2615 3728 2674 τέλος.

2331 2758 2669 2826 dissimiles,
2739 2758 3238 2832 quandoquidem
3280 2758 3572 2829 generalis
3609 2753 3809 2812 scientia
3834 2756 3887 2803 est
3968 2753 3969 2793 ι

2328 2848 2590 2920 qualitas
2621 2849 2923 2920 quadam.
2968 2848 3225 2903 Intensio
3252 2864 3400 2917 ergo
3423 2854 3478 2902 et
3499 2840 3887 2901 remissioet’fece-
3968 2846 3969 2851 ‘

563 2930 743 3002 igitur
767 2937 907 2990 sunt
943 2944 1114 3005 reges
1174 2937 1229 2991 et
1275 2935 1458 2991 ambo
1489 2938 1789 3009 sapientes
1824 2958 1836 3007 ;
1887 2939 2068 2997 ambo
2132 2941 2218 2997 illi
2251 2921 2290 2976 (ἶ
2328 2943 2543 2993 runtut
2570 2938 3186 3010 aliquidprastantius
3208 2936 3888 2993 exsisteret.0mnesautem

562 3035 734 3093 reges
758 3022 1107 3079 eruditionis
1146 3028 1286 3079 sunt
1323 3024 1578 3081 studiosi
1603 3034 1658 3082 et
1680 3027 1863 3084 ambo
1892 3030 2214 3102 sapientes,

564 3123 638 3165 ac
696 3109 779 3165 illi
833 3110 1075 3183 quidem
1143 3127 1285 3168 cum
1323 3113 1544 3185 quibus
1605 3116 1929 3173 amicitiam
1997 3119 2216 3174 consti-

565 3200 761 3263 tuunt,
802 3198 1133 3255 eruditione
1188 3202 1523 3272 abundant,
1592 3204 1674 3260 ita
1710 3211 1911 3262 tamen
1944 3212 2010 3262 ut
2038 3207 2217 3262 unius

568 3280 820 3343 eruditio
886 3285 965 3344 ab
1022 3287 1263 3344 alterius
1308 3290 1639 3348 eruditione
1705 3294 1965 3351 differat.
2032 3299 2217 3351 Nemo

564 3388 706 3433 vero
744 3390 941 3433 errore
978 3375 1265 3450 deceptus
1284 3384 1462 3448 neget
1493 3395 1665 3451 reges
1703 3396 1831 3439 esse
1869 3384 2218 3439 eruditionis

567 3463 887 3521 studiosos.
917 3465 1200 3531 Quamvis
1212 3467 1372 3533 enim
1393 3467 1726 3526 Alexander
1739 3487 2034 3543 suprema
2060 3472 2219 3528 illius

565 3553 984 3627 philosophia,
1019 3558 1247 3611 Marcus
1276 3561 1476 3613 autem
1490 3559 1837 3615 eruditionis
1864 3561 2053 3617 multo
2074 3562 2216 3618 infe-

563 3638 738 3698 rioris
760 3644 833 3698 sit
857 3642 1179 3711 studiosus,
1211 3644 1395 3700 ambo
1418 3650 1617 3701 tamen
1644 3647 1959 3705 meliorum
2001 3650 2217 3708 littera-

562 3746 701 3788 rum
727 3735 783 3788 et
806 3731 1156 3805 eloquentiae
1188 3739 1329 3789 sunt
1354 3749 1649 3808 perquam
1669 3737 1939 3794 studiosi.
1973 3740 2216 3796 Addidi-

560 3836 701 3877 mus
727 3820 943 3878 ambos
980 3820 1333 3894 eloquentia
1399 3838 1640 3897 quoque
1672 3824 1850 3882 fuisse
1891 3828 2210 3885 studiosos.

559 3914 804 3983 Magnos
832 3911 992 3968 enim
1012 3926 1071 3968 1n
1089 3927 1161 3969 ea
1187 3926 1540 3985 progressus
1562 3914 1844 3973 fecerant.
1875 3922 2065 3990 Atque
2083 3919 2211 3975 hac

560 4007 649 4059 est
684 4002 971 4060 naturalis
1028 4002 1394 4074 communio,
1454 4002 1627 4075 cujus
1657 4005 1991 4064 diﬂerentia
2028 4008 2213 4066 habet

559 4092 970 4165 prastantiam
998 4096 1055 4147 et
1083 4091 1494 4148 excellentiam
1516 4109 1589 4149 ex
1617 4094 1949 4153 intensione
1971 4103 2025 4153 et
2043 4099 2213 4154 dissi-

558 4179 909 4237 militudinis
960 4182 1189 4237 ratione
1239 4198 1252 4249 ;
1283 4196 1425 4237 nam
1450 4198 1606 4238 unus
1634 4183 2028 4257 philosophus
2050 4193 2137 4242 est
2157 4192 2215 4243 et

2326 3025 2427 3095 illi,
2478 3030 2533 3081 et
2590 3042 2801 3082 omnes
2866 3025 2978 3080 illa
3038 3025 3301 3082 scientia
3334 3026 3543 3080 virtute
3605 3031 3655 3078 et
3680 3018 3888 3093 probitate

2329 3115 2661 3171 abundant.
2696 3118 2874 3169 Porro
2896 3114 3226 3169 intercessit
3247 3113 3366 3169 illis
3389 3112 3714 3169 communio
3732 3128 3780 3161 et
3800 3113 3891 3160 tem-

2327 3204 2652 3275 peratione,
2686 3201 3209 3275 quemadmodum
3239 3203 3428 3258 etiam
3467 3217 3537 3257 ex
3574 3205 3776 3257 natura.
3799 3193 3887 3264 quia

2325 3307 2537 3347 omnes
2586 3291 2797 3347 eruditi
2828 3290 3104 3356 fuerunt;
3163 3290 3268 3345 sed
3304 3297 3599 3362 quatenus
3631 3283 3887 3357 temperatio

2322 3380 2563 3436 illnrum
2602 3380 2681 3436 ad
2715 3380 3190 3451 prastantiorem
3220 3381 3617 3436 eruditionem
3653 3375 3886 3432 ferebatur.

2324 3484 2395 3524 eo
2421 3469 2614 3539 magis
2656 3468 2943 3524 naturalis
2992 3466 3119 3523 fuit.
3146 3468 3550 3525 Consimiliter
3567 3467 3710 3523 Titus
3723 3458 3886 3535 Apollo-

2324 3559 2512 3621 nium,
2567 3557 2969 3613 Jamblichum
3028 3563 3086 3612 et
3106 3557 3516 3629 Porphyrium
3553 3556 3766 3622 amavit,
3792 3553 3888 3605 Nero

2324 3661 2465 3701 vero
2496 3645 2765 3701 tibicines
2804 3649 2861 3700 et
2889 3644 3182 3700 tibicinas.
3233 3646 3302 3701 Et
3340 3646 3484 3717 quia
3512 3644 3748 3699 virorum
3764 3634 3889 3727 philef

2323 3736 2536 3807 sophia
2592 3736 2669 3791 ad
2728 3740 3007 3789 naturam
3059 3733 3334 3801 refertur,
3369 3736 3548 3791 etiam
3590 3748 3678 3788 ars
3714 3721 3886 3785 inﬂandi

2325 3824 2499 3879 tibias
2519 3824 2599 3880 ad
2620 3828 2898 3879 naturam
2918 3822 3302 3890 refertur,sed
3324 3824 3441 3880 hoc
3458 3830 3661 3895 praeter
3678 3818 3887 3875 rationem
3968 3876 3969 3887 φ

2322 3918 2387 3967 ut
2412 3912 2739 3983 imperator
2763 3928 2825 3967 se
2848 3917 3039 3967 totum
3070 3911 3387 3967 cantilenis
3411 3912 3621 3976 tradat,
3662 3910 3758 3964 hoc
3787 3904 3889 3959 enim
3968 3908 3969 3961 ;

2321 4000 2589 4057 dissoluti
2612 3999 3009 4056 eteﬂ‘eminati
3042 4004 3131 4055 est
3178 4000 3371 4055 animi
3407 4000 3547 4067 ;sed
3570 3990 3890 4080 regessapiell'
3968 3992 3969 3999 “

2321 4093 2447 4144 tum
2503 4090 2766 4145 virorum
2822 4093 3093 4143 amantes
3150 4104 3303 4157 esse,
3362 4104 3459 4144 res
3520 4089 3729 4160 optima
3767 4089 3892 4135 man-

2320 4193 2537 4250 meque
2560 4176 2898 4232 laudabilis.
2929 4178 2995 4232 Ut
3017 4177 3194 4245 igitur
3221 4192 3283 4231 se
3300 4176 3775 4234 habentvirorum
3794 4167 3891 4220 ﬁnes

2374 1735 2527 1803 σοφὸς
2563 1738 2717 1791 Τῖτος
2780 1735 2911 1804 πρὸς
2956 1734 3044 1783 τὸν
3104 1732 3327 1803 ἄσεμνον
3374 1737 3594 1803 Νερωνα.
3643 1735 3753 1783 Φασὶ
3788 1748 3874 1790 τινες
3968 1800 3969 1805 η

555 4268 758 4325 rhetor
781 4274 838 4325 et
861 4268 1211 4325 omniscius.
1246 4269 1395 4325 alter
1430 4286 1573 4327 vero
1596 4253 1684 4328 est
1710 4253 1910 4329 rhetor
1931 4278 1988 4329 et
2009 4275 2209 4332 multa
2245 4274 2287 4327 D
2319 4267 2398 4323 ad
2424 4266 2576 4322 ﬁnes
2607 4266 2918 4322 tibicinum
2951 4271 3006 4319 et
3026 4265 3441 4331 tibicinarum,
3475 4266 3556 4322 ita
3592 4253 3889 4336 Quoqueduo

553 4356 826 4413 lectionis
852 4357 963 4413 vir.
998 4360 1093 4414 Est
1117 4357 1295 4429 igitur
1314 4360 1373 4414 in
1407 4375 1527 4415 uno
1551 4360 1825 4433 intensio,
1860 4365 2002 4435 quia
2021 4364 2209 4436 philo-

556 4446 785 4519 sophia
811 4446 1029 4502 multas
1059 4452 1279 4518 partes,
1321 4452 1500 4520 atque
1524 4448 1677 4505 adeo
1707 4465 1919 4506 omnes
1952 4451 2133 4508 habet
2154 4457 2210 4508 et

556 4534 736 4609 quasi
761 4539 948 4593 totam
983 4534 1147 4591 illam
1179 4535 1527 4607 qualitatem
1562 4537 1775 4595 induit.
1822 4540 2115 4595 Praterea
2136 4556 2207 4597 ex

551 4626 782 4683 ratione
798 4624 1297 4682 dissimilitudinis
1316 4624 1645 4683 discrimen
1662 4628 2021 4697 assignatur,
2041 4630 2207 4701 quod

553 4715 892 4772 Aristoteles
908 4730 1120 4771 omnes
1139 4713 1537 4785 philosophia
1560 4719 1756 4785 partes
1769 4731 1989 4787 easque
2010 4718 2204 4773 varias

553 4808 611 4859 et
634 4804 956 4862 dissimiles
979 4801 1159 4859 simul
1181 4801 1456 4858 collectas
1473 4804 1940 4876 comprehensas
1961 4804 2202 4863 habeat.

550 4892 640 4947 Ac
652 4892 985 4949 Alexander
1003 4889 1252 4965 quidem
1276 4890 1536 4947 inﬁnitos
1559 4906 1733 4963 pane
1746 4890 2005 4948 famulos
2023 4892 2202 4951 habet

553 4984 609 5033 et
630 4986 714 5034 est
739 4995 862 5048 rex,
901 4981 1086 5037 habet
1112 4994 1356 5052 quoque
1387 4979 1798 5052 philosophos.
1832 4982 2058 5037 Marcus
2101 4998 2202 5038 au-

548 5060 672 5122 tem
711 5073 798 5123 est
826 5068 1091 5125 similiter
1126 5069 1452 5140 imperator
1478 5074 1533 5125 et
1569 5070 1833 5125 rhetores
1857 5070 2056 5125 habet.
2102 5071 2201 5127 Ille

548 5154 799 5228 quidem
827 5155 1199 5213 Aristotelem
1230 5162 1413 5230 amat,
1464 5157 1559 5213 hic
1580 5173 1722 5214 vero
1739 5160 2198 5228 Hermogenem.

552 5245 701 5301 Sunt
746 5243 927 5314 igitur
970 5260 1181 5301 omnes
1218 5246 1279 5301 hi
1309 5246 1461 5302 inter
1500 5262 1563 5303 se
1609 5247 1804 5320 probi.
1839 5246 2000 5302 Valet
2020 5249 2203 5305 etiam

545 5334 879 5421 propositio
895 5334 956 5389 in
981 5333 1076 5389 his
1098 5332 1444 5421 plurimum.
1471 5336 1539 5391 Ut
1558 5337 1716 5391 enim
1731 5336 2113 5408 philosophia
2135 5354 2198 5394 se

541 5421 728 5479 habet
758 5420 836 5478 ad
865 5427 1053 5478 artem
1097 5420 1365 5488 dicendi,
1413 5423 1495 5477 ita
1540 5438 1604 5478 se
1651 5424 1834 5480 habet
1860 5425 2195 5482 Aristoteles

541 5508 627 5568 ad
663 5512 1100 5581 Hermogenem
1137 5515 1194 5566 et
1256 5507 1592 5565 Alexander
1640 5510 1721 5567 ad
1758 5513 2039 5573 Marcum.
2098 5516 2199 5572 Est

539 5598 720 5674 igitur
755 5598 1094 5658 differentia
1126 5612 1255 5659 non
1272 5596 1597 5671 quod‘alia
1614 5598 1735 5656 sint
1755 5601 2040 5676 rationes,
2081 5603 2200 5662 sed‘

2318 4359 2428 4413 viri
2457 4373 2518 4413 se
2535 4356 2759 4411 habent
2780 4354 2857 4410 ad
2897 4353 3166 4409 tibicines
3197 4360 3255 4410 et
3294 4356 3576 4411 tibicinas
3610 4373 3622 4419 ;
3660 4356 3710 4407 et
3754 4341 3888 4401 utviri

2317 4463 2380 4502 se
2406 4446 2630 4501 habent
2653 4444 2731 4499 ad
2751 4443 2901 4498 ﬁnes
2928 4459 3087 4508 suos,
3133 4443 3215 4498 ita
3257 4445 3444 4500 etiam
3484 4459 3546 4499 se
3568 4441 3768 4499 habent
3784 4433 3887 4489 Titus

2317 4536 2654 4607 sapientum
2679 4532 2981 4587 studiosus
2999 4531 3075 4586 ad
3102 4531 3473 4587 dissolutum
3490 4538 3547 4589 et
3562 4528 3884 4588 effeminatum

2316 4631 2605 4683 Neronem
2642 4642 2655 4693 ;
2688 4628 2743 4678 et
2772 4627 2833 4678 ut
2858 4621 3243 4694 philosophia
3282 4639 3347 4679 se
3378 4624 3563 4679 habet
3591 4620 3665 4678 ad
3704 4614 3884 4673 musices

2315 4714 2690 4788 quisquilias.
2743 4712 2824 4767 ita
2870 4711 3049 4766 etiam
3096 4710 3339 4783 sapiens
3384 4713 3544 4768 Titus
3571 4727 3629 4766 se
3664 4707 3809 4764 habet
3838 4695 3883 4753 ad

2312 4801 2663 4857 illaudatum
2689 4803 2985 4855 Nerorem.
3008 4802 3186 4855 Porro
3208 4816 3352 4855 cum
3384 4799 3767 4855 renuntiatum
3786 4788 3883 4883 es§el

2314 4890 2443 4945 Tito
2460 4889 2851 4961 philosophos
2866 4888 2997 4943 illos
3020 4904 3129 4960 pro
3151 4888 3385 4944 foribus
3408 4893 3564 4945 stare
3595 4888 3760 4955 (erant
3780 4886 3882 4933 enim

2311 4978 2466 5033 fores
2500 4978 2662 5047 regio
2685 4992 2849 5031 more
2870 4976 3126 5032 occlusa
3155 4984 3211 5032 et
3243 4976 3567 5045 obserata)
3586 4966 3881 5055 uniphiloar

2307 5068 2567 5139 phorum
2614 5066 2852 5121 illorum
2881 5065 3186 5135 iudicanti,
3222 5066 3359 5121 utsi
3392 5065 3650 5137 placeret
3678 5054 3887 5115 intromit‘

2309 5160 2586 5220 terentur,
2618 5156 2809 5211 Titum
2867 5154 3253 5225 respondisse
3305 5154 3627 5225 perhibent
3660 5144 3879 5220 quidam?

2306 5244 2459 5311 volo,
2491 5243 2675 5316 inqui,
2701 5258 2868 5298 meas
2910 5241 3066 5298 fores
3114 5241 3403 5298 omnibus
3430 5235 3779 5314 philosophis
3801 5236 3882 5325 esse

2305 5339 2529 5404 aperta.
2569 5337 2639 5387 At
2679 5334 2828 5387 Nero
2875 5330 3257 5403 impudenter
3303 5345 3534 5387 corona
3558 5325 3824 5384 redimitus
3842 5324 3877 5365 ιιι

2302 5426 2625 5493 conspectu
2642 5421 2849 5476 theatri
2864 5420 3110 5491 turpiter
3123 5419 3371 5475 saltavit.
3392 5427 3601 5475 Annon
3615 5416 3767 5486 igitur
3779 5418 3877 5463 com

2299 5512 2620 5567 muniones
2634 5526 2771 5583 qua
2801 5525 2874 5565 ex
2887 5509 3132 5565 scientia
3152 5510 3455 5565 exsistunt
3476 5507 3664 5576 magis
3678 5504 3797 5557 sunt
3814 5505 3874 5548 ηδ·

2300 5600 2518 5657 turales
2528 5599 2841 5672 multoque
2865 5599 2987 5669 maj
2995 5596 3374 5671 oreinpretio
3384 5592 3704 5655 habendo?
3719 5588 3879 5644 Annon
