4066 6212
61 341 204 427 iis")

942 366 1297 424 THEODORI
1337 368 1384 421 II
1421 367 1556 422 1MP.
1598 362 1688 418 DE
1726 362 2184 422 COMMUNIONE
2222 363 2591 422 NATURALI.

3345 345 3483 422 1358

166 493 228 552 n".
255 498 326 547 T6
363 496 451 565 μὲν
491 487 578 544 οὖν
610 494 762 563 φύσει
815 489 892 544 ἀεὶ
953 500 1044 544 τοῦ
1112 493 1250 544 θέσει
1314 495 1404 542 καὶ
1459 496 1688 563 κρεῖττον
1743 492 1796 544 Δ
1853 489 2136 561 καταλήγει
2164 494 2221 542 τό
2267 493 2453 542 τούτου
2479 485 2769 562 σπούδσμα
2801 496 2969 563 ’τιμᾴ
3027 487 3086 542 δὲ
3125 489 3149 542 ό
3196 493 3286 564 μὲν
3333 496 3452 553 τοὺς

87 587 182 635 καὶ
236 600 563 656 τιμιωτερον,
637 580 681 632 εἰ
732 583 802 652 μή
853 599 933 640 τις
993 578 1400 652 παραλογίζεται
1445 579 1510 630 τά
1562 575 1690 650 πρά-

90 691 290 743 γματα,
322 675 412 722 xui
458 673 632 742 γένους
684 669 714 727 ἢ
784 665 1036 740 πατρίδος
1096 668 1124 726 ή
1193 672 1423 727 τεκόντος
1468 667 1694 737 εὐγενείᾳ

93 757 425 832 ἀπατώμενος
473 757 800 830 παραλόγους
853 764 991 809 ποιεῖ
1058 759 1148 816 τάς
1191 760 1456 815 κοινωνίας
1509 755 1691 810 αὐτοῦ,

93 855 241 902 Πᾶσι
307 849 407 921 γάρ
472 855 578 907 τοῖς
637 854 815 918 σοφοῖς
866 851 954 898 καὶ
991 853 1100 906 τοῖς
1145 853 1310 917 σοφῶς
1372 847 1692 918 πράττουσιν

93 939 278 1010 ἀρεταὶ
341 942 431 989 καὶ
497 934 608 1008 βίος
691 933 1029 1002 ἐλετάξονται,
1089 935 1118 992 ἡ
1180 932 1378 994 ἀληθής
1439 938 1524 984 xui
1584 933 1696 983 θεία

92 1027 340 1096 εὐγένεια.
364 1027 440 1078 Τά
463 1021 512 1077 δ’
534 1023 664 1076 ἄλλα
691 1025 826 1076 θέσει
875 1027 964 1075 καὶ
1012 1021 1186 1097 πόρρω
1224 1029 1314 1074 του
1373 1024 1524 1094 φύσει
1573 1025 1696 1072 ὄντα

95 1118 573 1190 παραθεωροῦνται.
595 1110 921 1166 Διδάσιουσι
941 1114 1042 1186 γάρ
1069 1117 1159 1164 καὶ
1179 1114 1228 1163 οἱ
1250 1115 1363 1171 τοὺς
1386 1109 1590 1182 ἆγώκας
1605 1115 1695 1162 καὶ

93 1209 166 1258 τά
193 1203 414 1281 βραϐεἳα
442 1210 710 1263 ποιοῦντες
738 1207 828 1253 καὶ
855 1197 1090 1261 διδόντες
1119 1205 1213 1258 τήν
1242 1204 1411 1269 νικήν,
1440 1204 1529 1252 καὶ
1553 1201 1601 1250 οἱ
1630 1200 1697 1250 τὰ

100 1299 379 1368 συμπόσια
397 1292 654 1353 τελοῦντες
675 1310 768 1348 την
798 1309 964 1346 νικην.
1005 1287 1126 1341 Ὀτι
1153 1292 1242 1360 μὲν
1273 1285 1360 1340 οὖν
1387 1289 1480 1339 οὐκ
1499 1289 1606 1340 ἶσοι
1624 1294 1696 1357 τῷ

96 1373 236 1454 γένει
264 1385 308 1434 εἴ
327 1401 381 1433 τε
405 1382 454 1433 οἱ
475 1379 748 1440 ἀθλοῦντες
773 1381 925 1448 εἰσιν,
949 1380 1045 1430 εἴτε
1061 1376 1110 1429 οἰ
1130 1372 1658 1451 πίνοντες,πρόδηλον
1679 1395 1693 1408 ·

100 1471 216 1524 ἶσοι
243 1467 301 1524 δε
330 1477 390 1543 τῇ
419 1476 570 1542 τιμῇ,
593 1470 728 1520 ὥστε
753 1463 926 1527 οὐδεὶς
946 1464 1006 1518 ἆν
1026 1465 1262 1536 λήψηται
1280 1467 1338 1516 τὸ
1359 1469 1535 1538 γέρας,
1559 1463 1603 1516 εἰ
1623 1467 1695 1536 μή

100 1563 130 1612 6
160 1565 384 1618 νικήσων
415 1563 500 1610 xui
539 1563 689 1630 μόνος
727 1557 860 1608 κατά
889 1575 942 1607 τε
987 1555 1054 1606 τά
1102 1548 1234 1607 ἆθλα
1271 1559 1360 1606 καὶ
1399 1557 1486 1605 τὸν
1520 1559 1695 1608 πότον.

106 1651 356 1710 Κοινωνός
387 1643 446 1701 δὲ
473 1655 573 1700 τῶν
597 1645 886 1698 ἀθλούντων
913 1645 938 1696 6
964 1651 1261 1718 κορυφαῖος,
1292 1648 1383 1695 καὶ
1410 1651 1508 1696 τῶν
1533 1647 1702 1694 πινόν-

100 1759 206 1792 των
236 1739 260 1790 ό
289 1738 456 1790 αὐτῶν
500 1727 699 1810 ἔφορος,
737 1735 800 1794 ὡς
834 1735 1014 1809 ἔφορος
1041 1737 1132 1785 καὶ
1163 1733 1264 1804 γάρ
1313 1735 1508 1784 τούτων
1539 1730 1698 1785 ἐστίν.

99 1827 225 1902 Ἆρ’
248 1823 333 1880 οὖν
353 1827 574 1878 ἓνταυθα
625 1828 714 1876 καὶ
768 1823 958 1898 κροίσις
998 1840 1053 1875 τε
1089 1841 1180 1874 και
1219 1818 1460 1890 παιδεία,
1511 1825 1603 1873 καὶ
1642 1819 1703 1872 οὗ
1757 1837 1799 1892 Β

97 1921 191 1990 μὲν
218 1913 596 1992 φυσικωτέραή
629 1917 770 1979 νίκη,
803 1910 863 1964 οὗ
917 1907 978 1964 δὲ
1035 1913 1171 1964 θέσει
1217 1915 1307 1963 καὶ
1343 1913 1517 1984 μόνον.
1577 1915 1706 1971 Ταῖς

97 2006 410 2080 ἀμφοτέραις
449 1999 508 2056 δὲ
534 2006 726 2076 κρᾶσίς
785 1999 918 2068 ἐστι,
971 1999 1063 2052 xui
1101 2007 1164 2072 τῇ
1224 2003 1314 2074 μὲν
1361 2001 1490 2073 μέθη
1548 1997 1700 2072 τριϐή

103 2095 510 2167 ἀλογοπάτη,τῇ
542 2088 601 2144 δε
631 2089 850 2149 ἀθλήσει
886 2086 1109 2142 παιδεία
1151 2108 1232 2150 τις
1255 2109 1269 2122 ο
1301 2091 1457 2162 φύσιν
1499 2091 1597 2161 γάρ
1645 2091 1705 2139 τὸ

107 2184 260 2238 αθλον
316 2187 576 2236 συνιστῶν
619 2179 1057 2252 φιλοτιμούρενος,
1115 2185 1268 2230 τοῦτο
1319 2182 1632 2235 συνίστησιν
1689 2192 1702 2205 °

109 2274 216 2327 ἐκεῖ
236 2269 336 2348 γάρ
369 2272 554 2343 μάχης
591 2271 736 2344 ἔργα,
771 2264 981 2334 δίσκος,
1023 2264 1255 2337 δίαυλος,
1317 2269 1526 2338 πυγμὴ,
1565 2264 1704 2322 πάλη

109 2367 204 2416 καὶ
239 2361 396 2428 ἅλμα,
437 2364 678 2434 γρήσιμα
723 2359 913 2422 πάντα,
960 2360 1195 2428 πολιτείᾳ
1239 2360 1330 2407 καὶ
1388 2360 1572 2427 κόσμῳ
1619 2360 1709 2408 καὶ

117 2451 223 2525 βίῳ
298 2445 544 2522 ὠφέλιμα,
599 2444 695 2498 κᾶν
751 2447 830 2502 εἴη
885 2443 941 2496 ἐκ
995 2452 1095 2497 τῶν
1141 2446 1390 2496 τοιούτων
1439 2463 1517 2504 τις
1567 2443 1708 2514 αὐτῷ

113 2537 386 2598 ἡδονή.¹0
418 2533 476 2590 δε
519 2531 964 2608 Σαρδαναπάλειος
1011 2538 1100 2586 xui
1151 2536 1490 2594 Διονυσιακὸς
1538 2532 1712 2606 ἔφορος

121 2635 273 2700 μόνον
321 2631 414 2684 τήν
470 2624 652 2696 ἄλογον
705 2620 902 2682 ἡδονήν
959 2621 1182 2695 βλέπων,
1247 2621 1318 2684 εἰς
1369 2618 1521 2674 οὐδὲν
1572 2621 1714 2684 τέλος

85 2839 229 2892 sunt
255 2829 694 2907 praestantiores
716 2826 1363 2885 communicationibus
1383 2825 1496 2882 illis
1513 2843 1646 2899 quae
1663 2844 1736 2883 ex

86 2920 530 2996 temperatione,
561 2934 682 2974 non
711 2934 784 2974 ex
807 2915 1036 2972 ratione
1074 2917 1387 2980 exsistunt,
1434 2921 1500 2972 ut
1554 2918 1734 2973 etiam

83 3014 344 3069 duorum
371 3009 608 3065 illorum
639 3007 1068 3078 imperatorum
1088 3005 1241 3061 ﬁnes
1258 3007 1583 3062 ostendunt
1603 3005 1632 3061 ‘?

1853 576 2286 645 ἀθλοῦντας,όὸὲ
2323 583 2438 640 τοὺς
2486 584 2739 639 πίνοντας.
2795 582 2852 631 τὸ
2905 582 2993 651 μὲν
3032 587 3234 652 πρῶτον
3293 601 3452 654 φυσι-

1854 671 2094 738 κώτερον,
2163 671 2221 718 τό
2280 663 2330 718 δ’
2375 667 2597 718 ὕστατον
2645 665 2937 740 ἀτιμόττον.
2989 668 3099 720 Οὐκ
3163 671 3302 720 ἔστιν
3354 672 3456 742 οῐρα

1854 761 1945 805 τοῦ
1993 757 2129 807 θέσει
2173 758 2230 807 τό
2297 757 2449 827 φύσει
2505 763 2782 831 κρεῖττον;
2829 761 2929 808 Καὶ
2980 761 3104 827 μήν,
3162 764 3259 817 πᾶς
3313 761 3454 831 εἷπη,

1857 847 1968 916 ἔχει
2010 847 2108 917 γάρ
2158 843 2347 902 πολλὴν
2415 849 2508 901 τήν
2585 842 2849 902 ἀλήθειαν.
2909 845 3028 897 Εἰσὶ
3083 841 3142 896 δὲ
3195 851 3283 897 καὶ
3329 846 3458 898 ἄλλα

1853 934 1988 996 τινά,
2021 943 2128 994 πῶς
2163 936 2252 1004 μὲν
2282 931 2563 1004 ἐξεχόμενα
2592 936 2809 1002 τούτων,
2847 942 2959 994 πῶς
3002 930 3061 986 δὲ
3123 930 3453 1009 διαφέροντα,

1856 1024 2146 1094 στρατῦγία
2189 1042 2201 1054 ·
2235 1024 2364 1094 μετά
2409 1018 2468 1074 δὲ
2535 1022 2761 1096 ἰατρική,
2811 1024 3168 1098 φιλάνθρωπος
3218 1027 3318 1097 γάρ
3368 1030 3456 1076 καὶ

1855 1110 2000 1175 αὖ,ή,
2051 1115 2205 1168 Κοινὴ
2265 1107 2324 1163 δὲ
2369 1117 2650 1184 γεωργικὴ.
2714 1116 2816 1164 Καὶ
2857 1117 2951 1170 τὴν
3005 1116 3094 1184 μὲν
3141 1118 3454 1189 γεωργικήν,

1855 1200 1898 1252 εἰ
1922 1203 2057 1252 κατά
2084 1203 2206 1261 τοὺς
2227 1199 2432 1261 ἀληθεῖς
2460 1218 2540 1261 τις
2580 1196 2673 1273 ἴδη
2723 1199 2929 1272 λόγους,
2999 1206 3195 1273 μεστὴν
3251 1204 3463 1278 εὑρήσει

1855 1285 2115 1349 παιδείας.
2139 1293 2224 1346 Μή
2256 1291 2442 1340 σκόπει
2507 1285 2567 1340 δί
2619 1291 2699 1340 ὅτι
2745 1289 2840 1340 οὐκ
2889 1286 3000 1342 οἶδε
3043 1294 3162 1352 τοὺς
3213 1291 3398 1364 λόγους
3431 1294 3458 1344 6

1855 1382 2102 1452 γεωργός,
2135 1377 2260 1429 ἀλλά
2283 1381 2465 1429 σκόπει
2496 1380 2576 1429 ὅτι
2607 1379 2742 1429 κατά
2766 1377 2915 1449 λόγον
2964 1379 2994 1436 ἡ
3047 1384 3208 1452 τέχνη
3239 1387 3458 1452 γίνεται.

1856 1466 2056 1540 Ὠσπερ
2122 1467 2224 1540 γάρ
2277 1485 2366 1518 και
2418 1465 2760 1540 κυϐερνητικὴ
2835 1465 2890 1518 ἐϐ
2940 1476 3033 1528 τῆς
3089 1475 3302 1541 πρώτης
3348 1473 3462 1541 ἔχει

1858 1558 1924 1609 τά
2003 1563 2216 1628 σημεῖα,
2295 1554 2388 1608 οὐκ
2464 1552 2576 1608 οἶδε
2634 1552 2694 1608 δὲ
2747 1557 2882 1617 ὃπως
2931 1562 3156 1628 γίνοιντο
3192 1567 3393 1612 ταῡϋτα
3435 1563 3461 1612 6

1860 1641 2204 1719 κυδερνήτης,
2264 1645 2424 1706 οὕτως
2473 1651 2562 1698 xui
2614 1647 2640 1697 6
2693 1649 2937 1719 γεωργός,
3006 1646 3060 1698 ἐκ
3114 1655 3210 1710 τῆς
3251 1654 3464 1724 πρώτης

1862 1738 1998 1807 ἔχων
2052 1737 2146 1796 τὰς
2208 1735 2277 1796 ὡς
2335 1733 2472 1794 εἰκὸς
2518 1734 2734 1808 πράξεις
2785 1731 3188 1808 δεδιδαγμένος,
3252 1741 3464 1813 πράττει

1863 1829 1933 1897 μή
2007 1823 2258 1886 ἐξετάζων
2317 1845 2331 1856 ι
2389 1820 2882 1897 ἀποδεικτικοίςγάρ
2955 1825 3130 1898 λόγοις
3196 1834 3285 1880 καὶ
3342 1825 3464 1880 ἁνα-

1862 1922 2064 1984 γκαίοις
2093 1915 2123 1972 ἡ
2157 1919 2334 1986 πρώτη
2380 1913 2568 1976 συνῆξε
2592 1917 2786 1973 ταύτην
2841 1919 2934 1973 τήν
2977 1919 3189 1987 τέχνην.
3250 1914 3462 1976 Ἐπειδὴ

1863 2005 1921 2054 τὸ
1972 2001 2169 2063 πλῆθος
2249 2001 2410 2060 αὐτὴν
2467 2001 2781 2075 ἐργάζεσθαι
2827 2003 3025 2076 ἔμελλεν
3080 2005 3467 2077 ὁμολογούμενα

1867 2089 1925 2145 δὲ
1945 2111 2062 2144 τινα
2091 2087 2336 2164 δόγματα
2363 2087 2682 2164 παραδοῦσα
2727 2100 2832 2153 τοίς
2873 2098 3119 2168 πρώτοις,
3179 2099 3303 2169 πρὸς
3351 2101 3467 2157 τοὺς

1867 2180 2045 2253 ἑφεξῆς
2089 2187 2258 2232 ταῦτα
2328 2175 2704 2252 μεταδίδονται
2769 2181 2905 2256 ἄχρι
2959 2189 3048 2234 νῦν
3099 2180 3468 2246 ἀϐασανίστως

1865 2274 1956 2321 καὶ
1987 2267 2353 2331 ἀνοξετάστως.
2395 2274 2664 2340 Μαρτυρεῖ
2695 2264 2754 2321 δὲ
2781 2273 2872 2321 καὶ
2928 2271 2954 2322 ό
3009 2276 3227 2332 ποιητὴς
3293 2272 3468 2325 Ἠσίο-

1869 2355 1982 2425 δος,
2013 2358 2094 2410 ὅτι
2125 2375 2214 2431 περ
2272 2364 2366 2417 τῆς
2411 2361 2623 2428 πρώτης
2673 2357 2704 2415 ἡ
2763 2358 3018 2430 θεωργική
3073 2356 3214 2410 ἐστιν
3263 2362 3327 2420 ὡς
3378 2365 3468 2412 καὶ

1870 2451 2039 2498 πᾶσαι
2090 2466 2104 2478 ·
2145 2443 2372 2508 ἐξετάζει
2429 2445 2531 2518 γὰρ
2588 2449 2678 2497 xui
2729 2449 2946 2519 καιροὺς
2997 2450 3086 2498 καὶ
3133 2451 3325 2510 τόπους
3380 2453 3470 2502 καὶ

1868 2533 2050 2606 λόγους
2079 2538 2169 2586 xui
2220 2535 2522 2606 πράγματα,
2573 2538 2662 2584 καὶ
2704 2531 2950 2596 ἐξετάσας
3009 2534 3113 2587 οἷον
3170 2532 3470 2610 παράδοσίν

1872 2642 1989 2676 τινα
2061 2629 2288 2675 ποιεῖται
2358 2621 2738 2694 εὐγενεστέραν.
2819 2627 2920 2675 Καὶ
2994 2630 3148 2677 τοῦτο
3221 2619 3315 2676 διὰ
3377 2628 3473 2684 τήν

1845 2834 1940 2884 tur
1954 2827 2089 2884 etin
2116 2825 2250 2882 aliis
2278 2825 2458 2882 rebus
2494 2825 3101 2898 reipublicze‘mundo
3146 2833 3327 2900 atque
3363 2829 3500 2884 vitae

1846 2915 2089 2972 utilibus
2109 2931 2180 2970 ex
2200 2914 2422 2986 quibus
2439 2913 2716 2984 voluptas
2737 2913 2987 2970 honesta
3002 2916 3286 2986 quaedam
3317 2917 3500 2971 exsis-

1847 3005 1928 3060 tit.
1963 3009 2032 3059 At
2068 3019 2286 3074 praeses
2310 3001 2405 3056 ille
2447 3001 2920 3072 Sardanapalius
2947 3008 3005 3056 et
3035 3003 3352 3058 Bacchicus
3395 3019 3502 3058 vo-

156 3106 209 3158 8.
233 3098 404 3166 Quod
423 3096 606 3167 igitur
619 3101 834 3150 natura
850 3099 1082 3150 constat
1103 3110 1330 3165 semper
1344 3099 1434 3148 est
1459 3099 1738 3162 praestan-
1771 3133 1812 3188 Ο
1845 3093 2122 3164 luptatem
2137 3089 2383 3145 rationis
2395 3093 2686 3161 expertem
2701 3089 3117 3144 duntaxatsibi
3130 3105 3495 3163 proponens,

83 3192 198 3247 tius
211 3187 517 3257 etdignius
531 3201 602 3240 eo
615 3187 777 3256 quod
791 3184 1082 3258 positione
1094 3182 1464 3242 constat.nisi
1486 3181 1632 3237 forte
1645 3183 1739 3237 ali-

81 3279 220 3352 quis
234 3277 436 3332 fucum
453 3273 633 3329 rebus
645 3272 837 3328 facere
849 3271 986 3328 velit
999 3275 1054 3326 et
1075 3271 1327 3342 generis,
1343 3271 1549 3344 patria:
1565 3277 1620 3326 et
1633 3287 1739 3344 pa-

77 3373 322 3423 rentum
332 3361 637 3420 nobilitate
648 3361 1173 3432 deceptas,praater
1183 3361 1468 3415 rationem
1481 3375 1742 3415 commu-

78 3457 287 3512 nicare
310 3453 534 3518 soleat;
567 3467 711 3506 nam
726 3449 962 3504 virtutes
984 3455 1041 3503 et
1063 3449 1184 3503 vita
1196 3449 1446 3504 honesta
1459 3449 1742 3503 omnibus

81 3542 463 3617 sapientibus
481 3547 537 3596 et
562 3539 858 3612 sapienter
875 3537 1190 3606 agentibus
1212 3537 1511 3592 habentur
1535 3545 1590 3592 et
1607 3541 1744 3592 sunt

83 3649 229 3690 vera
259 3649 330 3688 ac
350 3631 554 3686 divina
576 3627 874 3684 nobilitas.
891 3626 1018 3682 Alia
1039 3642 1180 3682 vero
1202 3626 1408 3681 omnia
1435 3626 1744 3696 negligun~

78 3731 183 3779 tur
213 3719 602 3793 sapientibus,
631 3716 915 3788 nulloque
944 3715 1004 3770 in
1036 3715 1224 3786 pretio
1253 3714 1572 3781 habentur,
1607 3729 1743 3786 qua:

77 3807 379 3866 nimirum
402 3807 693 3878 positione
720 3807 1016 3868 constant,
1040 3807 1098 3859 et
1123 3802 1202 3858 ab
1233 3818 1304 3858 eo
1332 3802 1499 3875 quod
1528 3809 1745 3858 natura

76 3903 326 3956 constat
344 3893 692 3964 longissime
707 3892 960 3958 distant;
979 3907 1122 3947 nam
1137 3891 1242 3963 qui
1263 3891 1590 3947 certamina
1606 3906 1740 3946 con-

76 3989 340 4044 stituunt
367 3989 423 4040 et
445 3981 697 4056 praemia
725 3985 1070 4052 proponunt
1107 3981 1325 4036 docent
1349 3981 1658 4036 victoriam
1688 3985 1746 4036 et

72 4077 188 4150 qui
209 4075 276 4130 in
297 4071 584 4129 conviviis
609 4069 876 4142 potando
893 4073 1120 4124 certant
1143 4069 1456 4125 victoriam
1479 4069 1589 4124 sibi
1606 4083 1743 4141 pro-

73 4165 342 4237 ponunt.
365 4159 535 4226 Quod
557 4161 758 4213 autem
789 4171 912 4212 non
935 4156 1052 4212 sint
1079 4171 1294 4226 genere
1321 4157 1588 4229 aequales
1618 4163 1744 4212 tum

71 4247 525 4310 exercitationis
548 4261 733 4302 causa
761 4249 1072 4316 certantes,
1104 4253 1231 4301 tum
1262 4245 1438 4302 etiam
1473 4251 1746 4318 potantes

66 4344 237 4399 inter
257 4351 472 4395 omnes
489 4339 750 4392 constat:
767 4333 874 4389 sed
890 4333 1153 4406 aequales
1172 4339 1310 4389 sunt
1323 4335 1572 4406 praemio
1583 4333 1747 4407 quod

75 4429 294 4488 nullus
314 4426 632 4500 premium
661 4421 938 4495 accipiat,
970 4422 1084 4477 nisi
1115 4421 1279 4477 solus
1309 4421 1404 4478 ille
1431 4423 1537 4494 qui
1568 4423 1752 4478 victor

71 4519 266 4576 fuerit
294 4517 416 4572 sive
431 4516 493 4570 in
510 4512 934 4570 certaminibus
966 4511 1091 4567 sive
1107 4511 1168 4566 in
1183 4509 1748 4582 compotationibus.

73 4609 243 4665 Acin
261 4602 688 4662 certaminibus
707 4600 954 4673 quidem
974 4601 1361 4673 quiprinceps
1381 4605 1469 4654 est
1484 4614 1756 4662 commu-

69 4701 334 4756 nionem
346 4694 597 4750 instituti
619 4707 759 4748 cum
771 4691 1136 4746 certantibus
1164 4689 1486 4745 initetcum
1499 4689 1754 4760 potanti-

68 4790 198 4845 bus
210 4786 488 4859 ipsorum
501 4796 725 4854 praeses
743 4797 755 4849 ;
771 4795 914 4834 nam
928 4778 1168 4834 illorum
1181 4779 1458 4850 princeps
1469 4781 1556 4833 est
1573 4783 1635 4832 ut
1646 4777 1752 4832 ho-

69 4893 221 4934 rum
239 4887 484 4947 praises.
508 4876 723 4925 Annon
743 4869 923 4939 igitur
945 4868 1042 4923 hic
1063 4874 1149 4923 est
1169 4868 1519 4938 temperatio
1543 4871 1601 4922 et
1624 4881 1750 4921 eru-

68 4966 230 5022 ditio
245 4966 276 5021 ?
291 4965 488 5034 thuo
502 4959 696 5030 magis
707 4958 784 5014 ad
798 4961 1076 5013 naturam
1089 4955 1317 5013 accedit
1344 4956 1404 5011 in
1418 4954 1748 5011 certamini-

67 5056 200 5112 bus
211 5051 467 5110 vietoria
477 5065 550 5105 eo
561 5047 1010 5121 praestantiorﬂ
1021 5063 1096 5102 uo
1111 5051 1313 5102 autem
1325 5046 1517 5115 magis
1531 5045 1750 5101 consti-

67 5144 317 5201 tutione
343 5143 580 5196 constat
606 5137 710 5192 illa
735 5136 796 5191 in
827 5134 1374 5208 compotationibus
1412 5133 1652 5190 victoria
1679 5149 1750 5189 eo

68 5229 431 5303 ignobilior.
447 5229 627 5283 Porro
637 5226 698 5281 in
711 5223 1013 5280 ambabus
1025 5222 1286 5279 victoriis
1298 5223 1448 5278 inest
1463 5227 1578 5277 tem
1588 5236 1751 5292 pera-

73 5323 164 5378 tio
198 5335 215 5387 ;
252 5333 325 5375 ac
351 5318 409 5373 in
437 5313 788 5372 temulentia
809 5319 1044 5385 tempus
1067 5317 1279 5385 praeter
1307 5327 1550 5368 omnem
1573 5310 1749 5366 ratio-

75 5424 231 5465 nein
253 5403 518 5479 ponitur,
539 5403 600 5458 in
621 5402 1046 5458 certaminibus
1060 5416 1202 5456 vero
1218 5405 1306 5456 est
1321 5399 1605 5472 quaedam
1621 5414 1750 5454 eru-

82 5495 416 5560 ditiognam
433 5493 536 5564 qui
554 5491 871 5564 praemium
888 5490 1230 5546 certaminis
1248 5487 1555 5544 constituit
1579 5492 1750 5542 natu-

82 5585 202 5643 rali
225 5590 287 5640 et
307 5581 598 5639 laudabili
629 5580 826 5637 studio
855 5579 1094 5646 ductus,
1126 5578 1272 5634 illud
1310 5576 1635 5634 constituit.
1665 5575 1750 5631 lbi

86 5675 268 5735 enim
290 5673 482 5740 disco,
512 5683 713 5738 cursu,
739 5681 949 5743 pugna
971 5674 1030 5726 et
1055 5669 1216 5726 lucta
1242 5683 1456 5725 omnes
1486 5680 1759 5724 exercen-

1846 3183 1922 3237 ad
1954 3179 2187 3235 nullum
2204 3179 2387 3232 ﬁnem
2406 3178 2728 3232 honestum
2752 3176 3188 3233 etlaudabilem
3207 3182 3499 3252 pervenit.

1847 3279 1928 3324 Ac
1949 3268 2043 3324 ille
2074 3267 2318 3338 quidem
2350 3271 2640 3322 certantes
2677 3267 2906 3321 honore
2963 3267 3162 3335 afﬁcit,
3223 3269 3320 3324 hic
3359 3285 3501 3325 vero

1850 3364 2145 3431 potantes.
2171 3359 2236 3412 Et
2267 3355 2412 3412 illud
2439 3355 2686 3428 quidem
2735 3357 2930 3425 magis
2974 3357 3053 3413 ad
3094 3365 3377 3414 naturam
3401 3375 3501 3415 ac-

1849 3447 1999 3514 cedi,
2031 3445 2192 3502 istud
2205 3461 2345 3501 vero
2370 3451 2740 3518 postremum
2766 3451 2854 3500 est
2872 3445 3303 3517 turpissimum.
3339 3450 3502 3504 Nun—

1848 3537 1992 3609 quid
2040 3535 2218 3605 igitur
2295 3533 2461 3607 quod
2520 3539 2736 3590 natura
2792 3542 3021 3591 constat
3086 3541 3173 3593 est
3221 3544 3506 3609 praestan-

1849 3629 1966 3682 tius
1996 3641 2068 3680 eo
2097 3625 2259 3696 quod
2285 3623 2576 3695 positione
2596 3623 2624 3678 ‘?
2655 3625 2818 3680 Certe
2840 3625 3232 3698 compellente
3257 3629 3503 3684 veritate

1849 3713 2097 3788 quilibet
2147 3711 2448 3768 fatebitur.
2505 3715 2654 3768 Sunt
2700 3720 2902 3770 autem
2951 3716 3130 3771 etiam
3178 3716 3296 3773 alia
3343 3734 3504 3790 quaa-

1850 3804 1993 3860 dam
2024 3817 2159 3874 quae
2195 3803 2414 3874 partim
2443 3818 2581 3857 cum
2611 3801 2703 3856 his
2762 3803 3080 3870 cohaerent,
3151 3808 3368 3876 partim
3425 3807 3504 3863 ab

1849 3892 2060 3948 iisdem
2094 3889 2395 3946 differunt.
2441 3893 2506 3946 Ut
2531 3905 2629 3945 ars
2681 3890 2938 3946 ducendi
3002 3894 3326 3949 exercitum
3378 3896 3506 3966 pri-

1849 3997 1966 4036 mae
1996 3978 2468 4036 architectonicas
2499 3983 2585 4033 est
2615 3979 2907 4050 proxima.
2942 3980 3163 4035 Deinde
3184 3983 3501 4039 medicina.

1852 4073 2000 4125 Nam
2030 4069 2155 4124 haec
2182 4081 2426 4138 quoque
2459 4067 2734 4122 homines
2765 4067 3094 4139 plurimum
3115 4068 3305 4139 juvat.
3338 4074 3504 4140 Agri-

1851 4158 2083 4214 cultura
2104 4171 2246 4212 vero
2267 4163 2358 4211 est
2373 4157 2734 4211 communis.
2755 4158 2837 4211 Ac
2859 4158 2908 4211 si
2925 4158 3061 4229 quis
3078 4159 3504 4230 agriculturam

1852 4263 1925 4303 ex
1953 4247 2108 4302 veris
2144 4245 2474 4301 rationibus
2504 4244 2860 4315 consideret,
2891 4245 3133 4317 plenam
3163 4247 3508 4306 eruditionis

1854 4352 1986 4392 esse
2026 4334 2368 4406 comperiet.
2415 4336 2596 4389 Nemo
2649 4349 2790 4390 vero
2819 4334 3160 4391 oﬂendatur
3215 4353 3286 4393 eo
3341 4339 3510 4409 quod

1857 4424 2122 4495 agricola
2149 4424 2408 4479 rationes
2429 4437 2554 4477 non
2579 4423 2778 4493 novit;
2804 4423 2852 4478 is
2875 4425 3074 4495 potius
3116 4433 3305 4482 artem
3359 4429 3512 4498 agri-

1859 4513 2106 4570 culturae
2128 4528 2199 4568 ex
2215 4512 2442 4566 ratione
2463 4511 2744 4566 exsistere
2762 4511 3076 4583 diligenter
3093 4521 3272 4570 notet.
3297 4519 3512 4582 Quem-

1859 4601 2192 4660 admodum
2219 4601 2378 4655 enim
2409 4615 2504 4655 ars
2533 4600 2942 4669 gubernandae
2994 4604 3167 4658 navis
3201 4605 3509 4676 signorum

1860 4692 2262 4761 cognitionem
2287 4705 2324 4744 a
2358 4689 2556 4762 prima
2586 4690 2833 4761 accepit,
2876 4706 3135 4763 quorum
3183 4697 3382 4748 tamen
3421 4710 3512 4750 ra-

1859 4781 2084 4836 tionem
2108 4778 2356 4834 reddere
2403 4778 2628 4850 nequit,
2660 4777 2740 4834 ita
2765 4779 2944 4834 etiam
2976 4780 3240 4848 agricola
3260 4796 3296 4835 a
3316 4782 3513 4852 prima

1857 4868 1960 4924 illa
1988 4867 2250 4932 scientia,
2279 4872 2344 4920 ut
2393 4871 2486 4921 est
2513 4881 2776 4935 necesse,
2818 4866 3150 4922 doctrinam
3209 4869 3513 4926 actionum

1858 4957 2086 5028 accepit
2113 4971 2125 5007 :
2158 4956 2280 5022 agit
2304 4960 2504 5009 autem
2522 4954 2779 5008 rationes
2806 4970 2926 5008 non
2956 4954 3340 5024 investigans.
3363 4957 3514 5014 Nam

1857 5045 2054 5118 prima
2083 5042 2330 5098 scientia
2359 5041 2707 5096 certissimis
2739 5047 2796 5097 et
2827 5043 3155 5098 verissimis
3184 5046 3518 5105 conclusio-

1857 5117 2035 5188 nibus
2096 5131 2254 5186 hanc
2303 5117 2492 5186 artem
2545 5128 2797 5184 confecit
2853 5129 3002 5185 Cum
3051 5135 3252 5188 autem
3303 5135 3518 5206 vulgus

1855 5221 2013 5276 hanc
2051 5224 2240 5275 artem
2296 5231 2568 5272 exercere
2631 5216 2816 5288 vellet,
2881 5221 3186 5276 sententia;
3232 5223 3519 5294 quaedam

1857 5310 1936 5366 ab
1955 5308 2240 5365 omnibus
2267 5312 2541 5378 recepta,
2566 5306 2645 5362 ab
2669 5305 2768 5362 illa
2799 5309 2992 5379 prima
3038 5311 3285 5368 scientia
3342 5324 3525 5385 quasi

1855 5415 1963 5471 per
1987 5413 2205 5453 manus
2239 5395 2470 5451 tradita)
2497 5402 2553 5450 et
2587 5396 2665 5451 ad
2689 5402 2960 5468 posteros
2983 5407 3330 5472 pr0pagatae
3359 5408 3518 5473 sunt,

1859 5501 2110 5559 quarum
2123 5485 2361 5557 quidem
2383 5486 2799 5541 sententiarum
2827 5487 3088 5542 rationes
3113 5505 3282 5542 nemo
3305 5496 3526 5546 scruta-

1867 5578 2250 5632 tur.’l‘estatur
2264 5575 2442 5630 etiam
2457 5574 2744 5630 Hesiodus
2759 5581 2937 5646 poeta
2948 5580 3135 5631 artem
3151 5577 3526 5648 agricultura;
3557 5617 3566 5628 .

1867 5669 1936 5720 ut
1970 5669 2029 5722 et
2046 5679 2259 5721 omnes
2277 5667 2456 5733 artes,
2485 5677 2524 5719 a
2548 5664 2746 5735 prima
2771 5664 2876 5722 ilta
2906 5663 3158 5723 scientia
3199 5679 3532 5738 manasse;
