4066 6212
669 275 804 332 1359

2180 257 2537 323 ADDENDA.
3804 281 3894 342 i360

665 400 933 471 ὑπόθεσιν,
969 418 1059 452 και
1087 415 1204 470 περι
1233 413 1323 467 μεν
1350 394 1544 454 ταύτης
1579 389 1632 455 ἐς
1684 394 1856 448 τὸσὸν.
1914 392 2149 463 Είπωμεν
2203 387 2262 442 δι
2319 392 2366 446 Α
2425 396 2780 464 φυσικωτέραν
2850 398 3038 468 κρᾶσιν
3112 395 3348 446 κοινωνία
3393 399 3472 447 καὶ
3544 397 3694 469 μᾶλλον
3761 411 3876 477 αγαῡῆ

663 493 782 563 περὶ
817 490 884 540 ὧν
915 487 1301 560 ύπεσχέθημεν.

735 575 803 636 η’.
832 580 1128 650 Στρατηγία
1160 577 1250 646 μὲν
1287 569 1376 625 οὖν
1423 577 1585 644 τέχνη
1637 571 1769 631 καλή
1817 575 1904 624 καὶ
1966 573 2259 645 πρωτίστη,

662 669 1003 736 χρυσοχοίκή
1039 660 1097 716 δὲ
1127 667 1360 737 περιττή.
1391 668 1632 715 Κοινωνεί
1661 656 1720 713 δε
1771 666 1936 732 Κῦρος
1993 661 2081 730 μὲν
2145 675 2262 709 παι-

663 749 780 826 δεία
808 762 881 825 τῷ
905 753 1076 824 οἰκείῳ
1109 755 1464 827 στρατεύματι
1519 746 1795 804 διδάσκων
1845 748 1971 800 αὐτὸ
2013 750 2069 799 τὸ
2123 744 2260 798 λιτὸν

658 849 749 896 καὶ
822 846 946 918 πρὸς
991 845 1234 918 περιττὰς
1280 840 1553 912 ἀπέριττον
1618 845 1866 913 χρήσεις.
1929 843 2152 911 Κροῖσος
2202 830 2260 886 δὲ

661 932 941 986 Πακτωλοῦ
969 933 1120 1007 ῥύσει
1155 930 1312 984 πολὺν
1366 931 1720 1004 συναθροίσας
1773 929 2001 1001 χρυσὸν,
2036 931 2261 978 ποιεῖται

658 1026 788 1097 πρὸς
815 1026 1160 1098 χρυσοχόους
1189 1023 1280 1082 τὰς
1321 1024 1605 1086 κοινωνίας,
1638 1015 1732 1071 διὰ
1768 1021 1852 1070 τὸν
1901 1017 2258 1089 μακαρισμὸν,

657 1109 815 1185 οὗπερ
838 1111 931 1164 ούκ
979 1111 1172 1173 ἠξιώθη
1208 1108 1302 1161 κᾶν
1335 1111 1478 1183 παρὰ
1535 1106 1772 1174 Σόλωνος,
1827 1112 2064 1180 χρυσοῦς
2118 1122 2260 1165 τινας

656 1197 909 1274 τρίποδας
949 1199 1355 1259 κατασκευάζων
1413 1202 1503 1251 καὶ
1568 1195 1832 1256 πλίνθους.
1896 1201 2091 1270 Κρᾶσις
2149 1187 2256 1250 ἤδη

659 1291 860 1351 τούτοις
898 1309 989 1341 και
1029 1293 1291 1341 κονωνία·
1324 1292 1414 1339 καὶ
1472 1286 1500 1344 ἡ
1561 1289 1651 1358 μὲν
1711 1289 2058 1357 φυσικωτέρα,
2119 1282 2148 1340 ἡ
2209 1274 2261 1335 δ’

656 1377 782 1436 ἄλλη
807 1377 856 1439 ἐς
893 1382 1046 1431 τόσον
1103 1376 1314 1450 βασιλεῖ
1369 1375 1619 1450 ἀπρεπής.
1675 1378 1744 1427 Τὸ
1798 1377 1889 1446 μεν
1945 1375 2046 1445 γὰρ
2102 1367 2259 1424 διδά-

658 1487 799 1522 σκειν
828 1471 886 1520 τὸ
925 1469 1222 1542 στράτευμα
1248 1470 1336 1519 τόν
1389 1465 1614 1539 βασιλέα
1660 1469 1934 1540 καρτερίας
1966 1458 2262 1534 ὑπόδειγμα

658 1557 834 1610 ἑαυτὸν
866 1553 1169 1609 δεικνύοντα
1215 1555 1516 1628 φιλόσοφον.
1574 1557 1798 1607 Βασιλέα
1851 1555 1953 1626 γὰρ
2005 1551 2063 1604 ού
2109 1551 2256 1618 λαοῦ,

657 1644 786 1698 ἀλλά
818 1650 913 1698 σὺν
937 1648 1102 1717 τούτῳ
1145 1650 1236 1697 καὶ
1289 1653 1388 1697 τῶν
1439 1645 1616 1697 παθῶν
1671 1642 1825 1695 αὑτὸν
1879 1639 2142 1695 δείκνυσιν
2172 1640 2261 1704 ’ἐξ

655 1733 716 1786 οὑ
775 1736 1054 1805 συνάγεται
1109 1736 1188 1786 ὅτι
1245 1731 1480 1806 βασιλεῖς
1536 1734 1713 1785 παθῶν
1769 1735 1886 1792 τοὺς
1949 1732 2048 1782 ὑπὸ
2100 1737 2258 1802 χεῖρα

654 1830 817 1875 ποιεῖν
869 1821 1046 1877 ἐθέλει.
1095 1821 1164 1876 Ὢ
1214 1829 1305 1875 τοῦ
1352 1828 1690 1895 μακαρισμοῦ
1724 1819 1829 1874 ΞΤό
1892 1817 1950 1872 δὲ
2001 1816 2259 1894 τρίποδας

652 1913 1058 1974 κατασκευάζειν
1117 1919 1358 1984 χρυσοῦς
1395 1917 1483 1963 καὶ
1526 1911 1765 1970 πλίνθους
1805 1913 1895 1962 καὶ
1925 1908 2039 1969 ὅλας
2068 1909 2258 1981 λαμίας

652 2008 882 2075 χρυσοῦ,
967 2001 1307 2072 ὑφασμάτων,
1387 2003 1669 2074 μαργάρων
1769 2001 2046 2071 ἐμπιπλᾷν,
2141 2001 2258 2050 οὔτε

652 2089 833 2141 ἑαυτὸν
865 2088 1090 2162 βασιλέα
1120 2086 1383 2142 δείκνυσιν
1415 2091 1441 2141 ὁ
1499 2097 1652 2142 τοῦτο
1704 2097 1883 2158 ποιῶν,
1931 2091 2047 2140 οὔτε
2100 2085 2258 2160 βασιε

967 2001 1307 2072 ὑφασμάτων,
1387 2003 1669 2072 μαργάρων
1769 1997 2046 2071 ἓμπιπλᾲν,

649 2177 766 2239 λεας
793 2186 909 2231 ποεῖ
931 2183 1050 2240 τοὺς
1109 2175 1565 2250 βασιλευομένους,
1620 2187 1803 2231 πασῶν
1851 2173 2052 2236 ἡδονῶν
2111 2173 2170 2228 δε
2198 2195 2257 2248 γε

647 2271 737 2319 καὶ
766 2266 996 2338 μάλιστα
1025 2263 1266 2330 δούλους.
1299 2267 1442 2320 Ἵσθι
1475 2263 1534 2319 δε
1580 2271 1670 2319 καὶ
1722 2270 1781 2318 τὸ
1822 2265 1961 2327 τελος
2013 2275 2113 2318 τῶν
2159 2265 2255 2338 ἆμ-

648 2359 888 2428 φοτέρων,
945 2358 1134 2407 πιστὸν
1197 2355 1264 2417 εἰς
1317 2352 1584 2418 ἀπόδειξιν
1650 2356 1677 2407 ὂ
1733 2360 1822 2408 καὶ
1868 2352 2155 2429 πρόδηλον.
2194 2354 2253 2407 Ὀ

646 2446 736 2514 μεν
765 2445 865 2517 γὰρ
896 2442 950 2494 ἐκ
979 2451 1170 2518 μικροῦ
1196 2449 1355 2518 μέγας
1383 2440 1476 2497 διὰ
1495 2448 1553 2497 τὸ
1594 2444 1799 2516 ἕλλογον
1831 2443 1932 2497 ἀπὸ
1971 2446 2200 2518 περάτων
2235 2463 2248 2477 ·

645 2533 740 2593 ἕως
765 2533 998 2606 περάτων
1059 2552 1072 2565 ·
1125 2535 1151 2584 ὁ
1209 2529 1268 2585 δι
1325 2530 1546 2595 ἰδιώτης
1584 2537 1675 2586 καὶ
1726 2535 1964 2606 ἄχρυσος
2010 2537 2100 2586 καὶ
2146 2531 2249 2586 ἀπὸ

643 2621 877 2696 περάτων
947 2624 1038 2674 καὶ
1093 2623 1327 2696 περάτων
1381 2623 1472 2685 ἕως
1535 2628 1782 2695 στιγμῆς,
1846 2623 1982 2682 ᾤστε
2034 2623 2063 2680 ἡ
2113 2625 2250 2676 κατὰ

2425 486 2515 542 τῆς
2535 485 2688 554 μόνον
2719 484 2852 535 κατὰ
2877 489 3064 555 κρᾶσιν
3093 486 3184 534 καὶ
3215 483 3366 536 θέσιν.
3403 482 3524 536 Ἴσοι
3569 488 3649 561 γὰρ
3793 505 3875 566 τιμῇ

2422 567 2588 640 οὗτοι,
2659 572 2768 626 ἐπεὶ
2849 571 3108 645 βασιλεῖς,
3178 571 3280 624 ἀλλ’
3330 573 3353 624 ὁ
3413 577 3490 645 με)
3535 577 3786 650 primaeui;
3824 595 3880 640 καί

2422 659 2754 732 μεγαλοφυὼν
2775 665 3034 724 κοινωνὸς,
3077 663 3102 714 ὁ
3157 658 3216 714 δὲ
3261 666 3512 736 μικρόνους
3553 673 3627 718 καὶ
3661 668 3880 726 κωπηλικὼν

2422 753 2663 812 κοινωνός
2694 770 2707 783 ο
2743 750 3045 824 ὠνόμασται
3074 751 3174 823 γὰρ
3231 768 3348 802 ποτε
3401 755 3480 802 καὶ
3523 757 3726 828 Τραῖα-δὸς
3766 764 3876 830 πατὴρ

2424 833 2519 890 διὰ
2543 841 2600 890 τὸ
2632 837 2846 912 ἀγαθὸν,
2879 845 3053 913 Νέρων
3077 835 3136 892 δε
3188 841 3378 914 θηρίον,
3420 839 3590 912 Ξέρξης
3636 839 3684 896 δὲ
3713 845 3879 912 κάπηλος,

2422 928 2502 980 ὅτι
2577 930 2706 1000 ἄγαν
2755 932 2804 980 ἐν
2854 938 2926 1000 τῷ
3009 932 3102 991 τὰς
3179 931 3351 1000 φύσεις
3411 929 3673 988 καπηλεύειν
3720 935 3881 986 ἑθεωτοίιί

2423 1017 2599 1084 αὑτὸν,
2668 1016 2956 1079 πλατάνους
3019 1020 3416 1081 κατασκευάζων
3476 1025 3655 1092 χρυσᾶς
3700 1020 3882 1092 εύφνλλιύο

2425 1125 2536 1174 σας,
2586 1108 2616 1166 ἡ
2694 1107 2885 1181 μᾶλλον
2963 1110 3056 1160 σὺν
3133 1105 3272 1177 αύτῷ
3336 1108 3511 1178 τάχιον
3569 1107 3878 1183 φυλλορροούσεςι

2420 1196 2579 1249 Ὥστε
2661 1197 2787 1249 αὑτὸ
2862 1198 2997 1250 θέσει
3070 1198 3184 1248 τινα
3243 1199 3427 1248 τούτων
3481 1197 3507 1254 ἦ
3552 1196 3701 1270 ἐτέρων
3744 1202 3806 1248 καί
3838 1217 3881 1249 τοι

2421 1290 2620 1360 μυρίων
2663 1289 2818 1338 ὄντων
2893 1281 3132 1353 ἐὸόξασε,
3200 1283 3294 1336 κᾶν
3346 1280 3599 1348 ἐδοξάζετο
3639 1286 3764 1352 θέσει,
3808 1285 3881 1336 ἀλλὰ

2421 1379 2479 1427 τὸ
2508 1377 2680 1447 φύσει,
2711 1377 2833 1448 ὅπερ
2874 1378 2964 1426 καὶ
3002 1379 3173 1446 τίμιον
3229 1378 3318 1426 καὶ
3365 1377 3545 1447 κυρίως
3591 1378 3666 1425 και
3709 1369 3884 1425 ἰδιαίτατα

2420 1469 2750 1538 τιμιώτατον.
2812 1464 2938 1538 Ἐρᾲ
2992 1460 3051 1517 δὲ
3098 1467 3189 1516 καὶ
3255 1461 3501 1536 βασιλεως
3571 1463 3758 1534 ὑφάντης
3791 1470 3881 1514 τοῦτο

2421 1558 2638 1626 φυσικόν
2663 1573 2676 1587 ·
2707 1551 2953 1625 ἀνάγεται
3008 1556 3109 1628 γὰρ
3167 1555 3226 1605 τὸ
3285 1551 3544 1626 ἐλάχιστον
3585 1555 3694 1627 πρὸς
3727 1555 3771 1603 τὸ
3804 1550 3884 1616 ὅλον,

2421 1648 2510 1696 καὶ
2542 1641 2793 1716 βασιλεύς
2832 1639 3153 1714 ἀποδέχεται
3205 1641 3456 1704 λιθοξοον.
3505 1644 3651 1693 Τοῦτο
3696 1638 3887 1712 90.06665:-

2421 1752 2514 1785 πον
2553 1753 2566 1766 ·
2601 1736 2737 1805 φέρει
2767 1733 2869 1806 γὰρ
2907 1735 2965 1784 τὸ
3018 1731 3132 1784 ὅλον
3177 1732 3245 1784 τὰ
3277 1734 3426 1806 μέρη.
3489 1734 3720 1787 Σκόπησον
3769 1724 3810 1780 δὲ
3843 1729 3888 1778 ὅτι

2422 1823 2604 1894 ἕλλογα
2629 1830 2832 1875 ταῦτα·
2863 1821 2956 1875 οὐκ
3009 1819 3149 1876 εἶπον
3199 1825 3302 1896 γὰρ
3356 1823 3434 1873 ὅτι
3477 1827 3681 1873 κοινωνεί
3723 1815 3891 1891 βασιλέι-ις

2422 1914 2666 1987 ὑφάντης,
2694 1911 2797 1965 ἀλλ’
2835 1913 2916 1966 ὅτι
2959 1911 3069 1985 ἐρᾷ,
3126 1911 3231 1964 αλλ’
3282 1908 3404 1964 οὐδὲ
3453 1909 3676 1984 βασιλεῦς
3706 1916 3775 1960 τοῦ
3809 1907 3892 1958 λιθο-

2423 2002 2540 2067 ξόου
2599 2001 2705 2055 ἀλλ’
2754 1998 3078 2074 ἀποδέχεται
3123 2003 3255 2054 ὥστε
3311 2004 3369 2053 τὸ
3449 1995 3778 2070 ἀποδέχεσθαι,
3812 1999 3894 2052 τινός

2420 2091 2531 2145 ἐστι
2587 2096 2676 2144 καὶ
2747 2091 2851 2163 οὑχ
2908 2091 3026 2151 ὅλης
3099 2098 3190 2151 τῆς
3249 2094 3524 2150 κοινωνίας.
3577 2087 3719 2140 Ὀπον
3761 2087 3830 2154 γὰρ
3861 2086 3892 2132 τὸ

2417 2183 2714 2234 κοινωνικὸν
2795 2182 2957 2252 ὄνομα
3033 2186 3221 2246 κεῖται,
3304 2183 3397 2238 τὴν
3471 2185 3562 2230 τῶν
3632 2175 3895 2228 zona-[cirum

2419 2266 2691 2329 δηλοποιεί
2755 2273 3076 2342 συμφωνίαν.
3156 2274 3400 2328 Τοιοῦτος
3465 2268 3560 2339 γάρ
3623 2263 3717 2316 ἐστι
3759 2263 3894 2318 ἕκαστος

2417 2357 2597 2432 οἷσπερ
2637 2355 2821 2419 ἣδεται
2849 2359 3032 2426 ξυνὼν,
3064 2360 3132 2420 ὡς
3159 2361 3249 2410 καὶ
3301 2360 3361 2409 τὸ
3415 2355 3550 2428 φίλος
3581 2357 3628 2406 τί
3671 2351 3781 2404 ἐστιν
3807 2348 3896 2405 ἀλλος

2416 2450 2572 2511 αὑτός
2627 2470 2639 2482 ·
2681 2455 2910 2502 κοινωνεῖ
2954 2449 3046 2520 μεν
3105 2449 3206 2520 γὰρ
3258 2453 3372 2508 τοῖς
3429 2445 3630 2517 ὁμοίοις,
3675 2435 3895 2507 ἀποδέχεται

2415 2533 2474 2591 δὲ
2501 2543 2592 2590 καί
2617 2557 2740 2591 ποτε
2768 2540 2834 2590 τὰ
2886 2541 2958 2610 μὴ
3011 2538 3166 2610 ὅμοιά
3209 2555 3316 2605 τις,
3371 2535 3475 2588 οἷον
3533 2534 3670 2586 ἱππον
3710 2529 3734 2588 ἦ
3766 2524 3894 2616 βοῦνῇ

2413 2635 2565 2685 κῦνα.
2598 2622 2791 2689 Οὐδεὶς
2815 2628 2916 2701 γὰρ
2956 2631 3190 2678 κοινωνεῖ
3243 2626 3390 2696 ἵππῳ
3439 2625 3555 2693 τινὶ,
3605 2623 3683 2671 καὶ
3727 2611 3897 2672 οὗδῑὶςον

638 2841 784 2882 nam
815 2830 1106 2898 tempora,
1125 2825 1308 2897 locos,
1327 2827 1607 2898 rationes,
1626 2831 1683 2884 et
1705 2843 1799 2884 res
1830 2833 2142 2896 scrutatur,
2161 2830 2290 2903 qui-
2329 2829 2370 2884 C
2399 2829 2546 2887 alter
2571 2846 2710 2887 vero
2741 2846 2778 2887 a
2807 2828 2924 2886 ﬁne
2945 2832 3002 2885 et
3023 2829 3142 2884 ﬁne
3167 2843 3370 2901 usque
3391 2827 3470 2884 ad
3489 2827 3779 2899 punctum:
3808 2814 3916 2871 idiota

633 2915 751 2972 bus
787 2914 1154 2986 investigatis
1190 2917 1527 2973 doctrinam
1565 2917 1899 2989 quamdam
1934 2918 2290 2977 nobiliorem

634 3006 834 3062 tradit.
854 3007 973 3062 Hoc
987 3006 1049 3061 in
1067 3006 1382 3078 praesentia
1397 3007 1735 3080 exemplum
1761 3024 2094 3081 proponere
2107 3008 2288 3066 volui-

631 3110 790 3152 mus.
810 3099 890 3150 Ac
909 3094 985 3152 de
1005 3093 1366 3165 agricultura
1387 3095 1634 3168 quidem
1657 3096 1971 3153 hactenus.
2009 3098 2285 3154 Dicamus

629 3199 772 3239 vero
789 3183 864 3239 de
887 3183 1019 3253 illis,
1041 3183 1116 3239 de
1136 3184 1358 3256 quibus
1377 3201 1488 3241 nos
1506 3185 1768 3242 dicturos
1789 3186 2030 3258 polliciti
2050 3203 2279 3242 sumus.

701 3277 751 3328 8.
774 3277 884 3328 Ars
912 3271 1089 3342 igitur
1118 3273 1376 3329 ducendi
1429 3275 1749 3330 exercitum
1801 3275 2054 3331 honesta
2090 3281 2182 3332 est
2226 3281 2284 3333 et

627 3361 937 3432 praeclara,
991 3367 1050 3418 at
1098 3377 1196 3416 ars
1245 3361 1562 3418 auriﬁcum
1608 3369 1697 3418 est
1740 3364 2062 3436 superﬂua.
2097 3364 2280 3421 Porro

628 3454 816 3522 Cyrus
846 3467 985 3505 cum
1017 3466 1128 3506 suo
1157 3451 1417 3506 exercitu
1445 3451 1792 3508 eruditionis
1831 3457 2057 3508 ratione
2111 3469 2276 3509 com-

624 3539 913 3605 municat,
939 3538 1164 3594 docens
1183 3538 1377 3610 ipsam
1403 3537 1802 3608 frugalitatem
1827 3546 1884 3596 et
1910 3539 1970 3595 in
2020 3555 2134 3595 usu
2172 3555 2276 3594 su-

625 3628 856 3697 pertluo
878 3626 1374 3683 moderationem.
1400 3631 1634 3684 Crmsus
1673 3634 1894 3694 autem,
1937 3645 2010 3684 ex
2041 3627 2275 3685 Pactolo

626 3731 852 3784 magna
882 3715 934 3770 vi
973 3715 1104 3772 auri
1135 3715 1398 3782 collecta,
1451 3717 1754 3774 constituit
1782 3717 2276 3774 communionem

625 3821 764 3860 cum
789 3804 1160 3872 auriﬁcibus,
1192 3805 1307 3861 hoc
1327 3805 1512 3862 modo
1553 3805 1799 3862 beatum
1843 3823 1906 3864 se
1935 3807 2059 3863 fore
2084 3807 2276 3863 existi-

622 3909 821 3950 mans.
853 3896 982 3960 Qua
1028 3899 1231 3950 tamen
1289 3893 1589 3962 beatitate,
1637 3911 1826 3967 quam
1874 3896 2157 3968 sperabat
2210 3911 2274 3953 se

621 3989 1106 4049 consecuturum,
1139 4000 1176 4040 a
1207 3982 1419 4041 Solone
1445 3984 1664 4054 dignus
1692 3999 1816 4042 non
1845 3990 1931 4041 est
1947 3985 2270 4056 judicatus,

623 4089 761 4129 cum
787 4073 1047 4144 tripodes
1086 4072 1387 4144 quosdam
1412 4088 1626 4129 aureos
1674 4077 1730 4130 et
1776 4072 1992 4130 lateres
2028 4090 2272 4148 quoque

2398 2925 2454 2975 et
2482 2920 2614 2976 auri
2650 2934 2862 2992 expers
2889 2918 3091 2974 evasit.
3128 2920 3330 2983 Quare
3377 2911 3701 2973 communio
3737 2905 3814 2963 illa
3843 2915 3917 2974 qua

2395 3012 2486 3064 est
2539 3023 2613 3064 ex
2682 3006 3108 3078 temperatione
3177 3003 3459 3070 naturali,
3513 2999 3684 3058 multo
3722 2993 3870 3052 melior
3891 2992 3918 3040 et

2391 3096 2769 3169 praestantior
2816 3099 2905 3151 est
2951 3111 3043 3160 ea,
3075 3109 3212 3167 quae
3251 3099 3350 3150 est
3401 3108 3475 3148 ex
3528 3081 3918 3169 temperationeet

2391 3168 2832 3242 constitutione.
2861 3188 3008 3241 Nam
3024 3199 3194 3255 reges
3219 3183 3319 3238 isti
3341 3182 3564 3238 honore
3591 3181 3714 3234 sunt
3735 3168 3918 3266 aequales-

2390 3274 2505 3332 Sed
2533 3290 2686 3331 unus
2702 3280 2795 3330 est
2821 3273 3246 3344 magnanimus
3262 3288 3339 3329 ac
3357 3271 3540 3337 fortis,
3557 3269 3918 3353 etmagnomov

2388 3380 2522 3419 rum
2542 3381 2613 3420 ac
2631 3364 2873 3421 fortium
2891 3363 3092 3418 socius
3117 3380 3131 3429 ;
3156 3361 3308 3418 alter
3327 3377 3470 3417 vero
3491 3365 3576 3415 est
3593 3351 3795 3424 augusti
3809 3351 3918 3403 animi

2385 3456 2443 3509 et
2471 3469 2817 3526 cauponam
2856 3452 3073 3508 socius.
3099 3455 3164 3507 Et
3190 3451 3490 3524 Trajanus
3518 3446 3653 3504 olim
3689 3436 3917 3514 appellatus

2383 3546 2472 3598 θεῖ
2514 3548 2682 3614 Pater
2717 3546 2960 3614 propter
3023 3541 3382 3604 bonitatem,
3423 3541 3572 3596 Nero
3625 3534 3748 3596 fera,
3792 3529 3918 3614 tenes

2383 3611 2602 3702 caupo,
2646 3611 2937 3702 quoniam
2982 3633 3230 3686 naturas
3287 3642 3492 3692 rerum
3537 3611 3918 3693 cauponandose

2385 3723 2502 3776 Deo
2523 3735 2733 3793 parem
2765 3718 3010 3776 reddere
3031 3717 3271 3774 volebat
3307 3735 3322 3774 :
3354 3732 3491 3773 cum
3525 3713 3769 3786 platanos
3791 3712 3923 3759 aureis

2383 3806 2496 3863 sibi
2552 3806 2958 3864 conﬁciendas
3029 3811 3265 3864 curaret
3319 3803 3644 3861 virentibus
3693 3793 3828 3856 foliis,
3860 3798 3921 3884 seu

2383 3897 2578 3968 potius
2598 3913 2737 3953 cum
2766 3897 2900 3970 ipso
2930 3895 3126 3953 ﬂuxis.
3149 3897 3351 3961 Quare
3372 3892 3540 3964 illud,
3571 3886 3722 3964 quod
3737 3885 3924 3972 constiiu'

2383 3965 2542 4043 tione
2572 3965 2810 4044 constat
2825 3993 3104 4044 neutrum
3134 3985 3379 4042 illorum
3411 3998 3640 4055 regum,
3678 3987 3831 4046 neque
3845 3965 3925 4022 λίην

2379 4091 2515 4131 rum
2545 4075 2860 4133 hominum
2905 4075 3187 4148 quamvis
3230 4073 3627 4136 inﬁnitorum,
3665 4066 3926 4148 quamqua?1

621 4176 838 4216 aureos
860 4143 984 4216 sibi
1005 4143 1408 4218 conﬁciendos
1429 4165 1682 4218 curaret.
1727 4162 2018 4235 Estigitur
2046 4143 2107 4219 in
2141 4143 2270 4221 ain-
2306 4188 2349 4242 D
2379 4164 2708 4235 gloriosum
2738 4143 3016 4222 reddidit.
3060 4165 3174 4222 Sed
3221 4163 3324 4219 fac
3369 4162 3690 4233 gloriosum
3724 4147 3851 4242 reddi
3868 4143 3924 4197 ab"

618 4249 818 4305 bobus
839 4251 1186 4322 temperatio
1199 4267 1268 4306 ac
1286 4251 1769 4322 communicatio,
1795 4267 1866 4308 ac
1886 4269 2008 4309 uua
2031 4253 2269 4325 quidem

619 4339 816 4410 magis
841 4341 914 4396 ad
935 4345 1213 4398 naturam
1243 4341 1490 4404 accedit,
1540 4341 1723 4398 altera
1753 4359 1889 4399 vero
1923 4359 2125 4414 regem
2146 4360 2270 4402 non

619 4430 809 4486 decet.
838 4433 933 4487 Est
957 4431 1118 4488 enim
1155 4432 1312 4502 regis
1343 4431 1557 4488 docere
1611 4433 1934 4489 exercitum
1965 4437 2269 4491 continen-

618 4519 764 4576 tiam
790 4519 1310 4588 etabstinentiam,
1351 4520 1615 4592 seipsum
1673 4521 1960 4578 exhibens
2013 4523 2270 4594 philoso-

617 4609 829 4680 phum.
859 4613 1007 4666 Nam
1034 4625 1158 4666 non
1187 4609 1386 4665 solum
1414 4609 1621 4682 populi
1667 4626 1869 4680 regem
1930 4611 2037 4668 sed
2087 4613 2268 4670 etiam

617 4699 1134 4770 perturbationum
1165 4716 1228 4755 se
1249 4698 1507 4754 ostendit
1530 4715 1636 4766 ;ex
1655 4715 1775 4772 quo
1800 4698 1867 4756 ﬁt
1895 4701 2098 4772 ipsum
2118 4702 2268 4760 velle

616 4804 857 4862 quoque
874 4805 1018 4844 suos
1037 4787 1250 4844 milites
1277 4787 1794 4860 perturbationum
1811 4805 1983 4860 reges
1999 4790 2229 4848 efﬁcere
2243 4836 2257 4849 .

617 4881 658 4933 υ
692 4894 896 4934 veram
917 4878 1262 4934 bcatitatem
1293 4878 1304 4933 !
1347 4878 1526 4950 Atqui
1556 4877 1818 4949 tripodes
1835 4878 2126 4936 etlateres
2156 4897 2264 4938 au-

613 4981 747 5022 reos
769 4967 926 5034 facit,
958 4973 1012 5024 et
1041 4967 1350 5025 conclavia
1376 4968 1508 5040 ipsa
1549 4966 1714 5024 omni
1752 4983 1825 5022 ex
1873 4974 2042 5040 parte
2092 4987 2262 5041 auro,

615 5055 856 5111 texturis
885 5060 942 5111 et
981 5056 1303 5113 unionibus
1333 5055 1592 5129 complet
1626 5073 1638 5111 :
1670 5071 1794 5113 non
1814 5056 1939 5129 ipse
1965 5075 2029 5115 se
2061 5075 2264 5132 regem

612 5145 894 5214 ostendit,
923 5161 1120 5218 neque
1148 5146 1254 5219 qui
1280 5145 1397 5203 hoc
1415 5146 1558 5202 facit
1582 5145 1714 5202 illos
1765 5163 1920 5220 quos
1977 5149 2127 5219 regit
2167 5165 2264 5208 re-

613 5249 719 5305 ges
755 5233 952 5304 etﬂcit,
981 5251 1121 5291 cum
1151 5235 1700 5308 perturbationibus
1742 5241 1799 5292 et
1853 5237 2263 5310 voluptatibus

609 5323 952 5396 turpissime
1008 5324 1286 5382 serviant.
1355 5326 1540 5382 Porro
1608 5325 1929 5382 amborum
1977 5327 2113 5384 ﬁnis
2171 5328 2260 5386 fa-

610 5411 828 5469 cillime
870 5413 1099 5470 ostendi
1147 5418 1359 5488 potest,
1407 5419 1463 5470 et
1517 5413 1744 5470 nemini
1794 5418 1884 5470 est
1927 5415 2255 5475 .obscurus.

613 5504 775 5558 linus
800 5503 960 5559 enim
990 5518 1062 5559 ex
1091 5519 1276 5577 parvo
1303 5517 1559 5572 magnus
1585 5501 1795 5569 evasit,
1834 5519 1871 5560 ο.
1915 5507 2033 5562 ﬁne
2063 5522 2258 5580 usque

606 5591 688 5652 ad
708 5590 912 5666 ﬁnem,
932 5592 1116 5668 idque
1139 5609 1247 5669 per
1288 5591 1670 5666 prudentiam
1709 5596 1766 5652 et
1820 5595 2180 5669 sapientiam
2238 5616 2253 5654 :

2377 4269 2560 4326 quem
2581 4269 2652 4310 eo
2677 4253 2844 4327 quod
2871 4253 3162 4326 positione
3185 4255 3430 4308 constat
3456 4248 3638 4307 multo
3674 4238 3828 4311 magis
3841 4242 3924 4327 sane

2376 4323 2448 4398 eo
2473 4343 2640 4416 quod
2678 4323 2894 4400 natura
2929 4348 3018 4400 est
3045 4346 3102 4399 et
3142 4345 3406 4412 constat,
3459 4336 3624 4413 quod
3667 4347 3772 4391 non
3803 4323 3921 4381 solum

2375 4431 2604 4500 honore
2627 4431 2880 4503 dignum
2906 4437 3014 4498 est,
3043 4431 3150 4487 sed
3171 4431 3357 4488 etiam
3387 4431 3453 4486 in
3488 4425 3686 4502 primis
3723 4421 3918 4514 10pm“?

2375 4521 2818 4592 dignissimum.
2837 4525 3045 4578 Textor
3067 4525 3268 4578 autem
3290 4525 3467 4578 amat
3483 4532 3680 4589 regem
3701 4530 3712 4568 :
3731 4510 3918 4604 nummi”

2374 4609 2489 4665 hoc
2518 4615 2607 4667 est
2635 4610 2924 4677 naturale,
2957 4625 3098 4667 cum
3117 4607 3286 4675 illud,
3342 4608 3518 4681 quod
3566 4609 3651 4662 est
3683 4599 3917 4681 minimunl:

2375 4699 2452 4756 ad
2476 4704 2666 4756 totum
2712 4700 3022 4757 referatur.
3052 4701 3167 4754 Rex
3213 4713 3468 4770 quoque
3497 4692 3791 4768 lapicidam
3812 4693 3921 4738 snscl'

2373 4789 2480 4860 pit,
2499 4789 2782 4845 nimirum
2800 4789 2915 4845 hoc
2935 4789 3272 4845 humanum
3293 4792 3410 4844 est.
3435 4789 3588 4842 Nam
3626 4785 3786 4840 totum
3801 4773 3917 4860 perii-5
3962 4829 3963 4840 χ

2374 4858 2516 4934 suas
2543 4895 2666 4936 non
2697 4878 2920 4950 abjicit.
2947 4877 3269 4934 Considera
3307 4891 3458 4932 vero
3497 4889 3680 4947 quam
3706 4869 3824 4926 bene
3847 4858 3921 4913 M0

2372 4983 2510 5024 cum
2539 4967 2768 5025 ratione
2796 4966 3111 5039 quadrent.
3135 4969 3263 5023 Non
3291 4965 3424 5022 dixi
3454 4969 3728 5022 textorem
3744 4957 3919 5042 comm?

2369 5058 2615 5115 nionem
2639 5057 2995 5113 constituere
3018 5071 3156 5112 cum
3181 5070 3344 5126 rege,
3381 5053 3494 5110 sed
3531 5065 3721 5123 regem
3759 5045 3921 5136 ᾶωίξῖιδ

2369 5153 2612 5205 textore.
2641 5149 2840 5218 Neque
2868 5161 2974 5201 rex
2991 5143 3318 5218 lapicidam
3369 5157 3582 5200 amore
3627 5133 3916 5224 ριόεείὶιξξίυῖξ

2369 5236 2475 5294 sed
2493 5216 3073 5308 suscipit—duntaxat.
3102 5234 3295 5299 Quare
3347 5230 3657 5304 suscipere
3699 5216 3920 5316 est???

2365 5325 2548 5383 modo
2562 5340 2682 5382 non
2697 5323 2932 5397 penitus
2944 5327 3003 5380 et
3013 5321 3260 5380 omnino
3271 5335 3414 5378 com
3422 5319 3735 5377 municere.
3745 5309 3824 5368 Ubi

2365 5393 2808 5473 communionis
2887 5427 3112 5471 nomen
3164 5409 3453 5482 (auditur,
3513 5407 3806 5467 concentus
3832 5393 3916 5482 int?

2365 5505 2791 5564 communione
2821 5503 3064 5576 junctos
3107 5479 3474 5558 declaratur.
3539 5497 3684 5556 Talis
3716 5479 3912 5581 enim

2363 5594 2800 5670 unusquisque,
2821 5567 3043 5666 quales
3070 5595 3212 5650 sunt
3246 5605 3395 5648 cum
3437 5586 3659 5663 quibus
3695 5567 3914 5643 versatili
