4066 6212
103 276 281 330 i361

139 399 421 451 κοίνωνεῖ
457 395 711 473 ἀνθρώπῳ
750 401 851 450 τινί
889 417 901 432 ι

148 484 444 560 ἀνθρώπῳ
474 490 596 554 τινὶ,
639 484 746 538 ἀλλ’
779 482 1142 558 ἀποδέχεσθαι
1188 488 1292 542 οἷον
1332 507 1408 549 τις
1466 490 1793 562 στρατιώτης

152 571 516 648 ἀποδέχεται
575 573 811 647 ὐελοψον,
853 575 911 628 οὗ
950 584 1182 629 κοινωνεῖ
1232 574 1292 630 δέ
1328 596 1341 610 ο
1387 580 1679 650 στρατιώτῃ
1733 571 1794 628 δέ

149 685 281 718 τινι
313 670 571 736 κοινωνεῖ,
613 665 753 737 ἵππῳ
793 661 872 736 δὲ,
925 665 954 724 ἡ
997 665 1145 738 λίθῳ,
1178 666 1206 726 ἣ
1238 669 1511 743 μαργαρῳ,
1563 666 1593 725 ἦ
1638 663 1792 738 ἑτέρῳ

151 758 280 809 τινὶ
343 754 406 808 οὐ
451 761 698 821 κοινωνεῖ,
763 763 993 808 κοινωνεῖ
1023 751 1083 808 δε
1125 760 1216 809 καὶ
1252 764 1370 819 ταῖς
1420 760 1634 829 τροφαῖς
1699 749 1792 806 διὰ

153 848 272 905 τὴν
304 846 591 900 σύστασιν.
620 850 784 898 Τοῦτο
812 841 871 898 δὲ
897 848 1066 898 κοινὸν
1114 849 1224 918 μεν,
1287 849 1400 918 ἔχει
1447 843 1508 899 δὲ
1557 864 1647 898 και
1677 863 1792 898 τινα

162 931 447 1010 διαφοράν
477 955 490 970 ·
521 933 667 988 ἄλλοι
703 937 804 1010 γὰρ
844 934 1020 1000 ἄλλοις,
1053 940 1144 988 καὶ
1194 935 1348 996 ἄλλας
1385 935 1568 1010 ἕτεροι,
1622 930 1793 995 οὐδεὶς

165 1021 237 1078 δε
281 1024 345 1077 οὐ
404 1031 632 1077 κοινωνεῖ
683 1032 877 1098 τροφῆς
933 1025 962 1083 ἣ
1017 1021 1357 1098 ἀποδέχεται.
1427 1025 1667 1100 Ἐναργες
1732 1020 1792 1077 δὲ

164 1117 271 1178 καὶ
305 1111 364 1166 ἐκ
401 1121 501 1166 τῶν
549 1121 770 1187 τροφῶν,
829 1114 909 1166 ὅτι
946 1117 1036 1166 καὶ
1095 1115 1244 1187 φύσις
1299 1118 1390 1166 καὶ
1448 1119 1657 1190 κρᾶσις,
1701 1117 1790 1164 καὶ

164 1206 473 1277 τιμιωτέρα
536 1203 566 1261 ἠ
621 1205 778 1275 φύσις
821 1211 916 1265 τῆς
965 1205 1195 1276 κράσεως
1250 1221 1263 1235 ⁵
1321 1203 1388 1264 εἷς
1438 1223 1490 1256 τι
1551 1204 1654 1277 γὰρ
1702 1207 1790 1255 καὶ

173 1299 404 1366 τροφαῖς
443 1293 473 1350 ἠ
538 1287 766 1368 διαφορά
820 1296 909 1344 καὶ
957 1294 1005 1344 ἓν
1054 1311 1184 1358 τισι,
1237 1295 1331 1353 τὰς
1384 1288 1443 1344 δὲ
1471 1293 1646 1353 κοινὰς
1701 1295 1789 1344 καὶ

175 1384 548 1454 φυσικωτέρας
603 1382 650 1434 οἱ
707 1380 896 1454 μᾶλλον
954 1383 1242 1454 αἱροῦνται.
1327 1379 1481 1453 Ἔχει
1556 1383 1646 1454 μὲν
1703 1375 1790 1433 οὖν

174 1471 326 1522 κατά
376 1470 564 1538 πάντα,
627 1471 697 1532 ὡς
744 1466 990 1542 ἐδείχθη,
1048 1473 1107 1522 τὸ
1165 1473 1316 1543 φύσει
1365 1477 1458 1523 τοῦ
1512 1472 1648 1523 θέσει
1697 1474 1790 1529 τὴν

178 1559 460 1634 ὑπεροχὴν
496 1579 508 1592 ·
546 1566 778 1611 κοινωνεῖ
816 1555 875 1611 δὲ
898 1564 988 1611 καὶ
1029 1559 1187 1633 ἰατρῷ
1235 1561 1260 1612 ὁ
1318 1557 1584 1632 βασιλεὺς,
1637 1566 1790 1612 τοῦτο

178 1649 408 1720 φυσικὸν
454 1651 544 1700 καὶ
597 1645 952 1722 φιλάνθρωπον
995 1668 1008 1681 ⁸
1061 1655 1193 1721 τρεῖς
1229 1649 1330 1723 γὰρ
1387 1651 1651 1700 κοινωνίαι
1717 1655 1790 1718 τῷ

174 1737 408 1809 ἄρχοντι
445 1732 851 1810 ἁρμοδιώτατοι,
885 1735 1180 1809 φιλοσοφία,
1254 1741 1521 1812 στρατεία,
1578 1737 1785 1811 ἰατρικὴ

175 1828 315 1900 μετά
343 1833 442 1878 τῶν
485 1821 784 1898 ἰδιωμάτων
815 1825 1006 1895 αὐτῶν,
1037 1829 1128 1878 καὶ
1165 1834 1258 1888 τῆς
1294 1829 1384 1898 μὲν
1414 1832 1558 1898 μιᾶς,
1609 1833 1789 1889 κοινῆς

175 1917 347 1975 οὔσης
375 1918 464 1966 καὶ
505 1910 790 1976 διεπούσης
826 1915 997 1968 πάντα
1052 1913 1355 1988 πολλαχῶς,
1413 1917 1482 1978 ὡς
1540 1912 1626 1969 δεῖ
1667 1934 1784 1968 κοι-

173 2011 354 2058 νωνεῖν
418 2007 604 2078 ταύτῃ,
704 2001 1128 2078 διασαφήσαντες
1214 2007 1439 2078 εἴπομεν.
1525 2010 1786 2079 Σωτήριος

173 2092 279 2165 γάρ
332 2089 444 2144 ἔστι
499 2099 681 2145 πασῶν
743 2096 834 2144 καὶ
897 2094 1100 2145 πάντων
1148 2093 1304 2161 αὕτη,
1351 2097 1440 2145 καὶ
1485 2088 1580 2145 δ’ιά
1631 2100 1783 2145 τοῦτο

180 2177 270 2234 δεῖ
293 2187 550 2233 κοινωνεῖν
579 2182 743 2254 ταύτῃ
786 2183 873 2233 τὸν
903 2182 1159 2256 ἄρχοντα,
1219 2177 1398 2239 ἐπειδὴ
1459 2186 1633 2256 σωτὴρ
1693 2187 1782 2235 καὶ

178 2267 498 2341 ἐπιμελητὴς
529 2267 719 2340 ψυχῶν
775 2274 865 2321 καὶ
907 2272 1160 2342 σωμάτων
1191 2268 1322 2337 ἐστὶ,
1389 2278 1484 2322 τῶν
1518 2266 1666 2322 δυοῖν
1699 2267 1778 2338 δὲ,

180 2359 254 2420 ὡς
314 2359 443 2430 μετὰ
501 2359 696 2424 ταύτην
774 2359 1026 2430 σωμάτων
1096 2357 1264 2410 οὐσῶν
1333 2363 1619 2431 σωτηρίων,
1700 2360 1780 2410 ἐπὶ

187 2446 388 2521 μείζονι
433 2450 517 2499 καὶ
575 2445 804 2500 ἐλάττονι
867 2451 1059 2524 τρόπῳ.
1101 2453 1158 2499 'll
1221 2450 1311 2521 μὲν
1367 2449 1468 2521 γὰρ
1521 2455 1612 2500 τοῦ
1661 2447 1778 2500 ὅλον

1063 273 1416 332 THEODOBI
1445 245 1492 330 Π
1519 271 1662 329 IMP.
1697 270 1788 325 nr.
1819 265 2276 329 COMMUNIONE
2307 272 2682 331 NATURALI.

963 399 1074 451 ἔστι
1111 394 1171 452 δε
1236 419 1337 452 τινι
1401 402 1474 471 μή
1533 402 1788 450 κοινωνεῖν
1853 396 1899 450 Α
1958 396 2094 456 ζώου
2149 396 2313 470 φύλαξ
2365 397 2661 473 ἀνθρώπου,
2715 399 2743 456 ἡ
2814 393 2874 450 δὲ
2917 397 3060 472 παρά
3118 399 3288 470 μέρος.
3355 386 3558 474 Ἰητρός

1845 1699 1886 1754 Β

3448 276 3583 332 1362

1955 487 2057 558 γὰρ
2084 482 2211 557 ἀνὴρ
2238 484 2435 539 πολλῶν
2466 485 2706 550 ἀντάξιος
2735 485 2918 551 ἄλλων,
2953 489 3072 558 περὶ
3127 480 3185 538 δὲ
3231 497 3555 560 στρατηγοῦ,

1958 574 2029 634 εἷς
2057 577 2257 647 μυρίοι,
2292 570 2534 632 δηλονότι
2566 576 2634 638 εἷς
2665 577 2851 636 πάντες
2883 592 2894 605 ·
2925 574 2984 626 οὗ
3035 576 3138 647 γὰρ
3194 573 3300 628 εἶπε
3353 581 3552 651 μύριοι,

1957 659 2085 714 ἀλλὰ
2113 666 2312 738 μυρίοι,
2361 669 2516 715 τοῦτο
2573 659 2634 716 δι
2662 666 2721 715 τὸ
2770 664 2958 724 πάντες
3004 658 3175 721 δηλοῖ.
3222 670 3409 738 Πρώτη
3462 669 3554 738 μὲν

1955 746 2040 804 οὖν
2101 753 2130 810 ἡ
2183 755 2535 826 στρατιωτικὴ
2613 753 2676 815 ἧς
2745 750 2858 804 ἐστι
2912 757 3001 804 καὶ
3040 750 3092 814 ἐξ
3141 753 3206 815 ἧς
3260 757 3403 826 παρά
3459 763 3555 818 τῆς

1954 845 2166 916 πρώτης
2193 847 2283 895 καὶ
2311 843 2338 895 ὀ
2367 845 2518 914 φύσει
2560 844 2876 915 στρατηγὸς,
2934 838 3178 916 δευτέραν
3219 839 3278 896 δε
3321 848 3554 915 κρίνομεν

1953 935 2046 989 τὴν
2105 931 2364 1005 ἰατρικὴν,
2420 933 2553 1005 μετά
2627 927 2688 984 δε
2737 933 2930 993 ταύτας
3003 931 3063 984 οὐ
3124 941 3379 986 κοινωνεῖν
3446 931 3554 987 δεῖν

1955 1028 2071 1082 ταῖς
2115 1019 2297 1083 ἄλλαις
2365 1023 2452 1073 τὸν
2505 1022 2743 1096 ἄρχοντα
2819 1019 3028 1092 λέγομεν
3087 1018 3196 1072 ἀλλ’
3243 1021 3552 1095 οἰκονομεῖν,

1956 1107 2251 1162 ἐπιτάσσων
2305 1111 2478 1182 ὥσπερ
2555 1108 2607 1172 ἐξ
2706 1107 2988 1184 ἀκρωρείας
3065 1112 3205 1172 τινὸς
3266 1111 3554 1183 καθήμενος

1955 1199 2091 1259 ὅπως
2140 1198 2254 1252 κατ’
2306 1197 2603 1271 ἐπιστήμην
2657 1203 2746 1251 καὶ
2812 1217 2968 1271 φυσιν
3013 1200 3071 1250 τὸ
3122 1204 3223 1251 πᾶν
3281 1195 3550 1268 διέπηται,

1954 1292 2044 1341 καὶ
2080 1292 2195 1361 περὶ
2251 1291 2342 1360 μὲν
2398 1295 2490 1340 τοῦ
2528 1292 2733 1360 πρώτου
2791 1295 2976 1354 ταῦτα,
3026 1295 3126 1339 τῶν
3167 1285 3217 1340 δ’
3271 1287 3435 1340 ἄλλων
3489 1293 3554 1343 τὰ

1957 1376 2179 1450 ἑπόμενα
2252 1381 2342 1430 καὶ
2402 1379 2522 1430 ὅσον
2577 1379 2640 1430 τὰ
2705 1376 2909 1449 ἔλλογα.
2994 1381 3194 1450 Χρῄζει
3230 1379 3331 1453 γὰρ
3398 1383 3488 1431 καὶ
3526 1381 3552 1431 ὁ

1953 1465 2234 1538 ἐλάχιστος
2287 1464 2579 1538 βλάναυσός
2655 1485 2792 1526 τινος
2851 1465 3206 1537 λογικὸτητος.
3278 1467 3372 1529 Ὃς
3427 1475 3553 1540 γοῦν

1955 1555 2134 1627 οὕτως,
2177 1557 2246 1618 ὡς
2275 1557 2498 1628 εἴρηται,
2549 1553 2796 1628 βιοτεύει,
2859 1556 3116 1629 μακάριος
3166 1555 3221 1618 ὃς
3251 1552 3300 1608 δ’
3332 1560 3389 1608 οὐ
3421 1564 3552 1629 φαῦ-

1951 1643 2052 1706 λος.
2076 1644 2220 1697 Ἐπεὶ
2251 1641 2312 1697 δι
2339 1648 2646 1716 πανταχόσε
2699 1646 2760 1696 τὸ
2791 1645 2941 1716 φύσει
2978 1651 3070 1696 τοῦ
3135 1646 3272 1698 θέσει
3321 1652 3552 1718 κρεῖττον

1952 1734 2133 1807 εὑρέθη
2166 1731 2220 1785 ἐκ
2252 1734 2454 1786 πάντων
2504 1740 2603 1786 τῶν
2657 1730 2706 1784 ἓν
2759 1740 2833 1804 τῷ
2899 1735 3080 1806 κόσμω
3133 1737 3310 1802 ὄντων,
3367 1729 3554 1806 μηδεὶς

1951 1821 2242 1876 ἀπατάσθω
2303 1828 2460 1895 τιμᾷν
2503 1825 2563 1874 τὸ
2609 1826 2681 1894 μή
2743 1827 2915 1895 τίμιον
2968 1822 2998 1882 ἣ
3054 1829 3310 1874 κοινωνεῖν
3357 1821 3498 1894 αὐτῷ
3535 1844 3548 1857 ·

1948 1917 2045 1985 μία
2072 1913 2174 1987 γάρ
2207 1909 2349 1964 ἐστιν
2387 1913 2418 1970 ἠ
2473 1909 2668 1972 ἀληθὴς
2717 1911 2944 1982 εὐγένεια
2979 1915 3069 1963 καὶ
3098 1915 3224 1984 τιμὴ
3278 1910 3326 1964 ἐν
3379 1909 3552 1984 ἐμψύ-

1946 2021 2066 2074 χοις
2113 2019 2167 2054 τε
2242 2005 2332 2053 καὶ
2383 1998 2618 2072 ἀψύχοις
2670 2003 2719 2054 ἓν
2766 1999 2991 2072 λογικοῖς
3049 2005 3139 2052 καὶ
3201 1999 3405 2072 ἀλόγοις
3460 2006 3551 2054 καὶ

1943 2096 2124 2161 πᾶσιν,
2163 2091 2194 2149 ἠ
2247 2090 2399 2162 φύσει
2437 2089 2683 2160 εὐγένεια,
2733 2093 2824 2142 καὶ
2885 2094 2982 2161 μία
3034 2093 3275 2142 κοινωνία
3331 2091 3360 2148 ἠ
3415 2093 3550 2142 κατά

1943 2181 2096 2252 φύσιν
2136 2182 2227 2232 καὶ
2295 2180 2416 2230 ὅσον
2468 2180 2598 2252 πρὸς
2653 2177 2969 2251 ἐπιστήμην,
3039 2180 3094 2230 αἱ
3137 2174 3188 2230 δ’
3241 2177 3392 2230 ἄλλαι
3455 2179 3549 2230 οὐκ

1941 2268 2160 2339 ἀγαθαί.
2255 2273 2434 2320 Ταῦτα
2501 2275 2626 2338 γοῦν
2677 2265 3025 2338 ἐξετάσαντες,
3084 2275 3288 2343 πρῶτον
3343 2271 3547 2340 εἴπομεν

1941 2356 1974 2408 ἃ
2002 2362 2092 2410 καὶ
2123 2353 2493 2428 κεφαλαιωδῶς
2525 2355 2720 2430 ἀπάρτι
2777 2355 2825 2408 ἐν
2882 2357 3010 2428 ἕκτῳ
3065 2355 3198 2429 λόγῳ
3250 2352 3549 2417 δηλωποιή-

1943 2465 2124 2508 σαντες
2152 2450 2244 2506 τὴν
2269 2449 2628 2521 πραγματείαν
2658 2444 2935 2519 ἐντελεχῶς
2965 2445 3308 2522 ἀπολύσομεν.

1917 2680 2091 2742 artes,
2106 2693 2242 2751 quae
2259 2694 2398 2734 cum
2416 2676 2516 2734 illa
2532 2677 3142 2750 supremahominum
3159 2693 3417 2750 corpora
3429 2693 3573 2734 con-

161 2769 250 2821 ter
268 2764 390 2837 ipse
413 2768 441 2823 ?
469 2769 615 2824 Nam
656 2767 882 2824 similes
927 2783 1067 2824 cum
1124 2766 1418 2824 similibus
1472 2766 1814 2824 societatem
1917 2773 2177 2838 servant,
2207 2767 2390 2840 idque
2419 2768 2647 2839 majore
2665 2771 2726 2824 et
2751 2767 2978 2824 minore
3037 2767 3220 2824 modo
3251 2786 3264 2824 :
3301 2783 3424 2824 una
3443 2767 3573 2840 qui-

152 2857 485 2912 consituere
511 2857 814 2917 solent.At
833 2858 1078 2932 suscipit
1098 2873 1221 2914 non
1252 2856 1468 2913 similia
1486 2857 1814 2930 aliquando
1914 2855 2055 2912 dem
2097 2861 2190 2912 est
2258 2861 2460 2914 custos
2510 2857 2692 2913 totius
2743 2856 3004 2912 hominis
3038 2875 3049 2913 :
3084 2856 3270 2913 altera
3307 2872 3450 2912 vero
3497 2872 3572 2910 ex

149 2944 388 3018 aliquis,
410 2949 476 3001 ut
498 2961 746 3018 equum,
761 2947 1000 3015 bovem,
1024 2963 1266 3003 canem:
1289 2961 1466 3002 nemo
1492 2947 1651 3002 enim
1673 2962 1811 3002 cum
1838 2997 1875 3018 η
1913 2951 2095 3017 parte.
2127 2949 2298 3013 Nam,
2332 2950 2396 3002 ut
2425 2946 2506 3002 ait
2544 2947 2854 3015 Homerus,
2888 2946 2972 3000 vir
3045 2946 3312 3001 medicus
3365 2943 3568 3000 multis

163 2675 316 2732 hens
339 2675 518 2735 solet:
559 2677 704 2750 quid
733 2677 894 2735 enim
925 2681 1018 2734 est
1038 2677 1202 2734 aliud
1251 2677 1483 2734 amicus
1511 2692 1698 2750 quam
1730 2676 1813 2733 al-

153 2997 387 3018 ηηηη,
417 2997 475 3001 _-
504 2997 1000 3018 -1___,_-.-_,
1029 2997 1461 3003 -___-_-__-__-
1496 2997 1651 3002 ----_
1676 2997 1811 3002 ____

149 3049 308 3105 equo
334 3035 822 3092 communionem
868 3036 1141 3093 instituit.
1191 3037 1254 3092 ιιι
1274 3034 1474 3091 nullus
1501 3049 1622 3090 non
1654 3049 1814 3090 com-
1836 2997 1877 3053 Ο

144 3124 622 3182 munioneminit
642 3142 780 3182 cum
814 3125 1018 3199 aliquo
1053 3125 1318 3182 homine.
1355 3126 1471 3180 Usu
1495 3128 1697 3180 autem
1720 3141 1812 3182 ve-

145 3212 236 3268 nit
259 3211 604 3286 aliquando,
639 3214 904 3270 uthomo
926 3229 1063 3270 cum
1128 3213 1331 3286 aliquo
1368 3213 1612 3269 homine
1642 3228 1808 3268 com-

151 3300 494 3358 munionem
523 3317 644 3358 non
673 3301 852 3369 ineat,
885 3302 991 3358 sed
1019 3319 1157 3359 eum
1210 3301 1519 3374 suscipiat,
1552 3306 1615 3358 ut
1641 3300 1810 3356 miles

149 3387 363 3460 aliquis
398 3390 801 3463 hyeldopsum
835 3391 1098 3464 suscipit,
1133 3391 1236 3446 sed
1263 3407 1384 3447 non
1435 3390 1808 3446 communio-

149 3493 290 3534 nem
312 3477 419 3536 init
447 3496 461 3535 :
490 3483 702 3535 atcum
728 3479 909 3536 milite
933 3479 1134 3553 aliquo
1167 3479 1656 3535 communionem
1679 3479 1804 3550 init,

151 3584 290 3625 cum
311 3585 464 3641 equo
491 3585 630 3625 vero
661 3574 764 3626 aut
791 3568 1015 3642 lapide,
1060 3575 1162 3626 aut
1202 3569 1422 3625 unione
1447 3573 1577 3634 gaut
1605 3569 1809 3642 aliqua

149 3657 441 3727 ejusmodi
455 3674 516 3714 re
542 3673 664 3714 non
682 3659 786 3714 init
809 3659 1298 3714 communionem
1323 3658 1802 3715 autsocietatem-

149 3746 457 3816 Praeterea,
487 3762 626 3803 cum
657 3746 958 3803 alimentis
1009 3747 1501 3803 communionem
1528 3746 1634 3802 init
1665 3763 1807 3819 pro-

149 3839 280 3907 pter
300 3835 563 3907 corporis
594 3835 1104 3905 constitutionem,
1140 3834 1245 3890 sed
1277 3839 1366 3890 est
1417 3833 1663 3906 aliquod
1715 3833 1802 3889 di-

147 3923 420 3979 scrimen.
451 3923 562 3979 Alii
586 3923 746 3980 enim
777 3923 928 3980 alios
961 3922 1074 3978 sibi
1110 3923 1276 3979 cibos
1325 3927 1553 3994 optant.
1613 3924 1800 3978 Nemo

145 4027 286 4068 vero
309 4025 424 4068 non
439 4012 761 4086 participat
779 4012 1152 4084 alimentum,
1173 4016 1277 4068 aut
1295 4011 1494 4083 ipsum
1515 4010 1760 4083 suscipit
1781 4031 1795 4082 ;

150 4104 324 4173 atque
347 4117 418 4157 ex
448 4101 745 4158 alimentis
765 4101 1098 4172 intelligunt
1131 4116 1343 4158 omnes
1365 4116 1494 4156 esse
1519 4105 1797 4157 naturam
1823 4137 1865 4190 ο

145 4194 204 4245 et
229 4191 739 4262 temperationem:
766 4206 836 4246 ac
870 4196 1151 4246 naturam
1207 4189 1454 4263 quidem
1502 4193 1798 4262 tempera-

143 4279 300 4334 tione
330 4295 456 4335 esse
477 4281 968 4352 praestantiorem.
1004 4283 1150 4336 Nam
1181 4279 1506 4335 discrimen
1556 4279 1797 4336 alimen-

1915 3033 2046 3090 aliis
2077 3039 2338 3106 praestat.
2371 3035 2520 3090 Cum
2555 3039 2752 3091 autem
2780 3034 2854 3089 dc
2880 3033 3033 3090 duce
3071 3033 3364 3089 exercitus
3423 3032 3566 3101 agit.

1915 3125 2100 3191 Unus,
2127 3124 2340 3197 inquit,
2367 3128 2456 3180 est
2479 3125 2667 3180 instar
2695 3121 3247 3188 innumerabilium,
3279 3121 3564 3177 nimirum

1911 3217 2000 3269 est
2050 3229 2207 3269 unus
2263 3229 2475 3270 omnes
2503 3228 2736 3285 :-neque
2775 3212 2935 3268 enim
2991 3211 3141 3268 dixit
3195 3213 3396 3284 μύριοι,
3457 3211 3566 3266 sed

1909 3306 2109 3375 μυρίοι.
2136 3301 2305 3367 Ουοά
2337 3301 2480 3358 satis
2521 3301 2863 3371 intelligitur
2912 3317 2984 3356 ex
3045 3315 3115 3356 eo
3176 3297 3345 3372 quod
3399 3298 3562 3364 dicit,

1910 3407 2143 3446 omnes.
2176 3398 2284 3447 Ars
2304 3391 2483 3462 igitur
2507 3389 2773 3446 militaris
2790 3394 2881 3445 est
2902 3389 3097 3462 prima
3117 3404 3306 3461 quam
3345 3387 3563 3444 deinde

1910 3486 2362 3554 consequuntur
2406 3480 2684 3552 reliquae:
2745 3483 2802 3534 et
2859 3479 2964 3552 qui
3024 3483 3238 3534 natura
3298 3482 3425 3534 est:
3469 3493 3560 3534 se-

1910 3569 2176 3626 cundum
2208 3585 2346 3625 vero
2369 3568 2447 3624 ab
2478 3567 2576 3623 illa
2615 3566 2980 3623 medicinam
3037 3581 3168 3622 esse
3213 3565 3558 3636 judicamus

1908 3674 2046 3715 cum
2068 3658 2216 3728 aliis,
2243 3675 2379 3732 quae
2411 3661 2860 3730 consequuntur
2879 3655 3368 3712 communionem
3397 3654 3558 3710 inere

1905 3763 2028 3805 non
2054 3749 2229 3806 debet
2253 3749 2594 3821 imperator,
2625 3745 2730 3802 sed
2749 3745 2880 3802 illas
2906 3760 3109 3815 regere
3151 3748 3446 3818 tanquam
3485 3759 3557 3800 ex

1904 3842 2028 3893 arte
2059 3839 2326 3910 quadam
2352 3838 2683 3910 imperans,
2733 3839 2796 3891 ut
2841 3834 3047 3890 omnia
3075 3849 3148 3889 ex
3208 3833 3454 3890 scientia
3501 3839 3556 3890 et

1901 3931 2115 3983 natura
2144 3926 2494 3982 efﬁciantur.
2529 3928 2610 3981 Ac
2638 3924 2712 3980 de
2749 3924 2947 3997 prima
3008 3923 3255 3995 quidem
3311 3921 3557 3978 scientia

1899 4015 2028 4070 haec
2059 4014 2217 4071 dicta
2233 4015 2368 4070 sint.
2396 4014 2534 4070 Aliae
2553 4029 2692 4070 vero
2715 4016 3168 4084 consequuntur
3205 4025 3329 4082 quo
3360 4009 3551 4079 magis

1898 4119 2036 4159 cum
2056 4103 2284 4158 ratione
2309 4102 2691 4159 conveniunt.
2721 4104 2871 4160 Nam
2929 4117 3027 4156 ars
3055 4098 3151 4155 vel
3179 4099 3431 4155 minima
3458 4112 3550 4154 se-

1897 4191 2166 4248 dentaria
2195 4191 2440 4248 rationis
2485 4207 2600 4264 ope
2629 4190 2875 4259 indiget.
2909 4189 3020 4254 Qui
3064 4188 3244 4258 igitur
3285 4187 3365 4243 ita
3412 4185 3550 4244 vivit

1897 4283 1986 4353 (ut
2012 4280 2239 4337 dictum
2270 4282 2382 4352 est)
2404 4281 2616 4336 beatus
2646 4285 2734 4334 est
2764 4295 2776 4335 :
2801 4277 2904 4350 qui
2935 4277 3122 4348 aliter,
3149 4277 3346 4332 miser.
3387 4276 3547 4341 Quo-

143 4372 338 4424 torum
360 4367 436 4423 ad
455 4369 718 4442 aliquem
749 4368 934 4424 ﬁnem
960 4371 1188 4442 spectat
1221 4372 1278 4424 et
1314 4369 1374 4424 in
1429 4367 1795 4441 quibusdam
1893 4371 2056 4426 niam
2089 4375 2290 4426 autem
2321 4386 2395 4426 ex
2422 4369 2706 4426 omnibus
2734 4383 2870 4441 quae
2925 4367 2986 4423 in
3033 4367 3313 4422 universo
3365 4365 3548 4421 modo

146 4455 430 4512 consistit.
463 4458 818 4514 Communia
848 4463 1050 4514 autem
1093 4462 1151 4513 et
1171 4458 1364 4527 magis
1390 4457 1469 4513 ad
1514 4463 1796 4514 naturam

144 4544 484 4603 accedentia
512 4546 809 4603 elementa
831 4547 1130 4619 sapientes
1157 4545 1271 4602 sibi
1301 4547 1496 4618 potius
1547 4547 1791 4617 eligunt.

148 4635 378 4692 Excellit
404 4635 581 4705 igitur
611 4636 672 4692 in
697 4637 986 4692 omnibus
1023 4635 1172 4692 illud
1203 4635 1370 4708 quod
1396 4640 1608 4692 natura
1631 4641 1717 4693 est
1739 4641 1795 4694 et

145 4725 619 4798 praestateiquod
643 4729 728 4780 est
757 4725 1072 4798 positione.
1105 4725 1286 4781 Porro
1307 4741 1380 4780 ex
1395 4741 1638 4797 quoque
1654 4741 1793 4782 cum

142 4813 372 4872 medico
387 4814 877 4870 communionem
897 4812 1026 4870 init.
1039 4815 1176 4869 Tres
1190 4813 1348 4868 enim
1363 4819 1503 4868 sunt
1519 4829 1652 4868 com
1661 4830 1786 4869 mu-

137 4901 459 4959 nicationes
476 4902 820 4976 imperatori
839 4902 1502 4967 accommodatissimas,
1528 4903 1785 4974 philoso-

131 4991 294 5066 phia,
320 4991 545 5059 militia,
589 4991 886 5050 medicina
909 5007 1048 5048 cum
1079 4991 1202 5047 suis
1243 5006 1500 5064 quasque
1522 4991 1783 5064 proprie-

131 5080 370 5139 tatibus.
411 5084 491 5136 Ac
515 5081 895 5155 nosquidem
961 5081 1104 5137 satis
1161 5078 1602 5136 declaravimus
1657 5095 1778 5153 quo

127 5173 303 5243 pacto
319 5169 507 5225 multis
530 5169 729 5226 modis
752 5170 1243 5226 communionem
1267 5168 1430 5225 illam
1452 5173 1506 5225 et
1527 5184 1633 5242 per
1653 5185 1778 5225 om-

126 5257 232 5314 nia
255 5263 658 5329 permeantem
685 5259 992 5315 scientiam
1034 5257 1389 5330 participare
1422 5257 1771 5313 debeamus.

125 5345 427 5420 Ipsaenim
449 5351 537 5404 est
560 5347 834 5404 omnium
857 5347 1240 5404 scientiarum
1273 5351 1330 5402 et
1369 5347 1644 5402 omnium
1672 5346 1776 5403 ho-

129 5434 356 5493 minum
375 5436 801 5507 conservatrix,
829 5436 1002 5508 cujus
1029 5439 1369 5509 compotem
1387 5439 1620 5508 oportet
1647 5451 1776 5493 esse

132 5525 566 5598 imperatorem,
585 5525 1084 5600 quandoquidem
1113 5525 1457 5582 animorum
1487 5529 1544 5583 et
1571 5541 1779 5599 corpo-

135 5629 269 5676 rum
289 5617 374 5675 est
399 5620 665 5675 servator
683 5619 1015 5675 etcurator.
1057 5617 1205 5673 Cum
1257 5618 1458 5674 autem
1507 5614 1643 5674 duae
1664 5615 1781 5674 sint

1896 4463 2028 4518 sunl
2049 4460 2194 4516 illud
2217 4460 2383 4534 quod
2409 4463 2869 4516 naturaconstat
2893 4456 3273 4531 praestantius
3295 4471 3450 4521 esse,
3475 4471 3546 4511 eo

1893 4551 2057 4624 quod
2080 4550 2375 4623 positione
2420 4552 2673 4618 constat,
2726 4553 3105 4620 compertum
3133 4551 3255 4602 est:
3282 4543 3545 4601 nemoin

1893 4655 2156 4697 errorem
2183 4639 2504 4696 inducatur
2525 4643 2588 4694 ut
2611 4636 2766 4694 colat
2789 4637 2958 4703 illud,
2992 4635 3156 4709 quod
3195 4650 3318 4690 non
3337 4638 3424 4690 est
3449 4649 3543 4688 co-

1889 4728 2158 4795 lendum,
2190 4727 2459 4801 illudque
2486 4725 2817 4799 participet.
2857 4727 2984 4780 Una
3013 4723 3173 4779 enim
3202 4737 3339 4777 vera
3376 4721 3542 4776 nobi-

1889 4817 2023 4873 litas
2039 4821 2147 4886 est,
2171 4833 2462 4890 verusque
2486 4816 2680 4871 honor
2702 4814 2758 4869 in
2780 4811 3059 4869 animatis
3086 4815 3142 4866 et
3174 4808 3537 4875 inanimatis,

1888 4905 1949 4960 in
1977 4905 2205 4960 ratione
2231 4904 2497 4977 praeditis
2525 4908 2580 4958 et
2605 4901 2855 4958 rationis
2895 4897 3260 4971 expertibus,
3319 4911 3538 4968 nempe

1886 4992 1986 5049 illa
2011 4992 2291 5049 nobilitas
2322 5007 2456 5064 quae
2475 4996 2692 5046 natura
2719 4992 2973 5055 constat,
3005 4992 3062 5043 et
3112 5002 3232 5042 una
3271 5001 3539 5042 commu-

1885 5080 2104 5138 nicatio
2133 5086 2240 5146 est,
2263 5095 2471 5151 nempe
2492 5079 2591 5135 illa
2619 5093 2756 5150 quae
2783 5093 2856 5134 ex
2934 5081 3149 5134 natura
3197 5080 3282 5132 est
3313 5095 3326 5135 :
3353 5075 3538 5148 idque

1884 5174 2181 5243 quatenus
2205 5168 2284 5224 ad
2314 5168 2620 5225 scientiam
2676 5166 3017 5240 requiritur,
3065 5165 3194 5222 alite
3248 5180 3391 5221 vero
3413 5181 3536 5221 non

1885 5265 2024 5316 sunt
2052 5259 2246 5314 bonaa.
2280 5261 2414 5315 Haec
2439 5258 2619 5330 igitur
2637 5257 2901 5330 primum
2934 5255 3538 5326 anobisinvestigata

1885 5348 2191 5406 attulimus
2219 5363 2352 5421 qure
2401 5347 2748 5404 summatim
2802 5346 2862 5403 in
2905 5353 3072 5403 sexto
3131 5359 3408 5402 sermone
3449 5359 3536 5399 se-

1885 5437 2088 5512 quenti
2121 5437 2436 5510 complexi,
2461 5437 3069 5509 tractationemlhanc
3113 5434 3395 5493 omnibus
3422 5449 3535 5489 nu-

1887 5527 2068 5586 meris
2089 5526 2437 5586 absolutam
2456 5526 2804 5586 reddemus.
