4066 6212
2125 243 2481 300 ADDENDA.

827 506 2063 689 ΘΕΟΔΩΡΟΥ
2171 511 2617 686 ΤΟΥ
2718 513 3718 684 ΛΑΣΚΑΡΙ

1289 784 1420 830 ΤΟΥ
1454 784 1609 830 ΥΙΟΥ
1646 783 1962 831 ΜΕΓΑΑΟΥ
1998 782 2319 830 ΒΑΣΙΔΕΩΣ
2360 783 2572 829 ΚΥΡΟΥ
2605 782 2907 830 ΙΩΑΝΝΟΥ
2940 783 3072 829 ΤΟΥ
3110 781 3323 829 ΔΟΥΚΛ

1303 944 1613 1056 ΤΗΣ
1696 943 2381 1057 ΦΥΣΙΚΗΣ
2461 940 3322 1057 ΚΟΙΝΩΝΙΑΣ

1853 1185 2245 1273 ΛΟΓΟΣ
2358 1182 2767 1270 ΕΚΤΟΣ.

1328 1552 2295 1692 THEODORI
2356 1547 3307 1689 LASCARIS

1434 1791 1590 1847 FlLlI
1630 1792 1847 1847 SUMMI
1885 1790 2356 1849 IMPERATORIS
2394 1790 2639 1847 DOMINI
2677 1787 2965 1845 JOANNIS
3004 1786 3207 1842 DUCE

1114 1960 1311 2066 DE
1414 1959 2289 2067 NATURALI
2404 1951 3530 2067 COMMUNIONE

1920 2154 2242 2244 SERMO
2313 2152 2725 2244 SEXTUS.

604 249 737 304 I363
2125 249 2250 300 ADI

2370 249 2481 298 DA.
3795 259 3891 315 1364

722 2511 1026 2581 Ἀναγκαῖαι
1053 2514 1144 2561 καὶ
1172 2517 1374 2582 πρῶται
1428 2512 1632 2561 πάντων
1688 2512 1846 2582 φύσις
1896 2512 1980 2560 καὶ
2022 2508 2243 2566 ἐπιστή-
2301 2512 2346 2562 Α
2406 2528 2485 2569 τις
2514 2504 2567 2560 εὖ
2596 2527 2656 2579 γε
2685 2510 2881 2579 φύσεως
2929 2507 3017 2573 ὧν,
3051 2506 3094 2558 εἰ
3150 2510 3221 2578 μή
3250 2524 3337 2557 τοι
3375 2510 3465 2557 καὶ
3501 2502 3806 2575 ἐπιστήμηνῆ
3844 2503 3897 2571 μέ·

649 2618 720 2670 μη
762 2619 773 2631 ο
808 2606 869 2669 τῇ
903 2600 992 2669 μὲν
1023 2600 1121 2669 γὰρ
1157 2599 1438 2667 συνάγεται
1467 2603 1614 2648 πᾶσα
1638 2603 1847 2664 κρᾶσις,
1892 2605 1952 2668 τῇ
2010 2593 2069 2648 δὲ
2096 2602 2244 2648 πᾶσα
2404 2617 2490 2669 ρος
2536 2602 2624 2648 καὶ
2680 2597 2784 2648 οἷον
2865 2594 3133 2666 ἀπηχημα
3184 2596 3381 2654 ταύτης
3459 2595 3587 2664 ἔχει,
3624 2592 3705 2643 οὐκ
3747 2593 3793 2641 ἄν
3828 2606 3898 2640 ποτε

646 2682 866 2738 παιδεία
907 2706 920 2718 ·
954 2686 1038 2746 αἷς
1068 2684 1181 2737 ἐστι
1211 2688 1269 2737 τὸ
1300 2688 1452 2756 φύσει
1479 2704 1534 2736 τε
1572 2690 1661 2737 καὶ
1686 2684 1745 2736 τό
1796 2686 1952 2737 θέσει.
1986 2688 2136 2755 Λέγω
2185 2681 2245 2737 δὲ

650 2778 803 2847 φύσει
830 2780 932 2826 πᾶν
984 2775 1011 2825 ὃ
1055 2793 1109 2825 τι
1160 2773 1333 2841 καλὸν,
1384 2775 1523 2825 θέσει
1581 2771 1640 2825 δὲ
1677 2777 1735 2824 τὸ
1784 2770 2043 2825 δεικτικὸν
2085 2773 2244 2826 καλοῦ

648 2868 832 2935 καὶμὴ
866 2862 1025 2913 καλοῦ
1050 2867 1140 2913 καὶ
1164 2869 1347 2916 κακοῦ.
1408 2866 1628 2934 Πότερον
1694 2858 1781 2913 οὖν
1818 2866 1878 2914 τὸ
1926 2866 2073 2935 φύσει
2123 2862 2244 2914 πολ-

646 2950 824 3023 λαχῶς
868 2958 960 3002 τοῦ
1011 2952 1145 3003 θέσει
1195 2946 1512 3021 ἀποδειχθὲν
1561 2956 1861 3024 τιμιώτερον
1949 2948 2243 3009 δηλοποιιῑν

647 3043 727 3093 ὅτι
755 3046 845 3092 καὶ
865 3043 923 3092 τὸ
961 3040 1075 3091 κατ’
1105 3039 1400 3112 ἐπιστήμην
1447 3047 1538 3092 τοῦ
1588 3043 1724 3093 κατὰ
1775 3044 1966 3112 τέχνην
2015 3043 2125 3093 ἐστὶ
2159 3059 2243 3092 τι-

647 3135 941 3202 μιώτερον;
987 3128 1071 3187 Ὠς
1115 3131 1216 3202 γὰρ
1257 3128 1326 3190 εἰς
1371 3132 1525 3200 φύσιν
1581 3134 1791 3202 κρᾶσις,
1842 3129 1976 3181 οὕτω
2028 3126 2097 3187 δὴ
2153 3132 2243 3180 καὶ

648 3219 717 3279 εἰς
776 3217 1070 3289 ἐπιστήμην
1118 3221 1300 3288 τέχνη,
1376 3222 1465 3268 καὶ
1537 3221 1605 3278 ὡς
1680 3223 1962 3292 τιμιωτέρα
2011 3220 2244 3290 κράσεως

2077 3328 2089 3339 ·
2153 3303 2246 3358 διὰ

646 3403 797 3447 τοῦτο
843 3400 932 3445 καὶ
984 3398 1043 3446 τὸ
1096 3394 1210 3446 κατ’
1251 3394 1543 3466 ἐπιστήμην
1586 3401 1884 3467 γιγνόμενον
1940 3401 2244 3469 τιμιώτερόν

648 3310 823 3379 φύσις,
882 3307 1017 3357 οὕτω
1072 3312 1355 3378 τιμιωτέρα
1404 3310 1597 3377 τέχνης
1653 3309 1682 3363 ἡ
1735 3306 2000 3377 ἐπιστήμη

648 3484 764 3536 ἐστι
794 3491 884 3536 τοῦ
922 3486 1058 3534 κατὰ
1113 3488 1303 3554 τέχνην
1354 3488 1677 3555 γιγνομένου,
1733 3488 1802 3544 ὡς
1856 3489 1946 3535 καὶ
1997 3488 2055 3535 τὸ
2100 3486 2245 3553 ¹κατ-ἂι

649 3576 803 3643 φύσιν
847 3580 938 3623 τοῦ
977 3575 1113 3623 κατὰ
1149 3579 1356 3646 κρᾶσιν.
1392 3579 1474 3624 Δεί
1523 3582 1649 3643 γοῦν
1702 3570 1793 3625 διὰ
1846 3581 2011 3625 ταῦτα
2066 3573 2246 3647 ἀρετῆς

647 3667 902 3711 κοινωνεῖν
934 3679 947 3693 ο
977 3667 1130 3711 τοῦτο
1181 3663 1279 3733 γὰρ
1334 3666 1509 3733 μίγμα
1544 3667 1633 3713 καὶ
1681 3661 1975 3733 ἐπιστήμης
2024 3668 2115 3713 καὶ
2154 3665 2244 3733 φύ-

652 3768 799 3809 σεως.
839 3754 1010 3800 Δείται
1052 3751 1153 3823 γὰρ
1208 3750 1340 3807 αὕτη
1406 3759 1506 3801 τῶν
1568 3749 1864 3822 ἀμφοτέρων
1912 3772 1923 3783 ·
1967 3753 2090 3803 ὅσον
2140 3753 2242 3824 γάρ

2406 2684 2592 2758 ἀρετὴν
2622 2685 2905 2759 ἐργάσεται
2943 2683 3025 2749 ἂν,
3052 2686 3226 2754 ὥσπερ
3267 2679 3398 2735 οὖδὶ
3435 2684 3461 2734 ὁ
3504 2686 3646 2753 μόνον
3695 2680 3900 2747 ἐπιτάξιες

2405 2773 2658 2835 ἀκούσας,
2724 2773 2816 2825 οὐκ
2889 2775 3002 2843 ἔχει
3073 2768 3130 2823 δὲ
3208 2774 3371 2843 φύσιν
3432 2771 3689 2843 ἐργάσεται

2405 2861 2688 2914 Ἀδύνατον
2743 2857 2802 2914 δὴ
2854 2860 3149 2932 ἐπιστήμην
3201 2855 3402 2913 εἰδέναι
3452 2863 3566 2913 τινὰ
3616 2853 3901 2922 3:115;th-

2408 2954 2526 3017 θῶς,
2556 2951 2599 3003 εἰ
2646 2956 2718 3022 μὴ
2750 2955 2839 3002 καὶ
2893 2954 3047 3021 φύσιν
3099 2952 3212 3020 ἔχει
3265 2951 3407 3001 πάνυ
3443 2952 3693 3021 χρηστήν.
3744 2940 3899 2997 ’Υποϐάο

2409 3042 2507 3112 θρα
2542 3043 2631 3112 μὲν
2689 3035 2775 3091 οὖν
2828 3038 2942 3091 ἐστι
2974 3041 3124 3110 φύσις
3169 3043 3259 3090 καὶ
3318 3039 3426 3090 οἶον
3468 3037 3581 3094 ὕλη.
3618 3034 3829 3102 ἐπιστήμη
3868 3024 3902 3078 δι

2405 3125 2545 3189 εἶδος
2615 3129 2719 3180 οἷον
2802 3132 2892 3179 καὶ
2963 3129 3223 3198 ἔκφανσις.
3276 3125 3482 3199 Ὠσπερ
3544 3126 3637 3198 γὰρ
3682 3126 3756 3174 καὶ
3791 3119 3901 3172 Mica;

2406 3214 2723 3290 ἀδιαφόρους
2782 3225 2852 3286 τῷ
2908 3220 3153 3286 σχήματι
3227 3213 3489 3287 βλέπομεν
3535 3219 3619 3265 καὶ
3644 3208 3692 3264 εὖ
3732 3228 3779 3279 7t
3814 3206 3899 3277 μέλα

2405 3305 2605 3378 ἐτέρους
2657 3302 2934 3377 μονοειδῶς
3008 3302 3521 3376 ἐσχηματισμένους,
3583 3306 3664 3352 καὶ
3721 3295 3900 3369 διαιρέω·

2405 3414 2492 3464 μεν
2545 3397 2681 3455 ὅπως
2735 3394 2898 3446 ἐκεῖσε
2960 3397 3018 3444 τὸ
3085 3389 3223 3454 εἶδος
3304 3398 3401 3450 την
3466 3392 3586 3449 ὓλην
3639 3390 3694 3460 ἐμ
3844 3423 3875 3437 ..

2402 3485 2433 3542 ἣ
2466 3486 2603 3555 φυτὰ
2651 3484 2680 3541 ἡ
2733 3484 2879 3556 ἕτερά
2910 3502 3047 3546 τινα,
3087 3483 3222 3533 οὕτω
3257 3478 3330 3540 δὴ
3373 3486 3463 3533 καὶ
3508 3483 3621 3541 τοὺς
3672 3474 3796 3549 βίους
3828 3466 3899 3523 δια⁰

2403 3578 2591 3645 κρίνειν
2676 3568 2960 3644 δυνάμεθα.
3039 3571 3132 3624 εἷθ’
3197 3571 3367 3631 οὕτως
3448 3574 3531 3621 καὶ
3586 3571 3799 3619 κοινωνεῖν
3835 3563 3901 3613 τοῖς

2406 3660 2617 3733 βιοῦσιν
2651 3681 2662 3693 ·
2706 3661 2778 3721 εἰς
2805 3663 2906 3734 γὰρ
2958 3663 3025 3712 τὰ
3068 3656 3382 3732 σφαιροειδῆ
3437 3660 3467 3718 ἡ
3521 3660 3780 3730 τετράγωνα

2402 3770 2545 3822 ματα
2603 3752 2795 3821 ἔχοντα
2836 3757 3047 3820 νοοῦμεν
3121 3750 3197 3800 ὅτι
3261 3746 3475 3819 ἀγαθῶς
3527 3746 3678 3809 ἐπιεῖσι
3722 3744 3768 3794 τὸ
3816 3731 3899 3790 εἶδος

694 3927 977 3982 Omnium
1012 3941 1211 3982 rerum
1252 3927 1511 3983 maxime
1552 3929 1905 3983 necessariae
1946 3933 2003 3983 et
2061 3928 2268 4000 prima:
2302 3927 2343 3979 Β
2375 3928 2449 3983 tis
2471 3943 2604 3982 esse
2630 3926 2949 3998 participes
2980 3943 2993 3991 ;
3025 3925 3153 3980 haec
3182 3924 3346 3980 enim
3390 3932 3483 3980 est
3506 3927 3714 3978 natura:
3732 3922 3776 3972 et
3797 3913 3908 3969 scien-

620 4021 757 4071 sunt
778 4020 992 4071 natura
1029 4022 1086 4071 et
1113 4016 1392 4082 scientia;
1425 4016 1503 4071 ad
1534 4017 1695 4071 illam
1718 4018 1877 4071 enim
1908 4017 2104 4072 omnis
2126 4022 2268 4072 tem-
2376 4016 2468 4071 tite
2482 4016 2780 4071 admistio.
2802 4018 3018 4071 Natura
3035 4014 3193 4069 enim
3220 4018 3495 4087 utraque,
3514 4025 3710 4081 nemqe
3725 4000 3913 4060 virtuteel

619 4105 847 4175 peratio
875 4110 1209 4171 revocatur,
1235 4105 1312 4159 ad
1333 4106 1489 4160 hanc
1512 4104 1707 4160 omnis
1729 4105 1980 4160 eruditio
2007 4123 2019 4160 :
2043 4105 2267 4177 quibus
2376 4106 2616 4159 scientia
2652 4109 2803 4171 eget.
2838 4106 2982 4159 Nam
3002 4118 3124 4174 quo
3159 4103 3379 4175 aliquis
3398 4107 3484 4158 est
3506 4106 3702 4156 natura
3724 4089 3911 4149 feliciore.

617 4192 832 4247 deinde
862 4193 1016 4248 inest
1042 4193 1186 4247 illud
1216 4194 1375 4265 quod
1424 4200 1638 4250 natura
1685 4200 1773 4249 est
1825 4201 1880 4249 et
1935 4201 2166 4250 constat
2211 4199 2268 4248 et
2374 4195 2485 4249 nisi
2508 4194 2812 4249 scientiam
2836 4192 3211 4248 autscientitn
3232 4196 3486 4264 partem.
3514 4178 3911 4258 autipsiusscien-

617 4281 783 4352 quod
801 4281 1112 4351 positione.
1144 4282 1313 4345 Quod
1337 4288 1551 4337 natura
1575 4288 1807 4339 constat
1826 4282 1969 4338 illud
2003 4281 2261 4354 appello,
2374 4268 3899 4352 tiasimaginemquamdamhabeat,nihilunquthO“

618 4368 1025 4440 quodcunque
1039 4369 1960 4437 honestumestetbonum.Quod
1975 4371 2265 4443 positione
2373 4372 2446 4426 rit
2466 4388 2537 4427 ex
2558 4372 2769 4426 virtute
2795 4385 2992 4438 agere,
3022 4375 3085 4424 ut
3107 4370 3289 4425 etiam
3349 4369 3453 4441 qui
3508 4363 3782 4423 scientiam
3819 4354 3911 4447 dli“:

619 4436 857 4512 constat
885 4436 1030 4512 illud
1051 4456 1307 4528 appello,
1327 4460 1492 4530 quod
1516 4436 1831 4515 honestum
1854 4467 1910 4516 et
1936 4436 2054 4515 non
2084 4461 2265 4515 hone-
2373 4466 2537 4517 taxat
2584 4436 2865 4533 percepit.
2935 4436 3046 4515 nec
3102 4458 3281 4514 habet
3332 4436 3625 4521 naturam,
3666 4436 3910 4532 bonilliltil

618 4550 776 4601 stum
799 4550 979 4617 atque
996 4545 1223 4600 malum
1256 4550 1584 4619 susscipere
1608 4556 1815 4620 potest.
1852 4552 2057 4605 Utrum
2088 4550 2267 4617 igitur
2374 4532 2655 4620 praestare
2716 4553 2927 4621 potest.
2991 4548 3133 4602 Fieri
3178 4552 3379 4603 autem
3430 4544 3626 4617 nequit
3681 4532 3907 4617 utaliqu”

615 4633 780 4707 quod
803 4639 1017 4689 natura
1034 4640 1267 4690 constat
1291 4638 1669 4708 praestantius
1688 4653 1818 4692 esse
1837 4653 1928 4704 eo,
1972 4638 2137 4709 quod
2160 4655 2264 4709 po-

617 4722 828 4778 sitioue
858 4721 1060 4778 multis
1093 4722 1291 4777 modis
1331 4723 1807 4780 demonstratum
1859 4730 1948 4781 est
1974 4726 2188 4792 ?Quod
2217 4727 2264 4782 si

615 4829 822 4869 verum
856 4813 1348 4870 estmanifestum
1383 4815 1508 4880 erit,
1552 4815 1699 4869 illud
1748 4815 1913 4887 quod
1957 4832 2029 4870 ex
2081 4817 2265 4871 scien-
2373 4816 2726 4871 damentum
2756 4821 2813 4869 et
2850 4813 3135 4876 materia;
3180 4813 3429 4868 scientia
3464 4825 3600 4865 vero
3619 4813 3698 4862 est
3719 4813 3841 4891 toer

616 4902 696 4957 tia
730 4918 801 4957 eo
821 4902 985 4974 quod
1012 4907 1101 4957 est
1127 4918 1199 4957 ex
1221 4908 1367 4970 arte,
1395 4918 1527 4957 esse
1561 4879 1956 4974 praestantius.
1994 4906 2060 4959 Ut
2103 4905 2261 4960 enim
2371 4906 2547 4960 veluti
2577 4904 2912 4977 patefactio.
2956 4902 3197 4959 Utenim
3219 4900 3448 4972 lapides
3484 4900 3664 4969 figura
3689 4906 3785 4948 non
3801 4879 3901 4977 diﬁe'

614 4992 966 5061 temperatio
997 5007 1058 5046 se
1080 4990 1262 5047 habet
1288 4991 1364 5047 ad
1424 4997 1738 5046 naturam:
1773 4992 1853 5047 ita
1893 5009 2135 5064 quoque
2167 5010 2263 5049 ars
2370 5000 2565 5049 rentes
2585 4993 2886 5047 cernimus
2925 4994 2981 5045 et
3011 4990 3159 5045 alios
3196 4987 3511 5045 artiﬁciose
3548 4990 3602 5041 et
3638 4977 3901 5064 ιωίίοιξωιῐεῖ

616 5094 678 5132 se
707 5077 890 5134 habet
919 5079 992 5133 ad
1018 5079 1348 5136 scientiam.
1382 5082 1447 5134 Et
1474 5084 1539 5134 ut
1563 5086 1773 5135 natura
1831 5062 1927 5135 est
1968 5062 2260 5153 tempera-
2297 5064 2336 5115 (ἶ
2370 5081 2681 5149 ﬁguratos,
2706 5084 2887 5151 atque
2907 5077 3304 5134 discernimus
3331 5091 3453 5148 quo
3482 5078 3645 5151 pacto
3668 5068 3762 5125 illic
3779 5062 3899 5155 forma

2371 5169 2681 5224 materiam
2757 5167 3119 5236 informavit,
3192 5171 3317 5221 tum
3361 5164 3609 5237 plantas,
3644 5165 3745 5214 tum
3788 5154 3897 5205 etiam

2370 5257 2651 5329 quaslibet
2688 5256 2824 5313 alia.
2856 5257 2939 5313 ita
2962 5271 3207 5328 quoque
3246 5254 3476 5312 vivendi
3528 5261 3722 5321 genera

2371 5317 2510 5403 nere
2534 5363 2890 5419 possumus:
2920 5317 3137 5401 deinde
3168 5360 3307 5400 cum
3363 5344 3475 5399 hoc
3527 5345 3623 5397 aut
3674 5332 3755 5389 illo
3783 5317 3895 5409 ωοάρ

2370 5436 2708 5492 viventibus
2744 5433 3235 5491 communionem
3256 5432 3494 5488 habere.
3517 5431 3649 5485 Cum
3668 5419 3799 5511 enini

2368 5525 2803 5582 madvertimus
2833 5524 3091 5580 formam
3108 5522 3271 5579 illam
3293 5520 3367 5577 de
3388 5518 3634 5577 bonitate
3654 5504 3893 5604 praedicam

2370 4638 2525 4694 bene
2554 4643 2607 4693 et
2636 4636 3013 4693 laudabiliter
3032 4636 3342 4691 scientiam
3372 4638 3581 4695 teneat.
3624 4628 3723 4685 nisi
3772 4625 3905 4676 natura

2373 4726 2621 4783 omnino
2650 4726 2812 4781 bona
2843 4725 2919 4780 sit
2942 4726 3253 4796 praeditus.
3290 4726 3507 4780 Natura
3526 4706 3905 4796 igiturvelutiunf

2373 4816 2726 4871 dameutum
2756 4821 2813 4869 et
2850 4794 3135 4876 materia;
3180 4812 3429 4868 scientia
3464 4825 3600 4865 vero
3619 4812 3698 4862 est
3719 4803 3856 4858 forma
3873 4794 3902 4843 ει

616 5166 771 5221 tione
803 5168 1196 5237 praestantior,
1238 5168 1320 5223 ita
1345 5170 1522 5223 etiam
1556 5169 1803 5249 scientia
1829 5174 1918 5225 est
1944 5176 2066 5225 arte
2118 5186 2262 5240 prae-

614 5254 883 5309 stantior.
912 5254 1317 5320 Quamobrem
1343 5255 1484 5312 illud
1524 5258 1689 5329 quod
1721 5274 1789 5313 ex
1820 5259 2064 5313 scientia
2090 5258 2265 5313 efﬁci-

615 5349 709 5399 tur
729 5343 1112 5415 praastantius
1154 5349 1244 5400 est
1284 5359 1355 5400 eo
1398 5347 1562 5417 quod
1618 5363 1687 5402 ex
1746 5352 1869 5402 arte
1908 5346 2179 5411 efﬁcitur,
2204 5352 2265 5405 ut

612 5433 792 5488 etiam
814 5432 958 5488 illud
998 5432 1161 5504 quod
1189 5437 1281 5489 est
1335 5450 1404 5489 ex
1433 5449 1649 5490 natura
1687 5435 2065 5507 praestantius
2086 5442 2262 5509 esteo

610 5521 777 5601 quod
809 5526 986 5577 estex
1006 5522 1454 5593 temperatione.
1479 5524 1674 5586 Quare
1706 5528 1941 5593 oportet
1953 5539 2067 5579 nos
2084 5524 2259 5581 virtu-
