4066 6212
207 238 350 308 4.365

1076 235 1431 294 THEODORI
1468 238 1514 292 II
1552 234 1698 290 IMP.
1739 232 1832 292 DE
1873 233 2336 314 ρρᾏῌυΝιοΝΕ
2372 248 2756 307 NATUBALI.

3493 259 3634 338 #399

231 365 528 435 ἐμόρφωσε-εν
583 360 615 420 ᾖ
669 361 736 412 τὰ
783 361 1034 433 τρίγωνα,
1088 360 1342 435 ἐξαίρετον
1399 357 1458 413 δὲ
1504 362 1562 412 τὸ
1631 365 1838 434 πρῶτον
1902 367 1945 414 Α
2003 380 2099 424 τως
2156 366 2304 437 αὐτὸ,
2363 373 2498 424 ἔστω
2550 376 2608 425 τὸ
2665 378 2768 430 AB
2799 379 2838 426 Γ
2875 377 3270 451 Δτετράγωνον,
3331 376 3608 457 διάμετροι

229 455 323 502 καὶ
355 445 458 502 οἷον
489 448 610 506 ὃλην
638 453 733 506 τὴν
756 456 845 500 τοῦ
886 445 1054 508 εἴδους
1106 453 1228 522 ἔχον
1290 447 1474 520 ἰσχύνέ
1498 469 1510 480 ·
1563 445 1742 506 ἐπειδὴ
1780 443 1839 499 δὲ

227 545 382 590 πᾶσα
449 538 477 595 ἡ
539 537 697 590 αὐτοῦ
743 535 1011 608 ἐπιφάνεια
1073 541 1199 612 πρὸς
1280 541 1338 590 τὸ
1379 540 1582 611 κέντρον
1619 535 1648 594 ἡ
1704 538 1834 610 πρὸς

226 631 386 698 ὄγκον
415 625 588 688 ἐξίσου
620 622 898 697 ἐκδέχεται
952 625 1122 697 λέίψιν
1152 628 1180 686 ἦ
1217 627 1478 688 ἐπίτασιν,
1531 625 1624 676 οὐκ
1663 626 1836 676 οἰνισοι

227 715 508 789 συμϐῶσιν
535 715 729 768 εὐθεῖαι
755 717 809 766 αἱ
853 718 984 790 πρὸς
1021 719 1080 768 τό
1136 720 1342 789 κέντρον
1389 714 1693 788 ἐρχόμεναι,
1721 717 1838 766 οὔτε

224 809 335 878 μὴν
367 807 420 857 αἱ
449 808 574 880 πρὸς
603 808 690 857 τὸν
727 804 879 876 ὃγκον
933 810 1218 878 τεινόμεναι
1271 801 1365 857 διὰ
1412 808 1504 862 τὴν
1553 805 1836 876 πρόσθεσιν

226 895 259 952 ἦ
287 898 381 952 τὴν
410 893 597 965 λεῐψιν,
631 892 739 946 ἀλλ’
792 891 904 947 ἶσαι
941 893 1183 956 ἁ)λήλαις
1231 897 1492 966 μένουσιν.
1541 891 1697 946 Ἀλλὰ
1747 896 1836 944 καὶ

221 989 377 1035 πᾶσα
415 979 696 1056 διάμετρος
734 987 1078 1057 περαιουμένη
1141 979 1236 1036 διὰ
1299 989 1389 1034 τοῦ
1428 985 1640 1056 κέντρου
1672 980 1835 1032 αὐτοῦ

220 1072 319 1129 ἴση
365 1077 454 1123 ταῖ
525 1074 720 1134 πάσαις
773 1071 905 1132 ἐστὶ,
968 1072 1062 1123 κᾶν
1108 1077 1200 1124 τοῦ
1259 1069 1544 1135 ἐλάττονος,
1596 1067 1690 1120 κᾶν
1741 1075 1835 1121 τοῦ

218 1163 477 1232 μείζονος.
513 1167 717 1235 Πρῶτος
746 1164 837 1233 μὲν
859 1157 946 1213 οὖν
1011 1163 1068 1213 τὸ
1101 1157 1242 1221 εἶδος
1285 1162 1422 1211 κατὰ
1465 1160 1614 1210 πόιόν
1666 1176 1834 1230 κρειτ-

218 1254 387 1310 τόνως
459 1254 554 1307 τὴν
631 1258 854 1324 σφαῖραν
912 1248 1200 1324 ἐμόρφωσε,
1260 1245 1515 1321 δευτέρως
1560 1242 1620 1298 δέ
1669 1265 1729 1318 γε
1775 1248 1832 1297 τό

218 1339 568 1410 τετράγωνον,
598 1334 830 1412 διαφέρει
855 1336 914 1392 δὲ
970 1340 1050 1390 ὅτι
1102 1341 1162 1390 τὸ
1228 1340 1320 1412 μὲν
1375 1335 1456 1388 ἀεὶ
1502 1341 1592 1386 καὶ
1643 1354 1833 1386 παντα-

217 1426 404 1494 χόθεν,
468 1426 558 1488 τοὶς
623 1447 678 1482 τι
735 1423 1046 1502 διαμέτρους
1091 1429 1185 1488 τάς
1240 1444 1296 1480 τε
1349 1427 1480 1497 πρὸς
1519 1427 1578 1474 τὸ
1625 1427 1831 1498 κέντρον

222 1512 600 1586 εἰσερχομένας
649 1520 921 1590 γραμμὰς,
978 1513 1158 1568 διόλου
1227 1518 1366 1588 φέρει
1421 1511 1617 1576 ἐξίσου,
1668 1513 1726 1562 τὸ
1771 1507 1830 1564 δὲ

215 1602 287 1652 τὰ
315 1604 406 1674 μὲν
460 1607 591 1677 μέρη
651 1602 742 1658 ἶσα
779 1608 894 1678 ἔχει
939 1610 1050 1673 καὶ,
1101 1604 1147 1656 εἰ
1195 1606 1450 1674 τέμνοιτο,
1507 1600 1536 1658 ἣ
1592 1597 1823 1666 αὔξοιτο,
1885 1631 1923 1685 Β

201 2802 294 2856 ἶσα
343 2812 432 2860 καὶ
470 2808 618 2859 πάλιν
669 2809 784 2878 ἔχει
822 2809 884 2858 τὰ
948 2811 1104 2882 μέρη,
1164 2807 1296 2866 πλην
1345 2812 1434 2870 τὰς
1488 2807 1802 2884 διαμέτρους

179 2890 409 2958 ¹ιῖινίσους
439 2898 568 2970 πρὸς
605 2897 662 2948 τὸ
702 2899 908 2968 κέντρον
947 2897 1062 2966 ἔχει
1115 2915 1170 2948 τέ
1226 2901 1316 2950 καὶ
1368 2901 1537 2959 ἴσους.
1583 2894 1796 2956 Ἐπειδὴ
1858 2924 1898 2979 C

188 2983 294 3056 ⁹γὰρ
374 2983 430 3040 αἱ
495 2986 584 3055 μέν
634 2986 1093 3056 σχηματισθεῖσαι
1151 2982 1264 3038 ἶσον
1318 2985 1442 3040 αὐτό
1498 2991 1590 3038 καὶ
1647 2985 1798 3038 πάλιν

187 3078 449 3141 ποιοῦσιν,
481 3074 537 3126 αἱ
569 3067 627 3125 δὲ
658 3075 845 3124 τούτου
888 3069 1187 3140 διπλάσιον,
1244 3069 1413 3137 δεῖξαι
1463 3070 1522 3127 δὴ
1571 3071 1652 3128 διῖ
1703 3074 1790 3126 οὗ·

155 3246 326 3318 dam,
343 3249 704 3306 informasse
716 3250 1024 3320 globosas,
1041 3251 1460 3321 triangulares,
1485 3251 1809 3322 etquadra-

154 3340 250 3391 tas
287 3337 530 3408 ﬁguras,
566 3343 684 3394 tum
710 3337 854 3394 illud
886 3338 948 3396 in
963 3345 1221 3396 mentem
1255 3354 1608 3396 revocamus
1641 3338 1808 3410 quod

153 3424 439 3482 diximus.
476 3429 572 3482 Est
602 3434 802 3484 autem
852 3427 1047 3499 prima
1108 3427 1208 3483 illa
1277 3426 1474 3496 ﬁgura
1517 3427 1810 3499 spherica

152 3515 669 3584 praestantissima,
695 3531 831 3588 qua)
857 3515 1034 3572 veluti
1063 3521 1249 3572 totam
1281 3515 1490 3574 forma:
1513 3516 1638 3572 vim
1653 3515 1805 3572 obti-

151 3608 273 3658 net.
308 3605 602 3670 Quoniam
627 3606 788 3660 enim
815 3611 935 3661 tota
962 3605 1154 3677 ipsius
1187 3604 1534 3676 superficies
1563 3605 1642 3662 ad
1663 3621 1808 3662 cen-

152 3697 417 3755 trum,et
452 3693 531 3748 ad
579 3693 798 3749 molem
858 3698 946 3750 est
1000 3693 1307 3766 aequaliter
1363 3695 1698 3766 composita
1753 3700 1810 3750 et

150 3779 460 3851 aequaliter
491 3782 742 3853 suscipit
788 3783 1258 3840 subtractionem
1311 3788 1366 3839 et
1410 3783 1804 3840 additionem.

152 3885 301 3925 sane
329 3878 503 3927 recta:
529 3871 719 3938 lineae,
749 3887 884 3942 quae
915 3871 992 3926 ad
1033 3877 1304 3928 centrum
1320 3871 1686 3940 deferuntur,
1720 3873 1806 3928 in-

149 3958 416 4030 aequales
437 3973 565 4015 esse
585 3975 707 4015 non
735 3965 1034 4032 poterunt,
1067 3975 1264 4033 neque
1296 3961 1474 4018 etiam
1509 3961 1622 4017 illae
1666 3977 1805 4034 quin

150 4045 233 4101 ad
263 4045 483 4103 molem
515 4047 784 4111 tendunt,
826 4048 949 4103 sive
980 4048 1172 4104 addas
1205 4049 1328 4106 sive
1384 4049 1639 4115 adimas,
1698 4049 1804 4106 sed

148 4133 414 4205 aequales
437 4137 593 4192 inter
616 4153 677 4192 se
705 4136 1059 4200 manebunt.
1087 4137 1241 4203 Quin
1269 4138 1446 4194 etiam
1468 4139 1666 4196 omnis
1678 4138 1806 4195 dia-

141 4222 524 4279 meterducta
545 4238 652 4295 per
677 4229 947 4279 centrum
960 4224 1172 4296 ipsius,
1211 4227 1570 4298 esttequalis
1606 4227 1800 4284 omni-

135 4310 258 4366 bus
283 4310 611 4381 diametris,
640 4313 840 4368 tumin
871 4313 1124 4381 minore,
1153 4319 1281 4369 tum
1328 4315 1508 4371 etiam
1560 4317 1620 4372 in
1677 4333 1802 4374 ma-
1834 4313 1879 4366 D

131 4401 267 4472 jore
290 4399 490 4470 globo.
518 4401 778 4456 Primum
808 4401 986 4471 igitur
1010 4400 1208 4458 forma
1232 4419 1306 4458 ex
1333 4403 1616 4476 qualitate
1641 4420 1799 4477 prae-

134 4490 397 4544 stantius
430 4489 1059 4559 globuminformavit.
1091 4491 1366 4546 Secundo
1387 4490 1520 4547 loco
1537 4493 1796 4564 quadra-

139 4585 292 4634 tum.
325 4578 614 4636 Diﬁ‘erunt
647 4584 848 4634 autem
875 4579 1026 4634 inter
1055 4595 1138 4648 se,
1168 4580 1333 4652 quod
1363 4581 1600 4653 sphaara
1629 4583 1795 4640 omni

135 4682 213 4722 ex
241 4673 408 4738 parte
443 4668 770 4724 diametros
804 4675 860 4722 et
887 4668 964 4722 ad
1017 4675 1288 4724 centrum
1345 4670 1558 4726 ductas
1607 4672 1792 4730 lineas

133 4756 362 4812 habeat
390 4758 672 4829 aequales.
741 4757 1111 4822 Quadratum
1178 4774 1318 4814 vero
1369 4765 1566 4832 partes
1610 4761 1792 4818 habet

135 4844 403 4917 aequales
429 4855 487 4900 et
533 4845 661 4904 sive
695 4850 928 4902 secetur
941 4849 1065 4900 sive
1087 4847 1480 4904 accretionem
1499 4850 1788 4921 suscipiat

134 4931 399 5004 aequales
431 4950 638 4990 rursus
679 4934 857 4992 habet
919 4939 1116 5006 partes
1173 4937 1432 5008 exceptis
1481 4936 1786 4996 diametris

130 5036 287 5093 quos
318 5038 424 5094 per
449 5030 718 5080 centrum
749 5023 964 5078 ductas
1011 5022 1223 5094 partim
1276 5024 1536 5096 aequales
1583 5025 1784 5096 habet,

128 5111 348 5181 partim
407 5112 758 5184 inaequales,
813 5111 1312 5184 quandoquidem
1366 5129 1438 5168 ex
1480 5114 1786 5171 diametris

125 5197 560 5269 quadratorum
587 5200 872 5272 quaedam
907 5199 962 5254 in
997 5199 1223 5269 ﬁguras
1265 5200 1519 5258 redactae
1553 5205 1786 5275 aaquale

126 5288 488 5359 quadratum
505 5305 710 5344 rursus
721 5288 1006 5355 efﬁciunt,
1022 5288 1152 5344 alia:
1171 5305 1308 5345 vero
1321 5290 1596 5363 duplum.
1613 5296 1781 5359 Quod

127 5377 242 5432 hoc
269 5379 453 5435 modo
483 5379 1024 5434 demonstrandum
1041 5385 1147 5432 est.
1181 5380 1314 5434 Esto
1328 5381 1506 5436 ABCD
1529 5383 1786 5453 quadra-

129 5472 277 5532 tum,
310 5466 583 5534 diametri
616 5483 751 5523 vero
782 5467 904 5522 duo
937 5467 1041 5532 BC,
1069 5467 1162 5523 NO
1181 5482 1314 5538 qum
1341 5477 1540 5534 secent
1564 5471 1622 5526 in
1645 5488 1782 5528 cen-

131 5559 221 5612 tro
253 5554 317 5610 P.
347 5557 559 5612 Totum
588 5555 956 5632 quadratum
985 5555 1047 5612 in
1085 5555 1208 5624 duo
1240 5558 1497 5638 trapesia
1532 5559 1781 5630 eodem-

2005 446 2064 503 δὲ
2085 453 2114 510 ἡ
2148 460 2183 506 Β
2204 461 2242 510 Γ
2269 463 2314 510 Ν
2343 465 2391 512 Ω
2418 464 2665 532 τέμνουσι
2693 458 2752 516 δὲ
2793 446 3205 536 συζευγνυμέναι
3263 446 3438 534 αὗται,
3471 446 3607 536 κατὰ

2001 542 2056 591 τὸ
2104 547 2310 618 κέντρον
2340 552 2470 602 Χτό
2515 548 2627 602 ὅλον
2679 553 2747 616 εἷς
2789 570 2844 606 τε
2896 547 2992 605 δύο
3041 555 3301 627 τραπέζια
3354 562 3444 610 καὶ
3495 565 3604 635 τρί-

1999 647 2141 698 γωνα
2216 632 2261 684 θ’
2334 636 2584 706 ὡσαύτως
2653 635 2772 706 δύο,
2809 637 3139 699 ἐκϐεϐλήσθω
3175 644 3206 701 ἠ
3235 649 3285 698 N
3314 650 3352 698 Α
3386 646 3480 710 ἕως
3507 632 3603 710 τῆς

2001 722 2034 768 Σ
2067 738 2080 749 ο
2113 720 2246 772 ἔστω
2277 717 2336 774 δὲ
2362 725 2480 786 ὼςή
2514 730 2561 778 Ν
2600 733 2640 786 Α
2673 729 2702 786 ἠ
2747 733 2778 782 Δ
2806 734 2838 780 Σ
2878 749 2890 761 ·
2925 728 3256 789 ἐκϐεϐλήσθω
3284 727 3344 796 δὶ
3373 738 3463 786 καὶ
3492 736 3522 794 ἠ
3555 743 3603 788 Ω

2001 810 2039 858 Γ
2063 812 2152 860 καὶ
2208 811 2237 868 ἡ
2268 816 2306 863 I‘
2335 818 2381 865 Ψ
2414 815 2534 875 ὡςή
2571 821 2610 868 Δ
2639 821 2678 868 Γ
2705 837 2718 850 ·
2747 813 3070 888 ἀχθήτωσαν
3137 816 3197 873 δὲ
3238 827 3328 876 καὶ
3375 821 3476 876 ἀπὸ
3507 833 3600 882 τοῦ

1998 899 2209 971 κέντρου
2249 899 2442 954 εὐθεῖαι
2492 907 2625 977 πρὸς
2671 907 2738 958 τὰ
2768 913 2814 958 Θ
2843 911 3008 962 Macati.
3067 905 3218 974 αὖθις
3270 909 3600 986 ἑκϐιϐλήσθω

2412 1080 2458 1134 Δ
2926 1083 2941 1120 t

2125 1142 2949 1623 ngat

2128 1392 2442 1696 .
2456 1396 2687 1625 Α
2936 1150 3470 2093 ι

2903 2113 2946 2190 Α
2973 2097 2980 2100 -

1969 2271 2001 2329 ἦ
2037 2272 2207 2367 Θᾳὶως
2224 2281 2322 2367 τῆρς
2349 2281 2382 2327 Σ
2412 2276 2480 2337 ὥς
2517 2276 2576 2328 τὸ
2603 2283 2650 2329 Θ
2679 2280 2771 2334 καὶ
2815 2278 2878 2330 τὸ
2931 2281 3207 2354 κέντρονΧ
3234 2281 3460 2356 ἀχοήτω
3511 2281 3574 2339 δὲ

1967 2362 2484 2427 καὶὴΣΡέωςτῆς
2536 2371 2585 2420 Ψ
2636 2384 2730 2428 κας
2777 2367 2893 2421 εστι
2949 2370 3011 2422 τὸ
3057 2377 3158 2434 τῆς
3199 2377 3323 2426 ΝΩ
3377 2367 3573 2447 διαμέ-

1965 2467 2113 2524 τρου,
2163 2453 2284 2513 ἴσας
2337 2454 2462 2524 ἕχον
2512 2456 2830 2528 τετράγωνον
2874 2457 2966 2519 τὰς
3020 2457 3244 2534 πλευρὰς
3272 2456 3386 2513 ἶσον
3429 2469 3502 2532 τῷ
3526 2467 3568 2515 Δ

1967 2545 2480 2614 ΒΓΔτιτραγώνῳ.
2545 2540 2635 2605 Ὠς
2718 2544 2819 2619 γὰρ
2891 2549 3053 2618 μέσον
3135 2555 3233 2612 τῆς
3286 2551 3570 2606 ΝΩτόΧ

1963 2633 2191 2702 κέντρον,
2243 2630 2406 2690 οὕτως
2457 2626 2526 2689 δὴ
2583 2635 2674 2685 καὶ
2723 2640 2821 2692 τῆς
2874 2637 3164 2708 ΒΔμιέσον
3217 2637 3569 2694 τόκὼσαῦ-

1963 2737 2064 2778 τως
2083 2713 2144 2769 δὲ
2172 2722 2261 2770 καὶ
2284 2725 2382 2780 τῆς
2408 2725 2442 2770 Δ
2469 2724 2508 2771 Γ
2532 2722 2592 2772 τὸ
2629 2727 2695 2788 Ω,
2745 2719 2872 2774 ἁ)λὰ
2907 2728 2998 2776 καὶ
3052 2732 3144 2786 τῆς
3174 2730 3213 2778 Γ
3236 2729 3286 2780 Α
3314 2729 3374 2780 τὸ
3403 2731 3563 2782 Θκαὶ

1961 2813 2053 2866 τῆς
2082 2812 2118 2858 Β
2144 2812 2178 2857 Δ
2209 2810 2266 2858 τὸ
2295 2812 2371 2864 Μ.
2427 2807 2570 2861 Ἐπεὶ
2624 2804 2684 2861 δί
2697 2811 2754 2862 τὸ
2775 2817 2827 2864 M
2857 2817 2902 2864 X
2959 2807 3236 2886 διάστημα
3288 2812 3401 2870 ἶσόν
3447 2814 3563 2869 ἔστι

1959 2892 3260 2968 τῷΧΘκαὶτόΘΡἶσόνέστιτῷΧΜτ-ὰδὶ
3302 2910 3375 2974 τῷ
3417 2903 3562 2975 αὐτῷ

1961 2979 2052 3036 ἶσα
2087 2987 2178 3036 καὶ
2207 2981 2443 3046 ἀλλήλοις
2469 2980 2561 3038 ἶσά
2589 2983 2720 3056 έστι,
2753 2990 2844 3044 καὶ
2870 2988 2938 3052 τᾷ
2963 2988 3068 3060 ἄρα
3103 2994 3156 3050 Μ
3183 2995 3252 3053 X,
3275 2997 3324 3045 Χ
3353 2997 3421 3057 Θ,
3452 2995 3494 3052 Ω
3519 2997 3558 3046 Ρ

1958 3069 2303 3145 διαστήματα
2331 3066 2428 3126 ἶσα
2456 3071 2696 3137 ἀλλήλοις
2749 3072 2860 3144 ἐστὶ
2885 3079 2997 3142 καὶ,
3035 3073 3121 3132 ἕπὶ
3155 3079 3215 3130 τὸ
3265 3083 3317 3134 X
3347 3080 3556 3155 κέντρον

1918 3264 2039 3322 que
2066 3248 2244 3306 modo
2273 3249 2335 3306 in
2363 3249 2488 3306 duo
2529 3251 2845 3322 triangula.
2869 3251 3049 3310 Linea
3078 3257 3281 3314 autem
3310 3256 3408 3316 NA
3432 3271 3574 3330 pro:

1917 3337 2173 3394 ducatur
2203 3353 2393 3411 usque
2419 3340 2485 3406 0.
2513 3341 2646 3396 Esto
2667 3345 2871 3410 autem
2900 3341 3060 3400 linea
3084 3343 3180 3411 ΑΟ
3195 3342 3430 3404 utlinea
3456 3349 3571 3406 NA.

2047 3483 3423 4535 ἐκ

1900 4684 2267 4741 Producatur
2293 4701 2539 4759 quoque
2557 4685 2717 4744 linea
2742 4688 2832 4746 0C
2860 4703 3053 4762 usque
3095 4689 3178 4746 ad
3234 4689 3272 4746 S
3326 4692 3386 4746 et
3419 4690 3550 4744 esto

1896 4770 2058 4828 linea
2083 4773 2162 4830 CS
2197 4779 2262 4831 ut
2287 4774 2447 4832 linea
2490 4773 2598 4831 0C.
2644 4778 2932 4834 Praeterea
3013 4775 3314 4834 ducantur
3370 4775 3548 4832 linea

1893 4864 2070 4916 rectae
2091 4877 2128 4917 a
2151 4866 2355 4918 centro
2376 4863 2455 4920 ad
2478 4865 2519 4919 T
2539 4868 2594 4919 et
2617 4865 2689 4932 ll,
2714 4879 2786 4920 ac
2811 4880 3020 4921 rursus
3073 4866 3116 4922 Τ
3170 4862 3544 4936 producatur

1894 4962 2089 5019 usque
2115 4949 2194 5004 ad
2222 4951 2268 5005 R
2297 4967 2311 5006 :
2331 4950 2526 5022 sitque
2547 4955 2818 5007 centrum
2842 4952 2886 5007 Ρ
2908 4957 2976 5009 ut
2994 4956 3267 5009 centrum
3293 4953 3337 5008 Τ
3358 4967 3374 5008 :
3396 4966 3550 5025 pro-

1891 5033 2149 5091 ducatur
2166 5037 2351 5093 etiam
2373 5036 2532 5094 linea
2561 5037 2656 5103 QR
2685 5053 2873 5111 usque
2909 5039 2991 5096 ad
3017 5039 3058 5094 S
3105 5056 3121 5096 :
3180 5039 3549 5112 quadratum

1893 5121 2166 5180 diametri
2201 5125 2296 5182 ΝΟ
2326 5125 2515 5182 latera
2555 5125 2814 5197 aequalia
2859 5126 3094 5185 habens
3147 5129 3258 5186 erit
3311 5128 3548 5203 mquale

1893 5210 2190 5282 quadrato
2219 5212 2428 5270 ABCD.
2457 5215 2526 5270 Ut
2555 5213 2718 5271 enim
2741 5213 3018 5273 diametri
3042 5217 3137 5274 ΝΟ
3152 5222 3426 5276 centrum
3455 5222 3548 5278 est

1895 5301 1956 5369 P,
1992 5300 2076 5356 ita
2097 5300 2280 5357 etiam
2305 5300 2480 5358 linea;
2502 5304 2591 5359 BA
2601 5301 2929 5362 mediumN
2961 5321 2978 5362 :
3000 5305 3336 5378 eodemque
3359 5304 3546 5364 modo

1891 5385 2064 5444 linem
2095 5389 2184 5444 DC
2214 5389 2481 5446 medium
2510 5395 2603 5448 est
2631 5391 2698 5448 Ο.
2730 5393 3020 5451 Praeterea
3039 5393 3214 5454 lineo
3276 5395 3370 5450 CA
3419 5406 3545 5454 ωο-

1893 5474 2062 5532 dium
2091 5482 2180 5533 est
2202 5479 2262 5544 Τ,
2280 5483 2338 5538 et
2365 5477 2535 5538 linea:
2565 5481 2653 5538 BD
2683 5479 2957 5538 medium
2984 5486 3074 5558 est
3114 5485 3185 5540 Μ.
3243 5480 3542 5547 Quoniam

1893 5569 2095 5635 autem
2122 5565 2501 5631 intervallum
2529 5567 2698 5654 quod
2732 5573 2822 5631 est
2855 5569 3010 5637 inter
3029 5573 3082 5636 ll
3115 5575 3175 5636 et
3219 5576 3258 5634 ι)
3311 5565 3543 5650 munia
