4066 6212
543 278 686 338 1367

2074 264 2431 325 ADDENDA.

3752 282 3849 340 t3|8

567 404 681 473 ἐστὶ
720 407 811 456 τοῦ
850 401 957 457 ΑΒ
987 402 1081 453 ΓΔ
1125 397 1465 473 τετραγώνου,
1504 395 1577 449 οὗ
1626 391 1901 471 διάμετροι
1958 397 2013 447 αἱ
2057 401 2102 447 Ν
2126 402 2174 447 Ω
2227 395 2275 448 Α
2336 389 2463 443 ἀλλά
2492 394 2581 445 καὶ
2612 389 2713 445 ἀπὸ
2752 398 2849 455 τῆς
2887 397 2926 447 Γ
2953 390 3037 446 ἰπὶ
3070 395 3164 451 τὴν
3196 397 3313 447 Καί
3355 397 3577 465 τέμνουσι
3620 401 3838 459 κατὰτόΔ

566 462 621 549 lii
651 498 691 546 Θ
747 495 859 545 ἔστι
916 488 975 543 δέ
1025 462 1366 560 διαστήματα
1426 486 1520 539 ἴσα
1574 494 1634 559 τῇ
1701 462 1749 540 lt!
1784 462 1849 549 Κ,
1884 491 1932 539 Χ
1962 492 2029 553 Θ,
2063 493 2108 538 Θ
2136 492 2171 537 P

569 586 865 654 αναγκαίως
915 582 1004 631 καὶ
1049 580 1108 630 τὸ
1150 584 1194 629 Θ
1246 580 1451 648 κέντρον
1510 574 1622 627 ἐστὶ
1687 582 1779 627 τοῦ
1806 582 1849 627 Ν
1878 583 1926 627 Ω
1952 581 2000 629 Ψ
2030 578 2172 627 Σκαὶ

568 670 677 725 imi
702 672 770 729 ὡς
826 670 956 739 πρὸς
1001 669 1060 718 τὸ
1083 674 1129 719 Χ
1152 668 1209 717 τὸ
1244 670 1282 717 Α
1312 671 1347 716 Β
1375 670 1410 716 Γ
1440 670 1474 716 Δ
1505 662 1665 733 ἐστὶν,
1722 663 1847 716 ἀλλὰ
1897 669 1986 716 καὶ
2042 667 2100 717 τὸ
2126 671 2173 717 Ν

569 766 779 826 Ω,ΩΘ
832 759 1107 832 καὶπρὸς
1161 757 1217 807 τό
1269 762 1314 807 Θ
1372 757 1430 806 τό
1480 755 1744 823 ΝΩΨΣ,
1795 752 1924 806 ἀλλὰ
1975 757 2173 807 τόΑΓ

565 855 614 903 Χ
644 855 702 914 Ρ,
735 852 824 900 καὶ
852 848 909 899 τό
940 848 984 901 Ν
1013 851 1045 897 Σ
1072 851 1118 898 Ψ
1138 850 1203 912 Ω,
1232 844 1335 918 ἄρα
1364 845 1680 916 τετράγωνον
1722 846 1779 895 τό
1838 846 1891 895 ἐκ
1942 850 2032 904 τῆς
2057 849 2100 895 Ν
2130 849 2176 895 Ω

572 933 858 1011 διαμέτρου
914 937 1243 1000 συνεστακός,
1280 931 1392 984 ἶσόν
1447 932 1561 984 ἐστι
1612 939 1684 1002 τῷ
1740 932 1845 985 ΑΒ
1875 937 1968 983 ΓΔ
1998 951 2176 1004 τετρα-

563 1032 713 1099 γώνῳ
739 1047 752 1060 ο
778 1026 845 1077 ὧν
882 1026 984 1098 γὰρ
1018 1021 1111 1076 ἶσα
1138 1024 1205 1074 τὰ
1248 1025 1400 1096 μέρη,
1458 1024 1545 1073 xui
1586 1017 1678 1073 ἶσα
1732 1022 1898 1072 ταῦτά
1942 1020 2069 1075 ἐστι.
2105 1023 2174 1074 Τό

570 1118 675 1191 ἄρα
724 1121 821 1177 τῆς
878 1113 935 1166 ἐκ
987 1120 1084 1174 τῆς
1129 1119 1380 1185 γραμμῆς
1408 1108 1771 1182 ἀρχομένηςΝ
1807 1116 1854 1162 Ω
1889 1106 2174 1184 διαμέτρου

568 1205 908 1277 τετράγωνον,
961 1203 1081 1263 ἴσας
1118 1203 1241 1271 ἕχον
1281 1199 1526 1273 πλευρὰς,
1565 1197 1675 1251 ἶσόν
1704 1198 1816 1252 ἔστι
1843 1206 1913 1269 τῷ
1937 1205 1976 1252 Α
2010 1206 2045 1251 Β
2074 1204 2112 1251 Γ
2141 1204 2176 1251 Δ

567 1296 875 1366 τετραγώνῳ
898 1290 1053 1366 οὗπέρ
1095 1288 1208 1341 ἔστι
1269 1285 1551 1361 διάμετρος
1573 1289 1601 1345 ἡ
1640 1294 1772 1345 ΝΩ..
1807 1291 1907 1340 Καὶ
1954 1284 2174 1360 ἐδείχθη

566 1383 696 1456 παρ’
717 1383 864 1453 ἡμῶν
892 1387 1046 1433 τοῦτο
1085 1379 1256 1439 καθώς
1287 1374 1414 1432 ἔδει.
1477 1378 1833 1450 Δειχθήσεται
1880 1373 1939 1430 δὲ
1982 1381 2072 1430 καὶ
2120 1380 2178 1431 τό

568 1466 871 1527 διπλάσιον.
902 1474 1053 1521 Ἔστι
1094 1463 1151 1519 δι
1192 1466 1352 1521 οὕτως
1376 1486 1390 1499 '

639 1557 710 1631 β’.
759 1557 820 1611 Ἠ
904 1564 996 1609 τοῦ
1066 1560 1391 1630 τετραγώνου
1479 1551 1762 1629 διάμετρος
1813 1559 1988 1629 τρισὶν
2039 1558 2182 1620 ἴσαις

566 1650 726 1721 ταύτῃ
804 1646 1169 1717 συζευχθείσα
1226 1642 1447 1706 εὐθείαις
1524 1640 1804 1697 διπλάσιον
1852 1650 2065 1703 ποιήσει
2107 1664 2185 1699 τε’

2169 1725 2186 1757 ι

2335 485 2540 554 κέντρον
2568 480 2808 542 ἀλλήλας.
2830 482 2891 535 Εἰ
2922 484 3027 555 ἄρα
3048 488 3085 534 Γ
3115 489 3152 535 Β
3177 490 3234 555 τῇ
3269 489 3306 535 Β
3338 489 3376 536 K
3396 486 3481 542 ἴση
3511 483 3592 544 in
3620 487 3752 556 ἐστὶν,
3771 495 3840 546 ὑπ.

2335 573 2496 646 ἄρχει
2527 566 2585 624 δὲ
2626 570 2784 644 βάσις
2820 579 2910 624 τοῦ
2938 578 2974 625 Β
3004 578 3043 624 Γ
3067 577 3103 625 Δ
3158 578 3429 645 τριγώνου,
3473 578 3556 626 xui
3603 577 3629 633 ἠ
3657 584 3688 629 Β
3713 585 3745 633 Κ
3769 579 3840 653 βά.

2338 680 2420 724 σις
2452 660 2567 713 ἕστὶ
2596 668 2687 713 τοῦ
2717 667 2751 713 Δ
2785 668 2826 714 Κ
2860 667 2895 713 Β
2932 668 3208 736 τριγώνου,
3238 667 3329 714 xui
3378 663 3407 721 ἠ
3464 664 3559 736 ἄρα
3582 669 3660 717 ΓΔ
3681 667 3840 743 uulgi,

2335 752 2428 807 ἴση
2458 747 2567 802 ἐστὶ
2596 757 2658 822 τῇ
2692 755 2729 801 Β
2758 754 2793 802 Δ
2825 755 2914 803 xui
2943 757 2985 804 Κ
3015 756 3051 803 Δ
3076 754 3168 809 ἴση
3227 749 3340 803 ἐστὶ
3382 758 3440 823 τῇ
3466 757 3498 804 Δ
3517 757 3551 804 Β
3572 752 3750 829 πλευρᾷ,
3781 764 3843 813 xui

2336 840 2366 897 ἡ
2398 845 2434 891 Β
2456 845 2490 891 Δ
2515 841 2607 896 ἴση
2640 837 2751 891 ἐστὶ
2781 846 2842 912 τῇ
2886 846 2924 893 Γ
2953 845 3008 893 Δ.
3041 839 3137 892 Ὧν
3192 836 3249 894 δί
3289 842 3343 893 αἱ
3388 840 3591 916 πλευραὶ
3641 841 3748 911 ἶσαι,
3783 853 3845 900 ut

2336 930 2391 981 αἱ
2420 927 2608 1002 βάσεις
2638 925 2771 995 ἶσαι,
2805 925 2921 981 ἶσαι
2966 935 3056 982 xui
3101 932 3155 982 ui
3210 934 3391 1001 γωνίαι
3416 952 3427 964 ·
3456 930 3520 981 ὧν
3569 935 3659 1006 γάρ
3700 930 3771 987 ἶσα
3802 940 3848 988 τὰ

2337 1022 2489 1091 μέρη,
2547 1022 2638 1071 καὶ
2688 1025 2856 1071 ταῦτα
2891 1019 2983 1072 ἶσά
3014 1022 3146 1076 ἑστι.
3203 1025 3288 1091 Τῷ
3339 1020 3498 1093 aiqu
3525 1026 3559 1073 Β
3600 1028 3631 1074 Δ
3676 1032 3846 1097 τριγώνῳ

2340 1104 2452 1160 ἶσόν
2482 1105 2671 1160 ἔστιτό
2698 1113 2735 1160 Β
2768 1114 2810 1161 Κ
2840 1114 2875 1161 Δ
2928 1112 3196 1182 τρίγωνον.
3246 1107 3388 1163 Ἐπεὶ
3424 1116 3542 1180 γοῦν
3586 1113 3638 1162 τό
3661 1116 3694 1162 Β
3714 1119 3742 1163 Δ
3773 1109 3847 1164 ἴσον

2340 1194 2452 1249 ἔστι
2480 1204 2552 1267 τῷ
2578 1201 2617 1249 Γ
2648 1202 2683 1249 Β
2709 1202 2743 1249 Δ
2772 1204 3026 1268 τριγώνῳ,
3077 1199 3188 1251 ἔστι
3237 1194 3297 1251 δι
3350 1199 3512 1270 ἣμισυ
3569 1205 3650 1250 τοῦ
3676 1204 3709 1251 Δ
3742 1205 3849 1254 ΒΓΔ

2340 1291 2663 1360 τετραγώνου
2710 1292 2884 1350 τοῦτο,
2930 1290 3018 1338 xui
3057 1290 3115 1339 τὸ
3147 1293 3182 1338 Δ
3202 1293 3240 1338 Β
3270 1293 3309 1339 Γ
3334 1288 3373 1337 ὡ
3405 1291 3635 1361 τρίγωνον
3667 1296 3740 1340 τοῦ
3776 1295 3803 1341 Β
3829 1296 3851 1342 Γ

2343 1378 2387 1427 Λ
2417 1378 2458 1427 Κ
2486 1377 2808 1445 τετραγώνου
2867 1374 2981 1426 ἶσόν
3039 1372 3152 1427 ἔστι
3206 1383 3279 1445 τῷ
3339 1381 3379 1428 Α
3412 1380 3502 1427 ΓΒ
3528 1380 3747 1451 τριγώνῳ.
3786 1383 3853 1430 Καὶ

2343 1461 2449 1517 επεὶ
2521 1468 2613 1514 τοῦ
2679 1465 2768 1534 μεν
2815 1469 2852 1514 Β
2884 1469 2926 1516 Κ
2958 1468 3000 1516 Λ
3030 1469 3068 1515 Γ
3108 1468 3430 1539 τετραγώνου
3497 1468 3547 1516 τί
3600 1468 3745 1517 [AB
3785 1470 3855 1539 τρί-

2342 1570 2503 1622 γωνον
2584 1554 2825 1623 τέταρτόν
2900 1549 3037 1603 ἔστιν
3071 1573 3084 1585 ·
3114 1552 3349 1625 ὑπάρχει
3388 1548 3446 1605 δι
3505 1548 3610 1604 ἴσον
3675 1559 3857 1624 τῷΒΓΔ

2344 1644 2645 1713 τετραγώνῳ
2697 1644 2787 1692 καὶ
2841 1644 2898 1693 τό
2937 1646 2972 1693 Δ
3004 1647 3040 1692 Β
3067 1646 3126 1696 Γ.
3188 1640 3329 1716 ’Ἆρα
3364 1643 3602 1715 τετάρτου
3630 1649 3706 1694 τοῦ
3728 1649 3758 1694 Β
3785 1650 3858 1695 ΚΛ

567 1740 850 1814 τράγωνον,
937 1736 997 1789 οὗ
1053 1733 1165 1788 ἔστι
1219 1730 1527 1807 διάμετρος.
1591 1740 1672 1786 Δεί
1746 1730 1814 1793 δὴ
1874 1730 2045 1799 δεῖξαι
2110 1730 2186 1788 ὄϊι
2246 1743 2291 1800 Β
2348 1736 2386 1784 Γ
2424 1735 2745 1802 τετραγώνου
2800 1731 2912 1783 ἶσόν
2959 1730 3075 1784 ἔστι
3112 1736 3387 1802 τῷΒΒΛ
3420 1736 3687 1806 Γτριγώνῳ
3727 1740 3783 1803 τῷ
3803 1740 3861 1784 τοῦ

571 1828 703 1887 αὐτή
758 1828 789 1886 ἡ
858 1822 1140 1900 διάμετρος
1211 1828 1383 1898 τρισὶν
1457 1826 1595 1884 ῖσαις
1662 1826 1825 1897 ταύτῃ
1887 1825 2190 1877 συντεθεῖσα

573 1916 837 1992 πλευραῖς,
873 1911 1152 1967 διπλάσιον
1205 1915 1417 1969 ποιήσει
1461 1913 1780 1984 τετράγωνον
1812 1919 1903 1965 τοῦ
1949 1912 2023 1965 οὔ
2070 1910 2189 1965 ἐστι

577 2003 873 2079 διάμετρος.
957 2003 1234 2077 Γεγράφθω
1316 2005 1372 2054 τό
1424 2007 1463 2055 Α
1493 2008 1529 2053 Β
1558 2008 1596 2055 Γ
1626 2008 1661 2055 Δ
1705 2003 2042 2076 τετράγωνον,
2105 2008 2195 2056 xui

583 2094 808 2168 ἆχθήτω
861 2089 1143 2166 διάμετρος
1180 2093 1209 2149 ἠ
1238 2096 1276 2169 β
1308 2095 1453 2143 I‘xui
1503 2095 1718 2149 ποιήσει
1772 2092 1928 2163 ὅμοιοι
1970 2094 2034 2144 τὰ
2064 2098 2101 2145 Β
2127 2098 2190 2148 Δ,

581 2190 620 2239 Γ
650 2188 711 2251 Α,
745 2189 783 2236 Β
811 2188 869 2238 Γ.
926 2180 1118 2252 ’Ἤχθω
1164 2172 1266 2233 ἀπό
1344 2188 1439 2242 τῆς
1489 2186 1585 2233 ΒΓ
1628 2177 1913 2255 διαμέτρου
1971 2184 2192 2253 γραμμή

584 2272 754 2327 εὐθεῖα
806 2269 891 2325 ἐπὶ
940 2272 1233 2329 άνκΚῖση,
1269 2271 1457 2340 ταύτῃ,
1511 2271 1759 2330 ὡσαύτως
1805 2274 1895 2323 καὶ
1949 2268 2051 2323 ἀπὸ
2105 2278 2203 2333 τῆς

585 2361 671 2415 ἰπὶ
725 2364 820 2420 τὴν
870 2365 945 2415 Λ,
977 2362 1067 2421 ῖση
1099 2361 1292 2431 ταύτῃ,
1328 2357 1460 2413 ἄλλα
1514 2354 1581 2416 δὴ
1625 2364 1714 2412 καὶ
1767 2357 1870 2414 ἀπό
1919 2368 2015 2422 τῆς
2044 2364 2090 2413 Δ
2118 2358 2201 2412 ἰπὶ

585 2454 678 2509 τὴν
712 2455 750 2503 Γ
776 2451 913 2503 κατὰ
935 2453 1023 2505 τόν
1066 2446 1232 2503 αὐτόν
1282 2446 1456 2519 λόγον,
1511 2452 1600 2501 xui
1636 2446 1738 2501 ἀπό
1787 2457 1883 2511 τῆς
1916 2454 1954 2501 Γ
1998 2447 2201 2507 ἐπὶτὴν

591 2545 647 2604 Β,
680 2539 956 2610 τετμήσθω
985 2533 1045 2591 δε
1071 2538 1203 2593 κατὰ
1242 2532 1525 2610 διαμέτρου
1573 2540 1631 2589 τό
1682 2534 1737 2589 ix
1777 2539 1975 2589 τούτων
2021 2539 2202 2610 τετράο

591 2646 754 2706 γωνον
786 2626 980 2700 ,ἤχθω
1000 2632 1127 2697 γοῦν
1155 2623 1257 2680 ἀπό
1316 2632 1413 2688 τῆς
1469 2632 1506 2678 Β
1548 2623 1631 2679 ἐπὶ
1674 2629 1768 2684 τὴν
1814 2631 1855 2680 Α
1898 2622 2200 2702 διάμετρος,

571 2914 659 2968 est
681 2910 992 2968 intervallo
1021 2909 1188 2983 quod
1208 2913 1297 2967 est
1326 2908 1482 2966 inter
1506 2909 1621 2979 PT,
1680 2910 1787 2967 erit
1847 2926 2091 2985 quoque
2137 2914 2226 2968 TR

573 2999 803 3073 aequale
828 3000 941 3073 ipsi
965 2998 1082 3055 PM.
1103 2999 1279 3071 Atqui
1302 3015 1440 3072 quae
1452 2999 1646 3055 eidem
1660 3000 2084 3073 suntmqualia,
2129 3000 2229 3057 illa

574 3094 715 3147 sunt
742 3090 893 3145 inter
924 3104 988 3146 se
1019 3087 1295 3161 aequalia.
1341 3087 1536 3150 Quare
1596 3088 1907 3145 intervalla
1966 3091 2076 3161 MP,
2126 3092 2228 3158 PT,

575 3182 683 3246 ΤΒ,
711 3177 963 3253 aequalia
995 3179 1148 3234 inter
1168 3193 1230 3233 se
1253 3182 1443 3234 erunt.
1478 3180 1544 3234 Et
1571 3179 1862 3251 quoniam
1892 3182 1932 3235 P
1962 3183 2050 3236 est
2098 3196 2225 3236 cen-

767 3234 1044 3342 quadraii
1092 3269 1295 3335 ABCD,
1353 3269 1523 3339 cujus
1577 3234 1859 3325 diametri
1898 3234 2052 3326 sunt
2107 3234 2230 3335 thi,
2266 3234 2305 3288 Ο

582 3361 698 3427 ΜΤ,
733 3361 873 3414 sunt
902 3358 1102 3414 autem
1130 3356 1440 3413 intervalla
1475 3360 1586 3423 MP,
1647 3359 1751 3424 PT,
1806 3360 1913 3424 TR,
1977 3359 2235 3431 aequalia

581 3448 733 3506 inter
761 3462 842 3514 se,
871 3446 1209 3502 necessario
1247 3446 1998 3519 Tcentrumeritquadradi
2023 3450 2229 3515 NOSQ.

584 3540 650 3595 Et
680 3536 971 3609 quoniam
1020 3541 1084 3592 ut
1142 3551 1203 3592 se
1260 3534 1443 3591 habet
1498 3538 1682 3594 ABCD
1737 3537 2101 3609 quadratum
2158 3538 2237 3594 ad

587 3642 767 3683 suum
805 3628 1075 3681 centrum
1105 3627 1144 3680 P
1176 3643 1188 3680 :
1223 3629 1584 3697 etpraeterea
1636 3626 1750 3691 ΝΟ,
1802 3628 1893 3683 ΜΤ
1957 3626 2035 3683 ad
2074 3626 2237 3685 idem

590 3718 860 3772 centrum
893 3732 905 3770 :
938 3712 1021 3769 ita
1045 3728 1286 3787 quoque
1318 3714 1498 3779 NOSQ
1532 3729 1594 3769 se
1622 3713 1806 3770 habet
1852 3714 1929 3770 ad
1976 3718 2038 3787 T,
2094 3732 2236 3774 cen-

589 3809 749 3862 trum
777 3820 790 3859 :
815 3808 872 3859 et
895 3805 1181 3875 praeterea
1203 3804 1312 3868 AC,
1347 3805 1433 3859 PR
1464 3820 1475 3858 :
1515 3803 1882 3875 quadratum
1926 3821 2067 3877 ergo
2119 3809 2235 3873 NQ,

591 3895 699 3962 SO,
725 3893 892 3966 quod
921 3907 992 3948 ex
1024 3892 1316 3948 diametro
1347 3893 1440 3949 ΝΟ
1468 3893 1857 3949 constitutum
1885 3899 1975 3950 est
2009 3895 2239 3968 aequale

587 3983 886 4058 quadrato
913 3982 1114 4039 ABCD.
1145 3983 1413 4048 Quorum
1436 3984 1598 4038 enim
1634 3987 1833 4054 partes
1864 3989 2008 4040 eunt
2034 4000 2239 4058 aequa-

588 4074 692 4142 les,
724 4077 780 4129 et
807 4088 879 4129 ea
899 4071 1051 4128 inter
1076 4086 1137 4126 se
1167 4070 1443 4143 aequalia.
1475 4070 1844 4136 Quadratum
1895 4073 2037 4143 ergo
2078 4073 2242 4145 quod

588 4178 661 4219 ex
690 4161 983 4217 diametro
1014 4161 1129 4227 NO,
1155 4162 1448 4231 tanquam
1477 4158 1637 4215 linea
1677 4159 1901 4230 initiali,
1938 4161 2245 4218 constitui-

588 4256 702 4320 tur,
729 4250 916 4307 latera
944 4248 1204 4321 aequalia
1231 4248 1484 4315 habens,
1532 4253 1620 4304 est
1664 4249 1896 4321 xequale
1944 4251 2243 4323 quadrato

588 4341 792 4407 ABCD,
828 4338 999 4409 cujus
1029 4337 1319 4393 diameter
1358 4341 1446 4393 est
1481 4338 1596 4397 ΝΟ.
1627 4341 1817 4411 Atque
1847 4340 1962 4396 hoc
2002 4356 2039 4397 a
2066 4340 2243 4398 nobis

588 4427 1066 4483 demonstratum
1096 4429 1185 4480 est
1212 4430 1275 4479 ut
1300 4429 1390 4480 est
1409 4428 1475 4480 ut
1502 4427 1779 4497 oportuit.
1808 4429 2245 4486 Demonstrabi-

588 4520 684 4573 tur
717 4515 895 4571 etiam
909 4530 980 4570 ex
998 4512 2048 4588 alteradiametroduplumquadrati
2093 4517 2244 4574 efﬁci

584 4606 748 4662 hunc
779 4604 842 4660 in
876 4602 1153 4659 modum.

655 4694 1021 4764 2.'Quadrati
1060 4693 1353 4751 diameter
1381 4692 1564 4750 tribus
1622 4693 1735 4750 sibi
1777 4695 2110 4768 aequalibus
2158 4712 2243 4753 re-

583 4787 690 4845 ctis
712 4785 1019 4861 copulata,
1049 4781 1264 4841 etﬂciet
1288 4783 1587 4856 quadrati,
1619 4784 1793 4854 cujus
1825 4788 1916 4840 est
1947 4785 2243 4844 diameter

583 4875 862 4949 dUpIum‘.
895 4873 1137 4947 Oportet
1154 4873 1358 4928 autem
1383 4870 1794 4927 demonstrare
1848 4871 2005 4929 hanc
2046 4872 2241 4947 ipsam

582 4964 947 5021 diametrum
976 4963 1091 5017 hac
1120 4958 1352 5015 ratione
1376 4974 1516 5015 cum
1547 4958 1882 5031 mqualibus
1912 4961 2028 5017 sibi
2052 4963 2242 5020 lateri-

581 5052 749 5109 ribus
774 5052 907 5122 conj
919 5055 1176 5115 unctam,
1201 5046 1549 5104 effecturam
1570 5046 1824 5119 duplum
1849 5051 2129 5122 quadrati
2168 5053 2240 5108 il-

580 5140 696 5197 lius
716 5140 890 5210 cujus
919 5143 1009 5194 est
1034 5138 1343 5194 diameter.
1388 5135 1765 5194 Describatur
1790 5144 1829 5192 Α
1856 5139 1948 5195 BC
2002 5143 2042 5195 υ
2086 5156 2237 5213 qua-

582 5228 846 5285 dratum.
876 5230 1137 5283 Ducatur
1166 5224 1457 5281 diameter
1486 5227 1524 5281 Β
1556 5227 1595 5281 C
1665 5230 1720 5281 et
1760 5226 1975 5283 efﬁciat
2022 5228 2239 5287 similia

584 5318 783 5373 BDCA.
854 5318 1114 5372 Ducatur
1154 5342 1157 5355 ι
1193 5312 1271 5370 ab
1353 5313 1567 5370 eadem
1618 5314 1704 5369 BC
1745 5314 2039 5373 diametro
2079 5316 2237 5375 linea

579 5410 744 5464 recta
772 5406 833 5463 in
865 5407 909 5461 K
935 5420 1073 5477 quae
1101 5404 1173 5460 sit
1214 5402 1329 5475 ipsi
1383 5403 1677 5459 diametro
1696 5404 1970 5477 aequalis.
2012 5406 2234 5463 Eodem

579 5495 921 5553 modoKin
980 5496 1019 5550 l.
1072 5507 1209 5567 quas
1277 5491 1353 5547 sit
1399 5491 1483 5546 illi
1531 5492 1802 5563 aequalis.
1852 5497 2140 5565 praeterea
2193 5495 2233 5550 [ι

579 5587 641 5644 in
668 5587 711 5641 ο
731 5584 947 5646 eadem
975 5584 1225 5653 ratione,
1251 5582 1308 5639 et
1338 5592 1377 5637 a
1407 5582 1447 5637 C
1468 5578 1531 5636 in
1552 5581 1597 5635 Β
1620 5596 1634 5636 :
1663 5587 1895 5639 secetur
1923 5598 2067 5642 vero
2106 5585 2233 5643 dia-

2348 1821 2391 1877 Δ
2420 1825 2458 1872 Β
2488 1825 2525 1872 Γ
2551 1826 2585 1872 Δ
2615 1821 2814 1893 ἡμίσει.
2859 1818 2999 1874 Ἐπεὶ
3026 1827 3151 1892 γοῦν
3181 1821 3245 1874 τὰ
3281 1827 3372 1874 τοῦ
3421 1827 3457 1874 Β
3488 1828 3528 1874 Κ
3550 1827 3591 1874 Λ
3611 1827 3645 1873 Γ
3666 1818 3746 1873 δύο

2350 1928 2451 1983 ρτα
2479 1909 2573 1961 ἶσα
2613 1909 2711 1961 εἱσι
2761 1916 2871 1972 τοῖς
2917 1906 3074 1962 δυσὶν
3139 1911 3363 1981 ἡμίσεσι
3394 1916 3483 1962 τοῦ
3510 1916 3548 1962 Α
3571 1915 3604 1962 Β
3631 1915 3663 1962 Γ
3686 1909 3867 1962 Δοῦἰστι

2358 1994 2685 2073 διάμετροςή
2722 2004 2759 2051 Γ
2789 2005 2843 2060 Β,
2884 2002 2973 2051 xui
3002 2003 3115 2051 τόΒ
3145 2005 3188 2053 Κ
3220 2004 3265 2053 Λ
3300 2005 3338 2052 Γ
3369 1995 3637 2052 διπλάσιόν
3684 1998 3772 2052 ἐστι
3800 2006 3861 2051 τοῦ

2359 2095 2398 2143 Α
2429 2095 2464 2141 Β
2494 2094 2531 2139 Γ
2559 2093 2595 2141 Δ
2624 2108 2637 2121 ⁸
2671 2086 2697 2139 ὃ
2721 2090 2820 2161 γὰρ
2854 2087 2914 2140 οὗ
2952 2084 3063 2141 ἶσον
3099 2089 3291 2160 ἣμισυ,
3333 2091 3393 2141 τό
3422 2087 3533 2141 ὂλον
3563 2088 3703 2140 αὐτοῦ
3735 2084 3867 2140 διπλᾶ·

2362 2198 2474 2232 σιον
2526 2199 2539 2212 ·
2591 2180 2620 2237 ἡ
2677 2179 2780 2252 ἄρα
2828 2185 2918 2231 τοῦ
2977 2184 3300 2253 τετραγώνου
3349 2186 3449 2231 τῶν
3516 2186 3695 2251 γωνιῶν
3742 2174 3868 2249 citim-

2359 2286 2479 2341 τρος
2534 2273 2855 2342 τετραγώνου
2923 2269 3128 2320 τεθεῖσα
3199 2266 3401 2342 πλευρὰ
3482 2263 3732 2320 διπλάσιον
3788 2267 3868 2317 αὐτὸ

2362 2363 2520 2421 ποιεῖ,
2569 2363 2660 2409 τοῦ
2713 2357 2868 2429 οὗπέρ
2920 2356 3035 2409 ἔστι
3104 2352 3412 2431 διάμετρος,
3462 2356 3577 2431 ὅπερ
3625 2352 3716 2409 ἔδει
3752 2350 3867 2417 δεῖξαι

2432 2444 2498 2517 γ’.
2551 2445 2674 2517 Οὐχ
2748 2446 2910 2509 οὕτως
2968 2442 3027 2498 δε
3098 2451 3187 2501 xui
3240 2455 3341 2508 τῆς
3392 2450 3622 2521 σφαίρας,
3685 2443 3772 2496 ἀλλ’
3819 2441 3872 2493 til-

2362 2534 2479 2607 λως,
2522 2539 2612 2587 xui
2643 2532 2736 2587 διὰ
2771 2541 2923 2590 τοῦτο
2975 2534 3078 2610 ἄρα
3127 2531 3544 2610 μονοειδίστερον
3605 2537 3656 2586 τό
3702 2531 3873 2591 κυιλιιός
3966 2558 3967 2565 ι

2369 2633 2560 2698 σχῆμα
2611 2632 2699 2679 τοῦ
2746 2629 3067 2699 τετραγώνου
3125 2644 3179 2678 τε
3215 2629 3309 2680 xui
3368 2625 3609 2701 ἰσότερον.
3659 2623 3770 2678 Ἐκεῖ
3807 2623 3872 2693 γὰρ
3966 2628 3967 2639 ‘

2338 2911 2543 2967 metris
2580 2911 2945 2984 quadratum
2970 2911 3145 2968 exhis
3163 2912 3577 2969 constitutum.
3593 2906 3892 2977 Ducaturigi-

2339 3004 2434 3057 tur
2464 3017 2499 3057 a
2542 3003 2579 3056 Β
2611 3002 2673 3057 in
2706 3003 2744 3057 L
2768 3000 3057 3058 diameter
3084 3019 3096 3057 :
3128 3006 3480 3074 praetereaA
3525 3003 3562 3059 C
3596 3000 3650 3056 in
3697 2999 3893 3071 Kquain

2340 3094 2543 3147 centro
2577 3093 2617 3147 D
2668 3107 2797 3148 sese
2876 3095 3085 3147 mutuo
3130 3096 3354 3148 secent.
3410 3092 3466 3150 Si
3505 3092 3669 3162 igitur
3712 3091 3744 3144 C
3784 3090 3812 3142 Β
3840 3088 3895 3141 est

2341 3178 2590 3252 aequalis
2620 3179 2790 3236 lineas
2817 3182 2855 3235 Β
2885 3180 2958 3245 Κ,
2983 3184 3072 3235 est
3099 3184 3306 3236 autem
3335 3181 3468 3253 ipsa
3503 3180 3652 3237 basis
3696 3172 3891 3245 trianguli

2606 3273 2693 3324 est
2805 3284 3049 3341 quoque
3124 3272 3164 3324 Β
3212 3269 3446 3325 Kbasis
3502 3266 3747 3338 trianguli
3788 3264 3888 3320 DKB.

2345 3359 2497 3429 Ergo
2520 3356 2677 3413 latus
2712 3357 2801 3414 CD
2820 3362 2908 3414 est
2945 3357 3177 3431 aequale
3224 3358 3397 3415 lateri
3457 3361 3539 3415 BD
3585 3364 3637 3415 et
3678 3355 3802 3412 latus
3841 3351 3896 3404 ΚΒ

2343 3451 2433 3503 est
2454 3447 2684 3519 aequale
2710 3446 2876 3503 lateri
2910 3450 3099 3517 BD,et
3141 3446 3298 3503 latus
3353 3450 3439 3504 BD
3498 3452 3580 3503 est
3622 3442 3810 3517 aequale
3852 3438 3898 3493 la-

2346 3535 2562 3594 teriCD
2583 3537 2849 3602 Quorum
2888 3552 3032 3592 vero
3069 3536 3255 3593 latera
3321 3543 3459 3593 sunt
3506 3533 3735 3608 aequalia
3765 3535 3805 3585 et
3833 3527 3897 3582 ba-

2347 3639 2439 3681 ses
2472 3629 2611 3680 sunt
2638 3625 2919 3697 aequales,
2970 3626 3177 3697 anguli
3238 3641 3489 3699 quoque
3536 3614 3671 3680 dsunt
3704 3616 3897 3692 aequales,

2348 3715 2611 3780 Quorum
2645 3716 2803 3771 enim
2836 3719 3036 3788 partes
3066 3720 3207 3772 sunt
3236 3716 3505 3789 (squales
3542 3720 3595 3771 et
3618 3712 3704 3769 illa
3735 3717 3897 3781 quoque

2348 3802 2500 3859 inter
2565 3819 2626 3859 se
2671 3808 2809 3860 sunt
2888 3803 3145 3876 aequalia
3229 3807 3387 3877 Ergo
3466 3800 3737 3872 triangula
3771 3794 3897 3853 CBD

2349 3891 2579 3965 aequale
2609 3898 2696 3948 est
2726 3892 3095 3963 triangulum
3154 3893 3196 3947 B
3251 3897 3295 3949 K
3350 3898 3417 3950 1).
3477 3891 3743 3960 Quoniam
3786 3884 3900 3954 igitur

2351 3981 2713 4051 triangulum
2747 3985 2784 4037 Β
2824 3984 2869 4037 Κ
2894 3984 2935 4037 D
2967 3987 3053 4038 est
3075 3982 3305 4055 aequale
3340 3982 3631 4052 triangula
3660 3979 3695 4035 C
3716 3978 3748 4029 Β
3770 3978 3816 4030 D.
3845 3970 3900 4021 Est

2353 4076 2553 4126 autem
2580 4070 2895 4126 dimidium
2923 4072 3202 4142 quadrati
3230 4074 3276 4125 A
3307 4074 3352 4127 Β
3411 4073 3452 4126 C
3501 4071 3560 4125 D.
3616 4060 3898 4132 Triangulum

2353 4174 2592 4232 quoque
2614 4160 2658 4213 D
2683 4162 2721 4215 Β
2747 4161 2786 4215 C
2810 4160 3087 4231 quadrati
3109 4163 3146 4216 Β
3174 4163 3213 4217 C
3244 4163 3281 4216 Ι⁴
3311 4163 3359 4217 Κ
3418 4165 3505 4217 est
3536 4156 3741 4231 aequale
3777 4150 3903 4205 triam-

2354 4248 2493 4319 8ulo
2522 4254 2560 4304 Α
2588 4251 2627 4306 C
2653 4252 2709 4316 Β,
2749 4252 2814 4306 Et
2837 4250 3126 4323 quoniam
3180 4251 3461 4324 quadrati
3506 4248 3728 4323 quidem
3753 4234 3899 4324 BCLli

2354 4337 2718 4407 triangulum
2742 4340 2785 4393 K
2829 4321 2870 4393 Β
2893 4339 2935 4391 Β
2966 4338 3133 4395 tertia
3155 4321 3295 4412 pars
3327 4321 3724 4409 est,estautem
3746 4321 3899 4416 aequalt

2355 4426 2782 4497 trianguloAB
2835 4429 2874 4483 C
2923 4430 2985 4484 D.
3047 4429 3269 4493 Quarta
3320 4445 3462 4501 pars
3528 4440 3657 4494 ergo
3705 4416 3897 4492 quadrat:

2356 4517 2455 4569 ΒΚ
2488 4518 2525 4571 Ι,
2557 4518 2775 4588 0,(Ῑιυεθ
2829 4521 2919 4571 est
2985 4519 3027 4571 D
3063 4519 3101 4571 Β
3149 4520 3210 4586 C,
3254 4500 3343 4572 est
3396 4515 3633 4588 aequalis
3690 4500 3893 4573 triangula

2277 4573 2321 4626 Β
2353 4607 2464 4660 ΑΒ
2495 4606 2555 4671 C,
2604 4573 2770 4678 quod
2824 4610 2911 4661 est
2965 4573 3282 4662 dimidium
3344 4573 3609 4679 quadrati
3663 4606 3698 4655 Α
3739 4592 3891 4679 BCP:

2355 4675 2650 4759 Quoniam
2688 4693 2865 4763 igitur
2892 4694 3027 4751 dum
3050 4700 3279 4766 quartas
3327 4675 3523 4767 partes
3572 4682 3801 4763 quadrati
3838 4675 3890 4730 ΒΚ

2354 4786 2394 4840 L
2419 4786 2478 4850 C,
2510 4788 2649 4839 sunt
2675 4783 2937 4855 aequales
2962 4783 3201 4839 duabus
3231 4784 3492 4839 dimidiis
3514 4777 3753 4854 partibus
3798 4777 3891 4855 qrua'

2350 4872 2504 4929 drati
2534 4875 2581 4926 A
2612 4873 2655 4926 Β
2679 4874 2717 4928 C
2751 4854 2792 4928 Β
2822 4872 2996 4942 cujus
3023 4878 3112 4929 est
3160 4872 3449 4928 diameter
3504 4872 3541 4927 C
3588 4870 3641 4931 Β,
3686 4854 3890 4949 colligitur

2354 4964 2390 5016 Β
2412 4962 2459 5015 Κ
2490 4963 2529 5016 L
2556 4963 2595 5017 C
2632 4977 2759 5017 esse
2781 4960 3034 5032 duplum
3060 4960 3339 5033 quadrati
3364 4966 3399 5015 Α
3442 4963 3477 5014 Β
3501 4960 3538 5014 C
3570 4952 3888 5038 D.Naut_cullff

2348 5049 2657 5106 dimidium
2679 5055 2767 5105 est
2782 5026 3011 5122 usq-uale
3038 5026 3204 5105 alteri
3231 5050 3355 5117 toti,
3377 5052 3558 5104 totum
3585 5042 3721 5100 illius
3739 5026 3889 5090 dimidii

2347 5144 2439 5195 est
2468 5138 2706 5195 alterius
2735 5138 3008 5210 duplum.
3044 5140 3239 5203 Quare
3293 5138 3575 5193 diamcter
3625 5124 3887 5219 aug‘ulot‘fﬂl

2347 5229 2624 5303 quadrati
2652 5228 2809 5285 facta
2827 5207 3110 5301 quadrati
3134 5228 3289 5284 latus
3314 5226 3561 5299 duplum
3607 5216 3756 5277 efﬁcit
3793 5207 3887 5264 illius

2346 5319 2521 5391 cujus
2548 5322 2633 5374 est
2662 5318 2970 5387 diameter,
2989 5317 3155 5390 quod
3183 5315 3444 5391 oportuit
3459 5310 3828 5370 demonstrare.

2418 5384 2469 5465 Β.
2490 5409 2603 5465 Sed
2630 5408 2690 5463 in
2721 5384 3093 5480 sphmra‘n—on
3112 5384 3326 5473 ita,sed
3348 5405 3511 5462 aliter
3539 5416 3596 5457 se
3628 5412 3709 5483 res
3732 5384 3885 5483 hiulei:

2345 5500 2525 5569 atque
2553 5495 2689 5553 ideo
2710 5467 2906 5568 figura
2927 5495 3230 5551 circularis
3251 5498 3338 5551 est
3364 5492 3547 5561 magis
3593 5467 3885 5575 unifortnisf.t

2343 5554 2539 5657 magis
2560 5554 2829 5659 aequalis,
2862 5597 3051 5657 quam
3081 5554 3633 5655 ωειηευιιιωίΝοω
3648 5573 3701 5629 in
3735 5554 3883 5622 circuli)
