4066 6212
239 314 378 374 1369

1129 323 1480 386 THEODORI
1516 327 1564 387 II
1600 327 1739 388 IMP.
1778 326 1870 385 DE
1909 325 2368 391 COMMUNIONE
2403 333 2783 394 NATURALI.

3517 348 3540 401 1
3551 348 3655 403 370

265 453 358 503 καὶ
381 449 438 502 αἱ
460 440 735 519 διάμετροι
764 444 854 497 καὶ
886 443 942 497 αἱ
995 446 1127 520 πρὸς
1176 451 1235 502 τὸ
1277 455 1483 527 κέντρον
1527 452 1719 508 ιύθιίαι
1779 457 1870 506 καὶ
1926 455 1975 510 Α
2031 474 2122 509 και
2146 454 2382 512 ἁπάντων
2407 463 2602 515 τούτων
2647 465 2800 537 πέρας
2849 463 2909 516 τὸ
2956 467 3028 519 Χ,
3078 464 3157 518 Τὰ
3205 472 3330 538 γοῦν
3384 473 3474 522 τοῦ
3524 475 3562 522 Β
3617 477 3656 524 Γ

263 539 296 597 ἠ
356 536 412 590 έκ
453 541 546 589 τοῦ
600 536 814 608 κέντρου
871 532 967 585 κᾶν
1030 533 1358 608 έλαττῶνται,
1412 542 1508 595 κᾶν
1568 543 1721 617 αύξῃ,
1791 541 1870 596 ἀεὶ

265 622 381 680 ἶσαί
409 627 534 693 εἱσι,
565 625 624 676 τὸ
656 619 716 682 δὴ
736 622 1056 696 τιτράγωνον
1085 629 1220 680 κατὰ
1245 631 1337 691 τὰς
1391 627 1706 706 διαμέτρους
1760 632 1868 705 ούχ

262 717 424 776 ούτως
454 716 587 786 ἔχει.
627 711 686 765 Ἦ
742 713 846 785 γὰρ
900 713 956 765 ἐκ
997 721 1091 775 τῆς
1139 726 1388 791 γραμμῆς
1441 719 1699 794 ληφθεῖσα
1750 717 1868 774 διά-

261 823 447 880 μετρος
491 804 702 857 τιθιίσα
753 800 950 877 πλευρὰ
1003 801 1116 857 ἴσον
1169 814 1243 878 τῷ
1297 805 1357 861 οὗ
1407 808 1518 864 έστι
1595 807 1871 887 διάμετρος

261 896 403 950 ποιεῖ
425 893 817 968 τετράγωνον,ἦ
870 888 932 945 δὲ
981 898 1178 969 κυρίως
1234 893 1511 974 διάμετρος
1566 902 1597 961 ἠ
1656 900 1712 955 ἐκ
1767 909 1870 956 τῶν

261 991 463 1057 γωνιῶν
521 986 660 1036 ποιεῖ
700 977 1004 1038 διπλάσιον.
1054 987 1198 1038 Εἴπω
1245 983 1306 1041 δὲ
1355 993 1447 1042 καὶ
1513 988 1658 1057 ἄλλο,
1735 991 1869 1052 ὅπως

265 1069 426 1138 δείξω
455 1073 536 1125 ὅτι
561 1075 620 1126 τό
652 1067 793 1134 εἶδος
821 1076 1128 1145 κρειττόνως
1163 1077 1222 1128 το
1265 1077 1509 1132 κυκλικὸν
1565 1075 1868 1138 eidemin”

266 1169 461 1236 σχῆμα
477 1167 572 1216 τοῦ
598 1166 922 1237 τετραγώνου
977 1167 1069 1216 καὶ
1124 1167 1330 1218 πάντων
1383 1170 1512 1243 πρὸς
1559 1172 1618 1222 τό
1673 1165 1864 1236 διῖξαι,

263 1252 344 1305 ὃτι
379 1253 442 1304 τὰ
460 1257 552 1304 τοῦ
581 1249 772 1302 κύκλου
814 1253 944 1326 μέρη
992 1252 1199 1307 ἅπαντα
1237 1251 1331 1309 ἶσα
1379 1259 1507 1330 πρὸς
1552 1261 1610 1312 τὸ
1659 1263 1866 1335 κέντρον

260 1344 354 1394 καὶ
371 1339 534 1394 αὐτοῦ
563 1345 886 1414 τετραγώνου
913 1360 926 1375 ·
954 1337 1040 1394 dri
1075 1339 1135 1396 δὲ
1201 1347 1396 1418 τέμνειν
1463 1343 1557 1400 διὰ
1606 1355 1707 1401 τῶν
1775 1345 1868 1403 δια

260 1433 462 1506 μέτρων
482 1428 654 1482 αὐτῶν
685 1433 774 1482 καὶ
797 1424 968 1493 δεῖξαι
992 1431 1070 1484 ὃτι
1100 1433 1195 1486 ἶσα
1235 1436 1302 1487 τὰ
1354 1440 1484 1509 μέρη
1533 1438 1705 1490 πάντα
1765 1437 1866 1490 αύ-

260 1525 375 1574 τοῦ.
406 1518 626 1572 ’Ἐο-τωὸ
657 1525 695 1571 Β
717 1524 756 1571 Γ
811 1518 1018 1588 κύκλος,
1076 1524 1284 1596 κέντρον
1337 1520 1398 1578 δὲ
1447 1527 1633 1579 τούτου
1687 1528 1746 1580 τὸ
1794 1533 1864 1582 Χ.

261 1613 608 1681 Διαστήματα
633 1603 695 1662 δὲ
721 1610 778 1661 τὸ
803 1614 843 1662 Δ
871 1613 910 1662 Γ
949 1615 984 1662 Β
1013 1615 1048 1663 Δ
1085 1615 1175 1664 καὶ
1201 1612 1358 1683 ἤχθω
1387 1611 1488 1667 ἀπὸ
1515 1621 1610 1678 τῆς
1675 1621 1714 1669 Α
1769 1634 1866 1669 πι-

258 1701 550 1772 ρατουμένη
579 1696 751 1751 εὐθεῖα
807 1696 892 1750 ἐπὶ
951 1702 1043 1758 τὴν
1103 1706 1142 1754 Γ
1189 1697 1284 1755 διὰ
1345 1709 1438 1756 τοῦ
1495 1711 1564 1771 Χ,
1614 1705 1865 1768 ὡσαύτως

258 1784 473 1840 κοιιᾶπό
501 1794 596 1848 τῆς
639 1791 674 1840 Δ
730 1784 814 1840 ἐπὶ
865 1795 958 1850 τῆς
1011 1795 1048 1840 Β
1086 1789 1143 1841 αἵ
1187 1789 1292 1844 iiut
1342 1799 1435 1845 τοῦ
1478 1798 1515 1845 Β
1563 1797 1602 1845 Γ
1673 1791 1864 1846 κύκλου
1922 1807 1978 1850 Π

261 1872 556 1952 διάμετροι.
598 1879 800 1951 Κέντρῳ
835 1872 894 1930 δί
922 1876 1076 1929 πάλιν
1113 1886 1188 1949 τῷ
1244 1885 1300 1950 Β,
1349 1879 1536 1945 κύκλος
1585 1883 1864 1958 γεγράφθω

259 1964 288 2017 ὁ
316 1971 363 2018 Ν
385 1971 450 2035 Η,
483 1961 764 2040 διάμετρος
789 1962 848 2019 δὶ
872 1967 903 2025 ἡ
939 1973 985 2021 Χ
1015 1973 1080 2033 Ν,
1108 1966 1256 2043 ἑτέρα
1281 1965 1342 2024 δί
1377 1971 1408 2029 ἠ
1466 1977 1505 2026 Φ
1548 1977 1615 2030 Η.
1673 1971 1864 2027 Ὡσαύ-

256 2073 357 2117 τως
386 2050 446 2108 δὲ
473 2057 664 2129 κέντρῳ
693 2060 766 2125 τῷ
789 2060 824 2108 Δ
862 2054 1050 2119 κύκλος
1069 2059 1347 2132 γεγράφθω
1421 2061 1448 2112 ὁ
1503 2068 1553 2114 Χ
1608 2067 1675 2128 Θ,
1736 2056 1772 2114 δ
1777 2062 1864 2114 wi-

255 2162 440 2218 μιτρος
477 2139 591 2202 diri;
638 2149 776 2211 ΛΘ,
810 2143 956 2219 ἑτέρα
977 2141 1037 2198 δί
1094 2147 1124 2205 ἡ
1177 2153 1213 2199 Ρ
1267 2155 1334 2204 Χ.
1387 2154 1488 2202 Καὶ
1546 2150 1698 2214 αὖθις
1752 2154 1864 2206 κέν-

255 2251 363 2306 τρῳ
383 2240 454 2305 τῷ
485 2237 543 2303 Γ,
574 2233 763 2296 κύκλος
788 2235 1096 2308 γεγράρφθω
1135 2237 1162 2288 ὁ
1193 2242 1236 2290 Η
1267 2243 1342 2304 Μ,
1376 2233 1654 2314 διάμετρος
1709 2235 1768 2294 δὶ
1825 2241 1856 2299 ἡ

254 2329 302 2378 Χ
334 2327 408 2392 Μ,
441 2325 530 2374 καὶ
560 2319 686 2380 ἄλλη
719 2323 750 2381 ἡ
786 2329 832 2376 Θ
862 2329 926 2377 Η.
963 2327 1062 2378 Καὶ
1101 2323 1255 2378 πάλιν
1293 2330 1485 2403 κέντρῳ
1523 2336 1596 2400 τῷ
1655 2334 1717 2395 Α,
1773 2331 1860 2380 κό-

252 2409 378 2473 κλος
403 2409 736 2484 ’γεγράφθωὸ
796 2415 835 2464 Φ
896 2419 963 2478 Χ,
1002 2408 1312 2490 ’διάμετρος
1350 2411 1410 2469 δί
1462 2417 1492 2475 ἡ
1554 2423 1593 2470 Ε
1647 2424 1714 2488 Χ,
1768 2421 1860 2470 καὶ

257 2498 409 2574 ἑτέρα
449 2500 478 2557 ἡ
531 2504 575 2552 Λ
650 2505 712 2556 Φ.
796 2503 944 2572 Λέγω
1021 2509 1149 2574 γοῦν
1216 2504 1297 2556 ὃτι
1363 2506 1430 2558 τὰ
1487 2512 1587 2558 τῶν
1657 2513 1749 2560 τοῦ
1821 2511 1860 2558 Β

259 2592 300 2640 Γ
361 2585 548 2640 κύκλου
605 2591 801 2663 πέρατα
876 2585 1169 2664 διαμέτρων
1245 2598 1282 2645 Β
1367 2598 1405 2646 Γ
1507 2600 1543 2648 Δ
1623 2601 1665 2649 Α
1749 2598 1859 2649 κέν·

259 2676 835 2752 τραέστίτῶνΦΝΙΙ
869 2685 910 2731 Η
949 2685 1146 2735 ΜΘΘ
1185 2687 1301 2736 ΡΛ
1342 2687 1389 2737 Λ
1438 2689 1476 2736 Ε
1537 2689 1577 2738 Φ
1633 2683 1853 2755 κύκλων,

227 2799 504 2857 diametri
549 2804 607 2858 et
667 2800 838 2858 linem
890 2805 1064 2861 rectas
1115 2805 1195 2862 ad
1234 2811 1508 2865 centrum
1567 2809 1790 2877 ductm,
1837 2812 1896 2867 et

223 2907 365 2972 quas
397 2906 433 2948 a
461 2895 664 2948 centro
707 2891 1030 2962 ducuntur,
1092 2895 1212 2951 sive
1269 2897 1467 2954 minor
1515 2899 1641 2956 sive
1697 2900 1897 2972 major

220 2967 333 3035 ﬁ'ét
382 2979 661 3048 circulus,
712 2996 949 3054 semper
1027 2987 1165 3040 sunt
1231 2987 1522 3059 aequales.
1599 2992 1670 3045 At
1737 2967 1890 3062 qua-

219 3067 464 3125 dratum
497 3068 728 3126 ratione
778 3069 1211 3130 diametrorum
1256 3090 1378 3131 non
1435 3076 1517 3133 ita
1566 3093 1628 3133 se
1677 3077 1883 3134 habet.

218 3159 374 3214 Nam
398 3163 641 3230 sumpta
661 3157 757 3215 illa
775 3175 914 3232 quas
937 3165 1026 3217 est
1048 3161 1344 3220 linearum
1362 3165 1586 3222 ratione
1600 3165 1894 3222 diameter

219 3251 280 3302 et
299 3247 453 3303 latus
475 3246 686 3304 effecta
713 3247 946 3322 aequale
972 3251 1342 3323 quadratum
1368 3252 1546 3311 efﬁcit
1566 3255 1695 3326 ejus
1716 3255 1894 3327 cujus
1935 3237 1976 3292 (ἶ
2054 3241 2061 3246 ’

219 3341 315 3392 est
349 3335 658 3394 diameter.
714 3340 785 3393 At
829 3353 965 3411 quae
1015 3340 1254 3412 proprie
1313 3343 1534 3399 dicitur
1580 3343 1892 3412 diameter,

219 3439 444 3498 nempe
473 3423 835 3494 angulorum
875 3427 1104 3484 ratione
1159 3428 1318 3487 dicta
1373 3430 1664 3488 diameter
1715 3432 1895 3490 eﬂlcit

217 3512 504 3585 quadrati
533 3512 810 3585 duplum.
836 3515 1115 3572 Dicamus
1139 3518 1318 3576 etiam
1342 3519 1510 3576 aliud
1533 3525 1597 3577 ut
1617 3520 1894 3578 ostenda-

219 3615 363 3657 mus
393 3601 647 3657 formam
673 3601 1034 3660 circularem
1063 3608 1504 3678 prmtentiorem
1551 3624 1683 3666 esse
1737 3626 1892 3682 qua-

221 3689 400 3747 drato
427 3690 634 3748 etaliis
657 3691 1028 3764 quibuslibet
1052 3695 1281 3765 figuris.
1323 3697 1413 3753 Ad
1448 3697 1891 3756 ostendendum

222 3794 439 3835 omnes
467 3780 668 3838 circuli
699 3786 898 3856 partes
929 3783 1192 3854 mquaies
1217 3800 1348 3841 esse
1371 3785 1450 3841 ad
1474 3791 1743 3842 centrum
1766 3803 1891 3843 non

219 3873 427 3925 autem
455 3871 735 3943 quadrati
763 3875 960 3944 partes
1006 3889 1019 3938 ;
1081 3877 1316 3946 oportet
1360 3889 1562 3931 secare
1600 3875 1891 3932 circulum

221 3957 532 4015 diametris
558 3960 722 4033 ipsis.
749 3964 882 4017 Esto
911 3963 948 4016 Β
1006 3963 1046 4016 C
1094 3963 1375 4029 circulus,
1424 3970 1696 4020 centrum
1747 3979 1890 4020 vero

221 4046 406 4118 hujus
433 4048 506 4104 sit
527 4051 584 4104 Χ.
609 4049 936 4106 intervalla
965 4067 1104 4106 vero
1133 4051 1251 4107 sint
1291 4060 1333 4106 Α
1363 4053 1402 4109 C
1434 4055 1472 4108 Β
1517 4056 1580 4111 D.
1633 4056 1890 4108 Ducatur

218 4135 383 4193 linea
413 4136 558 4195 abA
587 4154 694 4212 per
734 4142 776 4196 Χ
819 4155 952 4212 quae
1001 4141 1352 4197 tcrminetur
1396 4143 1458 4198 in
1499 4145 1538 4199 Ο
1591 4159 1604 4198 :
1670 4141 1888 4199 eodem

223 4225 411 4283 modo
433 4242 469 4283 a
499 4231 722 4300 puncto
756 4230 797 4283 ι)
820 4229 880 4283 in
905 4234 1194 4300 punctum
1227 4230 1269 4282 Β
1299 4229 1553 4287 ducatur
1578 4231 1763 4288 altera
1816 4231 1887 4287 li-

221 4328 364 4384 nea,
409 4315 645 4390 sintque
678 4315 873 4373 ambae
919 4316 1191 4373 diametri
1222 4317 1426 4374 circuli
1463 4319 1504 4372 Β
1552 4319 1614 4374 C.
1657 4323 1886 4375 Rursus

221 4404 452 4460 circum
481 4409 756 4460 centrum
790 4407 828 4460 Β
855 4404 1110 4462 circulus
1127 4404 1486 4462 describitur
1510 4411 1552 4464 N
1583 4410 1628 4463 K
1654 4426 1666 4477 ;
1692 4408 1884 4480 sitque

219 4508 351 4549 una
370 4493 660 4550 diameter
684 4496 724 4550 Χ
751 4496 816 4561 Ν,
849 4492 1034 4550 altera
1054 4510 1198 4551 vero
1222 4497 1265 4550 Η
1298 4495 1366 4548 Κ.
1420 4495 1644 4552 Eodem
1701 4497 1882 4553 modo

2056 689 3541 2074 ιη

2393 1378 3469 2065 {alii}

2023 2236 2215 2289 κύκλου
2240 2240 2440 2310 πέρατα
2462 2244 2561 2291 τῶν
2596 2232 2889 2312 διαμέτρων
2933 2243 2970 2288 Β
3025 2241 3064 2288 Γ
3116 2241 3152 2290 Δ
3183 2241 3223 2289 Α
3273 2240 3458 2308 κέντρα
3509 2239 3623 2291 έστὶ

2022 2334 2122 2380 τῶν
2153 2325 2333 2402 ἑτέρων
2359 2326 2576 2393 κύκλων,
2611 2329 2670 2378 τὸ
2699 2321 2760 2379 δὲ
2796 2332 2845 2380 Χ
2905 2329 3063 2400 πέρας
3109 2325 3295 2382 αὐτῶν.
3359 2327 3508 2382 Ἐπεί
3566 2323 3626 2380 δὲ

2021 2421 2178 2493 πέρας
2215 2424 2314 2469 τῶν
2339 2423 2432 2469 ΒΡ
2471 2423 2510 2469 Γ
2552 2423 2587 2470 Δ
2645 2420 2686 2468 Α
2741 2418 2963 2491 κέντρων
3011 2416 3124 2469 ἐστί
3179 2418 3238 2468 τὸ
3289 2423 3340 2470 Χ
3392 2417 3624 2489 ὑπάρχει

2025 2501 2084 2558 δὶ
2120 2506 2178 2557 τό
2239 2511 2340 2558 τῶν
2403 2506 2634 2578 ἡμίσεων
2696 2503 2862 2557 αὐτῶν
2933 2500 3250 2579 διαμέτρων,
3326 2501 3624 2575 ἀναγκαίως

2023 2595 2256 2668 ὑπάρχοι
2293 2613 2386 2647 και
2413 2595 2480 2647 τὰ
2533 2601 2580 2647 Ν
2647 2601 2700 2648 M
2747 2601 2784 2646 P
2830 2600 2868 2647 Ε
2916 2596 3116 2666 πέρατα
3158 2600 3257 2645 τῶν
3311 2591 3455 2654 ἐκτὸς
3504 2593 3628 2665 ἡμι-

2021 2683 2244 2738 κυκλίοῐν
2262 2686 2461 2758 ἡμίσεα
2496 2690 2598 2737 τῶν
2635 2690 2682 2738 Ν
2740 2690 2787 2740 Χ
2852 2689 2903 2737 Μ
2969 2688 3019 2736 Χ
3080 2689 3118 2735 Ρ
3182 2689 3232 2736 Χ
3286 2677 3623 2756 διαμέτρωνο

2003 2809 2299 2875 Quoniam
2325 2813 2526 2868 autem
2553 2809 2842 2866 terminus
2875 2791 3306 2866 diametrorum
3336 2809 3374 2864 Β
3404 2808 3468 2876 C,
3497 2809 3540 2862 D
3607 2811 3654 2867 Α

2101 3015 3569 4383 δ

2165 3704 3499 4376 1gp!

1993 4493 2372 4548 estcentrum
2402 4493 2460 4548 X.
2498 4495 2588 4550 Est
2617 4497 2824 4550 autem
2853 4492 3032 4550 etiam
3062 4495 3333 4550 centrum
3366 4489 3648 4548 dimidia-

222 4581 453 4636 circum
479 4589 752 4637 centrum
777 4583 820 4636 D
842 4581 1217 4637 describatur
1239 4581 1494 4638 circulus
1523 4585 1562 4638 Χ
1587 4586 1628 4639 Τ
1652 4601 1665 4640 :
1691 4583 1883 4656 sitque
1921 4593 1960 4645 D
1990 4595 2123 4635 rum
2147 4580 2600 4642 diametrorum.
2637 4582 2970 4638 necessario
2998 4597 3240 4655 quoque
3268 4585 3312 4638 N
3333 4583 3442 4638 ΜΒ
3471 4583 3506 4634 E
3532 4579 3636 4652 qui

224 4685 353 4725 una
381 4667 672 4725 diameter
705 4671 741 4725 L
771 4671 833 4737 Τ,
852 4667 1037 4724 altara
1072 4685 1211 4725 vero
1239 4672 1282 4726 R
1342 4671 1402 4725 Χ.
1455 4674 1710 4728 Rursum
1767 4673 1882 4728 cir-

225 4775 370 4816 cum
399 4764 671 4816 centrum
704 4761 743 4815 C
775 4758 1032 4814 circulus
1075 4759 1450 4817 describatur
1503 4763 1622 4829 KM,
1688 4763 1883 4835 sitque

222 4846 529 4904 diametur
557 4863 680 4903 una
701 4847 750 4901 X
772 4849 841 4914 M,
883 4846 1069 4903 altera
1099 4863 1240 4904 vero
1269 4849 1387 4905 TK.
1417 4851 1484 4905 Et
1505 4866 1714 4906 rursus
1769 4855 1881 4906 cir-

224 4951 366 4992 cum
393 4940 665 4992 ceutrum
705 4937 752 4989 A
783 4934 1041 4991 circulus
1062 4933 1438 4994 describatur
1469 4937 1512 4992 ll
1563 4940 1626 5008 Χ,
1687 4939 1882 5012 sitque

224 5023 519 5080 diameter
559 5039 680 5080 una
708 5025 830 5095 EX,
861 5023 1048 5080 altera
1074 5040 1210 5080 vero
1243 5027 1282 5080 L
1307 5025 1375 5084 H.
1412 5027 1549 5081 Dico
1588 5025 1769 5097 igitur
1820 5028 1880 5084 in

224 5112 450 5170 circulo
479 5116 515 5168 Β
540 5116 578 5170 C
599 5111 744 5168 lines
767 5129 875 5168 seu
894 5113 1179 5168 terminos
1199 5113 1632 5171 diametrorum
1664 5131 1882 5189 nempe

230 5205 270 5256 Β
303 5202 342 5256 C
383 5203 424 5254 D
456 5205 500 5256 Α
532 5217 664 5256 esse
690 5205 891 5256 centra
913 5200 1270 5256 circulorum
1300 5204 1341 5257 Η
1377 5205 1418 5258 Ν
1451 5202 1574 5269 K,K
1623 5205 1670 5260 Μ
1715 5203 1784 5273 Τ,
1842 5206 1884 5261 Τ

227 5291 274 5346 Β
307 5290 366 5360 L,
402 5291 439 5345 L
468 5291 508 5344 Ε
541 5292 606 5358 ll,
639 5293 696 5345 et
724 5288 941 5345 horum
993 5289 1267 5344 omnium
1328 5293 1600 5346 centrum
1641 5306 1773 5347 esse
1820 5294 1881 5360 Χ,

229 5379 644 5435 Extremitates
675 5391 818 5448 ergo
843 5376 1275 5434 diametrorum
1297 5393 1420 5451 (ιι-ω
1449 5384 1588 5435 sunt
1612 5381 1650 5435 Β
1681 5380 1721 5436 C
1763 5384 1804 5436 ι)
1837 5385 1884 5436 Α

227 5468 291 5525 in
331 5466 554 5523 circulo
585 5469 625 5522 B
651 5465 716 5524 C.
748 5469 886 5522 sunt
913 5465 1169 5522 aliorum
1218 5466 1577 5524 circulorum
1623 5473 1758 5525 cent
1824 5486 1880 5538 a,

230 5555 606 5616 Circulorum
632 5571 775 5613 vero
804 5555 1059 5612 istorum
1089 5555 1362 5612 omnium
1391 5556 1680 5616 terminus
1712 5561 1802 5616 est
1819 5559 1880 5614 Χ.

302 5680 386 5754 (1)
412 5682 600 5738 Locus
627 5681 690 5739 in
715 5667 919 5740 ρι’ωέιὰ
944 5679 1274 5741 mendosus
1311 5668 1418 5741 est:

1989 4673 2126 4724 sunt
2158 4670 2390 4725 termini
2421 4687 2524 4726 seu
2551 4671 2952 4727 extremitates
2987 4671 3346 4727 exteriorum
3380 4667 3643 4723 semicir-

1990 4756 2261 4814 culorum
2295 4764 2436 4815 sunt
2463 4759 2727 4816 dimidiae
2753 4764 2952 4833 partes
2982 4760 3414 4815 diametrorum
3438 4759 3480 4812 N
3506 4759 3568 4822 X,
3594 4758 3644 4812 M

1990 4847 2066 4916 Χ,
2087 4849 2202 4902 EX.
2234 4849 2527 4913 Quoniam
2549 4854 2748 4905 autem
2788 4851 2828 4904 X
2861 4850 2898 4902 Β
2924 4852 3015 4903 est
3041 4846 3293 4903 dimidia
3350 4844 3645 4900 diameter

1988 4934 2233 5005 integras
2247 4935 2469 4993 dimetri
2493 4939 2531 4991 D
2544 4941 2582 4993 X
2600 4940 2654 5003 Β,
2671 4935 3157 5010 quandoquidem
3173 4934 3274 5004 buj
3287 4949 3356 4988 us
3375 4937 3640 4988 centrum

1990 5028 2078 5078 est
2107 5027 2168 5090 Χ,
2203 5027 2241 5079 Β
2273 5028 2312 5080 Χ
2335 5039 2578 5098 quoque
2617 5025 2726 5078 erit
2753 5023 3004 5078 dimidia
3049 5021 3340 5078 diameter
3395 5021 3644 5094 integris

1989 5109 2263 5168 diametri
2280 5117 2324 5169 N
2348 5115 2408 5176 X.
2443 5113 2501 5168 in
2519 5111 2738 5168 circulo
2755 5113 2795 5167 N
2813 5113 2878 5169 il.
2893 5111 3184 5177 Quoniam
3201 5111 3360 5168 enim
3376 5111 3578 5169 circuli
3597 5115 3644 5168 Α

1992 5207 2034 5256 Κ
2052 5205 2319 5257 centrum
2342 5207 2429 5256 est
2455 5205 2763 5273 Bquorum
2779 5216 2916 5257 vero
2934 5199 3185 5257 dimidia
3205 5205 3345 5258 sunt
3363 5200 3642 5275 aequalia,

1993 5294 2112 5347 tota
2141 5289 2292 5345 inter
2304 5306 2364 5346 se
2377 5305 2620 5363 quoque
2640 5295 2779 5346 sunt
2792 5290 3047 5364 aequalia
3063 5307 3076 5346 :
3093 5305 3236 5348 sane
3252 5289 3528 5348 diametri
3550 5290 3642 5346 in-

1991 5385 2076 5436 ter
2105 5395 2166 5436 se
2195 5384 2366 5436 erunt
2390 5379 2652 5453 aequales
2667 5381 2766 5452 (1).
2787 5380 3008 5438 Eadem
3026 5380 3175 5437 ratio
3189 5385 3278 5437 est
3297 5381 3477 5438 etiam
3494 5380 3643 5436 alia-

1989 5483 2122 5525 rum
2157 5467 2587 5536 diametrorum
2616 5470 2675 5525 in
2706 5468 2837 5526 aliis
2867 5467 3121 5524 circulis.
3175 5471 3324 5524 Nam
3366 5467 3643 5523 diametri

1989 5555 2234 5629 integrae
2263 5561 2304 5615 Χ
2333 5559 2383 5614 Μ
2413 5557 2665 5616 dimidia
2700 5573 2842 5631 pars
2871 5561 2962 5615 est
2986 5559 3028 5614 X
3053 5555 3116 5612 E.
3145 5555 3443 5622 Quoniam
3470 5553 3631 5611 enim
