4066 6212
525 280 659 343 1371

2047 274 2402 337 ΑΒΒΕΝΟΔ.

3731 298 3839 351 1372

553 411 734 474 ἐπειδὴ
777 412 838 467 δέ
870 423 959 475 τῆς
1017 422 1110 467 τοῦ
1162 421 1199 466 Β
1256 420 1277 467 Ι
1346 415 1539 468 κύκλου
1590 414 1874 492 διαμέτρου
1933 423 1968 467 Δ
2014 421 2062 468 Χ
2114 413 2149 457 Β
2203 402 2254 455 Α
2314 404 2656 492 ῖτεραιουξώη
2686 422 2699 435 '
2743 400 2899 492 ’Ap‘d
2947 422 3036 454 και
3079 405 3141 455 οἷν
3198 410 3471 468 συστόσεις
3518 419 3708 486 σφαῖραν
3750 417 3823 477 ἴση

553 506 723 577 ἥμισύ
754 504 893 556 ἐστιν
934 506 963 561 ἡ
1015 510 1063 556 Χ
1105 511 1140 555 Β
1187 500 1366 561 ἐπειδή
1427 511 1629 581 κέντρον
1683 508 1795 560 ἐστί
1847 508 2033 557 τούτου
2089 504 2146 552 τὸ

553 602 619 664 Χ,
654 596 791 651 καιή
824 600 935 646 ΒΧ
996 593 1162 665 ἥμισύ
1212 593 1323 645 ἐστι
1381 604 1478 658 τῆς
1526 604 1574 648 Ν
1627 603 1675 649 Χ
1721 594 2006 667 διαμέτρου
2058 599 2145 643 τού

550 690 597 736 Ν
635 689 677 734 Η
705 682 896 733 κύκλου
925 703 938 714 ⁸
982 679 1163 741 ἐπειδὴ
1191 686 1291 757 ’γὰρ
1313 687 1546 759 ὑπάρχει
1598 689 1783 737 τούτου
1831 688 2034 756 κέντρον
2087 684 2145 731 τὸ

552 778 587 823 Β
615 772 681 820 ὧν
713 766 772 821 δὲ
793 768 884 821 ἶσα
909 774 975 823 τὰ
1000 772 1194 839 ἡμίσεα
1218 793 1307 825 και
1340 778 1405 827 τὰ
1444 775 1536 826 ὅλα
1558 772 1649 825 ἶσα
1699 774 1831 839 ἐστι,
1878 774 2013 823 κατὰ
2060 774 2147 821 τὸν

551 859 705 910 αύτὸν
738 855 796 911 δὲ
824 858 973 930 λόγον
999 880 1089 910 και
1109 860 1192 912 ἐπί
1222 871 1319 913 τῶν
1344 863 1505 915 ἄλλων
1533 885 1544 896 ·
1580 872 1675 923 τῆς
1694 866 1794 937 γὰρ
1830 868 1869 914 Α
1892 870 1939 914 Χ
1966 867 2002 912 Γ
2030 858 2147 911 δια-

549 952 736 1022 μέτρου
766 954 858 999 rei)
884 954 918 999 Β
946 955 982 1000 Γ
1009 950 1200 1001 κύκλου
1224 953 1388 1023 ἥμισύ
1416 952 1557 1004 ἐστιν
1583 954 1613 1009 ἡ
1643 958 1691 1004 Χ
1719 958 1755 1004 Γ
1807 947 1983 1007 ἐπειδὴ
2031 952 2148 1000 κὲν-

548 1055 669 1109 τρον
691 1035 803 1087 ἐστί
827 1038 1013 1087 τούτου
1042 1040 1100 1090 τὸ
1126 1044 1176 1090 Χ
1204 1059 1293 1090 και
1322 1042 1352 1098 ἡ
1390 1046 1425 1091 Γ
1444 1048 1493 1093 Χ
1513 1042 1681 1110 ἥμισύ
1705 1038 1816 1092 ἐστι
1840 1046 1935 1098 τῆς
1970 1044 2019 1090 Μ
2053 1043 2071 1088 Ι
2102 1044 2147 1089 Χ

553 1122 835 1197 διαμέτρου
864 1132 957 1176 τοῦ
988 1132 1029 1177 Η
1062 1132 1113 1179 Μ
1165 1128 1356 1180 κύκλου
1392 1150 1404 1161 ·
1456 1126 1630 1186 ἐπειδὴ
1685 1130 1915 1201 ὑπάρχει
1962 1129 2146 1177 τούτου

549 1216 755 1285 κέντρον
781 1216 841 1265 τὸ
874 1219 911 1264 Γ
952 1235 964 1246 ·
996 1214 1063 1265 ὧν
1092 1211 1150 1267 δὲ
1172 1216 1265 1268 ἶσα
1306 1219 1373 1268 τὰ
1402 1220 1619 1288 ἡμίσεα,
1660 1236 1750 1267 και
1802 1218 1869 1266 τὰ
1919 1215 2011 1266 ὅλα
2055 1222 2150 1264 ῐσα

552 1302 709 1354 ἐστίν.
780 1300 1051 1364 Ὡσαύτως
1110 1323 1200 1355 και
1255 1314 1351 1365 τῆς
1398 1312 1435 1357 Β
1482 1312 1533 1357 Χ
1592 1313 1626 1357 Δ
1704 1300 1986 1376 διαμέτρου
2055 1309 2148 1354 τοῦ

551 1389 907 1455 ΒΓκύκλουὴ
966 1396 1014 1443 Χ
1073 1399 1107 1443 Δ
1152 1396 1321 1463 ἥμισύ
1372 1393 1484 1447 ἐστι
1536 1402 1632 1454 τῆς
1681 1400 1719 1447 Φ
1772 1399 1817 1445 Χ
1863 1390 2148 1464 διαμέτρου

550 1485 641 1529 τοῦ
673 1486 721 1532 Χ
752 1486 797 1533 Θ
836 1478 1046 1545 κύκλου,
1086 1478 1267 1538 ἐπειδὴ
1300 1486 1507 1553 κέντρον
1535 1484 1648 1533 ἔστί
1686 1484 1873 1533 τούτου
1930 1485 1988 1531 τὸ
2042 1487 2076 1531 Δ
2133 1500 2145 1512 ·

552 1566 620 1617 ὧν
643 1564 701 1619 δὲ
732 1564 824 1618 ἶσα
853 1569 917 1619 τὰ
936 1569 1154 1639 ἡμίσεα,
1183 1575 1273 1622 καί
1320 1572 1387 1621 τὰ
1449 1569 1542 1622 ὅλα
1597 1570 1691 1622 {cei
1740 1570 1902 1623 ἐστιν.
1954 1568 2149 1620 Ὠσαύ-

550 1674 651 1716 τως
674 1651 733 1707 δὲ
761 1675 851 1706 και
879 1664 970 1715 τῆς
1000 1662 1038 1708 Γ
1075 1662 1125 1709 Χ
1186 1665 1221 1710 Α
1278 1655 1563 1731 διαμέτρου
1624 1665 1716 1710 τοῦ
1775 1665 1808 1709 Β
1876 1664 1912 1709 Γ
1959 1657 2149 1708 κύκλου

551 1745 582 1801 ἡ
612 1749 726 1796 ΧΑ
755 1742 921 1807 ἣμισύ
971 1744 1133 1813 ἐστιν,
1182 1744 1362 1804 ἐπειδὴ
1419 1752 1624 1821 κέντρον
1675 1747 1786 1798 ἐστί
1840 1748 2026 1797 τούτου
2089 1748 2149 1795 τὸ

551 1840 600 1887 Χ
629 1851 719 1883 και
747 1834 778 1890 ἡ
821 1838 862 1885 Α
892 1838 941 1885 Χ
1007 1833 1174 1905 ἥμισύ
1225 1836 1337 1886 ἔστι
1395 1844 1491 1896 τῆς
1536 1842 1573 1887 Ε
1622 1843 1670 1889 Χ
1727 1832 2012 1906 διαμέτρου
2060 1840 2152 1885 τοῦ

552 1927 591 1974 Φ
617 1928 666 1974 Χ
694 1920 907 1989 κύκλου,
940 1919 1119 1980 ἐπειδὴ
1150 1926 1355 1995 κέντρον
1402 1924 1515 1976 ἐστί
1562 1927 1747 1976 τούτου
1786 1927 1845 1975 τὸ
1929 1930 1968 1975 Α
2026 1943 2039 1955 ·
2090 1922 2157 1971 ὧν

554 2006 613 2061 δὲ
640 2010 707 2060 τὰ
743 2010 938 2080 ἡμίσεα
965 2010 1077 2076 ἶσα,
1139 2031 1228 2062 και
1261 2014 1328 2063 τὰ
1382 2010 1477 2063 ὂλα
1529 2008 1621 2063 ἷσά
1669 2012 1781 2063 ἐστι
1834 2031 1923 2062 και
1966 2013 1995 2067 ἡ
2054 2009 2158 2083 ἀρα

549 2102 670 2150 ΝΧ
730 2093 1007 2169 διάμετρος
1048 2106 1111 2169 τῇ
1160 2105 1197 2151 Β
1246 2106 1281 2152 Δ
1335 2101 1423 2157 ἴση
1478 2100 1612 2161 ἐστί,
1678 2120 1768 2151 και
1811 2101 1840 2156 ἡ
1891 2103 1938 2155 Μ
1995 2104 2044 2151 Χ
2090 2105 2153 2170 τῇ

550 2184 1563 2260 ΔΓὰλλακαιήΦΧτῇΒΔκαιή
1615 2195 1839 2260 ΕΧτῇ
1894 2196 1933 2241 Α
1983 2194 2021 2240 Γ
2066 2191 2157 2239 καί

550 2274 767 2348 ἑκατέρα
791 2282 855 2345 τῇ
889 2275 1106 2348 ἑκατέρα
1134 2276 1251 2329 ἷσαί
1281 2276 1384 2329 εἰσι
1414 2298 1428 2311 ο
1461 2279 1527 2329 rei
1549 2279 1653 2351 γάρ
1719 2285 1793 2347 τῷ
1842 2276 1981 2347 αύτῷ
2038 2274 2151 2340 ἶσα,

548 2383 640 2415 και
676 2362 915 2424 ἀλλήλοις
941 2361 1031 2416 iaci
1079 2365 1210 2430 ἑστι,
1257 2385 1346 2418 και
1373 2367 1441 2418 ὧν
1479 2368 1545 2418 rei
1602 2371 1730 2441 μέρη
1780 2362 1891 2428 ἶσα,
1957 2385 2047 2417 και
2088 2367 2154 2418 rei

549 2451 645 2503 ὂλα
680 2448 772 2504 ἶσά
797 2451 911 2505 ἐστι
938 2459 1041 2507 Και
1060 2462 1160 2505 τῶν
1176 2452 1279 2527 ἆρα
1302 2456 1428 2508 ἰσων
1478 2452 1826 2527 διαμέτρωνοὶ
1869 2457 1917 2507 οἱ
1969 2453 2149 2506 κύκλοι

551 2536 659 2591 ἶσοι
708 2543 836 2603 εἰσι,
883 2559 974 2592 και
1027 2543 1195 2594 πάντα
1250 2544 1315 2595 rei
1380 2550 1471 2595 τοῦ
1526 2543 1718 2594 κύκλου
1785 2548 1987 2614 πέρατα
2059 2539 2151 2595 iaci

551 2627 713 2682 ἐστιν.
738 2627 878 2681 Ἐπεί
905 2625 964 2681 δὲ
988 2650 1079 2681 και
1119 2632 1185 2683 rei
1231 2639 1324 2693 τῆς
1379 2637 1604 2706 σφαίρας
1654 2636 1854 2706 πέρατα
1897 2628 2150 2702 δέχονται

548 2718 667 2776 τούς
733 2716 923 2779 αὐτοὺς
971 2718 1187 2779 κύκλους
1244 2740 1331 2771 και
1388 2725 1603 2795 πέρατα⁹
1648 2721 1713 2770 ὧν
1774 2722 1963 2794 θάτερα
2004 2721 2148 2771 θατέ-

548 2824 672 2880 ρους
733 2826 823 2858 και
875 2809 1009 2859 κατά
1056 2816 1143 2868 τῆς
1202 2814 1428 2883 σφαίρας
1474 2813 1603 2884 μέρη
1653 2811 1824 2861 πάντα
1869 2806 1961 2861 ἷσά
2010 2808 2142 2875 ἐστι,

1669 2901 1859 2957 ταύτης

549 2914 640 2947 και
697 2900 847 2948 πᾶσα
913 2898 1103 2958 ταύτης
1168 2894 1447 2972 διάμετρος
1498 2906 1569 2968 τῷ
1669 2901 1859 2957 ταύτης
1954 2902 2144 2969 κέντρῳ

2311 487 2420 540 ἐστί
2439 497 2497 560 τῇ
2528 490 2590 550 ἧς
2630 490 2743 542 ἐστι
2777 488 3081 563 διάμετρος,
3120 513 3209 543 και
3271 494 3298 545 ὁ
3343 506 3525 568 σχῆμα
3571 510 3826 559 ποιήσουσιν

2310 577 2364 629 αἱ
2394 586 2483 638 τῆς
2512 575 2793 651 διαμέτρου
2830 581 3021 633 εὐθεῖαι
3072 584 3234 654 ταύτῃ
3295 580 3404 636 ἶσόν
3448 587 3566 653 ἐστι,
3614 593 3727 643 καθά
3774 592 3825 652 δή

2309 686 2399 718 και
2422 675 2514 718 τοῦ
2544 667 2734 719 κύκλου
2771 690 2781 701 ·
2809 673 3137 727 συνέστησαν
3165 674 3264 742 γάρ
3291 675 3345 723 αἱ
3374 681 3417 726 Θ
3473 682 3509 727 Γ
3569 684 3605 729 Η
3645 686 3678 733 ψ
3724 688 3754 733 Β
3796 691 3826 736 ﬂ

2312 762 2357 809 A
2388 761 2426 807 Α
2468 762 2506 808 Φ
2546 764 2592 809 Θ
2622 763 2657 808 Δ
2692 764 2737 809 Λ
2774 766 2873 811 τῶν
2913 759 3113 810 κύκλων
3144 755 3413 834 διάμετροι
3458 768 3513 817 τὸ
3562 772 3598 819 Φ
3648 774 3682 819 Η
3725 777 3761 822 Θ
3798 780 3828 824 Λ

2309 864 2644 916 τετραγωνον,
2683 852 2831 898 τοῦτο
2864 843 2923 899 δε
2959 852 3247 906 ποιήσουσι
3294 870 3382 903 και
3430 855 3483 905 αὶ
3530 863 3613 915 τῆς
3659 864 3833 929 σφαίρας

2312 930 2586 1005 διάμετροι
2606 934 2727 1007 ὅπερ
2761 931 2869 986 εδει
2896 932 3086 998 δεῖξαι.

2383 1017 2454 1075 δ’.
2484 1028 2649 1074 Τοῦτο
2669 1018 2729 1075 δέ
2752 1023 2858 1094 ούχ
2883 1032 3005 1097 εῡρῃ
3036 1044 3113 1085 τις
3142 1026 3216 1087 εἰς
3243 1033 3416 1080 πᾶσαν
3435 1035 3665 1102 ’γραμμὴν
3685 1053 3757 1086 και
3792 1040 3835 1088 τὸ

2308 1113 2410 1181 μὴν
2437 1117 2529 1161 τοῦ
2577 1116 2896 1182 τετραγώνου
2945 1111 3035 1173 τὰς
3092 1110 3186 1166 δια
3230 1124 3321 1168 τοῦ
3360 1119 3518 1187 μέσον
3557 1138 3639 1173 και
3677 1126 3835 1194 κέντρον

2310 1198 2552 1269 ἠγμένας,
2570 1218 2659 1250 και
2690 1199 2841 1261 αὖθις
2869 1203 2996 1273 πρὸς
3025 1205 3082 1254 τό
3123 1198 3294 1265 δεῖξαι
3346 1206 3428 1259 ὅτι
3491 1209 3600 1260 οὔτε
3651 1208 3745 1263 ἴσον
3786 1220 3837 1282 τῷ

2310 1292 2611 1360 τετραγώνῳ
2660 1295 2809 1341 πᾶσα
2868 1285 3151 1363 διάμετρος
3212 1289 3308 1344 διὰ
3376 1301 3468 1346 τοῦ
3535 1299 3721 1368 κέντρον
3776 1319 3839 1353 κει

2310 1378 2471 1446 μέσον
2531 1376 2746 1446 ἠγμένη,
2807 1382 2864 1429 τό
2911 1377 3038 1431 αύτό
3084 1387 3227 1433 ποιεῖ
3272 1378 3333 1433 ού
3414 1378 3687 1457 διάμετρος,
3756 1391 3839 1442 οὔτι

2310 1464 2478 1536 ἕτερον
2510 1464 2622 1515 ἴσον
2652 1484 2741 1517 και
2761 1473 2831 1534 τῷ
2860 1466 2997 1536 αύτῷ
3023 1488 3033 1499 ·
3094 1464 3176 1520 δεῖ
3227 1476 3351 1539 γοῦν
3409 1468 3608 1531 ἀνίσους
3657 1472 3734 1534 τὰς
3775 1484 3841 1528 τοῦ

2312 1556 2634 1624 τετραγώνου
2665 1549 2698 1603 δ
2704 1553 2833 1615 ιῖξαι
2856 1550 3169 1629 διαμέτρους
3190 1576 3278 1609 και
3311 1557 3378 1610 τά
3433 1558 3487 1611 ἐκ
3523 1562 3697 1613 τούτων
3742 1570 3840 1632 γινό.

2405 1647 3758 2713 ξ,

2306 2834 2434 2885 μενα
2530 2820 2789 2888 σχήματα
2881 2815 2981 2869 εἴτε
3080 2816 3308 2879 κύκλους
3402 2816 3495 2870 εἴτε
3589 2816 3840 2891 τετράγωνα.

2302 2902 2475 2956 Ἔστω
2501 2910 2557 2956 τό
2590 2911 2625 2955 Α
2665 2912 2699 2956 Β
2725 2910 2760 2956 Γ
2790 2913 2843 2970 Δ,
2876 2902 3273 2980 προαπεδείχθη
3323 2908 3403 2959 ὅτι
3446 2908 3476 2964 ἡ
3546 2913 3579 2959 Β
3618 2911 3651 2959 Γ
3706 2901 3847 2973 διὰδιοῆ

520 3080 724 3137 circuli
744 3083 791 3137 Κ
811 3084 861 3138 Μ
887 3085 1158 3136 centrum
1186 3085 1278 3136 est
1314 3083 1376 3150 C,
1406 3081 1654 3150 integrae
1705 3079 1981 3136 diametri
2034 3082 2082 3135 M
2134 3081 2175 3134 X
2210 3079 2251 3135 C
2282 3076 2383 3145 illa
2407 3080 2635 3155 ratione
2667 3080 2920 3153 aequalis
2939 3081 3245 3138 diametris
3264 3083 3519 3159 utetiam
3542 3077 3863 3137 diametricir-

520 3170 775 3226 dimidia
798 3185 942 3242 pars
974 3169 1081 3225 erit
1115 3172 1154 3225 C
1188 3171 1316 3225 Xin
1376 3170 1596 3225 circulo
1648 3172 1691 3226 K
1749 3173 1814 3233 M,
1874 3168 2171 3235 Quoniam

520 3258 681 3313 enim
708 3258 891 3328 hujus
922 3257 1124 3313 circuli
1159 3262 1430 3313 centrum
1471 3261 1620 3314 estC
1651 3275 1663 3311 :
1713 3273 1975 3329 quorum
2034 3272 2173 3311 vero

519 3346 769 3402 dimidia
798 3351 936 3401 sunt
957 3345 1234 3417 aequalia,
1261 3352 1387 3401 tota
1407 3347 1566 3402 enim
1584 3352 1721 3401 sunt
1737 3345 2016 3417 aequalia,
2036 3350 2170 3413 etc.,

518 3439 584 3489 ut
603 3434 830 3491 dictum
861 3439 966 3500 est,
992 3434 1067 3490 de
1097 3434 1452 3490 diametroB
1493 3438 1532 3490 X
1568 3439 1609 3490 D
1643 3436 1704 3489 in
1748 3434 1968 3489 circulo
2022 3437 2057 3487 B
2109 3438 2169 3487 tl.

518 3523 743 3579 Eodem
772 3522 956 3579 modo
990 3525 1031 3579 X
1054 3525 1097 3577 D
1128 3527 1215 3577 est
1242 3523 1492 3579 dimidia
1525 3540 1665 3596 pars
1688 3525 1932 3593 integrae
1948 3522 2174 3578 diame-

518 3611 589 3666 tri
610 3611 812 3667 circuli
838 3613 933 3665 XT
960 3614 1025 3667 R.
1063 3612 1329 3676 Quorum
1355 3627 1493 3668 vero
1521 3612 1773 3668 dimidia
1793 3617 1932 3667 sunt
1979 3627 2172 3683 eaqua-

516 3698 619 3767 lia,
650 3705 740 3754 etc
768 3702 833 3755 Et
862 3700 985 3755 utC
1025 3701 1066 3754 Χ
1114 3703 1160 3753 A
1216 3701 1457 3769 integrae
1517 3701 1793 3756 diametri
1836 3701 1897 3755 in
1949 3698 2170 3754 circulo

518 3790 558 3842 Β
590 3790 630 3844 C
661 3787 909 3844 dimidia
948 3802 1089 3860 pars
1134 3794 1221 3843 est
1262 3792 1301 3845 Χ
1358 3795 1424 3854 Α,
1479 3782 1977 3861 quandoquidem
2033 3803 2170 3843 cen-

516 3873 676 3933 trum
703 3877 885 3949 hujus
913 3876 1116 3933 circuli
1137 3883 1228 3932 est
1252 3880 1308 3943 Χ,
1332 3879 1413 3934 ita
1442 3878 1503 3934 in
1535 3878 1756 3934 circulo
1783 3893 2025 3949 quoque
2046 3880 2085 3932 Η
2130 3880 2169 3933 Χ

515 3968 625 4022 erit
651 3972 697 4021 A
725 3969 765 4021 Χ
803 3966 1054 4023 dimidia
1083 3982 1223 4039 pars
1248 3969 1492 4037 integrae
1532 3968 1808 4022 diametri
1834 3970 1872 4022 E
1902 3969 1957 4021 Χ.
2003 3968 2166 4032 Quo-

515 4071 652 4111 rum
678 4061 879 4112 autem
905 4056 1155 4112 dimidia
1173 4060 1310 4111 sunt
1339 4056 1597 4128 aequalia
1617 4056 1767 4111 inter
1784 4072 1869 4119 se,
1886 4062 2166 4127 totaquo-

517 4160 635 4215 que
660 4149 799 4200 sunt
817 4145 1089 4217 aequalia.
1131 4146 1320 4209 Quare
1347 4144 1639 4200 diameter
1669 4148 1711 4200 N
1756 4147 1796 4199 X
1836 4145 1942 4199 erit
1969 4160 2163 4215 aequa-

513 4232 586 4288 lis
607 4232 900 4288 diametro
917 4233 958 4286 Β
980 4235 1024 4288 D
1048 4237 1104 4287 et
1122 4232 1411 4288 diameter
1436 4235 1483 4287 M
1518 4234 1557 4287 Χ
1587 4233 1694 4287 erit
1743 4232 1990 4305 aequalis
2043 4233 2164 4287 dia-

516 4324 767 4376 metroA
796 4319 855 4375 C.
885 4321 1173 4376 Praeterea
1225 4321 1517 4376 diameter
1558 4323 1603 4376 Β
1657 4324 1697 4376 Χ
1767 4322 1873 4376 erit
1916 4320 2164 4393 aequalis

516 4409 809 4464 diametro
837 4411 881 4463 Ι)
908 4412 965 4477 Β,
1000 4415 1056 4465 et
1079 4409 1371 4464 diameter
1413 4412 1454 4463 Ε
1512 4412 1551 4464 Χ
1604 4409 1871 4465 similiter
1914 4410 2163 4481 aequalis
2192 4421 2240 4478 ι)

516 4497 808 4555 diametro
834 4503 881 4555 Α
908 4501 964 4565 C,
998 4504 1054 4555 et
1075 4498 1289 4569 singuli
1315 4498 1560 4570 singulis
1574 4499 1835 4571 aequales
1849 4506 2003 4555 sunt.
2022 4502 2163 4565 Quae

517 4587 677 4643 enim
698 4576 893 4644 eidem
925 4595 1064 4644 sunt
1092 4588 1370 4661 aequalia,
1403 4588 1552 4643 inter
1592 4604 1655 4643 se
1708 4595 1849 4645 sunt
1886 4590 2160 4661 aequalia.

513 4678 579 4733 Et
605 4693 865 4749 quorum
912 4683 1108 4750 partes
1152 4682 1291 4731 sunt
1334 4676 1598 4750 aequales
1647 4679 1878 4746 integra
1921 4692 2165 4749 quoque

514 4765 667 4822 inter
705 4784 766 4822 se
790 4771 931 4822 sunt
954 4765 1228 4838 aequalia.
1256 4764 1465 4821 Circuli
1504 4782 1645 4835 ergo
1677 4756 1999 4837 aequalium
2042 4766 2164 4821 dia-

512 4861 837 4911 metrorum
869 4859 1007 4910 sunt
1029 4853 1313 4925 aequales,
1348 4861 1405 4910 et
1429 4869 1641 4909 omnes
1672 4853 1874 4908 circuli
1894 4855 2164 4909 extremi-

512 4946 664 4997 tates
691 4951 831 4999 sunt
852 4945 1006 4999 inter
1018 4960 1078 4999 se
1093 4942 1680 5014 eequales,Quoniam
1696 4949 1896 4997 autem
1912 4943 2162 5015 sphaerae

518 5035 919 5087 extremitates
977 5032 1224 5087 eosdem
1271 5032 1525 5087 circulos
1583 5032 1845 5103 capiunt,
1902 5048 2163 5104 quorum

514 5116 857 5187 singillatim
887 5124 1085 5191 partes
1106 5121 1257 5176 inter
1269 5136 1329 5174 se
1346 5120 1778 5192 suntmquales,
1794 5135 2001 5175 eorum
2017 5137 2162 5192 quo-

512 5220 629 5277 que
657 5222 867 5261 omnes
898 5207 1073 5262 simul
1095 5214 1295 5281 partes
1328 5208 1778 5280 cruntaequales
1806 5215 1860 5263 et
1883 5210 2163 5281 qutelibet

510 5295 693 5367 hujus
745 5294 1032 5351 diameter
1088 5298 1200 5351 illis
1257 5304 1459 5353 centro
1514 5297 1946 5352 terminabitur.
2009 5298 2159 5363 Quin

514 5385 694 5442 etiam
727 5384 775 5439 si
802 5386 1463 5455 sphaeramconstituas,
1479 5392 1604 5440 erat
1620 5387 1867 5457 aequalis
1887 5388 2158 5457 sphaerae,

510 5473 988 5549 cujnsdiameter
1017 5480 1105 5530 est
1128 5473 1399 5545 aequalis,
1426 5478 1482 5527 et
1513 5488 1698 5544 quam
1733 5474 1983 5541 ﬁguram
2028 5474 2159 5530 efﬁ-

508 5564 665 5621 cient
688 5569 865 5620 rectae
891 5564 1146 5621 diametr
1174 5562 1388 5630 ilineae,
1427 5576 1496 5617 ea
1521 5560 1653 5631 ipsa
1680 5561 1874 5630 ﬁgura
1924 5563 2031 5619 erit
2086 5581 2157 5627 ex

2282 3168 2553 3223 culorum
2579 3176 2745 3223 erant
2776 3169 3061 3241 aequales.
3090 3173 3236 3226 Nam
3267 3171 3624 3226 circulorum
3650 3165 3860 3225 diametri

2281 3256 2521 3314 fuerunt
2550 3259 2741 3326 TCK,
2776 3261 2818 3313 Η
2853 3265 2887 3311 Β
2917 3261 2962 3314 Κ
2992 3301 3009 3329 ,
3036 3258 3077 3313 L
3101 3267 3143 3315 Α
3176 3263 3239 3327 ll,
3273 3264 3315 3316 T
3348 3263 3391 3316 D
3416 3262 3477 3327 L,
3510 3276 3579 3315 ex
3606 3258 3792 3332 quibus
3818 3254 3861 3308 ﬁt

2280 3346 2646 3420 quadratum
2670 3350 2712 3401 ll
2746 3351 2791 3403 Κ
2824 3349 2861 3402 L
2884 3351 2945 3405 T.
2980 3352 3096 3404 Hoc
3123 3356 3327 3405 autem
3368 3349 3626 3406 efﬁciunt
3668 3347 3858 3419 sphaerae

2282 3434 2578 3500 diametri,
2603 3435 2770 3507 quod
2792 3437 3053 3506 oportuit
3072 3437 3509 3494 demonstrare.

2352 3524 2403 3578 4.
2435 3526 2551 3578 Hoc
2576 3530 2774 3578 autem
2807 3524 2972 3596 quod
3000 3524 3062 3579 in
3093 3526 3317 3581 circulo
3364 3525 3735 3592 ostendimus,
3768 3535 3854 3575 non

2280 3612 2438 3667 cadit
2464 3613 2523 3666 in
2555 3628 2798 3667 omnem
2819 3612 3035 3668 lineam
3060 3615 3364 3685 quadrati,
3391 3607 3857 3684 etomnequadrali

2283 3707 2681 3771 segmentum,
2701 3719 2835 3773 quae
2852 3719 2954 3774 per
2967 3704 3235 3758 medium
3249 3709 3585 3760 etcentrum
3598 3702 3855 3757 ducuntur.

2278 3791 2471 3862 Atque
2498 3791 2610 3845 hoc
2640 3790 2799 3845 idem
2818 3792 2972 3846 valet
3002 3791 3078 3846 ad
3106 3792 3517 3863 probandum,
3540 3807 3651 3846 non
3672 3801 3855 3844 omnem

2276 3878 2551 3950 quadrati
2571 3878 2931 3934 diametrum
2945 3897 3050 3952 per
3061 3887 3333 3937 centrum
3347 3888 3403 3937 et
3416 3880 3662 3936 medium
3673 3877 3857 3933 ductam

2276 3968 2435 4023 idem
2465 3968 2831 4040 quadratum
2844 3969 3078 4024 efficere
3099 3986 3236 4024 cum
3250 3986 3321 4025 eo
3336 3971 3510 4042 cujus
3521 3968 3855 4025 estdiameter.

2274 4072 2470 4128 neque
2495 4072 2739 4111 omnem
2752 4058 3029 4129 quadrati
3045 4059 3410 4115 diametrum
3424 4060 3661 4115 alterum
3680 4054 3857 4109 efﬁcere

2274 4144 2638 4217 quadratum
2670 4145 2899 4218 aequale
2920 4146 2971 4202 ei
3002 4147 3172 4217 cujus
3195 4154 3280 4202 est
3329 4148 3629 4205 diameter.
3674 4144 3858 4216 Oportet

2402 4300 3732 5341 ἒ

2263 5475 2440 5545 igitur
2461 5474 2773 5531 ostendere
2792 5474 3119 5551 inmquales
3132 5492 3259 5531 esse
3274 5474 3543 5548 quadrati
3564 5470 3839 5557 diametros:

2261 5582 2389 5622 esse
2415 5582 2656 5641 quoque
2680 5565 3007 5637 inaequales
3042 5550 3284 5635 figuras,
3306 5581 3438 5637 quae
3468 5580 3534 5619 ex
3565 5560 3648 5616 his
3695 5550 3837 5609 couti-
