4066 6212
276 308 413 364 1373

1179 306 1530 363 THEODORI
1554 304 1604 359 II
1633 304 1778 362 IMP.
1806 303 1897 365 DE
1924 302 2383 361 COMMUNIONE
2408 303 2784 360 NATURALI.

3547 302 3686 377 1374

296 451 419 505 τρος
454 434 745 489 συνέστησε
772 432 831 482 τὸ
880 434 987 483 ΒΚ
1017 435 1063 483 Λ
1111 435 1149 482 Γ
1196 432 1535 504 τετράγωνον,
1593 428 1654 479 οὔ
1706 427 1901 501 πλευρά
1955 448 2003 499 Α
2059 432 2264 499 κέντρον
2314 430 2372 478 τὸ
2410 435 2459 482 Χ
2508 431 2668 489 οὕτως
2696 431 2787 480 καὶ
2846 434 2936 480 τοῦ
2982 434 3032 481 Ν
3065 433 3113 480 Ω
3160 432 3198 481 Γ
3241 430 3280 480 Ξ
3333 432 3655 501 τετραγώνου

296 526 520 592 γέγονεν.
552 519 708 592 ’Έχει
735 516 793 571 δε
824 522 882 572 1'6
915 522 1026 591 μὲν,
1059 525 1100 572 Α
1158 526 1196 573 Β
1239 526 1278 572 Γ
1326 526 1360 570 Δ
1406 515 1503 570 δύο
1556 522 1786 588 τρίγωνα
1838 518 1901 568 τά

298 615 335 660 Δ
365 615 465 661 ΒΓ
511 612 569 661 1'6
616 594 675 662 δὲ
729 614 768 665 Β
808 614 851 662 K
894 613 940 661 A
974 612 1010 659 Γ
1051 628 1063 640 ·
1100 612 1333 679 τέσσαρα
1387 603 1480 659 ἶσα
1519 612 1629 666 τοῖς
1669 601 1795 657 δυσὶ
1841 608 1899 657 τὸ

298 702 1021 751 ΔΒΚΔΔΚΔΓΛΔΓ
1059 703 1114 762 Β,
1162 693 1313 748 οὔδε
1374 698 1440 748 τά
1489 690 1745 766 τεταρδύο
1791 700 1901 755 τοῖς

296 806 433 848 τινος
468 782 627 838 δυσὶν
684 787 931 858 ἡμίσεσιν
985 781 1096 851 ἶσα,
1148 788 1206 836 τὸ
1264 783 1376 847 ὅλον
1436 780 1713 836 διπλάσιόν
1761 782 1899 835 ἐστιν

299 876 483 943 αὐτοῦ,
528 882 620 926 τοῦ
669 878 708 925 Α
765 880 801 925 Β
830 880 867 925 Γ
920 880 955 927 Δ
1012 894 1024 906 ·
1054 873 1158 946 ἄρα
1184 877 1243 925 τό
1304 880 1340 924 Β
1396 879 1439 925 Κ
1478 880 1524 925 Λ
1563 878 1603 923 Γ
1646 872 1901 945 τετράγω-

296 982 380 1014 νον
435 958 714 1014 διπλάσιόν
753 960 915 1016 ἔστιν.
973 961 1030 1013 Ἠ
1096 962 1201 1033 ἄρα
1260 968 1353 1013 τοῦ
1431 965 1754 1033 τετραγώνου
1799 966 1898 1009 τῶν

295 1059 494 1123 γωνιῶν
558 1045 833 1125 διάμετρος
907 1046 1187 1102 διπλάσιον
1247 1049 1406 1102 αὐτοῦ
1452 1053 1763 1106 συνίστησιν
1821 1046 1900 1099 ἀεὶ

294 1142 634 1213 τετράγωνον,
725 1140 847 1213 ὅπερ
910 1136 1020 1191 ἔδει
1105 1134 1293 1201 δεῖξαι.
1388 1139 1640 1190 Διικνύειν
1702 1132 1760 1188 δὲ
1818 1132 1901 1187 δεῖ

296 1226 712 1300 ὁμολογουμένως
786 1230 854 1280 τὰ
937 1224 1346 1299 ἀποδειχθέντα.
1431 1232 1517 1278 Δεῖ
1565 1233 1688 1296 γοῦν
1729 1221 1900 1286 δεῖξαι

295 1316 379 1368 ὅτι
408 1321 498 1369 καὶ
535 1318 566 1375 ἡ
624 1323 673 1369 Ν
714 1323 763 1369 Ω
814 1313 1095 1390 διάμετρος
1149 1324 1249 1367 τῶν
1306 1316 1512 1368 εὐθειῶν
1558 1321 1653 1366 τοῦ
1695 1319 1733 1365 Α
1782 1320 1818 1365 Β
1862 1318 1898 1364 Δ

296 1410 638 1480 τετραγώνου,
702 1410 1025 1480 τετραγώνου
1078 1424 1132 1457 τε
1189 1406 1339 1457 θεῖσα
1389 1403 1586 1477 πλευρὰ
1637 1399 1749 1454 ἶσον
1809 1405 1900 1452 καὶ

295 1493 451 1546 πάλιν
486 1493 613 1545 αὐτό
664 1500 803 1546 ποιεῖ
831 1493 986 1569 οὗπέρ
1035 1492 1149 1545 ἐστι
1189 1489 1486 1566 διάμετρος.
1533 1494 1678 1545 Ἐπεὶ
1726 1494 1898 1541 τοίνυν

298 1586 457 1655 μέσον
485 1590 586 1634 τῶν
637 1581 714 1654 ἔφ’
748 1582 985 1656 ἑκάτερον
1033 1580 1280 1653 ἀνάλογόν
1312 1579 1424 1633 έστι
1469 1584 1529 1633 τὸ
1583 1587 1630 1632 Ν
1665 1586 1756 1639 τῆς
1792 1584 1829 1629 Β
1858 1584 1899 1631 Α

300 1671 543 1744 πλευρᾶς,
598 1679 690 1724 τοῦ
740 1676 778 1724 Α
810 1678 848 1724 Β
878 1677 980 1724 ΓΔ
1031 1690 1374 1745 τετραγώνου,
1441 1673 1556 1722 ἔστι
1608 1665 1667 1721 δὲ
1717 1671 1809 1719 καὶ
1863 1668 1894 1723 ἡ

298 1767 347 1815 Ν
375 1763 527 1823 Σῗση
581 1768 643 1833 τῇ
697 1766 738 1825 Δ
778 1767 835 1829 Β,
867 1763 937 1823 ὡς
966 1756 1286 1831 ἀπεδείχθη,
1316 1763 1405 1811 καὶ
1445 1760 1476 1817 ἡ
1514 1765 1555 1812 Δ
1776 1754 1898 1807 ἁνά-
1952 1793 1992 1847 Β

295 1849 447 1921 λαγός
472 1848 701 1912 ἐστιτῆς
730 1856 764 1902 Σ
791 1855 856 1904 Ν.
910 1849 1042 1902 Ἐπεὶ
1078 1845 1137 1902 δὲ
1185 1856 1279 1910 τῆς
1308 1855 1354 1900 Ν
1398 1844 1681 1920 διαμέτρου
1737 1848 1898 1917 πέρας

294 1937 411 1991 ἐστὶ
451 1941 507 1990 τὸ
536 1945 586 1991 Ω
611 1945 704 1990 τοῦ
740 1944 782 1991 Δ
812 1944 849 1991 Β
876 1944 913 1990 Γ
940 1943 976 1989 Δ
1014 1942 1358 2011 τετραγώνου,
1403 1939 1517 1988 ἔστι
1583 1932 1643 1988 δὴ
1696 1938 1897 2007 πέρατα

291 2034 389 2099 τῆς
422 2033 464 2081 Α
496 2032 532 2078 Β
575 2025 801 2099 πλευρᾶς
850 2028 881 2084 ἡ
939 2031 977 2079 Γ
1042 2034 1097 2096 Δ,
1156 2030 1247 2077 καὶ
1302 2027 1332 2084 ἡ
1378 2031 1426 2077 Ω
1646 2022 1893 2093 ἀνάλογος

290 2112 403 2173 ἐστι
430 2123 493 2187 τῇ
534 2122 571 2168 Δ
612 2121 668 2169 Γ.
709 2120 809 2168 Καὶ
839 2113 946 2167 ἐπεὶ
1013 2110 1071 2167 δὲ
1118 2116 1148 2172 ἡ
1193 2121 1233 2168 Δ
1262 2118 1421 2186 γωνία
1452 2116 1586 2186 μέση
1646 2111 1894 2187 ἀνάλογος

291 2203 406 2257 ἔστι
432 2212 492 2277 τῇ
544 2211 590 2259 Ν
619 2212 651 2256 Σ
681 2203 895 2277 πλευρᾷ,
954 2207 1044 2256 καὶ
1078 2206 1107 2263 ἡ
1165 2209 1204 2257 Γ
1231 2208 1393 2275 γωνία
1451 2207 1585 2275 μέση
1647 2200 1894 2272 ἀνάλογος

294 2292 409 2347 ἔστι
437 2302 499 2367 τῇ
531 2300 579 2346 Ω
607 2300 643 2355 Ρ
680 2296 877 2368 πλευρᾴ
921 2314 935 2326 ·
967 2301 1078 2357 τοῖς
1101 2296 1200 2367 γὰρ
1229 2296 1363 2354 ἴσοις
1403 2290 1495 2345 ἶσα
1521 2292 1887 2366 προστεθέντα,

292 2383 462 2435 πάντα
501 2378 592 2435 ἶσά
630 2380 766 2435 ἔστιν
808 2402 822 2417 ο
856 2381 964 2436 ἐπεὶ
1021 2379 1081 2437 δὲ
1128 2389 1190 2455 τῇ
1246 2388 1293 2436 Ν
1337 2390 1385 2435 Ω
1435 2378 1699 2454 διαμέτρῳ
1754 2383 1887 2450 μέση

299 2469 545 2543 ἀνάλογος
570 2469 711 2525 ἐστιν
750 2472 778 2530 ἡ
813 2479 862 2526 Χ
892 2474 960 2534 ὡς
985 2479 1076 2524 τοῦ
1127 2480 1168 2525 Α
1212 2478 1311 2525 ΒΓ
1358 2478 1394 2523 Δ
1440 2474 1673 2544 κέντρου,
1722 2470 1889 2541 ὑπάρ-

303 2578 393 2631 χει
423 2556 764 2633 ὃὶὴΝΩτῇ
799 2562 1055 2624 ΑΒῖση,
1089 2558 1217 2612 ἀλλὰ
1247 2556 1315 2618 δὴ
1372 2558 1461 2611 καὶ
1488 2564 1689 2631 τῇΔΓ
1736 2556 1893 2629 ἀναγ-

304 2652 464 2700 καίως
506 2654 594 2699 καὶ
620 2652 676 2701 τὸ
716 2657 761 2703 Θ
791 2654 981 2723 κέντρῳ
1011 2650 1124 2701 ἐστι
1153 2657 1245 2701 τοῦ
1273 2656 1318 2702 Ν
1346 2656 1394 2700 Ω
1422 2654 1459 2699 Γ
1489 2655 1521 2699 Σ
1550 2652 1890 2720 τετραγώνου,

303 2732 481 2794 ἐπειδή
511 2740 568 2789 τὸ
599 2743 638 2790 Α
700 2742 833 2809 μέση
890 2736 1137 2808 ἀνάλογος
1165 2740 1278 2790 ἐστι
1310 2746 1372 2810 τῇ
1426 2744 1469 2790 Ν
1502 2744 1534 2788 Σ
1563 2736 1779 2806 πλευρᾷ.
1809 2733 1893 2793 Ὠς

297 2827 398 2898 γὰρ
428 2833 519 2877 τοῦ
571 2831 607 2878 Α
645 2832 681 2879 Β
710 2832 746 2878 Γ
775 2834 811 2880 Δ
839 2832 1161 2899 τετραγώνου
1192 2829 1223 2885 ἡ
1264 2834 1311 2879 Ν
1356 2834 1430 2888 Ως
1496 2822 1795 2898 διάμετρος,
1829 2823 1892 2884 ἧς

2063 513 2338 589 διάμετρος
2367 516 2427 576 ἧς
2464 516 2580 569 ἐστι
2616 520 2822 590 κέντρον
2852 520 2909 569 τὸ
2942 524 3007 571 Θ.
3039 516 3128 583 Ὠς
3169 518 3270 590 γὰρ
3298 518 3327 574 ἡ
3384 524 3435 570 Μ
3496 524 3542 570 Θ
3592 524 3653 589 τῇ

2060 605 2856 678 ΩΝἶση,οὖτωκαὶήΧΨτῇ
2894 611 3148 660 ΑΓ·καὶ
3178 607 3300 666 ώςὴ
3337 611 3373 657 Α
3408 611 3657 678 ΓτῇΝΣ

2059 698 2177 762 ἴση,
2208 695 2371 756 οὕτως
2397 700 2486 747 καὶ
2511 696 2540 753 η
2569 702 2617 747 Ω
2646 702 2685 749 Φ
2715 703 2776 768 τῇ
2806 702 2840 749 Σ
2871 702 2907 747 Ρ
2927 699 3017 747 καὶ
3044 697 3073 755 ἡ
3107 702 3155 748 Χ
3181 702 3227 749 Ψ
3246 693 3349 767 ἆρα
3375 695 3565 767 ὁμοίως
3589 703 3652 768 τῇ

2063 789 2107 836 Θ
2136 789 2208 837 Μ.
2242 782 2384 836 Ἐπεὶ
2416 786 2514 857 γὰρ
2548 786 2577 842 ἡ
2622 791 2660 837 Α
2713 790 2750 837 Β
2779 787 2869 842 ἴση
2901 782 3013 836 ἐστὶ
3051 791 3112 855 τῇ
3159 790 3206 836 Ν
3230 791 3262 835 Σ
3294 783 3420 835 ἀλλὰ
3446 788 3536 835 καὶ
3592 792 3652 856 τῇ

2061 878 2098 923 Β
2124 878 2180 937 Δ,
2208 877 2299 923 καὶ
2329 874 2358 930 ἠ
2386 879 2421 923 Β
2448 881 2483 925 Δ
2508 876 2598 930 ἴση
2628 872 2740 925 ἐστὶ
2772 882 2833 945 τῇ
2863 881 2898 925 Δ
2924 879 2982 939 Γ,
3012 877 3102 923 καὶ
3128 875 3157 930 ἡ
3188 880 3223 924 Δ
3262 878 3300 923 Γ
3328 876 3419 929 ἴση
3448 871 3558 924 ἐστὶ
3589 881 3651 945 τῇ

2062 967 2099 1012 Γ
2124 964 2190 1027 Α,
2216 966 2305 1013 καὶ
2327 963 2356 1019 η
2384 965 2593 1020 ΓΛῖση
2617 961 2727 1014 ἐστὶ
2749 970 2811 1034 τῇ
2842 969 2881 1015 Α
2910 968 2963 1025 Β,
2993 981 3083 1012 και
3113 960 3156 1013 εἰ
3174 969 3271 1021 τῆς
3292 968 3329 1013 Α
3359 964 3539 1022 Βῖσης
3558 964 3658 1014 πά-

2061 1069 2177 1111 σαις
2202 1049 2341 1103 ἐστίν
2367 1052 2397 1108 ἡ
2424 1058 2508 1105 ΝΣ
2532 1055 2625 1110 ἴση
2651 1053 2844 1111 πάσαις
2869 1050 2981 1103 ἐστί
3004 1056 3121 1111 ταῖς
3140 1053 3284 1111 ἴσαις
3312 1048 3467 1121 αὐτῇ.
3497 1050 3656 1102 Πάλιν

2060 1138 2241 1199 ἐπειδὴ
2276 1142 2306 1198 ἡ
2341 1148 2387 1193 Ν
2416 1148 2449 1194 Σ
2500 1144 2592 1198 ἴση
2626 1140 2739 1193 ἐστί
2774 1148 2837 1211 τῇ
2900 1146 2944 1195 Α
2994 1145 3032 1191 Β
3058 1136 3186 1205 ᾁλλὰ
3214 1158 3304 1189 και
3332 1140 3362 1196 ἠ
3396 1145 3429 1190 Σ
3487 1145 3525 1191 Φ
3562 1142 3652 1196 ἴση

2443 1258 3313 1895 5

2057 1950 2271 2020 ἑστίτῇ
2336 1956 2467 2015 ΡΩ,
2517 1952 2736 2019 καιήΡ
2798 1952 2966 2025 Ωἴση
3026 1950 3323 2023 iamier
3371 1953 3436 2016 Ν,
3478 1963 3567 1995 χαι
3620 1942 3650 1999 ἡ

2055 2042 2102 2088 Ν
2131 2043 2179 2087 Ω
2213 2039 2304 2095 ἴση
2338 2030 2536 2112 ἐστί’τῇ
2569 2047 2615 2092 Ν
2657 2047 2690 2092 Σ
2721 2042 2765 2092 εἴ
2804 2047 2895 2100 τῆς
2939 2045 2985 2093 Ν
3042 2046 3074 2091 Σ
3128 2041 3220 2096 ἴση
3270 2037 3387 2099 ἐστί
3436 2036 3651 2103 πάσαις,

2054 2125 2086 2182 ἠ
2143 2130 2182 2177 Δ
2235 2132 2271 2178 Β
2298 2129 2389 2185 ἴση
2422 2126 2535 2181 ἐστί
2591 2130 2707 2190 ταῖς
2752 2131 2899 2201 ἴσαις
2951 2127 3104 2201 αὐτῇ.
3149 2130 3252 2181 Καὶ
3309 2124 3419 2195 ἐπεί
3459 2125 3513 2187 αἱ
3558 2127 3651 2172 τοῦ

2056 2218 2094 2265 Α
2130 2220 2166 2266 Β
2208 2220 2246 2273 Γ
2275 2223 2310 2267 Δ
2372 2222 2696 2289 τετραγώνου
2752 2217 2969 2291 πλευραί
3024 2212 3137 2269 ἶσαὶ
3220 2214 3323 2267 εἰσι
3396 2218 3512 2273 ταῖς
3558 2217 3651 2262 τοῦ

2054 2310 2096 2357 Ν
2126 2310 2158 2356 Σ
2187 2311 2311 2375 ΡΩ,
2346 2323 2437 2356 και
2490 2313 2654 2357 ταῦτα
2707 2302 2798 2371 ἶσοὶ
2863 2303 2994 2360 ἔστι.
3039 2307 3118 2381 "1‘61
3167 2306 3267 2383 γὰρ
3310 2298 3402 2354 ἶσα
3445 2301 3653 2369 τεθέντα

2052 2395 2206 2455 ἴσοις,
2242 2396 2408 2459 πάντα
2433 2390 2527 2446 ἶσά
2562 2392 2695 2461 ἔστι,
2749 2414 2840 2445 και
2869 2394 2936 2444 ὧν
2976 2388 3070 2445 ἶσα
3096 2395 3161 2445 τὰ
3186 2395 3314 2466 μέρη
3367 2409 3457 2441 και.
3485 2394 3653 2441 ταῦτα

2054 2478 2147 2535 ἷσοὲ
2175 2480 2309 2551 ἔστι,
2339 2502 2430 2534 και
2482 2484 2537 2535 αἱ
2589 2479 2865 2557 διάμετροι
2909 2482 3074 2534 αὐτῶν
3115 2478 3228 2534 ἴσοιῖ
3284 2480 3387 2532 εἰσι
3441 2498 3533 2530 και
3586 2480 3653 2529 τὰ

2051 2575 2235 2645 κέντρα
2271 2571 2439 2623 αὐτῶν
2463 2574 2613 2632 ἴσους
2643 2574 2834 2643 ἔχουσι
2881 2575 3093 2634 τόπους,
3146 2589 3233 2621 και
3270 2572 3329 2620 1'6
3360 2576 3409 2622 X
3461 2568 3565 2638 ἄρα
3604 2574 3650 2619 Θ

2054 2660 2121 2719 εἰς
2194 2661 2247 2711 ὃν
2286 2660 2391 2713 εἰσι
2447 2665 2653 2733 κέντρα,
2703 2680 2795 2715 και
2848 2668 3016 2713 ταῦτα
3073 2658 3164 2711 ἶσά
3219 2657 3379 2712 ἐστιν.
3433 2664 3492 2709 Ἠ
3548 2658 3652 2727 ἄρα

2050 2755 2142 2799 τοῦ
2195 2754 2516 2823 τετραγώνου
2572 2746 2852 2822 διάμετρος
2906 2751 2936 2807 ἡ
2992 2747 3048 2800 ἐκ
3095 2755 3185 2808 τῆς
3236 2746 3475 2821 πλευρᾶς,
3537 2743 3650 2799 ἶσον

2051 2844 2124 2896 τῷ
2155 2837 2214 2889 οὗ
2277 2834 2337 2895 ἧν
2402 2844 2742 2911 τετραγώνου,
2801 2838 2923 2913 ὅπερ
2985 2835 3093 2890 ἔδει
3132 2834 3301 2901 δεῖξαι
3345 2858 3358 2870 ·
3412 2856 3501 2887 και
3538 2835 3648 2888 ἐπεί

269 3046 522 3113 ciuntur,
547 3046 671 3102 sive
688 3046 805 3103 sint
832 3046 1056 3113 circuli,
1088 3047 1211 3102 sive
1229 3047 1544 3118 quadrata.
1575 3048 1708 3101 Esto
1738 3049 1784 3098 Α
1816 3045 1853 3097 Β
1875 3043 1913 3097 C
1953 3044 1993 3099 C
2024 3039 2127 3095 dia
2146 3038 2612 3110 proportionalis
2641 3038 2917 3095 diametri
2943 3040 2987 3094 Ν
3018 3039 3084 3096 0.
3110 3042 3167 3092 et
3196 3041 3285 3092 est
3325 3036 3525 3092 media
3576 3034 3678 3091 illa

269 3137 311 3191 D
337 3136 721 3207 quadratum,
756 3152 941 3208 supra
960 3140 1269 3192 ostensum
1299 3143 1387 3191 est
1415 3138 1451 3189 Β
1478 3136 1517 3191 C
1554 3135 1915 3189 diametrum

267 3224 641 3279 constituisse
671 3227 708 3278 Β
738 3226 790 3278 Κ
815 3227 850 3280 L
890 3226 930 3280 C
952 3224 1336 3297 quadratum,
1386 3226 1560 3292 cujus
1601 3222 1755 3278 latus
1785 3220 1916 3291 ipsa

264 3313 775 3369 diametereﬂecta
788 3319 897 3377 est,
914 3314 1319 3370 Habetautem
1347 3313 1711 3387 quadratum
1728 3309 1912 3364 ABCD

266 3399 388 3455 duo
403 3401 721 3473 triangula,
742 3417 959 3475 nempe
984 3404 1026 3457 D
1055 3407 1092 3458 Β
1115 3405 1153 3458 C
1169 3409 1225 3459 et
1240 3405 1289 3457 Α
1311 3406 1350 3459 Β
1371 3404 1429 3459 C.
1453 3407 1525 3458 At
1550 3400 1913 3474 quadratum

267 3490 305 3542 Β
334 3490 381 3544 Κ
415 3491 452 3544 L
490 3492 530 3545 C
560 3490 743 3546 habet
770 3497 1029 3563 quatuor
1058 3492 1357 3562 triangula
1386 3490 1663 3563 aqualia.
1696 3502 1915 3559 nempe

262 3578 706 3649 DBK,DLK,
758 3582 800 3635 Ι)
852 3582 891 3636 C
942 3580 1069 3649 L,D
1111 3582 1241 3638 CB.
1289 3582 1555 3646 Quorum
1609 3578 1731 3634 duo
1777 3580 1915 3631 sunt

260 3665 522 3737 aqualia
541 3666 780 3722 duobus
809 3666 923 3723 illis
942 3683 1078 3739 qua
1100 3668 1243 3724 illud
1261 3668 1533 3739 superius
1549 3665 1914 3739 quadratum

260 3754 647 3811 constituunt.
676 3756 855 3826 Cujus
883 3772 1025 3813 vero
1046 3763 1304 3828 quatuor
1332 3761 1529 3828 partes
1552 3761 1689 3810 sunt
1714 3760 1909 3820 tanta,

259 3843 548 3900 utharum
571 3845 705 3900 dua
719 3845 959 3901 duabus
970 3845 1234 3902 dimidiis
1246 3845 1519 3917 partibus
1532 3844 1785 3914 alicujus
1798 3842 1915 3898 sint

258 3934 547 4003 aquales,
563 3938 721 3989 certe
736 3937 924 3991 totum
943 3934 1089 3995 illud
1110 3940 1202 3997 est
1222 3933 1475 4007 duplum
1496 3932 1697 4004 hujus.
1722 3934 1912 3998 Quare

258 4020 624 4091 quadratum
649 4025 686 4078 Β
718 4025 764 4079 Κ
792 4024 829 4081 L
860 4024 901 4076 C
928 4027 1017 4078 est
1036 4022 1291 4096 duplum
1332 4021 1613 4095 quadrati
1640 4028 1687 4079 Α
1709 4021 1749 4073 Β
1780 4022 1818 4075 C
1841 4021 1908 4083 ι).

260 4110 559 4181 Diumeter
603 4126 746 4181 ergo
803 4111 1160 4180 angulorum
1199 4111 1477 4184 quadrati
1525 4110 1777 4182 duplum
1822 4110 1910 4182 ip—

259 4199 383 4254 sius
407 4198 684 4271 quadrati
714 4200 1018 4255 constituit
1044 4200 1425 4272 quadratum,
1454 4200 1617 4272 quod
1648 4198 1910 4273 oportuit

256 4286 691 4349 demonstrare.
708 4290 946 4360 Oportet
968 4304 999 4343 a
1010 4294 1167 4349 utem
1182 4290 1295 4345 hoc
1310 4292 1504 4362 ipsum
1518 4304 1592 4344 ex
1618 4287 1906 4343 confessis

2024 3127 2365 3200 quadratiA
2396 3120 2874 3182 BCDcentrum.
2916 3128 3015 3197 Est
3071 3129 3269 3182 autem
3332 3126 3461 3181 ΝΟ
3518 3123 3677 3180 linea

2023 3216 2272 3289 aqualis
2294 3214 2463 3270 linea
2486 3221 2527 3269 A
2559 3217 2616 3277 Β,
2640 3221 2696 3271 et
2727 3218 3015 3287 praterea
3041 3214 3213 3269 linea
3246 3215 3290 3268 D
3322 3214 3380 3279 C,
3405 3229 3673 3269 necessa-

2422 3336 3271 3901 η

2017 4024 2107 4079 rio
2128 4027 2169 4081 Τ
2192 4030 2459 4089 centrum
2484 4026 2592 4081 erit
2618 4024 2897 4101 quadrati
2920 4025 2964 4078 N
2988 4023 3031 4078 0
3072 4023 3108 4077 S
3158 4021 3225 4085 Ο.
3271 4022 3338 4075 Ut
3368 4017 3527 4075 enim
3556 4017 3598 4071 N
3624 4016 3667 4070 0

2018 4117 2108 4167 est
2137 4113 2428 4169 diameter
2447 4113 2722 4185 quadrati
2754 4120 2799 4167 A
2831 4114 2869 4167 Β
2901 4114 2940 4167 C
2960 4113 3021 4177 [),
3059 4108 3231 4179 cujus
3277 4112 3547 4163 centrum
3581 4108 3671 4169 est

2017 4204 2059 4256 P
2085 4219 2097 4257 :
2122 4202 2203 4257 ita
2227 4203 2529 4275 quoqueA
2560 4204 2599 4257 C
2630 4206 2717 4256 est
2755 4201 3040 4256 diameter
3090 4196 3365 4270 quadreti
3386 4198 3430 4251 N
3454 4196 3496 4250 Ο
3528 4195 3563 4250 S
3597 4194 3665 4262 Q,

2015 4291 2189 4363 cujus
2216 4299 2480 4347 centrum
2505 4296 2592 4347 est
2609 4293 2666 4345 T.
2699 4292 2765 4345 Ut
2794 4290 2954 4345 enim
2977 4291 3025 4345 Μ
3052 4291 3093 4353 Τ
3122 4286 3278 4343 linea
3309 4291 3398 4341 est
3420 4282 3669 4356 aqualis

256 4375 627 4448 apertissime
651 4375 978 4434 declarare.
1033 4377 1574 4435 Demonstrandum
1605 4381 1693 4433 est
1728 4376 1908 4445 igitur
1940 4395 1981 4449 ι)
2013 4380 2184 4437 linea
2216 4380 2338 4445 ΝΟ,
2358 4381 2438 4436 ita
2457 4395 2700 4451 quoque
2724 4379 2765 4432 P
2792 4382 2941 4435 Best
2956 4376 3207 4450 aqualis
3242 4375 3416 4431 linea
3445 4379 3492 4429 A
3517 4375 3578 4430 C.
3605 4375 3670 4428 Et

252 4465 421 4537 quod
446 4465 737 4521 diameter
764 4470 1061 4521 rectarum
1091 4465 1385 4522 linearum
1416 4468 1458 4521 N
1514 4467 1578 4533 Ο,
1627 4465 1907 4537 quadrati

253 4557 299 4609 Δ
332 4556 370 4608 Β
394 4556 433 4609 C
462 4556 525 4619 Ι),
559 4553 607 4617 si
636 4553 911 4610 ﬁatlatus
942 4555 1305 4627 quadratum
1321 4553 1551 4626 aquale
1582 4555 1906 4611 constituat

254 4642 306 4699 ei
337 4641 660 4715 quadrato,
684 4643 858 4714 cujus
886 4649 975 4699 est
999 4643 1309 4698 diameter.
1361 4642 1657 4707 Quoniam
1703 4648 1903 4699 autem

252 4734 296 4789 N
327 4739 417 4788 est
434 4732 702 4787 medium
726 4732 1003 4803 utrinque
1031 4731 1473 4804 proportionale
1491 4730 1690 4787 lateris
1712 4742 1754 4787 A
1781 4733 1819 4785 Β
1845 4734 1904 4787 in

250 4822 549 4894 quadrato
581 4826 624 4876 Α
648 4824 686 4878 Β
706 4824 745 4878 C
781 4825 841 4878 ι).
868 4824 1179 4878 Estautem
1201 4823 1243 4877 N
1269 4823 1311 4886 Ο
1335 4821 1584 4893 aqualis
1598 4821 1770 4878 linea
1794 4825 1902 4887 AB,

250 4917 318 4975 ut
334 4911 498 4983 prius
518 4910 992 4967 demonstratum
1014 4916 1124 4979 est,
1141 4925 1285 4966 sane
1302 4912 1348 4963 A
1365 4910 1632 4985 medium
1650 4911 1903 4983 alterum

248 4999 700 5071 proportionale
748 5001 860 5054 erit
936 4999 1109 5054 linea
1151 5000 1193 5064 Ο
1241 5002 1308 5053 Ν.
1363 4999 1662 5064 Quoniam
1703 5006 1900 5055 autem

249 5087 601 5143 diametriN
629 5088 978 5160 quadratiA
1020 5089 1060 5142 Β
1111 5089 1150 5142 C
1188 5089 1252 5153 Ι),
1309 5088 1597 5143 terminus
1647 5094 1733 5144 est
1786 5090 1829 5145 0
1886 5107 1898 5144 :

250 5180 393 5233 sunt
412 5181 613 5232 autem
637 5181 676 5232 C
705 5178 748 5230 D
770 5177 1004 5232 termini
1042 5176 1241 5232 lateris
1284 5182 1330 5231 Α
1362 5179 1422 5247 Β,
1473 5178 1581 5233 erit
1628 5179 1670 5234 0
1705 5177 1898 5233 simili-

246 5270 335 5321 ter
356 5267 627 5321 medium
647 5264 1093 5338 pr0portionale
1114 5265 1311 5319 lateris
1346 5269 1384 5320 D
1408 5266 1470 5321 Ο.
1508 5268 1571 5321 Et
1609 5267 1899 5340 quoniam

246 5353 511 5424 angulus
561 5354 796 5409 medius
878 5360 923 5409 A
988 5358 1078 5409 est
1148 5355 1651 5426 proportionnalis
1700 5356 1901 5411 lateris

244 5445 288 5499 Ν
324 5443 391 5511 Q,
432 5442 690 5512 angulus
746 5458 989 5514 quoque
1042 5443 1080 5497 C
1134 5443 1241 5497 erit
1288 5443 1523 5497 medius
1570 5446 1900 5516 proportio-

241 5530 397 5587 nalis
416 5531 584 5586 lateri
604 5533 649 5588 0
667 5533 724 5587 S.
751 5530 1101 5603 Equalihus
1121 5531 1281 5587 enim
1303 5532 1561 5603 aequalia
1590 5532 1638 5586 si
1668 5533 1900 5590 addan-

242 5626 340 5692 tur
358 5620 564 5677 omnia
589 5625 728 5676 sunt
753 5619 1029 5692 aqualia.
1062 5621 1359 5689 Quoniam
1387 5625 1591 5677 autem
1614 5623 1653 5675 P
1668 5625 1757 5677 est
1775 5638 1899 5679 me-

2014 4476 2077 4525 ut
2096 4475 2143 4525 Α
2166 4470 2211 4522 Β
2240 4476 2330 4524 est
2358 4468 2606 4541 aqualis
2628 4466 2799 4524 linea
2823 4470 2863 4524 Ν
2889 4469 2933 4533 Q
2960 4485 2972 4523 :
3007 4466 3089 4522 ita
3108 4480 3351 4539 quoque
3396 4464 3556 4520 linea
3583 4464 3666 4519 OS

2013 4564 2101 4621 est
2119 4557 2365 4630 aqualis
2385 4558 2554 4615 linea
2576 4558 2620 4623 Ο
2662 4559 2717 4614 S.
2762 4557 2939 4613 Linea
2987 4573 3128 4622 ergo
3153 4559 3191 4611 P
3230 4558 3274 4611 R
3296 4560 3384 4610 est
3420 4550 3668 4623 aqualis

2012 4647 2182 4703 linea
2212 4650 2253 4703 Τ
2283 4649 2354 4703 Μ.
2397 4650 2545 4703 Cum
2576 4647 2735 4702 enim
2769 4645 2929 4703 linea
2959 4647 3006 4700 A
3040 4650 3073 4701 Β
3117 4646 3189 4700 sit
3218 4642 3467 4716 aqualis
3494 4641 3665 4697 linea

2012 4739 2055 4797 N
2089 4738 2131 4802 Ο
2180 4742 2360 4808 atque
2401 4738 2580 4792 etiam
2616 4735 2789 4792 linea
2836 4736 2876 4791 Β
2927 4738 2992 4801 0,
3036 4735 3193 4791 linea
3236 4746 3478 4803 quoque
3520 4732 3559 4795 Β
3621 4730 3663 4783 D

2012 4826 2119 4882 erit
2141 4825 2391 4897 aqualis
2419 4824 2589 4880 linea
2613 4828 2654 4881 υ
2679 4827 2741 4893 C,
2771 4830 2828 4881 et
2854 4825 3010 4883 linea
3040 4824 3084 4889 Ι)
3122 4826 3160 4877 C
3203 4819 3452 4891 aqualis
3494 4817 3664 4881 linea

2014 4916 2053 4969 C
2082 4920 2148 4982 Α,
2178 4919 2235 4970 et
2262 4913 2420 4970 linea
2440 4914 2479 4966 (ἒ
2517 4917 2563 4966 Α
2592 4912 2841 4983 aqualis
2857 4912 3028 4967 linea
3048 4917 3090 4965 Α
3115 4912 3172 4963 Β.
3229 4905 3399 4972 Quod
3440 4906 3488 4961 si
3507 4905 3666 4962 linea

2012 5001 2055 5056 N
2118 5004 2161 5067 Q
2212 5001 2383 5056 linea
2447 5008 2493 5056 A
2554 5001 2596 5052 Β
2649 5006 2736 5055 est
2783 4999 3054 5071 aqualis,
3110 4995 3357 5068 aqualis
3409 5002 3497 5051 est
3539 5011 3662 5052 om-

2010 5091 2190 5146 nibus
2210 5091 2347 5145 huic
2368 5088 2721 5161 aqualibus.
2751 5090 2975 5142 Rursus
3004 5086 3296 5158 quoniam
3349 5084 3508 5141 linea
3546 5088 3587 5140 N
3621 5088 3664 5141 G

2010 5185 2099 5235 est
2125 5178 2376 5251 aqualis
2405 5178 2573 5232 lineae
2624 5182 2668 5230 Α
2718 5179 2754 5230 Β
2804 5192 2817 5242 ;
2864 5181 3155 5247 praterea
3202 5175 3361 5231 linea
3408 5175 3452 5240 Ο
3502 5176 3537 5230 S
3577 5180 3666 5230 est

2010 5268 2262 5341 aqualis
2288 5268 2457 5322 linea
2496 5268 2533 5320 S
2559 5267 2627 5335 0,
2650 5271 2707 5321 et
2737 5268 2772 5321 S
2805 5266 2848 5322 Ο
2896 5264 3145 5337 aqualis
3174 5270 3266 5321 est
3303 5264 3477 5321 linea
3528 5263 3571 5318 Ο
3617 5266 3659 5318 Ν

2011 5364 2067 5413 et
2089 5358 2243 5413 linea
2267 5358 2310 5413 Ο
2334 5358 2376 5411 Ν
2404 5354 2655 5427 aqualis
2694 5360 2782 5410 est
2818 5354 2991 5410 linea
3034 5357 3077 5410 Ν
3106 5355 3187 5421 Q:
3229 5354 3272 5410 si
3320 5354 3478 5410 linea
3528 5357 3573 5408 Α
3626 5355 3663 5407 Β

2010 5448 2258 5519 aqualis
2288 5453 2378 5501 est
2401 5445 2568 5500 linea
2592 5447 2633 5499 Ν
2677 5445 2744 5512 Q,
2772 5450 2836 5513 ut
2860 5450 2949 5500 est
3003 5444 3250 5516 aqualis
3304 5450 3390 5499 est
3418 5457 3664 5513 quoque

2008 5538 2292 5594 omnibus
2326 5541 2383 5591 et
2410 5534 2660 5606 aqualis
2681 5533 2966 5603 omnibus
3029 5534 3144 5605 ipsi
3198 5530 3551 5603 aqualibus.
3596 5532 3662 5584 Et

2006 5626 2297 5715 quoniam
2315 5623 2503 5681 latera
2521 5621 2799 5711 quadrati
2815 5625 2864 5691 Α
2886 5624 2923 5675 Β
2945 5620 2985 5693 β
3016 5619 3063 5674 D
3088 5624 3226 5676 sunt
3240 5615 3498 5707 aqualia
3519 5616 3659 5674 late-
