4066 6212
274 315 410 374 1877

301 442 389 493 τὸν
422 445 466 492 Π
489 444 536 491 Θ
564 434 911 512 προσελάϐετο
966 436 1152 492 κύκλον
1203 439 1252 493 ἓν
1304 441 1456 513 ἑαυτῇ
1516 439 1895 515 περιγράψασα

298 534 369 592 ὡς
387 530 571 582 τούτου
599 523 1042 602 δώμέτρος,ἡὸ“ὲ
1089 537 1137 585 Ν
1181 539 1229 584 Ω
1275 528 1337 593 ἧς
1387 535 1478 584 καὶ
1523 529 1686 593 αὐτῆς
1735 535 1892 604 μέσον

296 622 356 673 τὸ
397 626 445 672 Χ
466 620 552 670 τὸν
581 623 622 669 Τ
651 623 702 670 Μ
736 633 748 646 ⁸
780 616 887 670 ἐπεὶ
914 635 1086 670 τοινυν
1132 621 1163 678 ἡ
1219 627 1255 672 Β
1293 625 1332 672 Γ
1382 615 1660 673 διπλάσιον
1708 622 1894 692 τετρά-

295 727 459 781 γωνον
485 713 642 776 ποιεῖ,
669 706 730 759 οὗ
761 705 870 759 ἐστι
891 702 1188 782 διάμετρος,
1237 712 1296 762 τὸ
1343 711 1444 783 γὰρ
1495 707 1596 762 ἀπὸ
1652 717 1748 772 τῆς
1800 716 1893 762 τοῦ

296 802 620 873 τετραγώνου
679 791 963 869 διαμέτρου
1019 801 1346 873 καταγραφεν
1412 799 1730 872 τετράγωνον
1813 794 1894 852 δι-

296 887 517 941 πλάσιον
528 885 663 955 ἐστὶ,
688 893 781 938 τοῦ
807 886 868 939 οὗ
889 886 1001 940 ἐστι
1018 884 1298 962 διάμετρος
1323 890 1352 948 ἡ
1375 895 1529 942 τοῦτο
1553 894 1718 949 συστὴ
1729 909 1891 960 σασα,

297 979 327 1036 ἠ
386 973 448 1032 δι
493 975 616 1051 παρ’
664 976 809 1049 ἡμῶν
855 974 1208 1051 ὀνομαζομένη
1259 973 1534 1054 διάμετρος
1590 978 1681 1038 ἳση
1759 978 1896 1032 οὖσα

1418 1219 1470 1270 θ

840 1406 881 1460 Π
1496 1426 1542 1478 e

917 1645 1027 1713 "s.

293 1961 409 2008 οὔτε
433 1960 601 2008 πᾶσαι
629 1953 846 2030 πλευραὶ
883 1955 1113 2008 τεθεῖσαί
1177 1960 1291 2007 ῖσον
1330 1955 1496 2026 τούτῳ
1548 1959 1762 2008 ποιοῦσι
1807 1971 1888 2006 τε·
1949 1954 1988 2009 Β

289 2047 572 2120 τράγωνον,
629 2042 746 2096 οὔτε
791 2050 964 2096 πᾶσαι
1022 2047 1094 2116 μὴ
1152 2039 1284 2115 ἴσον,
1344 2043 1462 2097 οὔτε
1531 2049 1701 2096 πᾶσαι
1763 2045 1888 2096 ἴσων

287 2133 485 2186 κύκλων
530 2135 763 2207 ὑπάρχει
812 2129 1106 2207 διάμετροι·
1165 2134 1300 2185 κατὰ
1337 2135 1425 2186 τὸν
1477 2131 1633 2186 αὐτὸν
1691 2128 1752 2186 δὲ
1805 2131 1888 2186 )6-

285 2241 377 2294 γον
405 2219 528 2276 ούδέ
554 2229 778 2295 σφαῖραν
840 2227 1011 2274 πᾶσαι
1043 2221 1161 2280 ὶσην
1206 2225 1468 2294 ποίοῦσιν,
1523 2220 1654 2276 ἀλλὰ
1692 2225 1746 2276 αἱ
1795 2225 1886 2296 μὶν

285 2312 518 2385 μείζονα,
553 2307 694 2365 αἰδὲ
715 2310 979 2381 ἐλάττονα,
1027 2308 1206 2370 ἐπειδὴ
1275 2317 1366 2365 καὶ
1420 2313 1451 2371 ἡ
1509 2320 1604 2377 τῆς
1662 2315 1888 2388 σφαίρας

285 2403 422 2454 κατὰ
475 2400 698 2462 κύκλους
754 2403 895 2454 ἐστὶν
951 2402 1238 2473 ἐπιφάνεια,
1272 2401 1303 2460 ἧ
1349 2419 1404 2454 τε
1445 2402 1616 2456 θεῖσαι
1659 2405 1716 2455 αἰ
1794 2409 1886 2456 τοῦ

286 2495 609 2564 τετραγώνου
667 2485 942 2566 διάμετροι
1009 2489 1280 2551 ε’λαττονας
1344 2493 1432 2542 καὶ
1481 2491 1726 2564 μείζονας
1773 2511 1887 2544 ποι-

291 2584 485 2638 ήσουσι
513 2584 736 2656 σφαίρας
769 2581 838 2642 ὡς
867 2584 956 2632 καὶ
975 2578 1214 2648 κύκλους,
1247 2578 1382 2632 ὥστε
1408 2577 1515 2652 οὐχ
1562 2582 1631 2644 ὡς
1682 2580 1749 2642 εἰς
1801 2584 1885 2633 τόν

293 2666 478 2720 κύκλον
500 2673 587 2722 καὶ
615 2673 708 2728 τὴν
738 2676 962 2743 σφαῖραν
989 2672 1046 2721 τό
1077 2664 1214 2730 εἶδος
1253 2663 1556 2727 εἰδοποίησε
1600 2673 1696 2730 τὴν
1737 2667 1884 2740 ὓλην,

289 2755 452 2819 οὕτως
487 2761 576 2811 καὶ
603 2757 670 2821 εἰς
696 2758 839 2827 αύτο,
881 2761 999 2811 οὔτε
1037 2760 1108 2820 εἰς
1164 2760 1214 2810 ἓν
1273 2756 1459 2833 ἓτερον·
1522 2759 1588 2811 τά
1632 2761 1734 2832 γάρ
1793 2767 1884 2812 τοῦ

1169 305 1523 374 ΤΗΕΟΒΟΒΙ
1552 315 1598 372 ιι
1627 314 1760 371 1MP.
1795 302 1884 401 pr.
1913 303 2364 375 couMUNIONE
2395 307 2764 377 NATURALi.

3543 277 3682 379 18.78

2055 439 2270 514 πλευρά,
2299 443 2412 497 ῖσον
2431 447 2521 498 καὶ
2549 443 2872 518 καταγράφει
2897 443 3211 519 τετράγωνον
3250 439 3310 495 οὖ
3364 445 3477 496 ἐστι
3536 441 3653 496 διάη

2055 549 2239 606 μετ-ρος
2266 536 2324 585 τό
2355 529 2415 586 δὲ
2445 530 2723 588 διπλασιον
2742 541 2835 588 τοῦ
2862 535 3094 607 ἡμίσεως
3121 532 3314 606 μεῖξον,
3344 519 3434 586 και
3464 532 3519 595 ὃς
3545 534 3651 608 ἄρα

2054 619 2244 684 κύκλος
2269 623 2628 699 συμπεριλαϐη
2659 628 2753 683 τὴν
2773 623 2987 699 μείζονα
3014 619 3292 699 διαμετρον
3339 621 3408 686 εἰς
3461 622 3654 676 οἰκείαν

2057 706 2354 788 διαμετρον,
2385 713 2439 776 ἐξ
2465 711 2697 786 ἂναγκης
2724 714 2910 786 μείζων
2959 717 3073 766 ἐστί
3121 718 3214 765 τοῦ
3268 715 3363 771 τὴν
3412 711 3656 766 ἔλαττονα

2057 799 2526 873 συμπεριλαϐόντος
2567 801 2635 864 εἰς
2677 806 2869 855 οικείαν
2907 797 3187 876 διάμετρον
3220 817 3232 831 '
3275 801 3302 852 ὁ
3361 798 3466 875 ἄρα
3513 807 3556 853 Π
3607 808 3652 854 Θ

2053 887 2256 960 κύκλος,
2284 889 2310 940 ὁ
2339 894 2430 949 τὴν
2457 897 2494 943 Β
2523 896 2561 944 Γ
2587 890 2776 959 λαϐὼν,
2817 891 3009 965 μείζων
3055 893 3169 944 ἐστί
3219 897 3311 944 τοῦ
3362 893 3457 949 τὴν
3507 895 3553 942 Ν
3607 895 3656 942 Ω

2056 975 2300 1041 λαϐόντος
2350 985 2392 1033 Τ
2442 987 2514 1036 Μ.
2561 983 2627 1034 Ai
2678 980 2782 1055 ἄρα
2831 987 2923 1034 τοῦ
2997 985 3316 1057 τετραγώνου
3380 975 3653 1052 διαμετροι

2693 1147 2748 1201 N

2697 1805 2747 1861 Ω

2049 1953 2240 2008 κύκλου
2270 1957 2401 2030 μέρη
2435 1952 2530 2007 ἶσα
2547 1971 2740 2022 παντα,
2761 1971 2851 2006 και
2899 1953 3001 2007 ὅσα
3050 1953 3110 2006 ἂν
3163 1963 3382 2011 ποιῶσιν
3429 1960 3484 2012 αἱ
3530 1960 3651 2010 τού-

2047 2047 2138 2098 τὸῦ
2171 2041 2463 2118 διαμετροι,
2500 2040 2592 2096 ἶσα
2630 2046 2789 2112 ἐστιν,
2826 2043 2897 2104 ὡς
2931 2039 3172 2116 ἐδείχθη,
3231 2048 3287 2098 αἱ
3335 2043 3393 2100 δὲ
3433 2056 3527 2101 τοῦ
3577 2067 3656 2101 τε·

2049 2141 2318 2208 τραγώνου
2341 2136 2458 2187 οὔτε
2480 2132 2620 2186 αὐτῶ
2675 2138 2786 2184 ῖσον
2837 2138 3008 2185 πᾶσαι
3050 2141 3290 2188 ποιοῦσιν
3333 2136 3359 2188 ὃ
3410 2145 3652 2190 ποιοῦσιν

2050 2225 2167 2276 οὔτε
2186 2228 2256 2298 μὴ
2283 2221 2416 2290 ἶσον,
2451 2220 2561 2275 ἀλλ’
2591 2222 2646 2274 αἰ
2674 2225 2765 2294 μὲν
2792 2217 2925 2288 ἶσον,
2959 2222 3016 2274 αἱ
3051 2218 3111 2275 δὲ
3167 2223 3260 2276 οὐκ
3303 2233 3434 2282 ἶσον.
3489 2233 3652 2280 Τοῦτο

2051 2309 2110 2366 δί
2138 2333 2229 2366 και
2261 2313 2328 2375 εἰς
2353 2312 2514 2384 ἔτερα,
2551 2312 2717 2372 καθὼς
2749 2307 2797 2362 ἓν
2853 2311 2959 2372 τοῖς
3013 2310 3222 2376 κύκλοις
3287 2311 3531 2388 ἐδείχθη.
3583 2319 3654 2369 Τὸ

2048 2402 2153 2475 ἄρα
2183 2398 2324 2464 εἶδος
2361 2405 2661 2476 κρειττόνως
2716 2403 2810 2459 τὴν
2860 2397 2987 2458 ὓλην
3055 2407 3276 2475 σφαῖραν
3333 2409 3421 2456 καὶ
3466 2403 3653 2457 κύκλον

2048 2492 2080 2553 ἣ
2135 2493 2454 2567 τετράγωνον
2503 2487 2833 2560 εἰδοποίησε,
2882 2494 2972 2542 καὶ
3027 2486 3250 2563 ἐδείχθη
3318 2476 3487 2555 κ’ἆθὼς
3545 2493 3656 2549 ἔδει

2048 2588 2202 2635 τοῦτο
2241 2577 2544 2655 δειχθῆναι.
2587 2586 2754 2633 Τοῦτο
2777 2575 2837 2632 δὲ
2865 2584 2956 2632 καὶ
3011 2577 3096 2632 ἰπὶ
3142 2588 3236 2633 τοῦ
3281 2589 3533 2658 τριγώνου
3566 2591 3657 2639 καὶ

2049 2671 2274 2726 πάντων.
2312 2676 2465 2724 Ἐστι
2493 2665 2553 2722 δε
2590 2667 2772 2729 οὓτως.
2812 2669 2868 2720 αἱ
2918 2675 3011 2720 τοῦ
3072 2675 3324 2742 τριγώνου
3381 2667 3657 2748 διάμετροι

2049 2761 2105 2813 αἱ
2131 2759 2186 2812 ἐκ
2208 2767 2301 2814 τοῦ
2331 2763 2540 2833 κέντρου
2593 2761 2680 2812 καὶ
2730 2759 2892 2832 μέσου
2963 2753 3326 2833 διερχόμεναι²
3367 2761 3412 2814 εἰ
3457 2765 3654 2818 τεθῶσι

260 2936 597 3004 terminata,
620 2936 783 3010 ipsas
815 2936 1057 3010 copulat
1076 2938 1142 2992 ut
1179 2935 1218 2991 Β
1247 2937 1306 3002 C,
1334 2935 1597 2993 maxime
1621 2952 1765 2994 vero
1779 2953 1916 3012 pro-
1947 2939 1987 2997 C
2025 2937 2341 3008 diametro,
2372 2935 2628 3010 duplum
2658 2939 2750 2993 est
2773 2934 2927 2992 illius
2948 2936 3226 3010 quadrati
3261 2937 3430 3009 cujus
3449 2943 3538 2996 est
3564 2941 3686 2997 dia-

257 3025 390 3100 pria
419 3033 474 3083 et
498 3025 649 3083 inter
677 3041 888 3083 omnes
923 3024 1138 3098 prima,
1163 3027 1288 3080 utX
1315 3026 1376 3091 T,
1405 3039 1540 3098 qua:
1587 3030 1674 3082 est
1718 3042 1918 3100 aequa-

258 3115 330 3172 lis
359 3115 643 3171 omnibus
680 3115 990 3171 diametris
1013 3111 1216 3169 circuli
1264 3112 1443 3182 illius,
1481 3113 1650 3185 cujus
1679 3119 1766 3170 est
1795 3115 1919 3172 dia-

261 3211 464 3260 meter.
501 3204 640 3260 Dico
696 3203 874 3274 igitur
932 3201 1288 3259 diametrum
1319 3201 1362 3255 B
1415 3204 1476 3272 C,
1535 3202 1706 3274 cujus
1754 3205 1794 3259 X
1832 3205 1921 3259 est

259 3293 528 3351 medium
559 3291 848 3350 circulum
879 3295 918 3348 P
957 3291 1000 3346 Τ
1061 3289 1584 3364 circumscriptum
1623 3291 1917 3364 majorem

261 3399 573 3440 assumere
604 3381 824 3438 circulo
851 3383 892 3436 T
916 3383 985 3450 Μ,
1005 3396 1187 3453 quem
1227 3379 1479 3437 assumit
1500 3380 1780 3436 diameter
1805 3383 1848 3436 N
1874 3384 1918 3439 Ο

263 3473 436 3545 cujus
458 3471 725 3528 medium
747 3469 951 3526 itidem
977 3473 1065 3525 est
1091 3469 1144 3524 ll.
1183 3468 1480 3534 Quoniam
1505 3469 1683 3539 igitur
1697 3469 1920 3527 diame-

263 3571 348 3624 ter
370 3562 738 3640 quadratum
767 3559 1070 3616 constituit
1098 3558 1352 3631 duplum
1406 3557 1581 3630 illius,
1635 3558 1806 3630 cujus
1836 3565 1926 3618 est

277 3657 560 3721 Eameter
589 3652 756 3724 (nam
780 3646 1142 3722 quadratum
1170 3646 1532 3720 descriptum
1560 3663 1598 3705 a
1645 3649 1927 3722 quadrati

1394 3879 1452 3937 θ

927 4359 979 4409 *1

2025 3033 2212 3084 meter
2235 3043 2307 3083 ex
2345 3042 2470 3099 qua
2494 3025 2770 3082 effectum
2795 3023 2926 3094 est).
2980 3025 3053 3102 At
3095 3024 3196 3081 illa
3236 3025 3531 3084 diamater
3549 3044 3685 3101 quae

2026 3116 2202 3172 nobis
2235 3114 2449 3170 dicitur
2475 3112 2720 3186 azqualis
2760 3113 2928 3169 lateri
2967 3111 3247 3185 qnadrati
3302 3113 3416 3170 illis
3446 3117 3574 3187 ejus
3601 3123 3688 3174 est

2027 3204 2333 3275 diameter,
2389 3202 2756 3276 quadratum
2821 3201 3122 3258 constituit
3186 3203 3419 3275 aequale
3463 3204 3546 3262 illi
3583 3223 3685 3262 cu-

2024 3294 2125 3366 jus
2192 3299 2280 3350 est
2350 3293 2658 3349 diameter.
2719 3290 2896 3364 Atqui
2963 3290 3219 3364 duplum
3287 3297 3376 3350 est
3435 3293 3686 3353 dimidio

2029 3384 2256 3455 majus.
2293 3381 2560 3439 Circulus
2612 3395 2776 3451 ergo,
2827 3379 2929 3452 qui
2971 3380 3267 3453 majorem
3323 3381 3686 3443 diametrum

2032 3471 2490 3545 comprehendit
2511 3475 2568 3527 et
2588 3469 2704 3526 sibi
2723 3469 3164 3542 accommodat,
3194 3473 3531 3530 necessario
3559 3491 3685 3531 ma.

2029 3562 2126 3634 jor
2163 3565 2251 3619 est
2283 3559 2503 3618 circulo
2547 3558 2649 3616 illo
2702 3559 2807 3632 qui
2859 3557 3155 3615 minorem
3209 3562 3684 3635 comprehendit,

2035 3655 2093 3709 et
2121 3651 2232 3708 sibi
2253 3649 2677 3708 accommodat
2699 3649 3080 3706 diametrum.
3111 3649 3374 3708 Circulus
3429 3666 3571 3726 ergo
3591 3655 3686 3709 PT

2967 3907 3015 3953 0

2441 4315 2508 4375 ὅ

264 4571 374 4645 qui
394 4571 686 4644 majorem
707 4572 1160 4646 comprehendit
1175 4573 1539 4631 diametrum
1570 4577 1615 4629 A
1637 4575 1700 4642 Β,
1721 4571 1919 4644 major
1947 4574 1992 4629 D
2027 4574 2087 4628 et
2105 4583 2480 4643 quacunque
2531 4570 2800 4630 efﬁciunt
2853 4570 3058 4630 circuli
3113 4567 3388 4628 diametri
3434 4567 3688 4641 aequalia

265 4668 362 4720 est
398 4661 620 4719 circulo
647 4665 686 4718 P
710 4665 780 4733 Μ,
811 4663 914 4736 qui
946 4666 988 4720 N
1022 4665 1066 4721 Ο
1122 4667 1419 4721 minorem
1469 4663 1741 4722 assumit.
1789 4664 1923 4719 Non

266 4767 480 4808 omnes
509 4767 650 4824 ergo
694 4751 974 4809 diametri
1016 4754 1450 4826 quadratorum
1479 4752 1667 4810 latera
1699 4752 1922 4810 effectae

266 4839 830 4914 aequaliaquadrata
847 4840 1125 4912 etﬁciunt,
1142 4857 1337 4914 neque
1349 4857 1561 4898 omnes
1576 4841 1919 4914 inaequalia,

263 4946 465 5004 neque
494 4945 704 4986 omnes
728 4929 1053 5003 aequalium
1075 4930 1433 4988 circulorum
1451 4934 1589 4989 sunt
1605 4929 1877 4988 diametri
1900 4953 1918 5006 ς

267 5038 342 5080 ex
372 5019 586 5077 eadem
613 5019 841 5076 ratione
870 5034 992 5075 non
1026 5035 1237 5076 omnes
1272 5020 1576 5092 sphzeram
1624 5018 1923 5092 aequalem

267 5111 556 5176 efﬁciunt,
591 5106 696 5162 sed
723 5108 938 5180 partim
959 5108 1274 5180 majorem,
1331 5109 1552 5181 partim
1600 5108 1916 5166 minorem.

267 5199 568 5268 Quoniam
599 5199 800 5252 autem
857 5197 1105 5270 sphaera;
1147 5196 1494 5270 superficies
1555 5213 1627 5254 ex
1683 5195 1920 5254 circulis

269 5293 508 5348 constat
542 5285 820 5343 diametri
849 5286 1283 5358 quadratorum
1332 5285 1566 5343 circulis
1585 5301 1925 5343 accommo-

267 5377 446 5449 datie,
467 5375 732 5446 majores
755 5378 812 5430 et
840 5374 1101 5431 minores
1131 5375 1400 5448 sphaeras
1425 5375 1693 5432 efﬁciunt
1719 5380 1785 5432 ut
1813 5376 1922 5431 cir-

233 5465 459 5528 .culos.
491 5466 686 5530 Quare
710 5477 832 5518 non
887 5462 970 5520 ita
1017 5462 1212 5522 forma
1263 5465 1582 5522 materiam
1637 5463 1841 5520 circuli
1865 5467 1927 5522 et

270 5557 523 5631 sphaerae
543 5551 988 5620 iuformavit,ut
1006 5553 1118 5611 sibi
1139 5557 1196 5611 et
1223 5553 1354 5612 aliis
1382 5553 1593 5625 ﬁguris
1606 5552 1920 5623 haberent,

269 5643 440 5720 quod
447 5639 855 5703 habent.Nam
867 5640 1064 5701 circuli
1078 5648 1280 5716 partes
1291 5646 1644 5703 suntomnes
1659 5640 1927 5717 aequales

2032 4662 2192 4728 sunt,
2219 4663 2284 4716 ut
2298 4657 2782 4716 demonstratum
2803 4664 2908 4717 est.
2928 4665 3000 4718 At
3024 4675 3147 4718 non
3178 4674 3388 4717 omnes
3410 4655 3687 4730 quadrati

2033 4747 2312 4805 diametri
2329 4747 2562 4820 aequale
2577 4748 2743 4821 quod
2758 4749 3008 4818 faciunt,
3031 4749 3392 4822 quadratum
3403 4743 3686 4800 reddunt-

2033 4851 2232 4910 neque
2266 4835 2565 4909 inaequale
2595 4834 2702 4892 sed
2731 4836 2948 4908 partim
2984 4835 3233 4908 aequale,
3273 4832 3493 4905 partim
3549 4830 3690 4887 inae~

2034 4925 2236 4999 quale.
2267 4932 2457 4998 Atque
2471 4925 2628 4981 hanc
2650 4940 2825 4980 suam
2851 4923 3273 4996 proprietatem
3300 4919 3430 4977 aliis
3445 4934 3689 4992 quoque

2033 5016 2245 5087 ﬁguris
2261 5014 2730 5082 communicant,
2745 5017 2810 5068 ut
2827 5013 2886 5067 in
2903 5010 3138 5068 circulis
3157 5008 3490 5082 majoribus
3507 5013 3565 5065 et
3579 5009 3687 5066 mi-

2033 5105 2288 5162 noribus
2306 5103 2782 5160 demonstratum
2811 5104 2922 5156 est.
2957 5101 3167 5157 Forma
3194 5114 3336 5170 ergo
3375 5098 3688 5156 materiam

2034 5194 2198 5266 globi
2232 5199 2289 5250 et
2307 5191 2510 5250 circuli
2530 5189 2925 5264 prcestantiori
2942 5187 3148 5259 modo,
3171 5205 3358 5262 quam
3375 5188 3688 5246 materiam

2033 5282 2320 5358 quadrati
2343 5279 2701 5338 informavit.
2727 5281 2917 5350 Atque
2937 5278 3054 5334 hoc
3099 5281 3579 5336 demonstratum
3601 5280 3690 5332 est

2033 5389 2111 5431 eo
2136 5370 2342 5441 modo,
2365 5385 2489 5444 quo
2503 5367 3047 5425 demonstrandum
3067 5367 3196 5424 fuit.
3229 5367 3402 5434 Quod
3417 5366 3596 5423 etiam
3627 5364 3690 5419 in

2035 5461 2339 5533 triangulo
2359 5456 2663 5517 observari
2684 5459 2880 5530 potest
2907 5460 2964 5514 et
2993 5455 3054 5513 in
3078 5457 3363 5513 omnibus
3379 5454 3512 5512 aliis
3535 5453 3689 5523 ﬁgu-

2037 5553 2143 5610 ris.
2174 5557 2256 5608 Ac
2279 5551 2441 5608 hunc
2467 5547 2530 5605 in
2558 5545 2811 5605 modum
2839 5545 3397 5616 demonstratratur,
3453 5557 3589 5615 quas
3616 5555 3692 5597 ex

2038 5644 2246 5703 centro
2263 5655 2371 5716 per
2383 5637 2656 5700 medium
2675 5634 2980 5696 ducuntur
2995 5633 3275 5707 trianguli
3293 5629 3588 5700 diametri,
3622 5629 3694 5687 si-
