4066 6212
491 300 632 375 ἐπὸ

2010 286 2371 373 Αὑϋιῂῡλ.

3705 302 3811 375 ηὲῡ

521 439 816 515 διάμετροι,
873 440 1116 513 μείζονας
1167 443 1257 492 καὶ
1311 438 1581 501 ἐλάττονας
1646 444 1934 498 ποιήσουσι
2024 460 2114 491 κν·
2170 444 2217 492 Α
2272 442 2482 511 κέντρῳ,
2513 438 2700 501 κύκλος
2730 438 3053 511 γεγράφθωό
3092 444 3135 489 Π
3168 432 3549 510 Θδιασκήματι
3582 447 3644 511 τῷ
3690 450 3720 495 Α
3766 450 3795 496 B

519 531 689 596 κλους,
724 528 851 581 ἀλλὰ
887 535 978 579 καὶ
1028 533 1288 602 τριγώνων
1350 527 1394 579 εἰ
1444 530 1635 581 τεθῶσι
1691 528 1930 601 πλευραὶ,
1995 534 2112 600 μεί-

522 619 645 679 ζονα
709 623 797 669 καὶ
855 616 1100 669 ἐλάττονα
1135 621 1423 674 ποιήσουσι
1475 622 1717 689 τρίγωνα,
1765 620 1820 670 αἱ
1877 614 1936 669 δὲ
2018 613 2112 669 τού

517 707 706 758 κύκλου
748 704 803 778 ἐκ
839 712 931 756 τοῦ
969 708 1155 778 κυρίως
1201 709 1411 777 κέντρου
1468 711 1558 758 καὶ
1616 711 1777 777 μέσου
1830 703 2110 778 διερχόμε-

518 815 601 847 ναι
637 800 727 846 καὶ
765 776 987 853 κύκλους
1038 796 1204 859 ἴσους,
1257 794 1301 845 εἰ
1359 796 1569 861 τεθῶσι,
1616 801 1926 864 ποιήσουσι,
1984 794 2112 846 ἀλλὰ

517 888 605 935 καὶ
634 890 735 935 πᾶν
756 882 877 933 ἄλλο
908 891 1120 953 σχῆμα.
1156 889 1238 935 Δεῖ
1267 891 1388 953 γοῦν
1408 887 1557 945 ἴσους
1586 881 1754 946 δεῖξαι
1771 889 1892 945 τούς
1920 880 2088 936 τούσδ
2093 903 2109 934 ι

515 976 637 1033 τοὺς
665 971 900 1036 κύκλους,
928 974 1095 1022 καὶτὸ
1125 970 1180 1022 ἐκ
1208 981 1308 1023 τῶν
1358 969 1648 1046 διαμέτρων
1703 974 1868 1025 αὐτῶν
1923 978 2105 1045 τρίγω-

515 1080 616 1112 νον·
646 1059 756 1112 εἶτα
784 1061 862 1111 ὅτι
890 1059 996 1130 ούχ
1017 1058 1180 1120 οὕτως
1206 1064 1296 1112 καὶ
1325 1058 1409 1112 ἐπὶ
1460 1069 1552 1112 τού
1609 1067 1859 1134 τριγώνου
1934 1071 2007 1132 τῷ
2063 1068 2108 1113 Ν

2272 533 2360 581 καὶ
2387 537 2459 598 τῷ
2491 535 2529 581 Α
2562 532 2772 602 κέντρῳ,
2814 528 2999 587 κύκλος
3034 527 3311 600 γεγράφθῳ
3367 527 3392 578 6
3447 533 3483 579 Γ
3530 536 3568 581 Η
3620 526 3796 588 διαστή.

2270 636 2394 688 ματι
2425 622 2563 687 τῷΕ
2602 623 2645 668 Ν
2699 620 2790 667 καὶ
2854 625 2922 685 τῷ
2980 622 3015 667 Β
3070 619 3278 689 κέντρῳ,
3347 614 3526 675 κύκλος
3573 619 3798 690 γεγράφθω

2270 708 2299 763 ἡ
2331 713 2363 757 Σ
2398 712 2441 758 Λ
2482 701 2810 777 διαστήματι
2868 713 2940 775 τῷ
2998 711 3045 757 Χ
3102 710 3149 755 Ν
3210 712 3278 773 τῷ
3344 708 3365 755 Ι
3412 708 3608 776 κέντρῳ,
3653 707 3802 769 κύκλος

2274 795 2543 866 γεγράφθω
2577 795 2602 845 6
2633 800 2671 845 Ζ
2704 797 2723 845 Ι
2762 789 3091 865 διαστήματι
3121 800 3193 862 τῷ
3224 797 3270 845 Ψ
3319 797 3365 844 Ν
3403 796 3489 843 καὶ
3526 800 3591 863 τῷ
3640 801 3675 845 Υ
3719 798 3803 847 κέν.

2266 902 2391 955 τρῳ,
2431 881 2615 943 κύκλος
2653 883 2929 954 γεγράφθω
2968 883 2994 932 6
3032 888 3072 933 Ζ
3122 887 3163 933 K
3203 877 3525 951 διαστήματι
3575 888 3639 951 τῷ
3672 890 3711 934 Ω
3754 891 3802 936 Ν·

2268 973 2469 1041 αἰγουν
2511 978 2549 1024 Α
2593 978 2628 1022 Β
2666 977 2703 1023 Ε
2740 976 2785 1022 Ν
2824 977 2871 1024 Χ
2902 976 2944 1022 Ν
2985 974 3108 1022 ΩΝ
3146 975 3192 1023 Ψ
3228 975 3273 1022 Ν
3314 967 3580 1041 διάμετροί
3616 970 3703 1021 εἰσι
3735 980 3806 1022 τῶν

2270 1068 2310 1113 Π
2352 1068 2398 1113 Θ
2438 1068 2487 1113 Μ
2530 1067 2571 1112 ll
2615 1067 2646 1112 Σ
2688 1065 2731 1111 Λ
2770 1066 2808 1111 Ζ
2851 1066 2892 1112 Κ
2929 1066 2968 1110 Ζ
3007 1066 3048 1111 Τ
3082 1058 3301 1125 κύκλων,
3346 1058 3555 1132 ἑκατέρα
3589 1058 3804 1132 ἐκατέρου,

1199 1176 3100 1733 ΥῩΛ

506 2693 639 2743 κατὰ
661 2693 755 2747 τήν
779 2695 880 2740 τῶν
908 2674 1181 2756 στοιχείων
1224 2674 1384 2736 θέσιν.
1424 2688 1508 2742 Ὠς
1528 2682 1630 2758 ἄρα
1661 2689 1752 2735 τοῦ
1804 2688 1848 2735 Π
1897 2676 2101 2758 κέντρον

506 2784 563 2834 τὸ
601 2787 648 2833 Ν
677 2782 765 2831 καὶ
796 2780 996 2849 πέρατα
1022 2782 1116 2836 τῆς
1164 2772 1325 2824 αὐτοῦ
1385 2767 1667 2845 διαμέτρου
1712 2774 1770 2823 τὸ
1827 2779 1865 2825 Α
1932 2778 1969 2824 Β
2016 2773 2098 2824 οὔ-

504 2890 605 2933 τως
632 2874 833 2921 καὶτοῦ
858 2872 894 2917 Α
920 2872 961 2917 Η
983 2868 1188 2937 κέντρον
1214 2865 1272 2913 τὸ
1307 2866 1345 2912 Α
1377 2864 1577 2934 πέρατα
1616 2857 1675 2913 δὲ
1712 2865 1770 2913 τὸ
1824 2868 1861 2913 Ε
1909 2867 1955 2915 Ν
2009 2869 2098 2922 τῆς

475 2966 722 3040 quidem
739 2961 971 3019 circulis
987 2954 1851 3027 accommandantur,majores
1864 2963 1917 3013 et
1933 2954 2120 3013 mino—

473 3072 568 3113 res
582 3048 1128 3111 efﬁciuntcirculos.
1146 3048 1442 3116 Praeterea,
1472 3044 1518 3099 si
1542 3045 1972 3115 triangulorum
1988 3046 2119 3104 dia-

475 3144 647 3201 metri
676 3143 862 3198 latera
891 3138 1346 3197 constituantur,
1377 3134 1609 3205 majora
1666 3141 1845 3207 atque
1887 3136 2121 3191 minora

476 3234 735 3291 efﬁcient
778 3226 1095 3298 triangula.
1138 3227 1210 3278 At
1253 3221 1457 3278 circuli
1511 3222 1783 3279 diametri
1839 3240 1973 3296 quae
2019 3240 2123 3296 per

475 3321 741 3379 medium
759 3323 1025 3376 centrum
1044 3312 1279 3387 proprie
1293 3312 1514 3367 dictum
1534 3312 1852 3376 ducuntur,
1868 3314 2121 3369 circulos

476 3398 737 3484 aequales
768 3420 1001 3478 semper
1022 3400 1306 3467 efﬁciunt,
1326 3406 1504 3473 atque
1556 3402 1736 3456 etiam
1792 3403 2124 3474 quamlibet

475 3500 658 3557 aliam
684 3490 939 3568 ﬁguram
966 3490 1279 3564 aequalem:
1349 3490 1589 3561 Oportet
1636 3490 1814 3560 igitur
1860 3492 2122 3563 aequales

476 3588 728 3646 circulos
748 3588 859 3642 hos
873 3583 1284 3639 demonstrare
1306 3578 1517 3634 etillud
1538 3579 1701 3651 quod
1724 3597 1795 3635 ex
1816 3579 2121 3638 diametris‘

2262 2685 2421 2737 αὐτοῦ
2463 2682 2766 2758 διαμτρου,
2804 2690 2895 2739 καὶ
2951 2696 3043 2740 τού
3094 2696 3127 2740 Σ
3186 2695 3230 2741 Λ
3290 2692 3501 2765 κέντρον
3556 2692 3639 2763 μὶν
3689 2693 3737 2740 τὸ
3792 2694 3818 2739 Β

2261 2777 2458 2845 πέρατα
2497 2769 2556 2826 δὲ
2593 2782 2683 2835 τῆς
2722 2774 2881 2827 αύτού
2922 2772 3207 2851 διαμέτρου
3265 2781 3326 2829 τὸ
3393 2784 3436 2831 Χ
3490 2784 3553 2845 Ν,
3613 2779 3815 2835 ὡσαύτως

2261 2866 2350 2913 καὶ
2385 2869 2474 2913 τοῦ
2510 2869 2549 2914 Ζ
2584 2868 2624 2914 Τ
2663 2867 2866 2936 κέντρον
2901 2866 2991 2935 μὲν
3025 2868 3083 2917 τὸ
3122 2871 3141 2918 l
3198 2870 3401 2939 πέρατα
3440 2863 3500 2918 δί
3551 2874 3642 2928 τῆς
3692 2865 3823 2917 αὐτοῦ

2230 2959 2501 3031 ipsorum
2532 2960 2904 3017 constituitur
2934 2962 3320 3035 triangulum,
3344 2963 3560 3021 deinde
3584 2962 3828 3027 nonidem

2228 3046 2451 3103 habere
2472 3047 2667 3104 locum
2698 3049 2756 3104 in
2775 3049 3093 3120 triangula.
3120 3052 3331 3108 Centro
3353 3056 3421 3123 N,
3447 3052 3732 3109 intervan
3751 3057 3783 3105 Α
3803 3051 3831 3104 Β

2230 3136 2484 3192 circulus
2516 3138 2557 3203 Ο
2580 3139 2642 3204 Η,
2666 3137 3036 3195 describatur
3060 3155 3073 3207 ;
3096 3139 3235 3196 item
3273 3149 3485 3198 centro
3506 3145 3573 3212 A,
3596 3138 3831 3196 interval-

2229 3225 2349 3281 loE
2376 3229 2441 3297 N,
2480 3226 2732 3282 circulus
2772 3226 3143 3285 describatur
3185 3231 3223 3286 C
3256 3232 3343 3295 G;
3408 3232 3550 3287 item
3592 3238 3767 3288 centro
3796 3231 3823 3282 Β

2231 3313 2539 3370 intervallo
2562 3317 2601 3370 Y
2626 3319 2691 3383 N,
2715 3315 2972 3372 circulus
2994 3318 3378 3375 describatur
3398 3322 3432 3376 S
3467 3320 3508 3373 L
3541 3337 3554 3388 ;
3595 3320 3717 3374 item
3738 3332 3838 3373 cen‘

2233 3409 2321 3459 tro
2354 3406 2393 3467 l,
2428 3403 2778 3460 intervallol
2807 3408 2847 3460 N
2876 3407 3131 3461 circulus
3182 3406 3563 3465 describatur
3589 3411 3706 3473 FT;
3733 3408 3837 3461 item

2233 3498 2435 3548 centro
2459 3494 2520 3555 U,
2545 3492 2854 3549 intervallo
2884 3495 3012 3550 FFU
3043 3495 3297 3552 circulus
3330 3498 3697 3554 describatur
3725 3498 3758 3551 Ο
3786 3495 3835 3548 Κ.

2234 3582 2513 3637 Diametri
2534 3582 2709 3653 igitur
2735 3588 2778 3637 Α
2812 3585 2849 3639 Β
2871 3585 2914 3637 Ε
2937 3586 2978 3639 Ν
3011 3586 3051 3639 Y
3076 3587 3119 3640 N
3144 3588 3181 3641 F
3215 3588 3251 3641 F
3291 3591 3335 3643 N
3362 3592 3401 3645 Ζ
3429 3591 3469 3644 Ν
3528 3585 3836 3644 circulorum

1160 3702 3173 4269 YYA

469 5244 513 5310 Q
534 5246 575 5300 Η
596 5244 704 5301 MG
728 5245 764 5300 S
795 5244 834 5299 L
860 5243 903 5299 Ο
926 5244 970 5298 Κ
999 5245 1035 5299 F
1055 5246 1096 5298 T
1142 5240 1392 5313 singulae
1442 5253 1687 5295 suorum
1754 5234 2113 5292 circulorum
2149 5232 2188 5286 C
2224 5234 2259 5288 S
2284 5234 2341 5297 [ι.
2370 5240 2428 5290 et
2480 5238 2715 5294 termini
2775 5237 3049 5294 diametri
3109 5253 3328 5309 nempe
3385 5237 3472 5290 YN
3501 5230 3615 5301 ;ita
3678 5223 3820 5281 etiam

468 5339 624 5390 sunt.
654 5335 716 5388 Et
742 5347 817 5387 ex
853 5331 1062 5388 ordine
1108 5330 1536 5387 elementorum
1591 5325 1988 5383 collocanturr
2046 5325 2114 5380 Ut

465 5423 644 5495 igitur
674 5436 738 5478 se
764 5421 947 5477 habet
974 5424 1243 5476 centrum
1277 5422 1317 5474 N
1340 5417 1541 5474 circuli
1564 5418 1607 5481 Ο
1632 5416 1701 5477 H.
1732 5414 1813 5471 ita
1852 5415 2027 5470 etiam
2051 5428 2113 5468 se

463 5513 692 5571 habent
706 5511 934 5568 termini
945 5509 1207 5581 ejusdem
1221 5507 1726 5575 diametri,nempe
1741 5502 2112 5560 intervallum

464 5605 514 5658 A
540 5603 584 5655 Β
610 5619 624 5669 ;
650 5603 734 5661 ita
755 5604 938 5662 etiam
966 5603 1014 5667 Α
1042 5605 1310 5663 centrum
1334 5596 1538 5653 circuli
1574 5598 1625 5654 Μ
1655 5596 1720 5661 G,
1769 5599 1827 5650 et
1881 5592 2115 5659 termini

462 5690 738 5750 diametri
751 5693 947 5768 ipsius
977 5693 1021 5748 E
1046 5692 1094 5749 Ν
1124 5705 1142 5762 5
1176 5688 1264 5749 ita
1288 5686 1473 5745 etiam
1506 5686 1553 5741 Β
1599 5688 1872 5743 centrum
1913 5682 2113 5740 circuli

2223 5329 2530 5381 centruml
2561 5326 2761 5382 circuli
2787 5329 2824 5382 Ρ
2852 5329 2914 5395 Τ,
2947 5332 3002 5383 et
3060 5324 3299 5383 termini
3321 5320 3586 5381 diemetri
3643 5320 3818 5407 ne???

2224 5415 2602 5471 intervallum
2625 5419 2661 5471 Ζ
2682 5418 2750 5485 Ν,
2776 5416 2858 5473 ita
2881 5432 3124 5489 quoque
3147 5418 3188 5471 Ν
3213 5418 3476 5471 centrum
3500 5396 3814 5495 circuli_0_

2223 5509 2279 5560 et
2299 5504 2529 5560 termini
2550 5506 2741 5579 ipsius
2762 5487 3057 5573 diametri,
3071 5519 3292 5577 nempe
3315 5498 3673 5559 intervallum
3691 5487 3809 5544 FFN-

2222 5600 2373 5667 Nam
2395 5595 2599 5654 temini
2616 5595 2820 5667 circuli
2860 5596 2905 5663 Ω
2973 5598 3017 5651 Η
3057 5599 3198 5651 sunt
3240 5597 3467 5661 centra,
3503 5581 3813 5671 οἰῐαιιᾎοιᾞφ

2221 5664 2614 5747 MGSLFT
2668 5686 2712 5742 ο
2769 5664 2839 5742 Κ.
2882 5683 3181 5750 Quoniam
3236 5682 3415 5754 igitur
3449 5669 3667 5736 termini
3709 5663 3811 5720 dia-
