4066 6212
191 299 326 358 1381

1087 299 1448 360 THEODORI
1477 300 1524 354 ΙΙ
1556 301 1697 355 IMP.
1728 289 1822 352 DE
1853 289 2310 361 COHMUNIONE
2338 307 2715 363 NATURALI.

3464 297 3604 369 £382

219 423 522 497 διαμέτρου,
552 424 610 474 τὸ
657 428 704 475 Ψ
753 428 800 476 Ν
851 428 942 474 καὶ
992 431 1086 475 τού
1138 432 1176 476 Ζ
1207 431 1249 477 Κ
1281 429 1485 496 κέντρον
1670 426 1730 474 16
1779 429 1820 474 Υ
1873 425 1923 477 Α
1979 427 2308 494 ΒΑκέντρον
2331 435 2457 484 τὸΝ
2499 431 2630 488 ἀλλά
2675 434 2768 482 καὶ
2825 433 2884 481 τὸ
2935 435 2973 482 Γ
3010 435 3050 482 Α
3112 438 3152 484 Υ
3205 437 3245 484 Δ
3309 419 3399 485 ἶσά
3463 432 3576 487 ἐστι

216 533 418 588 πέρατα
449 508 508 564 δὲ
531 519 626 572 τῆς
658 510 819 562 αὐτοῦ
849 507 1136 585 διαμέτρου
1166 517 1224 564 τὸ
1259 520 1306 564 Ω.
1328 519 1391 566 Ν.
1421 514 1498 564 Τὰ
1529 515 1631 584 γὰρ
1668 518 1710 562 Π
1772 518 1818 564 Θ

215 607 420 677 πέρατα
443 606 629 673 κέντρα
658 597 771 650 661i.
801 608 900 650 τῶν
931 602 978 655 Μ
1011 607 1052 652 Η
1075 608 1106 652 Σ
1161 607 1205 653 Λ
1235 607 1274 652 Ζ
1328 608 1368 652 Τ
1428 604 1468 653 Ξ
1511 607 1551 653 Ι(
1590 600 1812 652 κύκλων.

121 715 128 718 ·
219 691 364 744 Ἐπεὶ
415 697 541 760 γοῦν
597 691 662 740 τὰ
719 696 811 739 τού
873 695 914 739 Π
991 696 1037 741 Θ
1118 695 1214 739 τῶν
1270 685 1564 762 διαμέτρων
1621 693 1820 760 πέρατα

217 775 951 850 ΑΒΥΟΙΔκέντραέστὶ
998 784 1178 830 τὼνΜ
1229 785 1266 829 Η
1331 785 1363 828 Σ
1413 784 1450 829 Λ
1503 781 1542 829 Ξ
1598 783 1638 829 Κ
1693 784 1819 829 ΖΤ

217 867 440 934 κύκλων,
481 869 538 917 τὸ
573 863 631 917 δέ
669 869 874 938 κέντρον
932 870 1089 936 μέσον
1146 865 1262 918 ἐστὶ
1319 873 1410 917 τοῦ
1453 865 1642 917 κύκλου
1691 867 1821 940 πρὸς

219 955 247 1006 6
273 975 444 1006 11616611
471 957 525 1005 αἱ
570 960 1006 1024 προσπίπτουσαι
1035 955 1229 1006 εὐθεῖαι
1252 953 1307 1005 ἐκ
1362 961 1456 1015 τῆς
1509 957 1694 1006 τούτου
1735 973 1820 1006 111-

219 1048 480 1118 ριφερείας
512 1039 624 1094 ἶσαι
657 1041 904 1102 ἀλλήλαις
938 1042 1092 1111 εἰσιν,
1122 1045 1186 1103 ὡς
1231 1046 1288 1094 τὸ
1341 1049 1388 1094 Ν
1439 1045 1542 1116 οἰρα
1583 1047 1712 1115 πρὸς
1759 1046 1818 1094 1'6

217 1138 377 1186 Βκαὶ
431 1151 488 1184 το
519 1135 711 1204 Χπρος
767 1135 824 1182 16
881 1138 917 1184 Β
968 1141 1067 1183 τῶν
1131 1135 1233 1204 γὰρ
1301 1131 1550 1203 ἑκατέρων
1615 1136 1819 1202 κέντρον

217 1226 341 1274 τὸΒ
381 1224 452 1283 ὡς
489 1226 577 1272 καὶ
634 1229 732 1272 τῶν
788 1228 828 1274 Δ
887 1227 924 1272 Β
976 1225 1183 1297 κέντρον
1238 1224 1297 1272 τὸ
1349 1228 1394 1274 Ν
1442 1220 1568 1272 ἀλλὰ
1623 1226 1712 1271 καὶ
1759 1225 1818 1273 τό

219 1318 259 1363 Ρ
293 1318 330 1362 Β
359 1317 377 1363 Ι
411 1317 470 1372 Β,
520 1308 610 1361 ἶσα
647 1309 758 1362 ἐστι
803 1317 914 1371 τοῖς
963 1316 1008 1362 Ν
1059 1317 1095 1362 Β
1145 1317 1190 1363 Χ
1254 1318 1290 1362 Β
1323 1331 1336 1343 ·
1387 1315 1590 1383 κέντρον
1655 1313 1821 1361 κοινόι

217 1402 325 1474 ’γάρ
356 1403 414 1452 1'6
441 1407 496 1452 B.
528 1398 586 1451 ἸΙ
613 1397 718 1472 ἄρα
746 1405 782 1450 Ρ
812 1395 1088 1473 διάμετρος
1141 1407 1234 1450 τού
1287 1407 1319 1451 Σ
1383 1405 1426 1451 Λ
1482 1398 1672 1451 κύκλου
1727 1400 1816 1457 ἴση

215 1487 336 1541 ἐστὶ
372 1497 434 1561 τῇ
468 1495 517 1542 Χ
545 1494 592 1540 Ν
621 1487 782 1540 αύτού
815 1484 1096 1562 διαμέτρῳ·
1151 1485 1217 1538 ὧν
1271 1489 1370 1561 γάρ
1417 1485 1531 1539 ἶσαι
1579 1490 1644 1539 τά
1696 1489 1820 1560 ἠμί-

216 1596 334 1642 σεα,
390 1583 481 1629 καὶ
509 1578 573 1628 τά
619 1576 711 1628 ὅλα
737 1573 828 1628 ἷσοί
877 1575 1006 1637 ἐστι,
1036 1579 1167 1627 κατά
1196 1580 1283 1627 τὸν
1337 1576 1494 1628 αὐτὸν
1539 1575 1706 1646 λόγον·
1749 1579 1819 1636 ὡς

210 1665 319 1736 ἆρα
347 1669 478 1717 τὸΝ
516 1669 644 1736 πρὸς
671 1668 727 1716 τὸ
782 1670 802 1716 Ι
845 1671 936 1715 καὶ
989 1668 1047 1715 1'6
1094 1671 1139 1717 Ψ
1183 1668 1312 1736 πρὸς
1358 1668 1415 1716 τὸ
1466 1671 1506 1718 Ι·
1562 1675 1660 1716 τῶν
1714 1668 1814 1739 γάρ

1975 521 2156 577 τοῐςΝ
2187 524 2222 568 Α
2251 525 2285 572 Ε
2341 527 2398 573 Α·
2457 525 2661 594 κέντρον
2710 522 2880 571 κοινὸν
2937 522 3036 594 γάρ
3082 523 3141 571 τὸ
3210 527 3270 574 Α.
3318 521 3330 536 ⁸
3383 529 3425 574 Η
3475 521 3577 596 ἆρα

1978 609 2075 656 ΓΥ
2104 602 2382 681 διάμετρος
2404 617 2493 661 τού
2522 615 2573 661 Μ
2607 615 2647 661 ΙΙ
2685 608 2876 660 κύκλου
2895 611 2988 665 ἴση
3031 606 3142 661 ἐστὶ
3194 617 3255 681 τῇ
3304 617 3343 663 Ε
3391 617 3436 664 Ν
3476 611 3575 664 αύ-

1977 699 2068 744 τού
2109 691 2390 770 διαμέτρῳ.
2452 696 2518 749 ὧν
2569 698 2671 770 γάρ
2727 698 2794 750 161'
2831 702 3027 769 ἡμίσεα
3081 696 3190 768 ἶσα,
3239 704 3330 750 καὶ
3376 703 3440 752 τά
3483 701 3576 753 ὁλα

1979 783 2070 832 ἶσα
2097 783 2252 835 ἐστιν·
2286 787 2426 838 Ἐπεὶ
2453 794 2575 857 γοῦν
2604 789 2634 844 ἡ
2697 791 2734 838 Γ
2775 793 2817 839 Υ
2873 790 2966 843 ἴση
3023 785 3134 839 ἐστὶ
3180 787 3244 859 κῇ
3299 793 3337 840 Ε
3380 795 3426 842 Ν
3482 796 3572 842 καὶ

1978 873 3076 947 ἠΑΒτῇΝΧκαὶήΡΙτῇΒψχαιὴ
3141 883 3187 929 Ψ
3241 883 3286 928 Ν
3339 885 3402 949 τῇ
3458 883 3479 931 I
3538 883 3572 930 A

1979 962 2129 1018 καὶή
2169 965 2766 1034 ΩΝτῇΥΟκαὶήΦ
2829 969 2869 1015 Δ
2929 971 2992 1035 τῇ
3052 969 3094 1016 Υ
3144 970 3181 1017 Γ
3232 969 3323 1017 καὶ
3375 965 3569 1024 ἑκάστη

1977 1045 2170 1106 ἑκάστη
2200 1053 2292 1107 ἴση
2320 1051 2450 1113 ἐστὶ,
2478 1053 2544 1103 τά
2592 1054 2694 1124 γάρ
2723 1058 2796 1120 τῷ
2841 1052 2982 1122 αὐτῷ
3037 1049 3148 1118 ἶσα,
3197 1057 3289 1105 καὶ
3335 1052 3573 1117 ἀλλήλοις

1981 1132 2330 1191 ἷσοίὲστικαὶ
2372 1143 2421 1191 οἱ
2466 1146 2582 1193 ΙΙΘ
2625 1147 2658 1192 Σ
2714 1147 2760 1192 Λ
2814 1147 2852 1192 Ζ
2902 1147 2943 1193 Τ
2992 1143 3032 1192 Ξ
3083 1147 3122 1194 Κ
3177 1147 3228 1194 Μ
3279 1149 3321 1196 Η
3368 1143 3568 1211 κύκλοι,

1981 1222 2089 1278 ἷσοί
2107 1227 2259 1278 εἰσιν·
2289 1228 2356 1279 ὧν
2379 1231 2481 1299 γάρ
2503 1228 2561 1280 αἱ
2603 1225 2879 1303 διάμετροι
2928 1227 3062 1296 ἶσαι,
3117 1235 3208 1282 καὶ
3269 1237 3435 1284 ταῦτα
3480 1229 3573 1284 ἶσα

1979 1311 2138 1365 ἐστιν’
2174 1317 2223 1368 οἱ
2250 1315 2353 1388 ἄρα
2381 1315 2562 1369 κύκλοι
2591 1320 2774 1377 πάντες
2796 1314 2903 1369 ἷσοί
2941 1318 3063 1384 εἰσι,
3123 1324 3213 1370 καὶ
3259 1323 3319 1371 16
3369 1319 3425 1372 ἐκ
3472 1329 3571 1372 τῶν

1980 1398 2270 1476 διαμέτρων
2323 1413 2490 1456 αυτῶν
2550 1410 2868 1467 συνεστακὸς
2921 1411 3170 1480 τρίγωνον
3217 1404 3331 1461 ἴσον
3409 1408 3572 1468 ἔστιν.

1976 1490 2034 1543 Ἠ
2085 1499 2208 1562 γοῦν
2253 1499 2292 1546 Δ
2345 1499 2382 1544 Β
2430 1489 2712 1568 διάμετρος
2750 1502 2843 1546 τού
2899 1501 2940 1547 ΙΙ
2992 1501 3038 1548 Θ
3085 1495 3276 1548 κύκλου
3333 1502 3427 1556 τὴν
3475 1500 3568 1556 ἴση

1976 1582 2141 1652 ταύτῃ
2184 1577 2463 1653 διάμέτρον
2517 1589 2556 1634 A
2612 1589 2652 1635 Φ
2708 1589 2802 1634 τοῦ
2847 1590 2884 1634 Ζ
2927 1589 2969 1635 Κ
3016 1583 3208 1635 κύκλου
3255 1585 3573 1659 προσλαϐέτε

1974 1667 2220 1741 πλευράν,
2251 1675 2340 1720 καὶ
2366 1673 2498 1727 αὕτη
2518 1674 2608 1730 τὴς
2652 1676 2692 1723 Φ
2750 1677 2788 1722 Β
2839 1667 3119 1744 διάμετρον
3167 1680 3259 1724 τοῦ
3310 1680 3350 1724 Ζ
3401 1676 3440 1728 Γ
3480 1677 3573 1726 κύ-

207 1757 461 1826 ἔκατέρων
513 1757 719 1826 κέντρον
749 1755 807 1804 τὸ
853 1758 872 1804 Ι
927 1753 992 1811 ως
1045 1757 1133 1804 καὶ
1193 1761 1290 1804 τῶν
1323 1760 1358 1804 Δ
1389 1759 1408 1804 Ι
1450 1755 1654 1826 κέντρον
1681 1757 1740 1804 τὸ
1771 1760 1813 1806 Ν
1869 1764 1914 1817 Β
1974 1755 2099 1809 κλου
2125 1757 2368 1830 πλευράν,
2395 1763 2486 1811 καὶ
2515 1764 2765 1817 συστήτω
2787 1762 2847 1810 τὸ
2877 1765 2917 1810 Δ
2949 1766 2986 1810 Β
3039 1766 3078 1812 Φ
3131 1765 3396 1832 τρίγωνον.
3454 1763 3574 1814 Ἐπι

203 1841 339 1894 ἀλλά
367 1848 458 1894 καὶ
486 1840 544 1893 1'6
571 1845 654 1893 BI
691 1846 780 1894 ΦΙ
819 1839 910 1892 ἶσα
970 1839 1085 1891 ἐστι
1130 1849 1233 1900 τοῖς
1277 1848 1322 1892 Ν
1373 1847 1390 1893 Ι
1450 1847 1493 1894 Ψ
1534 1847 1552 1893 Ι
1610 1846 1814 1915 κίντρον

203 1935 377 1983 κοινὸν
405 1931 506 2004 γάρ
538 1933 596 1981 τὸ
627 1936 646 1982 Ι
680 1932 708 1987 ἠ
744 1930 847 2001 ἄρα
879 1935 915 1980 Β
980 1935 1019 1982 Φ
1073 1925 1355 2002 διάμετρος
1405 1936 1495 1981 τοῦ
1541 1937 1580 1981 Ζ
1629 1937 1670 1982 Τ
1723 1933 1813 1981 κύ-

203 2020 352 2090 κλου,
389 2023 477 2076 661:
511 2019 626 2070 ἐστὶ
656 2026 718 2090 τῇ
751 2023 797 2071 Ψ
829 2024 874 2070 Ν
905 2017 1062 2069 αὐτοῦ
1105 2014 1391 2090 διαμέτρῳ·
1442 2015 1510 2070 ὧν
1569 2021 1670 2092 γάρ
1723 2017 1816 2071 ἶσα

205 2111 272 2160 τά
294 2111 510 2180 ἡμίσεα,
543 2112 634 2159 καὶ
699 2108 764 2158 τά
830 2105 924 2158 ὅλα
975 2104 1068 2158 ἶσά
1125 2105 1282 2161 ἐστιν.
1337 2106 1600 2168 Ὠσαύτως
1645 2103 1704 2160 δὲ
1745 2111 1816 2169 ὡς

206 2203 330 2251 τοΝ
359 2201 492 2271 πρὸς
520 2198 576 2248 τὸ
607 2203 648 2248 Υ
677 2200 767 2248 καὶ
799 2199 856 2248 16
883 2201 932 2247 Ω
958 2198 1090 2270 πρὸς
1142 2199 1202 2246 16
1247 2203 1287 2247 Υ
1341 2204 1442 2248 τῶν
1483 2198 1586 2268 γάρ
1639 2197 1811 2249 ἑκατέ-

210 2307 310 2359 ρων
337 2287 627 2357 κέντροντό
683 2291 722 2336 Υ
773 2287 838 2344 ὡς
881 2288 969 2334 καὶ
1019 2291 1112 2335 τού
1172 2291 1210 2336 Υ
1277 2291 1322 2338 Ψ
1379 2289 1583 2356 κέντρον
1636 2288 1695 2336 τὸ
1744 2292 1812 2339 Ν.

215 2373 370 2427 Ἀλλά
397 2377 488 2424 καὶ
519 2376 577 2424 τὸ
602 2377 640 2424 Α
675 2379 715 2424 Υ
745 2377 826 2424 ΦΥ
855 2372 948 2423 ἵσά
971 2369 1084 2422 6611
1112 2379 1224 2433 τοῖς
1279 2378 1324 2424 Ν
1387 2380 1426 2424 Υ
1489 2379 1536 2424 Ω
1589 2380 1647 2425 Υ⁸
1706 2378 1806 2425 γέν-

214 2481 333 2536 τρον
365 2464 532 2513 κοινὸν
575 2463 677 2534 γὰρ
729 2464 787 2511 τὸ
837 2467 897 2515 Υ.
958 2458 1015 2511 Ἠ
1065 2458 1169 2532 ἆρα
1223 2465 1273 2512 Α
1313 2466 1352 2513 Φ
1405 2457 1686 2534 διάμετρος
1721 2470 1813 2513 τοῦ

215 2553 256 2603 Ξ
286 2557 328 2602 Κ
356 2549 566 2611 κύκλου,
597 2551 682 2607 ὶση
725 2547 838 2601 661i
885 2556 947 2620 τῇ
1007 2555 1054 2599 Ω
1101 2555 1147 2601 Ν
1197 2549 1354 2600 αὑτοῦ
1409 2545 1693 2624 διαμέτρῳο
1746 2551 1813 2601 ὧν

216 2639 317 2710 γάρ
340 2639 405 2690 τά
434 2639 625 2710 ἡμίσεα
654 2631 764 2704 ἶσα,
786 2642 878 2689 καὶ
941 2637 1004 2689 τά
1055 2636 1148 2688 ὁλα
1197 2633 1290 2688 ἶσα
1342 2635 1476 2703 ἐστι,
1532 2639 1665 2690 κατα
1723 2643 1810 2690 τὸν

217 2726 369 2778 αὐτόν
395 2725 562 2798 λόγον·
593 2725 681 2788 ’.Ως
710 2724 812 2798 ἆρα
831 2729 890 2777 16
916 2733 956 2778 Υ
982 2729 1112 2797 πρὸς
1142 2729 1197 2777 16
1255 2731 1302 2780 Α
1355 2731 1444 2778 καὶ
1501 2730 1558 2778 16
1611 2733 1649 2779 E
1687 2731 1812 2796 πρὸς

211 2818 271 2866 τὸ
300 2822 340 2868 Α
371 2823 470 2866 τῶν
512 2818 614 2890 γὰρ
665 2814 912 2888 ἑκατέρων
965 2819 1170 2888 κέντρον
1218 2819 1276 2866 16
1332 2819 1370 2866 A
1441 2818 1509 2876 ὡς
1565 2820 1655 2868 καὶ
1712 2825 1810 2868 τῶν

179 3016 509 3066 metrorum
539 3009 739 3066 circuli
771 3010 814 3076 Ο
845 3011 910 3080 Η,
935 3014 1074 3066 sunt
1106 3013 1147 3064 ι)
1181 3012 1220 3064 Β
1246 3011 1290 3065 U
1317 3010 1360 3075 ρ
1396 3010 1416 3062 I
1445 3015 1492 3064 A
1524 3028 1537 3076 ;
1571 3015 1628 3065 et
1656 3010 1717 3065 in
1745 3010 1836 3066 his

1974 1851 2144 1898 τοίνυν
2176 1843 2289 1899 ἶσαί
2351 1848 2482 1900 εἰσιν
2526 1851 2581 1900 αἰ
2639 1844 2932 1920 διάμετροι,
2997 1851 3072 1910 ὡς
3121 1845 3369 1921 ἐδείχθη,
3426 1849 3571 1903 ἀνοι-

1971 1937 2172 2002 γκαίως
2197 1940 2287 1986 καὶ
2337 1939 2397 1986 16
2437 1934 2493 1986 ἐκ
2551 1939 2746 1988 τούτων
2802 1941 3118 1997 661116161116;
3171 1942 3444 2011 τρίγωνον,
3487 1942 3572 1992 ἰσὸ

1971 2021 2188 2093 πλευρόν
2216 2041 2332 2076 εστι
2360 2043 2451 2074 και
2483 2023 2774 2096 ἰσογώνιον,
2802 2029 2860 2076 τὸ
2909 2024 3012 2099 ἄρα
3062 2027 3108 2079 Α
3156 2031 3195 2077 Β
3241 2032 3280 2079 Φ
3322 2031 3571 2100 τρίγωνον

1975 2106 2087 2162 ἶσόν
2142 2115 2302 2183 ἐστιν,
2363 2108 2543 2170 ἐπειδὴ
2599 2111 2900 2184 ἰσόπλευρόν
2952 2117 3064 2165 6611
3113 2133 3204 2166 και
3277 2115 3566 2186 ἰσογώνιον.

1975 2201 2039 2252 Ai
2095 2199 2197 2271 ἄρα
2245 2209 2336 2252 τού
2387 2199 2578 2253 κύκλου
2633 2198 2909 2273 διάμετροι
2957 2206 3014 2253 ἐκ
3055 2209 3146 2254 τοῦ
3198 2207 3410 2278 κέντρου
3480 2223 3571 2255 και

1974 2292 2134 2348 μέσου
2156 2291 2378 2362 ἠγμέναι
2423 2286 2514 2342 ἶσα
2577 2297 2792 2344 ποιοῦσι
2846 2295 3125 2362 σχήματα,
3186 2288 3368 2350 ἐπειδὴ
3425 2297 3573 2344 πᾶσα

1973 2377 2134 2430 αὐτοῦ
2162 2375 2438 2451 διάμετρος
2477 2380 2566 2436 ῖση
2608 2377 2740 2444 661‘1,
2771 2375 2865 2430 διὰ
2909 2387 3061 2432 τοῦτο
3112 2384 3203 2431 καὶ
3252 2386 3355 2433 πᾶν
3409 2380 3572 2433 αὐτοῦ

1971 2470 2126 2540 μέρος
2153 2469 2278 2538 πρὸς
2316 2470 2374 2519 τὸ
2431 2472 2635 2540 κέντρον
2689 2464 2800 2520 ἶσον
2845 2473 2951 2528 τοῖς
3001 2467 3177 2528 ἄλλοις
3240 2468 3402 2520 αὐτοῦ
3459 2467 3574 2520 6611

1970 2558 2172 2626 μέρεσι,
2203 2557 2374 2616 καθώς
2400 2552 2720 2625 ἀπεδείχθη.
2745 2555 2909 2608 Τοῦτο
2955 2552 3014 2608 δὲ
3066 2555 3162 2608 οὐκ
3210 2555 3298 2609 611‘1
3342 2559 3432 2608 τού
3457 2575 3574 2630 τρι-

1969 2644 2234 2711 γωνου,αἰ
2265 2646 2366 2714 γὰρ
2393 2645 2580 2695 τούτου
2625 2642 2844 2714 πλευραὶ
2895 2643 2990 2694 οὐκ
3043 2639 3156 2695 ἶσον
3209 2652 3426 2698 ποιοῦσι
3481 2654 3575 2705 τῆς

1973 2729 2134 2782 αὐτοῦ
2174 2727 2459 2803 διαμέτρου
2520 2737 2610 2784 και
2661 2733 2880 2784 καθέτου
2938 2731 3122 2784 κύκλον
3198 2733 3228 2791 ἦ
3295 2737 3570 2806 τρίγωνον

1971 2827 2063 2870 τού
2092 2822 2190 2892 γὰρ
2216 2820 2406 2871 κύκλου
2433 2823 2462 2879 ἡ
2497 2817 2773 2893 διάμετρος
2831 2825 3006 2894 τρίτον
3068 2819 3182 2873 661‘1
3236 2829 3333 2882 τῆς
3385 2825 3573 2875 τούτου

1943 3012 2219 3085 aequalia,
2261 3017 2318 3069 et
2352 3016 2475 3068 tota
2493 3012 2627 3084 ipsa
2651 3013 3390 3085 suntaqualia.Quoniam
3419 3014 3599 3091 igitur

180 3103 322 3154 sunt
343 3104 550 3155 contra
580 3097 941 3154 circulorum
970 3101 1016 3154 Μ
1048 3100 1089 3154 G
1120 3101 1154 3155 S
1189 3101 1226 3152 L
1249 3100 1290 3154 Ο
1321 3098 1371 3152 Κ
1403 3100 1444 3152 F
1470 3101 1534 3169 Τ,
1565 3104 1836 3154 centrum
1875 3118 1914 3173 ρ
1944 3101 2242 3157 diametur
2267 3103 2307 3157 C
2340 3103 2382 3155 U
2417 3107 2505 3156 est
2541 3100 2790 3172 aqualis
2815 3101 3110 3156 diametro
3141 3104 3180 3156 E
3211 3104 3276 3171 N,
3307 3101 3600 3158 diameter

180 3193 382 3242 autem
406 3193 494 3243 est
527 3187 792 3243 medium
823 3187 1027 3243 circuli
1058 3186 1137 3242 ad
1157 3186 1325 3258 quod
1355 3186 1550 3242 ducta
1572 3203 1783 3243 omnes
1803 3205 1840 3243 a

182 3276 663 3332 circumferentia
691 3276 862 3331 linea
888 3281 1027 3331 sunt
1056 3276 1208 3330 inter
1270 3291 1332 3330 se
1375 3276 1640 3347 aquales
1690 3293 1704 3330 :
1776 3283 1841 3332 ut

179 3366 363 3435 igitur
384 3368 427 3420 N
451 3381 512 3420 se
541 3365 725 3420 habet
752 3365 830 3420 ad
856 3368 912 3435 Β,
945 3365 1030 3420 ita
1059 3364 1240 3419 etiam
1272 3366 1310 3418 Y
1339 3380 1399 3418 se
1431 3363 1612 3420 habet
1642 3364 1718 3420 ad
1752 3367 1791 3419 Β
1824 3381 1837 3420 :

182 3456 497 3528 utriusque
527 3456 686 3510 enim
713 3467 980 3510 centrum
1021 3461 1113 3509 est
1141 3456 1203 3520 Β,
1239 3461 1301 3508 ut
1329 3453 1507 3509 etiam
1561 3455 1840 3510 termino-

180 3560 324 3600 rum
349 3550 395 3598 Α
427 3546 486 3613 Β,
513 3549 785 3599 centrum
806 3548 892 3598 est
916 3546 979 3598 N.
1004 3542 1180 3614 Atqui
1201 3544 1246 3597 Β
1264 3544 1321 3608 Β,
1359 3544 1445 3611 IB,
1469 3548 1604 3597 sunt
1642 3559 1844 3613 aqua-

177 3633 260 3688 lia
280 3633 435 3704 ipsis
463 3636 504 3688 N
535 3635 594 3698 Β,
627 3634 668 3686 Υ
704 3634 762 3688 Β.
799 3634 949 3686 Nam
974 3631 1016 3682 Β
1043 3637 1316 3685 centrum
1359 3636 1445 3686 est
1494 3647 1838 3699 commune,

179 3722 483 3777 Diameter
511 3737 654 3792 ergo
681 3723 726 3776 Β
752 3721 793 3786 Ι,
829 3720 1033 3776 circuli
1065 3722 1100 3776 S
1126 3723 1184 3780 L,
1219 3725 1310 3775 est
1334 3720 1584 3792 aqualis
1615 3721 1842 3776 diame-

175 3816 265 3866 tro
329 3811 369 3865 Y
416 3813 483 3880 N,
543 3811 811 3875 Quorum
869 3809 1030 3864 enim
1084 3809 1350 3864 dimidia
1431 3815 1628 3880 partes
1700 3817 1841 3866 sunt

173 3898 467 3970 aquales,
500 3899 633 3970 ipsa
664 3904 785 3954 tota
816 3903 954 3952 sunt
977 3897 1254 3969 aqualia.
1287 3898 1590 3953 Exeadem
1611 3900 1840 3955 ratione

174 3993 333 4042 utse
359 3985 602 4042 habetN
650 3985 728 4041 ad
785 3989 825 4054 Ι,
873 3986 955 4041 ita
997 3986 1177 4041 etiam
1231 3989 1267 4040 Ζ
1328 3985 1407 4041 ad
1464 3988 1484 4038 1
1534 3987 1840 4058 utriusque

175 4076 344 4131 enim
375 4079 644 4130 centrum
684 4079 775 4130 est
805 4077 843 4128 Ι.
871 4077 996 4130 Non
1030 4090 1204 4130 secus
1225 4081 1404 4147 atque
1441 4076 1834 4132 terminorum

178 4166 222 4230 Q
251 4169 269 4219 ι
303 4169 578 4220 centrum
608 4169 698 4219 est
723 4166 787 4219 N.
817 4163 997 4235 Atqui
1040 4164 1084 4216 Β
1141 4164 1161 4216 Ι
1207 4167 1244 4218 Χ
1301 4164 1322 4217 Ι
1377 4164 1636 4235 aqualia
1702 4169 1842 4220 sunt

175 4253 292 4308 illis
325 4254 367 4306 N
400 4253 420 4306 l
450 4255 487 4307 Ζ
519 4254 538 4306 l
573 4267 586 4317 ;
616 4267 751 4307 nam
781 4254 1134 4307 [commune
1155 4257 1417 4307 centrum
1432 4257 1537 4308 est.
1559 4253 1842 4308 Diameter

180 4356 332 4411 ergo
361 4343 402 4395 Β
442 4343 503 4410 Χ,
533 4340 735 4396 circuli
767 4343 804 4396 F
833 4343 893 4409 T,
924 4341 1174 4412 aqualis
1213 4346 1301 4394 est
1345 4341 1639 4396 diametro
1677 4348 1716 4393 Z
1773 4345 1840 4400 N.

1945 3190 2126 3246 etiam
2153 3194 2200 3241 Α
2231 3192 2267 3243 Β
2288 3189 2397 3243 erit
2424 3188 2672 3260 aqualis
2700 3188 2994 3245 diametro
3021 3191 3064 3244 N
3094 3192 3156 3259 Y,
3183 3195 3238 3245 et
3280 3193 3324 3245 B
3395 3194 3415 3244 Ι
3463 3189 3598 3246 dia-

1946 3284 2133 3334 meter
2161 3276 2410 3349 aqualis
2463 3277 2760 3332 diametro
2815 3280 2854 3332 Β
2903 3279 2964 3344 Χ,
3011 3283 3068 3333 et
3118 3277 3410 3334 diameter
3463 3279 3503 3331 Ζ
3551 3282 3595 3335 Ν

1947 3366 2195 3438 aqualis
2215 3366 2508 3423 diametro
2537 3368 2557 3419 Ι
2598 3366 2666 3434 Q,
2706 3370 2764 3422 et
2789 3365 3080 3422 diameter
3113 3368 3195 3422 FF
3244 3370 3288 3423 Ν
3346 3367 3598 3439 aqualis

1947 3456 2240 3511 diametro
2270 3456 2312 3511 U
2337 3456 2380 3508 D
2412 3472 2426 3522 ;
2454 3461 2511 3509 et
2529 3453 2879 3509 diameterx
2915 3460 2954 3508 Α
2993 3454 3244 3526 aqualis
3301 3455 3597 3512 diametro

1949 3547 1992 3601 U
2023 3546 2062 3600 Ο
2084 3563 2098 3612 ;
2122 3543 2384 3616 denique
2405 3542 2655 3612 singula
2675 3541 2924 3614 singulis
2958 3549 3098 3598 sunt
3124 3544 3389 3616 aequales
3413 3563 3427 3613 ;
3451 3561 3597 3601 nam

1949 3649 2086 3705 qua
2122 3632 2319 3688 eidem
2353 3638 2492 3688 sunt
2515 3631 2885 3703 aqualiailla
2903 3631 3056 3688 inter
3071 3649 3134 3688 se
3164 3634 3598 3706 suntaqualia.

1946 3723 2086 3788 Ειο
2128 3719 2657 3777 HSLFTOKM
2714 3721 2756 3776 G
2813 3726 2954 3776 sunt
2992 3721 3272 3792 aequales,
3330 3721 3597 3792 circuli;

1945 3827 2090 3866 nam
2111 3811 2342 3880 ﬁgura,
2370 3825 2632 3881 quarum
2661 3809 2938 3865 diametri
2965 3815 3104 3867 sunt
3131 3810 3419 3882 aquales,
3449 3811 3600 3884 ipsa

1944 3899 2098 3954 inter
2113 3915 2175 3956 se
2209 3904 2349 3954 sunt
2380 3896 2644 3970 aquales
2688 3916 2702 3964 ;
2735 3903 2792 3953 et
2818 3898 2984 3970 quod
3003 3913 3076 3954 ex
3105 3898 3251 3970 ipsis
3295 3899 3602 3956 diametris

1945 3988 2323 4046 constituitur
2354 3985 2720 4055 triangulum
2743 3986 2975 4058 aquale
3005 3992 3112 4043 est.
3136 3987 3432 4044 Diameter
3455 4002 3598 4058 ergo

1945 4081 1994 4130 Α
2032 4078 2094 4144 Β,
2127 4075 2332 4132 circuli
2363 4077 2405 4132 G
2427 4075 2476 4128 Η
2495 4079 2761 4131 assumat
2779 4073 3070 4146 aqualem
3092 4075 3205 4130 sibi
3242 4076 3600 4136 diametrum

1947 4171 1996 4220 A
2031 4167 2068 4220 X
2103 4164 2303 4220 circuli
2338 4165 2380 4220 Ο
2403 4163 2494 4230 Κ;
2523 4168 2580 4220 et
2597 4163 2732 4234 ipsa
2763 4168 3034 4219 assumat
3056 4163 3419 4220 diametrum
3452 4164 3509 4217 Χ
3557 4163 3600 4216 Β

1948 4253 2151 4310 circuli
2172 4255 2210 4309 F
2234 4256 2292 4308 T.
2335 4254 2619 4323 Fiantque
2663 4251 2854 4308 latera
2897 4257 2956 4308 et
2998 4252 3393 4310 constituatur
3421 4253 3601 4309 trian-

1949 4342 2157 4413 gulum
2185 4347 2230 4396 Α
2265 4347 2305 4399 C
2326 4345 2388 4399 Χ.
2412 4341 2710 4408 Quoniam
2724 4341 2909 4410 igitur
2922 4340 3189 4413 aquales
3214 4348 3351 4398 sunt
3375 4341 3602 4398 diame-

182 4432 458 4496 Quorum
481 4430 642 4485 enim
663 4429 930 4484 dimidia
954 4434 1151 4500 partes
1183 4429 1617 4500 suntaquales,
1643 4438 1698 4486 et
1718 4435 1842 4487 tota
1875 4458 1918 4510 ι)
1948 4433 2040 4504 tri,
2056 4436 2119 4487 ut
2135 4431 2609 4487 demonstratum
2640 4435 2751 4499 est,
2780 4431 3125 4486 necessario
3142 4430 3506 4500 triangulum
3527 4447 3602 4488 ex

178 4518 320 4590 ipsa
340 4517 767 4590 suntaqualia.
795 4517 1006 4572 Eodem
1038 4516 1216 4572 modo
1239 4523 1301 4571 ut
1317 4520 1356 4571 Ν
1381 4533 1442 4571 se
1465 4518 1649 4574 habet
1669 4519 1748 4574 ad
1774 4521 1837 4586 U,

179 4607 268 4663 ita
289 4607 472 4663 etiam
493 4607 575 4662 FF
601 4606 681 4662 ad
707 4609 776 4673 U;
800 4605 1108 4678 utriusque
1123 4605 1283 4660 enim
1315 4607 1548 4661 termini
1569 4612 1841 4663 centrum

183 4701 273 4752 est
307 4698 373 4766 U,
401 4701 466 4752 ut
493 4699 538 4752 Ν
572 4715 584 4754 :
621 4701 888 4750 centrum
917 4699 1006 4749 est
1031 4694 1422 4749 terminorum
1455 4693 1496 4750 U
1550 4698 1611 4750 Β.
1663 4695 1842 4768 Atqui

178 4789 226 4838 Α
261 4786 306 4840 U
340 4786 382 4838 X
415 4786 457 4839 U
480 4790 618 4839 sunt
643 4782 900 4855 aqualia
920 4781 1044 4836 istis
1077 4785 1120 4836 Ν
1155 4783 1197 4837 U
1253 4783 1296 4837 U
1343 4783 1442 4838 FF.
1493 4785 1644 4838 Nam
1703 4799 1840 4839 cen-

179 4878 344 4928 trum
385 4888 707 4929 commune
739 4877 824 4926 est
853 4873 916 4926 U.
954 4871 1250 4926 Diameter
1281 4886 1423 4939 ergo
1462 4874 1509 4924 A
1548 4871 1590 4927 X
1638 4872 1842 4928 circuli

178 4963 223 5018 O
249 4963 296 5016 Κ
324 4961 579 5034 aqualis
610 4967 697 5017 est
722 4961 1015 5015 diametro
1045 4959 1239 5031 ipsius
1300 4962 1378 5014 FF
1437 4963 1502 5015 Ν.
1573 4962 1840 5025 Quorum

174 5052 341 5106 enim
365 5050 618 5106 dimidia
652 5055 788 5104 sunt
801 5048 1081 5120 aqualia,
1101 5053 1223 5103 tota
1244 5048 1377 5119 ipsa
1401 5055 1539 5104 sunt
1562 5049 1837 5122 aqualia,

173 5141 262 5194 Ex
283 5139 499 5195 eadem
523 5139 753 5195 ratione
788 5145 854 5192 ut
885 5153 949 5192 se
978 5136 1162 5192 habet
1191 5140 1233 5192 Ν
1276 5137 1353 5192 ad
1393 5141 1464 5206 A,
1492 5140 1575 5194 ita
1595 5139 1772 5195 etiam
1801 5141 1840 5194 E

173 5227 256 5285 ad
291 5232 337 5282 A
359 5247 376 5300 ;
402 5229 710 5301 utriusque
731 5228 886 5282 enim
913 5233 1180 5283 centrum
1201 5233 1289 5282 est
1317 5234 1384 5282 A.
1411 5229 1538 5284 Νοη
1556 5245 1725 5284 secus
1757 5235 1838 5285 at-

175 5331 298 5388 que
315 5317 706 5373 terminorum
727 5319 762 5370 Β
795 5319 858 5387 Α,
889 5319 1155 5370 centrum
1181 5321 1270 5371 est
1296 5319 1360 5371 N.
1378 5318 1555 5388 Atqui
1575 5319 1613 5374 Ο
1637 5321 1684 5370 Α
1717 5320 1837 5390 ΗΑ,

181 5404 444 5477 aqualia
468 5405 749 5461 suntistis
779 5408 818 5461 Ν
848 5410 890 5459 Α
924 5405 966 5460 U
996 5411 1070 5472 A;
1091 5420 1225 5460 nam
1243 5411 1506 5461 centrum
1531 5422 1838 5462 commune

185 5499 282 5550 est
309 5497 378 5549 A.
419 5495 714 5551 Diameter
740 5508 882 5565 ergo
915 5493 955 5549 C
985 5495 1050 5560 U,
1083 5494 1284 5550 circuli
1308 5497 1356 5551 Μ
1387 5497 1446 5565 C,
1474 5495 1722 5568 aqualis
1754 5489 1841 5551 est

187 5583 388 5656 ipsius
437 5583 730 5641 diametro
762 5587 800 5638 Β
828 5583 872 5639 Ν
907 5598 922 5649 ς
953 5591 1213 5656 quorum
1253 5583 1413 5640 enim
1437 5584 1686 5641 dimidia
1700 5579 1840 5642 sunt

1947 4521 2038 4575 his
2069 4519 2459 4578 constitutum
2496 4524 2584 4575 est
2605 4518 3021 4591 aquilaterum
3046 4523 3106 4575 et
3121 4519 3600 4592 aquiangulum.

1949 4607 2231 4665 Diametri
2265 4623 2408 4677 ergo
2435 4623 2510 4666 ex
2528 4613 2732 4664 centro
2769 4624 2841 4664 ex
2894 4607 3096 4664 medio
3121 4608 3316 4664 ducta
3338 4607 3603 4678 aquales

1948 4698 2317 4752 constituunt
2344 4695 2592 4768 ﬁguras,
2629 4697 3128 4769 quandoquidem
3167 4697 3364 4753 omnis
3401 4695 3602 4751 circuli

1948 4786 2232 4842 diameter
2251 4793 2338 4841 est
2368 4785 2881 4858 aqualis;idcirco
2892 4785 3142 4858 quilibet
3158 4785 3350 4856 ipsius
3375 4799 3514 4854 pars
3539 4783 3601 4838 in

1948 4882 2217 4930 centrum
2249 4889 2612 4930 concurrens
2635 4874 2881 4945 reliquis
2907 4873 3182 4945 partibus
3203 4877 3293 4928 est
3327 4870 3599 4944 aqualis,

1949 4969 2014 5018 ut
2044 4980 2230 5034 supra
2249 4963 2729 5018 demonstratum
2757 4968 2868 5016 est.
2902 4966 2973 5017 At
3032 4961 3149 5017 hoc
3202 4963 3266 5016 in
3305 4959 3603 5031 triangula

1946 5051 2149 5108 locum
2181 5067 2304 5108 non
2323 5050 2510 5106 habet
2543 5065 2556 5118 ;
2585 5065 2731 5105 nam
2749 5049 2940 5120 ipsius
2959 5049 3146 5105 latera
3175 5064 3300 5106 non
3339 5048 3606 5106 efﬁciunt

1948 5140 2259 5206 circulum,
2310 5145 2414 5194 aut
2465 5136 2832 5206 triangulum
2878 5136 3112 5210 aquale
3154 5138 3455 5209 triangulo
3501 5143 3607 5198 aut

1947 5229 2168 5284 circulo
2197 5229 2301 5302 qui
2353 5243 2426 5281 ex
2477 5225 2665 5297 ipsius
2721 5225 3014 5283 diametro
3066 5227 3395 5297 conﬁcitur,
3458 5242 3605 5284 nam

1945 5317 2238 5372 diameter
2275 5313 2481 5372 circuli
2503 5318 2558 5368 et
2581 5313 2752 5369 tertia
2776 5329 2918 5385 pars
2973 5313 3396 5370 circumducta
3433 5313 3606 5369 linea

1946 5421 2134 5479 quam
2175 5406 2223 5461 si
2248 5405 2382 5478 quis
2404 5408 2673 5460 assumat
2693 5408 2752 5458 et
2776 5403 3079 5473 adhibeat,
3105 5403 3607 5462 utsecetcircum-

1949 5495 2256 5551 ferentiam
2281 5493 2504 5563 circuli,
2531 5499 2647 5549 tres
2681 5493 2943 5565 aequales
2956 5493 3453 5550 diametrolineas
3482 5490 3608 5552 em.

1953 5585 2087 5658 ciet,
2117 5571 2302 5658 quam
2334 5583 2582 5657 quidem
2603 5581 2795 5640 lineas
2813 5582 2862 5638 si
2879 5582 3017 5655 quis
3046 5588 3111 5640 ut
3160 5581 3348 5640 latera
3393 5585 3614 5652 ponat,
