4066 6212
9 2251 46 2263 —

295 253 376 366 ’χ
1075 258 1432 325 THEODORI
1468 259 1516 324 It
1551 261 1688 325 IMP.
1729 265 1822 324 DE
1861 267 2321 327 COMMUNIONE
2358 253 2736 327 THEODORI.

439 391 604 468 ταύτῃ
652 395 694 445 Α
725 396 762 444 Β
791 393 830 444 Γ
876 387 1154 465 ἀπαρτίζει
1205 395 1264 446 1'6
1321 397 1572 467 τρίγωνον
1620 401 1665 449 Α
1696 397 1818 463 ΒΓ,
1875 389 1922 446 Α
1984 391 2238 464 λαϐοῦσα,
2296 392 2350 459 ἐξ
2401 393 2631 468 ἄνᾶγκης
2689 399 2762 465 τῷ
2817 392 2880 447 οὗ
2917 391 3147 468 ἶπλευρὰ,
3207 391 3320 447 ἶσον
3371 391 3585 454 ἐποίησε

369 367 572 671 ’δεῖ

583 682 683 816 ις

539 481 570 540 ἡ
611 485 700 532 τοῦ
741 484 781 533 Α
805 486 842 532 Β
877 485 914 532 Γ
943 484 984 532 Α
1021 486 1059 532 Β
1106 477 1388 558 διάμετρος
1444 482 1651 535 τεθεῖσα
1702 485 1820 555 μεί-

539 584 598 645 Qu
663 571 954 628 συνέστησε
997 577 1105 632 τοίς
1147 579 1241 623 τοῦ
1288 576 1544 645 τριγώνου
1597 572 1818 624 καθέτου

717 661 1204 732 συσταθησομένοις
1275 659 1482 721 κύκλοις
1543 663 1630 713 τὸν
1657 666 1708 714 Μ
1739 667 1778 714 Φ
1802 681 1816 696 ο

717 749 898 810 ςίθετος
948 747 1041 801 ούκ
1098 751 1190 808 ἴση
1242 755 1305 822 τῇ
1335 754 1375 803 Α
1407 755 1444 801 Β
1469 748 1668 826 πλευρᾷ
1704 747 1819 802 κατ’

103 885 142 922 ..
809 842 924 890 καὶι
953 838 1085 896 αὕτη
1144 833 1417 914 διάμετρος
1461 847 1555 892 τοῦ
1591 845 1634 893 Π
1666 847 1699 892 Σ
1732 840 1822 892 κύ-

131 911 170 990 .I
257 911 282 942 \
729 911 848 1002 hi
896 931 985 980 καὶ
1032 927 1266 990 ὁκύκλος
1325 929 1386 981 οὗ
1457 929 1590 988 αὕτη
1639 925 1820 1002 διάμε-

857 1035 943 1069 τον
1000 1018 1180 1079 ἄνισος
1229 1023 1299 1088 τῷ
1347 1023 1464 1072 ΜΦ
1523 1017 1714 1091 κύκλῳ,
1759 1017 1820 1072 οὗ

745 1140 756 1168 ,
833 1110 922 1158 καὶ
993 1109 1053 1159 τὸ
1113 1108 1429 1183 ἄραΓΜΘ
1472 1113 1718 1182 τρίγωνον
1791 1107 1818 1160 6

707 1198 796 1247 καὶ
877 1191 1176 1270 διάμετρος,
1235 1204 1328 1249 τοῦ
1360 1203 1398 1251 Δ
1433 1202 1470 1250 Β
1500 1203 1540 1250 Γ
1562 1202 1817 1272 τριγώνου

618 1283 832 1354 κύκλου,
889 1284 1084 1358 πλευρὰ
1134 1289 1407 1359 γεναμένη,
1477 1291 1815 1356 συνέστησεν,

503 1395 567 1444 ιι,
615 1373 732 1427 κατ’
779 1373 985 1428 ἔλαττον
1038 1371 1098 1429 δὲ
1153 1383 1244 1430 τοῦ
1277 1382 1316 1431 Α
1349 1384 1386 1430 Β
1422 1382 1462 1430 Γ
1511 1384 1766 1452 τριγώνου
1800 1400 1814 1414 ο

394 1493 423 1536 ρ
474 1461 690 1536 πλευραὶ
736 1462 1101 1517 ὑποτείνουσαι
1158 1462 1402 1532 ἀλλήλας,
1452 1465 1663 1538 μεὶζους
1703 1467 1820 1520 έαυ-

279 1593 292 1608 ,
329 1558 420 1611 τῆς
469 1546 754 1625 διαμέτρου
803 1557 892 1604 καὶ
947 1555 1166 1606 καθέτου
1219 1562 1432 1607 ποιοῦσι
1488 1553 1663 1626 πάλιν,
1708 1554 1820 1618 ἐπεὶ

206 1657 236 1696 η
269 1644 428 1692 Βτοῦ
479 1648 526 1695 Α
563 1645 602 1692 Γ
652 1645 910 1716 τριγώνου
961 1643 1055 1695 ούκ
1110 1646 1203 1701 ἴση
1255 1651 1316 1717 τῇ
1380 1643 1565 1697 ἑαυτοῦ
1621 1645 1820 1719 πλευρᾷ

204 1731 242 1778 Β
273 1733 316 1780 Γ
373 1730 514 1781 ἔστιν
605 1730 733 1782 ὃπου
792 1730 852 1782 ἂν
898 1733 1123 1804 περάσῃ,
1188 1731 1233 1784 εἰ
1277 1736 1407 1805 μήτι
1449 1736 1584 1786 κατὰ
1639 1738 1697 1786 τὸ
1726 1740 1763 1787 Γ
1791 1736 1818 1788 6

205 1812 327 1869 ἔστι
397 1820 556 1890 πέρας
630 1827 724 1880 τῆς
786 1825 823 1872 Β
863 1825 901 1872 Γ
964 1820 1208 1897 πλευρᾶς,
1266 1826 1353 1875 καὶ
1404 1827 1678 1895 γενήσεται
1727 1830 1817 1878 καὶ

207 1903 346 1964 αὕτη
394 1905 610 1982 πλευρὰ,
670 1909 696 1960 6
757 1927 812 1962 τε
871 1914 961 1962 καὶ
1011 1918 1102 1963 τού
1159 1918 1254 1972 τῆς
1299 1907 1583 1988 διαμέτρου
1608 1907 1811 1987 ἀποστῇ

208 1989 483 2067 ὀνόματος,
516 1997 714 2064 ἄνισος,
765 1999 877 2050 κατ’
916 1997 1124 2052 ἴλαττόν
1181 1998 1291 2053 ἔστι
1316 2009 1410 2063 τῆς
1439 2008 1475 2053 Β
1515 2009 1547 2054 Σ
1572 2001 1814 2077 πλευρᾶς,

209 2083 448 2158 ὑπάρχει
477 2081 536 2138 δὲ
565 2087 596 2144 ἠ
642 2085 770 2145 αύτὴ
813 2091 902 2140 καὶ
955 2097 1046 2140 τοῦ
1085 2096 1128 2142 Χ
1163 2095 1210 2144 Λ
1262 2089 1454 2143 κύκλου
1514 2087 1816 2166 διάμετρος,

215 2169 517 2245 ἀναγκαίως
567 2179 658 2228 καὶ
707 2177 732 2228 6
797 2183 844 2230 X
875 2183 920 2230 Λ
977 2178 1160 2240 κύκλος
1219 2180 1395 2242 ἄνισος
1441 2180 1557 2233 κατ’
1610 2182 1818 2236 ἔλαττόν

218 2259 332 2317 ἔστι
386 2272 458 2336 τῷ
486 2271 538 2317 Μ
568 2270 608 2320 Φ
629 2265 800 2338 κύκλῳ
857 2266 918 2319 οὗ
967 2263 1248 2343 διάμετρος
1272 2270 1302 2328 ἡ
1336 2275 1375 2323 Α
1407 2275 1444 2322 Β
1468 2291 1480 2303 ·
1510 2271 1540 2329 ἡ
1591 2273 1692 2344 γὰρ
1723 2277 1759 2323 Β
1782 2275 1821 2324 Γ

217 2355 312 2412 ἴση
383 2357 543 2428 ταύτῃ
609 2353 742 2425 εστὶ,
818 2361 908 2409 καὶ
992 2360 1049 2410 τὸ
1113 2360 1406 2432 ἄραΕΒΖ
1449 2359 1753 2435 τρίγωνονὸ
1784 2361 1815 2419 ἡ

220 2447 367 2502 κοινή
425 2439 720 2518 διάμετρος,
769 2451 862 2496 τοῦ
902 2451 942 2498 A
974 2445 1018 2499 Β
1051 2450 1088 2498 Γ
1113 2452 1366 2522 τριγώνου
1422 2453 1512 2502 καὶ
1564 2456 1656 2502 τοῦ
1695 2457 1744 2504 Χ
1775 2455 1822 2504 Λ

223 2531 416 2584 κύκλου
486 2532 676 2608 πλευρὰ
730 2537 1001 2607 γεναμένη,
1082 2540 1397 2596 συνέστησεν
1454 2537 1634 2592 ἄνισον
1685 2537 1820 2610 ἐστι,

228 2620 343 2674 κατ’
384 2618 590 2674 ἔλαττον
617 2617 696 2692 δε,
725 2631 798 2694 τῷ
829 2629 876 2680 Α
904 2631 942 2676 Β
969 2629 1005 2677 Γ
1034 2630 1268 2700 τριγώνῳ
1326 2625 1498 2680 ’πάλιν
1543 2618 1603 2681 δι
1631 2629 1661 2688 ἠ
1706 2625 1823 2682 διοίυ

231 2725 410 2785 μετρος
456 2718 546 2763 τοῦ
585 2718 635 2766 Μ
664 2708 876 2782 κύκλου,
935 2707 1114 2773 ἐπειδὴ
1170 2720 1256 2768 καὶ
1309 2715 1504 2790 πλευρά
1561 2716 1675 2771 ἐστι
1732 2726 1822 2772 τοῦ

223 2803 324 2857 ΑΒ
353 2804 392 2854 Γ
442 2806 716 2877 τριγώνου,
769 2806 862 2866 τὰς
921 2807 958 2856 Β
987 2811 1094 2859 ΩΑ
1124 2811 1172 2858 Ω.
1212 2803 1436 2882 πλευρὰς
1478 2809 1602 2871 ἴσας
1655 2810 1819 2883 ταύτῃ

295 1209 310 1224 .
439 1167 492 1224 δ

3471 267 3610 327 1386

1980 486 2227 555 τρίγωνον
2268 490 2342 554 τῷ
2411 489 2449 536 Α
2475 489 2598 541 ΒΩ.
2628 487 2728 536 Καὶ
2773 480 2880 536 ἐπεὶ
2931 486 3104 535 τοίνυν
3159 483 3188 542 ἡ
3233 487 3335 536 AB
3389 481 3586 556 πλευρὰ

1981 571 2172 642 μείζων
2201 570 2315 625 ἐστὶ
2357 577 2584 634 τῆςΒΓ
2634 571 2768 644 (sic)
2822 567 3107 646 διαμέτρου
3166 575 3256 622 καὶ
3309 571 3441 630 αὕτη
3493 577 3584 634 τῆς

1983 665 2026 712 Η
2058 665 2096 712 Γ
2149 662 2386 729 καθέτου,
2455 659 2705 721 έπίστησι
2779 656 2860 729 δε,
2945 661 2974 718 ἡ
3027 663 3118 733 μὲν
3165 665 3205 714 A
3236 665 3274 713 Γ
3325 663 3412 712 τὸν
3441 667 3495 714 Μ
3521 667 3582 730 Φ,

1982 748 2012 806 ἠ
2043 744 2103 801 δὲ
2133 755 2170 801 Β
2197 749 2353 802 Ετόν
2381 754 2520 819 ΧΑ,
2552 751 2583 809 ἠ
2627 745 2687 802 δι
2715 755 2758 802 Η
2789 754 2829 801 Γ
2854 751 2940 802 τὸν
2969 755 3014 802 ΙΙ
3041 757 3100 819 Σ,
3133 746 3504 821 ἁναγκαίωςΜ
3544 753 3584 802 Φ

1981 839 2172 911 μείζων
2197 838 2310 893 ἐστὶ
2347 847 2438 893 τοῦ
2473 848 2522 894 X
2552 845 2623 910 A,
2652 840 2794 893 καὶὸ
2827 843 2870 893 Κ
2909 845 2944 892 Δ
2966 846 3057 892 τοῦ
3089 845 3132 892 Π
3163 846 3217 905 Σ,
3275 839 3444 899 καθὼς
3492 841 3585 892 καὶ

1980 927 2044 990 ἃς
2097 928 2478 1006 προσελάϐοντο
2541 932 2732 1002 έχουσι
2773 925 3102 1003 διαμέτρους,
3140 931 3232 981 καὶ
3285 928 3353 980 τὰ
3407 927 3582 1004 ἇραΑ

1981 1023 2020 1072 Β
2056 1023 2094 1071 Γ
2123 1025 2162 1073 Ε
2191 1025 2228 1072 Β
2250 1025 2290 1072 Ζ
2321 1025 2358 1072 Γ
2384 1025 2426 1072 Η
2457 1027 2503 1073 Θ
2529 1024 2752 1093 τρίγωνα
2801 1017 2962 1080 οὕτως
3008 1020 3224 1092 ἔχουσιν
3254 1038 3268 1052 '
3296 1018 3366 1080 ὡς
3412 1020 3514 1092 γὰρ
3555 1018 3584 1070 6

1980 1113 2092 1163 ΜΦ
2119 1112 2244 1185 πρὸς
2270 1113 2425 1164 τὸνΧ
2456 1114 2612 1164 Λκαὶ
2642 1111 2891 1164 τὰΛΒΓ
2946 1112 3073 1184 πρὸς
3104 1112 3163 1162 1'6
3201 1114 3394 1177 ΒΕΖ,
3426 1111 3493 1170 ὡς
3524 1104 3585 1162 δὲ

1981 1199 2152 1253 ὀΧΛ
2195 1202 2324 1276 πρὸς
2380 1202 2469 1252 τὸν
2501 1205 2624 1265 ΠΣ,
2655 1201 2710 1252 τὸ
2745 1203 2912 1252 ΒΕΖ
2955 1201 3084 1274 πρὸς
3130 1201 3190 1252 1'6
3246 1203 3354 1252 ΓΗ
3395 1200 3582 1260 Θ·ὡς

1980 1289 2084 1361 ἄρα
2107 1288 2299 1361 μείζων
2326 1289 2352 1341 ὀ
2383 1295 2435 1343 Μ
2467 1295 2505 1342 Φ
2531 1296 2632 1342 τῶν
2657 1295 2706 1343 Χ
2734 1294 2780 1342 Λ
2804 1295 2848 1341 Π
2888 1295 2943 1351 Σ,
2975 1287 3110 1340 οὕτω
3165 1291 3256 1342 καὶ
3308 1289 3366 1340 τὸ
3399 1293 3439 1342 Α
3479 1294 3516 1341 Β
3545 1290 3586 1342 Γ

1981 1384 2514 1449 τῶνΒΕΖΓΗΘ,
2547 1382 2701 1451 μόνον
2732 1374 2792 1430 δὴ
2839 1375 2953 1430 ἶσον
2996 1380 3579 1449 τῷΑΒΓτὸΑΒΩ.

1977 1465 2046 1521 Αἱ
2129 1475 2220 1520 τοῦ
2298 1472 2549 1544 τριγώνου
2621 1468 2726 1541 ἄρα
2775 1465 2993 1542 πλευραὶ
3036 1470 3126 1519 καὶ
3181 1461 3459 1543 διάμετρος
3491 1471 3583 1520 καὶ

1979 1555 2210 1624 κάθετος,
2286 1556 2382 1609 ούκ
2461 1558 2604 1617 ἱσους
2650 1555 2866 1616 κύκλους
2927 1555 2957 1614 ἦ
3017 1556 3084 1608 τὰ
3137 1557 3366 1630 τρίγωνα
3414 1557 3584 1608 πάντα

1979 1652 2212 1708 ποιοῦσι,
2270 1629 2520 1699 κατὰίτὸ
2580 1648 2788 1721 κέντρον
2834 1649 2925 1698 καὶ
2982 1647 3138 1718 μέσον
3183 1645 3584 1720 περατούμεναὶ,

1979 1735 2100 1809 άπερ
2124 1731 2231 1788 ἔδει
2262 1732 2452 1799 δεῖξαι.

2051 1825 2118 1891 ς’.
2171 1829 2303 1901 Πρὸς
2373 1827 2578 1887 τούτοις
2621 1818 2680 1878 δι
2743 1825 2980 1896 συγγενές
3032 1830 3129 1877 τῶν
3189 1821 3472 1898 λεγομένων
3516 1826 3586 1888 ὡς

1981 1913 2258 1988 ἀναγκαῖον
2303 1919 2538 1988 κρίνομεν
2579 1911 2750 1976 δεῖξαι
2791 1915 2963 1986 ὅτιπερ
2993 1918 3096 1966 πᾶν
3148 1917 3396 1988 τρίγωνον
3433 1916 3490 1967 1'6
3529 1911 3586 1965 ἐκ

1984 2013 2079 2067 τῆς
2139 2011 2230 2056 τοῦ
2311 2003 2502 2056 κύκλου
2571 1999 2855 2078 διαμέτρου
2911 2005 3264 2077 καταγραφὶν,
3317 2006 3374 2056 '1'6
3415 2003 3584 2076 ἣμισυ

1980 2091 2208 2168 ἐμϐαδὸν
2236 2092 2460 2167 περιέξει
2493 2092 2649 2166 οὗπερ
2695 2092 2807 2164 ἔχει
2863 2087 3145 2165 διάμετρον
3197 2091 3388 2145 κύκλου
3433 2092 3586 2146 πλευ·

1979 2183 2144 2260 ρὰν,ὃ
2175 2178 2242 2242 δὴ
2279 2182 2468 2255 εὐγενές
2500 2180 2732 2256 ὑπάρχει
2791 2183 3034 2258 Θεώρημα
3093 2183 3226 2256 πρὸς
3287 2180 3344 2234 1'6
3412 2169 3586 2244 δεῖξαι

1981 2273 2058 2326 ὅτι
2117 2273 2143 2324 6
2194 2271 2380 2334 κύκλος
2439 2267 2732 2324 διπλασίων
2805 2271 2919 2323 έστὶ
2966 2278 3058 2323 τοῦ
3117 2268 3218 2323 ἀπὸ
3275 2277 3370 2332 τῆς
3421 2269 3584 2324 αὐτοῦ

1983 2359 2267 2436 διαμέτρου
2315 2363 2730 2436 καταγραφέντος
2779 2364 3030 2436 τριγώνου
3112 2357 3436 2435 ἰσοπλεύρου·
3503 2366 3588 2413 Δεῖ

1984 2449 2044 2504 δὲ
2099 2449 2285 2503 κύκλον
2323 2450 2550 2527 γράψαι,
2605 2453 2696 2502 καὶ
2745 2447 2918 2502 λαϐεῖν
2956 2453 3052 2508 τὴν
3095 2448 3258 2502 αὐτοῦ
3306 2445 3585 2524 διάμετρον

1982 2545 2073 2594 καὶ
2101 2545 2355 2614 τριγώνου
2381 2541 2542 2592 θεῖναι
2578 2538 2822 2612 πλευρὰν,
2865 2543 2953 2591 καὶ
3011 2545 3282 2597 συστῆσαι
3323 2537 3468 2601 αὐτὸ,
3497 2542 3590 2591 καὶ

1986 2625 2156 2693 δεῖξαι
2182 2631 2262 2682 ὅτι
2284 2623 2564 2689 διπλάσιος
2617 2626 2757 2680 έστιν
2813 2625 2976 2680 ἀύτοῦ
3022 2627 3049 2680 ὀ
3095 2625 3303 2695 κύκλος,
3359 2625 3420 2680 οὗ
3476 2629 3592 2699 ἔχει

1987 2716 2267 2796 διάμετρον
2314 2717 2535 2794 πλευρὰν
2592 2725 2633 2788 ῷ
2693 2721 2713 2770 Ι
2766 2720 2957 2793 κέντρῳ
3011 2737 3026 2750 ·
3072 2715 3260 2779 κύκλος
3310 2716 3590 2792 γεγράφθω

1987 2809 2013 2862 6
2046 2816 2088 2862 Π
2116 2816 2162 2863 Θ
2195 2804 2531 2882 διαστήμασι
2574 2823 2686 2870 τοις
2734 2812 2775 2860 Α
2796 2811 2833 2858 Β
2862 2811 2903 2860 Τ
2922 2813 2970 2859 Ω.
2989 2811 3034 2859 Η
3065 2811 3114 2862 Χ
3138 2826 3152 2840 ο
3187 2803 3590 2879 έπιζεύχθωσαν

190 2975 556 3038 diametrum
576 2979 924 3041 ductalinea
952 2983 1309 3046 eﬂlciuntur.
1329 2986 1625 3054 Quoniam
1647 2992 1849 3046 autem
1888 2985 1928 3043 C
1958 2991 2004 3045 Λ
2028 2990 2068 3045 Β
2099 2985 2386 3044 circulum
2425 2986 2478 3042 M
2531 2986 2598 3051 U,
2641 2983 2934 3042 diameter
2975 2997 3117 3040 vero
3163 2985 3204 3039 Β
3232 2985 3275 3040 Ε
3325 2981 3618 3042 circulum

188 3067 354 3126 linea
377 3071 889 3144 perpendicularis
911 3077 954 3132 (ὲ
981 3076 1022 3132 C
1044 3089 1167 3132 non
1187 3081 1274 3133 est
1303 3077 1553 3150 aequalis
1589 3077 1706 3150 ipsi
1732 3081 1848 3150 AB,

189 3161 516 3218 astantem
543 3159 834 3220 diameter
854 3163 1124 3232 circuliQ
1162 3165 1218 3235 S,
1270 3167 1611 3224 necessario
1667 3167 1852 3224 circu-

187 3249 433 3320 lusQS,
503 3251 674 3323 cujus
723 3257 812 3309 est
883 3254 1014 3327 ipsa
1071 3253 1384 3323 diameter,
1415 3256 1523 3313 erit
1561 3255 1758 3314 minor
1794 3261 1852 3314 et

187 3339 510 3414 inaequalis
537 3340 758 3398 circulo
775 3344 825 3398 M
846 3344 912 3410 U,
939 3343 1113 3416 cujus
1153 3343 1443 3402 diameter
1467 3349 1555 3402 est
1583 3346 1696 3401 AB.
1729 3344 1850 3402 Tri-

187 3429 486 3501 angulum
512 3443 656 3500 ergo
683 3430 730 3484 G
759 3434 802 3488 Η
827 3433 889 3500 C,
939 3433 1112 3505 cujus
1143 3433 1302 3491 linea
1339 3434 1852 3509 perpendicularis

188 3523 351 3576 estA
381 3520 438 3586 C,
458 3524 516 3577 et
541 3519 832 3578 diameter
847 3521 1125 3593 trianguli
1149 3528 1192 3579 Α
1224 3527 1263 3579 Β
1299 3526 1336 3581 C
1363 3530 1419 3581 et
1469 3525 1672 3582 circuli
1713 3527 1757 3591 Ο
1792 3525 1848 3593 8,

188 3607 408 3667 effecta
427 3608 606 3677 latus,
620 3611 921 3668 constituit
937 3613 1300 3683 triangulum
1312 3613 1628 3688 inaequale,
1661 3620 1717 3672 et
1740 3615 1852 3670 mi-

187 3715 315 3755 nus
341 3698 636 3769 triangulo
656 3703 705 3755 A
737 3701 775 3754 Β
793 3703 852 3758 C.
868 3703 1016 3757 Nam
1042 3718 1178 3774 quae
1191 3701 1378 3760 latera
1393 3703 1668 3761 substern
1679 3711 1856 3760 untur

189 3786 316 3844 sibi
341 3787 593 3843 invicem
620 3787 752 3861 ipsa
781 3789 1015 3862 majora
1062 3807 1124 3846 se
1182 3791 1446 3849 efficiunt
1477 3791 1770 3849 diametro
1800 3797 1858 3849 et

187 3876 355 3933 linea
374 3878 866 3950 perpendiculari.
899 3881 1122 3935 Rursus
1159 3881 1450 3952 quoniam
1500 3884 1539 3936 Β
1575 3882 1856 3952 trianguli

193 3969 248 4021 Α
278 3968 315 4020 Β
343 3969 382 4022 C
403 3982 525 4022 non
553 3982 624 4022 eo
643 3983 832 4041 usque
853 3969 1226 4040 protenditur
1256 3974 1318 4024 ut
1339 3969 1412 4025 sit
1434 3969 1664 4042 mquale
1691 3970 1858 4026 lateri

191 4057 327 4126 BC,
353 4055 582 4112 eritubi
626 4057 990 4129 terminatur,
1039 4059 1088 4113 si
1144 4058 1352 4114 nonin
1391 4060 1430 4114 C
1483 4059 1852 4127 terminatur,

195 4143 309 4216 qui
336 4147 424 4199 est
452 4143 744 4200 terminus
782 4144 979 4201 lateris
1011 4147 1051 4198 Β
1101 4148 1163 4203 C.
1217 4146 1658 4204 Terminahitur
1714 4162 1856 4220 ergo

193 4235 262 4291 in
305 4235 365 4300 E,
397 4237 454 4289 et
487 4233 591 4289 ﬁet
616 4233 794 4301 latus,
837 4234 1137 4307 siquidem
1179 4251 1403 4294 nomen
1441 4237 1715 4294 diametri
1735 4253 1854 4294 non

1960 3079 2083 3144 XL,
2137 3073 2748 3146 rursusjdiameterG
2781 3075 2820 3130 C
2853 3070 3148 3130 circulum
3197 3073 3242 3139 Ω
3299 3073 3337 3128 S
3387 3087 3409 3128 ηε
3460 3075 3618 3130 certe

1957 3183 2066 3240 pro
2084 3165 2313 3223 ratione
2325 3160 3126 3232 diametrorumtriangulaA
3139 3164 3178 3217 Β
3193 3161 3285 3218 CE
3315 3162 3354 3218 Β
3372 3164 3412 3219 F
3435 3163 3475 3218 C
3495 3163 3538 3218 G
3568 3153 3619 3217 Η

1959 3271 2024 3312 se
2047 3253 2384 3312 habebunt.
2431 3254 2500 3308 Ut
2523 3254 2684 3309 enim
2711 3267 2775 3308 se
2828 3250 3012 3308 habet
3067 3253 3118 3309 Μ
3164 3250 3310 3308 Uad
3359 3252 3401 3308 Χ
3431 3253 3490 3318 L,
3535 3249 3621 3310 ita.

1959 3345 2136 3402 etiam
2160 3342 2522 3414 triangulum
2557 3346 2595 3398 A
2625 3343 2664 3398 Β
2681 3343 2721 3399 C
2742 3339 2821 3398 ad
2849 3339 3212 3411 triangulum
3238 3343 3275 3396 Β
3300 3342 3343 3396 Ε
3365 3342 3442 3398 F:
3477 3343 3534 3397 et
3553 3343 3622 3399 ut

1960 3450 2022 3491 se
2042 3431 2494 3490 habetcirculus
2524 3431 2564 3486 X
2593 3432 2632 3487 L
2662 3430 2741 3486 ad
2771 3429 3060 3487 circulum
3103 3429 3148 3496 Ο
3195 3430 3253 3498 S,
3308 3429 3390 3487 ita
3436 3427 3620 3487 etiam

1960 3523 2324 3596 triangulum
2356 3525 2394 3577 Β
2427 3523 2467 3577 Ε
2495 3524 2534 3578 F
2571 3519 2652 3578 ad
2673 3519 3036 3592 triangulum
3081 3522 3122 3578 C
3152 3521 3194 3578 ϐ
3244 3521 3309 3576 Η.
3354 3521 3426 3576 Ut
3479 3530 3622 3592 ergo

1959 3613 2157 3685 major
2177 3615 2268 3668 est
2319 3610 2576 3667 circulus
2609 3611 2660 3666 M
2692 3612 2735 3667 U
2761 3609 2996 3667 circulis
3019 3611 3061 3666 X
3083 3612 3122 3666 L
3145 3611 3188 3676 Q
3211 3610 3269 3678 S,
3297 3607 3382 3666 ita
3436 3608 3621 3668 etiam

1963 3701 2328 3773 triangulum
2353 3705 2400 3758 Α
2426 3703 2463 3756 Β
2491 3703 2530 3758 C
2561 3701 2758 3772 majus
2781 3699 3198 3770 esttriangulis
3223 3701 3262 3754 Β
3280 3701 3322 3755 Ε
3345 3701 3404 3769 F,
3423 3701 3464 3757 C
3486 3700 3530 3755 G
3547 3699 3618 3756 H.

1962 3791 2168 3848 Solum
2197 3805 2339 3847 vero
2371 3789 2733 3859 triangulum
2766 3794 2810 3845 Α
2833 3792 2872 3844 Β
2893 3789 2934 3843 C
2961 3792 3050 3845 est
3077 3787 3308 3861 mquale
3322 3789 3620 3860 triangula

1962 3883 2155 3937 ΑΒΟ.
2205 3879 2504 3950 Trianguli
2529 3895 2672 3950 ergo
2698 3877 2883 3934 latera
2913 3882 2971 3935 et
3017 3878 3310 3934 diameter
3363 3882 3422 3934 et
3461 3877 3623 3936 linea

1964 3967 2474 4042 perpendicularis
2493 3983 2615 4022 non
2631 3983 2842 4023 omnes
2857 3965 3111 4022 circulos
3138 3965 3403 4038 aequales
3423 3981 3622 4039 neque

1965 4055 2171 4115 omnia
2202 4055 2498 4126 triangula
2524 4058 2564 4111 E
2595 4055 2853 4129 aequalia
2874 4054 3156 4118 efﬁciunt,
3177 4070 3316 4110 cum
3353 4070 3460 4126 per
3489 4070 3624 4112 cen-

1965 4151 2125 4203 trum
2152 4150 2208 4203 et
2228 4145 2494 4202 medium
2515 4144 2816 4200 ducuntur
2873 4159 2945 4200 ac
2989 4143 3406 4213 terminantur,
3457 4143 3624 4217 quod

1966 4235 2230 4308 oportuit
2250 4233 2584 4290 ostendere.

191 4321 470 4389 retineat,
513 4321 738 4394 eritque
778 4322 1089 4396 inaequalis
1136 4328 1194 4381 et
1241 4325 1438 4381 minor
1474 4325 1656 4381 latere
1708 4328 1749 4382 Β
1797 4327 1855 4382 C.
1891 4346 1932 4400 ι)
2037 4328 2090 4380 6.
2119 4322 2509 4394 Praeterea“)
2537 4337 2732 4394 operae
2771 4322 3028 4394 pretium
3067 4321 3481 4380 existimamus
3531 4338 3627 4380 os-

193 4411 302 4465 Est
328 4414 526 4466 autem
561 4412 600 4465 Β
637 4412 676 4466 Ε
705 4410 995 4474 diameter
1023 4411 1228 4468 circuli
1287 4415 1327 4468 X
1377 4416 1414 4469 L
1453 4429 1468 4478 ;
1517 4415 1857 4470 necessario

193 4497 384 4568 igitur
411 4499 666 4555 circulus
696 4502 736 4556 X
773 4501 814 4554 L
834 4501 941 4556 erit
975 4500 1292 4574 inaequalis
1323 4507 1380 4559 et
1408 4503 1605 4560 minor
1634 4503 1856 4560 circulo

197 4592 253 4647 Η
285 4590 329 4644 U
359 4588 532 4660 cujus
560 4588 850 4646 diameter
865 4594 953 4646 est
980 4593 1027 4645 A
1082 4592 1120 4646 Β
1149 4608 1162 4659 ;
1204 4607 1346 4648 nam
1376 4591 1534 4649 linea
1573 4594 1611 4648 Β
1653 4596 1693 4650 C
1720 4593 1858 4650 huic

198 4678 456 4751 aequalis
477 4683 584 4747 est,
612 4684 670 4736 et
693 4679 1057 4750 triangulum
1086 4680 1266 4752 igitur
1295 4684 1334 4736 E
1361 4685 1400 4737 Β
1440 4684 1478 4738 F
1516 4682 1681 4754 quod
1732 4682 1859 4740 dia-

199 4773 394 4824 meter
416 4767 677 4825 circulix
708 4771 744 4824 L
773 4768 930 4833 latus
986 4769 1199 4826 effecta
1239 4770 1544 4828 constituit
1586 4775 1676 4827 est
1726 4771 1861 4827 inae-

197 4857 387 4932 quale
407 4862 467 4914 et
493 4857 692 4914 minus
730 4857 1022 4929 triangulo
1053 4863 1099 4914 A
1123 4862 1162 4914 Β
1187 4861 1250 4917 C.
1304 4861 1526 4917 Rursus
1573 4860 1862 4917 diameter

200 4947 482 5005 circuliM
543 4949 606 5016 U,
657 4948 948 5021 quoniam
997 4948 1176 5005 etiam
1230 4949 1391 5006 latus
1435 4954 1526 5006 est
1581 4949 1862 5022 trianguli

201 5043 250 5094 Α
284 5039 324 5093 Β
341 5038 400 5105 C,
423 5039 750 5112 assumptis
772 5037 1062 5096 lateribus
1085 5041 1126 5094 Β
1148 5040 1213 5107 0,
1236 5043 1280 5094 Α
1299 5041 1363 5106 0,
1382 5038 1740 5112 aequalibus,
1759 5055 1862 5096 ne-

199 5125 464 5183 cessario
495 5126 796 5184 constituit
822 5126 1189 5198 triangulum
1247 5129 1295 5182 A
1326 5130 1367 5183 Β
1420 5130 1486 5196 0,
1546 5127 1778 5202 aequale
1808 5129 1863 5186 ei

199 5215 382 5288 cujus
407 5219 496 5272 est
521 5215 678 5272 latus
699 5221 746 5273 Α
778 5219 836 5274 Β.
870 5219 934 5273 Et
980 5217 1268 5290 quoniam
1289 5215 1444 5274 latus
1488 5220 1536 5272 Α
1587 5218 1630 5270 Β
1664 5218 1864 5290 majus

197 5304 612 5363 estdiametro
633 5308 673 5362 Β
699 5309 760 5373 Ε,
793 5311 850 5363 et
879 5307 1080 5380 ipsum
1111 5309 1201 5362 est
1255 5321 1500 5380 quoque
1555 5307 1756 5378 majus
1801 5307 1864 5364 li-

1967 4411 2364 4469 tendereillud
2386 4410 2552 4484 quod
2583 4416 2906 4480 cognatum
2921 4415 3010 4467 est
3031 4411 3103 4466 iis
3115 4427 3252 4484 quae
3281 4416 3423 4468 sunt
3440 4411 3622 4484 dicta,

1967 4517 2186 4573 nempe
2212 4514 2391 4555 omne
2422 4498 2787 4570 triangulum
2839 4515 2913 4555 ex
2965 4498 3258 4556 diametro
3298 4499 3502 4556 circuli
3527 4499 3630 4556 de-

1967 4590 2255 4662 scriptum
2276 4587 2594 4644 dimidium
2634 4588 2897 4660 spatium
2935 4588 3440 4660 comprehendere
3495 4587 3628 4658 ejus

1967 4677 2248 4751 trianguli
2277 4675 2442 4750 quod
2465 4676 2647 4733 habet
2665 4691 2774 4748 pro
2795 4676 2998 4747 latere,
3017 4675 3220 4732 circuli
3237 4677 3624 4743 diametrum,

1967 4768 2137 4842 quod
2157 4782 2301 4823 sane
2330 4766 2638 4823 theorema
2664 4765 2863 4822 nobile
2885 4769 2992 4832 est,
3016 4769 3074 4820 et
3096 4761 3626 4820 accommodatum

1969 4856 2050 4915 ad
2087 4855 2532 4913 ostendendum
2569 4853 2859 4911 circulum
2896 4852 3120 4925 duplex
3177 4866 3306 4907 esse
3345 4849 3628 4921 trianguli

1971 4945 2294 5021 aequalium
2348 4944 2602 5002 laterum
2658 4959 2696 5000 a
2747 4942 3033 4999 subtensa
3069 4939 3273 4998 circuli
3332 4939 3629 4998 diametro

1971 5037 2270 5111 descripti.
2331 5036 2572 5108 Oportet
2611 5032 2792 5104 igitur
2837 5029 3128 5088 circulum
3187 5029 3524 5088 describere
3573 5034 3631 5089 et

1972 5141 2280 5186 assumere
2304 5124 2493 5198 ipsius
2515 5122 2896 5187 diametrum,
2925 5134 2998 5178 ac
3013 5135 3235 5193 ponere
3248 5119 3446 5192 ipsam
3467 5124 3534 5177 ut
3553 5119 3632 5177 sit

1973 5215 2256 5288 trianguli
2293 5215 2470 5282 latus,
2493 5217 2550 5270 et
2591 5211 2919 5268 constructi
2973 5209 3256 5282 trianguli
3313 5209 3630 5266 ostendere

1975 5305 2264 5365 circulum
2287 5319 2418 5360 esse
2447 5300 2722 5374 duplum,
2747 5299 2923 5372 cujus
2982 5298 3350 5372 triangulum
3394 5314 3504 5372 pro
3535 5296 3631 5356 la-

196 5410 324 5453 nea
343 5395 824 5469 perpendiculari
852 5398 895 5453 G
927 5399 987 5469 C,
1016 5395 1320 5454 constituit
1348 5400 1550 5454 autem
1577 5395 1868 5454 diameter
1975 5400 2096 5455 tere
2124 5394 2307 5454 habet
2329 5392 2712 5451 diametrum.
2739 5391 2807 5447 ln
2830 5393 3078 5449 centro!
3118 5387 3376 5448 circulus
3409 5385 3632 5446 scriba-

279 5573 366 5648 (t)
405 5573 539 5635 Haec
567 5589 764 5652 usque
805 5576 882 5637 ad
912 5589 1083 5636 num.
1110 5578 1143 5636 7
1173 5591 1297 5636 non
1319 5580 1467 5653 puto
1495 5589 1630 5638 esse
1655 5575 1847 5653 ipsius
1879 5576 2161 5639 auctoris.
2191 5573 2336 5634 Vide
2361 5569 2794 5636 Praefationem.

467 5701 712 5763 Parnm“
753 5703 855 5765 Gn.
893 5703 1043 5768 CXL.

3061 5693 3134 5753 44
