4066 6212
135 270 277 348 1385

1026 273 1384 340 THEODORI
1419 274 1468 339 li
1503 276 1640 341 IMP.
1679 277 1772 340 DE
1812 282 2270 342 COMMUNIONE
2307 268 2687 342 THEODORI.

3423 281 3562 343 1386

155 408 309 469 ἴσαις
391 405 556 478 ταύτῃ
604 411 645 460 Α
676 410 713 458 Β
743 409 782 458 Γ
827 402 1105 480 ἀπαρτίζει
1155 411 1214 460 τὸ
1272 411 1523 482 τρίγωνον
1571 416 1616 464 Α
1646 413 1768 478 ΒΓ,
1825 404 1873 462 Α
1935 406 2189 479 λαϐοῦσα,
2247 407 2300 474 ἐξ
2351 408 2582 483 ἀνάγκης
2639 415 2713 481 τῷ
2768 408 2830 462 οὗ
2868 406 3098 484 ἷπλευρὰ,
3157 406 3271 462 ἶσον
3321 407 3536 469 ἐποίησε

161 491 462 567 ἀναγκαίως
491 495 522 552 ἠ
562 500 652 546 τού
693 499 732 548 Α
756 501 794 547 Β
828 499 866 546 Γ
897 500 934 546 Α
973 501 1010 547 Β
1057 492 1340 572 διάμετρος
1395 498 1602 550 τεθεῖσα
1652 500 1770 571 μεί-

161 587 292 647 ζονα
363 582 550 636 κύκλον
615 587 905 642 συνέστησε
948 592 1056 646 τοῖς
1098 593 1192 639 τοῦ
1240 591 1495 660 τριγώνου
1548 588 1770 640 καθέτου

157 677 254 727 καὶ
314 669 600 746 διαμέτρου
669 677 1156 747 συσταθησομένοις
1226 675 1432 736 κύκλοις
1495 679 1581 728 τόν
1608 681 1659 730 Μ
1690 682 1767 730 Φ·

157 759 273 815 έπεὶ
340 758 400 816 δὲ
429 763 459 822 ἠ
493 766 531 815 Γ
561 768 603 814 Η
632 764 849 826 κάθετος
900 762 993 816 ούκ
1048 766 1140 824 ἴση
1194 771 1256 837 τῇ
1287 770 1326 818 Α
1358 771 1396 817 Β
1421 763 1619 841 πλευρᾷ
1654 763 1770 818 κατ’

156 850 392 916 ἔλαττον,
445 853 558 904 ἔστι
639 847 698 904 δι
761 857 876 905 καὶκ
905 853 1036 912 αὕτη
1095 849 1368 930 διάμετρος
1413 863 1506 908 τοῦ
1541 861 1586 908 Π
1617 861 1650 908 Σ
1682 856 1772 906 κύ-

155 940 311 1012 κλου,
347 939 635 1013 ἀναγκαίως
686 938 800 994 ἔστὶ
847 945 937 994 καὶ
983 942 1218 1005 ὁκύκλος
1277 944 1337 996 οὗ
1409 944 1540 1004 αὕτη
1589 939 1771 1018 διάμε-

156 1047 286 1104 τρος
341 1035 383 1082 Π
412 1036 466 1096 Σ,
516 1028 630 1082 κατ’
685 1029 895 1084 ἔλαττον
951 1033 1131 1094 ἄνισος
1180 1039 1250 1104 τῷ
1299 1038 1415 1087 ΜΦ
1473 1033 1664 1106 κύκλῳ,
1709 1033 1770 1087 οὗ

162 1117 444 1196 διάμετρος
501 1120 531 1178 ἠ
585 1124 708 1187 ΑΒ,
783 1125 873 1174 καὶ
945 1124 1004 1175 τὸ
1065 1123 1380 1198 ἄραΓΜΘ
1423 1128 1668 1198 τρίγωνον
1741 1123 1768 1176 ὁ

161 1209 194 1267 ἡ
232 1214 272 1261 Α
304 1210 574 1270 Γκοίθετος
657 1213 747 1262 καὶ
828 1206 1126 1285 διάμετρος,
1187 1219 1279 1264 τοῦ
1311 1219 1350 1266 Δ
1384 1217 1420 1265 Β
1451 1218 1490 1265 Γ
1513 1217 1768 1287 τριγώνου

162 1302 380 1351 καὶτοῦ
433 1303 478 1352 Π
504 1305 538 1351 Σ
569 1298 782 1368 κύκλου,
840 1299 1036 1372 πλευρὰ
1085 1304 1358 1374 γεναμένη,
1428 1305 1765 1372 συνέστησεν,

163 1389 347 1442 ἄνισόν
386 1387 518 1460 ἔστι,
567 1388 683 1442 κατ’
730 1389 936 1442 ἔλαττον
989 1386 1049 1444 δι
1104 1397 1194 1444 τού
1227 1397 1266 1445 Α
1300 1399 1336 1444 Β
1373 1397 1412 1445 Γ
1462 1399 1715 1467 τριγώνου
1751 1415 1764 1429 ·

163 1480 224 1531 αἱ
276 1480 374 1553 γὰρ
423 1474 641 1551 πλευραὶ
687 1477 1052 1532 ὑποτείνουσαι
1109 1477 1353 1547 ἀλλήλας,
1403 1481 1613 1554 μεὶζους
1653 1481 1771 1536 ἑαν-

158 1565 252 1625 τὰς
279 1572 371 1626 τῆς
419 1561 704 1640 διαμέτρου
753 1572 842 1620 καὶ
897 1569 1116 1621 καθέτου
1169 1575 1383 1622 ποιοῦσι
1439 1569 1614 1640 πάλιν,
1659 1569 1771 1633 ἐπεὶ

160 1653 193 1712 ἡ
228 1659 378 1708 Βτοῦ
431 1663 477 1710 Α
514 1660 554 1708 Γ
603 1661 861 1730 τριγώνου
912 1658 1006 1710 οὐκ
1061 1661 1154 1716 ἴση
1205 1665 1268 1732 τῇ
1331 1658 1515 1712 ἑαυτοῦ
1572 1660 1770 1734 πλευρᾷ

158 1747 199 1794 Β
232 1748 270 1795 Γ
323 1745 465 1796 ἔστιν
557 1745 684 1797 ὅπου
742 1745 803 1797 ἂν
849 1748 1074 1820 περάση,
1139 1745 1183 1800 εἰ
1228 1751 1357 1820 μήτι
1399 1751 1535 1801 κατὰ
1589 1753 1648 1802 τό
1677 1755 1714 1802 Γ
1742 1751 1768 1804 ὅ
1824 1779 1864 1834 Β

160 1828 278 1883 ἐστι
346 1835 506 1906 πέρας
580 1841 676 1895 τῆς
738 1839 774 1887 Β
813 1841 852 1888 Γ
915 1835 1158 1912 πλευρᾶς,
1217 1841 1303 1889 καὶ
1355 1843 1628 1911 γενήσεται
1678 1845 1767 1893 καὶ

161 1918 296 1979 αὕτη
344 1921 561 1998 πλευρὰ,
620 1924 646 1975 ὅ
709 1941 763 1976 τε
821 1929 911 1978 καὶ
963 1933 1052 1978 τού
1109 1933 1204 1988 τῆς
1249 1922 1533 2002 διαμέτρου
1558 1922 1761 2002 ἀποστῇ

162 2004 432 2082 ὀνόματος,
466 2012 665 2078 ἄνισος,
715 2013 828 2065 κατ’
866 2013 1074 2066 ἔλαττόν
1131 2013 1241 2068 ἔστι
1265 2023 1360 2078 τῆς
1390 2023 1425 2068 Β
1465 2024 1497 2070 Σ
1521 2017 1764 2092 πλευρᾶς,

164 2098 398 2173 ὑπάρχει
427 2096 486 2153 δε
515 2102 545 2159 ἡ
592 2101 720 2160 αύτή
763 2106 853 2155 καὶ
905 2111 996 2156 τοῦ
1035 2111 1078 2157 Χ
1115 2109 1160 2158 Λ
1213 2105 1404 2158 κύκλου
1464 2103 1766 2181 διάμετρος,

168 2183 467 2260 ἀναγκαίως
517 2194 609 2242 καὶ
656 2191 682 2243 6
745 2197 794 2245 Χ
825 2198 871 2245 Λ
927 2192 1111 2255 κύκλος
1169 2195 1346 2256 ἄνισος
1391 2195 1507 2248 κατ’
1559 2197 1768 2250 ἔλαττόν

171 2274 282 2332 ἔστι
336 2287 408 2351 τῷ
436 2285 488 2332 Μ
518 2285 557 2335 Φ
579 2281 750 2354 κύκλῳ
807 2281 868 2334 οὗ
916 2278 1198 2358 διάμετρος
1222 2285 1251 2343 ἡ
1286 2290 1324 2339 Α
1358 2291 1395 2338 Β
1419 2306 1430 2318 ·
1460 2286 1490 2345 ἠ
1541 2289 1642 2360 γὰρ
1675 2293 1709 2338 Β
1733 2291 1771 2338 Γ

170 2371 262 2427 ἴση
333 2372 493 2443 ταύτῃ
559 2368 692 2440 ἐστὶ,
768 2375 858 2424 καὶ
941 2375 999 2425 τὸ
1063 2375 1166 2447 ἄρα
1197 2379 1356 2428 ΕΒΖ
1399 2375 1702 2450 τρίγωνονὸ
1735 2377 1766 2434 ἡ

172 2462 318 2516 κοινὴ
376 2454 670 2533 διάμετρος,
720 2465 811 2511 τοῦ
852 2465 892 2513 Α
924 2459 968 2514 Β
1000 2465 1037 2514 Γ
1063 2467 1316 2537 τριγώνου
1373 2468 1462 2518 καὶ
1514 2473 1605 2518 τοῦ
1646 2471 1694 2520 Χ
1725 2471 1772 2519 Λ

176 2545 367 2599 κύκλου
436 2547 626 2622 πλευρὰ
680 2551 952 2622 γεναμένη,
1032 2555 1347 2612 συνέστησεν
1404 2551 1584 2607 ἄνισον
1635 2553 1770 2625 ἐστι,

179 2634 294 2688 κατ’
335 2631 542 2688 ἔλαττον
569 2631 646 2706 δὲ,
674 2645 748 2709 τῷ
779 2643 825 2694 Α
854 2645 891 2690 Β
918 2644 955 2692 Γ
984 2645 1218 2716 τριγώνῳ
1276 2641 1448 2695 ’πάλιν
1493 2635 1552 2696 δὲ
1581 2645 1611 2703 η
1655 2640 1773 2697 διοί-

181 2739 360 2798 ριιτρος
406 2732 498 2778 τοῦ
535 2723 826 2797 Μκύκλου,
885 2721 1064 2788 ἐπειδὴ
1120 2735 1207 2783 καὶ
1259 2731 1454 2805 πλευρά
1511 2731 1624 2786 ἐστι
1682 2741 1773 2788 τοῦ

174 2819 274 2872 ΑΒ
304 2819 344 2868 Γ
393 2820 666 2892 τριγώνου,
719 2819 812 2881 τὰς
871 2823 907 2871 Β
936 2825 1044 2874 ΩΔ
1073 2827 1122 2873 Ω
1163 2819 1386 2898 πλιυράς
1428 2825 1552 2886 ἴσας
1606 2826 1769 2899 ταύτῃ

1931 501 2178 570 τρίγωνον
2218 505 2292 569 τῷ
2363 505 2549 556 ΑΒΩ.
2578 503 2679 552 Καὶ
2724 496 2830 552 έπεὶ
2883 501 3055 550 τοίνυν
3108 499 3138 557 η
3183 503 3285 551 AB
3339 496 3538 572 πλευρὰ

1931 587 2122 658 μείζων
2151 585 2266 640 ἐστὶ
2308 591 2534 650 τῆςΒΓ
2585 587 2718 659 (sic)
2773 582 3057 662 διαμέτρου
3117 590 3206 638 καὶ
3259 587 3392 645 αὕτη
3443 594 3536 649 τῆς

1935 681 1977 728 Η
2009 681 2048 728 Γ
2101 677 2337 744 καθέτου,
2406 675 2656 736 έπίστησι
2729 671 2810 744 δι,
2894 676 2924 734 ἡ
2978 679 3068 749 μὶν
3114 680 3155 729 Α
3186 680 3225 728 Γ
3275 679 3363 728 τὸν
3392 683 3446 730 Μ
3471 683 3533 746 Φ,

1932 759 2534 834 ἠδεΒΕτόνΧΛ,ἠ
2577 759 2890 818 δεΗΓτόν
2920 770 2964 817 ll
2992 771 3050 834 Σ,
3083 761 3455 837 ἀναγκαίωςΜ
3495 769 3534 818 Φ

1931 854 2123 926 μείζων
2148 853 2260 908 ἐστὶ
2298 863 2389 908 τοῦ
2424 863 2473 910 Χ
2502 861 2574 926 Λ,
2602 859 2693 908 καὶ
2719 855 2744 907 ὁ
2779 859 2820 908 Κ
2859 860 2894 906 Δ
2915 861 3007 907 τοῦ
3039 861 3082 908 Π
3114 861 3167 921 Σ,
3226 855 3394 915 καθὼς
3444 857 3536 908 καὶ

1931 943 1995 1006 ἂς
2048 943 2428 1021 προσελάϐοντο
2491 947 2683 1018 ἔχουσι
2723 941 3052 1018 διαμετρους,
3091 947 3182 996 καὶ
3236 944 3304 996 τὰ
3358 943 3534 1020 ἄραΑ

1931 1039 1970 1086 Β
2007 1038 2046 1087 Γ
2075 1041 2113 1089 E
2142 1041 2179 1088 B
2201 1041 2240 1087 Z
2270 1041 2308 1087 Γ
2335 1041 2376 1088 Η
2407 1043 2453 1090 Θ
2480 1039 2702 1108 τρίγωνα
2751 1033 2912 1096 οὕτως
2958 1036 3175 1107 ἔχουσιν
3204 1053 3218 1066 ·
3247 1034 3318 1095 ὡς
3364 1036 3466 1108 γὰρ
3506 1034 3536 1086 ὁ

1930 1129 2043 1178 ΜΦ
2069 1127 2194 1201 πρὸς
2221 1129 2375 1180 τόνΧ
2406 1129 2562 1180 Λκαὶ
2593 1127 2841 1178 τὰΛΒΓ
2896 1127 3022 1199 πρὸς
3054 1126 3113 1177 τὸ
3151 1131 3189 1177 Β
3219 1129 3346 1193 ΕΖ,
3378 1126 3444 1186 ὡς
3475 1120 3537 1178 δι

1931 1215 2104 1268 ὁΧΛ
2146 1217 2274 1291 πρὸς
2331 1216 2661 1280 τὸνΙΙΣ,τὸ
2695 1219 2862 1267 ΒΕΖ
2905 1216 3034 1290 πρὸς
3080 1217 3140 1267 τὸ
3198 1219 3304 1268 ΓΗ
3347 1215 3534 1276 Θιὼς

1931 1303 2035 1376 ἄρα
2058 1304 2250 1376 μείζων
2277 1305 2302 1356 ὁ
2333 1311 2386 1358 Μ
2417 1311 2455 1358 Φ
2482 1312 2582 1358 τῶν
2608 1311 2656 1359 Χ
2684 1309 2730 1358 Λ
2754 1310 2798 1357 Π
2838 1310 2894 1367 Σ,
2925 1303 3060 1356 οὕτω
3116 1307 3207 1356 καὶ
3259 1305 3316 1356 τὸ
3349 1309 3391 1358 Α
3431 1310 3468 1357 Β
3496 1305 3536 1357 Γ

1931 1399 2463 1466 τῶνΒΕΖΓΗΘ,
2497 1397 2651 1467 μόνον
2682 1389 2742 1446 δε
2789 1391 2903 1446 ἴσον
2946 1395 3530 1464 τῷΑΒΓτόΔΒΩ.

1929 1481 1998 1536 Αἱ
2080 1490 2171 1535 τοῦ
2248 1488 2500 1559 τριγώνου
2571 1484 2676 1557 ἄρα
2725 1481 2943 1558 πλευραὶ
2986 1486 3077 1535 καὶ
3130 1477 3410 1558 διάμετρος
3442 1487 3534 1536 καὶ

1930 1571 2160 1638 κάθετος,
2237 1571 2332 1624 ούκ
2411 1573 2554 1632 ἱσους
2601 1571 2816 1632 κύκλους
2877 1571 2906 1630 ἣ
2967 1572 3034 1623 τὰ
3087 1573 3317 1646 τρίγωνα
3364 1573 3536 1624 πάντα

1930 1668 2163 1723 ποιοῦσι,
2221 1645 2470 1714 κατὲίτό
2530 1665 2737 1737 κέντρον
2784 1664 2875 1714 καὶ
2931 1663 3088 1734 μέσον
3135 1661 3534 1736 περατούμεναι,

1930 1750 2051 1824 ὀπιρ
2075 1747 2182 1802 ἔδει
2213 1747 2402 1814 δεῖξαι.

2002 1840 2068 1906 ς’.
2121 1845 2254 1916 Πρὸς
2324 1843 2528 1902 τούτοις
2571 1833 2630 1893 6":
2692 1841 2930 1912 σύγγενες
2981 1846 3079 1892 τῶν
3140 1836 3423 1914 λεγομένων
3467 1842 3537 1903 ὡς

1931 1929 2209 2003 ἀναγκαῖον
2253 1935 2488 2004 κρίνομεν
2529 1926 2700 1992 δεῖξαι
2740 1931 2913 2002 ὅτιπερ
2943 1934 3046 1982 πᾶν
3098 1933 3346 2003 τρίγωνον
3384 1932 3441 1983 τὸ
3479 1927 3536 1981 ἐκ

1934 2027 2029 2082 τῆς
2089 2027 2182 2072 τοῦ
2261 2019 2452 2072 κύκλου
2520 2015 2805 2094 διαμέτρου
2861 2021 3214 2093 καταγραφὶν,
3267 2021 3325 2072 τὸ
3366 2019 3534 2092 ἣμισυ

1931 2106 2158 2182 ἐμϐαδὸν
2187 2108 2410 2182 περιέξει
2443 2108 2599 2182 οὗπερ
2645 2107 2757 2180 ἔχει
2813 2103 3095 2181 διάμετρον
3147 2106 3339 2160 κύκλου
3383 2107 3536 2162 πλευ-

1929 2194 2193 2275 ρὰν,ὃδὴ
2229 2198 2418 2270 εὐγενὲς
2451 2196 2682 2271 ὑπάρχει
2741 2198 2984 2274 θεώρημα
3043 2200 3174 2272 πρὸς
3236 2197 3294 2250 τὸ
3363 2185 3536 2260 δεῖξαι

1931 2289 2009 2341 ὃτι
2068 2288 2094 2340 6
2145 2287 2330 2349 κύκλος
2389 2281 2682 2339 διπλασίων
2755 2288 2869 2338 ἐστὶ
2915 2293 3007 2339 τοῦ
3066 2283 3169 2339 ἀπὸ
3225 2292 3321 2348 τῆς
3372 2285 3534 2339 αὐτοῦ

1934 2375 2218 2451 διαμέτρου
2266 2379 2680 2451 καταγραφέντος
2729 2379 2980 2451 τριγώνου
3062 2373 3387 2450 ἰσοπλεύρουο
3453 2381 3539 2429 Δεῖ

1935 2464 1994 2520 δὲ
2050 2465 2236 2519 κύκλον
2274 2465 2500 2542 γράψαι,
2555 2469 2646 2517 καὶ
2695 2463 2868 2517 λαϐεῖν
2907 2468 3002 2524 τὴν
3046 2463 3208 2517 αύτοῦ
3256 2461 3536 2539 διάμετρον

1933 2561 2024 2609 καὶ
2052 2561 2305 2630 τριγώνου
2331 2556 2492 2607 θεῖναι
2529 2553 2772 2628 πλευρὰν,
2816 2557 2904 2606 καὶ
2961 2561 3232 2612 συστῆσαι
3273 2552 3418 2617 αύτό,
3447 2558 3540 2606 καὶ

1937 2641 2107 2708 δεῖξαι
2132 2647 2212 2698 ὅτι
2234 2639 2514 2704 διπλάσιὸς
2567 2641 2707 2696 ἐστιν
2763 2641 2927 2695 αὐτοῦ
2973 2643 2999 2695 ὁ
3045 2640 3253 2710 κύκλος,
3309 2640 3370 2694 οὗ
3426 2644 3542 2714 ἔχει

1937 2731 2217 2811 διάμετρον
2264 2733 2486 2809 πλευρὰν
2543 2740 2584 2804 ῷ
2643 2736 2664 2786 Ι
2715 2736 2908 2808 κέντρῳ
2962 2751 2976 2765 ο
3022 2730 3209 2793 κύκλος
3260 2731 3541 2807 γεγράφθω

1937 2825 1964 2876 ὁ
1996 2831 2039 2878 Π
2067 2832 2113 2878 Θ
2146 2820 2482 2896 διαστήμασι
2524 2839 2636 2885 τοις
2684 2827 2726 2876 Α
2746 2827 2783 2874 Β
2813 2827 2921 2875 Tn.
2941 2826 2985 2874 H
3015 2827 3064 2876 X
3088 2840 3102 2855 ο
3137 2818 3540 2894 ίπιζεύχθωσαν

145 2991 506 3052 diametrum
526 2994 872 3056 ductalinea
902 2998 1574 3068 emciuntur.0uoniam
1597 3007 1798 3062 autem
1838 3000 1878 3058 C
1908 3006 1954 3060 Α
1979 3005 2018 3060 Β
2049 3001 2336 3060 circulum
2375 3001 2428 3056 M
2482 3001 2548 3066 U,
2591 2999 2884 3057 diameter
2924 3011 3067 3056 vero
3113 3000 3153 3054 Β
3182 3000 3224 3056 Ε
3275 2996 3568 3056 circulum

142 3082 304 3140 linea
327 3086 838 3159 perpendicularis
860 3093 904 3146 (ἰ
931 3091 971 3148 C
994 3105 1117 3147 non
1137 3096 1224 3148 est
1253 3092 1502 3166 aqualis
1539 3093 1657 3166 ipsi
1683 3096 1797 3164 ΑΒ,

143 3175 236 3232 est
261 3177 466 3232 autem
493 3174 784 3235 diameter
803 3178 1004 3235 circuli
1027 3180 1072 3246 Q
1112 3180 1168 3250 S,
1220 3181 1560 3239 necessario
1617 3183 1801 3240 circu-

31 3283 42 3305 -·
140 3263 383 3335 lusQS,
452 3265 624 3338 cujus
673 3272 761 3324 est
832 3269 964 3341 ipsa
1021 3268 1333 3338 diameter,
1365 3271 1472 3328 erit
1510 3271 1708 3328 minor
1743 3277 1802 3328 et

24 3385 50 3398 ν»
139 3353 459 3428 inaequalis
487 3355 774 3414 circuloM
797 3359 861 3424 U,
888 3358 1062 3431 cujus
1103 3358 1392 3416 diameter
1416 3363 1504 3417 est
1531 3361 1646 3416 AB.
1679 3360 1800 3417 Tri-

37 3452 54 3486 τι
139 3443 437 3515 angulum
462 3457 606 3514 ergo
633 3445 679 3500 G
710 3448 752 3502 Β
777 3449 838 3515 C,
889 3447 1060 3521 cujus
1093 3448 1251 3506 linea
1289 3449 1801 3523 perpendicularis

139 3538 301 3590 estA
331 3534 388 3600 Ο,
408 3538 466 3591 et
491 3533 781 3592 diameter
797 3536 1075 3608 trianguli
1098 3543 1141 3594 Α
1175 3541 1213 3594 Β
1248 3541 1287 3596 C
1312 3545 1368 3596 et
1419 3539 1622 3597 circuli
1663 3542 1706 3606 0
1742 3541 1798 3608 S,

139 3621 358 3681 effecta
378 3623 555 3692 latus,
571 3625 870 3682 constituit
886 3627 1250 3698 triangulum
1263 3628 1578 3702 inaeQuale,
1611 3635 1666 3686 et
1689 3630 1802 3686 mi-

137 3729 264 3770 nus
290 3713 586 3784 triangulo
606 3717 654 3769 Α
687 3716 724 3769 Β
743 3718 965 3772 C.Nam
992 3733 1128 3789 qua:
1141 3715 1328 3774 latera
1343 3719 1806 3776 substernuntur

139 3801 265 3858 sibi
291 3801 543 3858 invicem
570 3802 702 3874 ipsa
731 3803 965 3876 majora
1011 3822 1074 3861 se
1132 3804 1396 3863 efficiunt
1426 3806 1720 3864 diametro
1750 3813 1807 3864 et

135 3891 304 3948 linea
325 3892 815 3965 perpendiculari.
849 3896 1072 3950 Rursus
1109 3895 1399 3967 quoniam
1449 3899 1488 3951 Β
1525 3896 1806 3967 trianguli

141 3984 195 4035 Α
225 3982 264 4034 Β
292 3983 332 4036 C
352 3996 475 4036 non
502 3997 573 4037 eo
593 3997 783 4054 usque
801 3983 1175 4055 protenditur
1206 3989 1269 4039 ut
1289 3985 1361 4040 sit
1384 3984 1614 4058 aequale
1640 3985 1808 4041 lateri

138 4072 190 4124 B
217 4069 531 4140 C,eritubi
577 4071 940 4143 terminatur,
989 4073 1038 4128 si
1094 4073 1301 4129 nonin
1341 4075 1380 4130 C
1433 4074 1802 4143 terminatur,

141 4158 257 4231 qui
286 4162 375 4214 est
402 4159 694 4214 terminus
732 4158 929 4215 lateris
960 4161 1001 4212 Β
1051 4163 1112 4218 C.
1167 4161 1606 4219 Terminabitur
1663 4177 1806 4235 ergo

138 4250 208 4306 in
254 4250 314 4314 E,
347 4251 403 4304 et
437 4247 540 4304 ﬁet
566 4247 744 4316 latus,
787 4248 1087 4321 siquidem
1129 4265 1354 4310 nomen
1391 4252 1663 4309 diametri
1685 4267 1804 4309 non

1910 3094 2033 3160 XL,
2087 3089 2698 3161 rursusjdiameterG
2730 3091 2770 3145 C
2803 3085 3098 3152 circulum
3145 3088 3192 3154 Ω
3249 3088 3286 3144 S
3344 3102 3358 3143 :
3409 3091 3568 3146 certe

1905 3198 2016 3255 pro
2034 3181 2262 3238 ratione
2275 3175 3075 3247 diametrorumtriangulaA
3089 3179 3128 3232 Β
3143 3177 3235 3232 CE
3264 3177 3304 3232 Β
3322 3179 3362 3234 F
3385 3177 3424 3233 C
3445 3178 3488 3234 G
3519 3169 3569 3232 Η

1909 3287 1973 3327 se
1998 3269 2334 3327 habebunt.
2381 3269 2448 3324 Ut
2473 3270 2633 3324 enim
2661 3282 2725 3324 se
2777 3265 2962 3324 habet
3016 3267 3068 3325 Μ
3115 3265 3260 3324 Uad
3307 3267 3350 3323 Χ
3379 3268 3440 3334 L,
3485 3265 3572 3324 ita

1908 3359 2086 3418 etiam
2110 3357 2472 3430 triangulum
2507 3361 2545 3412 Α
2574 3359 2613 3412 Β
2631 3359 2670 3414 C
2692 3355 2771 3413 ad
2799 3353 3161 3426 triangulum
3187 3357 3224 3411 Β
3249 3357 3292 3412 Ε
3315 3357 3392 3412 F:
3427 3359 3573 3414 etut

1910 3465 1972 3506 se
1991 3446 2444 3505 habetcirculus
2473 3447 2514 3501 Χ
2543 3448 2581 3502 L
2611 3445 2691 3502 ad
2720 3444 3008 3502 circulum
3053 3445 3098 3511 Ο
3144 3445 3202 3514 S,
3257 3444 3340 3502 ita
3386 3443 3571 3502 etiam

1909 3538 2274 3611 triangulum
2306 3539 2345 3593 Β
2376 3539 2416 3593 Ε
2445 3539 2484 3594 F
2521 3533 2602 3593 ad
2622 3535 2986 3607 triangulum
3031 3537 3071 3592 C
3101 3537 3143 3593 G
3193 3536 3259 3592 Β.
3304 3537 3376 3592 Ut
3429 3547 3572 3608 ergo

1909 3629 2107 3701 major
2127 3631 2218 3684 est
2268 3625 2525 3683 circulus
2559 3626 2610 3682 Μ
2641 3627 2685 3683 U
2711 3624 2946 3682 circulis
2969 3627 3010 3682 X
3033 3627 3071 3681 L
3094 3626 3138 3692 Ο
3161 3625 3219 3694 S,
3247 3623 3332 3682 ita
3385 3623 3571 3682 etiam

1913 3717 2278 3789 triangulum
2302 3721 2348 3773 Α
2376 3719 2412 3771 Β
2441 3719 2480 3774 C
2510 3715 2708 3787 majus
2730 3720 2817 3772 est
2833 3714 3147 3785 triangulis
3173 3716 3212 3770 Β
3230 3717 3270 3770 Ε
3295 3716 3354 3784 F,
3373 3717 3412 3772 C
3435 3715 3478 3770 G
3497 3714 3567 3771 H.

1912 3806 2118 3863 Solum
2147 3820 2289 3862 vero
2320 3804 2682 3875 triangulum
2715 3810 2760 3860 Α
2783 3807 2822 3860 Β
2843 3805 2884 3858 Ο
2911 3807 3000 3861 est
3027 3802 3571 3876 aaqualetriangulo

1912 3897 2105 3952 ΑΒΟ.
2154 3893 2453 3965 Trianguli
2479 3909 2622 3964 ergo
2648 3893 2834 3950 latera
2863 3898 2920 3950 et
2965 3893 3258 3949 diameter
3312 3896 3370 3948 ct
3411 3892 3573 3950 linea.

1914 3983 2424 4058 perpendicularis
2443 3998 2564 4038 non
2582 3998 2792 4038 omnes
2806 3981 3060 4038 circulos
3087 3981 3352 4054 aequales
3371 3995 3571 4054 neque

1914 4071 2120 4130 omnia
2153 4071 2448 4142 triangula
2475 4073 2514 4126 E
2545 4070 2803 4144 aequalia
2823 4069 3105 4133 efﬁciunt,
3126 4085 3265 4126 cum
3303 4085 3409 4142 per
3438 4085 3572 4126 cen-

1913 4166 2074 4219 trum
2101 4166 2158 4218 et
2176 4161 2443 4216 medium
2465 4160 2767 4216 ducuntur
2822 4174 2894 4216 ac
2939 4159 3355 4228 terminantur,
3405 4156 3573 4232 quod

1915 4251 2180 4323 oportuit
2200 4249 2534 4306 ostendere.

135 4335 420 4402 retineat,
463 4335 688 4409 eritque
727 4337 1039 4410 inaequalis
1086 4343 1144 4396 et
1191 4340 1388 4396 minor
1423 4340 1606 4397 latere
1657 4343 1698 4396 Β
1747 4342 1805 4398 C.
1839 4361 1882 4415 ι)
1986 4344 2039 4396 ϐ.
2069 4338 2459 4409 Praeterea“)
2487 4352 2682 4410 operae
2721 4336 2976 4410 pretium
3016 4335 3430 4396 existimamus
3479 4353 3576 4395 os-

137 4427 251 4481 Est
277 4429 476 4480 autem
511 4427 548 4480 Β
585 4427 626 4481 Ε
655 4425 945 4483 diameter
973 4427 1177 4483 circuli
1236 4430 1276 4483 X
1327 4431 1364 4484 L
1403 4444 1418 4494 ;
1466 4430 1806 4486 necessario

137 4511 333 4584 igitur
361 4513 616 4570 circulus
645 4517 686 4572 Χ
722 4516 764 4570 L
783 4517 890 4572 erit
925 4516 1242 4590 inaequalis
1272 4522 1330 4574 et
1358 4518 1554 4574 minor
1583 4519 1806 4575 circulo

53 4629 55 4632 ‘
138 4607 200 4664 Μ
235 4605 278 4659 U
309 4603 482 4674 cujus
509 4603 798 4662 diameter
814 4611 902 4662 est
929 4609 976 4660 A
1031 4608 1070 4661 Β
1099 4623 1112 4674 ;
1154 4621 1297 4663 nam
1324 4606 1483 4664 linea
1523 4609 1561 4662 Β
1603 4611 1642 4665 C
1668 4607 1808 4664 huic

72 4691 77 4720 ἠ
140 4693 406 4766 aequalis
427 4698 534 4762 est,
562 4699 619 4751 et
643 4695 1007 4766 triangulum
1036 4696 1215 4767 igitur
1244 4698 1283 4752 Ε
1311 4699 1350 4752 Β
1391 4699 1428 4752 F
1465 4697 1631 4770 quod
1681 4696 1808 4755 dia-

24 5492 64 5536 illi

25 5573 64 5632 cit
77 5561 111 5612 θεέ

69 5649 112 5688 δι’.

142 4788 344 4841 meter
367 4781 627 4840 circulix
657 4785 694 4840 ἱ.
721 4783 879 4840 latus
935 4784 1148 4842 effecta
1189 4785 1493 4842 constituit
1535 4790 1626 4842 est
1676 4785 1810 4842 inae-

140 4871 337 4948 quale
358 4876 416 4928 et
443 4872 641 4929 minus
680 4873 971 4945 triangulo
1002 4879 1049 4930 A
1072 4877 1111 4930 Β
1137 4876 1199 4932 C.
1253 4876 1476 4932 Rursus
1522 4875 1811 4932 diameter

143 4960 432 5020 circuliM
493 4965 556 5030 U,
607 4963 898 5036 quoniam
946 4963 1125 5020 etiam
1180 4964 1340 5022 latus
1384 4969 1475 5022 est
1531 4963 1811 5037 trianguli

145 5059 199 5110 Α
235 5053 275 5108 Β
292 5053 351 5118 C,
373 5053 699 5126 assumptis
721 5053 1011 5111 lateribus
1036 5056 1074 5110 Β
1097 5056 1162 5122 O,
1184 5059 1229 5110 A
1248 5056 1312 5122 Ο,
1332 5053 1690 5128 aequalibus,
1707 5069 1812 5112 ne-

144 5139 414 5198 cessario
444 5141 745 5198 constituit
772 5142 1138 5214 triangulum
1197 5144 1244 5197 A
1277 5145 1316 5198 Β
1370 5145 1435 5212 0,
1495 5143 1728 5218 aequale
1757 5144 1812 5201 ei

145 5228 333 5302 cujus
357 5234 446 5286 est
471 5229 627 5287 latus
648 5236 696 5288 Α
728 5234 786 5289 Β.
818 5235 884 5288 Et
930 5233 1218 5306 quoniam
1239 5231 1394 5289 latus
1437 5235 1486 5288 Α
1536 5233 1579 5285 Β
1613 5233 1812 5304 majus

144 5317 562 5378 estdiametro
582 5323 622 5377 Β
649 5323 710 5387 Ε,
742 5327 800 5378 et
829 5321 1029 5394 ipsum
1059 5325 1150 5378 est
1204 5336 1449 5395 quoque
1504 5322 1704 5393 majus
1750 5321 1812 5378 1i-

1915 4426 2314 4484 tendereillud
2335 4425 2502 4499 quod
2532 4431 2856 4496 cognatum
2871 4431 2960 4482 est
2980 4425 3052 4481 iis
3064 4442 3200 4499 quae
3229 4431 3371 4482 sunt
3388 4426 3570 4499 dicta,

1915 4532 2135 4589 nempe
2161 4529 2340 4570 omne
2372 4513 2736 4585 triangulum
2789 4530 2862 4570 ex
2914 4513 3206 4571 diametro
3246 4514 3450 4571 circuli
3475 4514 3578 4571 de-

1917 4605 2204 4677 scriptum
2225 4602 2545 4659 dimidium
2584 4603 2845 4676 spatium
2884 4603 3388 4676 comprehendere
3443 4603 3576 4674 ejus

1917 4691 2196 4766 trianguli
2227 4691 2392 4765 quod
2413 4691 2596 4748 habet
2613 4707 2724 4764 pro
2743 4691 2948 4762 latere,
2967 4691 3170 4747 circuli
3185 4691 3572 4759 diametrum,

1916 4783 2085 4857 quod
2106 4797 2250 4839 sane
2279 4781 2588 4838 theorema
2613 4781 2812 4838 nobile
2833 4784 2942 4848 est,
2965 4785 3022 4836 et
3045 4777 3574 4836 accommodatum

1919 4871 1998 4930 ad
2036 4870 2481 4928 ostendendum
2518 4868 2808 4926 circulum
2846 4867 3070 4940 duplex
3126 4881 3254 4922 esse
3294 4864 3576 4937 trianguli

1919 4961 2244 5035 mqualium
2297 4959 2552 5017 laterum
2607 4975 2646 5015 a
2696 4957 2982 5014 subtensa
3018 4955 3222 5012 circuli
3281 4955 3577 5014 diametro

1920 5052 2218 5126 descripti.
2280 5052 2520 5124 Oportet
2561 5047 2741 5119 igitur
2786 5045 3076 5103 circulum
3136 5045 3473 5104 describere
3521 5050 3580 5104 et

1921 5157 2228 5200 assumere
2253 5140 2443 5212 ipsius
2464 5137 2845 5202 diametrum,
2875 5149 2946 5193 ac
2961 5151 3184 5209 ponere
3197 5135 3394 5208 ipsam
3415 5139 3484 5193 ut
3502 5135 3581 5196 sit

1920 5230 2204 5303 trianguli
2241 5230 2419 5298 latus,
2442 5232 2498 5285 et
2541 5225 2869 5284 constructi
2922 5225 3205 5297 trianguli
3261 5225 3578 5282 ostendere

1923 5320 2212 5379 circulum
2235 5335 2367 5376 esse
2395 5315 2672 5390 duplum,
2696 5315 2872 5386 cujus
2930 5313 3299 5387 triangulum
3342 5330 3453 5386 pro
3483 5312 3579 5370 la-

144 5423 274 5468 nea
294 5381 774 5483 perpendiculari
801 5381 936 5484 G‘C,
965 5381 1268 5470 constituit
1297 5381 1499 5469 autem
1527 5381 1816 5469 diameter
1923 5415 2044 5470 tere
2073 5409 2256 5469 habet
2277 5381 2665 5466 diametrum.
2689 5406 2756 5463 In
2771 5381 3027 5464 centrol
3067 5381 3324 5464 circulus
3343 5381 3580 5461 scriba-

231 5586 316 5662 (l)
354 5587 488 5649 Haec
516 5603 714 5666 usque
755 5591 832 5652 ad
862 5603 1032 5650 num.
1059 5593 1092 5650 7
1122 5606 1246 5652 non
1268 5595 1415 5668 puto
1445 5605 1579 5653 esse
1603 5590 1796 5669 ipsius
1827 5590 2110 5654 auctoris.
2140 5588 2286 5650 Vide
2309 5585 2744 5652 Prefationem.

415 5715 662 5776 ΡΑτιιοι..
702 5717 804 5779 Gn.
842 5716 992 5783 CXL.

3009 5709 3082 5767 44
