4066 6212
203 276 345 361 438.9

1093 281 1448 339 THEODORI
1481 281 1530 337 ΙΙ
1567 283 1704 339 IMP.
1745 282 1836 337 DE
1874 282 2333 342 COMMUNIONE
2368 288 2743 347 NATURALI.

3483 300 3618 354 1390

228 399 284 453 ὶκ
315 409 412 463 τῆς
457 408 548 452 τοῦ
595 400 787 453 κύκλου
831 408 1148 477 περιφερείας
1198 409 1287 457 καὶ
1366 414 1467 456 τῶν
1508 413 1607 457 τῶν
1645 410 1831 479 τριγώ-
1892 409 1939 460 Α
1994 412 2126 479 τομὴ
2160 410 2292 459 ἔστω
2347 407 2439 461 διὰ
2496 419 2588 463 τοῦ
2631 416 2793 483 μέσου
2846 418 2935 467 καὶ
2975 418 3189 488 κέντρου
3249 417 3371 471 κατ’
3426 420 3620 473 εὐθεῖα

226 508 324 540 νων
353 489 583 563 πλευρῶν
611 496 854 562 γινόμενα
884 491 1117 544 ἔστωσαν
1164 496 1259 546 ἶσα
1296 499 1400 555 τοίς
1459 490 1587 547 δυσὶ
1640 498 1830 568 τριγώο

226 584 384 638 νοιςΤ
416 585 455 630 Η
489 584 523 630 Δ
550 584 673 632 ΧΩ
702 585 761 633 Γ.
789 578 946 633 Δειλοί
990 583 1090 655 γὰρ
1149 581 1277 634 αύτὸ
1324 586 1409 634 καὶ
1465 584 1496 640 ἡ
1557 584 1827 643 αἴσθησις.

223 670 297 719 Τὸ
325 665 424 739 γὰρ
448 673 490 720 Τ
522 672 563 719 Η
594 675 776 740 τμῆμα
804 677 895 720 τοῦ
928 675 967 721 [Ι
998 676 1044 722 Θ
1090 669 1281 722 κύκλου
1338 675 1395 723 τό
1429 677 1466 723 Α
1496 676 1587 723 ΤΒ
1624 677 1669 723 Η
1697 675 1831 723 και-οἱ

222 774 283 827 γε
307 760 579 813 ποσότητα
626 755 922 829 προσλαϐόν
990 756 1349 835 ἀναπληρώσει
1401 761 1460 811 τὸ
1505 767 1598 812 τοῦ
1639 766 1681 813 Τ
1713 766 1754 811 Η
1786 765 1830 813 Λ

222 852 483 920 τριγώνου
515 842 682 916 ἐμϐαδ
689 865 761 899 ον.
786 845 1055 909 Ὠσαύτως
1084 852 1173 899 καὶ
1231 850 1289 900 τό
1316 855 1363 902 X
1416 855 1463 900 Ω.
1504 856 1687 920 τμῆμα
1739 856 1832 901 τοῦ

224 933 386 986 αύτού
422 940 458 985 ll
483 938 522 987 Θ
551 932 742 986 κύκλου
772 937 838 986 τὰ
862 942 900 987 Α
951 943 997 989 Χ
1057 941 1094 987 Β
1133 943 1191 1011 ΙΩ
1245 941 1497 1009 τμήματα
1536 936 1831 1011 προσλαϐόν

224 1020 586 1097 ἀναπληρώσει
618 1042 678 1075 το
706 1030 799 1075 τοῦ
830 1028 877 1076 Χ
922 1031 969 1075 Ω
1026 1029 1063 1076 Γ
1103 994 1363 1096 τριγώνουο
1411 994 1660 1098 ἐμϐαδιόν·
1732 1023 1831 1085 δη-

219 1109 423 1163 λοποιεῖ
439 1114 540 1185 γὰρ
570 1120 723 1165 τοῦτο
753 1116 841 1164 καὶ
870 1114 900 1170 ἡ
951 1111 1068 1183 ὄψις
1120 1115 1273 1171 αὑτὴ.
1328 1119 1428 1167 Καὶ
1486 1116 1616 1186 ὁμοῦ
1669 1117 1735 1168 τὰ
1781 1114 1831 1168 ἕν

220 1207 297 1270 τῷ
323 1195 536 1272 ἐμϐαδῷ
614 1209 706 1253 τοῦ
765 1207 807 1253 Π
876 1208 923 1254 Θ
963 1202 1155 1253 κύκλου
1215 1207 1560 1277 περιεχόμενα
1609 1208 1833 1276 τρίγωνα

222 1290 379 1361 ὀκτὼ,
439 1286 761 1366 τετραδικῶς
823 1296 929 1350 τοῖς
979 1287 1109 1343 δυσὶ
1172 1296 1358 1362 γώνοις
1409 1297 1446 1343 Α
1496 1298 1588 1345 ΒΔ
1621 1300 1661 1346 Α
1716 1300 1753 1345 Β
1798 1299 1834 1346 Γ

221 1378 553 1454 ὑπάρχονταο
584 1376 864 1432 διπλάσιον
894 1380 1000 1451 ἄρα
1016 1383 1076 1432 τό
1113 1387 1204 1431 τοῦ
1238 1386 1279 1433 Π
1344 1388 1390 1433 Θ
1438 1380 1630 1433 κύκλου
1673 1380 1831 1453 ἐμϐα-

223 1461 340 1527 δὸν,
371 1474 464 1519 τοῦ
496 1472 537 1521 Α
603 1473 642 1520 Β
700 1473 734 1518 Δ
789 1471 1065 1539 τριγώνου,
1121 1467 1190 1517 ὧν
1248 1470 1302 1519 αἱ
1348 1473 1651 1541 περίμετροι
1693 1470 1829 1535 ἶσαι,

222 1552 404 1613 ἐπειδὴ
454 1557 710 1629 τεττάρων
799 1556 847 1607 ἂν
928 1555 1000 1609 ἑνὶ
1056 1555 1259 1627 ἑκάστῳ
1342 1561 1542 1629 μείζονι
1596 1564 1833 1631 τριγώνῳ

222 1644 380 1697 ὄντων
428 1650 712 1720 τριγώνωνο
770 1647 884 1716 ἔχει
934 1652 1060 1716 γοῦν
1112 1646 1139 1696 ό
1185 1645 1375 1706 κύκλός
1425 1651 1514 1698 καὶ
1550 1648 1618 1698 τὰ
1673 1651 1830 1699 οκτὼ.

218 1730 321 1794 ⁴’Ὀς
374 1733 480 1807 ἄρα
522 1732 710 1795 κύκλος
775 1730 939 1786 δώσει
997 1729 1277 1807 διάμετρον
1323 1739 1413 1787 καὶ
1471 1740 1720 1793 συντήσει
1775 1732 1832 1788 ἐκ

217 1824 415 1884 ταύτης
473 1821 777 1895 ἰσόπλευρον
860 1822 1132 1895 ἰσογώνιον
1206 1827 1474 1897 τρίγωνον,
1548 1820 1831 1888 διπλάσιος

217 1913 407 1963 τούτου
438 1909 572 1977 ἔστι,
604 1913 793 1971 καθώς·
825 1907 933 1963 ἔδει
978 1904 1168 1974 δεῖξαι.
1218 1916 1321 1965 Καὶ
1373 1918 1541 1965 ταῦτα
1596 1914 1688 1985 μὲν
1741 1918 1829 1986 μέ-

216 2018 317 2073 χρι
335 1996 493 2052 τοῦδε
524 2041 539 2065 ,
572 2000 599 2051 ὁ
631 1996 691 2053 δι
751 1999 904 2071 λόγος
955 1997 1300 2073 ἁναδραμέτω
1347 2001 1502 2054 πάλιν
1557 2001 1719 2074 λέγειν
1763 2005 1830 2056 τὰ

214 2100 335 2171 περὶ
399 2105 499 2149 τῶν
570 2094 701 2149 ἰσων
768 2102 859 2150 καὶ
944 2095 1134 2150 ἆνίσών
1193 2105 1294 2149 τῶν
1354 2095 1482 2152 εῖδει
1534 2102 1826 2171 σχημάτων

218 2186 711 2257 σχηματισθέντῳν,
828 2189 913 2237 ἶνα
1000 2188 1057 2238 τό
1134 2187 1466 2261 παρεμπεσὸν
1579 2189 1828 2261 θεώρημα

214 2273 558 2345 καταλείψας,
591 2278 718 2345 πρὸς
772 2279 862 2328 τόν
906 2278 1099 2327 σκοπὸν
1158 2273 1441 2347 βάδιῆται,
1472 2278 1501 2329 ὅ
1536 2281 1627 2329 καὶ
1666 2284 1824 2349 γενή-

216 2382 380 2418 σεται.

289 2448 554 2513 ξ.Ἰόινυν
597 2452 657 2505 ού
700 2456 853 2525 μόνον
909 2458 982 2524 τῷ
1035 2452 1206 2526 κύκλῳ
1258 2458 1371 2518 καὶ,
1394 2461 1458 2513 τῆ
1521 2458 1718 2527 σφαίρᾳ
1733 2461 1823 2508 καὶ

214 2540 452 2616 τριγώνῳ
471 2544 561 2593 καὶ
588 2544 887 2618 τετραγώνῳ
931 2547 1164 2614 γίγνεται
1203 2544 1234 2601 η
1290 2541 1451 2614 ἕεοχή
1508 2551 1599 2596 τοῦ
1630 2543 1822 2597 κύκλοῦ

218 2634 348 2698 πρὸς
377 2634 435 2681 τό
464 2631 624 2689 πάντη
657 2628 789 2699 ἴσον,
818 2629 946 2684 ἀλλὰ
995 2636 1151 2684 παντὶ
1203 2635 1449 2704 σχήματι
1493 2635 1819 2705 γραφομένῳ.

218 2713 421 2778 Μηδεὶς
445 2714 691 2791 δ’ἇιλόγως
720 2723 876 2791 τέμνη
909 2722 996 2771 τὸν
1044 2719 1230 2772 κύκλον
1292 2721 1322 2779 ἦ
1356 2720 1554 2787 τὀἰλλα,
1623 2720 1733 2772 αλλ’
1784 2723 1815 2779 ἠ

1993 496 2221 568 οἰμῶσα,
2280 498 2342 548 ἵν’
2426 498 2588 561 οὕτως
2640 507 2740 563 πᾶς
2801 506 3032 575 περάτων
3096 505 3313 575 εὐθεῖαν,
3370 527 3589 580 σχημα-

1992 592 2226 658 τογραφῆ
2288 589 2422 639 κατὰ
2491 587 2657 660 λόγον.
2736 595 2862 664 Περὶ
2915 589 2975 644 δι
3023 602 3122 645 τῶν
3169 598 3362 667 τόμέων
3417 594 3591 660 οὐδεὶς

1992 673 2137 744 λόγος
2174 680 2306 737 νυνὶ,
2366 680 2539 747 ὅτιπερ
2598 674 2722 730 ούδέ
2781 685 2969 741 σκοπός
3023 683 3091 743 εἰς
3140 684 3287 751 αύτό,
3340 683 3449 738 ἀλλ’
3509 687 3591 738 ότι

1994 770 2098 821 πῶς
2153 766 2211 814 τό
2262 759 2402 826 εἶδος
2465 763 2513 815 ἐν
2558 767 2770 818 ἕκαστον
2855 768 3214 841 ἐγνωμάτευσε
3295 778 3590 845 σχημάτων

1993 847 2174 921 ἑτέρων
2194 848 2533 926 διαχωρίσαν
2572 857 2864 926 σχημάτων
2903 857 3049 913 αὐτό.
3077 865 3231 913 ’Ἐστι
3289 858 3350 914 δὲ
3394 869 3589 937 πρώτι-

1997 956 2114 989 στον
2142 943 2232 990 καὶ
2258 940 2718 1014 άκλινέστατονῌ)
2760 953 2951 1016 σχῆμα
2986 948 3011 998 ό
3070 948 3275 1015 κύκλος,
3302 946 3376 1002 δι’
3410 951 3471 1002 οὗ
3501 956 3591 1003 καί

1993 1028 2024 1084 ἣ
2060 1034 2257 1100 σφαῖρα
2309 1033 2638 1097 συνίσταται,
2682 1036 2812 1103 μετὰ
2841 1030 2898 1085 δε
2925 1038 2985 1086 τό
3026 1039 3359 1108 τετράγωνον,
3383 1046 3496 1091 εῖτα
3529 1042 3590 1091 τὸ

1995 1115 2296 1190 ἰσόπλευρον
2321 1124 2590 1192 τρίγωνον,
2633 1126 2724 1173 καί
2751 1122 2869 1175 οὔτε
2916 1122 3208 1197 κύλινδρος,
3237 1130 3355 1179 οὔτε
3408 1136 3589 1197 κῶνος,

1992 1205 2107 1259 οὔτε
2157 1205 2418 1274 πλαίσιον,
2481 1212 2600 1262 οὔτε
2656 1216 2883 1283 πυραμίς
2946 1213 3011 1274 ὡς
3064 1214 3217 1282 αὐτά,
3261 1217 3421 1268 ἄνισα
3463 1218 3588 1292 γάρ,

1992 1294 2182 1366 μᾶλλον
2211 1303 2303 1347 τοῦ
2351 1304 2669 1371 τετραγώνου
2721 1304 2811 1351 καί
2857 1309 2950 1353 τού
3006 1308 3259 1376 τριγώνου
3307 1312 3433 1357 οῖον·
3478 1307 3592 1378 ἔχει

1993 1382 2054 1437 δέ
2110 1389 2199 1437 καί
2272 1388 2321 1438 ἓν
2390 1388 2607 1439 ἕκαστον
2674 1397 2867 1462 σχῆμα
2976 1399 3132 1445 παντί
3224 1392 3479 1469 διαφοράν
3526 1405 3588 1456 τῆ

1994 1474 2203 1530 ἰσότητι
2240 1478 2328 1525 καὶ
2355 1474 2646 1533 ἁνισότητι.
2707 1477 2851 1530 ’Ὁσα
2909 1488 3033 1551 γοῦν
3085 1484 3302 1553 ἔχουσιν
3361 1484 3593 1560 ἰσοτέραν

1991 1567 2086 1620 τὴν
2114 1564 2277 1629 θέσιν,
2335 1563 2504 1616 ἐκεῖνα
2560 1570 2647 1618 καὶ
2722 1573 3028 1639 κρειττόνως
3083 1573 3227 1645 παρὰ
3275 1579 3368 1624 τοῦ
3422 1571 3595 1635 εἴδους

1993 1647 2424 1711 εἰδοπιήθησαν.
2483 1659 2567 1724 Τῷ
2618 1657 2709 1726 μιν
2765 1652 2854 1707 οὖν
2913 1658 3086 1729 κύκλῳ
3128 1664 3219 1711 καὶ
3287 1669 3348 1719 τῆ
3399 1667 3597 1737 σφαίρᾳ

1990 1745 2094 1800 πᾶς
2152 1739 2214 1792 ἄν
2272 1741 2587 1813 ὁμολογήση,
2657 1745 2833 1817 ὅτιπερ
2887 1742 3037 1799 οὐδὲν
3093 1752 3322 1823 ὶσότερον
3378 1749 3521 1816 ἄλλο,
3560 1750 3592 1808 ἣ

1992 1830 2223 1896 ὡσαυτὰ,
2273 1839 2373 1882 τῶν
2447 1827 2506 1883 δε
2571 1830 2736 1885 ἄλλων
2790 1836 2993 1887 πάντων
3046 1840 3073 1888 ό
3129 1840 3219 1909 μεν
3271 1837 3389 1909 ἐμός
3443 1837 3595 1909 λόγος

1992 1915 2251 1992 διακρίνει
2310 1921 2370 1971 τὸ
2451 1922 2770 1992 τετράγωνον
2818 1928 2908 1974 καὶ
2950 1927 3009 1975 τὸ
3063 1924 3364 1998 ἰσόπλευρον
3406 1931 3593 1999 τρίγωι

1988 2026 2094 2073 νον,
2134 2006 2229 2059 οὐκ
2256 2008 2376 2059 ἄνευ
2406 2016 2556 2060 τινῶν
2621 2006 2682 2062 δε
2733 2011 2875 2063 τοῦτ’
2945 2012 3074 2064 αύτό
3126 2012 3307 2066 αἰτιῶν
3358 2014 3589 2087 λέγομεν,

1990 2095 2096 2148 ἀλλ’
2146 2098 2227 2148 ὄτι
2278 2102 2369 2149 καὶ
2430 2096 2731 2167 ἀναγκαῖονο
2790 2099 2835 2151 εἰ
2909 2096 2971 2153 δέ
3008 2100 3153 2176 παρὰ
3201 2106 3288 2154 τόν
3346 2106 3590 2180 ἡμέτερον

1989 2188 2184 2237 σκοπόν
2208 2185 2371 2247 ἄλλως
2401 2206 2510 2247 πως
2530 2185 2658 2261 ἁνήρ
2684 2207 2764 2249 τις
2814 2190 2937 2263 εὑρη
2982 2189 3106 2244 ἄλλο
3165 2191 3413 2266 ἱσότερον,
3478 2196 3590 2265 χά-

1984 2294 2070 2351 ρις
2091 2279 2181 2327 καὶ
2206 2277 2372 2346 τούτῳ
2398 2275 2580 2343 πολλὴ,
2646 2282 2960 2349 συγγνώμην
3010 2276 3070 2332 δε
3123 2285 3213 2333 καὶ
3264 2282 3412 2353 ἡμεῖς
3458 2280 3593 2345 ἆξαι-

1983 2366 2212 2435 τούμεθα
2253 2365 2334 2415 ὁτι
2385 2365 2513 2417 αύτό
2596 2366 2777 2417 ἄνισον
2820 2366 3031 2439 λέγομεν
3093 2376 3167 2439 τῷ
3206 2368 3404 2423 ἀκλινεί
3454 2372 3585 2441 ἴσον,

1985 2451 2111 2505 ἀλλὰ
2145 2456 2238 2510 την
2262 2457 2416 2525 τιμην
2435 2461 2508 2523 τῷ
2531 2456 2634 2524 ἴσῳ
2662 2452 3038 2526 ἁγόσιούμεθα.
3088 2455 3261 2510 Ἔστω
3290 2453 3349 2511 δε
3401 2459 3446 2512 εἰ
3493 2463 3586 2530 μὴ,

1982 2540 2380 2615 ώςόήμέτερος
2400 2540 2783 2614 λόγοςεῖρηκεν,
2839 2540 2946 2594 ἀλλ’
2997 2546 3068 2605 ὡς
3112 2546 3140 2597 ὁ
3196 2550 3411 2610 εκείνου,
3459 2552 3584 2620 τιμὴ

1981 2630 2105 2701 τῷό
2143 2633 2342 2705 εἴρηκεν
2400 2648 2567 2697 ουτος,
2617 2629 2967 2701 συμϐαλλεται
3022 2628 3083 2686 δε
3133 2638 3224 2686 καὶ
3272 2635 3299 2686 ὀ
3346 2638 3587 2710 ἡμέτερος

1982 2720 2049 2780 εἰς
2087 2722 2174 2771 τὸν
2219 2719 2401 2789 αὐτοῦ,
2473 2723 2554 2771 ὅτι
2600 2723 2658 2771 τὸ
2682 2716 2794 2772 ἶσον
2843 2725 3147 2793 κρειττόνως
3194 2725 3254 2775 τὸ
3311 2721 3451 2787 εἶδος
3494 2732 3586 2777 τοῦ

185 2913 453 2973 quorum
477 2912 584 2952 sex
614 2896 720 2951 ΛΤ
741 2898 759 2951 l
784 2897 827 2952 Ἰ·
851 2896 894 2953 G
930 2895 949 2949 Ι
982 2897 1024 2952 G
1059 2897 1097 2951 Β
1128 2897 1146 2949 l
1179 2898 1218 2951 Β
1252 2896 1298 2953 0
1336 2899 1354 2951 l
1383 2897 1427 2952 Ο
1476 2899 1517 2952 Χ
1567 2898 1586 2952 l
1640 2900 1680 2952 Χ
1723 2902 1769 2952 Α
1814 2897 1838 2954 1
1868 2895 1910 2951 C
1947 2898 2169 2950 temere
2193 2900 2351 2950 secet
2380 2894 2672 2952 circulum
2701 2902 2806 2953 aut
2824 2897 2971 2954 alias
2996 2899 3243 2971 ﬁguras,
3284 2898 3391 2954 sed
3423 2898 3608 2955 sectio

188 2987 451 3061 spatium
482 2984 684 3041 circuli
717 2986 762 3050 Q
795 2984 1483 3058 Hcomprebendunt(2).
1510 2986 1841 3057 Supersunt

188 3082 392 3133 autem
423 3076 463 3131 X
492 3075 624 3136 OC.
675 3075 717 3129 Τ
754 3073 797 3129 G
850 3074 916 3128 ι).
961 3076 1281 3145 Segmenta
1322 3073 1501 3142 igitur
1545 3075 1661 3127 AT
1709 3075 1749 3127 Τ
1795 3074 1838 3128 G

188 3166 230 3222 G
264 3165 308 3217 Β
340 3166 377 3220 Β
408 3164 452 3221 Ο
484 3164 528 3218 Ο
550 3162 589 3218 Χ
623 3162 661 3217 Χ
710 3163 778 3225 Α,
829 3176 967 3233 quas
1005 3177 1078 3217 ex
1135 3162 1637 3217 circumcurrente
1682 3159 1841 3216 tinea

187 3251 391 3309 circuli
429 3255 488 3306 et
536 3248 826 3305 lateribus
882 3249 1318 3319 triangulorum
1361 3249 1672 3318 exsistunt,
1723 3249 1841 3305 sint

187 3340 450 3413 aequalia
479 3338 723 3394 duobus
752 3337 1062 3408 triangulis
1081 3341 1123 3392 T
1149 3339 1192 3394 G
1234 3339 1297 3405 D,
1328 3340 1367 3394 X
1394 3340 1439 3395 Ο
1457 3341 1517 3394 C.
1542 3341 1663 3395 Hoc
1679 3339 1837 3393 enim

186 3432 317 3505 ipse
344 3430 554 3486 sensus
582 3428 966 3484 demonstrat.
1026 3430 1175 3484 Nam
1233 3430 1275 3483 T
1325 3429 1390 3495 G,
1458 3433 1837 3498 segmentum

188 3520 391 3577 circuli
424 3521 469 3585 Ο
490 3512 556 3587 Η,
576 3522 887 3589 assumpta
906 3517 1239 3589 quantitate
1253 3521 1299 3570 Α
1317 3517 1363 3571 Τ
1388 3518 1501 3581 BG,
1517 3515 1839 3583 complebit

188 3607 455 3682 spatium
474 3605 814 3676 trianguliT
838 3608 880 3661 G
901 3608 964 3661 ι).
982 3604 1200 3660 Eodem
1243 3605 1420 3661 modo
1459 3611 1834 3674 segmentum

190 3700 233 3755 X
260 3700 304 3753 0
329 3695 599 3767 ejusdem
617 3693 817 3750 circuli
850 3694 894 3759 Ο
930 3696 993 3758 Η,
1018 3694 1347 3765 assumptis
1372 3693 1697 3763 segmentis
1718 3698 1766 3748 Α
1798 3695 1839 3748 Χ

191 3789 234 3843 Β
248 3783 640 3858 O,complebit
651 3782 911 3855 spatium
925 3782 1204 3852 trianguli
1220 3784 1259 3836 Χ
1272 3784 1315 3839 Ο
1332 3785 1544 3840 C.Nam
1558 3786 1837 3854 aspectus

187 3876 321 3949 ipse
349 3873 464 3929 hoc
501 3872 896 3928 demonstrat.
918 3870 1629 3942 Ettriangulaigiturocto
1656 3870 1837 3926 simul

189 3960 700 4035 comprehensam
724 3959 921 4032 spatio
932 3959 1192 4025 circuliQ
1208 3962 1271 4026 ﬂ,
1294 3974 1556 4031 quorum
1577 3963 1840 4029 quatuor

188 4049 561 4121 triangulum
583 4053 925 4119 utrumque,
949 4047 1149 4117 majus
1168 4062 1387 4119 nempe
1415 4054 1461 4102 Α
1490 4049 1527 4101 Β
1571 4050 1614 4103 D
1644 4052 1691 4102 Α
1730 4048 1770 4102 Β
1800 4047 1840 4101 C

1945 2982 2053 3038 ﬁat
2081 2997 2188 3053 per
2216 2982 2485 3038 medium
2509 2987 2567 3039 et
2593 2989 2887 3054 centrum,
2918 2987 3001 3043 ita
3023 2993 3082 3043 ut
3112 2987 3174 3043 in
3204 2994 3428 3043 rectum
3462 3004 3600 3059 pro—

1949 3071 2123 3127 cedat
2150 3075 2213 3128 ut
2235 3072 2351 3127 hoc
2381 3071 2565 3128 modo
2585 3073 2787 3128 omnis
2808 3074 3066 3131 circulus
3094 3091 3167 3130 ex
3210 3075 3440 3130 ratione
3496 3078 3598 3132 de-

1948 3159 2247 3215 scribatur
2274 3158 2471 3216 ductis
2501 3165 2663 3215 recta
2687 3160 2858 3218 lineis
2881 3162 2959 3218 ad
3011 3164 3318 3218 terminos.
3353 3163 3468 3220 Sed
3529 3165 3605 3220 de

1947 3248 2276 3303 sectoribus
2302 3263 2463 3304 nunc
2490 3263 2613 3305 non
2660 3254 2750 3305 est
2804 3249 2975 3307 nobis
3025 3267 3223 3311 sermo
3276 3252 3602 3319 institutus,

1945 3337 2193 3409 quando
2214 3352 2411 3408 neque
2465 3353 2686 3409 scopus
2729 3338 2826 3395 hic
2862 3340 3040 3396 nobis
3101 3346 3189 3396 est
3232 3342 3596 3413 propositus,

1946 3442 2081 3481 cum
2095 3425 2406 3482 ostendere
2416 3428 2897 3483 constituerimus
2906 3429 3209 3500 quomodo
3224 3445 3600 3502 unaquaeque

1946 3515 2139 3571 forma
2156 3530 2647 3588 unamquamque
2662 3515 2917 3588 ﬁguram
2933 3518 3364 3588 informavit,ut
3374 3519 3452 3574 ab
3467 3518 3597 3574 aliis

1946 3604 2156 3673 ﬁguris
2171 3610 2571 3675 separaretur.
2604 3608 2700 3662 Est
2729 3612 2931 3662 autem
2981 3607 3178 3679 prima
3223 3613 3282 3663 et
3324 3607 3598 3663 omnium

1947 3694 2210 3750 maxime
2230 3693 2506 3750 ordinata
2534 3693 2728 3764 ﬁgura
2758 3695 3037 3755 circulus.
3052 3712 3123 3751 ex
3136 3711 3260 3768 quo
3276 3696 3456 3752 etiam
3470 3696 3597 3765 glo-

1948 3780 2061 3838 bus
2090 3787 2341 3852 constat,
2370 3782 2586 3839 deinde
2607 3783 2993 3855 quadratum,
3015 3784 3234 3839 deinde
3262 3784 3596 3854 triangulus

1947 3871 2270 3942 aequalium
2295 3869 2547 3926 laterum
2579 3889 2596 3942 ;
2627 3886 2823 3943 nequc
2842 3870 3148 3943 cylindrus
3176 3888 3370 3944 neque
3386 3888 3595 3940 conus,

1948 3975 2143 4031 neque
2176 3958 2406 4029 prisma
2434 3974 2631 4031 neque
2655 3960 2917 4031 pyramis
2939 3965 3078 4015 sunt
3103 3960 3421 4030 ejusmodi,
3453 3976 3597 4016 nam

1947 4048 2142 4117 magis
2174 4046 2503 4118 inaequales
2526 4055 2667 4103 sunt
2686 4064 2875 4120 quam
2904 4047 3272 4121 quadratum
3316 4054 3374 4104 et
3422 4049 3599 4105 trian-

188 4138 579 4207 constituunt,
608 4137 868 4208 spatium
915 4136 1120 4192 circuli
1175 4135 1586 4207 complebunt.
1645 4136 1840 4201 Quare
1947 4137 2178 4207 gulum,
2205 4142 2263 4190 ut
2298 4151 2676 4208 unaquaeque
2705 4137 2904 4207 ﬁgura
2924 4136 3276 4193 discernitur
3300 4137 3379 4193 ab
3411 4137 3599 4194 altera

195 4228 461 4301 spatium
484 4226 684 4282 circuli
712 4228 756 4291 Ο
778 4228 819 4281 Β
854 4224 1109 4297 duplum
1132 4232 1220 4281 est
1244 4226 1522 4295 trianguli
1552 4232 1595 4280 Α
1644 4227 1681 4280 Β
1732 4228 1771 4281 C
1824 4240 1838 4295 ;
1873 4251 1913 4304 ι)
1947 4224 2284 4297 aaqualitate
2313 4224 2806 4297 etinaaqualitate.
2828 4225 3599 4297 Quaacunqueigitursitum

187 4332 337 4374 nam
376 4314 577 4371 circuli
597 4319 656 4371 et
700 4314 1020 4369 amborum
1069 4314 1503 4385 triangulorum
1543 4311 1842 4387 perimetri
1948 4314 2174 4371 habent
2197 4313 2670 4384 mquabiliorem,
2712 4313 2813 4370 illa
2859 4320 2995 4369 sunt
3043 4315 3476 4387 prmstantiora,
3538 4320 3602 4371 ut

191 4408 335 4462 sunt
356 4403 799 4475 mquales,cum
820 4407 1081 4473 quatuor
1105 4403 1221 4459 sint
1242 4403 1537 4473 triangula
1579 4404 1642 4458 in
1684 4405 1841 4457 utro-
1949 4404 2129 4460 etiam
2153 4402 2291 4458 talia
2328 4402 2406 4458 ab
2452 4403 2585 4475 ipsa
2632 4403 2827 4459 forma
2881 4404 3090 4459 effecta
3138 4409 3296 4459 sunt.
3347 4404 3601 4470 Quilibet

188 4510 315 4568 que
344 4491 663 4563 triangula.
694 4490 1072 4560 Habetigitur
1086 4491 1345 4547 circulus
1357 4498 1491 4547 octo
1504 4490 1800 4560 triangula
1825 4507 1838 4555 ;
1948 4492 2127 4563 igitur
2150 4491 2430 4547 fatebitur
2458 4491 2607 4547 nihil
2633 4493 2826 4564 magis
2850 4492 3081 4564 aequale
3113 4508 3241 4548 esse
3279 4510 3465 4566 quam
3493 4496 3606 4548 cir-

189 4583 301 4657 qui
336 4583 513 4653 igitur
530 4579 788 4637 circulus
806 4579 1213 4652 suppeditabit
1231 4579 1589 4636 diametrum
1617 4596 1691 4636 ex
1718 4594 1843 4651 qua
1952 4584 2156 4636 culum
2175 4584 2234 4634 et
2263 4580 2586 4650 sphaeram,
2610 4580 2689 4636 ab
2709 4581 2841 4635 aliis
2879 4586 3080 4637 autem
3126 4582 3411 4637 omnibus
3467 4596 3603 4635 meo

191 4675 575 4729 construatur
593 4667 959 4738 triangulum
980 4667 1571 4740 mqualiumlaterum
1587 4673 1843 4738 etangu-
1947 4668 2175 4740 judicio
2228 4668 2648 4723 discernuntur
2692 4669 3063 4741 quadratum
3116 4674 3173 4724 et
3236 4668 3604 4738 triangulum

186 4760 749 4831 lorum,duplusest
766 4758 953 4830 ipsius
966 4757 1453 4830 trianguli;quod
1470 4756 1847 4828 oportuitde-
1954 4756 2274 4829 aequalium
2304 4755 2577 4812 laterum.
2604 4757 2770 4828 quod
2801 4773 2923 4812 non
2946 4757 3177 4828 absque
3208 4758 3434 4810 ratione
3462 4754 3606 4809 dici-

192 4856 550 4907 monstrare.
565 4849 755 4919 Atque
768 4847 896 4902 hac
907 4846 1154 4918 quidem
1165 4846 1687 4903 hactenus.0ratio
1706 4861 1845 4902 vero
1955 4861 2115 4910 mus;
2144 4845 2265 4900 imo
2287 4850 2377 4900 est
2400 4846 2516 4900 hoc
2540 4845 3149 4908 necessarium.0uod
3167 4844 3214 4897 si
3236 4842 3370 4914 quis
3391 4848 3607 4913 praeter

190 4942 524 4995 revertatur
562 4934 1030 5007 adpropositum
1042 4934 1187 4989 illud
1200 4934 1275 4990 de
1287 4934 1494 5005 ﬁguris
1506 4934 1847 5006 imparibus
1955 4933 2102 4990 illud
2128 4938 2402 4989 nostrum
2425 4932 2807 5005 propositum
2830 4931 3083 5003 reperiat
3115 4931 3295 4985 aliam
3345 4929 3607 5000 ﬁguram

190 5028 390 5084 forma
408 5023 745 5098 mqualibus
763 5028 822 5079 et
840 5023 1244 5094 inaequalibus
1260 5022 1539 5080 utrelicto
1550 5030 1665 5079 hoc
1687 5023 1848 5079 theo-
1957 5021 2178 5077 circulo
2204 5020 2399 5090 magis
2429 5021 2746 5092 aequalem,
2773 5018 2853 5074 illi
2872 5033 3161 5088 magnam
3203 5018 3459 5086 gratiam
3507 5017 3609 5073 ha-

128 5150 133 5155 -
188 5119 422 5173 remate
442 5111 611 5186 quod
634 5111 827 5168 obiter
855 5110 1063 5168 incidit
1081 5111 1161 5167 ad
1178 5127 1431 5184 scopum
1448 5112 1702 5169 festinet.
1956 5110 2140 5167 bituri
2168 5126 2397 5165 sumus.
2425 5109 2666 5164 Veniam
2682 5113 2880 5163 autem
2896 5123 3005 5163 nos
3019 5106 3415 5181 deprecamur
3441 5106 3609 5181 quod

266 5211 321 5259 7.
352 5206 479 5260 Non
493 5199 1698 5273 estigiturcirculusduntaxataequalitate
1730 5199 1850 5256 exi-
1960 5214 2253 5272 negemus
2277 5198 2636 5270 inrequalem
2668 5195 2924 5265 ﬁguram
2939 5211 3067 5251 esse
3099 5196 3387 5253 ordinatae
3404 5197 3611 5267 ﬁgurae

191 5295 810 5365 miussupraomnem
846 5289 1656 5363 ﬁguramaequalemnterum
1670 5290 1848 5346 etiam
1964 5288 2244 5361 aequalem
2283 5302 2422 5342 cum
2450 5290 2777 5358 praesertim
2794 5285 2908 5341 hoc
2931 5286 3109 5341 modo
3130 5285 3272 5341 illud
3307 5284 3473 5357 quod
3528 5289 3613 5339 est

192 5398 383 5457 supra
400 5396 648 5438 omnem
677 5379 935 5451 ﬁguram
960 5395 1097 5453 quae
1110 5379 1684 5437 describitur.Nemo
1710 5394 1852 5436 vero
1965 5377 2196 5450 aequale
2217 5373 2502 5447 inaequali
2523 5371 2935 5447 praeferamus.
2967 5374 3080 5430 Sed
3106 5379 3231 5431 esto
3261 5372 3465 5446 aliqua
3494 5371 3614 5428 alia

266 5532 348 5606 (l)
386 5537 689 5606 Τιταγμένα
715 5535 975 5606 σχῂματα
998 5530 1082 5606 ab
1104 5535 1343 5606 auctore
1374 5529 1751 5606 appellantur
1772 5528 1855 5582 οἰκ]

1975 5546 2135 5581 mm.
2172 5523 2315 5581 Vide
2344 5522 2718 5581 Aristotelem
2749 5525 2943 5601 primo
2972 5526 3054 5582 De
3084 5524 3250 5581 creto.

265 5600 346 5696 (2')
385 5600 601 5677 Αἴτηιὶιά
628 5600 947 5665 Mansisset;
978 5607 1042 5659 ut
1064 5600 1329 5675 loquitur
1359 5600 1723 5658 Aristoteles.
