4066 6212
607 310 739 369 1591

2135 296 2491 368 ADDENDA.

3803 322 3896 379 1392

616 445 797 498 ἀνίσου
847 438 1181 497 εἰδοποιῆσαι
1249 436 1456 509 φάσκειο
1512 431 1683 498 οὐδεὶς
1733 436 1834 511 γὰρ
1874 454 1983 495 νεπη
2034 437 2218 510 ὅπιπερ
2275 439 2323 493 Α
2378 433 2587 507 ἀγαθῶν
2616 439 2707 511 μέν
2735 435 2941 512 πλήρης
2975 430 3125 510 γαῖα,
3185 432 3243 490 τό
3284 424 3328 491 τὁ
3379 436 3436 490 ἂν
3486 431 3667 514 πλήρης
3720 437 3881 518 ϐ’ὑγρά,

614 538 674 588 τὸ
711 532 887 586 ἄνισον
951 546 1251 603 κρειττονως
1307 521 1611 585 εἰδοποίησε
1633 529 1692 579 τὸ
1724 522 1885 595 εἶδος,
1944 523 2100 599 εἱμὴ
2164 542 2217 577 τι

616 618 1058 697 παραλογίζηται.

685 710 750 769 η’.
783 712 1001 781 Δέγομεν
1022 705 1112 758 οὖν
1142 703 1225 757 ὅτε
1249 706 1420 779 ὥσπερ
1444 706 1493 758 ἓν
1540 704 1635 764 ὕλη
1693 708 1752 758 τὸ
1810 700 1969 770 εἶδος,
2024 701 2072 756 ἐν
2117 704 2216 776 φύ-

616 819 698 854 σει
721 795 959 864 παιδεία,
981 799 1071 848 καὶ
1102 796 1276 867 ὥσπερ
1305 795 1331 847 ὃ
1365 804 1556 868 σχῆμα
1625 794 1855 870 ὶσότερον
1919 794 2219 869 κρειττόνως

612 891 758 966 παρὰ
780 894 873 941 τοῦ
905 882 1082 948 εἰδους
1103 880 1411 943 εἰδοποιήθη
1474 892 1566 938 τοῦ
1622 888 1691 958 μὴ
1752 884 1957 942 ἰσότητι
1976 886 2076 955 ἴσῳ
2127 881 2218 935 αὖ·

612 988 729 1050 τοῦ,
760 980 919 1039 οῦτῶς
980 977 1120 1033 καὶή
1184 976 1385 1047 φύσιςή
1439 973 1794 1049 ῥυθμισθεῖσα
1846 970 2066 1027 παιδεία
2127 976 2217 1025 καὶ

614 1070 718 1124 οἷον
766 1065 1159 1125 εἰδοποιηθεῖσα
1222 1068 1462 1139 κρείττων
1534 1063 1644 1117 ἰστί
1703 1072 1793 1125 τῆς
1844 1065 1914 1137 μή
1970 1057 2214 1115 παιδείαν

617 1162 875 1232 σχούσης.
910 1155 1064 1229 Ἐχει
1090 1151 1149 1207 δε
1177 1152 1368 1215 πλάτός
1388 1152 1517 1206 πολὺ
1542 1162 1638 1216 τῆς
1656 1155 1899 1226 σχούσης
1930 1154 1959 1210 ἠ
1988 1148 2216 1225 διαφορά

614 1251 696 1303 ὄτι
715 1254 794 1311 τὶς
825 1250 913 1320 μὶν
942 1248 1098 1319 φύσις
1122 1245 1280 1315 ἔσχεν
1296 1242 1416 1301 ὃλην
1441 1239 1706 1310 παιδείαν,
1763 1246 1842 1305 τὶς
1908 1238 1966 1295 δὲ
2021 1245 2212 1315 ἣμισυ,

614 1343 685 1400 τὶς
708 1335 767 1392 δι
796 1336 918 1395 ὃλην
956 1335 1100 1410 παρά
1150 1351 1205 1386 τε
1265 1332 1411 1404 ἔτερα
1476 1329 1536 1385 δέ
1590 1330 1726 1385 κατὰ
1774 1328 2047 1405 βαθμίὸας
2088 1326 2212 1400 οἷον,

613 1430 705 1489 ἕως
731 1435 828 1489 τῆς
852 1429 1029 1499 μέσον,
1061 1427 1150 1475 καὶ
1210 1420 1267 1474 ἐκ
1326 1423 1510 1475 τούτου
1536 1422 1631 1482 ἕως
1684 1428 1776 1474 τοῦ
1851 1429 1946 1481 τῆς
1974 1417 2216 1479 παίδείας

615 1518 751 1571 κατὰ
782 1518 869 1568 τὸν
886 1514 1039 1567 αὐτόν
1062 1509 1234 1583 λόγον,
1267 1510 1523 1583 ἐσχάτου,
1556 1513 1586 1570 ἡ
1631 1507 1691 1563 δε
1735 1514 1808 1583 μὴ
1867 1514 2084 1581 σχοῦσα
2134 1511 2214 1560 τί·

615 1605 747 1676 λεον,
799 1603 1085 1677 ἀτιμοτάτη
1147 1600 1331 1656 τελεον.
1400 1606 1547 1673 Τρεῖς
1606 1607 1730 1672 γοῦν
1781 1598 2054 1671 εἰρήκαμεν
2108 1615 2217 1650 κοι-

615 1700 800 1756 νωνίας
831 1696 1152 1767 πρωτίστας,
1202 1697 1273 1760 τῷ
1329 1689 1552 1761 ἄρχοντι
1602 1694 1857 1741 κοινωνεῖν
1909 1686 1970 1748 ἃς
2013 1688 2216 1760 εἰπομεν

615 1792 715 1836 τῶν
743 1779 795 1835 δ’
835 1781 1000 1834 ἀλλων
1040 1777 1394 1852 ἐπιμελεῖσθαι
1438 1779 1560 1839 ὅσας
1607 1774 1675 1837 δὴ
1735 1786 1808 1848 τῷ
1865 1780 2022 1848 κοὶνῳ
2082 1794 2217 1848 συμο

617 1870 927 1945 ϐαλλομένοις
993 1870 1110 1945 ὁρᾷ,
1174 1871 1243 1928 είς
1300 1886 1356 1920 τε
1410 1870 1670 1920 σύστασιν
1748 1870 1839 1918 καὶ
1923 1865 2216 1938 εὐμάρειαν,

615 1965 737 2024 τοὺς
761 1957 822 2013 δι
849 1961 981 2033 μετὰ
1006 1962 1091 2011 τὸν
1112 1966 1314 2031 πρῶτον
1369 1964 1443 2027 τῷ
1494 1962 1682 2030 πρώτῳ
1735 1957 2046 2029 ὁμοιοῦσθαι
2103 1956 2220 2029 ὀρί-

617 2050 791 2123 ζομεν·
840 2048 885 2102 εἰ
933 2049 1037 2121 γὰρ
1093 2045 1277 2107 ἓκεῖνος
1319 2052 1552 2099 κοινωνεῖ
1596 2053 1702 2106 τοῖς
1763 2052 2002 2117 φυσικοῖς
2060 2062 2113 2097 τε
2131 2047 2221 2096 καὶ

616 2133 1050 2210 πεπαιδευμένοις
1076 2134 1273 2209 λόγοις,
1323 2136 1468 2189 οὗτοι
1517 2131 1577 2188 δε
1622 2139 1744 2197 τοὺς
1806 2130 1967 2187 αὗτοῦ
2017 2133 2219 2206 λόγους,

616 2230 788 2304 ὥσπερ
838 2228 979 2288 τινὰς
1050 2227 1253 2299 μορφὰς
1298 2225 1524 2299 αἴροντες
1583 2222 1656 2287 εἷς
1705 2221 2222 2285 ἀλλήλουςποιοῦσι
2292 2224 2295 2225 ⁷

614 2319 708 2380 τὰς
736 2319 1020 2383 κοινωνίας,
1062 2310 1214 2367 οὐδέν
1266 2312 1407 2367 ἔστιν
1473 2313 1617 2385 ἄλλο,
1658 2315 1687 2374 ἦ
1744 2315 1825 2367 ὅτι
1863 2312 2009 2367 κᾶτα
2063 2316 2220 2387 φύσιν

616 2422 707 2459 και
742 2400 989 2460 παιδείαν
1044 2410 1276 2457 κοινωνεῖ
1324 2412 1398 2476 τῷ
1453 2411 1627 2475 κοινῷ.
1679 2410 1826 2465 Πόση
1887 2402 1937 2459 δ’
1994 2404 2120 2458 αὐτὸ
2167 2424 2223 2458 τε

618 2493 835 2567 ὠφέλεια
879 2497 1080 2567 κόσμου
1134 2493 1325 2546 ὁπόταν
1380 2492 1534 2565 λόγος
1583 2496 1672 2566 μὲν
1729 2493 1903 2570 ὁρίζῃ,
1954 2497 2110 2568 φύσις
2162 2489 2222 2547 δὲ

618 2586 845 2660 πράττη,
873 2587 963 2636 καὶ
987 2587 1045 2636 τὸ
1084 2587 1154 2657 μή
1187 2581 1343 2655 λόγου
1386 2586 1477 2635 καὶ⁹
1524 2584 1744 2655 φύσεως,
1792 2583 1968 2659 πόρρω
2014 2583 2210 2658 βαίνει,

595 2759 790 2830 figura
813 2763 1029 2834 praeter
1045 2758 1343 2818 circulum
1364 2759 1628 2818 maxime
1656 2759 1927 2818 omnium
1949 2760 2247 2820 ordinata.

2377 522 2591 584 Ἐπειδή
2643 524 2702 580 δὲ
2750 526 2845 580 οὐκ
2896 528 3011 580 ἔστι
3052 546 3205 580 τουτο
3257 526 3432 603 εὑρεῖν,
3488 532 3678 601 χείρους
3727 535 3804 605 γὰρ
3845 537 3880 587 οἱ

2374 612 2604 684 πλείους,
2664 616 2785 679 τούς
2874 615 3122 691 ὁρισμοὺς
3162 619 3253 689 μὲν
3328 617 3467 689 ἡμεῖς
3544 617 3879 694 ἀναγεγράφαμεν

2375 707 2464 756 καὶ
2519 706 2613 763 τὴν
2664 704 2905 765 ἀλήθειαν
2956 708 3184 778 εἴπομεν,
3251 703 3412 778 ἐρρέτω
3466 702 3521 759 δὲ
3562 708 3584 759 ὁ
3629 706 3876 782 βουλόμενος,

2374 794 2424 844 οἱ
2450 788 2502 845 δ’
2533 792 2676 848 ἁλλοι
2706 798 2771 857 ὡς
2798 802 2886 848 και
2914 793 3187 868 βούλοιντό
3232 791 3657 869 διατρεχέτωσαν.
3693 794 3804 849 Οἶδα
3842 796 3879 852 0":

2374 881 2563 951 καλῶς,
2588 883 2669 936 ὃτι
2693 891 2793 947 πᾶς
2825 887 2961 956 ἔχων
3012 891 3129 937 νοῦν
3182 884 3275 936 οῦκ
3327 885 3386 935 ἀν
3429 904 3545 937 ποτε
3602 883 3771 944 ἀποστῆ
3816 896 3879 939 τῶν

2375 978 2575 1045 τρόπων
2621 983 2721 1027 τῶν
2792 976 3091 1049 εἰρημένων,
3143 976 3235 1027 ἅτε
3282 974 3571 1047 φιλοσοφίας
3623 982 3701 1028 καὶ
3754 983 3880 1048 easta;

2374 1060 2799 1139 ἔγχαραττόντων
2829 1067 2922 1126 τὰς
2952 1060 3128 1132 ὁδοὺς,
3188 1062 3287 1136 ἐγὼ
3340 1060 3419 1134 δὲ,
3468 1062 3557 1117 κᾶν
3607 1066 3630 1117 ὁ
3668 1065 3795 1125 πολὺς
3830 1070 3883 1117 ἐν·

2376 1153 2577 1227 θρωπος
2635 1151 2999 1228 ἀπαρέσκηται
3061 1156 3120 1206 τὸ
3186 1152 3360 1222 καλὸν,
3441 1155 3613 1206 οὔκουν
3660 1153 3879 1207 {monuit},

2375 1240 2480 1295 ἀλλ’
2508 1240 2860 1304 ἀνυποστόλως
2890 1242 3016 1318 ἱρῶν
3043 1247 3134 1295 καὶ
3156 1238 3309 1305 αὖθις
3334 1243 3623 1317 εἰρήσομαι.

2449 1330 2510 1388 θ’.
2539 1334 2648 1386 Δύο
2675 1340 2801 1405 γοῦν
2832 1329 2957 1385 οἶδα
2986 1330 3119 1386 εἶναῖ
3166 1334 3322 1404 φύσιν
3377 1336 3465 1385 καὶ
3517 1335 3573 1384 τὸ
3620 1329 3881 1404 συμϐεϐηκὸς,

2374 1424 2544 1474 καὶτὸ
2585 1424 2674 1495 μεν
2704 1424 2906 1495 φύσεως
2944 1423 3147 1494 ποίημά
3177 1419 3292 1474 ἐστι
3321 1425 3408 1475 καὶ
3466 1420 3576 1474 λίαν
3628 1419 3739 1488 ἐστὶ,
3774 1424 3817 1473 τὸ
3850 1418 3884 1474 ii

2374 1517 2466 1563 τοῦ
2498 1509 2884 1583 συμϐεϐῆκότοε
2927 1514 3064 1564 κατὰ
3113 1517 3302 1585 κρᾶσιν
3362 1514 3511 1584 μόνον
3561 1514 3777 1583 γίγνεται*
3815 1511 3885 1562 ἔστι

2377 1596 2436 1653 δε
2467 1597 2706 1653 δεκτικόν
2727 1607 2918 1676 κρᾶσις
2948 1600 3108 1654 καλοῦ
3165 1605 3255 1654 καὶ
3319 1606 3390 1674 μή
3443 1599 3594 1653 καλοῦ
3650 1605 3728 1652 καὶ
3763 1606 3888 1666 καλοῦ,

2375 1691 2441 1750 ὡς
2468 1692 2646 1743 καὶτὸ
2685 1688 3037 1763 συμϐεϐηκὸς,
3083 1709 3209 1755 οιον,
3265 1689 3346 1743 ὃτι
3388 1709 3463 1751 τις
3508 1695 3792 1765 στρατιώτης
3826 1708 3890 1740 κοι-

2375 1786 2522 1831 νωνεῖ
2544 1797 2666 1847 τινι,
2719 1784 2872 1832 τοῦτό
2893 1784 3103 1852 κρᾶσις·
3160 1778 3205 1832 εἰ
3396 1778 3483 1831 οὖν
3536 1776 3699 1850 ἀγαθῷ
3738 1783 3895 1829 κοινωιᾶ

2378 1886 2539 1940 τεχνη
2572 1872 2662 1921 καὶ
2690 1869 2864 1941 φύσει,
2891 1869 2921 1927 ἡ
2955 1873 3142 1940 κρᾶσις
3169 1863 3278 1927 ἤδη
3328 1866 3488 1920 καλοῦ
3542 1864 3753 1937 δεκτικὴ,
3795 1865 3826 1919 εἰ
3858 1862 3893 1917 δὲ

2379 1962 2451 2030 μὴ
2478 1956 2618 2027 καλῷ
2664 1966 2726 2017 τῆ
2761 1975 2923 2029 τεχνη
2978 1962 3068 2010 καὶ
3119 1964 3180 2029 τῇ
3251 1959 3429 2029 φύσει,
3479 1962 3547 2019 ὡς
3594 1959 3760 2028 πέφυκε
3795 1962 3894 2007 τοῦτο

2380 2047 2641 2118 γενέσθαι,
2660 2042 2960 2107 ἀλλ’ἀπλῶς
2999 2049 3125 2117 ὄντι,
3182 2047 3212 2105 ἠ
3273 2052 3466 2121 κρᾶσις
3515 2041 3705 2102 δεκτικὴ
3752 2048 3807 2117 μή
3838 2062 3896 2094 χα-

2380 2134 2491 2187 λόῦ·
2567 2133 2610 2187 εἰ
2658 2131 2717 2187 δε
2768 2138 3003 2207 κακίστῳ
3049 2135 3181 2187 κατά
3233 2153 3288 2187 τε
3355 2136 3512 2207 φύσιν
3562 2138 3645 2186 καὶ
3694 2132 3891 2204 τεχνην,ὲ

2381 2232 2571 2300 κρᾶσις
2621 2221 2835 2284 δεκτικὴ
2892 2232 2984 2278 τοῦ
3048 2232 3235 2292 κακοῦ,
3289 2226 3320 2283 ἡ
3371 2225 3476 2300 οἰρα
3526 2230 3703 2300 κρᾶσις
3746 2218 3891 2276 timui

2382 2314 2562 2384 καλοῦ,
2594 2318 2684 2367 καὶ
2710 2319 2781 2387 μὴ
2803 2312 2963 2367 καλοῦ
3010 2318 3100 2367 καὶ
3156 2319 3348 2372 κακοῦ.
3379 2320 3469 2376 Τις
3512 2317 3598 2386 μὲν
3653 2308 3729 2364 οὖν
3766 2316 3895 2384 κρᾶσις

2381 2402 2430 2457 ἓν
2460 2405 2632 2478 φύσει,
2686 2407 2778 2457 καὶ
2828 2408 2909 2466 τίς
2966 2406 3117 2476 φὺσίς
3178 2402 3227 2457 ἕν
3283 2405 3494 2479 κράσει,
3550 2401 3603 2455 αἱ
3650 2400 3895 2465 ἑξισαζονται

2382 2494 2449 2555 εἰς
2501 2493 2627 2547 αὐτό
2669 2496 2737 2561 ;ἡ
2805 2495 2906 2567 γὰρ
2972 2492 3173 2566 ἀγαθοῦ
3239 2492 3428 2566 ἀγαθῷ
3465 2496 3708 2557 κοινωνία,
3749 2495 3893 2563 κρᾶσις,

2381 2582 2510 2638 ἀλλὰ
2535 2584 2672 2637 κατὰ
2708 2584 2881 2656 φύσιν·
2930 2582 2979 2636 ἓν
3029 2585 3195 2642 ταῦτη
3226 2590 3359 2656 γοῦν
3415 2587 3475 2643 τὴ
3542 2578 3710 2655 κράσει
3751 2598 3819 2632 και
3852 2595 3895 2635 τις

2357 2761 2521 2819 tione
2558 2776 2687 2818 esse
2716 2760 2994 2835 positam,
3036 2760 3137 2816 vix
3176 2763 3385 2817 autem
3415 2758 3534 2817 dici
3570 2758 3756 2833 possit,
3787 2769 3911 2829 quan-

597 2850 816 2906 Verum
851 2865 926 2907 ne
954 2849 1039 2907 sic
1075 2850 1325 2924 quidem
1356 2855 1559 2908 noster
1587 2867 1785 2909 sermo
1807 2852 2028 2908 inutilis
2054 2853 2245 2909 fuerit.
2286 2872 2327 2928 ο
2358 2855 2484 2907 tum
2525 2849 2947 2923 adjumentum
2977 2849 3239 2907 societati
3255 2848 3549 2906 humanas
3603 2848 3864 2913 afferretur,
3886 2844 3912 2898 si
3978 2848 3979 2875 ξ

591 2954 715 3013 quo
728 2954 1144 2997 asseveramus
1162 2939 1521 3013 aequalitatis
1543 2940 1801 2998 formam
1816 2940 1973 3014 inseq
1984 2942 2247 3000 ualitatis

593 3029 789 3086 forma
804 3044 939 3085 esse
953 3030 1429 3102 praestantiorem
1462 3045 1476 3097 ;
1500 3046 1680 3088 nemo
1694 3030 1853 3087 enim
1870 3030 2082 3088 dixerit
2102 3032 2239 3090 inae-

594 3118 900 3190 qualitatis
932 3118 1193 3176 formam
1217 3119 1575 3193 aequalitatis
1600 3120 1796 3178 forma
1815 3137 1948 3178 esse
1961 3126 2248 3195 praestan-

593 3207 823 3279 tiorem,
856 3207 970 3263 nisi
999 3207 1178 3264 rebus
1217 3209 1436 3265 fucum
1466 3209 1727 3282 aliquem
1758 3210 1954 3267 faciat.

666 3298 719 3352 8.
755 3296 1205 3368 Dicimusigitur
1224 3297 1489 3355 formam
1505 3299 1827 3356 inmateria
1850 3299 1912 3356 id
1939 3300 2248 3375 essequod

596 3385 765 3442 estin
788 3389 1008 3442 natura
1031 3385 1287 3443 eruditio
1320 3392 1416 3456 ;et
1453 3392 1520 3444 ut
1563 3388 1760 3460 ﬁgura
1810 3390 2075 3446 maxime
2121 3406 2248 3447 om-

595 3474 764 3531 nium
779 3474 1025 3548 aequalis
1038 3475 1295 3533 formam
1308 3480 1485 3534 nacta
1495 3478 1863 3535 estomnium
1875 3480 2247 3552 prmstantis-

598 3563 837 3630 simam,
863 3565 943 3622 ita
967 3565 1147 3621 etiam
1175 3570 1391 3623 natura
1421 3566 1750 3624 eruditione
1770 3573 1987 3625 ornata
2009 3573 2066 3626 et
2094 3585 2244 3642 qua-

598 3652 651 3707 si
674 3650 999 3709 informata
1027 3654 1407 3726 praestantior
1435 3660 1522 3713 est
1550 3671 1622 3712 ea
1645 3670 1781 3729 quae
1807 3656 2138 3715 eruditione
2152 3672 2246 3714 ca-

598 3745 707 3797 ret.
737 3739 851 3797 Sed
878 3757 1171 3814 magnum
1203 3759 1449 3817 quoque
1514 3743 1707 3801 latum
1788 3745 2110 3803 discrimen
2158 3762 2244 3803 re-

595 3828 822 3902 peritur
856 3830 918 3887 in
943 3836 1160 3889 natura
1174 3832 1570 3891 eruditionem
1583 3834 1860 3904 habente,
1892 3836 2059 3907 quod
2083 3852 2245 3909 quaa-

596 3918 742 3975 dam
770 3924 985 3977 natura
1017 3921 1363 3980 universam
1389 3923 1784 3979 eruditionem
1816 3923 2057 3994 habeat,
2085 3940 2245 3997 quie-

596 4007 740 4064 dam
778 4024 921 4066 vero
937 4009 1237 4083 simplam,
1254 4011 1534 4085 quaedam
1550 4028 1756 4068 rursus
1768 4013 2110 4070 universam
2136 4013 2248 4070 ali-

597 4097 769 4170 cujus
781 4098 1187 4172 partis,altera
1198 4115 1338 4156 vero
1351 4103 1430 4157 ab
1443 4101 1667 4157 inﬁmis
1680 4100 1757 4157 ad
1772 4102 2039 4159 medium
2054 4119 2245 4176 usque

599 4289 718 4348 que
730 4276 1334 4352 rationenaturaquaz
1358 4280 1437 4336 ad
1466 4279 1742 4337 ultimum
1771 4297 1957 4355 usque
1990 4283 2247 4353 gradum

599 4363 927 4421 descendit.
971 4368 1114 4432 Quae
1140 4384 1277 4425 vero
1320 4368 1555 4425 tandem
1607 4370 1854 4427 omnino
1918 4370 2248 4428 eruditione

600 4458 781 4521 caret,
807 4459 899 4511 est
920 4456 1180 4513 maxime
1220 4458 1494 4514 omnium
1533 4458 2250 4533 ignobilis.Diximusigi-

599 4546 822 4600 turtres
854 4560 985 4601 esse
999 4546 1595 4618 communicationes,
1626 4548 1851 4619 primas
1865 4549 2247 4623 scilicetquas

596 4631 822 4691 habere
836 4629 1181 4692 societatem
1192 4636 1747 4693 etcommunionem
1762 4653 1901 4694 cum
1931 4639 2058 4695 viro
2084 4640 2246 4711 prin-

600 4723 731 4797 cipe
772 4723 1053 4783 diximus.
1083 4724 1235 4782 Alia:
1272 4741 1416 4783 vero
1442 4726 1523 4783 ita
1550 4732 1687 4783 sunt
1714 4727 1776 4783 in
1804 4728 1995 4801 pretio
2024 4728 2250 4785 haben-

598 4812 716 4885 das,
747 4818 927 4888 prout
954 4815 1269 4873 conferunt
1288 4815 1366 4873 ad
1394 4829 1780 4872 communem
1810 4816 1973 4873 illam
2004 4817 2250 4874 societa-

595 4904 739 4974 tem,
768 4903 891 4961 sive
921 4905 1001 4960 ad
1030 4904 1539 4973 constitutionem,
1590 4905 1709 4962 sive
1785 4905 1865 4962 ad
1919 4905 2246 4963 faciliorem

595 4988 892 5048 rationem
914 4994 1265 5065 pertineant.
1327 4990 1463 5050 Illos
1511 4993 1764 5067 proinde
1819 4994 1923 5068 qui
1982 4995 2248 5069 primum

595 5076 766 5135 illum
787 5080 1043 5150 gradum
1055 5087 1479 5155 assequuntur,
1497 5082 1693 5155 primo
1707 5083 1929 5140 similes
1955 5100 2086 5142 esse
2106 5084 2247 5142 dici-

596 5181 734 5223 mus
754 5168 859 5240 (t).
881 5171 1030 5227 Nam
1052 5171 1099 5227 si
1117 5171 1455 5243 primusille
1468 5174 1765 5247 particeps
1783 5181 1867 5231 est
1881 5174 2245 5232 naturalium

596 5260 655 5313 et
685 5257 1077 5316 eruditiorum
1107 5275 1477 5329 sermonum,
1508 5261 1568 5318 hi
1598 5263 1855 5321 rationes
1908 5264 2065 5321 illius
2119 5270 2246 5323 tan-

593 5357 783 5420 quam
807 5345 1029 5405 formas
1063 5348 1362 5421 quasdam
1395 5351 2247 5424 suscipientescommunicant

592 5435 748 5494 inter
770 5452 855 5495 se.
886 5438 1057 5504 Quod
1087 5437 1237 5493 nihil
1259 5438 1425 5495 aliud
1469 5445 1557 5499 est
1618 5458 1805 5515 quam
1858 5458 2245 5502 communem

588 5524 756 5586 illam
794 5522 1405 5585 communicationem
1436 5526 1499 5583 in
1548 5533 1763 5589 natura
1820 5535 1879 5589 et
1932 5532 1995 5590 in
2050 5534 2243 5592 erudi-

2358 2940 2510 2997 ratio
2540 2939 2952 3013 praescriberet
2974 2943 3033 2995 et
3060 2943 3279 2995 natura
3316 2942 3549 3010 ageret,
3582 2942 3635 2995 et
3657 2938 3701 2994 si
3724 2933 3915 2992 aratione

2359 3045 2431 3086 ac
2459 3035 2674 3085 natura
2702 3044 3018 3101 nunquam
3033 3026 3507 3085 declinaremus.
3534 3030 3680 3084 Tunc
3703 3024 3829 3082 enim
3849 3023 3913 3077 bo-

2355 3133 2576 3175 norum
2604 3116 2776 3174 tellus
2788 3122 2946 3174 esset
2960 3116 3141 3191 plena
3156 3121 3210 3173 et
3224 3133 3397 3174 mare
3412 3116 3654 3190 plenum
3681 3134 3693 3183 ;
3712 3111 3915 3188 quoniam

2357 3211 2558 3265 autem
2579 3207 2696 3264 hoc
2725 3222 2849 3264 non
2878 3211 3076 3280 potest
3092 3206 3349 3263 inveniri
3373 3213 3539 3275 (nam
3561 3201 3915 3278 etimpertectia

2355 3312 2450 3354 res
2488 3301 2545 3354 et
2573 3296 2774 3370 plures
2811 3296 3277 3369 temperationes
3332 3295 3761 3369 descripsimus,
3785 3293 3845 3348 ita
3879 3291 3913 3343 ut

2352 3386 2416 3443 id
2453 3386 2619 3461 quod
2647 3402 2860 3443 verum
2878 3391 2965 3443 est
2983 3385 3357 3457 dixerimus),
3381 3391 3588 3444 nostra
3618 3383 3915 3457 amplectatur

2353 3476 2460 3549 qui
2483 3475 2664 3543 volet;
2694 3475 2793 3532 alii
2821 3490 2965 3533 vero
3028 3490 3101 3533 ea
3172 3476 3459 3533 insistant
3495 3476 3592 3533 via
3638 3487 3756 3547 quas
3786 3468 3912 3538 magis

2352 3565 2498 3637 ipsis
2535 3565 2844 3638 placuerit,
2876 3579 3233 3639 quanquam
3266 3566 3398 3623 scio
3429 3564 3742 3639 quemlibet
3781 3562 3912 3616 mente

2353 3653 2667 3726 praeditum
2706 3668 3024 3726 nunquam
3059 3652 3734 3711 discessurumamodis
3771 3660 3909 3719 supra-

2352 3742 2631 3811 dictis,eo
2659 3741 2825 3816 quod
2845 3743 2906 3800 in
2929 3758 3127 3800 veram
3165 3741 3571 3816 philosophia:
3601 3746 3657 3799 et
3692 3737 3912 3812 sapientia

2350 3834 2505 3892 viam
2535 3834 2936 3891 introducant.
2963 3836 3083 3905 Ego
3107 3848 3245 3891 vero
3278 3834 3520 3891 etiamsi
3539 3831 3699 3889 multi
3722 3828 3913 3886 homines

2351 3921 2735 3980 offendantur
2754 3935 3072 3995 nunquam
3098 3920 3398 3979 dubitabo
3417 3921 3484 3979 id
3502 3920 3664 3995 quod
3681 3932 3847 3977 verum
3866 3914 3916 3968 est

2355 4012 2576 4081 dicere,
2595 4011 2777 4085 idque
2800 4027 3007 4067 rursus
3025 4015 3317 4084 repetam.

2426 4104 2479 4157 9.
2511 4103 2639 4157 Duo
2669 4114 2799 4156 esse
2823 4105 2984 4156 certo
3023 4100 3145 4157 scio
3184 4104 3475 4157 naturam
3501 4103 3559 4158 et
3582 4096 3851 4156 accidens;
3878 4101 3919 4145 δε
3978 4100 3979 4163 ξ

598 4187 867 4245 ascendit
890 4193 948 4244 et
976 4190 1228 4246 amedio
1248 4206 1439 4263 usque
1470 4190 2245 4280 aderuditionemﬁadem-
2284 4225 2326 4280 ι)
2357 4195 2588 4247 natura:
2617 4189 2865 4280 quidem
2890 4205 3045 4280 opus
3072 4188 3440 4262 praeclarum
3465 4193 3573 4280 est,
3604 4194 3663 4245 at
3685 4178 3917 4280 accidetlliS

2358 4295 2430 4335 ex
2460 4278 2889 4351 temperatione
2916 4278 3164 4335 exsistit.
3185 4279 3569 4351 Temperatio
3596 4292 3727 4334 vero
3744 4267 3918 4331 tumba

2356 4382 2505 4424 num
2536 4372 2663 4424 tum
2693 4368 2875 4424 etiam
2918 4365 3147 4423 malum
3196 4369 3507 4440 suscipere
3554 4370 3751 4440 potest,
3789 4358 3916 4433 potest
3978 4432 3979 4455 χ

2356 4473 2601 4531 quoque
2626 4456 2924 4514 accidens.
2956 4459 3025 4513 Ut
3054 4456 3104 4513 si
3124 4456 3297 4513 miles
3329 4473 3474 4514 cum
3508 4457 3701 4530 aliquo
3724 4459 3914 4509 commu-

2356 4548 2602 4603 nionem
2621 4547 2801 4611 ineat,
2813 4545 3138 4617 hocipsum
3150 4548 3238 4603 est
3252 4546 3613 4619 temperatio
3637 4560 3651 4612 ;
3678 4544 3723 4599 si
3747 4536 3912 4614 quidem
3978 4560 3979 4565 π

2356 4636 2537 4708 igitur
2564 4634 2726 4692 bono
2752 4650 2814 4691 se
2826 4634 3138 4707 adjungat,
3167 4644 3418 4708 propter
3430 4640 3621 4692 artem
3644 4637 3698 4690 et
3716 4634 3911 4687 naturam
3978 4638 3979 4675 1

2356 4724 2699 4798 temperatio
2710 4723 2932 4781 bonum
2948 4723 3313 4797 suscipit;sin
3324 4723 3477 4781 boni
3489 4717 3911 4797 particepserarte

2356 4828 2481 4870 non
2492 4818 2601 4884 est,
2614 4829 2687 4870 ex
2698 4818 3063 4871 naturavero
3075 4816 3271 4885 potest
3284 4811 3711 4882 esse,hocestsi
3722 4803 3910 4866 absolute

2357 4908 2448 4961 est
2469 4902 2533 4959 id
2558 4902 2724 4977 quod
2753 4906 2862 4971 est,
2890 4900 3193 4975 ejusmodi
3216 4902 3576 4975 temperatio
3604 4901 3804 4959 bonum
3830 4904 3915 4984 susf

2357 4992 2554 5065 cipere
2582 4995 2797 5064 potest.
2825 4992 2927 5048 Sin
2956 5008 3029 5048 ex
3052 4995 3272 5049 natura
3300 4997 3357 5047 et
3381 5008 3460 5048 ex
3473 4997 3601 5049 arte
3632 4981 3912 5073 improbissi-

2355 5099 2493 5139 mus
2519 5086 2607 5140 est
2625 5082 2859 5156 aliquis,
2889 5081 3020 5154 cjus
3044 5080 3397 5155 temperatio
3452 5080 3683 5140 malum
3719 5068 3915 5142 suscepit

2357 5174 2547 5239 Quare
2576 5172 2928 5245 temperatio
2957 5186 3093 5245 quas
3124 5170 3357 5228 bonum
3387 5176 3450 5228 et
3473 5186 3599 5228 non
3621 5170 3818 5227 bonum
3836 5170 3914 5213 SllS'

2355 5262 2552 5336 cipere
2582 5266 2793 5336 potest.
2811 5260 3041 5319 malum
3052 5275 3296 5334 quoque
3321 5250 3914 5333 potestsuscipertt.0uo

2354 5358 2534 5426 pacto
2560 5354 2739 5426 igitur
2768 5352 3121 5426 temperatio
3151 5357 3238 5409 est
3265 5352 3327 5408 in
3356 5357 3584 5410 natura
3626 5357 3681 5408 et
3719 5360 3818 5421 quo
3855 5350 3916 5409 Ρδ·

2356 5449 2453 5502 cto
2482 5449 2699 5502 natura
2710 5443 2869 5502 estin
2890 5441 3319 5516 temperatione
3346 5441 3617 5516 ?Nempe
3640 5453 3764 5497 cum
3787 5426 3911 5490 turb2

2358 5533 2541 5593 simul
2550 5534 2613 5593 in
2625 5533 2840 5595 eodem
2852 5535 3169 5608 aequantur
3183 5546 3347 5605 ;nam
3371 5529 3525 5593 boni
3535 5546 3671 5590 cum
3681 5528 3819 5588 bono
3832 5528 3906 5576 com

658 5647 742 5727 (t)
777 5652 921 5716 Vide
957 5651 1249 5715 Thomam
1274 5652 1363 5711 De
1389 5658 1523 5712 eme
1549 5655 1607 5716 et
1631 5654 1996 5719 Averrhoem
2024 5657 2089 5720 in
2118 5658 2565 5734 Metaphysz‘cis.
