4066 6212
186 276 330 333 1393

1075 274 1431 335 THEODORI
1469 279 1516 335 II
1552 279 1691 336 1MP.
1732 280 1825 336 DE
1865 277 2322 339 COMMUNIONE
2360 284 2729 342 NATURALI.

3476 295 3614 351 1394

213 402 391 473 φύσις,
437 396 589 452 καὶέν
638 399 801 473 ταύτῃ
854 405 916 474 τῇ
978 418 1131 473 φυσει
1179 405 1270 454 καὶ
1320 408 1506 479 κρᾶσις
1564 402 1819 463 κατάλλη-
1878 406 1924 461 Α
1980 423 2067 476 τῃ,
2114 408 2198 458 ἵνα
2226 405 2282 467 ὃς
2329 406 2423 460 ούκ
2462 409 2574 482 ἔχει
2620 408 2735 462 κατ’
2786 406 2986 464 εὖθεῖαν
3040 415 3133 471 τὴν
3188 414 3453 486 σύμπηξιν
3497 435 3587 469 και

209 487 301 551 λος
328 487 659 547 και-αλλήλων
690 492 779 541 καὶ
823 490 882 541 τὸ
940 489 1069 561 ὁμοῦ
1126 493 1369 563 φυσικὸν,
1422 495 1503 555 τίς
1553 489 1612 546 δὲ
1663 494 1819 554 κακὸς

211 586 358 650 κακῷ
378 585 627 643 κοινωνεῖ,
656 584 846 651 κρᾶσις
905 585 1051 651 γοῦν,
1089 577 1195 632 ἀλλ’
1232 580 1291 632 ού
1339 583 1491 654 φύσις
1541 580 1700 651 ἐστὶν,
1757 581 1817 634 ού

210 665 344 740 λέγω
374 664 434 721 δὲ
462 668 543 720 ὅτι
566 666 675 721 ἐστὶ
703 671 792 720 καὶ
821 672 945 740 τιμὴ
1006 676 1103 731 τῆς
1161 670 1385 741 φύσεως,
1441 668 1569 722 ἀλλά
1617 673 1817 743 φύσεως

211 759 305 831 μεν
333 761 425 810 καὶ
454 759 519 811 τὰ
546 758 795 829 κάκιστα,
828 757 1230 830 πλημμελούσης
1289 755 1349 812 δὲ
1384 778 1444 831 γε
1491 763 1521 819 ἦ
1592 758 1818 835 ἀπορού-

217 866 333 912 σης,
358 849 477 900 ἔνθα
532 852 621 899 καὶ
670 848 730 898 τὸ
780 845 1105 920 συμϐεϐηκὸς
1159 855 1448 923 προχωρεῖ·
1507 852 1663 922 φύσις
1713 852 1815 924 γὰρ

212 940 306 989 καὶ
360 935 637 1009 φιλόσοφος
688 934 1101 1008 ὶπιτυγχάνουσι
1152 945 1251 989 τῶν
1320 937 1519 991 οἰκειων
1612 948 1817 991 σκοπῶν

212 1033 316 1078 τῶν
361 1024 513 1078 τελῶν
562 1027 696 1077 κατά
738 1024 797 1077 τό
849 1024 1061 1098 μᾶλλον,
1122 1024 1397 1099 συμϐαίνει
1475 1021 1535 1080 δὲ
1616 1027 1817 1100 συμϐε-

215 1113 402 1173 ϐηκότι
449 1118 507 1167 1'6
532 1119 827 1189 χρήσιμον,
859 1114 918 1168 ού
965 1118 1068 1187 μήν
1123 1111 1191 1175 δὴ
1238 1119 1297 1168 1'6
1359 1114 1660 1188 ἀναγκαῖον,
1711 1113 1816 1170 οἷον

212 1202 390 1277 ὥσπερ
441 1202 588 1257 λίθου
644 1205 919 1276 τμηθέντος
979 1209 1069 1257 καὶ
1120 1207 1189 1266 ὡς
1282 1207 1440 1277 ἔτυχε
1516 1209 1814 1280 φερομένου,

211 1289 326 1346 εἶτα
356 1293 568 1354 στάντος
609 1291 665 1357 ἐξ
707 1291 1003 1366 ἀνωμαλίας
1045 1297 1227 1362 τόπου,
1283 1294 1311 1354 ἦ
1368 1296 1448 1347 ὅτι
1504 1303 1600 1356 τῆς
1656 1301 1815 1369 φορᾶς

212 1383 491 1443 σταθείσης
517 1389 612 1443 τῆς
648 1384 898 1444 κινούσης
948 1380 1127 1448 αὐτὸν,
1187 1382 1258 1446 εἰς
1317 1379 1579 1455 καθέδραν
1628 1381 1813 1443 imm-

210 1468 358 1525 δείου
400 1490 452 1525 τε
486 1490 777 1544 γεγονότος,
816 1470 910 1524 ούκ
947 1472 1053 1545 ἄρα
1088 1474 1290 1544 φύσεως
1355 1479 1510 1525 τοῦτο
1577 1471 1717 1526 ἔστιν
1779 1473 1809 1534 ἦ

207 1558 511 1633 ἀναγκαῖον,
539 1559 671 1612 ἀλλὰ
732 1558 1114 1633 συμϐεϐηκότος
1173 1565 1264 1614 καὶ
1315 1566 1612 1634 χρήσιμον,
1678 1562 1816 1617 ὥστε

208 1649 451 1724 ὁρίζομεν
504 1657 756 1723 φυσικῶς,
812 1651 877 1703 τὰ
919 1658 1016 1714 τῆς
1054 1652 1258 1722 φύσεως
1313 1656 1584 1717 ποιήματα
1649 1649 1815 1704 οἰκεῖα

207 1743 300 1791 καὶ
322 1736 516 1809 ἀγαθὰ,
540 1740 606 1791 τὰ
632 1734 691 1792 δε
736 1740 973 1812 κράσεως
1024 1758 1079 1792 τε
1131 1744 1220 1792 καὶ
1275 1737 1681 1812 συμϐεϐηκότος,
1748 1743 1813 1803 ὡς

208 1830 303 1899 μὶν
331 1829 396 1887 ὡς
422 1822 579 1893 δὀύ,
627 1828 871 1899 τιθεμεθα
912 1831 1002 1880 καὶ
1046 1830 1242 1887 ταύτην
1302 1824 1459 1892 δόξαν
1515 1829 1596 1881 ὅτι
1642 1830 1815 1882 πάντα

211 1923 308 1977 τῆς
337 1917 539 1988 φύσεως
575 1913 670 1968 κάν
695 1920 914 1990 κρείττω
937 1914 1031 1968 κάν
1062 1921 1250 1993 χείρω.
1286 1918 1506 1991 Εἴρηται
1528 1912 1589 1971 δὲ
1618 1917 1699 1970 ὅτι
1746 1920 1814 1971 τὰ

209 2007 303 2079 μεν
332 2006 553 2072 ἄτακτα,
584 2003 903 2067 ἀσθενούσης
930 2006 960 2065 ἣ
1002 2005 1431 2079 πλημμελούσης,
1491 2009 1559 2060 τὰ
1616 2002 1651 2060 δ
1674 2004 1811 2080 ἀγα-

213 2095 283 2148 θὰ
330 2095 670 2166 ὑγιαινούσης
707 2114 762 2148 τε
811 2099 901 2147 καὶ
952 2093 1220 2157 ἀλήθινῆς·
1272 2103 1453 2150 τοῦτον
1528 2102 1654 2168 γοῦν
1724 2098 1811 2149 τὸν

208 2188 400 2259 τρόπον
429 2186 584 2257 φύσις
615 2180 807 2237 ἰδοῦσα
830 2188 916 2237 καὶ
943 2185 1021 2238 ὅτι
1052 2190 1267 2261 τρεπτόν
1324 2184 1436 2238 ἐστι
1492 2188 1551 2238 1'6
1611 2186 1812 2248 ταύτης

211 2271 312 2325 ἀπὸ
345 2280 480 2327 Θεοῦ
509 2270 906 2348 δημιούργημα,
939 2277 997 2327 τό
1032 2278 1188 2347 σοφὸν
1237 2271 1305 2334 δὴ
1354 2274 1486 2346 λέγω
1542 2275 1672 2336 ζῶον
1721 2278 1809 2327 τὸν

208 2363 497 2438 ἄνθρωπον,
554 2367 645 2415 καὶ
701 2364 780 2416 ὅτι
830 2367 919 2417 καὶ
990 2363 1121 2423 αύτή
1205 2363 1566 2436 ἀποτυγχάνει
1636 2371 1808 2432 τινῶν,

210 2450 495 2523 ἐπεμελήθη
535 2452 676 2505 τοῦτ’
725 2451 887 2514 αὐτῆς
940 2459 1162 2528 καρποῦ,
1216 2451 1500 2511 καλλίστην
1549 2457 1639 2506 καὶ
1695 2450 1809 2525 ἀρί-

214 2559 344 2598 στην
384 2537 506 2592 ὁδόν
563 2540 843 2616 ἐξευρούσα
878 2546 972 2601 τὴν
1010 2545 1327 2616 ἐπιστήμην·
1370 2546 1478 2596 ἐπεὶ
1518 2537 1577 2595 δὲ
1639 2543 1804 2615 ταύτῃ

213 2635 275 2701 τῇ
319 2630 469 2701 φύσει
508 2633 594 2682 καὶ
631 2636 836 2705 κρᾶσις,
897 2627 1054 2684 διεῖλε
1098 2633 1293 2689 ταύτην
1346 2630 1412 2693 εἰς
1459 2634 1664 2703 τέχνας,
1719 2649 1809 2682 και

214 2720 410 2781 ταύτας
438 2718 662 2792 συνῆψεν
718 2720 848 2794 αὐτῇ
909 2725 1082 2798 ὥσπερ
1134 2740 1224 2775 και
1274 2722 1364 2783 τὰς
1418 2722 1630 2797 κράσεις
1685 2719 1805 2775 ἑαυ-

188 2896 537 2965 municatio,
573 2895 921 2971 temperatio
947 2900 1053 2968 est,
1088 2897 1194 2954 sed
1225 2913 1298 2954 ex
1318 2900 1554 2955 natura.
1603 2898 1671 2953 ιη
1723 2895 1839 2953 hac

186 2984 368 3056 igitur
391 2987 824 3059 temperatione
856 2991 944 3043 est
970 2986 1255 3060 quadam
1278 2992 1514 3057 natura,
1542 2990 1599 3043 et
1618 2987 1679 3042 in
1724 2985 1840 3042 hac

186 3081 407 3133 natura
434 3081 527 3134 est
558 3077 840 3150 quaedam
862 3078 1233 3149 temperatio.
1264 3076 1669 3148 Ambzeigitur
1687 3075 1841 3131 inter

186 3180 314 3221 sese
342 3166 768 3223 consociantur
795 3170 853 3223 et
883 3166 1063 3223 simul
1091 3166 1321 3239 aliquid
1353 3165 1625 3223 naturale
1660 3164 1843 3221 conﬁ-

185 3253 355 3310 citur.
396 3257 621 3312 Rursus
670 3256 867 3312 malus
911 3272 1051 3312 cum
1103 3255 1265 3312 malo
1297 3255 1691 3312 consociatur.
1744 3256 1843 3311 Est

182 3342 364 3413 igitur
385 3344 761 3417 temperatio,
792 3343 899 3401 sed
926 3359 1049 3401 non
1072 3349 1306 3401 natura.
1323 3343 1450 3400 Non
1464 3343 1599 3400 dico
1611 3342 1843 3415 aliquid

182 3448 316 3490 esse
346 3433 515 3507 quod
539 3449 663 3490 non
685 3435 761 3490 sit
784 3439 1011 3491 naturae
1041 3451 1055 3490 :
1083 3450 1224 3491 nam
1238 3438 1295 3490 et
1309 3433 1574 3507 pessima
1585 3448 1841 3507 quaeque

182 3526 321 3579 sunt
347 3528 575 3580 naturae
603 3523 871 3597 quidem,
905 3523 1011 3580 sed
1031 3523 1404 3581 abundantia
1451 3528 1553 3581 aut
1605 3522 1842 3580 defectu

177 3610 526 3668 laborantis.
554 3617 745 3687 Atque
772 3617 915 3670 tunc
935 3612 1213 3670 accidens
1234 3613 1424 3671 locum
1442 3612 1627 3670 habet
1656 3631 1671 3682 ;
1694 3627 1841 3669 nam

180 3706 400 3757 natura
426 3705 482 3758 et
500 3702 895 3776 philosophus
928 3718 1183 3775 scopum
1210 3702 1325 3758 sibi
1355 3703 1725 3776 propositum
1753 3705 1840 3758 at-

182 3790 612 3864 tinguntidque
626 3791 973 3865 plurimum.
992 3791 1291 3861 Contingit
1304 3794 1494 3847 autem
1511 3790 1839 3864 aliquando

184 3882 253 3937 ut
280 3880 479 3953 ipsum
506 3881 784 3938 accidens
812 3880 1063 3951 situtile,
1098 3885 1162 3937 ut
1205 3881 1256 3936 si
1290 3896 1508 3937 saxum
1545 3881 1619 3937 sit
1689 3880 1842 3937 exci-

189 3985 325 4026 sum
356 3974 412 4026 et
436 3974 657 4027 temere
681 3970 923 4035 feratur,
963 3971 1159 4043 sitque
1184 3969 1353 4027 locus
1394 3968 1729 4043 inmqualis,
1786 3972 1845 4026 et

191 4058 248 4114 si
284 4058 488 4131 aliquo
516 4058 702 4116 modo
730 4058 1158 4116 labefactatum
1189 4058 1264 4115 sit
1292 4075 1364 4115 ex
1393 4059 1687 4116 concitato
1713 4073 1843 4115 mo-

192 4153 277 4211 tu,
318 4146 544 4221 ﬁatque
582 4152 726 4221 apta
764 4148 1072 4215 cathedra,
1131 4148 1246 4205 hoc
1292 4164 1415 4205 non
1468 4151 1557 4205 est
1596 4152 1840 4220 naturae,

192 4240 297 4293 aut
314 4237 743 4294 necessarium.
769 4236 893 4306 sed,
918 4237 1261 4305 accidentis,
1276 4237 1447 4310 quod
1473 4241 1675 4294 tamen
1709 4238 1848 4295 utile

1983 494 2041 546 ού
2093 494 2262 556 καλῶς
2315 500 2598 562 πέπηκται,
2662 506 2768 560 τοῖς
2831 507 2929 561 τῆς
3006 497 3246 563 παιδείας
3324 502 3586 577 ἀρήγηται

1984 584 2219 655 θεσμοῖς,
2280 604 2369 637 και
2408 588 2479 649 εἰς
2528 588 2587 639 τὸ
2656 586 2843 650 ἐντελὲς
2908 587 3144 663 βιοτεύη.
3210 590 3343 645 Ἀλλ’
3397 595 3581 667 οἶμοιε

1981 673 2030 724 οἱ
2062 671 2266 736 πλείους
2303 676 2361 725 1'6
2384 670 2554 747 δῶρον
2606 677 2985 749 μυσάττονται,
3031 680 3081 731 οἱ
3133 674 3185 731 δ’
3230 679 3584 754 ἀγχινούστα-

1978 780 2060 813 τοι
2126 780 2218 814 και
2282 768 2474 837 κυρίως
2530 763 2588 818 ἐκ
2638 768 2838 838 γύσεως
2883 765 3209 829 ἀσπάζονται
3277 769 3440 831 καλῶς
3495 791 3585 824 και

1982 848 2211 921 ἀγαοῶς,
2272 870 2363 903 και
2426 856 2520 911 τὴν
2604 851 2659 906 ἐκ
2727 858 2909 909 τούτου
2964 855 3203 929 ὠφέλειαν
3260 854 3583 915 διαδιδόασι

1982 934 2384 1015 διασπείρουσιν
2417 941 2489 1004 εἰς
2514 945 2629 1004 τούς
2660 941 3036 1017 ἀτημελήτους.

2052 1026 2101 1082 ι’.
2142 1033 2369 1101 Λέγομεν
2389 1037 2515 1101 γοῦν
2542 1027 2638 1084 διά
2681 1040 2849 1086 ταῦτα
2890 1035 3058 1087 πάντα
3108 1035 3188 1087 ὅτι
3253 1035 3407 1089 καλόν
3469 1035 3583 1091 ἐστι

1978 1136 2069 1169 και
2119 1116 2510 1191 ὠφελιμώτατον
2565 1129 2822 1176 κοινωνεῖν
2880 1122 3099 1177 ἕκαστον
3138 1132 3235 1177 τῶν
3296 1124 3579 1200 ἀνθρώπων

1979 1204 2278 1279 φιλοσοφία·
2312 1208 2337 1260 ό
2364 1211 2455 1281 μὶν
2483 1211 2586 1284 γὰρ
2636 1207 2941 1273 παιδευθείς
3000 1214 3138 1285 ἔχων
3194 1234 3283 1267 και
3347 1224 3576 1270 κοινωνιὶ

1978 1296 2004 1347 ό
2045 1290 2096 1348 δ’
2122 1294 2204 1362 ού,
2240 1295 2335 1350 κᾶν
2367 1304 2673 1353 κοινωνείτω
2713 1308 2912 1373 σοφοῖς,
2949 1303 3013 1355 ἵν’
3045 1301 3231 1357 ἐκεῖθεν
3289 1306 3387 1379 ἔχῃ
3444 1305 3579 1379 ὠφίο

1975 1382 2136 1437 λειαν·
2169 1388 2368 1459 εἴρηται
2394 1389 2495 1460 γὰρ
2547 1388 2627 1440 ὃτι
2693 1395 2862 1462 Σοφῶν
2932 1392 3089 1465 θύρας
3145 1391 3365 1465 ἔκτριϐι,
3419 1392 3580 1448 πλον-

1979 1476 2105 1525 σίων
2133 1469 2191 1526 δε
2218 1473 2298 1540 ού,
2322 1478 2425 1529 νόει
2469 1472 2529 1529 δὲ
2578 1477 2734 1551 θύρας
2789 1480 2856 1531 τὰ
2910 1478 3091 1552 χείλη,
3146 1499 3238 1535 και
3282 1482 3362 1534 ὅτι
3412 1491 3580 1555 σοφῶν

1978 1556 2149 1614 ἵνατά
2175 1559 2362 1637 ἀρετῆς
2394 1561 2589 1636 ἀκούῃς
2635 1569 2805 1638 λόγια,
2845 1568 2999 1620 ἅτινα
3057 1566 3327 1640 βελτιούσι
3368 1569 3577 1642 ψυχὴν,

1973 1653 2032 1705 1'6
2078 1650 2341 1706 πλουσίων
2386 1650 2446 1707 δε
2499 1653 2580 1720 ού,
2628 1653 2715 1707 ἶνα
2776 1660 2847 1728 μὴ
2915 1653 3092 1710 διόλου
3134 1662 3255 1734 περί
3300 1667 3391 1720 τῆς
3452 1658 3580 1723 ύλης

1974 1736 2166 1793 ἐκείνου
2211 1740 2461 1814 λέγοντος,
2518 1745 2799 1816 καταχθῆς
2828 1746 2928 1799 ύπὸ
2966 1754 3066 1818 γῆν
3126 1766 3217 1800 και
3292 1746 3581 1821 βελτιώσῃς

1972 1831 2063 1903 μὲν
2088 1828 2233 1897 ὓλην,
2266 1828 2534 1904 ἀτιμάσῃς
2554 1828 2614 1886 δέ
2672 1852 2732 1904 γε
2788 1838 2847 1887 1'6
2902 1838 3096 1910 νοερὸν.
3152 1842 3257 1902 Δεῖ,
3316 1833 3397 1891 δεῖ
3452 1844 3578 1909 γοῦν

1972 1938 2063 1973 και
2087 1919 2380 1993 φιλοσοφεῖν
2436 1941 2526 1975 και
2572 1929 2828 1977 κοινωνεῖν
2887 1924 3213 1998 φιλοσόφοις,
3258 1932 3341 1979 ῖνα
3384 1946 3476 1980 και
3517 1932 3577 1981 τό

1974 2010 2138 2063 Γνῶθι
2184 2014 2372 2063 σαυτὸν
2432 2010 2654 2084 ἔχωμεν,
2741 2032 2829 2065 και
2914 2013 3100 2089 ἀρετὴν
3162 2017 3425 2089 κτώμεθα,
3486 2035 3578 2069 και

1971 2098 2176 2151 πάντων
2225 2100 2474 2174 ἡγώμεθα
2513 2120 2602 2154 και
2639 2103 2708 2164 ὡς
2748 2102 2970 2176 ἑπόμενα
2996 2106 3218 2177 ἔχωμεν·
3276 2109 3435 2178 σοφίᾳ
3472 2108 3573 2179 γὰρ

1972 2206 2064 2239 και
2109 2190 2241 2250 Θεὸς
2290 2186 2343 2251 ἐξ
2390 2188 2484 2242 ούκ
2535 2193 2679 2252 ὄντος
2714 2193 2774 2244 τὸ
2804 2198 2905 2246 πᾶν
2944 2192 3196 2265 συμπήξει
3432 2194 3576 2259 ἔταξε

1971 2295 2063 2330 και
2096 2282 2254 2350 σοφίᾳ
2278 2287 2428 2345 κινεῖ,
2454 2299 2544 2332 και
2573 2279 2718 2335 λύσει
2746 2302 2833 2335 και
2868 2281 3139 2336 ἀλλοιώσει
3200 2290 3348 2337 τοῦτο
3402 2303 3575 2357 κρειτ-

1970 2385 2125 2427 τόνως
2183 2371 2343 2440 σοφία
2401 2370 2482 2421 ὅτι
2538 2388 2629 2421 και
2673 2368 2937 2443 βούλεται,
2983 2378 3161 2426 Ταῦτα
3205 2376 3295 2446 μεν
3348 2369 3435 2426 οὖν
3485 2393 3576 2427 και

1969 2455 2124 2527 ἡμεῖς
2165 2475 2255 2508 και
2298 2459 2366 2510 τὰ
2407 2456 2565 2511 πλείω
2624 2462 2819 2513 τούτων
2871 2480 2962 2515 και
3008 2463 3179 2514 πάντα
3226 2458 3321 2515 διὰ
3395 2466 3577 2535 σοφίας

1968 2545 2278 2617 πεπράχθαι
2334 2549 2394 2599 1'6
2451 2553 2600 2601 Θεῖον
2649 2553 2946 2619 νοήσαντες,
2995 2570 3085 2604 και
3130 2550 3225 2604 ούκ
3286 2550 3452 2614 ἄλλως
3516 2555 3577 2605 τό

1969 2629 2164 2704 ἀγαθόν
2195 2637 2244 2686 ἐν
2270 2640 2378 2696 τοῖς
2401 2642 2523 2689 οὖσι
2561 2632 2917 2710 διακρίναντες
2961 2645 3113 2706 εῖναι,
3153 2639 3183 2700 ἣ
3241 2633 3335 2691 διὰ
3392 2636 3577 2712 σοφίας

1968 2738 2059 2775 και
2112 2725 2424 2798 ἐπιστήμης,
2509 2724 2666 2789 αύτάς
2748 2727 3127 2802 ἠγαπήσαμεν,
3208 2724 3576 2801 ἀγαπήσαντες

1948 2898 2435 2971 temperationes,
2460 2917 2531 2958 ex
2554 2902 2768 2960 eadem
2788 2902 3018 2960 ratione
3037 2905 3350 2961 scientiam
3364 2903 3424 2961 in
3444 2907 3601 2961 artes

1950 2985 2272 3058 distribuit,
2321 2995 2598 3062 artesque
2635 3007 2775 3048 cum
2819 2992 3066 3049 scientia
3112 2992 3381 3065 perinde,
3419 2996 3601 3065 atque

1950 3076 2408 3149 temperationes
2428 3095 2632 3135 secum
2657 3081 3046 3139 consociavit.
3064 3083 3134 3138 Ut
3161 3082 3322 3154 quod
3348 3096 3469 3136 non
3489 3080 3601 3137 ha-

1948 3163 2133 3232 beret,
2165 3166 2448 3237 quamvis
2477 3167 2537 3223 ia
2556 3172 2716 3224 recta
2736 3169 3254 3239 coagmentatione
3280 3169 3598 3237 habentur,

1951 3269 2056 3309 seu
2078 3254 2276 3325 potius
2296 3256 2462 3328 quod
2479 3272 2600 3313 non
2615 3262 2772 3313 recte
2794 3263 3283 3328 coagmentatum
3314 3262 3489 3326 esset,
3516 3259 3605 3315 in-

1951 3342 2163 3398 stitutis
2188 3342 2539 3401 eruditionis
2569 3352 3063 3419 compensaretur
3080 3348 3158 3404 ad
3178 3348 3434 3421 perfecte
3462 3347 3603 3405 bea-

1951 3434 2126 3504 teque
2150 3432 2497 3490 vivendum.
2529 3434 2642 3492 Sed
2673 3436 2826 3508 proh
2851 3435 3023 3492 dolor
3046 3436 3058 3493 ι
3092 3437 3359 3510 plerique
3379 3436 3601 3493 donum

1948 3521 2065 3578 hoc
2092 3520 2603 3595 abominantur,et
2626 3524 2729 3597 qui
2760 3525 3002 3595 ingenio
3030 3525 3272 3600 reliquis
3285 3524 3598 3598 excellunt,

1947 3609 2180 3666 bonum
2227 3611 2342 3667 hoc
2390 3613 2831 3685 amplectuntur
2872 3614 3118 3687 quidem
3163 3618 3228 3671 ut
3266 3614 3456 3682 decet,
3497 3614 3604 3671 sed

1948 3699 2095 3757 tanti
2124 3699 2267 3757 boni
2298 3700 2557 3759 fructum
2592 3703 3045 3761 communicant
3068 3719 3208 3762 cum
3243 3703 3472 3776 ignavis
3500 3702 3605 3763 ho.

1950 3788 2237 3846 minibus.

2022 3876 2282 3935 Dicimus
2301 3878 2479 3952 igitur
2506 3883 2563 3937 et
2582 3896 2655 3937 ex
2684 3879 2796 3938 illis
2816 3881 3103 3939 omnibus
3142 3898 3279 3957 quae
3322 3882 3605 3950 diximus,

1950 3965 2286 4039 colligimus
2306 3969 2664 4041 praeclarum
2684 3986 2817 4026 esse
2846 3975 2905 4027 et
2922 3970 3080 4038 utile,
3104 3973 3156 4027 si
3187 3971 3606 4045 unusquisque

1951 4055 2268 4113 hominum
2300 4057 2695 4131 philosophiae
2721 4059 2794 4116 sit
2815 4060 3137 4132 particeps;
3169 4074 3313 4116 nam
3337 4059 3441 4132 qui
3472 4074 3606 4115 eru-

1954 4144 2112 4201 ditus
2126 4150 2230 4210 est,
2255 4151 2313 4202 et
2332 4147 2578 4204 scientia
2594 4146 2901 4220 praeditus,
2915 4164 3054 4205 cum
3083 4147 3215 4206 aliis
3244 4148 3474 4205 bonum
3492 4148 3609 4204 hoc

1957 4235 2370 4292 communicat
2400 4254 2414 4304 ;
2442 4236 2545 4308 qui
2568 4251 2706 4293 vero
2731 4236 2988 4293 scientiae
3018 4242 3109 4294 est
3134 4252 3368 4311 expers,
3392 4237 3611 4309 abjun-

191 4329 308 4384 est.
337 4329 529 4393 Quare
543 4331 771 4384 natura;
786 4302 971 4401 opera
987 4302 1848 4395 naturaliterdeﬁnimus,nem-
1878 4302 1923 4359 θ
1959 4328 2062 4397 gat
2083 4339 2144 4380 se
2173 4302 2546 4397 sapientibus
2574 4344 2591 4397 ;
2625 4340 2768 4382 nam
2795 4326 2935 4383 inde
2965 4302 3333 4401 magnopere
3357 4302 3613 4400 quilibet

190 4431 270 4489 pe
298 4432 435 4490 quae
466 4432 502 4472 a
526 4419 742 4473 natura
770 4416 1035 4490 profecta
1064 4420 1204 4472 sunt
1232 4416 1419 4473 bona.
1451 4420 1523 4473 At
1551 4421 1848 4492 tempera-

192 4504 373 4561 tionis
395 4509 452 4562 et
472 4505 794 4561 accidentis
814 4521 999 4579 opera
1019 4506 1238 4578 partim
1258 4509 1397 4562 sunt
1421 4504 1605 4574 bona,
1630 4505 1848 4579 partim

193 4609 319 4651 non
348 4598 504 4651 sunt.
532 4594 856 4652 Statuimus
877 4610 1124 4669 quoque
1153 4594 1355 4651 omnia
1382 4609 1511 4650 esse
1529 4599 1758 4652 natura;
1778 4596 1850 4652 si-

194 4698 266 4740 ve
292 4684 707 4757 praestantiora
735 4684 858 4740 sive
902 4684 1019 4741 sint
1050 4683 1286 4740 viliora.
1336 4682 1604 4739 Diximus
1646 4688 1851 4741 autem

194 4771 299 4830 illa
317 4790 452 4847 quae
474 4777 686 4846 praeter
720 4773 996 4830 ordinem
1013 4773 1324 4841 exsistunt,
1347 4777 1579 4829 naturae
1603 4773 1850 4847 quidem

196 4877 347 4929 esse,
368 4862 475 4919 sed
494 4862 821 4920 deﬁcientis
836 4867 941 4920 aut
960 4861 1350 4928 abundantis,
1374 4860 1538 4919 bona
1557 4878 1697 4920 vero
1722 4877 1850 4919 esse

194 4955 426 5008 natura
441 4952 690 5010 valentis
711 4956 769 5009 et
790 4952 1056 5011 sinceris.
1090 4952 1239 5007 Cum
1260 4950 1438 5022 igitur
1457 4955 1674 5009 natura
1694 4951 1853 5009 hanc

196 5040 494 5098 rationem
526 5043 701 5114 quasi
742 5040 1071 5114 perciperet
1115 5039 1463 5113 videretque
1505 5055 1659 5113 opus
1704 5039 1853 5096 illud

201 5147 381 5188 suum
418 5132 1003 5205 praestantissimum,
1037 5130 1202 5204 quod
1229 5146 1265 5187 a
1301 5130 1420 5186 Deo
1468 5130 1668 5194 habet,
1723 5146 1853 5187 esse

198 5219 458 5278 flexibile
506 5226 563 5278 et
604 5220 898 5290 versatile,
950 5219 1215 5290 intelligo
1260 5220 1500 5293 sapiens
1536 5219 1684 5276 illud
1730 5220 1854 5276 ani-

198 5309 340 5382 mal,
366 5324 584 5383 nempe
612 5310 941 5377 hominem,
979 5308 1336 5382 sentiretque
1366 5325 1429 5364 se
1460 5325 1639 5364 suum
1670 5308 1855 5366 ﬁnem

201 5416 447 5473 semper
466 5416 588 5456 non
610 5400 913 5472 consequi,
937 5399 1220 5455 nimirum
1239 5398 1329 5453 sui
1350 5396 1503 5454 fetus
1524 5413 1731 5454 curam
1754 5414 1855 5468 ge-

198 5488 832 5562 rens,pulcherrimam
848 5493 905 5545 et
921 5488 1213 5560 optimam
1234 5486 1416 5554 viam,
1433 5486 1742 5544 scientiam
1760 5503 1856 5543 ex-

201 5577 505 5649 cogitavit.
573 5576 872 5646 Quoniam
908 5580 1111 5635 autem
1150 5575 1212 5633 in
1249 5578 1467 5632 natura
1501 5578 1641 5633 sunt
1675 5574 1858 5633 etiam

1953 4414 2151 4488 juvari
2173 4418 2388 4488 potest.
2420 4417 2485 4471 Et
2503 4415 2745 4487 sapiens
2771 4415 3102 4489 quemlibet
3141 4416 3411 4474 hortatur
3450 4417 3612 4474 hunc

1958 4507 2020 4562 in
2053 4507 2327 4561 modum:
2342 4505 2482 4560 Tere
2499 4503 2709 4561 limina
2732 4505 3094 4578 sapientum,
3112 4521 3234 4562 non
3251 4505 3615 4574 divitum,in-

1957 4594 2155 4666 tellige
2174 4593 2405 4664 limina,
2438 4593 2602 4651 labia
2623 4595 2981 4668 sapientum,
3016 4600 3082 4652 ut
3110 4595 3388 4653 institutis
3429 4595 3614 4651 virtu-

1958 4687 2034 4743 tis
2058 4684 2354 4754 abundes,
2395 4700 2533 4758 quae
2564 4676 2836 4742 animum
2866 4686 3176 4743 meliorem
3206 4685 3466 4742 reddunt
3498 4703 3516 4753 ;
3555 4686 3617 4741 at

1960 4775 2215 4832 divitum
2243 4773 2452 4831 limina
2497 4779 2683 4831 terere
2727 4774 2867 4844 noli,
2917 4790 2993 4832 ne
3035 4775 3184 4831 forte
3228 4773 3472 4830 divitem
3501 4788 3616 4829 au-

1960 4865 2095 4922 dias
2137 4865 2212 4921 de
2267 4863 2450 4920 rebus
2488 4864 2816 4920 materiatis
2871 4868 3169 4934 agentem,
3245 4867 3425 4935 atque
3498 4861 3616 4918 hoc

1962 4953 2150 5011 modo
2182 4952 2296 5009 sub
2326 4956 2543 5010 terram
2570 4951 2927 5021 detrudaris,
2946 4967 3016 5007 ac
3036 4949 3352 5007 materiam
3366 4948 3617 5023 quidem

1962 5040 2269 5098 meliorem
2299 5039 2519 5096 reddas
2567 5044 2625 5096 et
2671 5038 3020 5109 auctiorem,
3076 5036 3432 5111 particulam
3479 5053 3619 5095 vero

1962 5129 2363 5199 intelligentiae
2407 5144 2688 5201 capacem
2752 5126 3044 5184 dedecore
3106 5125 3354 5183 afficias.
3378 5129 3623 5200 Oportet

1962 5219 2143 5289 igitur
2166 5216 2600 5290 philosophari,
2632 5221 2689 5272 et
2718 5231 2856 5274 cum
2877 5215 3255 5290 philosophis
3285 5215 3528 5285 versari,
3557 5217 3624 5272 ut

1963 5306 2110 5364 illud
2125 5307 2311 5363 Nosce
2333 5306 2583 5375 teipsum
2609 5310 2943 5376 teneamus,
2966 5310 3025 5363 et
3062 5306 3277 5363 virtute
3294 5303 3527 5378 praediti
3551 5303 3625 5360 si-

1964 5413 2125 5465 mus,
2151 5401 2214 5453 ut
2238 5397 2416 5452 etiam
2432 5394 2903 5452 omniumduces
2919 5396 3130 5465 simus,
3167 5410 3398 5468 nosque
3418 5392 3625 5450 omnia

1966 5490 2193 5556 atergo
2222 5487 2527 5557 sequatur.
2551 5482 2702 5541 Nam
2745 5475 3037 5558 sapientia
3085 5488 3239 5541 Deus
3276 5487 3466 5540 totum
3507 5480 3624 5536 hoc

1966 5576 2317 5633 universum
2338 5572 2640 5632 constituit
2667 5578 2725 5632 et
2752 5573 3067 5644 ordinavit,
3101 5570 3399 5645 sapientia
3423 5572 3621 5627 movet
