4066 6212
490 289 626 345 1375

513 417 639 484 γοῦν
669 410 700 470 ἡ
728 412 922 487 κυρίως
948 405 1221 485 διάμετρος
1273 414 1366 461 τοῦ
1409 415 1757 486 τετραγώνου,
1813 412 1842 471 ἡ
1910 408 1965 464 ἐκ
2014 418 2113 463 τῶν

514 508 711 577 γωνιῶν
738 497 1015 554 διπλάσιον
1039 502 1224 552 τούτου
1250 506 1405 565 ποιεῖ,
1436 502 1467 559 ἠ
1528 498 1588 555 δὲ
1630 500 1685 554 ἐκ
1733 508 1828 563 τῆς
1894 500 2115 573 πλευρᾶς

518 587 630 642 ἴσον
670 589 829 661 αὐτῷ,
865 588 959 640 οὐκ
996 588 1101 660 ἄρα
1126 590 1221 639 ἴσα
1250 588 1420 641 πάντα
1466 590 1533 641 τὰ
1583 593 1712 663 μέρη
1765 589 1944 659 αὐτοῦ,
1991 590 2113 663 ὅπερ

518 674 623 731 ἔδει
676 674 885 742 δεῖξαιο
942 682 1025 730 Δεῖ
1069 672 1129 729 δὲ
1165 695 1255 728 και
1308 680 1402 739 τὰς
1461 674 1774 753 διαμέτρους
1813 679 1973 731 αὐτοῦ
2025 680 2113 729 κύ-

515 766 637 820 κλου
677 763 987 842 διαμέτρους
1017 768 1178 819 θεῖναι
1216 785 1306 819 και
1347 763 1515 831 δεῖξαι
1574 770 1654 822 ὅτι
1695 768 1903 831 ἀνίσους
1950 767 2112 831 αὑτὰς

2014 278 2368 337 ADDENDA.
3700 288 3801 348 {316

2273 407 2535 480 γενέσθαι,
2609 406 2731 480 ὅπερ
2802 401 3009 482 ῥᾴδιον,
3060 423 3150 457 και
3205 402 3251 457 οἱ
3290 410 3450 470 τοῦτο,
3494 425 3571 459 και
3613 415 3786 485 σφαίρας

2277 495 2487 559 ἀνίσους
2519 504 2789 556 συστῆσαι
2863 516 2876 529 ·
2921 500 3014 547 τοῦ
3067 499 3106 547 Α
3140 500 3241 547 ΒΓ
3288 500 3323 547 Δ
3372 501 3653 569 τετραγώνου
3715 497 3789 553 δύο

2275 582 2549 661 διάμετροί
2580 585 2711 639 εἰσιν
2739 586 2769 644 ἡ
2798 591 2832 637 Β
2852 590 2891 637 Γ
2919 591 2966 637 Ν
2996 588 3044 636 Ω
3086 604 3099 618 ·
3137 580 3221 637 δεῖ
3248 581 3307 637 δὲ
3332 582 3509 636 ἀνίσων
3537 581 3680 648 δεῖξαι
3704 583 3792 639 δια-

2274 680 2492 749 μέτρους
2537 674 2736 728 κύκλων
2776 674 2956 741 αὐτας,
3015 692 3106 726 και
3161 673 3204 726 εἰ
3252 672 3446 725 κύκλων
3496 682 3687 746 φανῶσι,
3727 695 3795 729 και

2277 772 2504 841 σφαιρῶν
2531 763 2821 837 ἀναγκαίως
2850 763 3002 820 εἰσίν.
3033 762 3207 817 Ἔστω
3237 764 3392 835 ἠξτῶν
3427 770 3604 836 γωνιῶν
3636 783 3709 816 και
3730 784 3798 817 κν-

523 999 1094 1062 μψέέξη
1210 1002 1256 1062 Β
1567 940 1910 1062 Α

899 1069 2639 1324 VII/Mill

553 1324 899 1570 __/_l
1234 1324 1250 1570 Ι
1440 1324 1761 1570 Ὸ
1871 1324 2090 1570 Ἄ
2252 1324 2979 1569 l_/_L__l
3178 1324 3236 1487 λ

506 1570 1250 1648 r—a—ﬁ
1588 1570 1890 1673 ἧς]
2228 1575 2272 1631 r
2591 1570 2644 1626 Ω

518 1770 608 1839 ρία
648 1761 905 1837 διάμετος,
936 1765 965 1822 ἡ
993 1769 1029 1816 Β
1058 1769 1115 1835 Γ,
1144 1761 1293 1835 ἑτέρα
1318 1758 1376 1815 δὲ
1406 1762 1435 1819 ἡ
1469 1766 1515 1812 Ν
1540 1766 1587 1811 Ω
1614 1761 1769 1831 μέσον
1803 1752 1861 1809 δὲ
1900 1757 2113 1825 τούτων,
2180 1755 2221 1809 Β
2278 1772 2418 1825 τρον,
2469 1769 2559 1802 και
2606 1752 2766 1822 μέσον
2816 1766 2907 1800 και
2959 1749 3157 1821 στιγμὴ
3219 1765 3309 1799 και
3367 1751 3597 1818 σημεῖον,
3634 1745 3673 1795 εἰ
3714 1760 3757 1793 τι
3796 1736 3838 1821 δὲ

518 1874 608 1909 και
683 1854 786 1907 οἷον
852 1857 1080 1925 κέντρον,
1133 1854 1191 1903 τὸ
1246 1859 1290 1904 Χ
1342 1846 1465 1902 οὐδὲ
1510 1849 1610 1921 γὰρ
1668 1850 1857 1921 κυρίως
1912 1848 2117 1918 κέντρον

519 1950 693 2011 τοῦτο,
750 1939 877 1993 ἀλλὰ
922 1944 1100 2013 μέσον,
1153 1935 1386 2014 διαφέρει
1422 1940 1525 2009 γὰρ
1572 1942 1663 1988 τοῦ
1713 1938 1875 2007 μέσου
1915 1936 1973 1985 τὸ
2007 1935 2116 1984 κέν-

518 2052 635 2107 τρον
680 2034 816 2083 κατὰ
861 2034 948 2084 τὸν
1016 2028 1133 2102 ἐμὸν
1182 2028 1354 2099 λόγον,
1396 2030 1453 2079 τὸ
1487 2027 1565 2079 ὅτι
1621 2026 1675 2078 αἱ
1720 2026 1853 2098 πρὸς
1903 2025 1960 2074 τὸ
2013 2024 2120 2073 κέν-

517 2141 635 2197 τρον
692 2124 1115 2195 προσπίπτουσαι
1165 2117 1357 2171 εὐθεῖαι
1409 2116 1465 2168 ἐκ
1520 2122 1612 2175 τῆς
1658 2116 1963 2189 περιμέτρου
2005 2109 2120 2163 ἶσαι

518 2210 757 2271 ἀλλήλαις
813 2210 936 2278 εἰσί,
989 2212 1047 2262 τὸ
1102 2205 1161 2262 δὲ
1203 2213 1360 2281 μέσον
1423 2208 1629 2272 τούτου,
1690 2206 1769 2256 ὅτι
1821 2208 1993 2256 πᾶσαι
2030 2204 2120 2274 μὲν

515 2305 935 2373 προσπίπτουσιν
993 2298 1062 2360 εἰς
1109 2298 1254 2364 αὐτὸ,
1332 2303 1502 2349 πᾶσαι
1583 2290 1641 2347 δὲ
1698 2292 1939 2352 ἀλλήλαις
2006 2287 2121 2342 ἶσαί

517 2389 669 2460 εἰσιν,
711 2392 844 2443 ὥστε
891 2392 1083 2462 κυρίως
1134 2391 1338 2459 κέντρον
1389 2385 1474 2437 ἐπί
1502 2391 1593 2437 τοῦ
1642 2382 1831 2434 κύκλον
1888 2401 1975 2433 και
2026 2388 2122 2443 τῆς

519 2484 744 2555 σφαίρας
801 2477 1148 2552 ὀνομάζεσθαι
1217 2475 1427 2547 λέγομιν
1481 2494 1493 2507 ·
1540 2478 1640 2525 πᾶν
1684 2474 1785 2545 γὰρ
1819 2473 1862 2523 εἰ
1912 2489 1964 2523 τι
2006 2472 2120 2521 κένο

1886 2607 1934 2664 Β

1180 2666 1929 3242 τ

2278 1846 2453 1914 μέσον,
2505 1839 2533 1898 ἦ
2589 1840 2807 1909 στιγμὴ,
2878 1836 2908 1895 ἦ
2962 1842 3195 1908 σημεῖον,
3279 1834 3337 1888 οὐ
3404 1837 3618 1909 κέντρον,
3686 1833 3820 1902 ὥσπερ

2280 1926 2403 1983 οὐδέ
2473 1933 2623 1981 πᾶσα
2674 1925 2844 1978 εὐθεῖα
2882 1929 3099 1998 γραμμὴ
3172 1921 3267 1977 διὰ
3316 1930 3409 1976 τοῦ
3479 1926 3631 1995 μέσον
3665 1920 3820 1991 ἠγμένη

2278 2039 2367 2071 και
2432 2018 2809 2089 περατουμένη,
2853 2018 3047 2088 κυρίως
3130 2009 3433 2088 διάμετρος,
3503 2010 3604 2062 ἀλλ’
3670 2007 3823 2072 ἁπλῶς,

2279 2111 2467 2181 κυρίως
2522 2101 2579 2157 δὲ
2641 2100 2916 2175 διάμετρός
2960 2101 3098 2155 ἐστιν
3170 2103 3199 2160 ἠ
3252 2103 3319 2154 τὰ
3375 2101 3536 2173 μείζω
3606 2100 3727 2171 ἄκρα
3762 2115 3825 2148 πε-

2280 2198 2568 2271 ρατουμένη
2615 2192 2703 2245 ὑπ’
2747 2191 2913 2244 αὐτῶν
2961 2186 3275 2257 συνδέουσα,
3309 2192 3415 2243 οἷον
3454 2192 3482 2248 ἡ
3533 2195 3569 2242 Β
3613 2194 3665 2255 Γ,
3708 2190 3829 2258 κυρία

2284 2282 2343 2339 δὲ
2395 2303 2485 2336 και
2532 2284 2825 2356 κυριωτάτη
2882 2299 2973 2332 κοιι
3020 2284 3311 2356 πρωτίστη,
3363 2282 3396 2338 ἠ
3449 2287 3496 2333 Χ
3526 2286 3568 2331 Θ
3612 2281 3696 2334 ἴση
3745 2275 3829 2326 ἐστὶ

2281 2381 2390 2435 ταῖς
2451 2372 2513 2425 οὖ
2565 2370 2674 2424 ἐστι
2736 2367 3013 2443 διάμετρος
3072 2366 3377 2444 διαμέτροις
3461 2370 3669 2428 πάσαις.
3719 2367 3832 2434 Λέγω

2282 2470 2406 2537 γοῦν
2438 2464 2517 2515 ὅτι
2534 2462 2564 2519 ἠ
2596 2462 2687 2534 μὲν
2716 2466 2752 2512 Β
2778 2466 2815 2512 Γ
2841 2460 2905 2522 ἧς
2932 2462 3022 2531 μὲν
3042 2462 3198 2531 μέσον
3221 2461 3279 2512 τὸ
3304 2466 3349 2513 Χ
3381 2455 3651 2533 διάμετρος
3671 2456 3833 2507 τιθεῖσα

2519 2621 3233 3223 Θ

486 3277 651 3336 ribus
676 3284 1019 3355 quadratiN
1051 3292 1095 3359 Ο
1131 3292 1166 3349 S
1196 3293 1260 3359 Ο,
1294 3293 1428 3365 ipsa
1450 3291 1629 3347 etiam
1670 3289 1969 3364 quadrata
2001 3290 2145 3347 sunt
2175 3294 2214 3351 C
2259 3291 2538 3364 quadrati
2567 3295 2613 3348 Α
2646 3295 2684 3349 Β
2715 3291 2756 3349 C
2783 3294 2847 3361 D,
2898 3305 3118 3364 nempe
3157 3290 3197 3344 Β
3242 3289 3281 3343 C
3318 3288 3361 3343 N
3427 3285 3471 3341 Ο
3513 3282 3729 3354 oportet
3760 3274 3856 3330 ina

488 3365 640 3427 inter
665 3388 727 3428 se
743 3378 1017 3448 tequalia.
1040 3384 1185 3437 Nam
1210 3382 1257 3437 si
1278 3380 1537 3454 aequalia
1558 3379 1892 3452 aequalibus
1916 3379 2144 3436 addan-

487 3465 600 3529 tur,
634 3465 839 3522 omnia
867 3474 1008 3525 sunt
1032 3470 1309 3542 aequalia.
1343 3472 1408 3525 Et
1467 3485 1728 3542 quorum
1779 3473 1980 3542 partes
2009 3472 2147 3525 sunt

487 3553 772 3625 aequales,
798 3557 928 3627 ipsa
941 3575 1183 3632 quoque
1206 3563 1346 3616 sunt
1360 3559 1636 3632 aequalia,
1660 3563 1717 3614 et
1734 3558 2001 3630 ipsorum
2023 3558 2149 3615 dia-

489 3642 662 3698 metri
689 3649 827 3700 sunt
846 3647 1129 3718 aequales,
1163 3648 1498 3721 etipsorum
1521 3650 1723 3703 centra
1747 3646 2148 3717 eequalialoca

490 3730 779 3789 obtinent.
800 3736 1069 3807 Equalia
1085 3752 1227 3807 ergo
1250 3740 1389 3793 sunt
1413 3738 1452 3791 Χ
1473 3739 1529 3792 et
1549 3738 1590 3792 Τ
1614 3735 1676 3790 in
1702 3734 1922 3808 quibus
1946 3739 2148 3793 centra

491 3825 647 3878 sunt.
674 3822 731 3879 Si
759 3823 939 3894 igitur
967 3825 1246 3898 quadrati
1268 3825 1389 3895 illa,
1417 3841 1553 3898 quae
1583 3829 1673 3880 est
1699 3823 1992 3881 linearum
2025 3825 2149 3882 dia-

490 3914 696 3980 meter,
726 3911 832 3969 ﬁat
869 3912 1047 3983 latus,
1107 3914 1422 3971 constituet
1472 3912 1837 3986 quadratum
1896 3912 2146 3972 alterum

489 4000 720 4072 aequale
749 4002 801 4060 ei
841 4004 1013 4075 cujus
1056 4009 1144 4061 est
1180 4004 1470 4060 diameter
1524 4001 1688 4075 quod
1736 4002 2148 4061 demonstrare

489 4090 766 4160 oportuit.
794 4093 1091 4158 Quoniam
1116 4093 1437 4166 igiturquee
1461 4092 1700 4165 proprie
1733 4091 2022 4149 diameter
2046 4109 2147 4167 ap-

489 4178 764 4250 pellatur,
789 4197 1006 4256 nempe
1042 4184 1142 4240 illa
1172 4200 1309 4256 quae
1348 4181 1710 4253 angulorum
1748 4182 2031 4254 quadrati
2062 4189 2148 4240 est

489 4268 796 4337 diameter,
820 4272 1074 4345 duplum
1095 4273 1375 4346 quadrati
1396 4272 1551 4327 illius
1570 4271 1741 4341 cujus
1764 4270 2149 4329 estdiameter

490 4357 917 4415 constituitzat
940 4360 1039 4416 illa
1062 4377 1200 4433 quas
1252 4359 1547 4415 linearum
1598 4358 1813 4415 dicitur
1861 4359 2150 4417 diameter

487 4446 716 4517 aequale
737 4448 1104 4519 quadratum
1144 4448 1447 4505 constituit
1479 4462 1640 4513 ;non
1690 4463 1832 4519 ergo
1881 4449 2145 4522 mquales

488 4538 662 4590 erunt
677 4537 1087 4610 omnesipsius
1109 4541 1308 4611 partes
1331 4536 1527 4609 ;quod
1542 4536 2147 4609 oportuitostendere.

2257 3380 2526 3453 qualium
2541 3382 2900 3439 circulorum
2914 3395 3044 3437 esse
3055 3379 3385 3434 diametros
3404 3376 3569 3449 ipsos
3580 3366 3856 3427 ostendere.

2259 3472 2427 3537 Quod
2457 3473 2501 3527 si
2526 3471 2883 3529 circulorum
2907 3466 3295 3541 inmqualium
3321 3469 3468 3521 sunt
3486 3458 3759 3523 diametri,
3784 3467 3857 3510 ne.

2257 3562 2514 3618 cessario
2543 3578 2787 3636 quoque
2813 3559 3201 3633 inaequalium
3216 3556 3595 3629 sphterarum
3609 3546 3857 3608 eruntdia-

2258 3652 2449 3707 metri.
2494 3654 2624 3707 Esto
2678 3649 3040 3721 angulorum
3096 3645 3375 3719 quadrati
3445 3644 3723 3700 diameter
3762 3652 3857 3709 quae

2257 3741 2737 3814 propriefdicitur
2790 3740 3079 3797 diameter
3124 3739 3168 3791 Β
3207 3737 3266 3800 C,
3312 3734 3504 3791 altera
3559 3746 3686 3788 vero
3730 3730 3767 3785 N
3812 3726 3858 3791 0,

2257 3831 2525 3887 medium
2554 3847 2694 3887 vero
2724 3831 2942 3886 harum
2974 3832 3029 3883 et
3049 3826 3230 3883 veluti
3276 3828 3556 3881 centrum
3597 3824 3655 3878 Χ.
3705 3822 3857 3889 Neque

2257 3920 2417 3978 enim
2446 3920 2684 3995 proprie
2714 3922 2984 3975 centrum
3015 3920 3101 3972 est
3131 3915 3267 3977 hoc.
3299 3913 3409 3970 sed
3450 3911 3726 3969 medium.
3755 3909 3858 3964 Nam

2260 4026 2394 4066 meo
2412 4009 2637 4082 judicio
2664 4012 2934 4065 centrum
2965 4006 3161 4063 ditl‘ert
3188 4020 3223 4060 a
3245 4002 3471 4073 medio,
3500 4000 3663 4075 quod
3697 4009 3861 4054 omnes

2257 4099 2533 4155 lineas'ex
2562 4097 2981 4156 ciconferentia
3036 4096 3095 4151 in
3145 4098 3417 4149 centrum
3471 4089 3859 4149 concurrentes,

2260 4188 2535 4245 sintinter
2556 4204 2615 4244 se
2637 4186 2899 4260 aequales
2929 4202 2942 4253 ;
2969 4184 3100 4240 atin
3115 4182 3380 4239 medium
3402 4181 3650 4255 quidem
3667 4189 3861 4235 concur-

2258 4284 2391 4335 rant
2439 4293 2650 4334 omnes
2691 4277 2883 4343 lineae,
2925 4274 3030 4331 sed
3071 4288 3192 4329 non
3240 4272 3357 4327 sint
3406 4270 3689 4345 aequales.
3713 4269 3859 4333 Quare

2259 4368 2496 4441 proprie
2518 4371 2788 4423 centrum
2817 4365 2877 4421 in
2898 4362 3118 4420 circulo
3139 4367 3197 4417 et
3226 4361 3467 4433 sphaera
3497 4355 3779 4431 ursurpati
3799 4353 3860 4407 di-

2260 4456 2473 4512 cimus.
2511 4458 2697 4513 Omne
2724 4454 2881 4511 enim
2907 4456 3175 4509 centrum
3200 4454 3288 4506 est
3308 4448 3603 4520 medium,
3622 4448 3859 4521 punctum

2261 4551 2317 4602 et
2346 4545 2684 4601 extremitas
2719 4563 2730 4597 :
2760 4547 2820 4600 at
2842 4542 2887 4598 si
2919 4539 3067 4615 quid
3087 4542 3175 4595 est
3196 4537 3490 4605 medium,
3548 4552 3667 4593 non
3710 4533 3861 4590 statim

488 4628 728 4697 Oportet
752 4630 951 4684 autem
981 4629 1167 4700 ipsius
1190 4626 1516 4682 diametros
1570 4626 1808 4683 circulis
1859 4627 2147 4701 adaptare
2182 4656 2225 4708 ι)
2261 4640 2675 4707 θειρυηεωω,
2702 4638 2805 4689 aut
2831 4629 3173 4688 extremitas
3204 4631 3308 4684 aut
3357 4632 3651 4683 centrum.
3703 4626 3761 4679 Ut
3782 4633 3858 4676 nec

487 4723 542 4773 et
568 4717 1223 4792 ostendereinmquales
1245 4732 1374 4773 esse
1424 4715 1612 4789 (quod
1669 4715 1855 4773 mullo
1908 4722 2147 4789 negotio

485 4806 612 4861 ﬁeri
638 4808 857 4880 potest)
883 4812 939 4864 et
968 4812 1033 4865 ut
1058 4807 1382 4863 diametros
1418 4804 1772 4877 inaequales,
1828 4806 1908 4863 ita
1965 4810 2143 4869 etiam

486 4895 536 4950 si
549 4895 739 4953 literas
754 4897 1079 4972 inaequales
1096 4893 1393 4953 constitui.
1417 4894 1564 4950 Cum
1584 4892 1719 4949 duae
1734 4892 1850 4950 sint
1864 4895 2139 4957 diametri

1880 5018 1923 5072 B

2258 4724 2454 4780 omnis
2476 4723 2631 4779 linea
2651 4727 2809 4778 recta
2829 4736 2936 4794 per
2960 4717 3229 4775 medium
3275 4716 3460 4772 ducta
3508 4720 3564 4773 et
3604 4713 3860 4773 terminata

2259 4818 2345 4870 est
2373 4813 2610 4887 proprie
2640 4812 2949 4881 diameter,
2977 4807 3080 4865 sed
3109 4806 3346 4880 proprie
3373 4812 3465 4863 est
3503 4807 3775 4863 diameter
3791 4799 3858 4856 illa

2257 4903 2414 4959 linea
2432 4905 2612 4971 recta,
2632 4917 2767 4975 quae
2790 4915 2825 4957 a
2838 4899 3077 4956 duabus
3090 4895 3424 4969 majoribus
3441 4890 3859 4953 extremitatibus

2494 5299 3215 5627 Χΰτ
