4066 6212
277 316 412 373 1877

303 443 393 494 τὸν
425 445 468 493 Π
492 444 538 492 Θ
567 434 915 512 προσελάϐετο
969 436 1154 492 κύκλόν
1206 438 1254 493 ἂν
1308 440 1460 512 ἑαυτῇ
1520 439 1897 515 περιγράψασα

301 535 372 592 ὡς
391 524 1045 603 τούτουδιάμέτρος,ἠδε
1092 537 1139 584 Ν
1184 539 1232 583 Ω
1278 528 1341 592 ἧς
1392 534 1482 583 καὶ
1527 529 1689 593 αὐτῆς
1738 534 1895 603 μέσον

300 622 360 674 τὸ
401 621 556 673 Χτόν
584 624 625 671 Τ
654 624 706 672 Μ
739 634 751 647 '
784 617 891 671 ἐπεὶ
918 636 1088 671 τοίνυν
1135 621 1166 678 ἡ
1221 627 1258 673 Β
1297 625 1335 673 Γ
1386 615 1663 672 διπλάσιον
1711 620 1897 692 τετρά-

298 727 462 781 γωνον
487 713 644 776 ποιεῖ,
673 707 733 760 ού
764 705 874 760 ἐστι
895 703 1191 781 διάμετρος,
1240 712 1299 762 τὸ
1347 710 1447 782 γὰρ
1498 706 1599 762 ἀπὸ
1655 716 1752 771 τῆς
1803 715 1895 761 τοῦ

299 803 624 873 τετραγώνου
682 792 966 868 διαμέτρου
1022 800 1350 872 καταγραφὲν
1415 799 1732 871 τετράγωνον
1815 793 1897 850 δι-

299 887 520 941 πλάσιον
532 885 666 955 ἐστὶ,
691 893 784 938 τοῦ
810 886 870 939 οὗ
891 886 1004 939 ἐστι
1021 883 1301 962 διάμετρος
1325 890 1355 947 ἡ
1378 895 1532 942 τοῦτο
1556 894 1894 959 συστήσασα,

300 979 331 1037 ἠ
391 973 452 1032 δὲ
497 975 620 1051 παρ’
667 976 812 1049 ἡμῶν
858 973 1211 1050 ὀνομαζομένη
1261 973 1537 1053 διάμετρος
1593 977 1684 1038 ἳση
1762 977 1898 1032 οὖσα

1421 1218 1472 1269 ά

843 1405 884 1459 Π
1499 1426 1545 1477 θ

920 1645 1030 1714 hx

1173 306 1527 375 THEODOBI
1555 315 1601 372 ιι
1630 314 1763 370 IMP.
1797 313 1886 402 pE
1915 301 2367 374 COMMUNIONE
2398 307 2767 377 NATURALl.

3545 313 3684 378 .1378

2058 439 2272 514 πλευρά,
2303 443 2414 496 ἴσον
2434 447 2524 498 καὶ
2551 442 2876 518 καταγράφει
2900 443 3214 520 τετράγωνον
3253 439 3312 496 οὗ
3367 445 3480 496 ἐστι
3539 440 3656 496 διά-

2057 548 2242 604 μετρος
2269 535 2328 584 τό
2359 529 2418 586 δὲ
2448 529 2726 588 ὃιπλασιον
2745 540 2838 588 τοῦ
2865 535 3097 606 ἡμίσεως
3124 532 3317 606 μεῖξον,
3346 553 3436 586 και
3467 533 3522 595 ὃς
3547 534 3653 608 οἷρα

2057 619 2246 684 κύκλος
2271 623 2630 699 συμπεριλαϐῃ
2662 628 2756 685 τὴν
2777 623 2991 698 μείζονα
3017 619 3296 699 διαμετρον
3341 622 3411 685 εἰς
3463 623 3656 675 οἰκείαν

2059 705 2358 786 διαμετρον,
2389 712 2442 775 ἐξ
2469 711 2699 786 ἀναγκης
2727 714 2914 787 μείζων
2962 716 3076 766 ἐστί
3124 719 3216 765 τοῦ
3271 715 3366 770 τήν
3415 711 3658 764 ε’λαττονα

2059 798 2530 872 συμπεριλαϐὀντος
2571 801 2638 864 εἰς
2680 806 2872 855 οικείαν
2911 797 3190 875 διάμετρον
3223 817 3235 831 ⁸
3277 800 3304 852 ὁ
3365 797 3469 875 ἆρα
3515 808 3558 853 Π
3609 807 3655 854 Θ

2056 887 2260 960 κύκλος,
2287 889 2314 941 ὁ
2343 893 2434 949 τὴν
2463 897 2498 943 Β
2528 896 2564 943 Γ
2591 890 2779 960 λαϐὼν,
2821 890 3012 965 μείζων
3059 893 3172 943 ἐστί
3222 897 3314 942 τοῦ
3365 893 3459 948 τὴν
3508 895 3556 942 Ν
3610 895 3658 942 Ω

2059 975 2304 1040 λαϐόντος
2353 985 2396 1033 Τ
2446 987 2518 1036 Μ.
2565 983 2631 1034 Αἰ
2681 980 2785 1055 ἄρα
2834 987 2925 1034 τοῦ
3000 984 3319 1056 τετραγώνου
3383 975 3655 1052 διαμετροι

2695 1148 2752 1202 N

2699 1805 2750 1860 Ω

295 1961 413 2008 οὔτε
436 1959 604 2009 πᾶσαι
633 1953 848 2030 πλευραὶ
887 1955 1117 2008 τεθεῖσαί
1181 1959 1295 2007 ἴσον
1333 1955 1500 2026 τούτῳ
1552 1960 1765 2008 ποιοῦσι
1811 1971 1892 2006 τε·
1952 1954 1992 2008 Β
2053 1953 2242 2008 κύκλου
2273 1957 2404 2030 μέρη
2438 1951 2532 2006 ἶσα
2549 1969 2742 2020 παντα,
2763 1970 2854 2004 και
2901 1952 3004 2006 ὃσα
3052 1951 3112 2005 ἂν
3167 1961 3386 2010 ποιῶσιν
3432 1959 3488 2010 αἱ
3533 1959 3654 2010 τού.

291 2047 575 2120 τρὰγωνον,
632 2043 749 2097 οὒτε
794 2050 967 2097 πᾶσαι
1025 2047 1098 2116 μὴ
1156 2038 1288 2116 ἴσον,
1348 2043 1465 2096 οὔτε
1535 2049 1705 2096 πᾶσαι
1765 2045 1891 2096 ἴσων

290 2133 488 2186 κύκλων
533 2135 766 2207 ὑπάρχει
816 2129 1110 2208 διάμετρον
1169 2135 1304 2185 κατὰ
1341 2135 1428 2186 τὸν
1481 2131 1637 2185 αύτόν
1695 2128 1755 2185 δὲ
1809 2131 1890 2186 λό-

287 2241 380 2294 γον
409 2219 533 2277 ούδέ
558 2229 782 2296 σφαῖραν
843 2229 1014 2276 πᾶσαι
1047 2222 1165 2281 ἰσην
1210 2225 1472 2294 ποιοῦσιν,
1526 2220 1658 2276 ἀλλὰ
1695 2224 1750 2274 αὶ
1799 2224 1889 2296 μὲν

289 2313 522 2385 μείζονα,
557 2309 697 2366 αἰδὲ
718 2311 982 2382 ἐλάττονα,
1030 2309 1210 2370 ἐπειδὴ
1279 2317 1370 2365 καὶ
1423 2313 1454 2371 ἡ
1511 2319 1608 2376 τῆς
1665 2315 1892 2386 σφαίρας

289 2404 426 2454 κατὰ
479 2401 701 2462 κύκλους
757 2405 898 2455 ἐστὶν
954 2402 1242 2473 ἐπιφάνεια,
1275 2401 1306 2460 ἧ
1352 2419 1407 2454 τε
1449 2401 1620 2454 θεῖσαι
1662 2403 1719 2454 αἱ
1797 2408 1889 2455 τοῦ

290 2496 613 2564 τετραγώνου
670 2487 945 2566 διάμετροι
1011 2489 1282 2550 ε’λαττονας
1347 2493 1435 2542 καὶ
1483 2490 1728 2563 μείζονας
1776 2510 1889 2544 ποις

295 2583 490 2638 ήσουσι
519 2583 738 2656 σφαίρας
773 2581 841 2642 ὡς
869 2584 959 2632 καὶ
978 2578 1216 2647 κύκλους,
1249 2577 1384 2631 ὥστε
1411 2577 1518 2651 οὐχ
1564 2582 1634 2642 ὡς
1685 2579 1752 2641 εἰς
1803 2583 1888 2632 τόν

298 2665 484 2720 κύκλον
505 2673 593 2721 καὶ
621 2673 712 2728 τὴν
742 2675 965 2742 σφαῖραν
991 2671 1050 2720 τό
1081 2663 1216 2729 εἶδος
1256 2663 1559 2726 εἰδοποίησε
1604 2673 1698 2728 τὴν
1739 2666 1887 2739 ὓλην,

295 2755 457 2818 οὕτως
493 2759 581 2810 καὶ
607 2757 674 2820 εἰς
699 2757 842 2825 αὐτο,
884 2761 1001 2811 οὔτε
1040 2758 1112 2819 εἷς
1167 2759 1218 2810 ἓν
1276 2755 1462 2832 ἕτερον’
1524 2758 1591 2811 τά
1635 2760 1736 2832 γάρ
1795 2765 1888 2811 τοῦ

2051 2047 2142 2097 τὸῦ
2175 2041 2466 2118 διαμετροι,
2503 2038 2594 2096 ἶσα
2633 2045 2792 2110 ἐστιν,
2829 2042 2900 2103 ὡς
2933 2038 3174 2115 ἐδείχθη,
3233 2047 3290 2097 αἱ
3337 2042 3396 2099 δὲ
3437 2055 3530 2100 τοῦ
3580 2066 3660 2100 τε·

2053 2139 2320 2207 τραγώνου
2343 2136 2460 2186 οὔτε
2483 2131 2623 2184 αὑτῶ
2676 2138 2788 2184 ῖσον
2839 2137 3010 2184 πᾶσαι
3052 2140 3294 2187 ποιοῦσιν
3336 2135 3362 2187 ὃ
3413 2144 3656 2190 ποιοῦσιν

2053 2224 2170 2275 οὔτε
2190 2227 2259 2296 μὴ
2287 2221 2420 2288 ἶσον,
2454 2219 2564 2274 ἀλλ’
2593 2221 2648 2273 αἱ
2677 2223 2767 2293 μὲν
2794 2216 2928 2287 ἶσον,
2962 2221 3018 2273 αἱ
3053 2217 3114 2275 δι
3169 2222 3263 2275 οὐκ
3305 2231 3437 2282 ἶσον.
3493 2232 3656 2280 Τοῦτο

2055 2307 2115 2364 δε
2142 2331 2233 2365 και
2265 2312 2332 2374 εἰς
2356 2312 2518 2383 ἕτερα,
2553 2311 2720 2371 καθὼς
2751 2307 2799 2362 ἓν
2855 2310 2961 2371 τοὶς
3015 2309 3224 2374 κύκλοις
3291 2309 3535 2387 ἐδείχθη.
3587 2318 3658 2368 Τὸ

2052 2401 2157 2474 ἄρα
2187 2397 2327 2464 εἶδος
2364 2403 2663 2475 κρειττόνως
2719 2403 2813 2458 τὴν
2862 2397 2989 2458 ὓλην
3057 2407 3279 2475 σφαῖραν
3336 2408 3424 2456 καὶ
3469 2403 3657 2456 κύκλον

2053 2492 2084 2552 ἣ
2139 2493 2458 2565 τετράγωνον
2507 2486 2836 2560 εἰδοποίησε,
2885 2493 2975 2541 καὶ
3030 2485 3254 2562 ἐδείχθη
3321 2475 3490 2555 κῗιθὼς
3549 2491 3659 2548 ἔδει

2051 2587 2206 2634 τοῦτο
2245 2576 2547 2654 δειχθῆναι.
2590 2586 2756 2632 Τοῦτο
2779 2575 2840 2632 δε
2867 2583 2958 2632 καὶ
3014 2577 3100 2632 ἐπὶ
3145 2587 3238 2632 τοῦ
3285 2589 3536 2658 τριγώνου
3569 2591 3660 2638 καὶ

2052 2670 2278 2726 πάντων.
2316 2675 2468 2724 Ἔστι
2496 2664 2556 2721 δι
2593 2667 2775 2729 οὕτως.
2815 2669 2870 2720 αἱ
2921 2675 3014 2720 τού
3074 2674 3328 2742 τριγώνου
3385 2667 3660 2748 διάμετροι

2054 2761 2109 2812 αἱ
2137 2757 2191 2812 ἐκ
2213 2766 2306 2813 τοῦ
2335 2763 2543 2832 κέντρου
2597 2761 2683 2812 καὶ
2733 2759 2895 2832 μέσον
2965 2753 3329 2834 διερχόμεναι,
3371 2761 3414 2815 εἰ
3460 2765 3656 2818 τεθῶσι

265 2935 600 3003 terminata,
623 2935 786 3008 ipsas
819 2934 1060 3009 copulat
1081 2938 1146 2992 ut
1182 2934 1222 2990 Β
1249 2935 1308 3002 C,
1336 2933 1600 2992 maxime
1625 2951 1768 2993 vero
1783 2951 1920 3010 pro-
1951 2938 1992 2996 C
2029 2936 2345 3008 diametro,
2376 2934 2631 3010 duplum
2661 2939 2752 2993 est
2777 2935 2930 2992 illius
2951 2936 3229 3010 quadrati
3265 2937 3433 3010 cujus
3452 2943 3540 2996 est
3567 2940 3689 2997 dia-

261 3025 394 3099 pria
422 3031 478 3082 et
500 3024 652 3082 inter
681 3041 892 3082 omnes
927 3023 1142 3098 prima,
1167 3027 1231 3078 ut
1249 3026 1290 3080 X
1318 3025 1379 3090 T,
1407 3039 1544 3097 quae
1589 3029 1677 3082 est
1721 3041 1921 3099 sequa-

263 3115 334 3172 lis
363 3113 646 3171 omnibus
683 3113 993 3170 diametris
1017 3111 1218 3169 circuli
1267 3111 1446 3182 illius,
1483 3113 1652 3184 cujus
1682 3119 1770 3170 est
1798 3113 1922 3172 dia-

265 3209 467 3260 meter.
504 3203 643 3259 Dico
700 3202 878 3272 igitur
935 3201 1291 3258 diametrum
1321 3201 1365 3254 B
1418 3203 1478 3272 C,
1537 3201 1709 3273 cujus
1757 3205 1796 3258 X
1835 3205 1924 3258 est

264 3291 532 3350 medium
563 3291 852 3349 circulum
883 3293 922 3346 P
960 3290 1003 3345 T
1065 3289 1587 3362 circumscriptum
1625 3291 1921 3363 majorem

265 3398 576 3440 assumere
607 3380 827 3437 circulo
855 3381 896 3435 T
919 3381 988 3449 M,
1008 3395 1191 3452 quem
1230 3378 1482 3436 assumit
1503 3379 1783 3436 diameter
1808 3383 1850 3436 N
1877 3383 1920 3438 Ο

267 3471 440 3544 cujus
461 3469 728 3527 medium
749 3467 955 3525 itidem
981 3471 1068 3524 est
1095 3468 1148 3522 Χ.
1187 3467 1484 3534 Quoniam
1507 3468 1686 3538 igitur
1701 3468 1923 3526 diame-

265 3570 352 3622 ter
374 3561 742 3638 quadratum
771 3557 1074 3615 constituit
1101 3557 1355 3630 duplum
1409 3556 1585 3630 illius,
1638 3558 1810 3630 cujus
1839 3565 1930 3618 est

280 3656 563 3720 Etameter
593 3651 758 3723 (nam
783 3645 1146 3722 quadratum
1174 3644 1536 3720 descriptum
1564 3663 1602 3704 a
1649 3649 1930 3721 quadrati

2029 3032 2217 3083 meter
2239 3041 2312 3082 ex
2349 3042 2475 3098 qua
2498 3024 2773 3081 effectum
2799 3023 2929 3092 est).
2983 3024 3056 3080 At
3099 3024 3199 3081 illa
3239 3024 3534 3083 diamater
3551 3044 3688 3100 quae

2030 3115 2207 3172 nobis
2239 3114 2453 3170 dicitur
2479 3112 2723 3186 aequalis
2763 3111 2931 3168 lateri
2971 3110 3249 3185 quadrati
3306 3113 3419 3170 illis
3448 3116 3576 3186 ejus
3603 3122 3690 3174 est

2031 3203 2338 3275 diameter,
2394 3202 2759 3276 quadratum
2823 3201 3126 3257 constituit
3189 3202 3421 3274 aequale
3466 3203 3548 3260 illi
3586 3222 3688 3262 cu-

2028 3294 2129 3366 jus
2197 3298 2286 3349 est
2354 3292 2660 3349 diameter.
2723 3289 2900 3363 Atqui
2965 3289 3222 3363 duplum
3290 3297 3380 3349 est
3437 3293 3688 3352 dimidio

2033 3383 2262 3455 majus.
2298 3381 2562 3438 Circulus
2615 3395 2779 3451 ergo,
2829 3378 2932 3452 qui
2974 3379 3270 3452 majorem
3326 3381 3688 3442 diametrum

2036 3469 2493 3544 comprehendit
2514 3473 2571 3527 et
2591 3468 2708 3525 sibi
2726 3468 3167 3541 accommodat,
3197 3471 3534 3529 necessario
3562 3490 3688 3530 ma-

2032 3561 2130 3634 jor
2167 3565 2256 3618 est
2287 3559 2506 3617 circulo
2551 3558 2652 3616 illo
2705 3558 2810 3632 qui
2862 3557 3158 3614 minorem
3212 3561 3687 3634 comprehendit,

2039 3655 2098 3708 et
2125 3651 2237 3708 sibi
2259 3648 2680 3707 accommodat
2701 3648 3083 3706 diametrum.
3114 3648 3376 3706 Circulus
3431 3665 3574 3724 ergo
3593 3653 3690 3709 PT

2969 3906 3018 3952 Ο

2445 4314 2512 4372 45

269 4570 377 4643 qui
397 4569 690 4642 majorem
710 4569 1543 4644 comprehenditdiametrum
1573 4575 1620 4628 Α
1641 4574 1704 4641 Β,
1724 4570 1922 4642 major
1950 4574 1995 4628 D
2031 4573 2090 4627 et
2109 4583 2482 4642 quaecunque
2535 4569 2804 4628 efﬁciunt
2856 4569 3061 4628 circuli
3114 4566 3392 4627 diametri
3437 4566 3693 4640 aequalia

270 4665 366 4718 est
401 4660 624 4718 circulo
650 4664 689 4716 P
714 4664 783 4732 Μ,
815 4661 918 4734 qui
950 4665 992 4718 N
1026 4664 1069 4720 Ο
1125 4664 1423 4720 minorem
1472 4662 1745 4720 assumit.
1793 4663 1927 4718 Non

271 4765 484 4807 omnes
513 4765 654 4821 ergo
699 4749 978 4808 diametri
1020 4753 1454 4825 quadratorum
1483 4751 1670 4810 latera
1703 4751 1925 4809 effectae

270 4837 834 4914 aequaliaquadrata
851 4838 1129 4912 efﬁciunt,
1145 4856 1341 4914 neque
1352 4857 1565 4898 omnes
1580 4841 1922 4914 inasqualia,

269 4945 469 5003 neque
497 4944 708 4985 omnes
732 4928 1058 5002 aequalium
1079 4929 1437 4988 circulorum
1455 4934 1593 4988 sunt
1609 4929 1880 4988 diametri
1903 4953 1922 5004 ;

270 5037 346 5078 ex
374 5018 589 5076 eadem
616 5017 845 5074 ratione
874 5033 996 5074 non
1030 5033 1241 5075 omnes
1275 5020 1579 5092 sphaeram
1628 5017 1926 5092 aequalem

271 5108 560 5174 efﬁciunt,
593 5105 700 5162 sed
726 5106 942 5179 partim
965 5107 1279 5178 majorem,
1335 5109 1556 5181 partim
1603 5107 1920 5165 minorem.

271 5197 572 5266 Quoniam
602 5199 803 5251 autem
861 5195 1110 5268 sphaera:
1152 5197 1499 5269 superﬁcies
1559 5213 1632 5253 ex
1685 5195 1923 5253 circulis

273 5291 512 5347 constat
546 5283 823 5342 diametri
853 5284 1288 5357 quadratorum
1336 5285 1569 5343 circulis
1589 5301 1929 5342 accommo-

271 5377 450 5448 datze,
472 5373 736 5445 majores
758 5376 816 5430 et
843 5373 1106 5430 minores
1135 5373 1403 5446 sphaeras
1429 5375 1696 5432 efﬁciunt
1722 5379 1788 5432 ut
1816 5375 1926 5431 cir-

237 5465 463 5528 culos.
495 5465 689 5529 Quare
714 5477 836 5518 non
890 5461 974 5519 ita
1021 5461 1217 5520 forma
1267 5464 1586 5521 materiam
1641 5463 1844 5520 circuli
1869 5468 1930 5523 et

274 5556 526 5631 sphaerae
546 5550 910 5620 informavit,
924 5553 992 5608 ut
1010 5551 1122 5609 sibi
1143 5555 1201 5610 et
1228 5551 1358 5610 aliis
1387 5552 1597 5624 ﬁguris
1611 5553 1924 5623 haberent,

273 5642 444 5720 quod
451 5638 858 5702 habent.Nam
870 5639 1068 5700 circuli
1082 5646 1284 5716 partes
1295 5645 1648 5702 suntomnes
1663 5641 1930 5716 aequales

2035 4662 2196 4727 sunt,
2222 4661 2287 4715 ut
2301 4657 2786 4716 demonstratum
2805 4663 2912 4716 est.
2932 4664 3003 4717 At
3027 4675 3149 4716 non
3180 4673 3391 4715 omnes
3413 4654 3692 4728 quadrati

2037 4747 2316 4804 diametri
2331 4745 2564 4819 aequale
2580 4747 2746 4820 quod
2762 4747 3010 4818 faciunt,
3032 4747 3395 4821 quadratum
3407 4743 3690 4800 reddunt-

2036 4851 2235 4909 neque
2269 4833 2567 4908 inaequale
2597 4833 2704 4892 sed
2735 4834 2952 4906 partim
2987 4834 3236 4907 aequale,
3277 4831 3496 4905 partim
3553 4830 3694 4887 inae~

2037 4923 2240 4998 quale.
2269 4930 2459 4996 Atque
2473 4923 2630 4980 hanc
2653 4939 2828 4979 suam
2854 4921 3276 4995 proprietatem
3303 4919 3434 4977 aliis
3449 4933 3694 4992 quoque

2036 5015 2248 5086 ﬁguris
2264 5013 2733 5081 communicant,
2748 5012 2888 5068 utin
2906 5009 3141 5067 circulis
3160 5007 3494 5082 majoribus
3511 5013 3568 5064 et
3583 5007 3692 5065 mi-

2037 5103 2292 5161 noribus
2309 5102 2784 5159 demonstratum
2814 5104 2924 5156 est.
2960 5101 3170 5156 Forma
3198 5114 3340 5170 ergo
3379 5097 3693 5156 materiam

2038 5193 2200 5265 globi
2235 5199 2292 5250 et
2311 5190 2513 5249 circuli
2533 5189 2929 5264 prcestantiori
2945 5188 3152 5259 modo,
3175 5205 3362 5262 quam
3378 5187 3693 5246 materiam

2036 5282 2323 5357 quadrati
2344 5279 2704 5338 informavit.
2730 5281 2920 5351 Atque
2941 5279 3057 5336 hoc
3103 5281 3582 5336 demonstratum
3603 5278 3695 5332 est

2037 5389 2114 5430 eo
2139 5370 2345 5441 modo,
2369 5386 2492 5444 quo
2507 5367 3050 5426 demonstrandum
3071 5367 3199 5426 fuit.
3233 5367 3404 5434 Quod
3421 5366 3599 5423 etiam
3630 5363 3693 5418 in

2039 5461 2342 5533 triangulo
2361 5457 2667 5517 observari
2687 5461 2883 5531 potest
2911 5460 2968 5515 et
2995 5456 3058 5514 in
3081 5457 3366 5515 omnibus
3383 5453 3516 5512 aliis
3537 5453 3693 5523 ﬁgu-

2041 5553 2146 5610 ris.
2178 5557 2259 5608 Ac
2282 5551 2444 5608 hunc
2471 5549 2534 5606 in
2561 5545 2814 5606 modum
2843 5545 3400 5617 demonstratratur,
3456 5557 3593 5616 quae
3619 5554 3696 5598 ex

2041 5645 2250 5703 centro
2265 5655 2374 5716 per
2386 5637 2660 5700 medium
2680 5635 2984 5697 ducuntur
2999 5633 3278 5708 trianguli
3297 5629 3591 5699 diametri,
3625 5628 3699 5688 si-
