4066 6212
480 298 621 373 lm
1999 288 2086 370 At

2198 284 2360 371 sui.
3696 302 3804 375 ita)

510 437 805 513 διάμετροι,
861 438 1104 511 μείζονας
1156 442 1247 490 καὶ
1300 436 1570 499 ἐλάττονας
1635 442 1923 496 ποιήσουσι
2013 458 2103 489 κυ-
2159 441 2205 491 Α
2261 441 2471 510 κέντρῳ,
2502 436 2688 499 κύκλος
2719 437 3042 510 γεγράφθωὸ
3081 442 3125 487 Π
3158 432 3538 509 Θδιασκήματι
3572 447 3635 509 τῷ
3682 449 3712 495 Α
3760 449 3788 495 Β

507 529 677 593 κλους,
713 526 840 579 ἀλλὰ
877 532 967 578 καὶ
1017 532 1277 600 τριγώνων
1338 526 1383 577 εἰ
1433 528 1624 579 τεθῶσι
1681 526 1919 599 πλευραὶ,
1984 532 2100 598 μεί-
2260 532 2447 596 καὶτῷ
2482 534 2517 579 Α
2551 531 2761 601 κέντρῳ,
2802 526 2987 585 κύκλος
3024 526 3299 598 γεγράφθῳ
3356 526 3380 577 ὀ
3436 532 3472 578 Γ
3520 534 3557 580 Η
3610 525 3789 588 διαστῇ.

510 617 634 677 ζονα
698 621 786 667 καὶ
844 614 1088 667 ἐλάττονα
1124 620 1412 672 ποιήσουσι
1464 620 1706 687 τρίγωνα,
1754 618 1809 668 αἱ
1866 613 1925 668 δὲ
2007 612 2100 667 τού
2259 635 2383 687 ματι
2413 623 2485 684 τῷ
2515 620 2551 666 Ε
2592 621 2633 667 Ν
2688 619 2779 666 καὶ
2842 608 2911 684 τῷ
2968 620 3004 665 Β
3059 617 3267 688 κέντρῳ,
3337 613 3515 674 κύκλος
3562 618 3791 689 ’γεγράφθω

506 705 695 756 κύκλου
737 702 792 777 ἐκ
828 711 920 754 τοῦ
958 706 1145 775 κυρίως
1190 707 1400 775 κέντρου
1457 709 1547 756 καὶ
1604 708 1766 776 μέσου
1819 701 2099 777 διερχόμε-
2258 707 2287 762 ἠ
2320 711 2352 755 Σ
2384 711 2429 756 Λ
2470 699 2799 775 διαστήματι
2857 711 2928 773 τῷ
2986 709 3034 755 Χ
3092 709 3137 754 Ν
3198 710 3267 771 τῷ
3334 707 3354 755 I
3400 707 3598 775 κέντρῳ,
3644 707 3795 769 κύκλος

506 814 589 845 ναι
626 797 715 844 καὶ
755 774 975 852 κύκλους
1025 794 1193 855 ἴσους,
1246 792 1290 843 εἰ
1347 795 1558 859 τεθῶσι,
1605 800 1915 862 ποιήσουσι,
1974 792 2100 844 ἀλλὰ
2263 794 2532 864 γεγράφθω
2565 793 2591 843 ὁ
2622 798 2660 843 Ζ
2692 795 2712 843 Ι
2750 788 3079 863 διαστήματι
3109 798 3182 860 τῷ
3213 796 3259 843 Ψ
3308 796 3354 842 Ν
3392 795 3478 842 καὶ
3515 800 3580 861 τῷ
3629 800 3664 844 Υ
3709 797 3796 846 κέν-

506 887 593 933 καὶ
623 888 724 934 πᾶν
746 880 866 932 ἄλλο
898 889 1109 952 σχῆμα.
1144 887 1227 933 Δεῖ
1256 890 1378 952 γοῦν
1398 885 1546 943 ἴσους
1576 871 1881 945 δεῖξαιτούς
1909 878 2098 934 τούσδι
2255 900 2380 954 τρῳ,
2420 880 2604 941 κύκλος
2641 882 2918 952 γεγράφθω
2957 881 2982 930 ὁ
3020 886 3060 931 Ζ
3111 886 3151 932 Κ
3193 875 3514 949 διαστήματι
3564 888 3629 950 τῷ
3662 888 3702 933 Ω,
3746 890 3795 935 Ν’

504 974 627 1031 τοὺς
653 969 889 1034 κύκλους,
917 973 1083 1021 καὶτὸ
1114 968 1168 1020 ἐκ
1198 979 1296 1021 τῶν
1348 967 1637 1044 διαμέτρων
1692 972 1857 1023 αὐτῶν
1912 976 2095 1043 τρίγω⁹
2256 971 2310 1021 αἱ
2333 978 2458 1040 γοῦν
2500 976 2537 1022 Α
2582 976 2617 1020 Β
2654 975 2692 1021 Ε
2729 974 2775 1021 Ν
2814 974 2860 1022 Χ
2889 974 2933 1020 Ν
2975 974 3021 1020 Ω
3050 972 3097 1020 Ν
3136 974 3181 1022 Ψ
3216 974 3261 1021 Ν
3303 965 3569 1039 διάμετροι
3606 969 3693 1020 εἰσι

504 1078 605 1110 νονο
635 1057 745 1111 εἶτα
774 1060 851 1109 ὅτι
880 1056 985 1128 οὐχ
1006 1056 1169 1118 οὕτως
1196 1062 1285 1109 καὶ
1314 1056 1397 1110 ἐπὶ
1448 1066 1541 1110 τοῦ
1598 1066 1848 1133 τριγώνου
1923 1068 1996 1130 τῷ
2051 1065 2097 1111 Ν
2259 1066 2298 1111 [1
2341 1066 2386 1111 Θ
2426 1066 2477 1111 Μ
2520 1065 2561 1110 ll
2603 1065 2635 1109 Σ
2677 1063 2718 1110 Λ
2758 1065 2796 1110 Ζ
2839 1064 2880 1110 Κ
2917 1064 2957 1108 Ζ
2995 1063 3037 1109 Τ
3071 1056 3290 1123 κύκλων,
3335 1056 3543 1130 ἑκατέρα
3577 1057 3797 1130 ἑκατέρου,

1188 1174 3089 1732 ῩῩΔ

495 2691 626 2741 κατὰ
650 2691 743 2745 τὴν
767 2693 868 2738 τῶν
897 2672 1170 2754 στοιχείων
1212 2680 1372 2734 θέσιν.
1412 2686 1496 2740 Ὡς
1517 2680 1619 2756 ἄρα
1649 2687 1741 2732 τοῦ
1792 2686 1837 2733 Π
1885 2684 2089 2756 κέντρον
2250 2682 2410 2735 αὐτοῦ
2451 2679 2754 2756 διαμτρου,
2792 2689 2883 2737 καὶ
2940 2693 3030 2738 τοῦ
3083 2694 3115 2739 Σ
3172 2692 3218 2739 Λ
3276 2691 3490 2763 κέντρον
3545 2690 3628 2761 μὲν
3679 2690 3727 2738 τὸ
3784 2692 3811 2738 Β

494 2782 551 2831 τὸ
589 2784 635 2831 Ν
665 2780 754 2828 καὶ
784 2770 985 2847 πέρατα
1010 2779 1104 2833 τῆς
1152 2770 1313 2822 αὐτοῦ
1373 2764 1655 2843 διαμέτρου
1701 2772 1758 2821 τὸ
1815 2776 1853 2823 Α
1922 2776 1957 2822 Β
2004 2772 2087 2822 οὔ·
2249 2775 2446 2843 πέρατα
2486 2767 2544 2824 δὲ
2581 2780 2671 2833 τῆς
2710 2772 2869 2824 αὐτοῦ
2910 2770 3194 2848 διαμέτρου
3251 2779 3317 2827 τὸ
3382 2782 3426 2829 Χ
3480 2783 3543 2843 Ν,
3602 2778 3809 2833 ὡσαύτως

492 2888 593 2930 τως
620 2872 821 2918 καὶτοῦ
847 2870 881 2915 Α
908 2866 1176 2937 Ηκέντρον
1202 2863 1261 2911 τὸ
1294 2864 1333 2910 Α
1364 2862 1565 2931 πέρατα
1604 2855 1663 2911 δί
1700 2863 1759 2911 τὸ
1812 2865 1850 2911 Ε
1897 2865 1943 2912 Ν
1997 2868 2087 2919 τῆς
2250 2864 2339 2910 καὶ
2373 2867 2462 2911 τοῦ
2499 2867 2537 2911 Ζ
2572 2866 2613 2912 Τ
2651 2865 2855 2934 κέντρον
2889 2864 2979 2933 μὲν
3013 2866 3071 2915 τὸ
3108 2868 3129 2916 Ι
3170 2868 3392 2938 πέρατα
3431 2861 3489 2916 δί
3542 2872 3632 2927 τῆς
3682 2863 3816 2915 αὐτοῦ

464 2964 710 3037 quidem
728 2959 960 3017 circulis
975 2952 2108 3025 accommandantur,majoresetmino-
2218 2957 2489 3029 ipsorum
2520 2958 2892 3014 constituitur
2922 2960 3311 3033 triangulum,
3335 2961 3550 3019 deinde
3574 2961 3821 3027 nonidem

462 3070 556 3110 res
570 3045 1116 3108 efﬁciuntcirculos.
1134 3046 1430 3113 Praeterea,
1460 3042 1506 3097 si
1531 3042 1960 3113 triangulorum
1976 3044 2107 3101 dia-
2216 3043 2439 3100 habere
2460 3045 2656 3101 locum
2686 3047 2745 3102 in
2764 3047 3081 3117 triangulo.
3108 3049 3324 3106 Centro
3344 3054 3410 3122 N,
3436 3050 3722 3107 intervan
3741 3055 3774 3103 A
3794 3050 3823 3103 Β

463 3141 635 3198 metri
664 3141 850 3195 latera
879 3136 1334 3193 constituantur,
1364 3131 1597 3202 majora
1654 3138 1834 3204 atque
1876 3134 2109 3189 minora
2219 3134 2472 3190 circulus
2504 3136 2546 3201 Ο
2567 3137 2630 3202 Η,
2655 3135 3024 3193 describatur
3048 3153 3061 3205 ;
3084 3137 3223 3194 item
3260 3146 3473 3196 centro
3493 3142 3561 3209 Δ,
3583 3137 3823 3196 interval-

464 3231 723 3288 efﬁcient
767 3223 1083 3296 triangula.
1126 3223 1198 3276 At
1241 3219 1444 3275 circuli
1499 3219 1772 3276 diametri
1828 3238 1961 3293 quae
2006 3238 2112 3294 per
2217 3223 2275 3279 lo
2300 3226 2337 3278 E
2365 3227 2430 3295 N,
2468 3225 2720 3280 circulus
2760 3224 3130 3283 describatur
3173 3229 3211 3283 C
3243 3230 3284 3285 G
3321 3248 3337 3295 ;
3396 3230 3538 3285 item
3580 3237 3757 3286 centro
3786 3229 3814 3280 Β

463 3319 729 3376 medium
747 3320 1013 3373 centrum
1032 3310 1267 3384 proprie
1281 3309 1503 3364 dictum
1522 3309 1841 3375 ducuntur,
1857 3311 2109 3367 circulos
2218 3311 2527 3368 intervallo
2551 3315 2589 3368 Y
2614 3316 2680 3382 Ν,
2702 3314 2960 3369 circulus
2982 3316 3367 3373 describatur
3387 3320 3421 3375 S
3454 3318 3496 3371 L
3528 3336 3542 3385 ;
3583 3318 3707 3373 item
3727 3331 3830 3371 cen-

464 3407 726 3481 aequales
756 3418 989 3475 semper
1010 3398 1294 3464 efﬁciunt,
1314 3403 1493 3470 atque
1544 3399 1724 3454 etiam
1780 3401 2113 3472 quamlibet
2222 3406 2309 3457 tro
2342 3404 2381 3465 ι,
2417 3401 2765 3458 intervallol
2795 3406 2836 3458 N
2864 3404 3119 3459 circulus
3171 3404 3551 3463 describatur
3577 3409 3695 3473 FT;
3723 3407 3830 3460 item

464 3497 646 3553 aliam
672 3488 928 3565 ﬁguram
954 3487 1267 3561 aequalem;
1337 3488 1578 3557 Oportet
1624 3487 1802 3557 igitur
1848 3489 2111 3561 aequales
2221 3495 2423 3545 centro
2447 3492 2508 3553 U,
2533 3490 2842 3547 intervallo
2872 3493 2999 3548 FFU
3031 3494 3285 3549 circulus
3326 3496 3686 3552 describatur
3714 3498 3749 3550 0
3776 3494 3826 3548 Κ.

464 3586 716 3643 Circulos
737 3585 847 3639 hOS
862 3580 1272 3636 demonstrare
1294 3575 1506 3631 etillud
1526 3577 1689 3649 quod
1712 3595 1784 3633 ex
1804 3577 2110 3635 diametris‘
2220 3579 2501 3635 Diametri
2521 3580 2697 3651 igitur
2722 3585 2766 3634 A
2799 3583 2836 3637 Β
2858 3582 2901 3635 Ε
2924 3584 2966 3637 Ν
2999 3584 3039 3637 Y
3063 3585 3106 3638 Ν
3132 3586 3169 3639 F
3202 3586 3239 3639 F
3278 3589 3329 3641 Ν
3351 3589 3389 3643 Ζ
3417 3590 3457 3642 Ν
3516 3584 3827 3643 circulorum

1148 3699 3161 4267 ᾼῩΔ

456 5242 499 5307 Q
520 5244 562 5297 ll
583 5242 692 5298 MG
716 5242 751 5298 S
783 5242 821 5297 L
847 5240 890 5296 Ο
913 5241 958 5295 Κ
986 5242 1084 5295 FT
1129 5236 1380 5310 singulas
1430 5250 1675 5291 suorum
1742 5232 2100 5290 circulorum
2136 5229 2176 5284 Ο
2212 5230 2247 5285 S
2272 5232 2329 5297 L,
2357 5237 2415 5288 et
2468 5234 2703 5291 termini
2762 5234 3037 5293 diametri
3097 5249 3313 5307 nempe
3372 5234 3460 5288 YN
3489 5228 3605 5299 ;ita
3669 5222 3815 5281 etiam

455 5336 611 5387 sunt.
642 5332 703 5386 Et
731 5344 804 5384 ex
841 5328 1050 5385 ordine
1095 5327 1524 5384 elementorum
1579 5322 1975 5380 collocanturr
2033 5323 2102 5377 Ut
2211 5327 2517 5379 centrum!
2548 5324 2811 5380 circuliF
2840 5327 2901 5393 Τ,
2934 5330 2990 5381 et
3047 5322 3284 5381 termini
3307 5318 3577 5378 diemetri
3634 5321 3815 5381 nempe

452 5421 631 5491 igitur
662 5434 726 5476 se
751 5419 935 5475 habet
961 5423 1230 5475 centrum
1263 5419 1304 5472 N
1328 5414 1529 5470 circuli
1552 5415 1595 5478 Ο
1620 5413 1689 5475 Η,
1720 5412 1800 5468 ita
1839 5412 2015 5467 etiam
2038 5425 2101 5466 se
2212 5412 2588 5469 intervallum
2612 5416 2648 5469 Ζ
2669 5415 2738 5483 Ν,
2763 5414 2845 5470 ita
2869 5429 3111 5486 quoque
3133 5416 3175 5468 N
3200 5415 3466 5469 centrum
3489 5403 3677 5464 circuli
3703 5393 3811 5491 OE.

450 5486 679 5571 habent
694 5509 922 5565 termini
932 5508 1195 5581 ejusdem
1208 5504 1714 5572 diametri,nempe
1730 5499 2099 5557 intervallum
2211 5507 2266 5557 et
2287 5502 2515 5558 termini
2537 5503 2728 5576 ipsius
2749 5502 3045 5569 diametri,
3059 5516 3277 5574 nempe
3300 5496 3665 5555 intervallum
3684 5486 3805 5544 ΠΝ-

450 5604 502 5656 Α
528 5601 571 5652 Β
598 5616 611 5667 ;
638 5601 723 5659 ita
744 5600 926 5658 etiam
954 5602 1002 5661 A
1028 5603 1298 5659 centrum
1322 5592 1526 5651 circuli
1562 5595 1613 5651 Μ
1642 5593 1708 5658 G,
1756 5597 1814 5647 et
1868 5589 2104 5657 termini
2209 5597 2359 5653 Nam
2382 5593 2587 5651 temini
2603 5593 2808 5649 circuli
2848 5594 2892 5660 Q
2959 5595 3005 5649 Η
3044 5596 3185 5648 sunt
3228 5593 3455 5657 centra,
3493 5581 3809 5671 circulorfm

448 5663 935 5763 dianriotriipsius
965 5691 1009 5746 E
1033 5690 1081 5748 N
1111 5703 1129 5760 ς
1164 5685 1252 5745 ita
1276 5683 1461 5744 etiam
1494 5683 1541 5739 B
1587 5686 1860 5741 centrum
1900 5679 2101 5738 circuli
2208 5687 2271 5744 Μ
2293 5687 2337 5743 G
2361 5688 2398 5741 s
2428 5687 2471 5742 ι,
2496 5685 2537 5741 ιε’
2559 5685 2601 5741 Τ
2655 5684 2699 5739 o
2756 5683 2827 5739 ις,
2869 5680 3168 5747 Quoniam
3224 5679 3403 5751 ίείιωι
3439 5669 3660 5734 termini
3702 5663 3809 5720 dia-
