4066 6212
193 309 328 368 1381

1087 305 1446 366 THEODORI
1477 307 1525 360 II
1555 308 1696 362 IMP.
1729 295 1820 358 DE
1853 295 2310 368 COMMUNIONE
2336 305 2715 369 NATURALI.

3463 299 3604 372 i382

221 432 523 506 διαμέτρου,
553 433 612 484 τὸ
659 437 705 484 Ψ
753 437 800 483 Ν
852 436 942 482 καὶ
993 439 1086 482 τού
1138 439 1177 483 Ζ
1208 438 1249 484 Κ
1281 435 1485 503 κέντρον
1531 432 1619 502 μὲν
1670 431 1730 480 τὸ
1779 435 1819 480 Υ
1872 430 1922 483 Α
1979 433 2306 502 ΒΑκέντρον
2331 440 2457 490 1'6N
2499 436 2630 493 ἀλλά
2677 439 2768 486 καὶ
2825 437 2884 484 τὸ
2935 440 2973 486 Γ
3010 439 3050 486 Δ
3111 443 3152 487 Υ
3206 439 3245 487 Α
3307 421 3400 487 ἴσά
3463 435 3576 490 ἐστι

219 542 420 597 περατα
451 517 509 573 δὲ
531 528 628 580 τῆς
659 518 820 570 αὐτοῦ
851 516 1136 593 διαμέτρου
1167 524 1224 570 τὸ
1259 527 1307 570 Ω
1329 525 1392 572 Ν.
1421 521 1499 571 Τὰ
1529 521 1631 590 ’γὰρ
1667 524 1710 569 Π
1771 524 1818 569 Θ

217 616 420 686 πέρατα
444 615 630 682 κέντρα
659 606 771 658 ἐστὶ
801 616 900 659 τῶν
931 610 980 664 Μ
1011 615 1053 660 Η
1075 615 1107 660 Σ
1161 614 1206 661 Λ
1236 613 1275 659 Ζ
1329 614 1370 659 'I‘
1429 610 1468 660 Ξ
1510 613 1552 659 Κ
1590 606 1812 658 κύκλων.

127 722 136 727 ’
223 700 366 752 Ἐπεὶ
416 706 542 769 γοῦν
598 699 663 747 τὰ
721 704 812 747 τού
872 703 915 748 [Ι
991 704 1038 749 Θ
1118 703 1215 748 τῶν
1271 692 1565 768 διαμέτρων
1620 699 1822 766 πέρατα

221 783 952 858 ΑΒΥΟΙΔκέντραέστὶ
998 792 1178 838 1'de
1229 792 1267 836 Η
1332 792 1364 836 Σ
1413 791 1451 836 Λ
1504 786 1543 836 Ξ
1598 789 1639 835 Κ
1694 791 1732 834 Ζ
1779 790 1820 835 Τ

221 876 442 943 κύκλων,
483 878 540 926 τὸ
575 871 632 926 δὲ
670 877 876 946 κέντρον
933 878 1090 944 μέσον
1147 873 1262 924 ἐστὶ
1320 880 1412 924 τού
1454 871 1643 923 κύκλου
1691 873 1822 946 πρὸς

224 964 251 1016 ὁ
275 984 446 1016 πασαι
473 965 527 1014 αὶ
573 967 1007 1033 προσπίπτουσαι
1037 963 1231 1014 εὐθεῖαι
1253 960 1309 1012 ἐκ
1363 968 1457 1021 τῆς
1511 963 1696 1012 τούτου
1736 979 1821 1012 πε-

225 1057 482 1128 ριφερείας
514 1049 627 1103 ἶσαι
660 1049 906 1110 ἀλλήλαις
939 1050 1094 1118 εἰσιν,
1125 1053 1188 1110 ὡς
1233 1053 1290 1101 τὸ
1343 1056 1390 1102 Ν
1440 1052 1544 1123 ἄρα
1585 1053 1714 1121 πρὸς
1761 1051 1820 1100 τὸ

223 1147 379 1195 Βκαὶ
433 1161 490 1192 το
522 1143 714 1214 Χπρὸς
769 1142 826 1190 16
883 1146 919 1192 Β
970 1148 1069 1190 τῶν
1134 1141 1235 1210 γὰρ
1303 1138 1552 1210 ἑκατέρων
1617 1141 1821 1209 κέντρον

224 1234 344 1284 16B
384 1233 454 1292 ὡς
492 1235 580 1281 καὶ¹
636 1237 735 1280 τῶν
791 1235 830 1282 Δ
889 1235 926 1280 Β
979 1232 1185 1303 κέντρον
1240 1232 1300 1278 τὸ
1349 1235 1396 1280 Ν
1443 1227 1571 1279 ἀλλὰ
1626 1232 1714 1278 καὶ
1762 1231 1821 1279 τὸ

227 1327 265 1372 Ρ
296 1325 380 1372 BI
414 1326 473 1380 B,
523 1317 613 1370 ῖσά
650 1317 762 1370 ἐστι
805 1325 917 1379 τοῖς
965 1324 1012 1369 Ν
1060 1323 1098 1368 Β
1148 1324 1193 1370 Χ
1255 1324 1293 1368 Β
1325 1337 1338 1350 ο
1389 1323 1593 1390 κέντρον
1657 1319 1824 1367 κοινόι

225 1411 328 1482 γάρ
359 1412 418 1460 τὸ
444 1415 500 1461 Β.
532 1407 590 1460 Ἠ
617 1406 722 1480 ἆρα
749 1413 786 1458 Ρ
814 1403 1091 1480 διάμετρος
1143 1414 1237 1457 τού
1290 1414 1322 1458 Σ
1387 1410 1428 1458 Λ
1485 1405 1674 1457 κύκλου
1730 1406 1818 1462 ἴση

224 1497 339 1550 ἐστί
375 1506 437 1570 τῇ
472 1504 520 1550 Χ
548 1503 595 1549 Ν
624 1495 784 1548 αὐτοῦ
817 1492 1100 1569 διαμέτρῳ·
1154 1492 1220 1545 ὧν
1274 1497 1373 1568 γάρ
1420 1491 1533 1546 ἶσαι
1581 1495 1646 1545 τά
1699 1495 1822 1566 ἠμί-

225 1605 338 1651 σεα,
394 1591 485 1638 καὶ
514 1587 576 1637 τά
621 1584 714 1636 ὅλα
740 1580 832 1636 ἷσά
881 1583 1009 1644 ἐστι,
1039 1587 1171 1634 κατά
1199 1587 1286 1635 τὸν
1340 1583 1497 1634 αὑτὸν
1542 1581 1709 1653 λόγον·
1752 1585 1822 1642 ὡς

219 1674 323 1746 ἆρα
351 1678 482 1726 τόΝ
519 1676 647 1745 πρὸς
674 1677 731 1724 τὸ
786 1677 805 1724 1
849 1678 939 1723 καὶ
993 1675 1051 1722 1'6
1096 1678 1143 1724 Ψ
1186 1675 1315 1743 πρὸς
1361 1676 1419 1722 τὸ
1468 1677 1509 1724 I'
1564 1680 1663 1722 τών
1717 1673 1817 1744 γάρ

215 1765 466 1834 ἑκατέρων
517 1766 723 1835 κέντρον
752 1763 811 1812 τὸ
855 1767 876 1812 I
931 1761 996 1819 ὡς
1048 1765 1138 1812 καὶ
1197 1769 1294 1810 τῶν
1325 1765 1412 1812 ΔΙ
1453 1763 1658 1832 κέντρον
1683 1763 1742 1810 τὸ
1772 1766 1816 1811 Ν

211 1849 343 1903 ἀλλά
372 1857 462 1902 καὶ
490 1849 548 1902 1'6
575 1853 658 1901 BI
696 1855 784 1902 ΦΙ
823 1847 915 1900 ἷσά
974 1847 1090 1900 ἐστι
1134 1856 1237 1908 τοῖς
1280 1855 1327 1900 Ν
1377 1853 1394 1900 l
1452 1853 1496 1900 Ψ
1536 1853 1556 1900 Ι
1614 1852 1818 1921 κέντρον

212 1943 382 1992 κοινὸν
410 1941 512 2012 γάρ
543 1941 602 1989 1'6
633 1944 650 1990 Ι
683 1940 713 1996 ἠ
749 1938 852 2009 ἄρα
883 1943 920 1988 Β
985 1943 1024 1989 Φ
1079 1933 1359 2010 διάμετρος
1410 1943 1499 1988 τοῦ
1545 1943 1583 1987 Ζ
1633 1943 1673 1987 Τ
1726 1939 1817 1987 κύ-

211 2029 357 2099 κλου,
394 2031 482 2085 ἴση
516 2027 630 2079 ἐστὶ
661 2034 723 2098 τῇ
755 2032 802 2080 Ψ
835 2032 879 2078 Ν
909 2025 1067 2077 αύτοϋ
1110 2022 1145 2076 δ
1151 2029 1394 2096 ιαμέτρῳ·
1446 2022 1514 2076 ὧν
1573 2027 1674 2098 γάρ
1727 2023 1820 2076 ἴσα

212 2121 280 2170 τά
299 2119 515 2190 ἡμίσεα,
548 2119 639 2168 καὶ
704 2117 769 2166 τά
835 2113 928 2166 ὅλα
979 2112 1073 2166 ἶσά
1130 2113 1286 2167 ἐστιν.
1340 2113 1604 2174 Ὡσαύτως
1649 2109 1709 2166 δὲ
1750 2116 1820 2174 ὡς

213 2213 336 2260 τοΝ
366 2209 498 2280 πρὸς
526 2207 582 2256 τὸ
611 2212 654 2257 Υ
683 2208 773 2255 καὶ
803 2206 862 2254 τὸ
889 2209 936 2254 Ω.
964 2205 1094 2277 πρὸς
1147 2205 1207 2253 1'6
1253 2209 1292 2254 Υ
1345 2211 1446 2255 τῶν
1487 2204 1590 2275 γάρ
1643 2202 1816 2255 ἑκατέ-

217 2315 316 2368 ρων
342 2295 632 2366 κέντροντό
687 2300 727 2344 Υ
779 2295 844 2352 ὡς
886 2295 974 2342 καὶ
1025 2299 1117 2342 τού
1176 2298 1216 2342 Υ
1283 2297 1327 2344 Ψ
1383 2295 1587 2362 κέντρον
1640 2294 1699 2342 τὸ
1747 2297 1816 2345 Ν.

221 2382 376 2436 Ἀλλά
403 2385 494 2433 καὶ
524 2385 583 2432 τὸ
608 2386 646 2432 Α
681 2387 720 2432 Υ
749 2385 831 2433 ΦΥ
861 2379 953 2431 ἶσά
977 2377 1090 2430 ἐστι
1117 2386 1229 2440 τοῖς
1284 2385 1329 2432 Ν
1392 2387 1430 2431 Υ
1493 2386 1540 2430 Ω
1594 2386 1652 2431 Υ·
1709 2383 1811 2431 κέν-

220 2489 339 2545 τρον
371 2473 538 2522 κοινὸν
580 2471 683 2542 γὰρ
735 2473 793 2520 τὸ
842 2475 903 2523 Υ.
963 2465 1022 2519 Ἠ
1071 2465 1174 2540 ἆρα
1229 2471 1278 2519 Α
1318 2473 1357 2520 Φ
1410 2463 1691 2540 διάμετρος
1726 2474 1818 2519 τοῦ

221 2561 261 2612 Ξ
291 2565 335 2612 Κ
362 2558 572 2620 κύκλου,
603 2560 689 2616 ἴση
731 2555 843 2609 ἐστὶ
891 2564 953 2628 τῇ
1012 2563 1060 2607 Ω.
1106 2563 1153 2608 Ν
1202 2555 1358 2607 αύτοῡ
1415 2552 1698 2630 διαμέτρῳ·
1751 2557 1818 2607 ὧν

221 2647 324 2719 γάρ
346 2648 412 2698 τά
441 2647 632 2718 ἡμίσεα
661 2641 771 2712 ἴσα,
793 2649 884 2696 καὶ
948 2645 1010 2697 τά
1060 2643 1154 2695 ὂλα
1203 2641 1295 2696 ἶσά
1347 2642 1481 2710 ἐστι,
1537 2645 1670 2696 κατά
1729 2648 1816 2696 τὸν

222 2735 377 2787 αὐτὸν
402 2734 570 2806 λόγον·
601 2733 688 2796 Ὠς
716 2732 818 2806 ἆρα
838 2737 896 2785 τὸ
922 2741 962 2786 Υ
988 2736 1119 2804 πρὸς
1147 2737 1202 2784 τὸ
1262 2739 1307 2787 Α
1359 2738 1449 2784 καὶ
1505 2736 1563 2784 τὸ
1617 2739 1654 2786 Ε
1691 2736 1818 2803 πρὸς

217 2827 276 2876 16
306 2831 348 2877 Α
377 2832 478 2876 τῶν
519 2825 622 2898 γὰρ
671 2823 920 2895 ἑκατέρων
971 2825 1177 2896 κέντρον
1224 2825 1282 2873 τὸ
1337 2827 1377 2873 Α
1446 2824 1515 2882 ὡς
1571 2827 1661 2874 καὶ
1717 2831 1816 2875 τῶν

185 3025 516 3074 metrorum
545 3016 748 3074 circuli
778 3017 822 3083 Ο
852 3019 917 3086 Η,
942 3021 1080 3074 sunt
1113 3019 1154 3071 D
1187 3018 1226 3070 Β
1253 3017 1296 3071 U
1323 3017 1367 3082 Ο
1403 3016 1423 3069 Ι
1451 3021 1498 3070 Α
1531 3034 1544 3084 ;
1577 3021 1634 3071 et
1662 3017 1723 3071 in
1751 3016 1843 3071 his

1975 527 2156 582 τοῖςΝ
2187 529 2284 578 ΑΕ
2341 531 2398 579 Α·
2457 529 2662 599 κέντρον
2711 527 2880 575 κοινὸν
2938 523 3036 598 γάρ
3081 527 3142 575 1'6
3209 529 3270 578 A.
3317 523 3331 540 ⁸
3383 532 3426 578 Η
3475 524 3577 599 ἆρα

1979 615 2075 662 ΓΥ
2105 607 2382 687 διάμετρος
2404 621 2493 666 τοῦ
2522 619 2574 666 Μ
2607 619 2648 665 Η
2685 612 2876 664 κύκλου
2896 615 2988 670 ἴση
3032 611 3143 664 ἐστὶ
3194 621 3255 684 τῇ
3303 619 3343 666 Ε
3392 621 3438 666 Ν
3476 613 3576 666 αύ-

1977 705 2070 748 τού
2109 696 2390 776 διαμέτρῳ.
2452 701 2518 754 ὧν
2569 702 2671 774 γάρ
2728 701 2794 754 τά
2831 705 3028 773 ἡμίσεα
3080 699 3190 771 ἶσα,
3240 707 3330 753 καὶ
3377 705 3442 754 τά
3483 703 3576 755 ὃλα

1980 789 2072 838 ἰσά
2098 788 2252 841 ἐστιν·
2286 793 2427 844 Ἐπεὶ
2454 799 2576 862 γοῦν
2605 793 2635 849 ἡ
2697 795 2736 842 Γ
2776 797 2817 843 Υ
2875 793 2968 847 ἴση
3024 789 3136 842 ἐστὶ
3181 791 3245 862 κῇ
3298 797 3337 843 Ε
3381 799 3426 844 Ν
3483 798 3573 844 καὶ

1979 879 3001 951 ἡΑΒτῇΝΧκαὶηΡΙτῇΒΦκαὶ
3051 881 3078 936 ἱ)
3143 885 3188 932 Ψ
3241 886 3287 931 Ν
3341 887 3403 952 τῇ
3459 887 3480 933 Ι
3540 886 3573 932 Δ

1981 967 2131 1023 καὶὴ
2171 969 2767 1040 ΩΝτῇΥΟκαὶήΦ
2829 972 2870 1018 Α
2931 974 2993 1039 τῇ
3054 973 3095 1020 Υ
3144 973 3182 1020 Γ
3233 971 3324 1019 καὶ
3377 968 3570 1026 ἑκάστη

1979 1051 2172 1112 ἑκάστη
2201 1059 2293 1113 ⁴ἴση
2321 1056 2451 1119 ἐστὶ,
2479 1057 2546 1108 τά
2593 1058 2696 1128 γάρ
2724 1061 2796 1125 τῷ
2842 1055 2984 1126 αύτῴ
3038 1053 3150 1121 ἶσα,
3199 1059 3290 1108 καὶ
3337 1055 3575 1120 ἀλλήλοις

1983 1137 2331 1196 ἶσάέστικαὶ
2373 1147 2422 1196 οἱ
2466 1151 2583 1198 ΠΘ
2627 1152 2660 1206 Σ
2715 1151 2762 1196 Λ
2815 1151 2853 1196 Ζ
2903 1151 2944 1197 Τ
2993 1146 3033 1196 Ξ
3085 1150 3124 1196 Κ
3179 1151 3231 1197 Μ
3281 1151 3324 1198 Η
3369 1146 3570 1213 κύκλοι,

1983 1227 2090 1282 ἶσοι
2109 1232 2260 1283 εἰσιν·
2290 1233 2358 1284 ὧν
2381 1235 2483 1304 ’γάρ
2505 1233 2562 1284 αἰ
2604 1229 2880 1306 διάμετροι
2929 1231 3064 1300 ἶσαι,
3119 1238 3210 1285 καὶ
3271 1240 3438 1286 ταῦτα
3483 1232 3576 1287 ἶσά

1981 1316 2140 1370 ἐστιν·
2175 1323 2225 1372 οἴ
2252 1320 2356 1393 ἆρα
2383 1320 2563 1373 κύκλοι
2593 1324 2776 1381 πάντες
2799 1318 2904 1373 ἴσοί
2943 1321 3064 1388 εἰσι,
3125 1327 3216 1373 καὶ
3261 1325 3321 1374 τὸ
3373 1322 3428 1374 ἐκ
3473 1332 3574 1375 τῶν

1983 1403 2272 1481 διαμέτρων
2325 1417 2493 1461 αυτῶν
2552 1414 2870 1471 πνεστακός
2923 1413 3172 1483 τρίγωνον
3220 1407 3334 1464 ἶσόν
3411 1410 3574 1470 ἔστιν.

1979 1495 2037 1548 Ἡ
2087 1503 2210 1567 γοῦν
2255 1503 2294 1550 Α
2346 1503 2384 1549 Β
2432 1494 2714 1572 διάμετρος
2752 1506 2845 1549 τοῦ
2902 1505 2942 1550 [Ι
2994 1504 3040 1550 Θ
3087 1498 3280 1550 κύκλου
3336 1505 3430 1558 τὴν
3478 1502 3571 1559 ἴση

1979 1587 2144 1657 ταύτῃ
2187 1582 2466 1658 διάμέτρον
2518 1592 2559 1639 Α
2615 1592 2654 1638 Φ
2710 1594 2804 1637 τοῦ
2849 1593 2886 1638 Ζ
2929 1591 2972 1638 Κ
3019 1585 3212 1638 κύκλου
3258 1588 3576 1662 προσλαϐἐτε

1978 1673 2222 1746 πλευράν,
2255 1679 2343 1726 καὶ
2369 1678 2502 1732 αὕτη
2521 1679 2611 1734 τὴς
2655 1680 2694 1727 Φ
2753 1680 2791 1725 Β
2841 1671 3122 1748 διάμετρον
3170 1683 3263 1726 τοῦ
3313 1683 3353 1727 Ζ
3404 1678 3443 1731 Τ
3483 1679 3576 1728 κύ-

1978 1761 2102 1814 κλου
2128 1762 2371 1834 πλευράν,
2398 1768 2489 1816 καὶ.
2519 1767 2768 1820 συστήτω
2791 1765 2850 1814 τὸ
2881 1769 2920 1814 Δ
2952 1769 2989 1814 Β
3043 1769 3081 1816 Φ
3134 1767 3400 1835 τρίγωνον.
3457 1765 3577 1816 Ἐπι

1977 1856 2148 1903 τοίνυν
2180 1849 2293 1904 ἷσαί
2355 1852 2485 1904 εἰσιν
2529 1855 2584 1904 αἴ
2642 1849 2935 1924 διάμετροι,
3001 1854 3074 1914 ὡς
3126 1849 3372 1924 ἐδείχθη,
3430 1851 3574 1905 ἀνοι-

1976 1943 2176 2008 γκαίως
2202 1944 2291 1991 καὶ
2342 1943 2400 1990 16
2441 1938 2497 1991 ἐκ
2554 1942 2750 1992 τούτων
2805 1943 3122 2000 cuna-161116;
3175 1944 3448 2014 τρίγωνον,
3490 1944 3576 1994 ἰσό

1976 2025 2192 2098 πλευρόν
2221 2032 2336 2080 εστι
2365 2047 2456 2079 και
2487 2027 2778 2100 ἰσογώνιον,
2806 2032 2864 2080 16
2913 2027 3017 2102 ἄρα
3067 2030 3114 2082 Α
3160 2034 3199 2080 Β
3246 2035 3284 2082 Φ
3327 2033 3575 2102 τρίγωνον

1979 2111 2092 2167 ἶσόν
2147 2119 2307 2187 ἐστιν,
2367 2113 2547 2174 ἐπειδή
2603 2115 2905 2188 ἰσόπλευρόν
2956 2120 3069 2168 ἐστι
3118 2135 3209 2168 και
3282 2117 3570 2188 ἰσογώνιον.

1979 2205 2044 2256 Αἱ
2099 2203 2202 2276 ἄρα
2248 2213 2340 2256 τού
2391 2203 2583 2257 κύκλου
2637 2201 2913 2277 διάμετροι
2961 2209 3019 2256 ἐκ
3059 2213 3150 2256 τοῦ
3203 2210 3414 2280 κέντρου
3484 2225 3576 2257 και

1979 2297 2138 2354 μέσου
2160 2295 2382 2366 ἠγμέναι
2427 2291 2518 2346 ἶσα
2581 2301 2796 2348 ποιοῦσι
2851 2298 3130 2365 σχήματα,
3190 2290 3373 2352 ἐπειδὴ
3429 2299 3577 2347 πᾶσα

1979 2382 2140 2434 αὐτοῦ
2167 2379 2443 2456 διάμετρος
2483 2385 2571 2440 ἴση
2613 2381 2744 2448 ἐστὶ,
2775 2379 2870 2434 διὰ
2914 2390 3066 2436 τοῦτο
3117 2388 3208 2434 καὶ
3257 2389 3361 2435 πᾶν
3413 2382 3576 2435 αύτού

1977 2475 2132 2544 μέρος
2158 2475 2284 2544 πρὸς
2321 2475 2379 2524 τὸ
2437 2476 2640 2544 κέντρον
2693 2467 2804 2523 ἶσον
2850 2476 2956 2531 τοῖς
3006 2470 3182 2531 α’λλοις
3245 2470 3406 2522 αὐτοῦ
3463 2469 3578 2523 ἔστι

1976 2563 2178 2632 μέρεσι,
2208 2561 2379 2621 καθώς
2405 2556 2724 2630 ἀπιδιίχθη.
2751 2558 2914 2611 Τοῦτο
2960 2556 3020 2611 δέ
3071 2559 3168 2612 οὐκ
3215 2558 3303 2611 ἐπὶ
3347 2561 3437 2611 τοῦ
3461 2577 3579 2632 τρι-

1975 2649 2240 2717 γώνου,αἱ
2270 2651 2372 2720 γὰρ
2398 2651 2586 2700 τούτου
2630 2646 2850 2719 πλευραὶ
2901 2646 2995 2698 οὐκ
3049 2641 3162 2698 ἴσον
3215 2654 3432 2700 ποιοῦσι
3486 2655 3580 2708 τῆς

1980 2735 2140 2788 αύτού
2180 2732 2465 2808 διαμέτρου
2525 2741 2616 2788 και
2667 2737 2886 2788 καθέτου
2943 2735 3128 2788 κύκλον
3203 2736 3234 2794 ᾖ
3301 2739 3575 2808 τρίγωνον·

1976 2831 2069 2876 τού
2098 2828 2196 2898 γὰρ
2223 2825 2412 2877 κύκλου
2439 2827 2468 2884 ἡ
2503 2821 2779 2897 διάμετρος
2837 2829 3012 2898 τρίτον
3073 2823 3187 2876 ἐστὶ
3241 2832 3338 2886 τῆς
3391 2827 3579 2877 τούτου

1950 3017 2226 3090 aequalia,
2268 3023 2324 3074 et
2356 3021 2481 3073 tota
2499 3016 2634 3088 ipsa
2658 3016 3396 3088 suntaqualia.Quoniam
3425 3016 3604 3092 igitur

185 3111 328 3162 sunt
350 3112 558 3162 contra
587 3105 948 3162 circulorum
977 3108 1024 3161 Μ
1056 3107 1096 3160 G
1127 3107 1161 3161 S
1195 3107 1232 3159 L
1255 3106 1297 3160 Ο
1328 3104 1378 3158 Κ
1409 3105 1450 3158 F
1476 3106 1541 3174 Τ,
1572 3110 1843 3160 centrum
1882 3123 1921 3178 ρ
1951 3108 2248 3162 diametur
2273 3108 2314 3162 C
2347 3107 2388 3160 U
2423 3111 2512 3160 est
2548 3103 2798 3176 aequalis
2822 3104 3116 3160 diametro
3149 3107 3188 3159 E
3217 3107 3282 3174 N,
3313 3104 3605 3160 diameter

186 3201 390 3251 autem
413 3201 501 3250 est
533 3195 800 3250 medium
831 3194 1035 3250 circuli
1066 3193 1144 3248 ad
1165 3193 1332 3265 quod
1362 3192 1556 3248 ducta
1579 3209 1791 3249 omnes
1810 3209 1847 3249 a

188 3283 671 3340 circumferentia
697 3283 870 3338 linea
896 3288 1035 3338 sunt
1063 3282 1215 3337 inter
1277 3297 1339 3337 se
1383 3281 1647 3354 aquales
1697 3299 1710 3336 :
1783 3287 1849 3338 ut

187 3374 370 3444 igitur
391 3376 434 3428 N
459 3389 520 3428 se
549 3373 733 3428 habet
760 3371 839 3427 ad
864 3375 920 3442 Β,
953 3371 1038 3427 ita
1067 3371 1248 3426 etiam
1279 3372 1318 3425 Y
1347 3387 1407 3425 se
1439 3369 1619 3426 habet
1649 3371 1726 3426 ad
1759 3373 1798 3426 Β
1831 3386 1844 3426 :

189 3464 504 3536 utriusque
535 3464 694 3518 enim
721 3473 990 3518 centrum
1030 3467 1121 3516 est
1149 3462 1210 3527 B,
1247 3467 1309 3515 ut
1337 3460 1516 3516 etiam
1570 3461 1848 3516 termino-

189 3568 332 3607 rum
356 3557 404 3606 A
436 3555 494 3621 Β,
521 3557 793 3607 centrum
815 3555 901 3605 est
924 3553 988 3604 N.
1013 3549 1189 3620 Atqui
1209 3551 1254 3604 R
1273 3551 1330 3615 Β,
1367 3550 1453 3618 ΙΒ,
1478 3555 1612 3603 sunt
1650 3565 1852 3620 aqua-

187 3641 275 3696 lia
294 3640 443 3712 ipsis
472 3643 514 3696 N
544 3643 602 3707 Β,
635 3642 677 3695 Υ
713 3642 771 3696 Β.
807 3641 958 3694 Nam
982 3638 1025 3689 Β
1052 3644 1324 3692 centrum
1368 3642 1454 3692 est
1503 3653 1846 3705 commune,

189 3730 492 3785 Diameter
519 3745 662 3800 ergo
691 3731 734 3784 Β
761 3729 802 3795 Ι,
837 3727 1042 3783 circuli
1075 3728 1110 3782 S
1135 3729 1192 3786 L,
1227 3732 1319 3782 est
1343 3726 1593 3798 aqualis
1624 3727 1849 3782 diame-

185 3824 280 3875 tro
337 3819 378 3874 Y
425 3821 492 3888 Ν,
552 3819 820 3883 Quorum
877 3816 1039 3871 enim
1093 3815 1359 3870 dimidia
1440 3821 1638 3886 partes
1709 3822 1850 3871 sunt

182 3906 476 3978 aquales,
509 3907 642 3978 ipsa
673 3910 794 3960 tota
825 3910 964 3960 sunt
985 3903 1264 3976 aqualia.
1295 3905 1598 3959 Exeadem
1621 3905 1849 3960 ratione

184 4000 342 4050 utse
367 3994 612 4050 habetN
659 3993 736 4049 ad
793 3997 834 4062 ἰ,
882 3993 964 4048 ita
1007 3993 1187 4048 etiam
1241 3995 1276 4046 Ζ
1339 3991 1416 4048 ad
1474 3993 1494 4044 Ι
1543 3992 1849 4063 utriusque

186 4084 354 4140 enim
384 4087 654 4139 centrum
693 4087 784 4137 est
813 4085 852 4136 l.
879 4085 1006 4137 Non
1039 4097 1212 4136 secus
1235 4087 1414 4153 atque
1451 4081 1843 4136 terminorum

189 4175 238 4239 Ο
267 4176 284 4227 1
314 4177 588 4228 centrum
617 4176 708 4227 est
733 4173 797 4227 N.
827 4170 1005 4242 Atqui
1050 4171 1093 4223 Β
1150 4170 1171 4223 Ι
1217 4173 1254 4224 Χ
1310 4170 1332 4224 Ι
1387 4169 1646 4241 aqualia
1712 4175 1851 4225 sunt

187 4261 307 4317 illis
334 4263 376 4315 N
409 4261 429 4314 l
460 4263 496 4315 Ζ
527 4262 548 4314 l
583 4276 596 4326 ;
625 4274 760 4315 nam
790 4261 1144 4314 Icommune
1164 4264 1428 4313 centrum
1442 4261 1548 4313 est.
1569 4257 1852 4313 Diameter

191 4365 341 4418 ergo
371 4352 411 4404 Β
451 4351 512 4419 Χ,
542 4347 744 4404 circuli
776 4349 814 4402 F
842 4349 903 4416 T,
933 4347 1184 4419 aqualis
1222 4352 1311 4401 est
1355 4347 1648 4402 diametro
1685 4354 1725 4399 Z
1783 4350 1849 4405 Ν.

1952 3195 2133 3250 etiam
2159 3200 2205 3246 A
2238 3197 2274 3248 Β
2295 3194 2404 3248 erit
2431 3192 2679 3265 aqualis
2707 3192 3002 3248 diametro
3026 3194 3071 3247 N
3097 3195 3162 3262 Y,
3189 3198 3245 3247 et
3287 3195 3330 3248 Β
3402 3197 3422 3247 ι
3469 3192 3603 3249 dia-

1954 3289 2140 3339 meter
2167 3281 2416 3354 aqualis
2470 3281 2767 3336 diametro
2823 3284 2861 3334 Β
2911 3283 2971 3347 Χ,
3018 3285 3075 3336 et
3125 3280 3416 3337 diameter
3469 3282 3510 3333 Z
3558 3284 3602 3337 N

1955 3371 2203 3443 aqualis
2222 3371 2565 3428 diametrol
2605 3370 2673 3438 Ο,
2714 3374 2771 3425 et
2797 3368 3086 3425 diameter
3119 3371 3201 3424 FF
3250 3372 3294 3426 Ν
3353 3369 3604 3442 aqualis

1955 3461 2248 3516 diametro
2277 3460 2320 3515 U
2344 3460 2387 3512 D
2419 3477 2433 3526 ;
2461 3465 2518 3514 et
2536 3458 2886 3513 diameterx
2922 3463 2960 3512 Α
3000 3457 3250 3528 aqualis
3309 3457 3604 3514 diametro

1957 3552 2000 3606 U
2032 3550 2070 3605 C
2092 3568 2106 3618 ;
2130 3549 2392 3620 denique
2411 3547 2662 3616 singulae
2682 3545 2931 3617 singulis
2965 3552 3105 3602 sunt
3131 3546 3396 3618 aquales
3420 3565 3434 3615 ;
3459 3562 3604 3602 nam

1957 3654 2094 3710 qua
2131 3637 2327 3693 eidem
2361 3643 2498 3692 sunt
2523 3634 2893 3707 aqualiailla
2911 3635 3064 3690 inter
3079 3652 3141 3690 se
3171 3639 3313 3691 sunt
3325 3635 3605 3707 aqualia.

1955 3728 2094 3792 EtQ
2137 3724 2664 3783 HSLFTOKM
2722 3725 2762 3780 G
2820 3729 2962 3780 sunt
2999 3723 3279 3794 aequales,
3338 3722 3604 3794 circuli;

1954 3832 2098 3872 nam
2119 3815 2350 3884 ﬁgura,
2378 3829 2640 3886 quarum
2669 3813 2945 3868 diametri
2973 3817 3112 3868 sunt
3138 3812 3426 3884 aquales,
3456 3813 3608 3885 ipsa

1953 3905 2106 3960 inter
2123 3920 2184 3960 se
2218 3909 2358 3959 sunt
2389 3901 2653 3973 aquales
2696 3920 2710 3969 ;
2743 3907 2800 3957 et
2826 3901 2992 3972 quod
3011 3917 3084 3956 ex
3113 3901 3259 3972 ipsis
3303 3900 3609 3958 diametris

1954 3992 2332 4050 constituitur
2362 3989 2728 4059 triangulum
2751 3989 2982 4062 aquale
3013 3995 3120 4045 est.
3145 3989 3440 4046 Diameter
3463 4003 3606 4060 ergo

1955 4086 2002 4134 A
2041 4083 2104 4148 Β,
2137 4079 2342 4136 circuli
2373 4081 2414 4135 G
2436 4079 2486 4133 Η
2504 4083 2770 4134 assumat
2787 4077 3078 4150 aqualem
3099 4077 3213 4133 sibi
3251 4077 3608 4138 diametrum

1956 4175 2006 4224 A
2040 4171 2078 4224 Χ
2112 4167 2313 4224 circuli
2348 4168 2390 4224 Ο
2412 4167 2504 4234 Κ;
2533 4171 2590 4222 et
2607 4167 2740 4237 ipsa
2771 4171 3042 4222 assumat
3064 4165 3428 4222 diametrum
3459 4165 3518 4219 Χ
3564 4165 3609 4217 Β

1958 4257 2220 4315 circuliF
2244 4259 2302 4312 T.
2345 4257 2628 4328 Fiantque
2673 4254 2862 4310 latera
2905 4259 2964 4311 et
3007 4254 3402 4312 constituatur
3428 4254 3609 4311 trian-

1959 4347 2167 4418 gulum
2194 4351 2241 4402 Α
2276 4351 2316 4404 C
2335 4349 2398 4404 Χ.
2423 4344 2719 4411 Quoniam
2733 4343 2917 4414 igitur
2931 4343 3198 4416 aquales
3222 4349 3359 4400 sunt
3383 4343 3610 4400 diame-

195 4441 467 4505 Quorum
491 4437 652 4494 enim
672 4436 940 4492 dimidia
963 4441 1160 4508 partes
1192 4434 1626 4507 suntaquales,
1653 4443 1708 4492 et
1728 4440 1853 4492 tota
1885 4463 1929 4515 D
1959 4437 2050 4508 tri,
2065 4442 2130 4493 ut
2145 4436 2619 4491 demonstratum
2649 4437 2760 4502 est,
2788 4433 3132 4490 necessario
3151 4432 3514 4503 triangulum
3537 4448 3612 4489 ex

190 4527 330 4599 ipsa
350 4525 777 4598 suntaqualia.
805 4524 1017 4580 Eodem
1048 4523 1226 4580 modo
1249 4530 1311 4578 ut
1327 4527 1366 4578 Ν
1391 4540 1453 4578 se
1475 4524 1659 4580 habet
1679 4525 1758 4580 ad
1783 4527 1848 4592 U,

192 4617 282 4672 ita
303 4617 482 4672 etiam
503 4616 584 4671 FF
611 4615 689 4670 ad
715 4616 785 4681 U;
810 4613 1118 4686 utriusque
1132 4612 1293 4668 enim
1325 4613 1557 4668 termini
1579 4618 1851 4669 centrum

194 4709 287 4760 est
317 4707 384 4774 U,
412 4709 476 4760 ut
503 4707 547 4760 Ν
582 4723 594 4762 :
630 4709 898 4759 centrum
927 4707 1017 4756 est
1042 4703 1433 4757 terminorum
1465 4703 1508 4757 U
1561 4705 1621 4757 Ι).
1673 4701 1852 4774 Atqui

189 4799 242 4848 Α
274 4795 318 4848 U
351 4795 392 4847 X
425 4795 467 4847 U
491 4798 628 4847 sunt
653 4789 911 4864 aqualia
931 4789 1055 4844 istis
1087 4792 1131 4844 N
1167 4791 1207 4845 U
1263 4791 1306 4845 U
1353 4791 1453 4845 FF.
1503 4793 1654 4846 Nam
1712 4805 1851 4844 cen-

190 4887 354 4938 trum
395 4896 718 4938 commune
749 4885 836 4935 est
863 4881 927 4935 U.
964 4879 1260 4935 Diameter
1292 4894 1434 4947 ergo
1473 4881 1519 4932 A
1558 4879 1601 4935 X
1649 4878 1852 4935 circuli

189 4972 237 5028 O
262 4973 307 5025 K
335 4969 589 5042 aqualis
620 4975 708 5025 est
733 4969 1026 5024 diametro
1055 4967 1250 5039 ipsius
1311 4969 1390 5022 FF
1447 4970 1512 5022 Ν.
1583 4969 1852 5032 Quorum

186 5061 350 5116 enim
375 5058 629 5114 dimidia
663 5063 800 5113 sunt
813 5056 1092 5128 aqualia,
1111 5061 1234 5112 tota
1255 5055 1387 5127 ipsa
1412 5061 1550 5112 sunt
1573 5055 1848 5128 aqualia,

184 5151 274 5204 Ex
294 5147 510 5204 eadem
533 5147 765 5203 ratione
799 5153 866 5200 ut
897 5161 961 5200 se
989 5143 1174 5200 habet
1203 5148 1244 5200 Ν
1287 5144 1364 5199 ad
1405 5148 1474 5214 A,
1503 5146 1586 5200 ita
1607 5145 1783 5200 etiam
1811 5146 1852 5200 E

185 5237 267 5296 ad
301 5242 346 5291 A
369 5257 386 5310 ;
413 5238 722 5310 utriusque
743 5237 898 5291 enim
925 5241 1191 5290 centrum
1213 5240 1301 5289 est
1329 5242 1396 5289 A.
1423 5237 1550 5291 bon
1568 5251 1737 5291 secus
1769 5241 1850 5292 at-

187 5341 308 5398 que
325 5326 718 5382 terminorum
739 5327 774 5378 Β
806 5327 870 5394 Α,
900 5326 1167 5379 centrum
1194 5328 1281 5379 est
1308 5326 1372 5378 Ν.
1390 5325 1567 5394 Atqui
1587 5326 1626 5380 C
1649 5327 1696 5378 A
1726 5327 1849 5395 UA,

193 5415 454 5488 aqualia
480 5414 761 5470 suntistis
791 5417 832 5469 Ν
859 5417 902 5467 Α
936 5414 977 5468 U
1008 5417 1082 5479 A;
1103 5427 1238 5467 nam
1255 5417 1518 5468 centrum
1543 5429 1852 5469 commune

198 5511 293 5562 est
319 5506 388 5559 A.
430 5503 728 5560 Diameter
753 5517 895 5572 ergo
927 5501 966 5556 C
995 5503 1061 5568 U,
1095 5501 1297 5556 circuli
1319 5503 1368 5558 Μ
1399 5503 1458 5572 C,
1486 5502 1736 5575 aqualis
1767 5507 1853 5556 est

199 5595 404 5668 ipsius
445 5591 743 5648 diametro
775 5596 812 5646 Ε
840 5593 884 5647 Ν
919 5607 935 5656 ;
965 5605 1225 5662 quorum
1265 5591 1427 5647 enim
1450 5591 1700 5647 dimidia
1713 5585 1852 5647 sunt

1959 4527 2050 4580 his
2080 4524 2469 4582 constitutum
2506 4527 2594 4578 est
2615 4520 3029 4594 aquilaterum
3055 4520 3610 4594 etaquiangulum.

1960 4613 2242 4670 Diametri
2275 4627 2418 4682 ergo
2445 4627 2520 4670 ax
2539 4616 2741 4666 centro
2778 4626 2852 4667 ex
2902 4610 3104 4667 medio
3129 4611 3324 4666 ducta
3347 4609 3612 4680 aquales

1959 4703 2328 4759 constituunt
2354 4701 2603 4771 ﬁguras,
2638 4699 3137 4772 quandoquidem
3175 4699 3373 4756 omnis
3409 4697 3612 4753 circuli

1959 4792 2242 4847 diameter
2262 4797 2348 4846 est
2378 4788 2890 4862 aqualis;idcirco
2901 4787 3152 4860 quilibet
3167 4787 3360 4858 ipsius
3383 4801 3524 4856 pars
3550 4785 3612 4840 in

1959 4887 2227 4935 centrum
2260 4892 2621 4934 concurrens
2644 4877 2891 4947 reliquis
2917 4875 3191 4947 partibus
3213 4879 3303 4930 est
3337 4871 3609 4946 aqualis,

1960 4974 2024 5023 ut
2055 4983 2240 5038 supra
2260 4967 2739 5022 demonstratum
2766 4970 2878 5019 est.
2911 4968 2982 5020 At
3041 4962 3159 5019 hoc
3212 4966 3276 5019 in
3313 4961 3614 5033 triangula

1957 5056 2160 5112 locum
2191 5070 2314 5111 non
2334 5054 2520 5110 habet
2552 5069 2566 5120 ;
2596 5068 2740 5108 nam
2760 5051 2949 5124 ipsius
2969 5051 3156 5108 latera
3185 5067 3310 5108 non
3350 5049 3617 5108 efﬁciunt

1959 5144 2270 5211 circulum,
2320 5149 2425 5199 aut
2475 5139 2841 5211 triangulum
2888 5139 3121 5213 aquale
3166 5141 3466 5212 triangula
3512 5145 3618 5198 aut

1959 5233 2179 5289 circulo
2208 5233 2312 5306 qui
2364 5247 2436 5286 ex
2488 5230 2675 5301 ipsius
2731 5228 3024 5286 diametro
3076 5230 3406 5301 conﬁcitur,
3469 5245 3616 5286 nam

1958 5322 2250 5378 diameter
2287 5318 2493 5376 circuli
2515 5323 2568 5373 et
2591 5317 2762 5373 tertia
2787 5332 2928 5388 pars
2984 5317 3407 5374 circumducta
3445 5315 3617 5372 linea

1958 5427 2146 5484 quam
2187 5411 2235 5466 si
2259 5410 2394 5483 quis
2415 5412 2684 5465 assumat
2705 5412 2763 5462 et
2786 5407 3090 5476 adhibeat,
3116 5406 3619 5464 utsecetcircum-

1961 5500 2268 5580 ferentiam
2293 5497 2516 5567 circuli,
2543 5503 2658 5554 tres
2692 5496 2954 5570 aequales
2967 5496 3464 5554 diametrolineas
3493 5493 3620 5554 eiii.

1966 5590 2099 5664 ciet;
2130 5606 2314 5664 quam
2347 5588 2594 5662 quidem
2616 5586 2806 5645 lineas
2823 5586 2872 5642 si
2890 5586 3028 5659 quis
3057 5592 3122 5644 ut
3171 5585 3360 5642 latera
3403 5587 3618 5655 ponat,
