4066 6212
542 268 675 330 1383

2062 267 2295 327 ADDEN
2302 270 2389 327 DA
2401 312 2415 327 .

3757 292 3863 353 138'

566 398 909 472 περιφερείας,
944 394 1004 453 ἣν
1061 413 1141 457 τις
1191 391 1235 446 εἰ
1271 390 1400 466 λάϐῃ
1460 394 1550 445 καὶ
1610 399 1672 465 τῇ
1734 388 1997 468 διαμέτρῳ
2055 394 2157 456 θεὶς
2213 398 2260 452 Α
2321 416 2424 468 τος,
2446 405 2598 454 τοῦΑ
2667 410 2702 456 Β
2760 409 2799 456 Γ
2842 407 3121 476 τριγώνου,
3168 400 3441 480 διάμετρος
3500 403 3553 460 δὲ
3605 417 3681 463 τοῦ
3725 420 3761 467 η
3807 423 3833 470 Σ

567 494 726 560 τεμεῖ,
783 492 915 561 τρεῖς
968 484 1088 544 ἴσας
1153 484 1313 555 ταύτῃ
1384 486 1595 541 ποιήσει
1652 480 1708 542 ἆς
1775 484 1879 545 θεὶς
1934 481 2160 556 πλευρὰς

571 576 839 648 ἰσογώνιον
898 578 987 625 καὶ
1045 570 1375 645 ἰσόπλευρον,
1411 576 1619 630 ποιήσει
1666 576 1934 645 τρίγωνον,
2000 572 2044 624 εἰ
2101 568 2161 625 δὶ

567 670 701 739 τρεῖς
785 661 1101 735 διαμέτρους
1164 659 1437 727 κυκλώσει,
1490 666 1663 736 τρίτον
1718 658 1775 713 δὲ
1850 665 2159 735 περιμέτρου

570 756 720 813 θήσει
760 749 1058 825 διάμετρον,
1110 751 1137 803 6
1197 750 1354 814 αὐτὸς
1400 756 1489 803 και
1540 750 1692 804 πάλιν
1748 750 1937 813 κύκλος
2007 755 2161 824 γενή-

569 862 734 899 σεται.

636 948 690 1005 ι’.
730 947 853 1021 Οὐχ
878 947 1038 1009 οὕτως
1069 943 1128 999 δί
1167 944 1251 999 ἐπὶ
1298 953 1392 999 τοῦ
1421 952 1696 1021 τριγώνου·
1738 946 1798 1000 οὐ
1827 948 1929 1021 γὰρ
1960 948 2018 999 τό
2052 949 2164 1020 τρί-

565 1058 652 1093 τον
680 1046 771 1101 τςῆ
805 1037 964 1091 αὐτοῦ
1002 1039 1312 1111 περιμέτρου
1352 1036 1381 1095 ἦ
1443 1038 1660 1089 καθέτου
1726 1043 1838 1089 ἴσον
1899 1044 1960 1109 τῇ
2006 1036 2166 1089 αὐτοῦ

568 1125 855 1203 διαμέτρῳ,
910 1124 1040 1179 ἀλλὰ
1076 1126 1274 1199 μεῖζον,
1316 1125 1452 1177 ὥστε
1500 1128 1718 1198 μείζονα
1779 1129 1870 1178 καὶ
1922 1124 2168 1178 ἕλοὶττονα

566 1221 657 1270 καὶ
676 1217 860 1269 κύκλον
885 1221 975 1268 καὶ⁹
1004 1219 1252 1290 τρίγωνον
1282 1218 1600 1273 ποιήσουσιν
1641 1215 1697 1267 αἱ
1752 1216 1940 1267 τούτου
2006 1213 2164 1268 πλευ-

564 1310 655 1381 ραί
684 1325 737 1359 τι
765 1310 856 1359 καὶ
888 1307 916 1363 ἡ
962 1300 1245 1378 διάμετρος
1268 1308 1357 1355 καὶ
1387 1305 1416 1363 ἡ
1460 1306 1694 1365 κάθετος·
1738 1307 1850 1356 ἔστι
1899 1300 1958 1357 δί
2012 1312 2166 1357 τοῦτο

564 1405 658 1459 τῆς
718 1394 1046 1460 ἀνισότητος,
1102 1399 1192 1445 καὶ
1230 1397 1350 1468 περὶ
1388 1395 1477 1466 μὲν
1528 1401 1627 1446 τῶν
1686 1393 1848 1446 ἄλλων
1905 1398 2166 1467 τριγώνων

566 1481 743 1546 οὐδεὶς
792 1484 859 1544 εἰς
917 1478 1187 1545 ἀπόδειξιν
1252 1481 1422 1553 λόγος·
1492 1482 1714 1557 ἐναργὴς
1769 1484 1869 1556 γὰρ
1927 1484 1957 1541 ἡ
2057 1483 2166 1551 θεα,

567 1571 672 1626 οἷον
701 1580 793 1626 τοῦ
842 1569 1158 1636 ἰσοσκιλοῦς,
1225 1577 1317 1622 τοῦ
1376 1570 1679 1642 ὁξυγωνίου,
1749 1578 1841 1623 τοῦ
1895 1568 2169 1643 ἀμϐλυγω-

567 1664 759 1735 νίου,ἠ
821 1655 1090 1723 ἀπόδειξις
1149 1655 1208 1711 δί
1260 1664 1533 1732 χρήσιμός
1592 1658 1707 1712 ἐστι
1748 1655 2031 1730 δειχθῆναι
2083 1659 2169 1712 ἐπὶ

566 1759 663 1806 τοῦ
725 1750 1052 1825 ἰσοπλεύρου.
1127 1748 1277 1802 Ἐστι
1334 1744 1393 1800 δέ
1445 1752 1600 1807 αὕτη·
1653 1749 1682 1807 ἠ
1748 1756 1840 1801 τοῦ
1916 1754 2167 1825 τριγώνου

567 1842 765 1913 πλευρὰ
787 1845 877 1893 καὶ
906 1842 936 1898 ἡ
981 1835 1257 1911 διάμετρος
1292 1839 1321 1896 ἡ
1358 1834 1453 1890 διὰ
1507 1845 1600 1890 τοῦ
1658 1842 1869 1911 κέντρου
1935 1842 2026 1889 καὶ
2077 1841 2167 1911 μέ-

568 1951 663 1984 σου
704 1932 900 2002 ἠγμίνη
947 1933 1038 1980 καὶ
1084 1929 1114 1986 ἠ
1163 1930 1393 1996 κάθετος,
1452 1926 1547 1978 οὐκ
1587 1928 1733 1989 ἱσους
1787 1926 2006 1989 κύκλους
2054 1945 2168 1979 ποι-

566 2028 735 2089 οῡσιν,
770 2017 875 2071 ἀλλ’
906 2016 1141 2079 ἀνὶσους,
1175 2014 1282 2067 ἀλλ’
1306 2012 1431 2067 οὐδὲ
1460 2020 1689 2088 τρίγωνα
1746 2012 1838 2067 ἶσα
1882 2023 1954 2086 τῷ
2000 2014 2160 2085 αὐτῷ’

567 2104 653 2161 δεῖ
699 2104 759 2160 δὲ
817 2110 1061 2179 τρίγωνον
1116 2110 1201 2157 καὶ
1255 2104 1443 2157 κύκλον
1508 2113 2037 2179 σχηματογραφῆσαι
2075 2108 2164 2157 καὶ

567 2196 741 2260 δεῖξαι
769 2194 977 2256 ἀνίσους
1004 2193 1226 2256 κύκλους
1252 2198 1369 2256 τοὺς
1400 2192 1455 2245 ἐκ
1494 2201 1589 2255 τῆς
1611 2193 1832 2266 πλευρᾶς
1896 2201 1989 2245 τοῦ
2053 2212 2163 2265 τρι-

563 2296 731 2361 γώνου
767 2289 1066 2359 γινομένους
1089 2289 1178 2337 καὶ
1218 2292 1310 2345 τῆς
1376 2280 1660 2357 διαμέτρου
1728 2289 1817 2336 καὶ
1865 2293 1957 2346 τῆς
2014 2286 2163 2337 καθέο

563 2397 675 2444 του,
705 2382 906 2447 τῷΑΒ
958 2380 995 2426 Γ
1042 2374 1295 2449 τριγώνῳ·
1355 2370 1543 2434 κύκλος
1593 2374 1872 2448 γεγράφθω
1929 2374 1954 2424 ὀ
2014 2379 2064 2426 Μ
2123 2379 2161 2426 Φ

563 2471 755 2538 κέντρῳ
777 2467 837 2516 τὸ
877 2463 925 2518 Κ
963 2468 1053 2515 καὶ
1079 2470 1141 2534 τῇ
1170 2469 1208 2514 Β
1246 2467 1283 2514 Ε
1339 2458 1623 2535 διαμέτρῳ,
1680 2463 1706 2513 6
1764 2469 1811 2516 Χ
1869 2468 1909 2515 Α
1969 2465 2161 2536 κέντρῳ

562 2557 619 2607 τὸ
640 2560 686 2607 Ν
707 2557 796 2605 καὶ
816 2559 877 2624 τῇ
909 2558 952 2604 Η
984 2557 1020 2603 Γ
1049 2552 1269 2621 καθέτῳ,
1288 2550 1325 2617 ⁵ὁ
1360 2555 1401 2601 [Ι
1434 2557 1467 2601 Σ
1497 2554 1688 2625 κέντρῳ
1744 2553 1802 2602 τὸ
1857 2557 1893 2603 P
1959 2551 1989 2607 ἡ
2058 2552 2162 2624 ἄρα

565 2647 606 2695 Α
638 2649 675 2694 Β
725 2640 941 2714 πλευρὰ,
986 2642 1119 2691 ἔστω
1166 2645 1256 2690 τοῦ
1295 2643 1346 2690 Μ
1385 2643 1423 2691 Φ
1487 2633 1783 2711 διάμετρος,
1812 2645 1903 2690 τοῦ
1952 2645 1992 2691 Δ
2058 2644 2094 2690 Β
2124 2643 2163 2690 Γ

564 2735 818 2807 τριγώνου
856 2733 947 2781 καὶ
977 2732 1067 2779 τοῦ
1109 2734 1153 2781 Χ
1185 2733 1221 2779 Γ
1248 2725 1437 2778 κύκλου
1478 2722 1759 2802 διάμετρος
1802 2731 1832 2787 ἡ
1892 2736 1929 2781 Β
1974 2736 2014 2782 Ε
2055 2732 2160 2788 ἤτω

562 2819 778 2893 πλευρὰ,
802 2825 892 2870 τοῦ
931 2823 969 2869 Ε
996 2824 1033 2869 Β
1058 2822 1097 2867 Ζ
1122 2821 1380 2891 τρογώνου
1428 2814 1557 2868 ἀλλὰ
1606 2821 1696 2869 καὶ
1759 2820 1788 2876 ἡ
1844 2825 1884 2871 Η
1933 2825 1972 2870 Γ
2007 2820 2158 2871 κάθε-

2321 486 2534 558 κύκλου,
2574 493 2683 550 ἤτω
2712 491 2907 567 πλευρὰ
2938 500 3029 545 τοῦ
3088 497 3126 544 Γ
3187 498 3229 545 Η
3280 501 3325 546 Θ
3390 500 3643 567 τριγώνου,
3691 507 3766 553 καὶ
3809 506 3830 561 ἠ

2321 584 2412 629 τοῦ
2452 585 2502 632 Μ
2530 579 2780 634 Φκύκλου
2839 578 3134 655 διάμετρος,
3194 580 3383 657 πλευρὰ
3435 579 3493 635 δί
3545 594 3628 638 τοῦ
3671 594 3704 641 Δ
3743 596 3772 641 Β
3809 596 3835 645 Γ

2321 670 2593 741 τριγώνου,
2627 670 2733 729 ἦτω
2792 669 2991 747 πλευρὰ
3037 677 3129 724 τοῦ
3182 676 3222 724 Α
3274 678 3311 725 Β
3356 679 3403 724 Ω.
3450 680 3690 747 τριγώνον.
3730 678 3836 733 Ἐπεὶ

2565 900 3576 1770 λι

2338 881 3839 2439 η

2321 2567 2492 2616 τοίνυν
2522 2565 2551 2623 ἡ
2585 2559 2861 2637 διάμετρος
2889 2567 3059 2637 τρίτον
3099 2560 3208 2616 ἐστι
3252 2558 3368 2625 τῆς
3432 2562 3553 2627 ὅλης
3594 2570 3678 2616 τοῦ
3710 2560 3851 2615 κύκλου

2322 2659 2658 2727 περιφερείας,
2681 2655 2913 2728 ὑπάρχει
2945 2650 3004 2706 δὲ
3043 2654 3071 2711 ἡ
3118 2660 3157 2707 Α
3184 2659 3220 2706 Β
3278 2649 3562 2730 διαμετρος
3607 2662 3689 2706 τοῦ
3743 2659 3784 2705 Μ
3828 2657 3854 2703 Φ

2321 2743 2532 2810 κύκλου,
2565 2748 2655 2797 καὶ
2691 2742 2886 2817 πλευρὰ
2918 2749 3010 2796 τοῦ
3064 2750 3103 2798 Α
3162 2750 3199 2797 Β
3246 2747 3284 2797 Γ
3338 2750 3589 2819 τριγώνου
3638 2746 3715 2795 καὶ
3752 2744 3853 2794 ἔστιν

2323 2831 2376 2895 ἐξ
2428 2831 2653 2904 ἀνάγκης
2718 2838 2809 2886 καὶ
2859 2835 3043 2886 τούτου
3106 2837 3301 2906 τρίτον·
3366 2830 3544 2892 ἐπειδὴ
3621 2835 3665 2885 ἑν
3713 2831 3855 2903 ἑτέραις

534 2916 899 2989 triangulum
930 2913 1142 2971 efficiet
1169 2913 1620 2986 aequiangulum
1652 2918 1709 2971 et
1741 2917 2174 2989 aequilaterum,

2296 2894 2376 2985 ter
2412 2894 2615 2986 autem
2639 2930 2846 2987 circuit
2875 2932 2918 2997 Ο
2950 2931 3006 2999 S,
3040 2930 3113 2987 sit
3137 2894 3309 2988 Ilatus
3364 2930 3635 3002 trianguli
3680 2930 3713 2985 C
3829 2928 3871 2981 H.

534 3008 702 3084 quod
722 3006 771 3062 si
799 3006 903 3079 qui
927 3010 1046 3061 tres
1085 3003 1410 3059 diametros
1446 3002 1503 3058 in
1559 3003 1846 3060 circulum
1887 3011 2178 3078 torqueat.

535 3099 767 3157 tertiam
792 3098 1023 3169 partem
1043 3091 1531 3149 circumferentia
1573 3101 1757 3164 ponat
1803 3093 2005 3150 circuli
2059 3095 2181 3152 dia-

534 3191 812 3256 metrum,
845 3183 1007 3239 idem
1030 3196 1234 3237 rursus
1254 3180 1467 3236 redibit
1506 3180 1779 3237 circulus.

605 3282 657 3333 5.
691 3276 766 3330 At
801 3273 962 3329 idem
999 3271 1112 3326 hoc
1142 3285 1265 3326 non
1314 3268 1494 3325 habet
1516 3269 1715 3326 locum
1764 3271 1825 3326 in
1859 3272 2180 3344 triangulo,

534 3382 678 3422 nam
698 3363 870 3421 tertia
889 3377 1028 3433 pars
1053 3358 1355 3432 perimetri
1380 3364 1484 3415 aut
1522 3358 1680 3417 linea
1738 3364 2185 3434 perpendicula-

533 3454 615 3511 ris
633 3451 864 3526 aequale
888 3447 1249 3519 triangulum
1277 3447 1327 3503 ei
1349 3448 1515 3519 quod
1545 3449 1611 3504 ﬁt
1639 3465 1713 3505 ex
1749 3451 1941 3523 ipsius
1961 3452 2183 3509 diame-

534 3548 624 3601 tro
644 3559 767 3600 non
788 3540 1176 3604 constituunt,
1201 3537 1308 3594 sed
1339 3538 1556 3609 majus.
1577 3541 1770 3605 Quare
1811 3540 2103 3614 majorem
2129 3549 2187 3600 et

534 3632 815 3687 minorem
846 3627 1127 3685 circulum
1163 3625 1447 3698 :itemque
1473 3627 1665 3697 majus
1690 3644 1761 3684 ac
1791 3631 1986 3686 minus
2009 3632 2186 3687 man.

535 3719 741 3790 gulum
755 3717 939 3774 latera
960 3713 1153 3786 ipsius
1169 3712 1445 3784 eﬂlcient,
1462 3714 1717 3787 itemque
1737 3716 2028 3775 diameter
2053 3725 2108 3777 et
2124 3720 2189 3776 li-

532 3823 650 3865 nea
677 3802 1207 3880 perpendicularis.
1234 3804 1334 3858 Est
1371 3808 1573 3859 autem
1603 3804 1717 3861 hoc
1745 3806 2186 3879 inaequalitatis.

528 3901 610 3953 Ac
639 3896 715 3953 de
736 3895 868 3952 aliis
884 3892 1132 3967 quidem
1153 3891 1461 3962 triangulis
1486 3907 1606 3948 non
1633 3898 1725 3950 est
1751 3895 1920 3967 quod
1940 3896 2188 3955 demon-

530 3986 876 4043 strationem
887 3983 1262 4039 instituamus
1278 3997 1290 4047 ;
1309 3985 1507 4053 potest
1522 3982 1681 4039 enim
1693 3983 1994 4041 evidenter
2009 3987 2189 4043 anim-

532 4075 761 4133 adverti
782 4075 842 4131 in
854 4070 1155 4142 triangulo
1167 4085 1402 4126 crurum
1419 4071 1759 4143 aequalium,
1778 4073 1838 4129 in
1855 4081 2188 4147 acutangu-

527 4164 588 4222 lo
607 4163 907 4235 triangula
935 4161 1176 4218 obtuso.
1198 4159 1312 4217 Sed
1335 4175 1533 4231 operas
1554 4162 1811 4233 pretium
1833 4169 1921 4220 est
1939 4165 2191 4224 demon-

530 4258 717 4310 strare
746 4254 808 4308 in
846 4249 1144 4321 triangulo
1174 4248 1780 4322 mqualiumlaterum.
1815 4255 2188 4313 Demonstra-

530 4342 610 4398 tio
635 4344 835 4398 autem
864 4340 926 4396 in
963 4340 1125 4395 hunc
1148 4338 1400 4395 modum
1429 4339 1759 4396 conficitur.
1796 4344 1970 4400 Latus
2008 4344 2189 4402 trian-

530 4430 655 4502 guli
685 4435 743 4487 et
770 4430 1081 4500 diameter,
1131 4444 1267 4501 quae
1320 4444 1427 4499 per
1477 4434 1748 4487 centrum
1796 4448 1867 4489 ac
1919 4434 2187 4493 medium

529 4520 713 4577 ducta
738 4524 845 4588 est,
888 4524 945 4575 et
997 4516 1512 4591 perpendicularis
1568 4518 1726 4577 linea
1763 4536 1886 4578 non
1924 4522 2187 4583 efﬁciunt

530 4609 786 4682 aequales
802 4607 1079 4677 circulos,
1105 4606 1209 4661 sed
1230 4605 1586 4677 inaequales,
1626 4608 1749 4665 imo
1783 4625 1977 4683 neque
2002 4613 2188 4671 trian-

530 4698 673 4771 gula
718 4698 913 4755 eidem
955 4694 1214 4768 aequalia
1252 4692 1507 4749 eiﬁciun.
1553 4698 1792 4768 Oportet
1849 4700 2188 4761 describere

529 4788 809 4860 trianguli
838 4792 895 4845 et
924 4784 1126 4843 circuli
1164 4784 1417 4854 ﬁguram
1464 4800 1535 4841 ac
1568 4787 1878 4844 ostendere
1919 4790 2187 4865 insequa-

526 4877 616 4936 les
642 4894 775 4934 esse
814 4874 1069 4934 circulos
1100 4873 1207 4946 qui
1258 4887 1330 4928 ex
1377 4872 1562 4931 latere
1599 4877 1841 4947 tringuli
1865 4879 2185 4951 [diametro

529 4983 602 5024 ac
629 4966 786 5023 linea
806 4961 1289 5039 perpendiculari
1328 4962 1686 5022 efﬁciuntur.

600 5056 665 5111 ln
690 5054 989 5125 triangulo
1010 5058 1057 5109 Α
1086 5052 1129 5107 Β
1160 5053 1201 5109 C
1230 5051 1489 5108 circulus
1516 5054 1566 5111 Μ
1588 5054 1631 5111 U
1655 5054 2044 5135 describatur,
2084 5064 2182 5121 sit-

527 5161 647 5219 que
677 5148 950 5201 centrum
981 5144 1043 5199 G.
1076 5142 1343 5215 Itemque
1395 5141 1620 5201 circum
1650 5144 2008 5209 diametrum
2080 5156 2117 5209 Β
2144 5158 2181 5210 Ii}

529 5233 785 5293 circulus
814 5236 857 5291 X
889 5235 926 5290 L
951 5232 1204 5290 ducatur
1234 5232 1427 5304 sitque
1477 5239 1747 5294 centrum
1789 5241 2180 5316 NJgItemque

528 5325 755 5383 circum
784 5321 1343 5398 perpendicularem
1372 5320 1596 5380 lineam
1628 5327 1665 5382 63
1693 5328 1753 5396 C,
1784 5329 2043 5389 circulus
2074 5334 2118 5399 Ο
2143 5335 2179 5388 8

528 5416 919 5484 describatur,
951 5413 1145 5487 sitque
1172 5418 1443 5468 centrum
1496 5415 1558 5469 Β.
1613 5416 1788 5473 Latus
1838 5435 1981 5491 ergo
2038 5425 2084 5478 A
2136 5426 2180 5479 Β

530 5506 769 5577 tringuli
788 5510 835 5561 Α
862 5507 901 5559 Β
922 5506 962 5561 C
1000 5504 1076 5559 sit
1111 5500 1404 5557 diameter
1433 5500 1634 5560 circuli
1653 5507 1703 5563 Μ
1730 5507 1773 5565 U
1802 5513 1861 5566 et
1892 5511 2180 5574 diameter

531 5596 573 5650 Β
600 5594 644 5649 Ε
664 5593 868 5652 circuli
896 5596 938 5649 X
963 5592 1006 5647 L
1033 5590 1107 5647 sit
1124 5588 1281 5647 latus
1302 5588 1542 5659 tringuli
1570 5593 1613 5647 E
1679 5596 1720 5651 Β
1777 5599 1838 5655 F.
1888 5601 2181 5669 Prmmrea

532 5682 576 5740 G
603 5684 645 5742 C
679 5677 1191 5758 perpendiculum
1214 5676 1375 5743 linea
1397 5676 1680 5754 trianguli
1703 5686 1751 5746 Α
1776 5684 1822 5744 Β
1850 5690 1906 5765 C,
1957 5693 2180 5762 diame.

2295 3018 2515 3075 Eodem
2545 3019 2727 3076 modo
2758 3018 3051 3077 diameter
3076 3020 3279 3076 circuli
3305 3023 3358 3077 M
3393 3024 3436 3077 U
3463 3037 3594 3093 quae
3618 3018 3797 3075 eadem
3816 3019 3873 3070 est

2289 3108 2445 3165 latus
2475 3107 2754 3178 trianguli
2783 3113 2827 3163 Α
2853 3111 2946 3164 BC
2979 3108 3053 3165 sit
3078 3107 3232 3165 latus
3263 3108 3548 3181 trianguli
3572 3114 3614 3165 Α
3640 3109 3735 3163 ΒΟ.
3763 3108 3872 3171 Quo-

2290 3196 2453 3252 niam
2486 3196 2664 3265 igitur
2711 3196 2999 3252 diameter
3048 3202 3134 3252 est
3186 3196 3360 3254 tertia
3412 3213 3552 3270 pars
3596 3195 3752 3251 totius
3793 3192 3872 3247 cir-

2292 3284 2725 3340 cumcurrentis
2747 3284 2919 3340 lineae
2950 3284 3172 3352 circuli,
3198 3290 3504 3342 estautem
3534 3291 3577 3340 Α
3600 3283 3872 3340 Bdiameter

2293 3372 2495 3429 circuli
2524 3374 2572 3429 Μ
2600 3374 2663 3444 U,
2693 3379 2750 3430 et
2795 3372 2950 3431 latus
2980 3373 3257 3445 trianguli
3288 3376 3342 3428 Α
3367 3374 3411 3427 Β
3441 3375 3511 3442 C;
3565 3378 3646 3430 est
3690 3382 3871 3444 quoque

2770 3602 3347 3980 ,ηυ

2374 3921 3660 4919 ς

2413 4594 3831 5199 βλ

2286 5262 2627 5321 necessario
2641 5262 3072 5323 circumcurren
3081 5265 3150 5323 tis
3166 5265 3338 5324 lineae
3350 5265 3519 5324 tertia
3547 5278 3695 5339 pars.
3717 5260 3859 5325 Ουω·

2286 5346 2615 5423 doquidem
2644 5353 2706 5410 in
2732 5354 2863 5411 aliis
2888 5354 3221 5428 aequalibus
3250 5355 3536 5413 lateribus
3574 5354 3679 5410 hoc
3709 5348 3858 5421 ipsum

2284 5436 2468 5496 habet
2490 5439 2713 5509 locum,
2736 5445 3019 5517 quoniam
3045 5448 3091 5499 A
3110 5447 3149 5501 Β
3201 5447 3241 5504 C
3297 5445 3524 5519 perﬁcit
3558 5433 3857 5519 trianBul‘?‘n

2284 5531 2332 5583 Α
2364 5530 2402 5583 Β
2430 5530 2489 5601 C,
2507 5516 2848 5591 necessario
2865 5540 2911 5591 Α
2941 5535 2984 5589 Β
3006 5516 3470 5594 diameter—latus
3491 5529 3700 5595 aﬂ‘ecta,
3721 5516 3858 5613 mﬂiﬁ'

2283 5631 2414 5675 rem
2441 5616 2733 5681 circulum
2760 5620 3122 5683 constituent
3168 5636 3357 5699 quam
3405 5622 3521 5680 sint
3568 5618 3646 5678 illi

2282 5707 2391 5781 qui
2418 5708 2645 5774 circum
2673 5712 2952 5791 trianguli
2978 5693 3531 5792 pel-pexime
3550 5709 3765 5777 lineam,
3780 5693 3855 5761 aut
