4066 6212
144 285 166 340 1
178 273 284 341 385

1032 273 1389 342 rasonotu
1425 275 1473 339 ll
1509 276 1645 341 IMP.
1685 279 1778 340 DE
1817 282 2276 342 COMMUNIONE
2313 268 2692 342 resonam.

3427 283 3566 342 1386

164 409 314 470 ἴσαις
396 406 561 480 ταύτῃ
609 412 651 461 Α
681 411 719 460 Β
749 410 787 460 Γ
833 403 1110 481 ἀπαρτίζει
1162 411 1220 461 τὸ
1277 412 1528 482 τρίγωνον
1577 416 1622 464 Α
1652 413 1773 478 ΒΓ,
1830 404 1878 461 Α
1939 407 2194 478 λαϐοῦσα,
2253 407 2306 475 ἐξ
2357 408 2588 484 ἀνάγκης
2645 414 2718 481 τῷ
2773 407 2836 462 οὗ
2873 406 3102 484 ῗπλιυρὰ,
3163 406 3276 462 ἶσον
3327 407 3541 468 ἐποίησε

169 493 467 568 ἀναγκαίως
497 497 527 554 ἡ
568 501 658 548 τοῦ
699 500 799 548 ΑΒ
833 501 871 548 Γ
902 499 940 548 Α
979 501 1016 548 Β
1063 492 1346 573 διάμιτρος
1401 498 1608 550 τεθεῖσα
1658 500 1775 570 μεί-

171 588 298 648 ζονα
369 583 556 637 κύκλον
621 588 911 644 συνέστησε
954 593 1062 648 τοῖς
1104 593 1198 639 τού
1245 591 1500 660 τριγώνου
1553 588 1775 640 καθέτου

167 679 260 728 καὶ
320 670 606 748 διαμέτρου
675 677 1162 748 συσταθησομένοις
1232 675 1437 737 κύκλοις
1499 679 1586 728 τὸν
1613 681 1664 729 Μ
1695 681 1734 730 Φ
1758 697 1772 711 ο

166 761 279 816 έπεὶ
347 759 406 817 δέ
435 764 465 822 ἡ
498 767 537 816 Γ
567 769 609 816 Η
638 764 855 826 κάθετος
905 763 998 816 οὐκ
1055 766 1146 823 ἴση
1200 771 1262 837 τῇ
1293 770 1332 818 Α
1365 771 1401 817 Β
1426 764 1624 840 πλευρᾷ
1659 763 1775 818 κατ’

165 851 398 918 ἔλαττον,
451 854 565 904 ἔστι
645 848 704 905 δὲ
767 857 882 906 καὶκ
911 853 1042 912 αὕτη
1101 849 1374 930 διάμετρος
1418 862 1511 907 τοῦ
1547 859 1590 908 Il
1622 861 1656 907 2
1689 855 1778 907 κύ-

165 941 318 1013 κλου,
353 940 642 1014 ἀναγκαίως
691 939 806 995 ἐστὶ
853 945 942 995 καὶ
989 943 1015 994 6
1039 943 1224 1004 κύκλος
1283 944 1343 996 ού
1413 944 1546 1003 αὕτη
1595 939 1777 1018 διάμεο

165 1048 294 1105 τρος
347 1037 389 1084 Π
418 1037 472 1096 Σ,
521 1029 637 1083 κατ’
691 1029 900 1084 ἔλαττον
956 1033 1138 1094 ἄνισος
1186 1039 1256 1104 τῷ
1305 1038 1420 1087 ΜΦ
1479 1033 1670 1106 κύκλῳ,
1715 1033 1776 1087 οὗ

171 1117 450 1197 διάμετρος
507 1121 538 1179 ἠ
591 1125 714 1186 ΑΒ,
789 1125 879 1174 καὶ
951 1125 1021 1175 τὸ
1071 1123 1386 1198 ἄραΓΜΘ
1429 1127 1674 1197 τρίγωνον
1747 1122 1774 1176 ὃ

169 1210 204 1268 ἠ
237 1214 278 1262 Α
310 1211 581 1270 Γκάθετος
664 1214 753 1262 καὶ
834 1206 1132 1285 διάμετρος,
1192 1219 1285 1264 τοῦ
1317 1218 1355 1266 Α
1389 1217 1426 1265 Β
1456 1217 1496 1265 Γ
1519 1217 1773 1287 τριγώνου

171 1302 386 1352 καὶτοῦ
439 1305 484 1352 Π
511 1305 544 1352 Σ
575 1298 789 1368 κύκλου,
846 1299 1041 1374 πλευρὰ
1091 1303 1364 1374 γεναμένη,
1434 1305 1771 1371 συνέστησεν,

172 1389 354 1443 ἄνισόν
392 1387 524 1459 ἔστι,
573 1389 690 1442 κατ’
737 1388 942 1443 ἔλαττον
995 1386 1054 1444 6":
1109 1397 1201 1444 τοῦ
1233 1398 1272 1446 Α
1307 1399 1343 1444 Β
1379 1397 1418 1444 Γ
1468 1399 1722 1468 τριγώνου
1757 1415 1770 1429 ο

172 1481 229 1531 αἱ
283 1481 381 1554 γὰρ
431 1475 647 1552 πλευραὶ
694 1476 1058 1532 ὑποτείνουσαι
1115 1478 1360 1547 ἀλλήλας,
1409 1481 1619 1554 μεὶζους
1659 1482 1776 1535 ἑαυ-

167 1567 258 1625 τὰς
285 1573 377 1626 τῆς
427 1561 710 1640 διαμέτρου
759 1572 849 1620 καὶ
903 1569 1123 1621 καθέτου
1176 1577 1390 1622 ποιοῦσι
1445 1568 1620 1641 πάλιν,
1665 1569 1776 1632 ἐπεὶ

169 1654 201 1713 ἡ
233 1660 385 1708 Βτοῡ
437 1664 483 1711 Α
521 1661 560 1709 Γ
610 1661 868 1732 τριγώνου
919 1658 1012 1710 ούκ
1067 1661 1160 1716 ἴση
1211 1665 1274 1732 τῇ
1336 1659 1522 1712 ἑαυτοῦ
1579 1659 1777 1734 πλευρᾷ

167 1747 207 1794 Β
237 1749 276 1796 Γ
329 1745 471 1797 ἔστιν
563 1745 690 1798 ὅπου
748 1745 809 1798 ἂν
855 1749 1080 1820 περάση,
1145 1747 1189 1800 εἰ
1234 1751 1364 1820 μήτι
1406 1751 1542 1801 κατά
1597 1753 1655 1801 τὸ
1683 1755 1720 1802 Γ
1748 1751 1775 1803 ὃ

169 1828 284 1884 ἔστι
353 1835 513 1906 πέρας
587 1841 682 1896 τῆς
744 1839 780 1887 Β
819 1841 858 1888 Γ
921 1835 1165 1912 πλευρᾶς,
1223 1841 1310 1890 καὶ
1361 1833 1635 1910 γενήσεται
1685 1845 1774 1894 καὶ

170 1920 302 1980 αὕτη
351 1921 567 1998 πλευρὰ,
626 1925 653 1975 ὅ
714 1941 769 1977 τε
827 1929 918 1978 καὶ
969 1933 1058 1978 τού
1115 1933 1211 1988 τῆς
1256 1922 1540 2002 διαμέτρου
1565 1921 1768 2002 ἀποστῇ

171 2005 440 2083 ὀνόματος,
473 2013 672 2079 ἄνισος,
721 2013 834 2065 κατ’
873 2013 1080 2067 ἔλαττόν
1138 2013 1248 2068 ἐστι
1272 2024 1367 2078 τῆς
1397 2023 1432 2068 Β
1471 2024 1504 2070 Σ
1529 2017 1772 2092 πλευρᾶς,

172 2099 405 2174 ὑπάρχει
433 2097 493 2154 δέ
522 2102 552 2159 ἡ
599 2100 727 2161 αύτή
769 2107 860 2155 καὶ
911 2112 1003 2156 τοῦ
1041 2111 1086 2158 Χ
1121 2110 1168 2158 Λ
1219 2105 1410 2158 κύκλου
1471 2102 1774 2181 διάμετρος,

177 2183 474 2260 ἀναγκαίως
524 2195 615 2243 καὶ
663 2192 689 2243 6
753 2198 800 2245 Χ
832 2198 877 2246 Λ
934 2193 1118 2255 κύκλος
1176 2195 1353 2256 ἄνισος
1399 2195 1514 2248 κατ’
1567 2197 1775 2250 ἔλαττόν

179 2275 289 2332 ἔστι
342 2288 414 2352 τῷ
443 2285 496 2332 Μ
525 2285 564 2335 Φ
586 2280 756 2353 κύκλῳ
814 2281 874 2334 οὗ
923 2278 1204 2358 διάμετρος
1229 2286 1258 2344 ἡ
1292 2290 1331 2338 Δ
1365 2291 1402 2338 Β
1425 2306 1437 2318 ο
1466 2286 1497 2344 ἡ
1548 2289 1650 2359 γὰρ
1680 2292 1716 2338 Β
1739 2290 1778 2338 Γ

178 2370 268 2427 ἴση
339 2371 501 2444 ταύτῃ
565 2368 699 2440 έστὶ,
775 2376 866 2424 καὶ
949 2375 1007 2425 τὸ
1070 2375 1173 2447 ἄρα
1205 2379 1363 2428 ΕΒΖ
1406 2379 1653 2450 τρίγωνον
1684 2374 1710 2428 ὃ
1742 2376 1772 2434 ἡ

179 2462 324 2516 κοινή
382 2454 678 2533 διάμετρος,
726 2466 818 2512 τοῦ
859 2467 899 2514 Α
931 2460 976 2514 Β
1007 2466 1045 2514 Γ
1070 2451 1324 2538 τριγώνου
1380 2469 1470 2518 καὶ
1521 2472 1612 2518 τοῦ
1651 2471 1701 2520 Χ
1732 2470 1778 2518 Λ

182 2547 373 2599 κύκλου
443 2547 632 2623 πλευρὰ
687 2553 959 2622 γεναμένη,
1039 2556 1354 2612 συνέστησεν
1411 2553 1591 2607 ἄνισόν
1643 2553 1777 2624 ἐστι,

185 2635 300 2688 κατ’
341 2632 547 2689 ἔλαττον
575 2631 652 2706 δὲ,
681 2646 755 2710 τῷ
787 2644 834 2695 Α
861 2645 899 2692 Β
924 2645 962 2692 Γ
991 2645 1226 2716 τριγώνῳ
1283 2641 1455 2695 ⁹πάλιν
1500 2635 1560 2696 δὲ
1588 2645 1618 2703 ἠ
1663 2640 1779 2697 διοί-

187 2739 368 2799 μετρος
415 2733 504 2778 τοῦ
541 2732 593 2780 Μ
621 2723 834 2798 κύκλου,
873 2721 1072 2788 ’ἐπειδὴ
1127 2735 1214 2783 καὶ
1267 2730 1462 2805 πλευρά
1518 2731 1632 2786 ἔστι
1689 2741 1780 2788 τοῦ

182 2818 281 2872 ΑΒ
312 2819 351 2869 Γ
401 2821 674 2892 τριγώνου,
726 2821 820 2880 τὰς
878 2823 915 2872 Β
945 2825 1052 2874 ΩΑ
1082 2827 1130 2872 Ω
1171 2819 1393 2898 πλευρὰς
1436 2824 1560 2886 ἴσας
1612 2825 1776 2898 ταύτῃ

1937 501 2182 570 τρίγωνον
2225 505 2298 569 τῷ
2369 505 2554 556 ΑΒΩ.
2583 502 2685 551 Καὶ
2729 495 2836 551 imi
2888 501 3060 550 τοίνυν
3114 498 3144 556 ἠ
3189 502 3291 550 ΑΒ
3345 496 3542 571 πλευρά

1937 586 2128 658 μείζων
2156 586 2272 640 ἐστὶ
2315 593 2539 650 τῆς’ΒΓ
2590 586 2723 659 (sic)
2777 582 3063 660 διαμέτρου
3122 589 3212 638 καὶ
3265 586 3397 645 αὕτη
3449 593 3541 648 τῆς

1940 681 1982 728 Η
2014 681 2052 728 Γ
2106 678 2343 745 καθέτου,
2411 675 2661 736 έπίστησι
2735 671 2816 744 δί,
2900 675 2930 734 ἡ
2984 677 3074 748 μὶν
3122 679 3162 729 Α.
3193 679 3230 727 Γ
3281 678 3368 727 τὸν
3397 681 3450 729 Μ
3477 683 3538 745 Φ,

1937 759 2539 834 ἡδὶΒΕτὸνΧΛ,ἠ
2583 760 3056 834 δξηιττὸνιιῖ,
3089 761 3461 836 ἀναγκαίωςΜ
3499 768 3540 817 Φ

1937 855 2129 926 μείζων
2154 853 2266 908 έστὶ
2304 863 2395 908 τοῦ
2430 863 2478 910 Χ
2509 861 2580 925 Λ,
2607 859 2698 908 καὶ
2724 855 2750 907 6
2783 859 2826 907 K
2865 860 2900 906 Δ
2921 860 3014 906 τοῦ
3044 860 3088 907 II
3120 861 3173 920 Σ,
3232 855 3400 914 καθὼς
3449 856 3542 906 καὶ

1937 943 2001 1006 ἃς
2053 943 2434 1021 προσελάϐοντο
2497 947 2688 1017 ἔχουσι
2728 941 3058 1018 διαμέτρους,
3097 947 3188 996 καὶ
3242 944 3310 996 τά
3363 942 3468 1018 ἄρα
3495 947 3538 996 Α

1938 1039 1976 1086 Β
2013 1038 2051 1087 Γ
2080 1041 2118 1088 Ε
2147 1041 2184 1087 Β
2207 1041 2246 1087 Ζ
2277 1041 2314 1088 Γ
2340 1041 2382 1088 Η
2414 1043 2459 1089 Θ
2485 1039 2708 1108 τρίγωνα
2756 1033 2919 1095 οὕτως
2964 1036 3181 1106 ἔχουσιν
3210 1052 3224 1066 ο
3253 1033 3323 1094 ὡς
3369 1035 3471 1107 γὰρ
3511 1033 3540 1084 6

1936 1128 2200 1200 ΜΦπρὸς
2227 1128 2381 1180 τόνΧ
2412 1129 2568 1179 Λκαὶ
2598 1125 2847 1178 τάΑΒΓ
2903 1127 3029 1199 πρὸς
3060 1127 3119 1176 τὸ
3158 1129 3194 1177 Β
3226 1128 3352 1192 ΕΖ,
3383 1125 3450 1185 ὡς
3481 1119 3542 1176 δὲ

1937 1214 2108 1268 ὀΧΛ
2152 1217 2280 1290 πρὸς
2336 1216 2667 1280 τὸνιιΣ,τό
2701 1219 2868 1266 ΒΕΖ
2911 1216 3041 1289 πρὸς
3086 1216 3146 1266 τὸ
3204 1217 3311 1268 ΓΗ
3352 1215 3539 1275 Θ·ὠς

1937 1303 2041 1376 ἄρα
2064 1303 2256 1376 μείζων
2282 1305 2308 1356 ὁ
2339 1310 2391 1358 Μ
2423 1311 2462 1357 Φ
2488 1311 2588 1357 τῶν
2614 1311 2662 1358 Χ
2690 1310 2737 1358 Λ
2760 1309 2804 1357 Π
2844 1309 2900 1367 2,
2932 1303 3067 1356 οὕτω
3121 1306 3212 1356 καὶ
3264 1304 3322 1355 τὸ
3355 1308 3396 1357 Α
3435 1309 3473 1356 Β
3501 1305 3542 1357 Γ

1937 1399 2470 1464 τῶνΒΕΖΓΙ-ῙΘ,
2504 1397 2658 1466 μόνον
2689 1389 2749 1445 δί
2796 1391 2909 1445 ἴσον
2952 1395 3535 1464 τῷΑΒΓτὸΑΒΩ.

1935 1481 2004 1536 Αἰ
2086 1489 2176 1535 τοῦ
2255 1488 2506 1558 τριγώνου
2577 1483 2682 1557 ἄρα
2731 1480 2950 1557 πλευραὶ
2992 1485 3082 1534 καὶ
3137 1476 3416 1558 διάμετρος
3448 1486 3539 1535 καὶ

1936 1571 2166 1639 κάθετος,
2243 1571 2338 1624 οὐκ
2418 1573 2560 1632 ἱσους
2607 1569 2823 1631 κύκλους
2884 1570 2914 1628 ἣ
2974 1571 3041 1622 τά
3094 1572 3324 1645 τρίγωνα
3370 1571 3541 1623 πάντα

1936 1667 2169 1724 ποιοῦσι,
2227 1645 2476 1714 κατίίτό
2537 1663 2744 1736 κέντρον
2791 1663 2882 1713 καὶ
2939 1662 3095 1732 μέσον
3141 1660 3540 1734 περατούμιναι,

1937 1750 2056 1825 όπερ
2081 1746 2188 1803 ἔδει
2219 1747 2407 1814 δεῖξαι.

2009 1840 2075 1906 ς’.
2128 1844 2260 1916 Πρὸς
2330 1842 2534 1902 τούτοις
2578 1833 2637 1893 δί
2699 1840 2938 1911 συγγενές
2989 1845 3086 1892 τῶν
3146 1835 3429 1913 λεγομένων
3472 1841 3542 1903 ὡς

1937 1929 2215 2002 ἀναγκαῖον
2259 1934 2494 2003 κρίνομεν
2536 1925 2706 1992 δεῖξαι
2747 1931 2920 2002 ὅτιπερ
2950 1933 3053 1981 πᾶν
3104 1933 3353 2002 τρίγωνον
3391 1931 3447 1982 τὸ
3486 1926 3542 1980 ἐκ

1941 2027 2035 2082 τῆς
2095 2026 2188 2072 τοῦ
2267 2019 2459 2071 κύκλου
2527 2014 2812 2093 διαμέτρου
2867 2019 3220 2092 καταγραφὶν,
3273 2021 3332 2070 τὸ
3372 2018 3540 2091 ἣμισυ

1937 2105 2164 2182 ἐμϐαδὸν
2193 2108 2416 2182 περιέξει
2449 2107 2606 2182 οὗπερ
2652 2107 2764 2180 ἔχει
2820 2102 3102 2180 διάμετρον
3154 2105 3345 2160 κύκλου
3390 2106 3542 2160 πλευ-

1937 2193 2199 2274 ρὰν,ὃδὴ
2235 2197 2424 2269 εὐγενὲς
2457 2196 2689 2270 ὑπάρχει
2747 2198 2991 2273 θεώρημα
3049 2199 3182 2271 πρὸς
3243 2195 3300 2248 τὸ
3369 2184 3542 2258 δεῖξαι

1939 2287 2016 2340 ὅτι
2074 2287 2100 2338 6
2151 2286 2337 2348 κύκλος
2397 2281 2689 2338 διπλασίων
2762 2287 2875 2338 έστὶ
2923 2293 3014 2338 τού
3073 2282 3176 2337 ἀπὸ
3232 2291 3328 2346 τῆς
3378 2284 3540 2338 αὐτοῦ

1941 2373 2224 2450 διαμέτρου
2273 2378 2687 2450 καταγραφέντος
2736 2379 2986 2450 τριγώνου
3068 2371 3394 2448 ἰσοπλεύρουο
3459 2379 3545 2427 Ad

1941 2463 2002 2519 δὲ
2056 2465 2242 2518 κύκλον
2281 2464 2508 2540 γράψαι,
2563 2468 2653 2516 καὶ
2703 2461 2876 2516 λαϐεῖν
2913 2467 3008 2522 τὴν
3052 2462 3215 2515 αὐτοῦ
3263 2459 3542 2538 διάμετρόν

1939 2559 2030 2608 καὶ
2059 2561 2312 2629 τριγώνου
2339 2556 2500 2607 θεῖναι
2536 2552 2780 2626 πλευρὰν,
2823 2555 2912 2604 καὶ
2968 2559 3238 2610 συστῆσαι
3280 2551 3426 2616 αὐτὸ,
3454 2557 3546 2606 καὶ

1943 2640 2114 2708 δεῖξαι
2139 2646 2219 2696 ὄτι
2241 2637 2521 2704 διπλάσιος
2575 2640 2714 2694 ἔστιν
2770 2639 2934 2694 ἀύτοῦ
2979 2641 3006 2693 6
3052 2638 3282 2708 κύκλος,
3317 2639 3377 2694 οὗ
3433 2643 3548 2714 ἔχει

1944 2730 2224 2810 διάμετρον
2271 2732 2493 2808 πλευρὰν
2550 2739 2591 2803 ῷ
2651 2735 2670 2785 Ι
2723 2735 2914 2807 κέντρῳ
2968 2750 2983 2764 ο
3029 2729 3216 2792 κύκλος
3267 2731 3547 2806 γεγράφθω

1944 2824 1970 2876 ὁ
2003 2830 2045 2877 Π
2073 2831 2119 2878 Θ
2153 2819 2488 2896 διαστήμασι
2532 2838 2643 2885 τοις
2691 2825 2732 2874 Α
2753 2826 2790 2873 Β
2819 2827 2860 2874 Τ
2879 2827 2927 2873 Ω
2947 2824 2992 2874 Η
3021 2825 3071 2875 Χ
3095 2840 3108 2854 ·
3145 2817 3547 2893 έπιζεύχθωσαν

155 2991 514 3053 diametrum
533 2994 880 3056 ductalinea
909 2998 1582 3068 eﬂciuntur.0uoniam
1603 3006 1806 3061 autem
1845 2999 1885 3057 C
1915 3006 1961 3059 A
1986 3005 2025 3060 Β
2056 3000 2344 3059 circulum
2384 3001 2435 3056 Μ
2489 3001 2555 3066 U,
2598 2998 2891 3056 diameter
2931 3011 3074 3054 vero
3119 2999 3160 3054 Β
3189 2999 3232 3054 Ε
3282 2995 3574 3056 circulum

153 3082 311 3140 linea
335 3086 847 3159 perpendicularis
869 3093 912 3146 (ὲ
939 3091 979 3148 C
1001 3105 1125 3147 non
1145 3096 1232 3148 est
1261 3091 1509 3166 aequalis
1546 3092 1664 3165 ipsi
1689 3096 1805 3163 AB,

155 3176 244 3232 est
269 3178 474 3232 autem
501 3174 791 3235 diameter
812 3178 1080 3246 circuliQ
1119 3181 1176 3250 S,
1227 3181 1568 3238 necessaria
1624 3182 1808 3239 circu-

154 3263 391 3335 lusQS,
459 3265 632 3338 cujus
680 3272 769 3324 est
841 3269 972 3342 ipsa
1028 3268 1341 3337 diameter,
1372 3271 1480 3327 erit
1517 3270 1715 3328 minor
1751 3275 1809 3329 et

153 3353 467 3428 inaequalis
495 3355 782 3414 circuloM
804 3359 869 3425 U,
896 3357 1071 3431 cujus
1111 3358 1400 3416 diameter
1424 3363 1512 3416 est
1539 3361 1652 3416 AB.
1687 3359 1807 3417 Tri-

155 3443 444 3515 angulum
469 3459 614 3515 ergo
641 3445 687 3500 G
719 3449 759 3502 Β
785 3448 847 3515 C,
897 3447 1068 3520 cujus
1101 3448 1259 3506 linea
1296 3449 1809 3523 perpendicularis

156 3539 308 3590 estA
338 3535 396 3602 C,
415 3539 473 3592 et
499 3533 789 3592 diameter
804 3536 1082 3608 trianguli
1106 3543 1149 3594 Α
1181 3541 1220 3594 Β
1255 3540 1294 3596 C
1319 3545 1376 3596 et
1427 3539 1629 3597 circuli
1671 3541 1714 3607 Ο
1750 3540 1806 3608 S,

157 3623 366 3680 effecta
385 3623 563 3693 latus,
578 3625 878 3683 constituit
895 3627 1586 3703 trianguluminaequale,
1619 3635 1674 3687 et
1697 3630 1810 3686 mi-

156 3729 272 3769 nus
297 3713 594 3784 triangula
614 3718 662 3770 A
695 3717 732 3769 Β
751 3718 809 3773 C.
825 3719 972 3772 Nam
999 3715 1335 3789 quaelatera
1351 3719 1625 3776 substern
1637 3726 1814 3776 untur

157 3801 273 3858 sibi
299 3802 551 3858 invicem
578 3803 710 3876 ipsa
739 3804 972 3876 majora
1019 3822 1081 3861 se
1140 3805 1404 3864 efficiunt
1434 3807 1727 3864 diametro
1757 3813 1814 3864 et

156 3891 312 3948 linea
331 3893 824 3966 perpendiculari.
855 3896 1080 3950 Rursus
1117 3896 1407 3968 quoniam
1457 3899 1496 3952 Β
1534 3897 1814 3966 trianguli

161 3984 208 4035 A
233 3983 272 4035 Β
300 3984 340 4037 C
360 3997 482 4037 non
510 3997 581 4038 ea
601 3998 790 4056 usque
810 3983 1184 4056 protenditur
1215 3990 1276 4040 ut
1297 3986 1369 4040 sit
1392 3985 1621 4058 aequale
1647 3986 1815 4042 lateri

159 4070 538 4142 BC,eritubi
584 4072 948 4144 terminatur,
997 4075 1046 4128 si
1102 4074 1310 4130 nonin
1349 4076 1387 4130 C
1440 4075 1810 4143 terminatur,

161 4158 266 4230 qui
293 4162 382 4214 est
409 4160 702 4215 terminus
740 4159 937 4216 lateris
969 4161 1010 4214 Β
1059 4163 1121 4218 C.
1175 4162 1615 4219 Terminabitur
1671 4177 1813 4236 ergo

160 4249 219 4305 in
261 4251 322 4315 E,
355 4252 411 4304 et
446 4248 548 4304 ﬁet
574 4247 752 4316 latus,
795 4249 1095 4322 siquidem
1137 4266 1361 4310 nomen
1399 4253 1671 4310 diametri
1693 4269 1812 4310 non

1917 3094 2040 3159 XL,
2094 3091 2323 3160 rursus]
2346 3089 2636 3145 diameter
2662 3089 2705 3144 G
2737 3089 2777 3144 C
2811 3085 3105 3150 circulum
3153 3087 3199 3153 Q
3256 3087 3294 3143 S
3351 3102 3366 3142 ε
3417 3089 3575 3144 certe

1913 3197 2024 3254 pro
2041 3180 2270 3237 ratione
2283 3178 2715 3234 diametrorum
2728 3175 3083 3248 triangulaA
3096 3178 3135 3232 Β
3151 3176 3242 3232 CE
3272 3177 3312 3232 Β
3329 3177 3370 3232 F
3392 3176 3432 3232 C
3451 3177 3495 3232 G
3525 3167 3576 3231 Η

1917 3286 1980 3327 se
2005 3268 2342 3326 habebunt.
2389 3268 2456 3323 Ut
2481 3269 2641 3323 enim
2668 3281 2732 3323 se
2785 3265 2970 3323 habet
3024 3267 3075 3324 Μ
3121 3265 3267 3323 Uad
3315 3266 3358 3322 Χ
3387 3267 3447 3334 L,
3493 3263 3578 3324 ita

1916 3359 2093 3418 etiam
2118 3356 2480 3428 triangulum
2513 3360 2553 3412 Α
2582 3357 2620 3412 Β
2639 3358 2678 3413 C
2699 3354 2779 3412 ad
2806 3353 3168 3425 triangulum
3194 3357 3232 3410 Β
3257 3356 3299 3411 Ε
3321 3356 3399 3411 F:
3434 3356 3492 3411 et
3509 3357 3579 3412 ut

1917 3466 1980 3506 se
1999 3447 2180 3504 habet
2197 3445 2452 3503 circulus
2482 3445 2522 3500 X
2551 3447 2589 3502 L
2619 3445 2699 3501 ad
2728 3443 3016 3501 circulum
3061 3444 3105 3510 Ο
3151 3444 3209 3512 S,
3264 3443 3347 3502 ita
3393 3441 3576 3501 etiam

1917 3537 2282 3610 triangulum
2313 3539 2352 3592 Β
2384 3538 2424 3592 E
2452 3538 2492 3593 Β
2529 3533 2610 3593 ad
2631 3533 2994 3606 triangulum
3039 3536 3078 3592 C
3109 3535 3150 3592 G
3200 3535 3266 3590 Η.
3311 3535 3382 3590 Ut
3435 3543 3577 3605 ergo

1917 3628 2115 3700 major
2135 3630 2226 3684 est
2276 3625 2533 3683 circulus
2567 3626 2617 3681 M
2649 3626 2693 3681 U
2719 3623 2954 3681 circulis
2976 3625 3017 3680 Χ
3041 3626 3079 3680 L
3101 3625 3144 3690 Ο
3168 3624 3226 3692 S,
3255 3622 3339 3680 ita
3392 3621 3577 3680 etiam

1921 3716 2285 3788 triangulum
2310 3721 2356 3772 Α
2384 3717 2420 3770 Β
2448 3718 2488 3772 C
2518 3715 2715 3786 majus
2739 3720 2824 3771 cst
2841 3713 3154 3784 triangulis
3180 3715 3220 3769 Β
3237 3715 3278 3769 Ε
3301 3715 3360 3783 F,
3380 3715 3419 3770 C
3442 3713 3485 3768 G
3503 3711 3574 3770 Η.

1920 3806 2126 3863 Solum
2154 3820 2296 3862 vero
2328 3803 2690 3874 triangulum
2722 3809 2768 3860 A
2791 3806 2829 3859 Β
2851 3803 2892 3857 ο
2918 3807 3008 3859 est
3033 3801 3264 3875 aequale
3277 3802 3577 3874 triangula

1920 3897 2113 3952 ΑΒΟ.
2162 3893 2462 3964 Trianguli
2486 3909 2630 3963 ergo
2655 3892 2841 3948 latera
2871 3897 2928 3949 et
2973 3892 3266 3948 diameter
3319 3895 3377 3947 ct
3418 3891 3580 3948 linea

1922 3982 2432 4058 perpendicularis
2451 3997 2570 4038 non
2589 3997 2800 4038 omnes
2814 3979 3067 4036 circulos
3094 3979 3359 4052 aequales
3379 3995 3578 4053 neque

1922 4071 2128 4131 omnia
2159 4071 2456 4142 triangula
2481 4073 2522 4126 E
2553 4069 2811 4144 aequalia
2832 4068 3112 4131 efficiunt,
3133 4084 3272 4124 cum
3310 4084 3417 4140 per
3445 4084 3580 4126 cen.

1921 4167 2082 4219 trum
2109 4166 2165 4218 et
2185 4160 2451 4216 medium
2473 4159 2774 4216 ducuntur
2831 4173 2902 4215 ac
2945 4157 3363 4227 terminantur,
3413 4157 3580 4231 quod

1923 4251 2187 4323 oportuit
2207 4248 2542 4306 ostendere.

158 4337 427 4404 retineat,
471 4336 696 4410 eritque
735 4337 1046 4410 inaequalis
1094 4344 1152 4395 et
1199 4340 1396 4396 minor
1431 4341 1614 4397 latere
1665 4344 1706 4396 Β
1754 4342 1812 4398 C.
1847 4363 1890 4416 ι)
1995 4344 2046 4396 ϐ.
2076 4337 2467 4409 Praeterea“)
2495 4351 2690 4410 operae
2729 4335 2984 4409 pretium
3023 4334 3438 4395 existimamus
3487 4352 3583 4394 as-

159 4426 258 4481 Est
284 4430 484 4481 autem
518 4428 557 4480 Β
593 4428 633 4481 Ε
663 4425 962 4482 diameter.
981 4427 1185 4484 circuli
1243 4430 1285 4483 X
1334 4431 1373 4484 L
1411 4445 1426 4495 ;
1474 4430 1814 4486 necessaria

159 4513 340 4584 igitur
368 4515 624 4570 circulus
653 4518 693 4572 X
729 4517 772 4570 L
791 4517 898 4572 erit
932 4516 1250 4590 inaequalis
1280 4523 1338 4574 et
1366 4519 1562 4575 minor
1592 4519 1814 4576 circulo

161 4607 212 4662 Μ
242 4606 284 4661 U
315 4604 489 4676 cujus
517 4604 807 4661 diameter
822 4610 910 4662 est
937 4609 984 4660 A
1039 4609 1078 4661 Β
1107 4623 1120 4675 ;
1161 4622 1305 4664 nam
1333 4607 1491 4664 linea
1532 4609 1570 4663 Β
1611 4611 1650 4666 C
1677 4608 1815 4665 huic

161 4694 414 4767 aequalis
435 4699 541 4763 est,
569 4699 627 4752 et
651 4694 1015 4766 triangulum
1043 4696 1223 4768 igitur
1252 4699 1291 4752 E
1319 4700 1358 4752 Β
1399 4700 1436 4752 F
1473 4698 1639 4770 quod
1689 4697 1816 4756 dia-

162 4789 352 4840 meter
373 4783 636 4841 circulix
665 4786 702 4840 L
730 4784 887 4841 latus
943 4785 1156 4842 effecta
1197 4786 1501 4843 constituit
1543 4790 1634 4842 est
1684 4787 1818 4842 inre-

161 4872 344 4947 quale
365 4877 424 4928 et
451 4873 649 4930 minus
688 4873 978 4946 triangula
1010 4879 1057 4930 A
1081 4878 1119 4930 Β
1145 4877 1207 4933 C.
1261 4877 1484 4932 Rursus
1530 4875 1819 4932 diameter

162 4961 441 5019 circuliM
501 4965 564 5031 U,
614 4963 906 5037 quoniam
955 4964 1133 5021 etiam
1188 4965 1348 5021 latus
1392 4969 1483 5022 est
1539 4964 1819 5038 trianguli

163 5058 210 5108 Α
243 5054 282 5108 Β
299 5053 358 5120 C,
381 5054 708 5126 assumptis
729 5053 1020 5111 lateribus
1043 5057 1083 5110 Β
1105 5057 1170 5123 Ο,
1192 5058 1238 5111 Α
1257 5057 1321 5122 0,
1339 5053 1698 5128 aequalibus,
1715 5069 1819 5112 ne-

161 5140 423 5198 cessario
453 5141 754 5198 constituit
780 5142 1147 5214 triangulum
1205 5145 1252 5198 A
1285 5145 1324 5199 Β
1378 5145 1443 5212 Ο,
1503 5143 1735 5217 aequale
1765 5143 1820 5200 ei

161 5229 340 5302 cujus
365 5235 454 5287 est
479 5229 636 5287 latus
658 5236 705 5288 A
737 5234 794 5289 Β.
827 5235 892 5288 Et
937 5233 1226 5306 quoniam
1247 5231 1402 5289 latus
1446 5235 1493 5288 A
1544 5233 1588 5285 Β
1621 5233 1822 5304 majus

159 5318 570 5377 estdiametro
591 5323 632 5377 Β
657 5323 718 5389 Ε,
750 5327 808 5378 et
837 5321 1038 5394 ipsum
1069 5325 1159 5378 est
1213 5336 1458 5395 quoque
1513 5322 1713 5393 majus
1758 5321 1821 5379 li-

158 5425 283 5468 nea
301 5409 782 5484 perpendiculari
811 5413 852 5468 (ἰ
885 5414 945 5484 C,
974 5411 1278 5470 constituit
1305 5415 1507 5469 autem
1535 5411 1825 5469 diameter

1923 4426 2321 4484 tendereillud
2343 4425 2510 4499 quod
2540 4431 2863 4495 cognatum
2878 4429 2966 4482 est
2988 4424 3208 4499 iisquae
3236 4430 3379 4483 sunt
3396 4425 3578 4499 dicta,

1923 4531 2143 4588 nempe
2169 4529 2348 4570 omne
2379 4512 2744 4584 triangulum
2797 4530 2870 4570 ex
2921 4513 3214 4571 diametro
3253 4513 3458 4570 circuli
3483 4513 3586 4570 de-

1924 4606 2212 4678 scriptum
2233 4602 2552 4659 dimidium
2592 4603 2854 4676 spatium
2892 4602 3396 4675 comprehendere
3451 4601 3584 4673 ejus

1924 4692 2205 4766 trianguli
2235 4691 2400 4766 quod
2421 4691 2604 4748 habet
2621 4706 2731 4764 pro
2753 4691 2955 4761 latere,
2974 4690 3176 4746 circuli
3193 4691 3580 4758 diametrum,

1924 4783 2094 4857 quod
2113 4797 2258 4840 sane
2287 4781 2596 4840 theorema
2621 4781 2820 4838 nobile
2841 4783 2949 4848 est,
2973 4784 3030 4835 et
3052 4777 3584 4835 accommodatum

1927 4871 2006 4930 ad
2044 4869 2489 4927 ostendendum
2527 4869 2816 4927 circulum
2853 4867 3078 4941 duplex
3133 4881 3262 4922 esse
3301 4863 3584 4936 trianguli

1928 4960 2252 5034 aequalium
2305 4959 2560 5016 laterum
2616 4975 2654 5015 a
2704 4957 2990 5014 subtensa
3025 4955 3230 5012 circuli
3289 4954 3585 5013 diametro

1927 5051 2226 5124 descripti.
2288 5051 2529 5122 Oportet
2569 5047 2750 5118 igitur
2795 5045 3084 5104 circulum
3144 5044 3480 5104 describere
3528 5049 3587 5104 et

1929 5155 2236 5200 assumere
2261 5137 2451 5211 ipsius
2473 5137 2854 5202 diametrum,
2883 5149 3192 5208 acponere
3205 5135 3402 5208 ipsam
3423 5138 3490 5192 ut
3509 5135 3588 5192 sit

1929 5229 2213 5301 trianguli
2249 5228 2427 5296 latus,
2451 5232 2508 5284 et
2549 5225 2877 5283 constructi
2931 5224 3213 5296 trianguli
3269 5223 3586 5282 ostendere

1932 5319 2221 5378 circulum
2244 5334 2376 5376 esse
2405 5315 2680 5389 duplum,
2705 5315 2880 5386 cujus
2939 5313 3306 5386 triangulum
3350 5329 3460 5386 pro
3491 5311 3588 5371 lau-

1931 5415 2054 5470 tere
2082 5409 2265 5468 habet
2287 5407 2670 5465 diametrum.
2697 5406 2765 5462 In
2788 5407 3036 5464 centrol
3075 5402 3332 5464 circulus
3364 5400 3588 5461 scriba-

241 5587 323 5663 (l)
362 5588 497 5650 Haec
525 5603 722 5666 usque
763 5591 840 5652 ad
871 5603 1041 5650 num.
1068 5593 1102 5650 7
1131 5607 1255 5652 non
1277 5595 1424 5667 puto
1453 5605 1588 5654 esse
1612 5591 1805 5669 ipsius
1836 5591 2119 5654 auctoris.
2149 5588 2294 5650 Vide
2317 5585 2752 5652 Prmiationem.

424 5716 670 5777 PATROL.
711 5717 813 5780 Gn.
851 5716 1001 5783 CXL.

3018 5709 3091 5768 44
