4066 6212
232 221 379 305 .4389

257 452 357 484 νων
387 426 617 508 πλευρῶν
645 439 888 506 γινόμενα
918 435 1150 488 ἔστωσαν
1197 440 1293 490 ἶσα
1330 443 1434 498 τοῖς
1493 434 1621 490 δυσὶ
1674 443 1864 511 τριγώο

257 528 418 581 νοιςΤ
448 528 489 573 Η
522 527 556 573 Δ
582 528 707 576 ΧὨ
735 528 794 576 Γ.
822 522 980 577 Δολοῖ
1024 526 1124 599 γὰρ
1182 525 1311 578 αύτὸ
1358 529 1444 578 καὶ
1499 529 1530 584 ἡ
1592 528 1861 588 αἴσθησις.

254 614 331 662 T6
359 609 457 683 γὰρ
481 617 523 664 Τ
556 616 596 662 H
626 619 809 684 τμῆμα
837 620 929 664 τού
960 619 1001 665 Π
1031 620 1077 666 Θ
1123 613 1315 666 κύκλου
1372 619 1429 667 τό
1463 620 1500 667 Α
1530 621 1621 667 ΤΒ
1658 622 1702 667 Η
1731 619 1865 668 κατά

253 718 317 771 γε
340 704 612 757 ποσότητα
660 699 956 773 προσλαϐόν
1023 700 1383 779 ἀναπληρώσει
1435 706 1494 755 τὸ
1539 712 1632 756 τοῦ
1672 711 1715 757 Τ
1746 710 1788 756 H
1820 710 1864 757 A

254 795 516 863 τριγώνου
549 786 795 860 ἕμϐαὸον.
819 789 1088 853 Ὡσαύτως
1117 797 1207 843 καὶ
1265 795 1322 845 τὸ
1348 799 1397 846 Χ
1450 799 1497 844 Ω
1537 800 1720 865 τμῆμα
1774 801 1866 845 τοῦ

255 877 419 929 αύτού
453 881 556 931 [16
585 876 775 930 κύκλου
805 880 871 930 τὰ
895 885 934 932 Α
986 887 1029 933 Χ
1092 886 1127 932 Β
1167 887 1225 965 ΙΩ.
1278 886 1530 953 τμήματα
1572 881 1865 954 προσλαϐόν

256 963 620 1040 ἀναπληρώσει
652 986 711 1019 το
740 974 832 1018 τού
864 973 910 1021 X
956 975 1003 1019 Ω
1059 973 1096 1020 Γ
1136 963 1391 1040 τριγώνου
1445 967 1694 1042 ἐμϐαδὸν·
1766 967 1865 1029 δη-

251 1053 573 1129 λοποιεῖγὰρ
604 1064 756 1109 τοῦτο
786 1060 875 1109 καὶ
904 1058 933 1115 ἠ
983 1055 1101 1127 ὄψις
1153 1059 1306 1116 αύτή.
1360 1063 1461 1111 Καὶ
1519 1060 1650 1131 όμού
1703 1062 1768 1112 τὰ
1815 1059 1864 1112 ἐν

252 1151 330 1213 τῷ
356 1139 569 1215 ἔμϐαδῷ
648 1152 739 1197 τού
798 1152 840 1197 Π
909 1152 956 1198 Θ
996 1146 1188 1198 κύκλου
1248 1152 1594 1221 περιεχόμενα
1642 1153 1866 1220 τρίγωνα

255 1234 412 1304 ὀκτώ,
472 1230 794 1310 τπραδικῶς
856 1241 961 1294 τοῖς
1012 1231 1142 1287 δυσὶ
1206 1240 1391 1306 γώνοις
1442 1241 1478 1287 Α
1530 1242 1621 1289 ΒΔ
1654 1244 1693 1290 Α
1750 1243 1785 1289 Β
1830 1243 1867 1290 Γ

253 1322 587 1397 ὑπάρχοντα·
617 1320 897 1376 διπλάσιον
928 1324 1109 1396 ἄρατὸ
1146 1331 1237 1376 τοῦ
1270 1330 1312 1376 Π
1376 1333 1423 1377 Θ
1471 1324 1663 1377 κύκλου
1706 1324 1864 1398 ἐμϐα-

256 1405 373 1473 δὸν,
404 1417 497 1462 τού
530 1414 569 1464 Α
636 1416 675 1463 Β
733 1417 767 1462 Δ
823 1416 1098 1483 τριγώνου,
1154 1412 1223 1462 ὧν
1281 1414 1336 1463 αἱ
1381 1417 1683 1485 περίμετροι
1726 1414 1861 1480 ἶσαι,

254 1495 437 1557 ἐπειδὴ
487 1501 743 1573 τεττάρων
832 1499 881 1551 ἄν
962 1499 1033 1552 ἐνὶ
1089 1500 1293 1572 ἑκάστῳ
1375 1505 1575 1573 μείζονι
1630 1508 1866 1575 τριγώνῳ

254 1587 413 1640 ὄντων
461 1593 745 1664 τριγώνωνο
803 1590 918 1659 ἔχει
967 1596 1093 1660 γοῦν
1145 1590 1172 1640 ό
1218 1589 1407 1650 κύκλός
1457 1595 1547 1642 καὶ
1583 1593 1650 1642 τὰ
1706 1595 1862 1643 οκτώ.

252 1674 353 1738 ’ος
407 1677 513 1751 ἄρα
556 1675 743 1739 κύκλος
809 1674 971 1730 δώσει
1029 1673 1309 1751 διάμετρον
1356 1684 1445 1731 καὶ
1504 1684 1754 1737 συντήσει
1808 1677 1865 1732 ἔκ

249 1768 447 1827 ταύτης
504 1765 809 1838 ἰσόπλευρον
893 1766 1165 1838 ἰσογώνιον
1240 1771 1506 1840 τρίγωνον,
1580 1764 1865 1832 διπλάσιος

251 1856 440 1907 τούτου
471 1852 605 1920 ἔστι,
637 1857 826 1915 καθως·
858 1850 966 1907 ἔδει
1011 1848 1201 1917 δεῖξαι.
1251 1860 1353 1909 Καὶ
1406 1862 1573 1909 ταῦτα
1629 1859 1721 1929 μὲν
1774 1863 1862 1930 με·

250 1962 349 2017 χρι
368 1940 527 1995 τοῦδε
558 1984 573 2008 ,
605 1944 631 1995 ὀ
663 1939 724 1996 δι
784 1942 936 2015 λόγος
988 1941 1332 2017 ὼαδραμέτω
1379 1944 1535 1998 πάλιν
1589 1945 1751 2017 λέγειν
1796 1949 1863 1999 τὰ

248 2044 368 2113 περὶ
432 2048 532 2092 τῶν
604 2038 733 2092 ῐσων
801 2045 891 2093 καὶ
977 2039 1167 2093 ἆνίσών
1226 2048 1327 2093 τῶν
1387 2038 1515 2095 εῖδει
1566 2046 1859 2115 σχημάτων

251 2130 744 2200 σχηματισθέντῳν,
860 2132 945 2181 ἶνα
1032 2132 1091 2182 τό
1167 2130 1498 2204 παρεμπεσὸν
1612 2132 1860 2205 θεώρημα

246 2215 591 2288 καταλείψας,
624 2221 750 2288 πρὸς
806 2222 894 2271 τόν
939 2222 1132 2271 σκοπὸν
1190 2216 1472 2291 βάδιῆται,
1505 2221 1533 2272 ὃ
1569 2225 1659 2272 καὶ
1698 2227 1856 2292 γενή-

250 2325 414 2360 σεται.
474 2318 475 2321 “

322 2392 587 2455 {Iratum
630 2396 690 2448 ού
733 2399 886 2468 μόνον
941 2402 1014 2467 τῷ
1068 2396 1239 2468 κύκλῳ
1292 2401 1403 2461 καὶ,
1426 2404 1490 2456 τῆ
1553 2401 1750 2471 σφαίρᾳ
1765 2404 1855 2451 καὶ

248 2488 486 2558 τριγώνῳ
506 2486 595 2535 καὶ
622 2486 919 2560 τετραγώνῳ
964 2490 1196 2557 γίγνεται
1235 2487 1265 2543 ἠ
1323 2484 1483 2558 ἔξοχή
1540 2494 1632 2539 τού
1662 2486 1854 2540 κύκλοῦ

252 2575 382 2641 πρὸς
412 2576 470 2624 τό
498 2572 659 2631 πάντη
691 2571 821 2642 ἴσον,
850 2572 978 2627 ἀλλὰ
1027 2578 1184 2627 παντὶ
1236 2578 1481 2647 σχήματι
1525 2578 1851 2648 γραφομένῳ.

253 2655 456 2720 Μηδεὶς
480 2656 724 2734 δ’ἀλόγως
753 2666 908 2735 τέμνη
941 2666 1028 2714 τὸν
1077 2663 1263 2714 κύκλον
1324 2664 1354 2722 ἧ
1388 2663 1586 2731 τὀῖλλα,
1655 2664 1765 2716 αλλ’
1817 2666 1847 2723 ἠ

1127 224 1482 283 THEODOBI
1516 225 1564 281 II
1601 227 1738 284 IMP.
1780 226 1869 281 DE
1908 226 2366 286 COMMUNIONE
2402 233 2775 291 NATURALI.

259 343 319 395 ἐκ
350 353 446 407 τῆς
490 352 582 395 τού
629 343 820 396 κύκλου
864 352 1181 419 περιφερείας
1231 352 1321 400 καὶ
1401 357 1501 400 τῶν
1542 358 1641 401 τῶν
1679 356 1865 423 191703-
1927 353 1972 404 A

3515 245 3651 298 1390

2028 356 2160 423 τομὴ
2194 354 2325 404 ἔστω
2380 352 2473 405 διὰ
2529 364 2621 408 τού
2664 361 2826 428 μέσου
2878 363 2968 410 καὶ
3008 362 3221 432 κέντρου
3283 362 3405 415 κατ’
3459 364 3654 417 εὐθεῖα

2027 440 2254 513 οὶμῶσα,
2313 442 2375 493 ἵν’
2458 443 2620 505 οὕτως
2673 451 2773 507 πᾶς
2834 450 3064 519 περάτων
3129 449 3347 519 εύθείαν,
3404 472 3623 524 σχημα-

2026 537 2259 603 τογραφῆ
2322 533 2455 583 κατὰ
2524 532 2690 605 λόγον.
2770 540 2894 609 Περὶ
2948 534 3007 589 δε
3056 547 3155 589 τῶν
3201 542 3395 611 τόμέων
3450 538 3625 604 οὐδεὶς

2026 618 2169 689 λόγος
2208 625 2340 683 νυνὶ,
2399 625 2572 691 ὅτιπερ
2631 619 2755 675 ούδέ
2813 630 3001 685 σκοπός
3055 628 3124 688 εἰς
3173 628 3320 694 αὐτὸ,
3373 628 3482 682 ἀλλ’
3542 631 3625 683 ὁτι

2027 715 2131 767 πῶς
2186 712 2243 758 τὸ
2296 704 2435 771 εἶδος
2498 708 2546 760 ἐν
2590 712 2803 763 ἕκαστον
2888 712 3247 786 ἓγνωμάτευσε
3328 722 3623 789 σχημάτων

2026 791 2206 865 ἑτέρων
2227 793 2565 870 διαχωρίσαν
2605 801 2897 871 σχημάτων
2936 802 3081 857 αύτό.
3110 810 3264 857 Ἐστι
3322 802 3382 857 δὲ
3426 814 3622 881 πρώτι-

2030 900 2147 934 στον
2175 888 2265 935 καὶ
2291 884 2751 959 οἶκλινέστατονῌ)
2792 898 2984 960 σχῆμα
3019 892 3044 943 ὁ
3102 892 3308 958 κύκλος,
3335 891 3409 946 δι’
3443 896 3503 947 οὗ
3533 901 3623 948 καί

2027 973 2058 1028 ἧ
2093 979 2289 1044 σφαῖρα
2342 978 2671 1041 συνίσταται,
2715 980 2845 1047 μετὰ
2873 975 2930 1029 δὲ
2958 982 3017 1031 τό
3059 983 3391 1052 τετράγωνον,
3416 990 3529 1036 εἶτα
3562 987 3623 1036 1'6

2028 1060 2329 1135 ἰσόπλευρον
2354 1068 2623 1137 τρίγωνον,
2666 1070 2757 1118 καί
2784 1066 2901 1119 οὔτε
2949 1066 3240 1141 κύλινδρος,
3269 1075 3387 1123 οὔτε
3440 1081 3622 1142 κῶνος,

2026 1149 2140 1202 οὔτε
2189 1149 2451 1217 πλαίσιον,
2514 1157 2632 1206 οὔτε
2690 1161 2916 1227 πυραμίς
2979 1157 3044 1218 ὡς
3096 1159 3250 1226 αύτοί,
3294 1161 3453 1212 ἄνισα
3495 1163 3620 1237 γάρ,

2025 1238 2214 1310 μᾶλλον
2244 1247 2336 1291 τού
2382 1248 2701 1315 τετραγώνου
2754 1249 2843 1295 καί
2890 1253 2983 1297 τοῦ
3038 1253 3292 1320 τριγώνου
3340 1256 3465 1301 οῖονο
3511 1251 3625 1322 ἔχει

2027 1326 2087 1381 δέ
2142 1333 2232 1381 καί
2305 1332 2354 1382 ἕν
2423 1332 2640 1384 ἕκαστον
2707 1342 2900 1406 σχῆμα
3009 1343 3165 1389 παντί
3256 1336 3511 1413 διαφοράν
3558 1350 3620 1400 τῆ

2026 1418 2236 1474 ἰσότητι
2273 1422 2361 1469 καὶ
2388 1418 2679 1477 ἀνισότητι.
2740 1421 2884 1475 Ὀσα
2942 1432 3066 1495 γοῦν
3118 1428 3334 1497 ἔχουσιν
3393 1428 3625 1503 ἰσοτέραν

2024 1511 2119 1564 τὴν
2147 1509 2310 1573 θέσιν,
2368 1507 2536 1560 ἐκεῖνα
2593 1514 2680 1562 καὶ
2754 1517 3062 1583 κρειττόνως
3115 1518 3260 1589 παρὰ
3308 1524 3401 1568 τού
3455 1516 3627 1579 εἴδους

2026 1592 2457 1655 εἰδοποιήθησαν.
2516 1603 2599 1668 Τῷ
2652 1601 2742 1670 μὶν
2798 1596 2886 1652 οὖν
2947 1602 3119 1674 κύκλῳ
3161 1608 3252 1655 καὶ
3320 1614 3381 1664 τῆ
3431 1611 3629 1681 σφαίρᾳ

2023 1690 2127 1744 πᾶς
2185 1683 2246 1736 ἆν
2306 1685 2620 1757 ὁμολογήση,
2689 1689 2865 1762 ὅτιπερ
2920 1686 3070 1743 οὐδὲν
3126 1696 3355 1767 ἱσότερον
3411 1694 3554 1761 ἄλλο,
3593 1694 3624 1754 ἣ

2025 1774 2256 1839 ὡσαυτὰ,
2306 1783 2407 1826 τῶν
2479 1771 2540 1827 δε
2604 1774 2768 1829 ἄλλων
2823 1780 3026 1831 πάντων
3079 1784 3106 1832 ό
3162 1784 3251 1852 μεν
3304 1781 3422 1854 ἐμός
3475 1782 3628 1854 λόγος

2025 1858 2283 1937 διακρίνει
2343 1865 2403 1914 τό
2484 1865 2802 1936 τετράγωνον
2851 1871 2941 1918 καὶ
2984 1870 3043 1919 1'6
3096 1867 3397 1941 ἰσόπλευρον
3438 1875 3625 1943 τρίγω-

2021 1969 2126 2017 νον,
2166 1951 2261 2003 οὐκ
2289 1952 2409 2003 ἄνευ
2439 1961 2589 2003 τινῶν
2654 1949 2715 2006 δε
2766 1956 2907 2006 τοῦτ’
2977 1956 3106 2009 αύτό
3159 1956 3339 2009 αἰτιῶν
3391 1958 3621 2030 λέγομεν,

2023 2038 2129 2091 ἀλλ’
2179 2042 2259 2092 ὅτι
2311 2045 2401 2093 καὶ
2463 2039 2764 2110 ἀναγκαῖον
2823 2043 2869 2095 εἰ
2941 2040 3003 2097 δέ
3040 2044 3186 2120 παρὰ
3233 2049 3320 2098 τόν
3378 2050 3622 2123 ἡμέτερον

2022 2131 2217 2181 σκοπόν
2240 2128 2404 2190 ἄλλως
2433 2150 2543 2190 πως
2563 2128 2691 2205 ἀνὴρ
2716 2151 2796 2193 τις
2847 2134 2970 2207 εύρη
3014 2133 3139 2188 ἄλλο
3197 2135 3445 2210 ἱσότερον,
3510 2140 3622 2209 χά-

2017 2237 2103 2294 ρις
2124 2223 2213 2270 καὶ
2238 2221 2404 2291 τούτῳ
2430 2219 2613 2287 πολλὴ,
2679 2226 2993 2293 συγγνώμην
3042 2219 3103 2275 δι
3156 2229 3245 2277 καὶ
3296 2226 3444 2298 ἡμεῖς
3490 2224 3625 2289 ἆξαι-

2016 2309 2245 2378 τούμεθα
2285 2308 2366 2359 ότι
2417 2309 2545 2361 αύτό
2628 2310 2809 2360 ἄνισον
2853 2309 3063 2383 λέγομεν
3125 2320 3198 2382 τῷ
3238 2312 3436 2367 ὀαλινεῖ
3486 2316 3617 2385 ἴσον,

2018 2394 2144 2448 ἀλλὰ
2176 2399 2270 2453 τὴν
2294 2400 2448 2468 τιμὴν
2468 2404 2540 2467 τῷ
2566 2400 2667 2468 ῖσῳ
2694 2396 3070 2470 ἁφόσιούμεθα.
3118 2399 3293 2454 Ἔστω
3322 2397 3391 2457 δε
3433 2403 3477 2455 εἰ
3526 2408 3618 2474 μὴ,

2014 2483 2084 2545 ώς
2112 2485 2412 2559 όήμέτερος
2432 2484 2578 2556 λόγος
2596 2488 2816 2558 εἴρηκεν,
2872 2484 2979 2538 ἀλλ’
3030 2490 3100 2549 ὡς
3145 2490 3172 2541 ό
3228 2495 3443 2553 εκείνου,
3491 2496 3616 2563 τιμὴ

2013 2582 2087 2643 τῷ
2111 2573 2137 2625 6
2176 2576 2374 2648 εἴρηκεν
2433 2592 2599 2642 ουτος,
2649 2573 2999 2645 συμϐάλλεται
3054 2573 3115 2629 δε
3165 2581 3257 2630 καὶ
3304 2579 3331 2631 ό
3378 2582 3619 2654 ἡμέτερος

2015 2663 2081 2723 εἰς
2119 2666 2206 2714 τόν
2251 2662 2433 2732 αὑτοῦ,
2505 2667 2587 2715 ὅτι
2632 2667 2691 2715 τό
2715 2660 2827 2716 ἶσον
2876 2670 3180 2737 κρειττόνως
3226 2670 3286 2719 τὸ
3344 2665 3483 2730 εἶδος
3527 2677 3617 2721 τού

220 2856 487 2916 quorum
510 2855 617 2895 sex
646 2839 752 2894 ΛΤ
773 2841 791 2894 1
816 2840 859 2895 Τ
883 2839 926 2896 G
963 2838 981 2892 Ι
1014 2840 1057 2895 G
1091 2841 1130 2894 Β
1161 2841 1181 2893 l
1212 2842 1250 2894 Β
1285 2839 1330 2895 0
1368 2842 1386 2895 l
1415 2841 1460 2895 0
1508 2842 1549 2896 X
1598 2842 1617 2895 ι
1672 2843 1711 2896 Χ
1755 2846 1801 2895 Α
1846 2841 1870 2898 l
1900 2839 1942 2894 C
1979 2841 2201 2894 temere
2226 2844 2383 2894 secet
2412 2838 2705 2895 circulum
2734 2847 2838 2897 aut
2857 2842 3003 2898 alias
3028 2842 3275 2915 ﬁguras,
3316 2843 3423 2898 sed
3455 2842 3640 2899 sectio

222 2930 483 3003 spatium
516 2927 717 2984 circuli
750 2929 795 2992 Q
828 2927 1515 3000 Hcomprehendunt(‘2).
1543 2929 1873 3000 Supersunt
1978 2926 2085 2982 ﬁat
2114 2941 2221 2997 per
2249 2926 2518 2981 medium
2542 2932 2600 2983 et
2626 2934 2919 2997 centrum,
2951 2931 3034 2987 ita
3055 2936 3114 2986 ut
3144 2931 3207 2986 in
3236 2938 3460 2986 rectum
3493 2947 3633 3003 pro-

222 3026 425 3075 autem
457 3018 495 3073 X
526 3018 657 3079 ΟΩ,
708 3018 749 3073 Τ
787 3017 829 3073 G
882 3017 948 3071 Β.
994 3018 1313 3088 Segmenta
1355 3017 1533 3086 igitur
1578 3022 1624 3070 A
1652 3018 1693 3071 ἰ’
1742 3018 1782 3071 Τ
1828 3018 1870 3072 G

222 3110 264 3166 G
297 3108 341 3160 Β
373 3109 410 3163 Β
441 3107 485 3164 0
517 3106 561 3161 Ο
583 3106 622 3162 Χ
656 3106 695 3159 Χ
742 3106 811 3168 Α,
861 3119 999 3176 quas
1038 3120 1111 3159 ex
1167 3105 1669 3159 circumcurrente
1714 3104 1873 3160 linea

221 3193 424 3252 circuli
462 3198 521 3249 et
570 3191 858 3248 lateribus
914 3191 1349 3262 triaugulorum
1393 3192 1704 3262 exsistunt,
1755 3193 1873 3249 sint

221 3283 483 3356 mqualia
512 3281 755 3337 duobus
784 3280 1093 3351 triangulis
1113 3284 1156 3335 Τ
1181 3282 1225 3337 G
1266 3282 1330 3348 D,
1360 3283 1399 3336 Χ
1427 3282 1471 3338 0
1489 3284 1549 3337 Ο.
1575 3284 1694 3339 Hoc
1711 3283 1869 3337 enim

220 3376 350 3448 ipse
377 3388 587 3429 sensus
614 3370 997 3427 demonstrat.
1057 3374 1208 3427 Nam
1265 3373 1307 3426 T
1357 3373 1422 3438 G,
1491 3377 1869 3442 segmentum

222 3463 424 3520 circuli
457 3464 501 3528 Ο
522 3455 589 3531 H,
609 3466 919 3532 assumpta
939 3461 1271 3532 quantitate
1285 3464 1331 3514 Α
1349 3461 1395 3513 Τ
1421 3462 1533 3525 BG,
1549 3459 1871 3528 complebit

221 3550 487 3626 spatium
506 3548 845 3619 trianguliT
870 3551 912 3605 G
932 3551 995 3604 Β.
1013 3547 1232 3604 Eodem
1276 3548 1453 3604 modo
1491 3554 1865 3617 segmentum

222 3644 265 3698 X
292 3643 336 3696 0
362 3638 631 3710 ejusdem
649 3636 849 3693 circuli
882 3638 926 3703 0
962 3640 1024 3701 Η,
1050 3638 1379 3709 assumptis
1404 3637 1729 3707 segmentis
1751 3642 1798 3691 Α
1830 3639 1871 3691 Χ

225 3732 265 3786 Β
280 3726 672 3801 0,complebit
683 3726 943 3797 spatium
958 3726 1235 3795 trianguli
1253 3728 1291 3780 X
1304 3727 1347 3782 0
1364 3729 1576 3783 C.Nam
1590 3730 1868 3798 aspectus

221 3818 353 3891 ipse
380 3816 496 3872 hoc
533 3816 927 3871 demonstrat.
951 3813 1661 3885 Ettriangulaigitnrocto
1689 3814 1868 3869 simul

222 3902 733 3977 comprehensain
757 3902 952 3975 spatio
964 3902 1224 3969 circuliQ
1241 3905 1303 3969 Β,
1327 3917 1588 3975 quorum
1609 3907 1871 3973 quatuor

221 3992 593 4065 triangulum
616 3996 957 4062 utrumque,
980 3990 1181 4061 majus
1200 4005 1419 4063 nempe
1447 3998 1494 4045 Α
1523 3993 1559 4045 Β
1603 3994 1646 4046 D
1676 3995 1722 4045 A
1762 3992 1801 4045 Β
1832 3989 1872 4044 C
1980 3992 2173 4060 magis
2206 3990 2535 4062 inaequales
2558 3999 2698 4047 sunt
2718 4008 2906 4064 quam
2936 3992 3304 4065 quadratum
3348 3998 3405 4048 et
3454 3992 3631 4048 trian-

223 4081 611 4151 constituunt,
640 4080 900 4151 spatium
947 4079 1152 4134 circuli
1207 4079 1617 4151 complebunt.
1677 4080 1870 4145 Quare
1978 4080 2209 4151 gulam,
2236 4085 2294 4134 ut
2330 4095 2708 4152 unaquaeque
2738 4081 2936 4151 ﬁgura
2956 4081 3308 4137 discernitur
3332 4081 3411 4137 ab
3443 4081 3631 4138 altera

228 4171 493 4245 spatium
517 4169 715 4225 circuli
743 4171 788 4234 Ο
810 4171 850 4224 Η
885 4167 1141 4240 duplum
1164 4174 1252 4225 est
1276 4169 1554 4239 trianguli
1584 4175 1627 4223 Α
1675 4171 1712 4223 Β
1763 4171 1803 4224 C
1854 4183 1869 4237 ;
1904 4195 1944 4248 ι)
1978 4168 2316 4241 aequalitate
2344 4168 2838 4241 etinmqualitate.
2859 4169 3630 4242 Quaecunqueigitursitum

220 4276 368 4317 nam
408 4256 609 4314 circuli
628 4263 687 4313 et
732 4256 1051 4313 amborum
1100 4257 1535 4327 triaugulorum
1576 4255 1873 4329 perimetri
1980 4258 2205 4316 habent
2229 4256 2702 4328 mquabiliorem,
2744 4258 2845 4314 illa
2890 4264 3027 4313 sunt
3074 4260 3508 4331 praestantiora,
3568 4264 3633 4315 ut

224 4352 366 4405 sunt
386 4347 831 4419 mquales,cum
851 4350 1113 4417 quatuor
1136 4346 1253 4401 sint
1274 4345 1569 4415 triangula
1611 4346 1673 4401 in
1716 4349 1871 4400 utro-
1980 4348 2160 4403 etiam
2184 4345 2322 4402 talia
2359 4346 2437 4401 ab
2484 4346 2616 4418 ipsa
2663 4347 2858 4404 forma
2913 4348 3122 4403 effecta
3170 4353 3328 4404 sunt.
3379 4348 3631 4415 Quilibet

221 4454 346 4511 que
376 4434 694 4507 triangula.
724 4434 909 4490 Habet
924 4435 1103 4504 igitur
1118 4434 1377 4490 circulus
1389 4440 1524 4490 octo
1537 4433 1832 4503 triangula
1856 4450 1869 4499 ;
1980 4436 2158 4507 igitur
2182 4434 2461 4491 fatebitur
2489 4435 2638 4491 nihil
2664 4437 2857 4509 magis
2881 4436 3113 4509 aequale
3144 4452 3273 4493 esse
3310 4454 3495 4510 quam
3524 4440 3637 4492 cir-

221 4527 332 4599 qui
368 4526 544 4595 igitur
562 4523 818 4580 circulus
838 4522 1244 4595 suppeditabit
1262 4523 1621 4579 diametrum
1650 4538 1723 4578 ex
1751 4537 1874 4594 qua
1983 4528 2188 4579 culum
2206 4528 2264 4578 et
2294 4523 2617 4594 spheram,
2642 4524 2721 4581 ab
2741 4525 2871 4580 aliis
2910 4530 3111 4582 autem
3158 4526 3442 4581 omnibus
3498 4540 3634 4580 meo

223 4618 607 4671 construatur
625 4611 992 4682 triangulum
1012 4611 1874 4683 aaqualiumlaterumetangu-
1979 4612 2207 4684 judicio
2259 4612 2679 4668 discernuntur
2724 4614 3094 4686 quadratum
3147 4620 3205 4669 et
3268 4613 3635 4683 triangulum

220 4700 1485 4774 lorum,duplusestipsiustrianguli;quod
1501 4699 1879 4772 oportuitde—
1986 4700 2305 4773 aequalium
2334 4700 2609 4757 laterum.
2636 4702 2801 4773 quod
2833 4718 2954 4757 non
2977 4702 3208 4773 absque
3239 4702 3465 4755 ratione
3493 4699 3636 4753 dici-

224 4799 581 4850 monstrare.
596 4793 785 4863 Atque
798 4791 927 4845 hac
938 4790 1186 4861 quidem
1198 4790 1719 4847 hactenus.0ratio
1738 4806 1877 4846 vero

222 4884 556 4938 revertatur
594 4877 671 4935 ad
684 4877 1062 4951 propositum
1073 4878 1217 4933 illud
1232 4878 1306 4934 de
1317 4878 1526 4949 ﬁguris
1538 4878 1879 4950 imparibus

224 4970 422 5027 forma
440 4967 775 5041 aqualibus
794 4971 853 5023 et
872 4966 1275 5037 inaaqualibus
1291 4966 1697 5025 utrelictoboc
1720 4968 1879 5024 theo-

164 5092 170 5099 -
222 5063 454 5116 remate
475 5055 643 5129 quod
665 5055 858 5113 obiter
886 5054 1095 5112 incidit
1113 5055 1193 5111 ad
1209 5071 1462 5129 scopum
1479 5056 1734 5113 festinet.

297 5155 353 5203 7.
384 5150 510 5203 Non
525 5145 803 5215 estigitur
814 5143 1070 5200 circulus
1084 5144 1380 5202 duntaxat
1392 5144 1730 5217 aequalitate
1762 5144 1882 5201 exi-

224 5238 387 5297 mius
400 5249 585 5307 supra
595 5249 840 5291 omnem
877 5235 1139 5306 ﬁguram
1153 5233 1447 5307 aequalem
1457 5277 1471 5298 .
1486 5250 1688 5289 verum
1703 5234 1880 5290 etiam

226 5341 415 5399 supra
432 5339 678 5381 omnem
708 5322 966 5394 ﬁguram
992 5339 1129 5396 quae
1142 5323 1716 5381 describitur.Nemo
1742 5338 1882 5379 vero

1981 3015 2154 3071 cedat
2183 3020 2245 3072 ut
2268 3016 2383 3071 hoc
2414 3015 2598 3071 modo
2618 3018 2819 3073 omnis
2840 3018 3098 3075 circulus
3127 3035 3200 3074 ex
3243 3019 3472 3074 ratione
3529 3021 3631 3077 de-

1980 3103 2279 3160 scribatur
2307 3103 2503 3160 ductis
2534 3110 2696 3160 recta
2720 3104 2890 3162 lineis
2914 3106 2991 3162 ad
3044 3108 3350 3163 terminos.
3385 3107 3500 3164 Sed
3561 3109 3637 3164 de

1979 3192 2309 3248 sectoribus
2334 3208 2497 3248 nunc
2523 3207 2647 3249 non
2692 3199 2782 3249 est
2837 3194 3007 3251 nobis
3057 3211 3255 3252 sermo
3308 3196 3634 3263 institutus,

1977 3282 2226 3353 quando
2246 3296 2444 3353 neque
2498 3298 2719 3354 scopus
2761 3284 2858 3340 hic
2895 3284 3072 3340 nobis
3132 3291 3221 3340 est
3264 3286 3629 3357 propositus,

1978 3386 2112 3426 cum
2127 3369 2438 3426 ostendere
2450 3373 2928 3428 constituerimus
2938 3374 3242 3444 quomodo
3256 3389 3633 3446 unaquaeque

1979 3459 2171 3516 forma
2189 3474 2679 3533 unamquamque
2695 3461 2949 3532 ﬁguram
2965 3462 3396 3533 informavit,ut
3407 3463 3485 3519 ab
3500 3463 3630 3519 aliis

1978 3548 2187 3618 ﬁguris
2203 3554 2603 3619 separaretur.
2636 3552 2732 3606 Est
2761 3556 2962 3606 autem
3014 3551 3210 3623 prima
3256 3557 3314 3607 et
3357 3552 3631 3608 omnium

1980 3638 2241 3693 maxime
2262 3637 2538 3694 ordinata
2567 3637 2760 3708 ﬁgura
2789 3639 3069 3700 circulus.
3084 3656 3155 3695 ex
3169 3656 3292 3712 quo
3308 3641 3489 3696 etiam
3503 3640 3630 3709 glo-

1980 3724 2092 3780 bus
2121 3731 2373 3796 constat,
2402 3726 2618 3782 deinde
2638 3728 3025 3799 quadratum,
3048 3728 3267 3784 deinde
3294 3728 3629 3798 triangulus

1979 3814 2301 3886 aequalium
2328 3813 2579 3870 laterum
2611 3833 2628 3886 ;
2658 3830 2854 3887 neque
2874 3815 3181 3887 cylindrus
3208 3832 3403 3889 neque
3418 3831 3627 3884 conus,

1980 3918 2175 3974 neque
2208 3902 2438 3972 prisma
2468 3917 2662 3975 neque
2686 3905 2949 3975 pyramis
2971 3909 3110 3959 sunt
3135 3904 3454 3974 ejusmodi,
3486 3919 3629 3959 nam

1987 4806 2147 4855 mus;
2176 4790 2296 4845 imo
2319 4796 2408 4845 est
2431 4790 2547 4845 hoc
2573 4791 3181 4855 necessarium.0uod
3199 4788 3244 4842 si
3267 4787 3401 4858 quis
3422 4793 3637 4858 praeter

1987 4878 2134 4935 illud
2160 4884 2433 4933 nostrum
2456 4878 2837 4950 propositum
2860 4877 3114 4948 reperiat
3146 4876 3326 4930 alium
3377 4874 3637 4945 ﬁguram

1989 4966 2209 5021 circulo
2236 4966 2430 5035 magis
2461 4966 2777 5037 aequalem,
2803 4964 2883 5019 illi
2903 4978 3192 5033 magnam
3233 4963 3490 5031 gratiam
3537 4963 3638 5018 ha-

1987 5055 2171 5113 bituri
2200 5071 2428 5109 sumus.
2454 5054 2698 5109 Veniam
2712 5059 2910 5108 autem
2926 5068 3036 5108 nos
3050 5051 3446 5125 deprecamur
3472 5051 3638 5126 quod

1992 5159 2284 5216 negemus
2308 5142 2666 5214 inmqualem
2699 5141 2955 5209 ﬁguram
2970 5156 3097 5196 esse
3130 5142 3418 5197 ordinata:
3434 5142 3640 5211 ﬁgurae

1995 5232 2275 5305 aequalem
2315 5246 2453 5286 cum
2481 5234 2807 5302 praesertim
2825 5230 2939 5285 hoc
2961 5231 3141 5287 modo
3161 5230 3303 5286 illud
3338 5229 3502 5302 quod
3558 5233 3642 5283 est

1996 5321 2227 5393 aequale
2248 5318 2532 5391 inaequali
2554 5316 2965 5390 prasteramus.
2998 5319 3110 5375 Sed
3137 5324 3261 5375 esto
3292 5317 3495 5391 aliqua
3524 5315 3643 5372 alia

297 5475 379 5549 (t)
418 5480 719 5549 Τεταγμόνα
746 5480 1005 5549 σχήματα
1029 5474 1113 5549 ab
1135 5480 1375 5549 auctore
1406 5473 1783 5549 appellantur
1803 5471 1883 5524 οἰκ]

2007 5490 2166 5525 τατα.
2204 5467 2346 5525 Vide
2375 5466 2749 5524 Aristotelem
2781 5469 2974 5542 primo
3002 5470 3085 5527 De
3114 5469 3280 5525 caelo.

296 5543 377 5640 (2)
417 5543 633 5620 Αἴτημα
659 5543 977 5610 Mamaea
1008 5551 1073 5603 ut
1096 5544 1361 5618 loquitur
1391 5543 1754 5601 Aristoteles.
