4066 6212
600 294 731 352 1591

606 521 666 571 τὸ
703 515 879 569 ἄνισον
943 529 1244 586 κρειττονως
1299 505 1603 569 εἰδοποίησε
1626 513 1685 563 τὸ
1716 506 1877 579 εἶδος,
1937 508 1981 561 εἰ
2022 513 2093 583 μή
2156 527 2210 560 τι

608 602 1050 680 παραλογίζηται.

677 693 742 752 η’.
776 696 994 765 Δέγοριεν
1014 689 1104 743 οῦν
1134 686 1217 741 ὁτε
1241 689 1413 762 ὥσπερ
1437 690 1485 741 ἓν
1533 687 1627 748 ὕλη
1686 692 1744 742 τὸ
1802 684 1961 754 εἶδος,
2017 686 2064 739 ἐν
2110 688 2208 759 φύ-

608 802 690 837 σει
714 778 951 848 παιδεία,
973 783 1063 831 καὶ
1094 779 1268 851 ὥσπερ
1298 779 1323 831 ὃ
1357 787 1548 852 σχῆμα
1617 778 1847 854 ἰσότερον
1912 779 2211 852 κρειττόνως

605 874 750 950 παρὰ
772 877 865 925 τοῦ
897 865 1074 931 εἱδους
1095 864 1404 927 εἰδοποιήθη
1466 876 1559 922 τοῦ
1614 872 1683 942 μὴ
1744 868 1949 926 ἰσότητι
1969 870 2069 939 ἴσῳ
2119 865 2210 919 αὐ·

604 972 722 1033 τοῦ,
752 963 912 1022 οῦτῶς
973 960 1112 1017 καὶή
1176 960 1377 1031 φύσιςή
1431 957 1786 1033 ρυθμισθεῖσα
1838 954 2058 1012 παιδεία
2120 960 2209 1009 καὶ

606 1054 710 1107 οἷον
758 1048 1151 1108 εἰδοποιηθείσα
1214 1051 1454 1123 κρείττων
1526 1047 1636 1100 ἐστί
1695 1056 1785 1109 τῆς
1837 1049 1906 1121 μή
1961 1041 2206 1099 παιδείαν

609 1145 867 1216 σχούσης.
903 1139 1056 1212 "Exn
1082 1134 1141 1191 δε
1168 1136 1359 1199 πλάτος
1380 1136 1510 1190 πολὺ
1535 1145 1630 1200 τῆς
1648 1139 1891 1210 σχούσης
1922 1137 1951 1195 ἡ
1979 1132 2209 1209 διαφορὰ

606 1234 688 1286 ὅτι
707 1236 786 1294 τὶς
817 1233 905 1303 μεν
935 1232 1090 1301 φύσις
1115 1229 1271 1299 ἴσχεν
1288 1226 1408 1285 ὃλην
1434 1223 1698 1294 παιδείαν,
1755 1231 1834 1289 τὶς
1900 1222 1959 1278 δὲ
2014 1228 2204 1298 ἣμισυ,

606 1326 678 1384 τὶς
701 1318 759 1375 δι
788 1319 910 1378 ὃλην
949 1318 1093 1393 παρά
1142 1335 1197 1370 τε
1257 1316 1403 1387 ἕτερα
1468 1313 1528 1369 δέ
1582 1314 1719 1369 κατᾶ
1766 1312 2039 1389 βαθμίδας
2079 1311 2205 1383 οἷον,

605 1413 697 1472 ἕως
723 1419 821 1472 τῆς
844 1413 1022 1482 μέσον,
1053 1410 1143 1459 καὶ
1203 1404 1259 1457 ix
1318 1407 1502 1458 τούτου
1528 1405 1622 1466 ἕως
1676 1412 1768 1458 τοῦ
1843 1413 1938 1465 τῆς
1967 1400 2208 1462 παίὸείας

607 1501 743 1554 κατὰ
774 1502 861 1551 τὸν
878 1497 1031 1550 αὐτόν
1055 1493 1226 1567 λόγον,
1259 1493 1515 1566 ἐσχάτου,
1548 1496 1577 1553 ἡ
1624 1491 1683 1547 δὲ
1727 1498 1799 1567 μὴ
1859 1498 2076 1565 σχοῦσα
2126 1494 2206 1544 τέ-

607 1588 739 1659 λεον,
791 1586 1077 1660 ἀτιμοτάτη
1139 1583 1323 1640 τεἎεον.
1392 1590 1540 1656 Τρεῖς
1598 1591 1723 1656 γοῦν
1773 1582 2046 1655 εἰρήκαμεν
2100 1600 2209 1633 κοι-

607 1682 792 1739 νωνίας
823 1678 1145 1749 πρωτίστας,
1194 1680 1265 1744 τῷ
1321 1673 1545 1745 ἄρχοντι
1594 1677 1849 1725 κοινωνεῖν
1901 1670 1962 1732 ἃς
2005 1672 2207 1744 εἰπομεν

607 1775 707 1819 τῶν
735 1762 787 1818 δ’
827 1764 992 1817 ἄλλων
1033 1760 1387 1835 ἐπιμελεῖσθαι
1430 1764 1552 1822 ὅσας
1599 1757 1668 1820 δὴ
1727 1770 1800 1832 τῷ
1857 1764 2013 1831 κοὶνῳ
2073 1778 2209 1832 συμ-

609 1853 920 1928 ϐαλλομὲνας
985 1854 1102 1929 ὁρᾷ,
1167 1854 1235 1911 εἰς
1292 1869 1348 1903 τε
1402 1853 1662 1903 σύστασιν
1741 1853 1831 1902 καὶ
1915 1848 2207 1923 εὐμάρειαν,

606 1947 729 2007 τοὺς
754 1940 813 1997 δι
841 1944 973 2016 μετὰ
998 1945 1083 1994 τὸν
1104 1949 1307 2015 πρῶτον
1362 1947 1434 2011 τῷ
1486 1945 1674 2013 πρώτῳ
1727 1940 2039 2012 ὁμοιοῦσθαι
2095 1940 2211 2013 ὀρί-

608 2034 783 2107 ζοριενσ
832 2031 876 2085 εἰ
925 2033 1029 2104 γὰρ
1085 2028 1270 2090 ἓκεῖνος
1312 2036 1543 2082 κοινωνεί
1588 2036 1695 2090 τοῖς
1756 2035 1995 2101 φυσικοῖς
2052 2046 2104 2081 τε
2123 2031 2212 2079 καὶ

608 2117 1042 2194 πεπαὶδευμένοις
1069 2118 1266 2193 λόγοις,
1316 2119 1460 2172 οὗτοι
1510 2115 1569 2171 δε
1614 2122 1736 2181 τοὺς
1798 2114 1959 2171 αὗτοῦ
2009 2117 2210 2190 λόγους,

608 2212 780 2287 ὥσπερ
830 2212 971 2271 τινὰς
1042 2210 1245 2282 μορφὰς
1290 2208 1515 2282 αἴροντες
1575 2206 1647 2271 εἰς
1696 2206 2214 2269 ἀλλήλους’ποιοῦσι
2284 2206 2287 2209 ’

606 2302 700 2363 τὰς
728 2302 1012 2367 κοινωνίας,
1054 2293 1206 2350 οὐδέν
1257 2295 1400 2350 ἔστιν
1465 2296 1608 2368 ἄλλο,
1650 2298 1679 2357 ἣ
1736 2299 1817 2350 ὅτι
1854 2296 2001 2352 κειτὰ
2054 2300 2211 2370 φύσιν

607 2404 700 2443 και
734 2384 981 2443 παιδείαν
1036 2394 1268 2441 κοινωνεῖ
1316 2395 1390 2458 τῷ
1445 2395 1620 2459 κοινῷ.
1672 2393 1818 2447 Πὸση
1879 2386 1929 2443 δ’
1986 2388 2111 2441 αὗτὸ
2159 2407 2214 2442 τε

610 2477 827 2551 ὼφέλὲια
870 2481 1071 2551 κόσμου
1126 2477 1317 2529 ὁποταν
1372 2475 1526 2549 λόγος
1574 2480 1664 2549 μεν
1721 2476 1895 2553 ὁρίζῃ,
1946 2481 2102 2551 φύσις
2153 2473 2214 2531 δὲ

609 2569 837 2643 πράττη,
865 2570 1037 2619 καὶτὸ
1075 2570 1146 2640 μή
1179 2564 1334 2638 λόγου
1377 2569 1469 2618 καὶ
1516 2568 1736 2639 φύσεως,
1785 2566 1959 2642 πόρρω
2006 2567 2202 2642 βαίνει,

587 2742 782 2814 ﬁgura
805 2746 1021 2817 praster
1037 2740 1336 2801 circulum
1357 2742 1619 2802 maxime
1648 2743 1919 2802 omnium
1941 2743 2239 2804 ordinata.

2128 280 2484 351 ADDENDA.
3769 308 3860 366 nu

607 428 790 481 ἀνίσου
840 421 1174 480 ἠθοποιῆσαι
1242 420 1448 493 φάσκεν
1505 415 1675 481 οὐδεὶς
1725 421 1827 495 γὰρ
1879 438 1975 478 rma
2027 421 2210 495 ὅπιπερ
2268 424 2315 477 Α

2371 418 2579 492 ἀγαθῶν
2609 425 2699 494 μέν
2728 420 2933 496 πλήρης
2968 414 3117 495 γαῖα,
3177 416 3235 474 τὸ
3277 410 3320 475 τὁ
3370 420 3425 475 ἂν
3473 414 3646 499 πλήρης
3695 424 3848 505 δ’ὑγρά,

2370 506 2584 569 Ἐπειδή
2636 508 2695 565 δε
2742 511 2837 565 οὐκ
2888 512 3004 565 ἑστι
3044 530 3197 565 τουτο
3250 510 3422 587 εὑρεῖν,
3475 519 3656 586 χείρους
3702 521 3774 591 γὰρ
3814 524 3849 575 οἱ

2367 597 2596 668 πλείους,
2657 600 2777 663 τούς
2867 600 3113 675 ὁρισμοὺς
3155 604 3245 673 μὲν
3319 602 3455 674 ἡμεῖς
3530 602 3849 680 ἀναγεγράφαμεν

2368 692 2457 740 καὶ
2512 692 2605 747 τὴν
2656 689 2897 749 ἀλήθειαν
2947 691 3176 763 εἴπομεν,
3243 687 3402 763 ἐράτω
3454 687 3507 744 δὲ
3546 694 3568 744 ὁ
3609 692 3848 767 gavisam;

2367 778 2416 829 οὶ
2442 772 2494 830 δ’
2525 777 2669 832 ἀλλοι
2698 782 2763 842 ὡς
2790 784 2878 832 καὶ
2907 777 3179 853 βούλοιντό
3225 776 3638 855 διατρεχέτωσαν.
3671 779 3777 835 Οἶδα
3814 782 3851 838 δι

2366 865 2555 936 καλῶς,
2580 867 2662 920 ὃτι
2685 875 2785 931 πᾶς
2818 871 2953 941 ἔχων
3004 875 3121 921 νοῦν
3174 868 3268 921 οὖκ
3319 870 3377 920 ἀν
3419 888 3531 922 ποτε
3586 869 3747 930 ἀποστῇ
3789 882 3853 925 τῶν

2367 962 2567 1029 τρόπων
2614 967 2713 1011 τῶν
2784 961 3082 1033 εἰρημένων,
3136 960 3226 1012 ἅτε
3274 959 3555 1033 φιλοσοφίας
3606 967 3681 1013 καὶ
3731 968 3856 1033 σοφίας

2366 1044 2791 1122 ἔγχαραττόντων
2820 1052 2913 1110 τὰς
2944 1045 3120 1116 ὀδοὺς,
3180 1047 3279 1121 ἐγὼ
3332 1045 3409 1117 δὲ,
3457 1047 3542 1102 κᾶν
3590 1051 3613 1102 ὁ
3649 1050 3771 1110 πολὺς
3806 1054 3860 1103 ἀνα

2368 1137 2569 1211 θρωπος
2627 1135 2991 1212 ἁπαρέσκηται
3054 1140 3112 1190 τὸ
3178 1136 3351 1207 καλὸν,

2367 1224 2473 1278 ἀλλ’
2500 1224 2852 1288 ἀνυποστόλως
2882 1226 3007 1302 ἇρών
3035 1231 3126 1279 καὶ
3148 1222 3301 1289 αὖθις
3326 1227 3607 1302 εἰρήσομαι.

2441 1314 2502 1372 θ’.
2531 1319 2640 1370 Λύο
2668 1324 2793 1389 γοῦν
2824 1313 2948 1369 οἶδα
2977 1314 3111 1370 εἷναῖ
3158 1318 3313 1388 φύσιν
3368 1320 3454 1368 καὶ
3505 1320 3558 1369 τὸ
3603 1314 3861 1389 συμϐεϐηκὸς,

2366 1409 2456 1458 καὶ
2478 1408 2536 1458 τὸ
2577 1408 2667 1479 μὶν
2696 1408 2898 1479 φύσεως
2936 1408 3140 1479 ποίημά
3169 1404 3283 1459 ἐστι
3313 1410 3399 1459 καὶ
3456 1405 3561 1458 λίαν
3613 1403 3720 1472 ἐστὶ,
3753 1408 3797 1457 τὸ
3830 1402 3865 1458 5‘:

2366 1502 2457 1547 τοῦ
2491 1494 2875 1567 σνμϐεϐῆκοτος
2919 1497 3055 1548 κατὰ
3106 1501 3293 1569 κρᾶσιν
3352 1498 3498 1568 μόνον
3548 1499 3757 1567 γίγνεται·
3795 1496 3867 1546 ἐστι

2369 1579 2428 1636 δε
2459 1581 2699 1637 δεκτικὸν
2720 1591 2910 1661 κρᾶσις
2939 1584 3100 1638 καλοῦ
3156 1589 3246 1639 καὶ
3311 1590 3380 1658 μή
3432 1583 3580 1637 καὶοῦ
3634 1589 3709 1637 καὶ
3745 1591 3871 1651 κακοῦ,

2366 1675 2432 1734 ὡς
2460 1679 2551 1727 καὶ
2580 1676 2638 1727 τὸ
2676 1673 3028 1747 συμϐεϐηκὸς,
3075 1693 3200 1740 οιον,
3256 1673 3336 1726 ὃτι
3378 1693 3452 1735 τις
3496 1678 3773 1749 στρατιώτης
3806 1692 3874 1724 κοι-

2367 1770 2514 1815 νωνεῖ
2536 1782 2658 1833 τινι,
2711 1768 2864 1816 τοῦτο
2885 1769 3095 1836 κρᾶσις·
3152 1762 3197 1816 εἰ
3244 1766 3336 1836 μὲν
3386 1763 3471 1816 οὖν
3523 1761 3683 1834 ἀγαθῷ
3721 1767 3878 1814 κοινωνεί

2370 1870 2531 1924 τεχνη
2564 1856 2654 1905 καὶ
2682 1853 2855 1925 φύσει,
2884 1853 2913 1911 ἠ
2947 1858 3134 1925 κρᾶσις
3160 1847 3234 1911 ἥδ
3239 1872 3270 1911 η
3319 1850 3477 1905 καλοῦ
3530 1848 3737 1921 δεκτικὴ,
3778 1850 3809 1903 εἰ
3841 1846 3877 1902 ὢ

2371 1946 2443 2014 μὴ
2470 1940 2610 2011 καλῷ
2656 1950 2718 2001 τῆ
2753 1960 2914 2013 τεχνη
2970 1946 3059 1994 καὶ
3110 1948 3171 2014 τῇ
3243 1944 3419 2014 φύσει,
3469 1946 3534 2003 ὡς
3581 1944 3744 2013 πέφυκε
3779 1946 3879 1990 τοῦτο

2372 2031 2633 2102 γενέσθαι,
2652 2027 2951 2091 ἀλ)“άπλῶς
2991 2033 3117 2101 ὄντι,
3174 2031 3204 2089 ἡ
3264 2036 3455 2105 κρᾶσις
3504 2025 3691 2086 δεκτικὴ
3737 2032 3792 2101 μὴ
3822 2046 3881 2078 ιε·

2372 2118 2484 2171 λὸῦο
2559 2117 2603 2171 εἰ
2650 2115 2709 2171 δε
2759 2123 2995 2191 κακίστῳ
3041 2120 3172 2171 κατά
3224 2137 3279 2171 τε
3347 2121 3501 2191 φύσιν
3550 2122 3632 2170 καὶ
3680 2116 3877 2188 ﬂvunt

3430 1140 3597 1190 οὔκουν
3642 1138 3855 1191 aromatis}:

2373 2216 2563 2285 κρᾶσις
2613 2205 2827 2268 δεκτικὴ
2884 2216 2975 2262 τοῦ
3040 2216 3227 2276 κακοῦ,
3281 2210 3310 2268 ἡ
3361 2210 3466 2285 ἄρα
3516 2214 3690 2283 κρᾶσις
3732 2202 3878 2259 δεκτικὴ

2374 2298 2554 2367 καλοῦ,
2586 2302 2677 2350 καὶ
2701 2303 2771 2371 μὴ
2795 2297 2954 2351 καλοῦ
3002 2302 3092 2351 καὶ
3148 2305 3338 2356 κακοῦ.
3368 2305 3458 2361 Τις
3500 2300 3585 2370 μὲν
3640 2292 3715 2348 οὖν
3752 2300 3881 2368 κρᾶσις

2373 2386 2422 2441 ἕν
2452 2390 2624 2462 φύσει,
2679 2391 2769 2441 καὶ
2820 2391 2900 2450 τίς
2957 2390 3108 2461 φὺσίς
3170 2387 3219 2442 ἐν
3276 2390 3482 2464 κράσει,
3537 2385 3590 2438 αἱ
3638 2384 3883 2448 ignaram:

2373 2478 2441 2539 εἰς
2493 2477 2618 2532 αῦτό
2661 2480 2728 2545 ;ὴ
2797 2479 2898 2552 γὰρ
2964 2476 3164 2550 ἀγαθοῦ
3231 2475 3416 2550 ἀγαθῷ
3453 2479 3694 2540 κοινωνία,
3735 2479 3880 2546 κρᾶσις,

2374 2566 2501 2623 ἀλλὰ
2527 2568 2664 2621 κατὰ
2700 2568 2872 2641 φύσιν·
2922 2567 2970 2620 ἓν
3020 2570 3186 2627 ταῦτ-η
3218 2574 3347 2640 γοῦν
3402 2571 3463 2626 τὴ
3528 2562 3697 2639 κράσει
3737 2582 3806 2615 και
3838 2579 3883 2620 τις

2349 2745 2513 2803 tione
2550 2760 2679 2803 esse
2708 2744 2986 2819 positam,
3028 2743 3128 2800 vix
3167 2747 3374 2801 autem
3404 2743 3523 2801 dici
3557 2742 3745 2817 possit,
3776 2753 3900 2813 quan-

588 2833 809 2890 Verum
843 2848 918 2890 ne
946 2833 1031 2890 sic
1067 2833 1317 2908 quidem
1348 2839 1551 2891 noster
1579 2850 1777 2892 sermo
1798 2835 2020 2892 inutilis
2045 2837 2236 2893 fuerit.
2278 2855 2319 2912 ο
2349 2838 2477 2891 tum
2517 2833 2939 2906 adjumentum
2968 2833 3230 2891 societati
3246 2832 3537 2891 humana:
3591 2831 3853 2896 aﬂerretur,
3874 2826 3902 2881 si

582 2937 707 2996 quo
720 2937 1136 2980 asseveramus
1153 2923 1513 2997 aequalitatis
1534 2924 1793 2982 formam
1808 2923 2239 2998 inasqualitatis

585 3012 781 3069 forma
796 3027 930 3069 esse
945 3014 1421 3085 praestantiorem
1454 3028 1467 3081 ;
1491 3029 1672 3071 nemo
1685 3014 1845 3071 enim
1862 3014 2072 3072 dixerit
2093 3015 2231 3073 inae-

585 3100 892 3174 qualitatis
923 3101 1185 3159 formam
1209 3102 1567 3177 (equalitatis
1591 3104 1787 3162 forma
1807 3120 1940 3162 esse
1952 3110 2239 3179 praestan-

584 3190 814 3262 tiorem,
848 3190 961 3247 nisi
991 3190 1170 3248 rebus
1209 3192 1427 3249 fucum
1458 3192 1719 3265 aliquem
1749 3193 1946 3251 faciat.

658 3280 711 3335 8.
747 3279 1197 3351 Dicimusigitur
1216 3281 1481 3338 formam
1498 3282 1819 3340 inmateria
1842 3282 1904 3339 id
1931 3284 2239 3358 essequod

587 3368 756 3425 estin
780 3372 999 3426 natura
1023 3368 1279 3427 eruditio
1313 3376 1408 3440 ;et
1445 3376 1511 3428 ut
1555 3372 1751 3444 ﬁgura
1800 3373 2067 3431 maxime
2113 3390 2240 3431 om-

587 3458 756 3515 nium
770 3458 1017 3532 aequalis
1029 3459 1287 3516 formam
1299 3464 1477 3518 nacta
1486 3465 1573 3517 est
1584 3462 1855 3519 omnium
1867 3464 2238 3535 praestantis-

590 3546 828 3613 simam,
854 3548 935 3605 ita
959 3548 1139 3605 etiam
1166 3553 1383 3606 natura
1413 3550 1741 3608 eruditione
1762 3557 1978 3609 ornata
2001 3557 2057 3609 et
2085 3568 2235 3626 qua-

590 3635 642 3691 si
666 3634 990 3693 informata
1018 3638 1398 3710 praestantior
1425 3643 1514 3697 est
1541 3655 1613 3696 ea
1636 3654 1773 3713 quae
1799 3640 2130 3698 eruditione
2142 3656 2237 3698 ca-

589 3729 698 3780 ret.
728 3722 842 3780 Sed
869 3741 1163 3797 magnum
1195 3742 1440 3801 quoque
1505 3727 1698 3785 latum
1780 3729 2101 3786 discrimen
2148 3745 2235 3786 re-

586 3811 813 3886 peritur
848 3813 909 3870 in
935 3819 1152 3873 natura
1166 3816 1561 3874 eruditionem
1573 3817 1852 3888 habente,
1884 3820 2049 3891 quod
2074 3834 2236 3893 qure-

587 3901 732 3959 dam
761 3907 978 3960 natura
1008 3904 1353 3963 universam
1379 3906 1776 3963 eruditionem
1808 3907 2048 3979 habeat,
2077 3925 2236 3982 qure-

586 3990 731 4047 dam
769 4007 912 4049 vero
929 3992 1229 4066 simplam,
1245 3994 1525 4069 quadam
1540 4011 1747 4052 rursus
1760 3997 2101 4053 universam
2128 3997 2239 4054 ali-

588 4080 761 4152 cujus
772 4081 979 4154 partis,
993 4082 1178 4140 altera
1189 4099 1329 4140 vero
1342 4084 1659 4141 abinfimis
1672 4085 1749 4141 ad
1764 4085 2030 4142 medium
2045 4103 2237 4160 usque

2350 2924 2502 2981 ratio
2532 2923 2945 2997 praescriberet
2966 2927 3024 2979 et
3051 2927 3272 2979 natura
3311 2927 3537 2994 ageret,
3569 2926 3623 2978 et
3645 2922 3690 2977 si
3712 2916 3904 2975 aratione

2350 3028 2422 3070 ac
2450 3018 2666 3069 natura
2694 3028 3009 3085 nunquam
3025 3010 3495 3069 declinaremus.
3522 3014 3669 3067 Tunc
3691 3008 3818 3066 enim
3838 3006 3903 3061 ho-

2347 3117 2568 3159 norum
2595 3101 2768 3158 tellus
2780 3107 2937 3158 esset
2952 3100 3132 3175 plena
3147 3106 3202 3158 et
3216 3117 3386 3158 mare
3400 3100 3644 3174 plenum
3670 3117 3682 3167 ;
3701 3095 3905 3171 quoniam

2348 3196 2549 3249 autem
2570 3191 2688 3249 hoc
2717 3206 2841 3248 non
2870 3190 3338 3264 potestinveniri
3362 3196 3529 3260 (nam
3551 3184 3907 3262 etimperiectio-

2346 3296 2442 3338 res
2479 3284 2536 3338 et
2564 3280 2765 3354 plures
2803 3280 3269 3353 temperationes
3324 3278 3753 3353 descripsimus,
3778 3276 3839 3331 ita
3871 3274 3907 3327 ut

2344 3370 2407 3427 id
2444 3370 2610 3444 quod
2639 3386 2852 3428 verum
2870 3375 2957 3427 est
2976 3370 3347 3440 dixerimus),
3370 3374 3580 3427 nostra
3610 3366 3909 3441 amplectatur

2344 3459 2451 3533 qui
2474 3459 2655 3528 volet;
2685 3459 2785 3517 alii
2813 3474 2957 3517 vero
3020 3474 3093 3517 ea
3162 3460 3450 3517 insistant
3486 3460 3583 3516 via
3629 3471 3749 3531 qua:
3780 3449 3907 3522 ωειςίε

2343 3548 2489 3621 ipsis
2526 3549 2836 3622 placuerit,
2868 3564 3225 3623 quanquam
3256 3551 3388 3607 scio
3420 3547 3735 3623 quemlibet
3775 3544 3907 3600 mente

2345 3637 2660 3710 praeditum
2698 3653 3015 3710 nunquam
3050 3636 3728 3695 discessurumamodis
3766 3644 3904 3703 supra-

2343 3725 2622 3796 dictis,eo
2650 3725 2816 3800 quod
2837 3727 2898 3783 in
2921 3742 3119 3784 veram
3157 3725 3565 3800 philosophiae
3594 3730 3649 3783 et
3686 3720 3907 3795 sapientia

2341 3818 2496 3876 viam
2526 3817 2928 3875 introducant.
2954 3820 3075 3889 Ego
3098 3832 3237 3875 vero
3268 3818 3511 3875 etiamsi
3531 3814 3693 3873 multi
3716 3811 3909 3870 homines

2343 3905 2726 3964 offenduntur
2745 3920 3064 3979 nunquam
3090 3904 3389 3963 dubitabo
3408 3906 3475 3963 id
3494 3904 3657 3979 quod
3674 3916 3842 3960 verum
3862 3899 3913 3952 est

2346 3996 2567 4066 dicere,
2586 3995 2768 4069 idque
2791 4011 2999 4051 rursus
3018 3999 3309 4068 repetam.

2417 4088 2470 4140 9.
2502 4087 2631 4141 Duo
2660 4098 2790 4140 esse
2814 4089 2976 4140 certo
3014 4085 3137 4141 scio
3176 4088 3467 4141 naturam
3494 4087 3553 4142 et
3575 4081 3848 4141 accidens;
3874 4085 3915 4127 λθ

589 4170 858 4227 ascendit
881 4175 940 4227 et
968 4173 1219 4229 amedio
1240 4189 1431 4246 usque
1461 4174 1540 4230 ad
1569 4175 2237 4234 eruditionem.Eadem-
2275 4209 2317 4264 ο
2348 4179 2579 4231 natura:
2607 4173 2855 4264 quidem
2882 4189 3037 4264 opus
3064 4172 3431 4247 praeclarum
3458 4178 3567 4264 est,
3598 4178 3658 4229 at
3679 4160 3913 4264 acciderim

590 4259 1325 4334 querationenaturaquas
1349 4263 1429 4318 ad
1458 4262 1733 4320 ultimum
1763 4280 1949 4338 usque
1981 4267 2238 4337 gradum

590 4345 918 4404 descendit.
963 4350 1106 4415 Quae
1132 4366 1269 4406 vero
1312 4350 1547 4407 tandem
1598 4352 1845 4410 omnino
1909 4354 2239 4412 eruditione

592 4440 773 4504 caret,
799 4441 890 4494 est
912 4438 1171 4495 maxime
1212 4439 1487 4497 omnium
1524 4440 1826 4512 ignobilis.
1849 4444 2241 4516 Diximusigi-

590 4529 814 4582 turtres
845 4542 978 4583 esse
990 4542 1188 4583 comm
1199 4527 1586 4601 unicationes,
1618 4530 1844 4602 primas
1857 4532 2239 4606 scilicetquas

589 4613 814 4672 habere
827 4610 1739 4676 s0cietatemetcommunionem
1755 4636 1893 4677 cum
1923 4622 2049 4678 viro
2076 4622 2237 4694 prin-

592 4704 723 4779 cipe
764 4705 1045 4764 diximus.
1075 4706 1227 4764 Aliaa
1264 4723 1407 4765 vero
1433 4708 1514 4766 ita
1541 4714 1678 4765 sunt
1706 4710 1768 4765 in
1796 4712 1987 4784 pretio
2015 4711 2241 4770 haben-

591 4793 707 4866 da,
739 4800 919 4869 prout
946 4796 1261 4853 conferunt
1279 4797 1357 4854 ad
1386 4812 1773 4855 communem
1802 4798 1965 4856 illam
1995 4801 2240 4859 societa-

588 4885 730 4955 tem,
760 4884 883 4941 sive
912 4885 993 4941 ad
1022 4886 1531 4955 constitutionem,
1581 4887 1700 4943 sive
1777 4889 1857 4945 ad
1910 4890 2237 4948 faciliorem

586 4971 883 5030 rationem
904 4975 1257 5047 pertineant.
1318 4971 1454 5032 Illos
1503 4976 1755 5049 proinde
1810 4978 1914 5051 qui
1974 4981 2239 5053 primum

586 5060 757 5119 illum
777 5062 1035 5133 gradum
1047 5068 1469 5138 assequuntur,
1489 5065 1685 5137 primo
1698 5066 1920 5124 similes
1946 5084 2076 5126 esse
2097 5068 2238 5126 dici-

587 5165 725 5207 mus
745 5151 851 5224 (l).
872 5153 1022 5209 Nam
1044 5153 1091 5209 si
1108 5153 1445 5226 primusille
1459 5157 1757 5230 particeps
1775 5164 1859 5215 est
1873 5158 2236 5216 naturalium

587 5244 646 5297 et
675 5240 1068 5298 eruditiorum
1098 5258 1468 5313 sermonum,
1499 5245 1559 5300 hi
1589 5246 1847 5303 rationes
1899 5247 2055 5303 illius
2111 5253 2237 5306 tan-

583 5341 773 5405 quam
798 5328 1020 5387 formas
1053 5332 1353 5404 quasdam
1386 5333 1776 5407 suscipientes
1789 5335 2238 5395 communicant

581 5419 738 5478 inter
761 5435 846 5477 se.
877 5421 1047 5487 Quod
1078 5422 1227 5479 nihil
1250 5422 1416 5479 aliud
1460 5429 1547 5481 est
1609 5441 1797 5498 quam
1849 5441 2237 5485 communem

578 5509 746 5571 illam
785 5506 1395 5570 communicationem
1426 5510 1490 5568 in
1539 5517 1755 5573 natura
1812 5518 1870 5572 et
1922 5514 1986 5573 in
2041 5517 2235 5575 erudi-

2349 4279 2422 4319 ex
2452 4262 2880 4336 temperatione
2908 4263 3155 4319 exsistit.
3176 4263 3563 4336 Temperatio
3589 4275 3720 4319 vero
3740 4251 3913 4316 tumba

2347 4367 2496 4408 num
2527 4356 2652 4408 tum
2683 4352 2866 4408 etiam
2910 4349 3139 4407 malum
3186 4353 3500 4424 suscipere
3547 4354 3746 4424 potest,
3786 4343 3913 4417 poteSi

2346 4457 2592 4515 quoque
2617 4440 2915 4498 accidens.
2947 4443 3016 4497 Ut
3046 4440 3095 4496 si
3116 4440 3289 4497 miles
3321 4457 3467 4499 cum
3500 4442 3697 4514 aliquo
3719 4443 3911 4493 commu-

2347 4532 2593 4586 nionem
2612 4531 2790 4595 ineat,
2804 4529 3129 4602 hocipsum
3141 4533 3230 4586 est
3243 4531 3607 4603 temperatio
3631 4545 3646 4598 ;
3673 4529 3720 4585 si
3743 4521 3909 4598 quidem

2347 4619 2528 4691 igitur
2554 4618 2716 4676 bono
2742 4634 2804 4675 se
2816 4618 3129 4691 adjungat,
3158 4628 3410 4692 propter
3422 4625 3616 4677 artem
3639 4622 3693 4675 et
3712 4618 3908 4672 naturam

2346 4709 2691 4782 temperatio
2702 4708 2922 4765 bonum
2938 4707 3303 4781 suscipit;sin
3315 4708 3469 4765 boni
3482 4707 3764 4781 particeps
3774 4701 3909 4759 erat!!!

2346 4812 2471 4854 non
2483 4802 2592 4868 est,
2605 4813 2678 4854 ex
2689 4802 2904 4855 natura
2914 4812 3055 4854 vero
3066 4801 3261 4869 potest
3275 4788 3907 4866 esse,hocestsiabsolute

2347 4890 2438 4943 est
2460 4885 2523 4943 id
2549 4886 2715 4960 quod
2743 4890 2853 4955 est,
2880 4884 3183 4958 ejusmodi
3207 4887 3570 4959 temperatio
3599 4886 3803 4944 bonum
3827 4890 3913 4969 ξυξο

2347 4976 2544 5049 cipere
2573 4979 2788 5048 potest.
2816 4976 2916 5032 Sin
2946 4992 3020 5033 ex
3042 4979 3262 5032 natura
3290 4980 3349 5032 et
3374 4992 3453 5033 ex
3467 4982 3596 5034 arte
3627 4966 3910 5061 improbi“?

2346 5083 2484 5123 mus
2510 5070 2598 5123 est
2616 5066 2848 5141 aliquis,
2879 5065 3010 5138 cjus
3034 5065 3389 5139 temperatio
3444 5065 3678 5125 malum
3717 5053 3913 5127 suscepit.

2347 5158 2538 5223 Quare
2567 5156 2918 5229 temperatio
2946 5170 3084 5228 quae
3114 5154 3349 5212 bonum
3380 5160 3442 5213 et
3467 5171 3595 5213 non
3618 5155 3816 5212 bonum
3834 5156 3912 5198 5115'

2346 5247 2542 5320 cipere
2573 5250 2784 5320 potest.
2801 5244 3031 5303 malum
3042 5259 3287 5319 quoque
3312 5250 3520 5318 potest
3532 5244 3824 5318 suscipere.
3836 5236 3913 5301 00°

2346 5343 2525 5410 pacto
2550 5339 2730 5410 igitur
2758 5336 3111 5410 temperatio
3141 5341 3228 5393 est
3256 5335 3319 5392 in
3348 5343 3578 5395 natura.
3623 5341 3678 5393 et
3716 5346 3816 5407 quo
3854 5335 3915 5395 Pa“

2347 5433 2444 5487 cto
2473 5432 2689 5487 natura
2701 5428 2859 5486 estin
2881 5425 3311 5500 temperatione
3337 5426 3613 5501 ?Nempe
3636 5439 3763 5483 cum
3786 5412 3911 5476 ωδε

2349 5517 2531 5577 simul
2540 5518 2603 5577 in
2616 5517 2831 5579 eodem
2842 5520 3160 5592 aequantur
3174 5531 3338 5589 ;nam
3363 5514 3520 5578 boni
3530 5532 3668 5575 cum
3678 5514 3819 5574 bono
3832 5515 3906 5563 οοη

648 5632 733 5711 (t)
768 5634 912 5697 Vide
947 5638 1240 5699 Thomam
1264 5637 1354 5696 De
1379 5644 1513 5697 ante
1540 5641 1597 5700 et
1622 5638 1987 5702 Averrhoem
2015 5640 2080 5702 in
2109 5642 2555 5719 Metaphysz‘cis.
