4066 6212
174 265 320 324 1393

1065 263 1422 325 THEODORI
1460 267 1506 325 Il
1543 269 1682 325 IMP.
1724 268 1815 325 DE
1855 266 2312 328 COIMUNIONE
2351 273 2720 331 NATURALI.

3467 283 3605 338 1394

203 391 382 463 φύσις,
429 386 579 442 καὶέν
629 389 791 463 τάύτη
843 395 906 464 τῇ
967 408 1121 464 φυσει
1170 394 1260 444 καὶ
1311 398 1497 468 κρᾶσις
1555 391 1810 452 κατ-άλλη·
1868 394 1914 450 Α
1969 412 2058 466 τη,
2105 395 2189 446 ἵνα
2215 394 2273 456 ὃς
2320 395 2414 449 ούκ
2452 397 2565 470 ἔχει
2611 397 2726 451 κατ’
2777 394 2977 452 εὖθεῖαν
3030 403 3124 459 τήν
3179 401 3444 476 σύμπηξιν
3487 423 3577 458 και

199 477 291 542 λος
319 477 649 537 και-αλλήλων
679 482 769 531 καὶ
813 480 872 531 16
930 479 1060 551 ὁμοῦ
1117 483 1360 552 φυσικὸν,
1412 483 1493 544 τίς
1543 478 1603 535 6'1
1653 483 1810 543 κακὸς

202 575 350 640 κακῷ
369 574 617 633 κοινωνεῖ,
646 572 836 640 κρᾶσις
895 575 1042 640 γοῦν,
1079 567 1185 621 ἁλλ’
1222 569 1281 622 ού
1329 572 1482 642 φύσις
1530 568 1690 641 ἐστὶν,
1747 569 1807 622 ού

200 655 335 731 λέγω
365 653 426 711 6'1
453 658 534 710 611
557 655 665 710 ἐστὶ
693 661 782 710 καὶ
811 662 935 730 τιμή
996 665 1093 721 τῆς
1151 659 1376 730 φύσεως,
1431 657 1560 711 ἀλλὰ
1607 662 1808 733 φύσεως

201 749 296 821 μεν
325 751 416 800 καὶ
444 749 510 800 τὰ
537 747 785 818 κάκιστα,
819 746 1221 820 πλημμελούσης
1279 744 1339 801 6'1
1374 767 1434 820 γε
1482 752 1512 808 ἣ
1582 747 1808 824 ἀπορού-

208 838 468 902 σης,ἰ’νθα
522 841 612 889 καὶ
660 837 720 888 16
770 834 1095 909 συμϐεϐηκὸς
1149 844 1439 912 προχωρεῖ’
1497 841 1653 911 φύσις
1703 841 1806 914 γὰρ

202 929 296 979 καὶ
351 925 626 999 φιλόσοφος
677 923 1092 998 ἕπιτυγχάνουσι
1142 934 1242 979 τῶν
1311 926 1510 980 οἱκειων
1602 936 1808 981 σκοπῶν

203 1023 307 1068 τῶν
351 1015 505 1069 τελῶν
553 1016 686 1067 κατὰ
728 1013 788 1067 τό
840 1013 1052 1087 μᾶλλον,
1113 1013 1388 1089 συμϐαίνει
1465 1011 1525 1070 6'1
1607 1016 1808 1090 συμϐε-

205 1102 394 1163 ϐηκότι
440 1107 499 1157 1'6
523 1108 818 1179 χρήσιμον,
849 1103 909 1158 ού
956 1108 1059 1177 μὴν
1113 1101 1181 1164 δή
1229 1109 1288 1158 τὸ
1349 1103 1651 1178 ἀναγκαῖον,
1701 1103 1807 1160 οἷον

201 1192 382 1266 ὥσπερ
433 1192 578 1247 λίθου
634 1194 910 1266 τμηθέντος
970 1198 1060 1247 καὶ
1111 1196 1181 1256 ὡς
1273 1197 1431 1267 ἔτυχε
1507 1199 1804 1270 φερομένου,

201 1279 317 1336 εἶτα
347 1283 560 1344 στάντος
600 1281 656 1346 ἕξ
697 1281 993 1356 ἀνωμαλίας
1037 1287 1218 1352 τόπου,
1274 1283 1303 1344 ή
1359 1285 1440 1337 ὅτι
1495 1293 1590 1346 τῆς
1646 1290 1806 1358 φορᾶς

202 1372 603 1433 στάθείσηςτῆς
638 1373 889 1434 κινούσης
939 1371 1118 1438 αὐτὸν,
1179 1372 1249 1435 εὶς
1308 1368 1570 1445 καθέδραν
1618 1370 1805 1432 611111:-

200 1457 349 1514 δείου
391 1479 443 1515 τε
477 1479 768 1533 γεγονότος,
806 1460 900 1514 ούκ
939 1462 1044 1534 ἄρα
1079 1463 1282 1534 φύσεως
1346 1469 1502 1516 τοῦτο
1568 1460 1708 1516 ἔστιν
1770 1463 1800 1524 ἦ

197 1548 503 1622 ἀναγκαῖον,
531 1548 661 1602 ἀλλὰ
723 1547 1106 1623 συμϐεϐηκότος
1165 1555 1255 1604 καὶ
1307 1555 1603 1623 χρήσιμον,
1669 1552 1807 1606 ὥστε

198 1639 442 1714 ὁρίζομεν
495 1646 748 1712 φυσικῶς,
803 1640 869 1692 τὰ
910 1647 1007 1704 τῆς
1045 1641 1249 1712 φύσεως
1305 1645 1575 1706 ποιήματα
1640 1638 1806 1693 οἰκεῖοι

199 1733 290 1781 καὶ
312 1725 507 1800 ἀγαθὰ,
531 1729 598 1782 τὰ
622 1724 682 1782 6'1
727 1729 964 1802 κράσεως
1015 1747 1071 1782 τε
1122 1734 1212 1782 καὶ
1266 1727 1672 1801 συμϐεϐηκότος,
1739 1732 1804 1792 ὡς

199 1819 294 1890 μεν
321 1811 570 1883 ὡςδόύ,
617 1817 862 1889 τιθεμεθα
904 1821 994 1870 καὶ
1037 1819 1233 1876 ταύτην
1293 1813 1451 1880 δόξαν
1505 1819 1587 1870 ὅτι
1633 1818 1806 1871 πάντα

201 1913 299 1968 τῆς
328 1907 531 1978 φύσεως
565 1903 662 1958 κᾶν
686 1909 906 1980 κρείττω
929 1904 1024 1958 κᾶν
1053 1911 1242 1982 χείρω.
1277 1907 1498 1981 Εἴρηται
1519 1901 1580 1960 6'1
1609 1906 1690 1960 ὅτι
1737 1909 1805 1960 10'1

201 1997 294 2070 μεν
322 1995 544 2062 ἄτακτα,
575 1992 895 2057 ἀσθενούσης
922 1995 952 2055 ή
993 1995 1422 2068 πλημμελούσης,
1482 1997 1550 2049 10‘1
1607 1991 1642 2049 6
1665 1993 1803 2070 ἰιγα-

205 2085 274 2138 θὰ
320 2085 661 2156 ὑγιαινούσης
698 2103 753 2138 τε
802 2088 893 2138 καὶ
943 2083 1212 2148 ἀλήθινῆς’
1262 2093 1444 2140 τοῦτον
1519 2091 1645 2158 γοῦν
1715 2087 1802 2138 τόν

199 2177 391 2248 τρόπον
420 2175 575 2247 φύσις
606 2169 800 2227 ἰδοῦσα
822 2177 908 2227 καὶ
934 2175 1013 2228 ὅτι
1043 2178 1258 2250 τρεπτόν
1315 2173 1427 2228 ἔστι
1483 2177 1543 2227 τὸ
1603 2175 1803 2238 ταύτης

202 2261 304 2315 61116
337 2270 471 2316 Θεοῦ
500 2259 898 2338 δημιούργημα,
931 2266 989 2316 τό
1024 2267 1179 2337 σοφόν
1228 2260 1296 2323 δὴ
1345 2263 1477 2336 λέγω
1533 2264 1664 2326 ζῶον
1712 2267 1800 2317 τόν

201 2353 488 2428 ἄνθρωπον,
544 2356 636 2405 καὶ
692 2353 772 2406 ὃτι
822 2357 911 2406 καὶ
982 2353 1112 2413 αύτή
1195 2352 1557 2425 ἀποτυγχάνει
1627 2361 1800 2421 τινῶν,

202 2440 486 2514 ἐπεμελήθη
526 2441 668 2495 τοῦτ’
715 2440 879 2504 αὐτῆς
931 2449 1154 2517 καρποῦ,
1207 2441 1492 2501 καλλίστην
1541 2447 1631 2495 καὶ
1685 2440 1801 2514 ἀρί-

207 2549 336 2588 στην
376 2527 497 2583 ὁδὸν
553 2531 834 2606 ίξευροῠσα
869 2535 964 2590 τὴν
1003 2535 1318 2606 ἐπιστήμην·
1361 2535 1470 2586 ἐπεὶ
1509 2527 1570 2585 6'1
1631 2532 1796 2605 ταύτῃ

206 2625 267 2691 τῇ
311 2620 461 2690 φύσει
499 2623 585 2673 καὶ
622 2626 828 2695 κρᾶσις,
889 2616 1046 2674 διεῖλε
1091 2622 1286 2679 ταύτην
1337 2620 1404 2682 εἰς
1450 2623 1656 2693 τίχνας,
1709 2639 1801 2672 και

207 2709 401 2772 ταύτας
430 2708 654 2782 συνῆψεν
709 2709 840 2784 αὐτῇ
901 2714 1074 2788 ῶσπερ
1126 2729 1216 2764 και
1265 2711 1356 2774 τὰς
1410 2712 1622 2787 κράσεις
1677 2709 1796 2765 ἑαυ-

181 2885 530 2955 municatio,
564 2885 914 2961 temperatio
938 2890 1045 2958 est,
1080 2886 1186 2944 sed
1217 2902 1290 2944 ex
1309 2890 1546 2945 natura.
1595 2889 1663 2943 In
1715 2885 1831 2943 hac

179 2973 361 3047 igitur
383 2977 816 3050 temperatione
847 2981 936 3033 est
961 2975 1247 3050 quaedam
1269 2981 1506 3046 natura,
1535 2979 1592 3033 et
1610 2976 1671 3032 in
1716 2975 1832 3032 hac

179 3069 400 3123 natura
427 3071 519 3124 est
550 3066 832 3140 quasdam
854 3067 1225 3139 temperatio.
1257 3065 1662 3138 Ambseigitur
1680 3065 1834 3122 inter

180 3169 308 3210 sese
335 3156 760 3213 consociantur
787 3160 846 3213 et
875 3156 1056 3212 simul
1083 3155 1313 3229 aliquid
1346 3154 1618 3212 naturale
1652 3153 1834 3210 conﬂ-

179 3243 348 3301 citur.
389 3246 613 3302 Rursus
663 3245 860 3302 malus
903 3261 1044 3302 cum
1096 3243 1258 3302 malo
1289 3244 1684 3301 consociatur.
1736 3245 1836 3300 Est

177 3333 358 3404 igitur
379 3334 754 3406 temperatio,
783 3333 892 3391 sed
918 3349 1042 3390 non
1064 3338 1299 3390 natura.
1315 3332 1443 3390 Non
1455 3332 1592 3389 dico
1604 3330 1835 3404 aliquid

176 3438 309 3480 esse
339 3423 508 3497 quod
531 3439 655 3480 non
677 3424 753 3480 sit
777 3429 1003 3480 natum
1034 3441 1048 3480 :
1076 3439 1217 3480 nam
1231 3428 1288 3480 et
1303 3423 1833 3496 pessimaquseque

176 3517 314 3569 sunt
341 3519 568 3570 naturae
595 3513 864 3587 quidem,
898 3513 1005 3570 sed
1023 3513 1397 3571 abundantia
1443 3517 1546 3570 aut
1597 3511 1834 3569 defectu

171 3600 519 3659 laborantis.
546 3607 738 3678 Atque
764 3607 908 3660 tunc
927 3603 1206 3660 accidens
1227 3603 1417 3660 locum
1436 3601 1620 3659 habet
1649 3620 1663 3670 ;
1687 3616 1833 3658 nam

174 3696 394 3748 natura
419 3695 476 3748 et
493 3692 887 3766 philosophus
921 3707 1176 3765 scopum
1203 3691 1317 3748 sibi
1347 3691 1717 3764 propositum
1745 3694 1832 3747 at-

177 3780 605 3854 tinguntidque
619 3780 966 3854 plurimum.
985 3780 1486 3850 Contingitautem
1504 3778 1832 3854 aliquando

179 3872 246 3926 ut
273 3869 472 3942 ipsum
499 3870 777 3927 accidens
804 3871 878 3928 sit
893 3870 1056 3941 utile,
1091 3875 1155 3926 ut
1198 3869 1249 3926 si
1283 3885 1500 3926 saxum
1538 3870 1613 3926 sit
1683 3869 1835 3926 exci-

183 3974 318 4015 sum
348 3963 404 4015 et
428 3963 650 4016 temere
674 3959 917 4025 feratur,
956 3960 1152 4033 sitque
1177 3958 1345 4016 locus
1387 3958 1722 4032 inmqualis,
1779 3962 1838 4016 et

185 4047 240 4104 si
276 4047 482 4120 aliquo
510 4047 695 4105 modo
723 4047 1152 4106 labefactatum
1182 4047 1257 4105 sit
1285 4064 1356 4104 ex
1385 4048 1680 4106 concitato
1705 4063 1837 4104 mo-

186 4141 270 4202 tu,
311 4134 537 4211 ﬁatque
575 4142 719 4212 apta
757 4138 1065 4206 cathedra,
1125 4139 1240 4195 hoc
1285 4153 1408 4194 non
1461 4141 1550 4195 est
1589 4142 1834 4209 naturas,

187 4231 290 4284 aut
307 4227 737 4284 necessarium.
762 4227 886 4296 sed,
911 4227 1440 4300 accidentis,quod
1465 4231 1668 4284 tamen
1703 4227 1842 4285 utile

1973 482 2032 536 ού
2083 482 2253 545 καλῶς
2306 489 2590 550 πίπηκται,
2653 494 2759 549 τοῖς
2821 495 2919 549 τῆς
2997 485 3237 551 παιδείας
3315 489 3577 565 ἀρήγηται

1975 572 2210 644 θεσμοῖς,
2271 592 2360 626 και
2399 577 2470 638 εἰς
2519 577 2578 629 16
2647 574 2834 638 ἐντελὴς
2898 575 3135 652 βιοτεύη.
3200 579 3334 633 ’Δλλ⁹
3388 583 3572 655 οῖμοιξ

1971 662 2021 713 οἱ
2053 659 2257 725 πλείους
2294 664 2352 714 16
2376 659 2545 736 δῶρον
2597 666 2976 738 μυσάττονται,
3022 668 3072 719 οἰ
3123 663 3176 719 δ’
3221 667 3576 743 ἀγχινούστα-

1970 768 2051 802 τοι
2117 769 2209 803 και
2273 756 2465 826 κυρίως
2521 752 2579 806 ἐκ
2629 757 2830 826 γύσεως
2874 753 3201 817 ἀσπάζονται
3269 758 3431 820 καλῶς
3485 779 3576 813 και

1972 837 2202 910 ἂγαθῶς,
2263 859 2354 893 και
2417 844 2512 900 τήν
2595 840 2651 895 611
2718 845 2900 897 τούτου
2955 843 3196 918 ὠφέλειαν
3252 842 3574 904 διαδιδόασι

1973 923 2375 1004 διασπείρουσιν
2408 930 2480 993 εἰς
2505 934 2620 993 τοὺς
2651 929 3026 1006 ἀτημελήτους,

2043 1016 2092 1072 ι’.
2133 1021 2360 1090 Λέγομεν
2380 1026 2506 1091 γοῦν
2533 1015 2630 1074 διὰ
2672 1028 2840 1074 ταῦτα
2881 1023 3050 1076 πάντα
3099 1023 3180 1076 ὅτι
3245 1023 3398 1078 καλόν
3460 1023 3574 1079 ἔστι

1968 1125 2060 1158 και
2110 1105 2501 1180 ὠφελιμώτατον
2556 1117 2813 1165 κοινωνεῖν
2871 1111 3090 1166 ἕκαστον
3129 1121 3228 1166 τῶν
3288 1111 3570 1188 ἀνθρώπων

1969 1194 2270 1268 φιλοσοφίαι
2303 1197 2329 1250 ό
2354 1200 2446 1270 μεν
2474 1200 2577 1273 γὰρ
2627 1195 2932 1262 παιδευθείς
2992 1202 3130 1274 ἔχων
3185 1221 3276 1255 και
3339 1211 3567 1258 κοινωνεὶ

1969 1285 1995 1336 6
2036 1280 2088 1337 δ’
2113 1284 2196 1351 ού,
2232 1285 2326 1339 κᾶν
2358 1293 2664 1342 κοινωνείτω
2704 1296 2904 1362 σοφοῖς,
2939 1290 3004 1344 ἶν’
3035 1289 3222 1345 ἐκεῖθεν
3280 1293 3379 1367 ἔχη
3435 1292 3570 1366 ὡφίο

1966 1370 2127 1426 λειαν·
2159 1377 2360 1448 εἴρηται
2384 1378 2486 1449 γὰρ
2537 1378 2618 1430 ὅτι
2683 1384 2854 1450 Σοφῶν
2923 1381 3080 1454 θύρας
3136 1379 3356 1454 ἕκτριϐε,
3410 1379 3571 1436 πλου-

1970 1465 2096 1515 σίων
2125 1457 2183 1516 6'1
2209 1462 2416 1529 06,1611
2460 1461 2520 1518 6'1
2569 1467 2725 1540 θύρας
2780 1469 2847 1520 τὰ
2901 1467 3083 1541 χείλη,
3137 1487 3230 1522 και
3275 1469 3354 1522 ὅτι
3403 1478 3571 1543 σοφῶν

1969 1545 2052 1603 ἶνα
2075 1553 2141 1603 τὰ
2166 1548 2319 1626 ἀρετή
2333 1573 2354 1615 ς
2384 1550 2580 1626 ἀκούῃς
2626 1558 2796 1627 λόγια,
2835 1557 2990 1609 ἅτινα
3049 1553 3318 1629 βελτιοῦσι
3360 1557 3568 1631 ψυχήν,

1965 1642 2024 1694 τὸ
2070 1639 2332 1694 πλουσίων
2377 1638 2437 1696 6'1
2489 1641 2571 1709 ού,
2621 1642 2707 1696 ἶνα
2768 1649 2838 1717 μή
2905 1641 3084 1699 διόλου
3126 1651 3246 1722 περί
3293 1655 3383 1708 τῆς
3444 1647 3572 1711 ὕλης

1965 1725 2158 1782 ἐκείνου
2203 1729 2452 1802 λέγοντος,
2510 1733 2791 1806 καταχθῆς
2819 1734 2919 1788 ύπό
2957 1743 3057 1806 γῆν
3118 1754 3209 1788 και
3284 1733 3572 1809 βελτιὼσης

1963 1820 2055 1892 μὲν
2079 1817 2225 1886 ὓλην,
2257 1817 2526 1892 ἀτιμάσῃς
2545 1817 2606 1874 61'
2663 1841 2723 1893 γε
2779 1826 2838 1876 τὸ
2893 1827 3088 1899 νοερὸν.
3143 1831 3249 1890 Δεῖ,
3307 1821 3389 1879 δεῖ
3444 1832 3570 1897 γοῦν

1964 1927 2055 1962 και
2079 1907 2372 1982 φιλοσοφεῖν
2427 1929 2518 1964 και
2564 1918 2820 1966 κοινωνεῖν
2878 1912 3204 1987 φιλοσόφοις,
3249 1921 3333 1968 ῖνα
3375 1934 3467 1968 και
3509 1920 3568 1969 τό

1965 1998 2130 2052 Γνῶθι
2175 2001 2364 2052 σαυτόν
2423 1998 2646 2072 ἔχωμεν,
2732 2021 2821 2054 και
2905 2001 3092 2078 ἀρετήν
3154 2005 3416 2078 κτώμεθα,
3478 2024 3570 2058 και

1962 2087 2168 2140 πάντων
2217 2088 2466 2162 ἡγώμεθα
2504 2109 2594 2142 και
2631 2092 2700 2152 ὡς
2740 2090 2962 2164 ἑπόμενα
2987 2095 3210 2166 ἔχωμενο
3267 2098 3426 2167 σοφία
3463 2096 3566 2168 γὰρ

1963 2194 2055 2228 και
2101 2178 2232 2239 Θεὸς
2282 2175 2335 2240 ἕξ
2382 2177 2476 2231 ούκ
2527 2181 2671 2240 ὦτος
2707 2182 2766 2233 16
2796 2187 2897 2234 πᾶν
2935 2181 3188 2254 συμπήξει
3423 2182 3568 2248 ἔταξε

1963 2284 2056 2320 και
2087 2271 2246 2339 σοφίᾳ
2270 2275 2420 2334 κινεῖ,
2446 2287 2536 2320 και
2565 2268 2711 2323 λύσει
2739 2290 2826 2323 και
2859 2269 3131 2324 ἀλλοιώσει
3192 2278 3340 2326 τοῦτο
3393 2291 3566 2345 κρειτ-

1961 2374 2118 2417 τονως
2175 2360 2334 2430 σοφίᾳ
2393 2357 2474 2411 ὅτι
2531 2377 2621 2410 και
2665 2357 2929 2432 βούλεται,
2975 2367 3153 2415 Ταῦτα
3197 2363 3287 2434 μεν
3339 2357 3426 2414 οὖν
3477 2381 3567 2415 και

1961 2445 2115 2517 ἡμεῖς
2156 2465 2248 2498 και
2291 2448 2358 2500 10'1
2399 2445 2558 2500 πλείω
2616 2450 2812 2502 τούτων
2863 2468 2953 2502 και
2999 2451 3171 2503 πάντα
3217 2446 3313 2503 διὰ
3386 2454 3569 2524 σοφίας

1959 2535 2270 2607 πεπράχθαι
2327 2538 2386 2589 τὸ
2443 2542 2592 2590 Θεῖον
2641 2542 2938 2607 νοήσαντες,
2987 2558 3077 2592 και
3121 2538 3217 2592 οὐκ
3277 2537 3444 2602 ἄλλως
3508 2543 3568 2593 τό

1961 2618 2156 2693 ἰιγαθόν
2187 2626 2237 2676 ίν
2263 2630 2370 2686 τοῖς
2393 2630 2515 2678 οὖσι
2553 2620 2910 2699 διακρίναντες
2953 2633 3104 2694 εῖναι,
3144 2627 3174 2688 ἣ
3233 2621 3327 2680 διὰ
3384 2625 3569 2700 σοφίας

1959 2725 2051 2764 και
2103 2715 2416 2788 ἐπιστήμης,
2501 2713 2658 2778 αὐτὰς
2741 2715 3119 2790 ἠγαπήσαμεν,
3199 2713 3568 2790 ἀγαπήσαντες

1939 2888 2427 2961 temperationes,
2451 2906 2524 2948 ex
2546 2890 2760 2949 eadem
2780 2891 3011 2949 ratione
3029 2893 3341 2950 scientiam
3357 2891 3417 2950 in
3436 2895 3594 2949 artes

1941 2975 2265 3048 distribuit,
2313 2984 2590 3052 artesque
2627 2996 2768 3037 cum
2811 2981 3059 3038 scientia
3104 2981 3373 3054 perinde,
3411 2984 3594 3054 atque

1941 3066 2401 3138 temperationes
2421 3084 2624 3125 secum
2648 3069 3038 3128 consociavit.
3058 3072 3126 3126 Ut
3153 3070 3315 3143 quod
3340 3084 3461 3125 non
3481 3069 3593 3126 ha-

1939 3152 2126 3222 beret,
2157 3155 2440 3227 quamvis
2469 3156 2529 3213 ia
2548 3161 2708 3214 recta
2728 3158 3246 3228 coagmentatione
3272 3157 3590 3225 habentur,

1942 3257 2049 3298 seu
2070 3243 2268 3314 potius
2289 3245 2455 3317 quod
2471 3261 2592 3302 non
2608 3252 2764 3303 recte
2786 3251 3276 3318 coagmentatum
3306 3250 3482 3314 esset,
3509 3247 3597 3304 in-

1943 3331 2156 3388 stitutis
2181 3331 2532 3390 eruditionis
2561 3341 3056 3409 compensaretur
3072 3336 3150 3392 ad
3171 3337 3426 3410 perfecte
3453 3335 3596 3393 bea-

1943 3423 2119 3494 teque
2143 3421 2490 3479 vivendum.
2521 3423 2634 3480 Sed
2665 3424 2819 3498 proh
2843 3424 3051 3482 dolor!
3084 3425 3351 3498 plerique
3370 3425 3594 3481 donum

1941 3510 2058 3567 hoc
2085 3508 2595 3583 abominantur,et
2619 3513 2722 3587 qui
2751 3514 2994 3584 ingenio
3023 3513 3265 3588 reliquis
3277 3513 3591 3587 excellunt,

1939 3597 2174 3656 bonum
2220 3599 2335 3657 hoc
2381 3601 2824 3675 amplectuntur
2863 3603 3111 3677 quidem
3155 3607 3220 3660 ut
3258 3603 3448 3671 decet,
3489 3603 3597 3660 sed

1941 3688 2087 3747 tanti
2117 3688 2260 3746 boni
2290 3689 2550 3748 fructum
2585 3692 3037 3750 communicant
3060 3708 3200 3750 eum
3235 3691 3464 3765 ignavis
3491 3691 3597 3751 ho—

1943 3777 2230 3836 minibus.

2015 3867 2275 3924 Dicimus
2294 3867 2472 3941 igitur
2499 3872 2556 3926 et
2575 3885 2647 3926 ex
2677 3868 2789 3926 illis
2808 3870 3095 3927 omnibus
3135 3887 3271 3946 quae
3313 3870 3598 3938 diximus,

1943 3955 2280 4029 colligimus
2299 3957 2657 4031 praeclarum
2677 3973 2810 4014 esse
2839 3963 2897 4016 et
2915 3959 3072 4028 utile,
3095 3961 3148 4016 si
3179 3959 3599 4034 unusquisque

1943 4044 2261 4102 hominum
2293 4045 2688 4120 philosophiae
2714 4046 2787 4104 sit
2808 4048 3129 4121 particeps;
3161 4063 3306 4105 nam
3330 4048 3434 4122 qui
3464 4063 3600 4104 eru-

1947 4133 2106 4191 ditus
2119 4139 2223 4199 est,
2247 4139 2305 4191 et
2325 4136 2572 4192 scientia
2586 4135 2894 4208 prmditus,
2908 4151 3047 4192 cum
3076 4135 3208 4194 aliis
3236 4137 3467 4194 bonum
3483 4136 3602 4194 hoc

1950 4223 2362 4282 communicat
2393 4243 2407 4294 ;
2433 4225 2539 4298 qui
2560 4239 2698 4282 vero
2723 4224 2981 4282 scientia:
3011 4229 3102 4282 est
3127 4241 3360 4300 expers,
3384 4225 3604 4298 abjun-

185 4319 301 4374 est.
329 4318 522 4384 Quare
536 4321 764 4374 naturae
779 4291 965 4391 opera
981 4291 1842 4385 naturaliterdeﬁnimusmem-
1871 4291 1918 4349 D
1953 4317 2055 4386 gat
2076 4329 2137 4370 se
2165 4291 2538 4387 sapientibus
2565 4333 2583 4387 ;
2617 4329 2760 4370 nam
2788 4313 2928 4372 inde
2958 4291 3326 4389 magnopere
3349 4291 3605 4388 quilibet

185 4421 263 4479 pe
291 4421 429 4480 qua:
459 4421 495 4462 a
519 4409 735 4463 natura
763 4406 1028 4480 profecta
1057 4411 1198 4462 sunt
1225 4405 1413 4462 bona.
1445 4409 1517 4463 At
1544 4410 1842 4481 tempera-

187 4494 366 4552 tionis
388 4499 445 4552 et
465 4495 787 4552 accidentis
807 4511 992 4570 opera
1013 4495 1232 4568 partim
1252 4498 1391 4551 sunt
1413 4493 1598 4564 bona,
1623 4495 1842 4568 partim

187 4599 312 4641 non
341 4587 497 4641 sunt.
525 4584 849 4643 Statuimus
871 4599 1117 4659 quoque
1147 4583 1348 4641 omnia
1375 4598 1505 4640 esse
1523 4589 1752 4642 natura;
1771 4585 1844 4641 si-

188 4687 259 4730 ve
284 4674 701 4747 praestantiora
729 4673 851 4730 sive
895 4673 1012 4730 sint
1043 4672 1280 4730 viliora.
1330 4671 1598 4729 Diximus
1640 4677 1844 4730 autem

189 4761 291 4820 illa
309 4779 444 4838 qum
467 4767 679 4837 praater
713 4761 989 4820 ordinem
1006 4762 1317 4830 exsistunt,
1341 4765 1572 4818 naturas
1596 4761 1844 4836 quidem

191 4867 340 4919 esse,
361 4851 468 4909 sed
487 4852 814 4910 deﬁcientis
829 4856 934 4910 aut
953 4850 1343 4918 abundantis,
1367 4849 1532 4908 bona
1550 4867 1690 4909 vero
1715 4866 1844 4908 esse

189 4946 419 4999 natura;
434 4942 684 5000 valentis
704 4945 762 4999 et
783 4941 1050 5000 sincerae.
1083 4942 1232 4997 Cum
1254 4940 1432 5011 igitur
1450 4944 1667 4998 natura
1687 4940 1846 4997 hanc

191 5031 488 5088 rationem
519 5032 694 5104 quasi
735 5030 1065 5104 perciperet
1110 5029 1456 5102 videretque
1499 5044 1652 5102 opus
1698 5027 1846 5085 illud

195 5137 374 5178 suum
411 5121 998 5194 praestantissimum,
1030 5119 1195 5194 quod
1223 5135 1259 5176 a
1294 5119 1414 5176 Deo
1462 5118 1661 5183 habet,
1717 5134 1846 5176 esse

192 5209 451 5268 ﬂexibile
499 5215 556 5268 et
597 5209 892 5280 versatile,
944 5209 1209 5280 intelligo
1253 5208 1493 5282 sapiens
1529 5208 1678 5265 illud
1723 5207 1848 5265 ani-

192 5299 333 5372 mal,
359 5315 578 5373 nempe
606 5300 935 5366 hominem,
972 5297 1329 5371 sentiretque
1359 5313 1422 5354 se
1453 5314 1634 5354 suum
1663 5297 1849 5355 ﬁnem

195 5405 440 5464 semper
459 5406 581 5446 non
603 5390 907 5462 consequi,
931 5388 1213 5444 nimirum
1232 5387 1322 5443 sui
1343 5385 1496 5443 fetus
1517 5403 1726 5444 curam
1747 5403 1849 5458 ge-

193 5479 826 5553 rens,pulcherrimam
842 5482 899 5534 et
914 5477 1207 5550 optimam
1227 5476 1409 5542 viam,
1427 5475 1737 5534 scientiam
1753 5491 1850 5533 ex-

195 5567 498 5640 cogitavit.
566 5565 866 5636 Quoniam
902 5569 1105 5624 autem
1143 5564 1206 5623 in
1243 5567 1461 5622 natura
1495 5567 1635 5623 sunt
1669 5564 1852 5623 etiam

1946 4403 2145 4478 juvari
2166 4408 2381 4477 potest.
2413 4405 2478 4460 Et
2496 4403 2737 4476 sapiens
2763 4403 3096 4478 quemlibet
3134 4404 3405 4463 hortatur
3442 4405 3605 4463 hunc

1951 4496 2014 4552 in
2045 4496 2320 4550 modum:
2335 4495 2474 4550 Tere
2491 4491 2702 4550 limina
2723 4493 3088 4568 sapientum,
3105 4509 3227 4552 non
3244 4493 3608 4563 divitum,in-

1951 4583 2148 4655 tellige
2168 4582 2397 4653 limina,
2431 4582 2595 4640 labia
2615 4584 2974 4657 sapientum,
3009 4587 3076 4641 ut
3103 4583 3382 4641 institutis
3423 4583 3607 4640 virtu-

1951 4676 2028 4733 tis
2051 4673 2347 4743 abundes,
2387 4689 2526 4747 quaa
2557 4663 2828 4730 animum
2859 4674 3170 4731 meliorem
3198 4673 3460 4730 reddunt
3491 4690 3509 4742 ;
3548 4675 3611 4729 at

1953 4763 2208 4821 divitum
2235 4762 2446 4820 limina
2489 4768 2676 4820 terere
2720 4763 2860 4832 noli,
2909 4779 2986 4821 ne
3029 4762 3177 4819 forte
3221 4761 3465 4818 divitem
3493 4775 3609 4817 au-

1953 4854 2088 4911 dias
2129 4853 2206 4910 de
2260 4851 2443 4909 rebus
2481 4851 2809 4909 materiatis
2863 4856 3162 4922 agentem,
3238 4855 3418 4924 atque
3491 4849 3609 4907 hoc

1954 4941 2144 5000 modo
2175 4940 2289 4996 sub
2320 4944 2536 4998 terram
2563 4939 2920 5009 detrudaris,
2939 4955 3010 4996 ac
3030 4937 3345 4995 materiam
3359 4936 3611 5011 quidem

1955 5028 2262 5086 meliorem
2293 5026 2513 5084 reddas
2561 5031 2619 5084 et
2664 5026 3014 5097 auctiorem,
3071 5024 3425 5099 particulam
3473 5041 3612 5082 vero

1955 5116 2356 5187 intelligentim
2399 5131 2682 5189 capacem
2745 5113 3038 5172 dedecore
3099 5113 3348 5172 afﬁcias.
3372 5116 3617 5188 Oportet

1954 5206 2136 5277 igitur
2159 5204 2594 5278 philosophari,
2625 5208 2682 5260 et
2711 5219 2850 5262 cum
2871 5203 3248 5278 philosophis
3279 5203 3523 5274 versari,
3549 5205 3619 5260 ut

1956 5294 2103 5352 illud
2118 5294 2304 5351 Nosce
2325 5293 2577 5363 teipsum
2603 5298 2937 5364 teneamus,
2959 5297 3019 5351 et
3055 5293 3271 5351 virtute
3288 5291 3522 5366 praediti
3545 5291 3619 5348 si-

1958 5401 2118 5454 mus,
2143 5388 2208 5441 ut
2230 5384 2409 5441 etiam
2426 5383 2700 5440 omnium
2712 5383 2897 5440 duces
2912 5383 3124 5453 simus,
3161 5397 3392 5456 nosque
3412 5380 3620 5438 omnia

1959 5491 1997 5532 a
2019 5478 2186 5546 tergo
2216 5476 2522 5546 sequatur.
2545 5471 2696 5531 Nam
2739 5463 3031 5547 sapientia
3079 5475 3234 5529 Deus
3271 5475 3460 5528 totum
3501 5468 3618 5524 hoc

1960 5565 2310 5622 universum
2331 5562 2634 5623 constituit
2661 5566 2719 5622 et
2746 5561 3061 5632 ordinavit,
3094 5559 3394 5634 sapientia
3418 5561 3617 5615 movet
