4066 6212
565 320 700 376 1395

2078 316 2432 372 ADDENDA.

3770 316 3869 370 l396

594 441 653 511 δὲ
710 446 1066 519 ἠρευνὴσαμὲν
1115 447 1475 518 ἐρευνήσαντες
1534 441 1596 495 δὲ
1650 442 1880 517 εὓρομεν,
1964 444 2188 516 εὑρόντες
2247 439 2293 492 Α
2351 440 2475 510 ἡμὶν
2506 432 2751 495 διενοήθη
2794 437 3016 509 ἐγράφη,
3058 432 3320 505 εὐχόμεθα
3387 426 3442 483 δὲ
3500 433 3559 482 τὰ
3615 434 3688 503 μὶν
3728 440 3856 506 κρείτ·

594 522 676 595 δὲ,
715 529 753 576 ὦ
794 522 1051 583 "adﬁrmo;
1092 526 1352 585 τοσαύτης
1420 523 1431 578 l
1494 524 1675 584 ὑλικῶς
1744 524 2187 594 συνιζεύχθημεν,

591 615 863 686 λυθείημεν
893 610 950 665 δὲ
989 613 1081 664 οὐκ
1112 611 1171 664 ἂν
1209 632 1328 664 ποτε
1354 612 1406 675 ἐξ
1436 613 1622 680 αὐτῶν,
1680 621 1723 665 εἴ
1782 619 1853 683 μὴ
1911 618 2000 664 καὶ
2050 612 2189 664 εὐσε-

594 702 733 762 ϐείας
768 701 1059 772 ὶυθείημεν.
1114 700 1375 758 Καλλίστη
1416 710 1540 772 γοῦν
1596 705 1834 753 κοινωνία
1891 700 2188 772 φιλοσοφία,

592 795 678 842 καὶ
716 795 950 842 κοινωνοὶ
983 790 1031 842 οἱ
1060 795 1304 864 τρόφιμοι
1342 798 1436 851 τῆς
1472 786 1740 853 παιδείας,
1780 794 1868 841 καὶ
1908 791 2023 841 ὅσοι
2060 791 2193 840 κατὰ

592 883 649 932 τὸ
692 876 912 931 δυνατὸν
961 879 1139 940 αὐτοῖς
1178 878 1371 937 ἐκείνην
1412 880 1759 949 ἀσπάζονται,
1803 882 1851 931 οἱ
1890 875 1949 931 δὲ
1982 883 2052 951 μὴ
2091 897 2192 931 τοι·

594 976 738 1021 οῦτοι
780 965 1057 1043 θηριώδεις
1097 974 1186 1021 καὶ
1226 967 1579 1027 ἁκοινώνητοι.
1619 976 1797 1021 Ταῦτα
1845 973 1935 1041 μέν
1974 968 2083 1037 οὖν,
2126 971 2192 1029 ὡς

2350 547 2422 579 τω
2486 529 2678 578 τούτων
2742 527 2945 598 μαθεῖν,
3012 525 3079 575 γὰ
3167 519 3225 575 δὲ
3335 528 3535 595 χείρονα
3614 518 3853 592 mmm-

2352 615 2475 669 ἐπὰν
2518 612 2576 667 δὲ
2626 622 2718 676 τῆς
2786 616 2981 687 σαρκὸς
3043 613 3193 665 λύσιν
3252 615 3521 683 σχοίημεν,
3554 612 3857 687 καταμάθοιμιν

2353 704 2396 757 εἰ
2435 708 2546 757 ἔστι
2584 706 2650 755 τὰ
2685 712 2780 766 τῆς
2819 702 3127 776 φιλοσοφίας
3181 705 3442 776 κρείττονα
3500 708 3589 750 τῶν
3647 708 3727 758 τῆς
3768 684 3858 750 ’διλο-

2353 798 2492 867 φίας·
2551 801 2638 844 νῦν
2696 789 2755 846 δί
2811 794 3141 865 γεγράφαμεν
3194 793 3263 853 ὡς
3316 787 3614 860 ἐγνώκειμεν,
3671 787 3709 839 εἰ
3771 792 3861 850 τέως

2352 887 2441 934 καὶ
2466 889 2528 953 τῇ
2562 889 2661 933 τῶν
2694 890 2863 954 σοφῶν
2895 881 3144 955 ἁρέσονσι
3176 884 3377 951 γνώμῃ,
3408 872 3491 930 διο
3534 881 3615 927 καὶ
3652 880 3729 934 τήν
3773 895 3861 947 συγ-

2352 976 2567 1043 γνώμην
2599 970 2901 1043 αἰτούμεθα.

570 1199 776 1255 omnia
807 1215 821 1265 ;
848 1198 1006 1253 idem
1037 1200 1222 1254 solvet
1246 1204 1301 1254 et
1321 1199 1720 1255 commutabit
1746 1198 1861 1254 hoc
1885 1199 2224 1254 universum
2254 1205 2296 1255 A
2336 1206 2432 1254 tur
2459 1198 2841 1271 philosophia
2869 1198 3273 1271 pulcherrima
3301 1194 3563 1251 omnium
3600 1194 3882 1259 communio,

570 1289 632 1344 in
651 1289 863 1344 melius
894 1287 1104 1344 eadem
1136 1289 1425 1359 sapientia
1448 1305 1585 1343 cum
1629 1289 1803 1345 volet.
1847 1290 1992 1343 Cum
2044 1289 2222 1357 igitur

569 1379 699 1433 hac
745 1382 802 1433 et
852 1376 941 1431 his
994 1377 1168 1449 plura
1216 1393 1325 1432 nos
1365 1377 1999 1441 animadverteremus,
2044 1383 2222 1449 atque

573 1465 726 1522 adeo
748 1465 955 1521 omnia
984 1465 1448 1533 intelligeremus
1497 1482 1532 1520 a
1573 1466 1927 1536 praepotenti
1973 1467 2224 1521 Numine

574 1570 683 1627 per
706 1553 1063 1625 sapientiam
1093 1570 1221 1608 esse
1248 1553 1540 1609 fabricata
1571 1570 1803 1625 :neque
1844 1553 1962 1609 alia
1998 1555 2226 1610 ratione

576 1644 807 1699 bonum
852 1642 913 1698 in
964 1643 1143 1699 rebus
1183 1660 1335 1710 esse,
1374 1659 1557 1715 quam
1602 1658 1709 1715 per
1766 1642 2119 1716 sapientiam
2172 1651 2230 1701 et

578 1731 916 1801 scientiam,
931 1732 989 1787 in
1010 1738 1264 1804 utraque
1286 1732 1661 1804 acquiescere
1682 1731 2074 1802 voluimus,et
2091 1749 2228 1789 cum

577 1821 640 1876 in
669 1825 923 1892 utraque
952 1822 1327 1893 acquiescere
1364 1820 1679 1881 vellemus,
1719 1820 2230 1890 investigavimus.

576 1908 995 1978 investigatam
1023 1916 1341 1983 utramque
1359 1910 1712 1982 reperimus,
1738 1911 1969 1983 utrique
1986 1916 2232 1984 repertae

582 1997 642 2069 (ο
669 1998 1083 2055 admirabilem
1108 2001 1462 2056 suavitatem
1488 2000 1522 2064 !)
1551 2004 1707 2054 totos
1730 2015 1842 2054 nos
1875 2001 2151 2056 dedimus
2180 2005 2238 2056 et

582 2085 994 2157 adjunxrmus,
1024 2104 1218 2162 neque
1251 2104 1519 2161 unquam
1549 2088 1626 2143 ab
1651 2095 1904 2160 utraque
1935 2090 2236 2160 disjunge-

583 2190 741 2245 mur,
768 2177 879 2233 nisi
904 2178 1052 2234 forte
1085 2195 1121 2236 a
1141 2180 1356 2251 pietate
1377 2177 1490 2249 disj
1502 2178 1640 2247 ungi
1665 2179 1987 2250 possimus.
2009 2182 2109 2235 Est
2128 2179 2237 2249 igi-

2329 1294 2385 1343 et
2405 1288 2755 1344 eruditionis
2778 1288 3093 1355 alumni,et
3108 1289 3452 1360 quicunque
3473 1299 3575 1357 pro
3597 1281 3785 1337 viribus
3799 1283 3884 1353 phi-

2329 1377 2669 1449 losophiam
2696 1377 3155 1449 amplectuntur,
3176 1375 3567 1449 pulcherrime
3598 1372 3885 1426 omniumin~

2333 1472 2419 1522 ter
2479 1481 2541 1520 se
2584 1467 3058 1524 communicant.
3094 1464 3264 1527 Quod
3325 1465 3374 1518 si
3434 1461 3607 1533 aliqui
3652 1474 3753 1515 non
3789 1463 3887 1514 tales

2332 1556 2726 1627 reperiuntur,
2777 1553 2883 1610 feri
2931 1559 3072 1611 sunt
3112 1560 3168 1611 et
3235 1551 3565 1609 inhumani.
3603 1551 3716 1604 Haec
3765 1548 3886 1617 igitur

2335 1649 2513 1718 prout
2542 1642 2943 1699 intelleximus
2967 1643 3189 1715 scripta
3217 1646 3358 1698 sunt
3387 1657 3424 1696 a
3450 1637 3632 1695 nobis.
3656 1638 3891 1692 Hortamur

2337 1737 2540 1788 autem
2569 1746 2783 1787 omnes
2816 1737 2881 1788 ut
2912 1732 3161 1789 meliora
3185 1730 3434 1805 quidem
3457 1726 3549 1783 his
3574 1726 3787 1789 discant,
3826 1723 3892 1777 sed

2339 1821 2547 1894 pejora
2577 1820 2772 1877 vitent.
2806 1819 3133 1894 Postquam
3161 1835 3305 1877 vero
3325 1818 3403 1875 ab
3434 1817 3545 1874 hac
3561 1810 3894 1871 cameliberati

2340 1909 2649 1970 fuerimus,
2670 1908 2927 1981 perfecte
2939 1924 3381 1979 cognoscemus
3398 1921 3475 1963 an
3498 1901 3820 1977 philosophia
3849 1901 3897 1954 sit

2341 1995 2679 2071 insipientia
2689 1999 3088 2069 praestantior.
3107 2002 3274 2055 Nunc
3295 2011 3439 2052 vero
3452 1991 3767 2064 scripsimus
3778 1992 3897 2059 prout

2345 2088 2651 2157 cognitum
2682 2086 3033 2153 habuimus,
3060 2088 3107 2143 si
3134 2087 3284 2144 forte
3314 2082 3672 2159 sapientibus
3712 2078 3895 2146 cogitata

2347 2181 2555 2234 nostra
2566 2176 2800 2249 Placere
2812 2190 3138 2256 Possent,id
3147 2192 3307 2248 circo
3326 2182 3561 2244 veniam
3573 2176 3893 2248 deprecamur.
