4066 6212
542 266 683 327 uos
1888 268 2260 325 NICEPHORI
2299 252 2536 325 CHUMN
3700 258 3807 327 uo";

544 393 673 450 tulo
702 411 715 446 :
746 392 1138 468 Ἀντιῤῥητικὸς
1165 396 1292 467 πρὸς
1318 395 1385 446 τὰ
1410 394 1717 469 Ἱεροκλέους
1740 393 1821 467 (7)
1853 411 1867 460 ;
1901 409 1991 461 ac,
2023 393 2073 449 si
2103 409 2150 449 el

2204 408 2383 449 remes
2422 394 2606 449 aetatis
2652 391 2929 465 exempla
2962 388 3183 463 quaeris
3210 404 3343 460 quae
3391 386 3708 461 Nicephorus
3725 409 3810 466 pa-

545 480 806 539 triarcha
835 481 1179 554 Cpolitanus
1199 482 1462 556 itemque
1482 485 1773 555 Gregoras
1797 483 2085 539 adversus
2101 482 2518 539 dissentientes
2541 480 2929 539 commentati
2962 484 3125 543 sunt,
3153 495 3224 535 ea
3242 477 3713 537 Antirrheticorum
3730 499 3814 539 no-

548 571 709 627 mine
743 569 979 639 singula
1008 569 1386 643 appellantur
1414 573 1512 642 (8).
1544 574 1675 627 lam
1697 588 1833 627 cum
1857 571 2081 629 Labbei
2111 587 2353 645 quoque
2378 571 2614 629 codices
2638 570 3010 627 Antirrhetici
3040 569 3101 625 in
3132 568 3247 624 hoc
3274 567 3402 639 ipso
3426 565 3605 624 libello
3630 571 3817 628 titulum

546 675 673 733 prae
712 674 774 715 se
804 662 1013 730 terant,
1047 660 1327 729 equidem
1357 661 1520 718 hunc
1549 679 1659 735 pro
1684 663 1915 719 veriore
1943 660 2281 717 habuerim.
2314 664 2532 718 Mutare
2554 660 2740 728 nolui,
2775 663 2981 733 utpote
3023 661 3334 715 secuturus
3363 672 3489 712 sum
3541 659 3819 731 exemplum

548 746 1009 804 Vindobonense
1049 751 1106 805 et
1142 749 1521 806 Vaticanum.

618 835 789 903 Quod
818 836 1265 909 disceptationis
1287 840 1600 895 materiam
1631 840 1858 909 attinet,
1885 856 2020 897 eam
2061 838 2525 911 suppeditarunt
2546 838 2672 895 bini
2701 837 3001 910 imprimis
3034 835 3169 892 libri
3221 833 3543 903 Plotiniani,
3581 833 3708 891 alter
3733 841 3827 911 Περὶ

546 932 636 978 τοῦ
670 925 942 997 εἰληχότος
971 928 1107 998 ἡμᾶς
1137 924 1488 1001 δαίμονοςΛΘ
1510 931 1683 999 genio
1708 945 1815 986 nos
1839 930 2076 1001 sortito;
2104 930 2152 981 ΕΙ

2219 945 2253 983 ι.
2281 941 2367 998 ιιι,
2397 930 2450 995 4,
2476 945 2540 1000 p.
2579 930 2684 983 284
2713 933 2758 982 Α
2787 943 2802 993 ;
2831 926 2977 984 alter
3006 931 3133 1001 Περὶ
3170 924 3395 997 ἀπορίῶν
3414 922 3602 995 ψυχῆς,
3645 924 3708 981 de
3741 925 3825 981 du.

551 1014 655 1071 biis
680 1016 917 1078 animm,
955 1017 1102 1071 Enn.
1133 1032 1211 1083 Iv,
1246 1021 1301 1082 3,
1326 1033 1386 1089 p.
1419 1019 1722 1087 381—389,
1756 1018 1977 1090 quibus
2028 1016 2295 1072 Plotinus
2353 1033 2525 1072 suam
2582 1017 2942 1073 sententiam
2963 1016 3039 1072 de
3080 1011 3571 1085 metempsychosi
3614 1013 3827 1085 exponit.

550 1104 654 1161 Cui
683 1119 821 1160 eum
853 1103 1286 1177 philosophum
1316 1105 1536 1162 favisse
1564 1106 1777 1163 diserte
1815 1111 2062 1163 testatur
2094 1104 2459 1175 Augustinus
2501 1107 2589 1163 De
2625 1107 2736 1162 civ.
2766 1102 2893 1174 Dei,
2923 1121 2984 1172 x,
3009 1106 3100 1167 30,
3126 1119 3186 1175 p.
3214 1104 3317 1157 266
3347 1106 3413 1156 A.
3443 1100 3524 1157 Ita
3549 1100 3690 1156 enim
3712 1101 3822 1157 ille:

550 1212 581 1242 ‹‹
597 1192 905 1248 Platonem
926 1192 1159 1249 animas
1182 1193 1499 1250 hominum
1525 1201 1664 1267 post
1684 1200 1940 1251 mortem
1962 1194 2182 1250 revolvi
2204 1209 2399 1266 usque
2424 1194 2503 1250 ad
2522 1211 2778 1267 corpora
2802 1194 3130 1250 bestiarum
3149 1189 3472 1265 scripsisse,
3497 1189 3829 1246 certissimum

549 1278 661 1337 est.
695 1281 857 1336 Hanc
873 1282 1226 1338 sententiam
1255 1284 1565 1356 Porphyrii
1594 1284 1804 1340 doctor
1836 1283 2024 1339 tenuit
2051 1283 2334 1351 Plotinus,
2368 1282 2699 1356 Porphyrio
2728 1287 2932 1338 tamen
2952 1282 3088 1353 jure
3112 1278 3433 1353 displicuit.
3458 1300 3485 1328 υ
3508 1278 3625 1344 Quo
3650 1277 3713 1333 de
3738 1278 3833 1334 loco

549 1369 795 1426 consule
825 1370 1119 1442 Wyttenb.
1142 1371 1226 1427 ad
1253 1372 1563 1442 Phaniam,
1587 1390 1646 1445 p.
1675 1373 1801 1441 '211,
1836 1376 1893 1428 et
1916 1371 2071 1428 adde
2102 1387 2237 1445 quae
2262 1371 2421 1427 idem
2445 1371 2520 1427 de
2537 1374 2652 1428 hoc
2682 1369 3187 1444 philosophorum
3211 1366 3431 1440 placito
3461 1366 3680 1438 copiose
3704 1380 3836 1438 expo-

553 1457 689 1514 suit.
714 1460 862 1514 Nam
884 1457 962 1513 ad
995 1458 1354 1515 Phaedonem
1381 1465 1652 1533 spectant
1680 1461 2062 1533 potissimum
2093 1461 2221 1515 haec
2246 1460 2379 1533 ipsa
2402 1460 2551 1533 (vid.
2586 1476 2646 1532 p.
2668 1463 2757 1520 42.
2784 1461 2853 1515 90
2901 1473 3035 1530 sqq.
3077 1455 3172 1513 ed.
3231 1456 3462 1528 Wytt.);
3498 1459 3682 1509 tamen
3708 1454 3837 1509 etalii

550 1545 808 1603 Platonis
827 1546 1051 1616 dialogi
1071 1547 1397 1605 adhibendi
1430 1554 1591 1621 sunt,
1619 1567 1680 1605 v.
1710 1566 1760 1605 c.
1784 1550 1823 1604 ii
1853 1548 2077 1621 quibus
2105 1548 2412 1605 decretum
2439 1547 2770 1622 ἀναμνήσεως
2800 1544 3370 1621 pertractatur.lllud
3390 1543 3605 1600 addam
3624 1558 3687 1599 ex
3703 1547 3837 1598 Ama-

551 1633 615 1691 tii
646 1634 908 1703 schedis,
941 1634 1212 1692 videlicet
1239 1637 1482 1709 reperiri
1504 1638 1565 1693 in
1599 1638 1875 1702 cod,Vat.
1904 1638 2092 1693 11.442
2113 1637 2385 1709 ejusdem
2416 1638 2750 1711 Nicephori,
2789 1637 2874 1692 uti
2910 1634 3158 1709 quidem
3195 1633 3429 1690 videtur
3476 1631 3680 1704 (neque
3717 1631 3835 1688 enim

552 1723 813 1780 auctoris
835 1738 1059 1779 nomen
1078 1724 1302 1795 habet),
1330 1726 1659 1782 consimilis
1689 1725 2027 1797 argumenti
2056 1726 2381 1797 dialogum,
2404 1742 2527 1800 quo
2549 1726 2696 1783 illud
2724 1725 3030 1782 decretum
3059 1723 3323 1780 Platonis
3365 1722 3441 1777 de
3478 1719 3837 1792 animaimpu-

554 1815 773 1882 gnatur
801 1814 867 1867 ut
890 1817 1140 1884 apparet
1156 1827 1225 1869 ex
1240 1813 1332 1869 his
1364 1831 1377 1869 :
1399 1814 1553 1868 Ἔστι
1578 1820 1749 1868 τοίνυν
1776 1824 1978 1890 πρῶτον
2006 1817 2117 1886 μὲν,
2147 1834 2160 1867 ι

2236 1830 2327 1888 μοι
2358 1812 2506 1869 δοκεῖ
2559 1815 2792 1889 μάλιστα
2832 1812 3092 1886 (Πλάτων)
3134 1816 3347 1888 χαίρειν
3398 1816 3462 1883 τῇ
3507 1810 3686 1882 εὑρέσει
3729 1829 3741 1843 ο
3784 1809 3838 1860 ὅτε

554 1902 716 1953 οἴεται
763 1919 853 1952 και
902 1906 1026 1976 πρὶν
1065 1909 1321 1956 κοινωνεῖν
1368 1912 1594 1975 σώματι,
1652 1910 1747 1963 τὴν
1790 1904 1978 1976 ψυχὴν
2040 1902 2171 1957 εἶναι
2239 1925 2253 1939 ο
2317 1901 2558 1980 δεύτερον
2633 1900 2712 1971 δε,
2759 1906 2840 1957 ὅτι
2910 1900 3021 1956 δέοι
3068 1906 3129 1955 τὸ
3185 1902 3291 1961 ζῶν
3338 1897 3395 1951 ἐκ
3439 1900 3691 1958 τεθνεῶτος
3736 1901 3841 1957 ὄντος

556 1989 653 2062 ζῇν
717 2010 731 2025 ο
791 1992 967 2043 ἔπειτα
1015 1989 1172 2062 λέγων
1217 1990 1354 2059 ἑξῆς,
1411 1992 1493 2044 ὃτι
1536 1996 1698 2065 τὺχοε
1763 2012 2013 2045 εχαστον·
2041 1994 2121 2045 ὃτι
2174 2012 2233 2046 τε
2285 1992 2335 2046 ἓν
2396 2000 2596 2069 φρουρᾷ
2629 2013 2732 2046 τινι
2783 1992 2936 2066 ἐσμέν
2964 2009 2977 2022 ⁸
3005 2011 3096 2044 και
3148 1989 3382 2061 ἀνάγκην
3430 1988 3577 2058 εἶναι,
3616 1987 3676 2048 εἰς
3722 1985 3843 2039 πολλὰ

552 2086 876 2156 μεταχωρεῖν
931 2085 1166 2152 σώματα,
1217 2082 1391 2154 ὥσπερ
1435 2079 1579 2157 ὕδωρ
1629 2082 1684 2146 ἐξ
1725 2082 1913 2154 ἀγγεῖα
1978 2082 2045 2143 εἰς
2112 2081 2307 2155 ἆγγίων
2369 2082 2753 2158 μεταρῥέουσαν
2813 2103 2827 2117 ·
2887 2081 3001 2155 ἔριδι
3052 2087 3179 2153 γοῦν
3237 2075 3387 2132 δοκεῖ
3437 2097 3552 2151 περι
3599 2084 3681 2128 τοῦ
3718 2082 3844 2149 προεῖ-

554 2189 640 2222 ναι
671 2165 779 2222 δεῖν
806 2174 901 2227 τὴν
947 2169 1171 2230 ζήτησιν
1228 2174 1475 2245 πρότερον
1515 2174 1869 2229 ποιήσασθαι.
1924 2171 2099 2225 Ἐοικε
2150 2168 2210 2225 δὴ
2256 2178 2331 2242 τῷ
2386 2170 2575 2243 τοιῷδε
2640 2170 2873 2245 μάλιστα
2927 2169 3234 2244 ἕπεχειρεῖν,
3288 2171 3351 2220 τὸ
3389 2168 3542 2240 φάναι
3584 2172 3718 2217 τοῦτο
3756 2160 3848 2216 εἶναι

556 2260 637 2311 ὅτι
664 2278 745 2321 τις
771 2259 932 2332 μάθοι
962 2257 1380 2332 ἀναμνησθῆναι.
1412 2260 1585 2326 Quod
1600 2260 1902 2334 reliquum
1932 2265 2045 2330 est,
2076 2260 2162 2317 uti

2240 2261 2461 2318 mxima
2500 2278 2535 2318 a
2557 2260 2784 2317 Plotino
2804 2264 2979 2316 aetate
3032 2258 3200 2315 illum
3222 2257 3360 2330 ejus
3404 2255 3477 2313 de
3500 2256 3658 2327 genio
3680 2252 3846 2309 librum

556 2347 916 2405 memoravit
952 2347 1309 2405 Ammianus
1341 2346 1713 2406 Marcellinus
1741 2350 1840 2422 (9),
1875 2349 1959 2405 sic
1990 2354 2257 2405 extremo
2272 2364 2518 2423 quoque
2559 2349 3019 2422 Byzantinorum
3071 2362 3201 2403 aevo
3247 2346 3381 2403 haec
3434 2342 3633 2401 Plotini
3671 2341 3850 2398 decreta

556 2436 819 2494 necdum
842 2437 1082 2509 penitus
1100 2436 1451 2509 exolevisse,
1476 2453 1785 2511 unumque
1811 2438 1908 2494 hic
1938 2438 2320 2495 Nathanaelis
2345 2438 2771 2495 Antirrheticus
2794 2436 3045 2494 edocere
3076 2435 3318 2509 poterit.

634 2613 1053 2689 (7)_Qlearius,
1081 2614 1143 2670 in
1197 2614 1337 2689 edit.
1386 2614 1744 2682 Philostrati,
1794 2616 2216 2673 Animadvers.
2329 2616 2405 2671 ad
2422 2614 2803 2689 Ammian‘um
2819 2609 3851 2689 nuperascripsitVKagneruspag‘Ltt-

562 2676 806 2742 Eusebii
845 2676 1088 2749 librum,
1112 2701 1172 2751 p.
1203 2687 1328 2740 428.
1732 2676 1741 2682 ’
2331 2707 2360 2738 ‹‹
2402 2687 2549 2741 Vivit
2567 2685 2827 2741 Plotinus
2848 2676 2988 2740 saec.
3014 2699 3077 2741 ιιι
3100 2689 3157 2739 et
3184 2676 3295 2739 'le
3348 2676 3533 2738 libros
3559 2676 3778 2751 reliquit,
3803 2676 3853 2731 de

656 2701 806 2742 :seou
845 2701 1172 2811 uorum,
1203 2701 1328 2740 42:5.
2331 2707 2360 2738 «
2407 2701 2549 2741 vmt
2568 2701 2827 2741 Honnus
2848 2701 2988 2740 saec.
3014 2701 3077 2741 ιιι
3100 2701 3157 2739 οι
3202 2701 3295 2739 LIV
3348 2701 3533 2738 unros
3559 2701 3778 2751 reuquu,
3803 2701 3853 2731 uc

656 2755 982 2839 §jliabricii
1015 2755 1091 2811 Bi
1134 2756 1173 2811 l.
1202 2755 1469 2839 Gr.__vol.
1502 2757 1611 2825 Vll,
1642 2772 1705 2839 p.
1764 2761 2017 2839 63513.33.
2052 2758 2219 2839 _l_ia_rl.
2331 2754 3483 2839 quibusponsuperstesestnisiisguem
3505 2752 3856 2839 commemprat

657 2817 713 2899 9)
730 2826 851 2897 Lib.
876 2843 998 2899 xxx,
1033 2843 1167 2899 cap.
1198 2830 1288 2899 14,
1315 2833 1367 2883 5.
1399 2817 1614 2884 Locum
1642 2817 1769 2899 jam
1804 2827 2091 2885 indicavit
2121 2831 2222 2885 Fa-

2334 2817 2809 2897 Eindenbrogius
2848 2827 3153 2897 (nimirum
3195 2817 3343 2898 Περί
3359 2833 3453 2877 τοῦ
3483 2824 3572 2877 ea.
3599 2825 3683 2895 ἠμ.
3712 2817 3774 2889 δ.)
3798 2842 3811 2867 ι
3843 2835 3851 2870 :

562 2897 787 2955 bricius
815 2898 893 2954 ad
921 2897 1229 2972 Porphyrii
1271 2899 1455 2955 vitam
1487 2897 1731 2971 Plotini,
1760 2915 1892 2972 cap.
1926 2904 2014 2956 24.
2053 2899 2225 2966 Quod
2334 2904 2672 2972 concoquat
2698 2898 2802 2971 qui
2832 2903 3043 2970 potest,
3075 2912 3187 2967 ego
3225 2911 3354 2951 non
3369 2910 3634 2968 possum.

1361 3219 2126 3309 ΑΝΤΙΘΕΤΙΚΟΣ
2184 3218 2475 3305 ΠΡΟΣ
2542 3215 3119 3304 ΠΔΩΤΙΝΟΝ

2031 3428 2181 3477 ΠΕΡΙ
2218 3428 2465 3477 ΨΥΧΗΣ.

1418 3741 2219 3827 ANTITHETICUS
2290 3742 2404 3829 IN
2463 3743 3063 3827 PLOTINUM.

2016 3943 2135 4005 DE
2174 3943 2480 4006 ΑΝΙΜΑ.

563 4264 970 4321 Antitheticus
985 4263 1268 4321 adversus
1288 4265 1625 4332 Plotinum;
1648 4264 1881 4321 animas
1912 4279 2032 4320 non
2048 4263 2169 4334 prii

2362 4264 2676 4323 lin-tentato;
2769 4267 2896 4338 πρὸς
2992 4262 3247 4316 Πλωτῖνον
3305 4265 3318 4297 ¹
3383 4284 3396 4296 ·
3472 4262 3553 4314 ὃτι
3615 4264 3731 4334 μήτε
3793 4258 3861 4304 τῶν

638 4354 921 4411 exsistere
930 4368 1107 4426 quam
1121 4369 1397 4423 corpora,
1412 4370 1601 4425 neque
1621 4369 1695 4411 ex
1706 4354 1842 4410 aliis
1859 4355 2124 4423 migrare
2156 4355 2219 4409 in

2404 4354 2657 4425 σωμάτων
2755 4354 3167 4427 πρύπάρχουσιν
3238 4354 3295 4404 αἱ
3365 4352 3569 4425 ψυχαί,
3643 4354 3756 4422 μήτε

640 4444 786 4512 alia,
816 4444 919 4500 sed
940 4458 1130 4515 neque
1158 4447 1219 4499 in
1255 4444 1443 4499 brutis
1476 4450 1724 4499 mentem
1772 4445 1978 4508 inesse,
2030 4457 2222 4513 neque

2402 4441 2582 4513 ἐτέρων
2648 4444 2669 4477 ³
2711 4450 3111 4515 μεταχωροῦσιν
3166 4441 3233 4501 εἰς
3299 4441 3472 4515 ἔτερα,
3545 4439 3647 4491 ἀλλ’
3692 4429 3787 4487 οὐδ’
3828 4431 3859 4478 ἓν

641 4549 909 4605 unquam
933 4534 1209 4603 futuram
1230 4548 1369 4590 esse.
1388 4533 1599 4587 Multis
1628 4538 1825 4589 autem
1855 4531 2222 4587 demonstra-

2400 4538 2509 4592 τοῖς
2559 4530 2768 4601 ἀλόγοις
2814 4531 2972 4583 iam“
3019 4538 3155 4600 νοῦς,
3247 4527 3363 4582 οὐδ’
3435 4525 3496 4583 οὗ
3568 4533 3747 4601 μήποτε

641 4621 898 4679 tionibus
929 4616 1124 4677 utitur
1152 4622 1438 4678 adversus
1489 4621 1668 4688 illud,
1724 4621 1968 4676 notitias
2021 4634 2224 4689 nempe

2400 4639 2558 4675 νοιτο.
2636 4620 2863 4691 Πογλαῖς
2918 4616 2979 4673 δὲ
3034 4639 3124 4671 και
3202 4626 3311 4681 τοῖς
3380 4615 3675 4679 ἀποδείξεσι
3722 4615 3860 4679 κέχρῐ·

638 4713 1078 4770 recordationes
1108 4725 1230 4767 esse
1253 4726 1277 4767 .·
1304 4725 1379 4767 ex
1408 4726 1525 4781 quo
1581 4711 1856 4780 dogmate
1913 4715 2037 4763 tum
2085 4710 2224 4764 Pto-

2403 4728 2489 4760 ται
2528 4712 2653 4783 πρὸς
2735 4708 2890 4761 ἐκεῖνο
2940 4709 2959 4742 ³
3031 4705 3291 4773 ἀπαντῶν,
3368 4710 3428 4760 τὸ
3506 4708 3598 4768 τὰς
3643 4703 3861 4767 ἐπιστήμας

640 4805 788 4873 tino,
832 4808 957 4859 tum
999 4807 1141 4858 ante
1194 4815 1327 4856 eum
1374 4800 1616 4855 Platoni
1674 4799 2092 4866 conﬁrmatum
2141 4803 2223 4855 est

2406 4796 2710 4870 ἀναμνήσεις
2763 4794 2891 4850 εἶναι
2941 4818 2954 4831 ·
3009 4796 3062 4860 ἐξ
3115 4798 3174 4849 οὖ
3227 4793 3296 4856 δὴ
3358 4793 3626 4870 δόγματος
3660 4790 3776 4857 αὐτῷ
3816 4788 3858 4847 τῷ

639 4897 871 4951 animas
891 4892 1063 4961 prius
1094 4904 1211 4945 esse
1240 4903 1419 4960 quam
1451 4902 1723 4956 corpora.
1750 4888 1830 4942 Et
1859 4888 1931 4944 de
1961 4902 2225 4943 resurre-

2408 4887 2658 4957 ﬂLwrivqT:
2728 4906 2819 4938 και
2889 4891 2991 4960 πρὸ
3096 4886 3257 4938 αὐτοῦ
3338 4886 3577 4939 Πλάτωνι
3623 4873 3860 4934 κατεσκεύα-

640 4984 833 5039 ctione
887 4996 1201 5049 corporum
1234 4984 1606 5035 mortuorum
1660 4977 1947 5047 disputat,
1980 4992 2227 5048 eamque

2408 4994 2529 5027 σται
2611 4979 2718 5039 πρὸ
2785 4984 2881 5027 τῶν
2952 4978 3205 5048 σωμάτων
3267 4978 3357 5035 τὰς
3428 4973 3613 5045 ψυχὰς
3636 4968 3856 5023 εἶναι’καε

639 5070 893 5127 ostendit
914 5048 1187 5139 pluribus
1217 5067 1453 5140 quidem
1487 5069 1876 5137 argumentis,
1895 5074 1948 5123 et
1978 5082 2054 5123 ea:
2081 5067 2224 5136 ipsis

2404 5072 2522 5139 περί
2600 5062 2847 5139 ἕγέρσεως
2958 5066 3210 5136 σωμάτων
3298 5064 3586 5116 τεθνεώτων
3682 5048 3857 5127 cit/mg“

638 5159 912 5215 Platonis
924 5158 997 5213 de
1009 5160 1351 5213 animarum
1374 5157 1789 5213 reviviscentia
1800 5157 2223 5226 propositioni-

2402 5174 2511 5221 ται,
2581 5173 2670 5205 και
2753 5150 2992 5206 δείκνυσι
3042 5156 3236 5212 ταύτην
3265 5152 3449 5215 οἱλλαις
3508 5148 3575 5208 δὴ
3624 5147 3854 5226 ἀνάγκαις

640 5248 765 5317 bus,
809 5252 865 5303 et
893 5247 1179 5303 bonorum
1218 5261 1446 5316 semper
1474 5246 1842 5302 manentium
1873 5244 2221 5314 fruitionem

2402 5247 2493 5295 καί
2575 5244 2625 5314 γ’
2708 5242 2759 5305 ἐξ
2811 5242 2979 5295 αὐτῶν
3025 5250 3125 5294 τῶν
3167 5249 3259 5294 τοῦ
3310 5240 3576 5300 Πλάτωνος
3633 5237 3735 5309 περὲ
3762 5221 3855 5279 τοὺ³

1958 5384 2184 5453 Variae
2232 5384 2582 5452 lectiones.

639 5537 655 5572 ¹
689 5536 814 5609 Vat.
835 5539 928 5609 τοῦ
960 5532 1263 5609 σοφωῖοξῖον
1294 5528 1379 5609 ἐπέ
1405 5536 1497 5609 τοτξ
1522 5528 1813 5609 κανιςιλείο-ιέ
1862 5527 2057 5609 ξΔντιθ.
2077 5546 2175 5609 νπρ.
2239 5534 2245 5579 l

2248 5526 2333 5587 Πλ.
2395 5526 2479 5587 Cf.
2536 5530 2784 5585 Prooem.
2863 5529 2884 5564 ²
2924 5526 3051 5599 μών³
3106 5524 3275 5587 αὐτῶν
3325 5524 3467 5580 cod.
3534 5523 3653 5579 Vat.
3718 5515 3736 5548 ³
3760 5508 3854 5563 ἱστίῖ

565 5608 699 5671 Vat.
778 5606 801 5640 ⁸
828 5606 959 5684 πρὸς
984 5600 1131 5663 ἂεῖν⁹
1154 5604 1280 5660 Vat.
1359 5600 1380 5636 ⁶
1402 5606 1495 5657 τοῦ
1533 5600 1733 5655 omisit
1771 5601 1898 5658 Vat.
