4066 6212
294 291 431 345 1405

291 415 385 473 τὰς
474 412 662 485 ψυχὰς
724 412 1146 467 ἀναϐιώσκεσθαι
1213 437 1226 450 ·
1289 418 1493 484 θέσεων,

290 502 476 553 λαυσιν
567 498 831 554 δείκνυσιν
929 501 1008 555 ἀεὶ
1111 508 1361 576 μενόντων
1478 503 1686 577 ἀγαθῶν
1805 502 1896 550 καὶ

291 590 506 643 κόλασιν
568 589 761 662 ψυχῶν
826 592 957 664 ὁμοῦ
1022 592 1043 626 ⁷
1121 597 1211 645 καὶ
1293 596 1545 667 σωμάτων
1629 585 1895 666 μηδέποτε

292 679 582 753 λήγουσαν.

365 767 435 823 α’.
468 767 613 840 Ἐμοὶ
659 770 715 820 τὸ
768 771 932 844 παρὸν
988 765 1336 843 σπούδασμα,
1368 774 1493 846 πρὸς
1521 771 1773 825 Πλωτῖνον
1802 772 1893 820 καὶ

290 859 410 918 τοῦς
440 854 632 909 ἐκείνου
662 861 781 930 περὶ
812 856 1073 931 ἀφθάρτου
1127 858 1310 931 ψυχῆς
1368 859 1575 933 λόγους.
1639 863 1739 913 Καὶ
1789 860 1891 932 γὰρ

293 945 375 998 ὅτι
399 950 489 1018 μεν
529 946 555 998 ό
593 945 642 998 έν
691 949 816 1020 ἡμῖν
859 956 978 1009 νοῦς
1026 949 1242 1014 ἁπλοῦς,
1300 954 1391 1002 καὶ
1460 949 1754 1015 ἀσύνθετος,
1802 951 1894 999 καὶ

292 1035 411 1086 καθ’
443 1032 623 1087 ἑαυτὸν
652 1033 901 1107 ὑφεστὼς,
937 1041 1027 1089 καὶ
1084 1037 1223 1098 ζωὴν
1276 1036 1325 1090 έν
1376 1036 1541 1109 ἑαυτῷ
1591 1039 1748 1108 έχων,
1803 1039 1894 1087 καί

290 1141 354 1193 γε
404 1140 646 1199 κρειττων
692 1127 870 1186 πάσης
950 1122 1145 1200 φθορᾶς
1221 1131 1310 1179 καὶ
1381 1130 1572 1189 παντὸς
1659 1125 1891 1197 ὀλέθρου,

292 1219 445 1266 τοῦτο
482 1211 701 1285 κάκείνῳ
752 1217 841 1266 καὶ
898 1223 962 1288 τῇ
1022 1213 1238 1290 ἀληθείᾳ
1286 1214 1445 1290 κάμοὶ
1499 1213 1660 1283 δοκεῖ,
1720 1219 1810 1267 καὶ
1849 1214 1894 1267 εἶ

292 1322 376 1365 τις
425 1296 590 1375 ἕτερος
649 1302 813 1378 ὀρθῶς
865 1300 1104 1376 βούλοιτο
1161 1315 1395 1373 σκοπεῖν,
1466 1306 1558 1358 καί
1631 1323 1692 1376 γε
1764 1307 1895 1379 πρὸς

291 1398 395 1445 πᾶν
422 1389 683 1449 δήπουθεν
736 1391 887 1453 εὐθὺς
940 1396 1075 1447 θεῖτο
1132 1397 1268 1465 (10),
1325 1401 1383 1449 τό
1448 1415 1506 1467 γε
1558 1397 1685 1470 πρὸς
1738 1401 1890 1446 τοῦτο

294 1486 463 1555 φέρον,
518 1485 609 1533 καὶ
655 1488 761 1541 τοῖς
825 1481 1085 1535 Πλωτίνου
1133 1481 1304 1556 λόγοις
1360 1485 1527 1545 καλῶς
1619 1479 1892 1535 ἀποδεδει-

289 1573 493 1642 γμένον.
528 1576 644 1632 Πῶς
669 1572 771 1643 γὰρ
813 1569 835 1605 ⁸
887 1576 977 1624 καὶ
1040 1571 1117 1630 εἴη
1176 1568 1231 1624 έκ
1291 1575 1573 1633 συνθέσεως
1611 1579 1750 1638 νοῦς,
1800 1577 1890 1625 καὶ

291 1654 347 1710 έκ
373 1678 523 1711 τινων
548 1665 715 1733 μερῶν
744 1663 1020 1711 συνιόντων
1053 1676 1068 1726 ;
1101 1662 1144 1713 εἰ
1180 1663 1270 1733 μὶν
1316 1681 1415 1734 γαρ
1469 1661 1523 1725 έξ
1559 1660 1627 1712 ὧν
1678 1662 1887 1713 πάντα⁹

1491 288 1658 347 ADV.
1696 268 2050 341 PLOTINUM
2087 281 2180 336 DE
2216 282 2454 343 ANIMA.

1587 417 1678 466 καὶ
1765 408 1900 461 ἀπό·
1935 411 1976 458 Α
2007 410 2259 465 ostendit
2275 413 2685 470 etanimarum
2707 414 2955 469 simulet
2983 426 3301 483 corporum
3336 424 3647 482 nunquam

3511 288 3649 342 1406

2002 498 2318 565 ﬁniturum
2349 502 2735 571 supplicium.

2076 773 2123 823 1.
2159 772 2220 824 In
2256 769 2373 827 hac
2396 785 2533 827 mea
2555 768 2966 826 lucubratione
2995 768 3289 826 Plotinum
3331 770 3389 823 et
3416 767 3547 837 ejus
3574 766 3651 823 de

2000 856 2434 931 incorruptibili
2460 859 2665 916 anima
2697 858 3002 915 doctrinas
3020 857 3283 915 refellere
3309 855 3645 927 aggredior.

2002 949 2230 1004 Etenim
2267 948 2431 1020 quod
2462 950 2521 1004 in
2552 949 2728 1005 nobis
2754 949 2828 1005 sit
2844 963 3017 1005 mens
3044 947 3300 1020 simplex
3331 951 3389 1002 et
3425 946 3649 1002 incom-

2001 1037 2222 1108 posita,
2255 1038 2377 1093 etin
2401 1054 2465 1094 se
2496 1039 2848 1106 subsistens,
2880 1039 3181 1110 vitamque
3210 1038 3272 1093 in
3304 1052 3367 1093 se
3391 1035 3647 1103 habens,

2002 1132 2059 1181 et
2078 1128 2277 1181 omnis
2306 1127 2705 1199 corruptionis
2726 1132 2783 1183 et
2814 1127 3081 1183 interitus
3105 1125 3308 1182 nescia
3341 1142 3354 1191 ;
3386 1123 3448 1179 id
3468 1127 3525 1179 et
3564 1121 3648 1177 illi

2002 1222 2057 1270 et
2082 1231 2226 1271 sane
2253 1216 2396 1272 mihi
2422 1231 2667 1288 quoque
2698 1215 2954 1285 videtur,
2982 1221 3039 1271 et
3060 1215 3108 1270 si
3131 1214 3267 1282 quis
3296 1212 3449 1269 alius
3489 1214 3647 1266 recte

2000 1298 2299 1375 inquirere
2345 1303 2503 1367 velit,
2557 1309 2615 1360 et
2656 1310 2923 1360 mentem
2984 1303 3280 1358 sinceram
3361 1298 3648 1358 adhibere

2000 1392 2092 1447 his
2139 1393 2423 1449 omnibus
2486 1408 2624 1466 quas
2688 1392 2896 1448 Plotini
2951 1391 3236 1463 operibus
3312 1388 3466 1445 bene
3547 1386 3649 1443 de-

1999 1486 2430 1537 monstrantur.
2472 1481 2790 1547 Quomodo
2810 1481 2973 1537 enim
2990 1479 3327 1552 composita
3349 1491 3521 1533 mens
3559 1492 3649 1532 es-

1998 1574 2087 1625 set
2112 1570 2141 1624 ?
2158 1569 2383 1642 quibus
2395 1570 2671 1643 partibus
2692 1568 3214 1641 congredientibus
3244 1567 3273 1622 ‘I
3305 1566 3365 1623 Si
3387 1565 3548 1623 enim
3572 1580 3646 1621 ex

1998 1659 2067 1715 iis
2097 1659 2319 1730 quibus
2345 1659 2551 1715 omnia
2571 1662 2871 1729 constant,
2887 1656 3242 1729 corporibus
3268 1652 3646 1725 simplicibus

292 1743 340 1797 έν
400 1746 657 1815 συνθέσει,
716 1745 891 1798 ἁπλῶν
955 1751 1109 1799 ὄντων
1175 1750 1428 1820 σωμάτων
1490 1753 1579 1801 καὶ
1649 1754 1884 1823 πρώτων,

1999 1763 2069 1804 ac
2084 1748 2296 1820 primis
2326 1767 2339 1804 :
2361 1748 2469 1805 sed
2494 1763 2564 1804 ex
2582 1748 2676 1803 his
2706 1748 2942 1804 nullum
2963 1744 3203 1818 cogitat.
3228 1746 3411 1800 Porro
3437 1757 3510 1798 ex
3522 1755 3646 1797 non

292 1828 403 1886 ἀλλ’
445 1833 591 1886 ούθεν
642 1837 838 1887 τούτῶν
891 1842 1015 1891 νοεῖ.
1073 1835 1156 1889 Ἐκ
1207 1845 1334 1909 γοῦν
1387 1836 1617 1896 ἀνοήτων
1662 1845 1773 1900 πῶς
1828 1835 1890 1889 ἂν

290 1928 381 1976 καὶ
413 1923 459 1959 ¹⁰
483 1926 679 1995 γένοιτο
699 1943 836 1989 νους,
871 1925 901 1983 ἦ
933 1934 1043 1988 πῶς
1081 1923 1142 1978 ἃν
1190 1926 1258 1977 ὧν
1304 1935 1472 1980 ταῦτα
1532 1924 1740 2000 οὐδαμῆ
1800 1926 1890 1979 ού-

290 2009 475 2085 δαμῶς
530 2010 722 2084 έφίεται
777 2012 918 2085 (11),
988 2021 1088 2066 τῶν
1144 2024 1341 2073 νοητῶν
1398 2015 1527 2088 λέγω
1602 2020 1692 2069 καὶ
1762 2017 1890 2091 ύπὶρ

287 2108 472 2169 ταῦτα,
522 2101 671 2163 οὗτος
722 2100 777 2164 έξ
830 2102 999 2154 αὐτῶν
1047 2107 1403 2176 γεγενημένος,
1481 2103 1749 2177 ἐφικέσθαι
1830 2105 1889 2157 ἂν

288 2186 538 2249 δυνηθείη
581 2207 596 2257 ;
636 2188 681 2243 εἰ
710 2186 762 2243 δ’
822 2190 986 2242 ἄλλων
1043 2201 1193 2245 τινῶν
1231 2196 1374 2268 παρά
1411 2201 1579 2247 ταῦτα
1634 2196 1889 2267 σωμάτων

290 2278 692 2353 συμπλακέντων
734 2278 885 2340 ζῶσα
920 2284 1008 2333 καὶ
1063 2289 1257 2334 νοοῦσα
1535 2286 1783 2347 συνέστη,
1846 2282 1891 2335 εὶ

290 2370 381 2440 μὶν
437 2371 752 2443 παχυτέρων
804 2372 894 2421 καὶ
947 2365 1332 2445 ῦλωδεστέρων,
1393 2369 1505 2423 ἀλλ’
1559 2372 1750 2425 ἄτοπον
1835 2371 1890 2424 έκ

288 2464 392 2509 τῶν
449 2458 490 2492 ¹¹
549 2475 794 2510 τοιουτων
843 2463 962 2509 νοῦν
1020 2462 1351 2511 συνεστάναιο
1409 2464 1499 2513 καὶ
1571 2459 1645 2513 δτι
1700 2460 1889 2533 μᾶλλον

293 2544 357 2598 ἄν
421 2544 714 2604 ἀνοηταίνοι
771 2548 886 2617 (12)
931 2546 1087 2620 ψυχὴ
1139 2551 1311 2624 νοερά,
1366 2549 1585 2624 ἀμοίρου
1667 2569 1890 2612 νοησεως

296 2634 477 2697 πάσης
505 2634 550 2670 ³³
578 2634 735 2696 ούσης
770 2642 865 2696 τῆς
899 2631 1022 2697 ὕλης
1072 2640 1160 2689 καὶ
1223 2646 1316 2699 τῆς
1380 2635 1599 2691 τοιᾶσδε
1662 2639 1890 2711 μάλιστα

293 2727 527 2795 παχείας
552 2722 697 2786 ὕλης·
731 2720 853 2777 εἶδ’
893 2723 946 2788 EE
972 2724 1333 2800 ἁπλουστέρων
1369 2746 1450 2798 γε,
1490 2732 1580 2779 καὶ
1629 2726 1664 2780 ἃ
1717 2731 1781 2780 τά
1841 2729 1888 2764 ¹³

287 2819 472 2886 πρῶτα
498 2816 717 2884 πέφυκεν
743 2815 813 2874 ὡς
842 2809 910 2871 δὴ
944 2813 989 2849 ¹⁸
1018 2813 1188 2888 ἀρχαὶ
1240 2823 1340 2867 τῶν
1392 2815 1577 2886 ἄλλων,
1629 2815 1735 2869 ἀλλ’
1794 2817 1888 2871 ούκ

288 2902 433 2953 ἰστιν
471 2897 588 2953 οὐδ’
650 2902 814 2978 εύρεῖν
871 2904 1012 2955 ἔστιν
1068 2902 1396 2979 ἁπλούστερα
1443 2903 1706 2978 οὐδαμῶς,
1771 2905 1887 2961 οὐδ’

288 2988 341 3042 έν
366 2989 550 3051 αὐταῖς
606 2989 849 3051 ἐπινοίαις
895 2998 994 3043 τῶν
1049 2994 1316 3066 τεσσάρων
1370 2992 1424 3057 ἐξ
1476 2994 1543 3045 ὧν
1602 2992 1671 3054 δὴ
1727 2997 1890 3049 τᾶλλα

1997 1836 2400 1908 cogitantibus
2427 1837 2740 1910 quomodo
2769 1850 2942 1892 mens
2971 1834 3155 1899 ﬁeret,
3187 1838 3291 1889 aut
3340 1828 3647 1904 quomodo

1999 1928 2075 1982 ad
2090 1942 2159 1983 ea
2172 1942 2309 2000 qua:
2326 1940 2641 1999 nunquam
2654 1926 2750 1983 illa
2764 1928 3070 1997 appetunt,
3084 1920 3476 1993 intelligibilia
3485 1919 3644 1988 dico,

1999 2031 2070 2073 ac
2108 2017 2285 2071 etiam
2315 2028 2497 2087 supra
2517 2014 2636 2081 illa,
2664 2030 2804 2070 cum
2826 2014 2961 2086 ipsa
2984 2028 3057 2069 ex
3076 2012 3146 2068 iis
3173 2011 3270 2081 sit,
3297 2012 3503 2082 posset
3550 2022 3647 2064 as-

2000 2119 2246 2175 surgere
2260 2106 2289 2161 ?
2304 2106 2359 2162 Si
2371 2120 2513 2160 vero
2532 2119 2603 2159 ex
2624 2103 2755 2159 aliis
2767 2101 3123 2175 corporibus
3146 2098 3424 2156 connexit
3435 2097 3646 2154 vivens

1999 2199 2056 2250 et
2085 2196 2359 2264 cogitans
2396 2195 2600 2251 anima
2629 2193 2937 2258 consistat,
2968 2189 3265 2264 siquidem
3295 2202 3369 2244 ea
3392 2186 3648 2243 crassio-

1995 2284 2087 2340 ria
2112 2289 2168 2340 et
2197 2283 2623 2350 faeculentiora,
2670 2281 3005 2341 absurdum
3058 2284 3149 2337 est
3201 2277 3423 2336 talibus
3475 2289 3647 2332 men-

1999 2376 2117 2428 tem
2139 2378 2430 2429 constare.
2462 2375 2546 2427 Ac
2562 2371 2758 2441 magis
2778 2372 2958 2427 etiam
3006 2370 3303 2441 desiperet
3333 2381 3507 2423 mens
3556 2364 3648 2421 in-

1996 2459 2233 2517 tellectu
2258 2461 2682 2533 praedita,cum
2713 2461 2786 2516 sit
2813 2460 3012 2516 omnis
3036 2455 3413 2528 cogitationis
3432 2467 3647 2526 expers

1999 2551 2251 2606 materia
2275 2553 2334 2605 et
2355 2549 2653 2622 imprimis
2666 2548 2820 2605 adeo
2840 2563 3062 2604 crassa.
3086 2547 3147 2603 Si
3170 2550 3375 2601 autem
3404 2559 3478 2600 ex
3508 2542 3648 2599 sim-

1996 2638 2343 2711 plicioribus
2371 2644 2429 2693 et
2456 2638 2527 2693 iis
2552 2650 2689 2710 qua:
2731 2638 2928 2710 prima
2972 2640 3115 2691 nata
3164 2639 3304 2689 sunt
3355 2637 3651 2703 tanquam

1999 2727 2254 2786 aliorum
2280 2727 2576 2799 principia
2603 2744 2617 2795 ;
2652 2726 2754 2782 sed
2778 2740 2901 2781 non
2919 2729 3058 2782 sunt
3085 2739 3197 2779 nec
3224 2720 3473 2778 inveniri
3504 2735 3649 2792 pos-

2000 2822 2141 2874 sunt
2165 2815 2530 2888 simpliciora
2557 2830 2754 2887 neque
2782 2815 2917 2885 ipsa
2943 2811 3399 2883 imaginatione,
3458 2822 3648 2879 quam

1996 2911 2257 2979 quatuor
2284 2905 2506 2977 quibus
2534 2905 2737 2960 omnia
2766 2907 2998 2958 caetera.
3042 2904 3110 2958 Et
3166 2914 3312 2955 sane
3350 2910 3545 2969 neque
3574 2909 3651 2949 ex

1998 2994 2250 3052 materia
2278 3000 2334 3050 et
2358 2994 2555 3051 forma
2583 2991 2987 3064 compositum
3014 2988 3246 3061 aliquid
3279 2992 3369 3044 est
3389 3000 3564 3042 mens
3594 2987 3653 3040 et

290 3080 462 3131 πάντα
492 3079 559 3114 ³⁸·
592 3084 680 3131 καὶ
712 3084 816 3152 μὴν
846 3074 962 3132 ουδ’
993 3078 1048 3143 έξ
1089 3080 1215 3143 ύλης
1265 3077 1526 3140 δήπουθεν
1578 3089 1667 3135 καὶ
1714 3082 1887 3147 είδους

1999 3100 2133 3157 quae
2163 3083 2498 3139 secundum
2527 3082 2725 3153 ipsam
2761 3084 2854 3135 est
2882 3078 3106 3145 anima,
3133 3077 3214 3134 ita
3234 3080 3299 3132 ut
3342 3075 3477 3147 ipsa
3524 3086 3650 3129 non

258 3169 537 3221 ⁷συνθετον
562 3172 683 3230 νόῦς
733 3173 822 3221 καὶ
867 3167 1023 3240 ψυχὴ
1078 3170 1110 3228 ἡ
1159 3172 1294 3221 κατὰ
1353 3178 1553 3234 τοῦτον,
1602 3175 1671 3234 ὡς
1726 3173 1762 3224 οἱ
1817 3170 1885 3232 δὴ

287 3274 383 3308 και
431 3259 563 3315 αῦτη
633 3261 705 3329 μὴ
760 3255 815 3320 ἐξ
858 3256 1032 3309 ἀπλῶν
1081 3260 1345 3321 σύνθετον,
1416 3258 1611 3312 ἀπλοῦν
1677 3258 1728 3313 δ’
1809 3265 1886 3321 ιῖη

293 3353 467 3418 σῶμα,
501 3346 788 3407 συνθέσεως
834 3345 993 3409 ἄλλης
1042 3346 1452 3419 ἀπηλλαγμένον.
1510 3347 1644 3403 Ἀλλ’
1702 3351 1745 3403 εἰ
1799 3370 1890 3405 και

288 3441 466 3503 τοῦτο,
501 3434 620 3487 οὔτέ
642 3437 737 3493 τὴν
761 3433 886 3493 ὓλην
914 3438 1028 3488 ἔστι
1058 3432 1348 3509 δυναμένην
1377 3444 1507 3490 νοεῖν
1534 3441 1731 3492 τιθέναι
1752 3441 1887 3515 (13),

288 3522 563 3597 μέχριςᾶν
584 3523 710 3575 αύτό
741 3520 808 3583 δὴ
838 3523 990 3576 τοῦτο
1012 3527 1088 3583 εἴη
1147 3545 1237 3578 και
1288 3529 1440 3599 μόνον
1493 3525 1615 3596 ὕλη,
1675 3530 1793 3583 οὔτε
1829 3535 1889 3583 τὸ

292 3608 435 3674 εἶδος
480 3612 607 3665 αύτὸ
665 3609 733 3671 δὴ
777 3619 932 3665 τοῦτο
986 3633 1077 3665 και
1130 3618 1283 3687 μόνον
1328 3617 1672 3690 θεωρούμενον
1725 3616 1888 3686 εἶδος,

290 3701 426 3754 ὥστε
450 3722 541 3754 και
562 3698 714 3764 αὖθις
738 3700 791 3765 ἐξ
827 3700 1057 3761 ἀνοήτων
1121 3702 1183 3755 ἄν
1241 3711 1361 3767 νοῦς
1416 3708 1517 3764 εἴη·
1573 3704 1600 3758 ὃ
1644 3704 1714 3767 δὴ
1753 3717 1892 3783 πρῶ-

288 3809 379 3843 τον
413 3792 478 3851 ὡς
513 3793 707 3843 ἄτοπον
765 3793 799 3851 ἦ
859 3811 949 3843 και
1013 3793 1167 3845 ἄνουν
1229 3794 1387 3845 εἰπεῖν
1447 3797 1717 3869 ἓφύγομεν.
1789 3806 1890 3852 Και

283 3884 459 3932 τοίνυν
510 3879 666 3952 ψυχὴ
717 3881 867 3941 ζῶσα
910 3899 999 3932 και
1054 3883 1226 3956 νοερά,
1284 3881 1427 3934 οὓσω
1472 3879 1541 3942 δὴ
1585 3905 1675 3937 και
1737 3895 1891 3946 σῶμα

283 3973 391 4021 πᾶν
411 3972 582 4040 φεύγει
613 3973 746 4021 ὥστε
772 3968 914 4021 τοῦτ’
978 3970 1127 4040 εἶναι,
1189 3989 1281 4022 και
1323 3976 1500 4023 πᾶσαν
1539 3976 1715 4045 φεύγει
1770 3979 1888 4027 σύν-

286 4058 434 4110 θεσιν
471 4057 597 4111 ὥστ’
635 4056 690 4121 έξ
740 4057 906 4121 αὐτῆς
960 4055 1114 4114 εἶναι.
1149 4063 1249 4113 Καί
1314 4064 1424 4132 μὴν
1484 4077 1577 4113 και
1645 4062 1909 4130 Πλωτῖνος

1999 3172 2371 3245 simplicibus
2400 3173 2819 3243 componatur,
2848 3167 2955 3224 sed
2988 3181 3206 3238 corpus
3252 3163 3507 3237 simplex
3552 3162 3646 3230 sit,

1999 3261 2150 3318 alius
2192 3258 2641 3331 compositionis
2678 3272 2915 3329 expers.
2975 3254 3091 3312 Sed
3135 3253 3201 3310 in
3266 3253 3383 3311 hac
3452 3252 3649 3324 hypo-

1998 3350 2173 3421 thesi,
2197 3364 2393 3421 neque
2418 3347 2732 3405 materiam
2762 3353 2830 3403 ut
2856 3343 3160 3415 cogitandi
3183 3357 3470 3416 capacem
3511 3354 3650 3413 sup-

1997 3454 2222 3514 ponere
2250 3438 2404 3505 licet,
2443 3437 2720 3510 quandiu
2763 3435 2913 3493 nihil
2949 3434 3065 3492 nisi
3095 3433 3236 3505 ipsa
3292 3430 3541 3489 materia
3593 3433 3652 3485 et

2001 3529 2384 3587 solummodo
2395 3526 2648 3583 materia
2666 3526 2773 3592 sit;
2804 3523 3205 3597 nequeforma
3222 3526 3330 3588 est,
3357 3534 3494 3592 quas
3522 3531 3650 3575 non

1999 3619 2114 3675 nisi
2143 3614 2339 3673 forma
2362 3619 2418 3671 et
2448 3612 2830 3671 solummodo
2850 3612 3046 3670 forma
3062 3610 3144 3669 ad
3189 3606 3648 3681 contemplatio-

1998 3722 2140 3765 nem
2169 3705 2492 3779 pertinens.
2528 3703 2606 3760 ita
2633 3708 2699 3759 ut
2722 3718 2791 3759 ex
2822 3717 2945 3758 non
2973 3698 3443 3771 intelligentibus
3471 3711 3646 3754 mens

1999 3798 2122 3854 ﬁat.
2151 3794 2324 3862 Quod
2354 3809 2499 3850 sane
2517 3793 2782 3865 primum
2812 3795 2878 3847 ut
2914 3788 3250 3847 absurdum
3281 3792 3340 3844 et
3393 3786 3645 3843 demens

1999 3886 2197 3942 dicere
2219 3884 2570 3955 refugimus.
2591 3883 2659 3938 Et
2678 3880 2857 3951 igitur
2878 3878 3085 3935 anima
3099 3878 3309 3934 vivens
3360 3891 3431 3932 ac
3484 3875 3645 3945 cogi-

1999 3980 2133 4031 tans
2153 3973 2363 4046 procul
2374 3971 2544 4027 abest
2558 3970 2706 4026 utsit
2733 3983 2954 4041 corpus
2990 3966 3329 4039 quoddam,
3358 3968 3417 4021 et
3440 3962 3646 4036 procul

1999 4064 2173 4121 abest
2199 4066 2265 4117 ut
2287 4059 2556 4134 quadam
2593 4056 3026 4130 compositione
3037 4054 3479 4113 efiormetur.Et
3497 4066 3643 4108 sane

1665 4186 1890 4257 Varias
1936 4172 2291 4257 lectiones.

363 4322 386 4357 ⁸
409 4321 856 4376 ἀναϐιώσεσεσθαι
875 4318 1045 4380 Vind.
1069 4326 1090 4360 ⁷
1112 4341 1168 4377 τε
1194 4324 1337 4380 add.
1368 4326 1496 4383 Vat.
1524 4328 1546 4362 ⁸
1561 4333 1623 4378 ἄν
1641 4328 1782 4387 add.
1806 4332 1889 4387 V8.

1999 4349 2065 4383 :au
2082 4333 2151 4381 τὰ
2174 4330 2329 4380 λοιπὰ
2352 4327 2524 4380 πάντα
2540 4327 2607 4377 τὰ
2631 4324 2682 4377 έν
2715 4342 2772 4381 σ.
2799 4323 2926 4379 Vat.
2959 4323 3005 4357 ¹⁰
3025 4340 3117 4374 και
3135 4319 3306 4378 abest
3326 4335 3366 4377 a
3408 4319 3543 4376 Vat.
3599 4320 3639 4353 “

280 4400 388 4447 τῶν
403 4409 524 4452 non
556 4401 645 4452 est
664 4396 725 4451 in
752 4394 880 4459 Vat,
915 4397 960 4432 η
982 4397 1165 4458 πάσης
1185 4402 1338 4455 satis.
1371 4398 1498 4454 Vat.
1534 4399 1578 4434 ⁸⁸
1602 4397 1640 4450 ἂ
1667 4395 1737 4458 δὴ
1766 4404 1889 4459 Vat.

2004 4401 2106 4454 τῶν
2133 4430 2207 4442 -
2237 4398 2408 4452 πάντα
2436 4395 2683 4454 omnisit
2710 4397 2837 4450 Vat.

1859 4506 2075 4576 Notae.

357 4616 467 4688 (10)
490 4617 581 4695 Sic
597 4616 778 4695 etiam
805 4618 1096 4695 inLVatic"
1116 4616 1399 4695 nisiforte
1430 4617 1637 4695 vitium
1665 4620 1886 4695 subest,
1920 4632 1963 4685 D
1995 4623 2126 4693 ipsa
2156 4621 2373 4691 species
2389 4618 2474 4695 ‘sit
2503 4617 2865 4695 solummodo
2888 4618 3117 4695 species
3148 4616 3225 4673 ad
3257 4613 3644 4695 contempla-

282 4692 356 4762 ut
402 4688 690 4762 scriptum
728 4687 903 4744 fuerit
930 4687 1087 4762 παρὰς
1113 4694 1215 4741 πᾶν
1256 4720 1328 4731 --
1376 4691 1512 4742 θεῖτο
1563 4692 1576 4758 ;

280 4759 661 4816 locutio—est.
718 4761 799 4815 Ex
829 4759 1223 4817 Demdsthene
1283 4761 1526 4819 advers.
1583 4764 1883 4822 Aristocr.

284 4834 394 4914 66f
420 4830 671 4914 laudant
700 4832 1123 4914 grammatici:
1154 4835 1285 4914 πρὸς
1312 4836 1371 4886 τὸ
1412 4833 1583 4896 καλῶς
1630 4834 1753 4907 ﬁxo»
1809 4840 1883 4888 τί·

287 4905 497 4963 εσθαίθ.
530 4903 821 4967 Quocirca
866 4903 947 4959 nil
982 4903 1227 4959 mutavi.

357 4976 402 5044 (1
419 4975 472 5031 il
492 4974 804 5046 'l'lyixvsirat
830 4973 891 5028 in
914 4974 1190 5046 margine
1210 4979 1266 5046 et
1281 4973 1363 5029 sic
1385 4975 1510 5030 Vat.
1530 4982 1707 5046 recte.

362 5048 474 5120 (l2)
500 5044 1045 5120 Platonicum._vid_.
1071 5044 1294 5120 Phileb.
1335 5061 1375 5120 p
1416 5117 1429 5120 Α
1463 5049 1538 5120 13
1568 5045 1631 5111 d,
1666 5047 1882 5120 Steph.

337 5114 502 5188 ,⁷211Δ
528 5116 648 5188 Bip.
693 5115 936 5188 Epistol.
968 5118 1031 5171 X1
1063 5114 1169 5171 ﬁn.
1214 5131 1276 5188 p.
1338 5114 1441 5170 169
1479 5117 1605 5188 Bip.
1628 5114 1875 5188 Julian.

339 5192 449 5259 rat.
472 5182 531 5259 ll
556 5182 829 5259 ρ’,δῖξιίιι
862 5187 988 5259 JH
1030 5182 1399 5259 iSpanhem.“
1429 5196 1485 5242 et
1530 5182 1714 5259 liujus
1758 5196 1880 5245 not.

286 5257 369 5315 ad
388 5256 1111 5331 Arist6ph.Scho_l.Nubb’.
1135 5260 1263 5326 £86,
1290 5256 1430 5314 coll.
1452 5256 1779 5331 interprett.
1805 5260 1886 5316 ad

286 5328 546 5399 Mesych.
581 5328 619 5391 Ῑ,
654 5328 1002 5399 ϐὃὸηωῠοιιῑ.

362 5398 472 5472 (13)
501 5402 701 5472 Neque
735 5398 984 5455 materia
1032 5398 1178 5472 poni
1230 5403 1426 5472 potest
1482 5404 1772 5472 tanquam
1811 5416 1885 5457 ea

362 5415 472 5472 (13)
501 5415 701 5471 neque
735 5415 984 5455 materia
1032 5415 1178 5472 pom
1273 5415 1426 5455 ores:
1482 5415 1772 5472 tanquam
1811 5416 1885 5457 ea

285 5486 426 5598 gues
438 5470 908 5552 cogitarequeat,
936 5470 1207 5543 quandiu
1230 5415 1635 5551 {squousque
1659 5473 1748 5527 nil
1766 5474 1887 5528 nisi

311 5556 420 5598 ma
434 5546 685 5598 materia
697 5548 750 5598 et
771 5541 1138 5598 solummodo
1153 5548 1399 5597 materia
1413 5546 1489 5596 sit
1515 5556 1739 5598 :neaue
1751 5558 1879 5598 sne—

308 5541 420 5616 ῥέα
434 5541 685 5616 materia
697 5541 750 5599 εὶ
771 5541 1138 5616 solummodo
1153 5541 1489 5616 materiasit
1515 5541 1739 5615 :heque
1751 5558 1879 5616 spe—

287 5613 409 5677 cies
444 5612 1044 5695 (tanquamcogitans
1071 5616 1265 5691 potest
1274 5611 1439 5688 poni)
1450 5612 1588 5691 quae
1615 5611 1737 5681 rion
1768 5611 1887 5672 riisi

1630 4683 1890 4750 tenenda
1923 4683 1951 4685 _
1998 4683 2221 4748 tionem
2253 4691 2577 4764 pertinens.
2616 4712 2742 4764 ›,-
2770 4683 3116 4746 Tenendum
3154 4686 3348 4764 rarius
3399 4690 3507 4764 ναξ
3525 4683 3641 4739 'ad-

1991 4764 2215 4845 jectum
2253 4757 2539 4845 :formulaa
2597 4761 2723 4813 αὐτὸ
2779 4770 2931 4845 τοῦτο
2988 4778 3163 4845 μονον.
3219 4757 3379 4843 [dato
3431 4757 3640 4845 ρωπίᾳ.

1996 4822 2054 4907 ί).
2091 4837 2192 4891 182
2220 4851 2234 4889 :
2263 4833 2385 4886 Ὀτι
2413 4840 2506 4885 εῖεν
2536 4837 2914 4907 παρασκευαὶ,
2946 4822 3002 4882 αἱ
3052 4834 3140 4901 μὲν
3180 4832 3366 4907 μέχρις
3421 4822 3641 4907 ἠ-δονῆές,

1994 4898 2123 4959 ἀύτό
2171 4914 2325 4977 τοῦτο
2381 4909 2533 4977 μόνον
2586 4898 3111 4977 παρασκευάζουσαι.
3165 4898 3375 4977 ᾸΕῌᾶΠ.

1994 4979 2086 5044 ΙΙΙ,
2130 4982 2193 5033 17
2252 4994 2265 5031 :
2303 4966 2392 5028 'H'
2422 4974 2548 5045 αύτό
2587 4966 2739 5045 τοῦτο
2800 4977 2953 5045 μόνον
2992 4976 3085 5045 τὴν
3146 4966 3387 5045 διάνοιαν
3414 5039 3428 5045 _
3453 4970 3642 5040 ἀγαθοὶ

1992 5039 2274 5121 γενόμενοι.
2316 5044 2676 5121 Degsolemni
2701 5039 2961 5121 fogiuula
2991 5039 3435 5121 vid..T_oup..ad
3487 5039 3643 5096 Lon-

1994 5111 2122 5190 gini
2150 5122 2365 5188 Fragg.
2392 5119 2458 5190 V,
2489 5117 2685 5190 p._3_96
2716 5112 3129 5190 ;_F_‘is<_:h_er.-ad
3155 5111 3429 5190 E_schin._
3469 5128 3543 5190 s._
3585 5127 3642 5169 γ.

1994 5181 2173 5257 ἆύτός,
2202 5181 2641 5262 ibiquelaudd.
2675 5185 2825 5262 add.
2854 5183 3132 5262 Scbmfer:
3157 5181 3237 5262 ad
3271 5182 3477 5262 Lamb.
3498 5184 3640 5262 ⁸ΒοεἸ

1992 5255 2217 5333 Ειιέρετ
2246 5255 2464 5333 ρξ368,
2499 5258 2632 5333 coll.
2686 5256 2988 5333 Heindorf.
3032 5255 3145 5333 .ad_
3174 5256 3363 5333 Gorg._
3413 5260 3454 5333 ξ,
3497 5256 3537 5309 l.
3567 5257 3645 5333 _et

1993 5324 2227 5391 Astfad
2247 5324 2485 5387 ’Platon.
2509 5331 2687 5401 Legg.
2722 5345 2781 5401 p.
2810 5330 2905 5401 A27.
2930 5324 3530 5401 lnsigniorerriigitur
3560 5324 3645 5401 fe-

1994 5404 2073 5459 cit
2097 5401 2425 5475 Nathanael
2454 5402 2514 5457 h.
2547 5394 3079 5475 lfabtindantiam'
3096 5413 3221 5469 qua
3240 5396 3519 5475 adjicitur
3581 5394 3645 5475 in

1994 5473 2393 5546 eailocutione
2418 5477 2571 5546 μόνον
2602 5488 2616 5527 :
2652 5487 2731 5528 an
2775 5464 3221 5546 elegantiorem,
3247 5464 3375 5546 ipse
3408 5464 3643 5545 viderit,

1996 5528 2385 5603 intra'tamen
2412 5528 2799 5600 communem
2818 5528 3138 5609 locutionis
3170 5528 3421 5595 modum
3451 5528 3645 5619 sequil

1994 5621 2107 5677 tur.
