4066 6212
592 268 726 325 1407

1918 253 2290 323 NICEPHORI
2327 253 2607 317 CHUMN].

3728 273 3835 331 1408

590 395 648 448 et
671 389 952 457 Plotinus,
975 391 1033 447 et
1063 388 1113 445 si
1132 388 1268 463 quis
1300 404 1441 448 cum
1468 389 1569 448 illo
1600 393 1737 447 ante
1765 388 1935 448 illum
1963 384 2060 443 vel
2112 384 2241 457 post

2356 386 2446 434 καὶ
2474 383 2619 445 εἴτις
2647 381 2758 455 μετ’
2797 379 2989 437 ἐκείνου
3048 383 3093 419 ¹⁶
3146 384 3246 459 πρὸ
3306 384 3453 439 αὐτοῦ
3509 387 3535 449 ἦ
3595 390 3682 463 μετ’
3724 395 3838 449 αὐτὸν

586 481 759 539 illum
786 483 942 537 recte
970 484 1027 537 et
1062 480 1311 553 pulchre
1338 480 1470 553 ejus
1500 485 1780 538 naturam
1808 476 2243 549 cognoverunt,

589 569 925 641 simplicem
954 583 1089 626 eam
1122 568 1371 625 scientes
1402 574 1457 625 et
1478 585 1675 643 neque
1715 567 2052 624 secundum
2113 578 2245 619 cor-

590 674 704 734 pus
744 673 937 732 neque
969 658 1300 714 secundum
1332 659 1828 731 compositionem
1847 673 1978 714 eam
2009 668 2141 711 esse
2161 650 2249 708 di-

590 751 810 814 centes,
851 746 955 803 sed
985 746 1146 805 aliud
1178 752 1386 819 praeter
1402 747 1707 822 illa,quod
1737 746 1968 805 nullam
1984 741 2245 801 dissolu—

588 835 809 895 tionem
829 839 932 893 aut
983 839 1426 910 corruptionem
1485 837 1749 911 recipiat.
1821 833 1995 902 Quod
2043 835 2243 892 autem

591 925 835 983 easdem
867 940 1020 999 quas
1071 925 1336 982 diximus
1385 926 1621 984 animas
1662 929 1823 983 creat
1892 928 1949 980 et
2002 920 2246 978 suscitat

589 1018 725 1073 ante
743 1019 1067 1089 corporeet
1092 1031 1339 1071 sursum
1366 1015 1534 1087 ponit
1563 1018 1621 1071 et
1644 1015 1839 1088 primo
1869 1017 1925 1071 et
1960 1011 2071 1068 soli
2090 1008 2242 1066 exsi-

590 1103 782 1171 stenti,
815 1103 996 1160 ctuni
1038 1102 1144 1160 soli
1179 1108 1235 1159 et
1259 1104 1511 1161 immoto
1532 1107 1794 1176 coaptat,
1828 1118 1898 1159 ac
1953 1099 2092 1159 inde
2141 1112 2242 1155 eas

589 1192 904 1258 abstrahit,
927 1192 1208 1264 etdejicit,
1230 1198 1287 1250 et
1308 1193 1369 1250 in
1391 1191 1905 1266 corporaimpellit
1935 1195 2091 1258 ,etex
2113 1187 2242 1244 aliis

588 1280 649 1339 in
680 1280 796 1338 alia
820 1281 1149 1338 transvehit
1177 1286 1233 1338 et
1278 1297 1351 1338 ex
1381 1281 1733 1339 melioribus
1754 1286 1810 1336 et
1822 1279 2082 1353 sibiipsis
2108 1292 2243 1351 pro-

588 1369 732 1444 priis
762 1370 821 1427 in
848 1369 1053 1443 pejora
1074 1385 1269 1444 neque
1294 1370 1441 1444 ipsis
1488 1369 1928 1438 convenientia,
1982 1372 2039 1425 et
2092 1365 2244 1423 mul-

590 1463 716 1518 tum
742 1459 860 1516 huc
916 1459 1053 1517 illuc
1108 1460 1315 1531 vagari
1360 1477 1462 1518 eas
1507 1460 1697 1533 jubet,
1759 1464 1816 1517 et
1858 1457 2068 1531 gravia
2114 1456 2242 1513 haec

589 1563 663 1606 ex
691 1548 992 1605 dementia
1015 1549 1238 1621 patitur
1258 1549 1449 1605 multa
1479 1549 1751 1619 cogitans
1781 1563 1954 1605 mens
1977 1562 2111 1619 qua:
2133 1560 2243 1602 nec

588 1652 835 1713 prorsus
863 1638 1246 1709 intelligentia
1283 1639 1512 1696 carenti
1559 1638 1779 1694 animae
1836 1636 2137 1703 accidunt,
2179 1634 2243 1691 id

2359 469 2525 546 ὀρθῶς
2573 476 2661 525 καὶ
2744 472 2913 536 καλῶς
2988 471 3284 545 ἐπέγνωσαν
3362 478 3450 534 τὴν
3526 476 3664 541 αὐτῆς
3711 487 3840 555 φύσιν,

2359 559 2527 621 ἁπλῆν
2557 564 2752 620 ταύτην
2793 559 3012 634 εἰδότες,
3060 566 3149 616 καὶ
3200 559 3362 636 μηδὲν
3418 569 3536 637 μήτε
3582 572 3688 622 κατὰ
3734 582 3845 646 σῶμα

2357 655 2490 723 μήτε
2513 654 2649 704 κατά
2681 653 2921 705 σύνθεσιν
2951 652 3134 721 οὖσαν,
3158 652 3279 705 οῖλλο
3310 650 3367 706 δέ
3392 672 3439 708 τι
3464 658 3591 730 παρὰ
3634 668 3765 713 ταῦτα
3798 664 3844 733 ίτ,

2355 737 2504 793 λύσιν
2569 736 2834 813 μηδεμίαν
2878 746 3009 813 μήτε
3050 743 3243 818 φθορὰν
3301 739 3713 818 καταδεδεγμένον.
3764 748 3846 804 Ὀτι

2357 824 2407 881 δ’
2462 827 2624 891 αὐτὰς
2678 832 2874 892 ταύτας
2928 829 2990 894 ἃς
3057 834 3244 904 ἔφημεν
3299 830 3493 905 ψυχὰς,
3568 832 3848 912 προδημιονρ-

2352 924 2438 991 νεῖ
2488 920 2599 991 (14)
2657 924 2747 974 καὶ
2806 928 3109 997 προϋφιστα
3158 930 3259 975 τῶν
3323 926 3577 995 σωμάτων,
3643 932 3716 981 καὶ
3774 933 3846 982 ἀνω

2353 1010 2535 1067 τίθησι
2564 1013 2653 1064 καὶ
2687 1017 2778 1063 τοῦ
2802 1016 3010 1086 πρώτου
3056 1010 3263 1078 ἐξάπτει
3309 1017 3396 1066 καὶ
3452 1017 3591 1072 μόνον
3640 1014 3757 1078 ὄντος
3787 1024 3848 1072 καὶ

2353 1098 2461 1162 ἑνὸς
2492 1103 2652 1170 μόνου
2697 1103 2787 1153 καὶ
2824 1098 3071 1160 ἀκινήτου
3126 1103 3290 1169 ὄντος,
3339 1100 3428 1155 εἶτ’
3481 1101 3648 1158 ἐκεῖθεν
3694 1104 3849 1178 imm:

2352 1191 2441 1241 καὶ
2472 1185 2653 1260 βάλλει
2682 1190 2823 1241 κάτω
2875 1194 2963 1242 καὶ
3012 1190 3137 1244 ὠθεί
3175 1189 3259 1244 ἐπὶ
3309 1195 3536 1264 σώματα,
3584 1198 3663 1245 καὶ
3705 1192 3747 1257 ἐξ
3781 1194 3847 1247 ἐτί-

2350 1294 2453 1351 ρων
2507 1275 2575 1338 εἰς
2619 1275 2763 1352 ἕτερα
2807 1276 3080 1350 ἐμϐιϐάζει
3139 1280 3272 1350 (15),
3323 1284 3413 1333 καὶ
3471 1281 3512 1317 ²⁸
3560 1280 3607 1344 ἐξ
3651 1280 3854 1352 ἀμεινόνων

2351 1368 2441 1418 καὶ
2490 1370 2717 1437 ’γνησίων
2786 1366 2969 1429 αὐταῖς
3039 1366 3228 1441 μᾶλλον
3281 1366 3358 1421 ἐπὶ
3413 1373 3567 1445 χείρω
3624 1374 3699 1423 καὶ
3745 1374 3856 1447 μηθὲν

2352 1456 2574 1518 ταύταις
2628 1462 2983 1527 προσήκοντα,
3040 1476 3132 1511 και
3186 1456 3375 1516 πολλὴν
3426 1478 3536 1511 τινα
3589 1460 3743 1517 τίθησι
3796 1466 3858 1520 τήν

2350 1543 2554 1601 πλάνην
2588 1543 2779 1617 αὐτῶν,
2830 1549 2921 1598 καὶ
2971 1546 3037 1599 τὰ
3095 1543 3239 1600 δεινὰ
3282 1554 3444 1601 ταῦτα
3487 1546 3539 1610 ἐξ
3586 1546 3733 1609 ἀνοίας
3770 1549 3788 1601 ὁ
3820 1552 3861 1602 τὰ

2354 1632 2524 1687 πολλὰ
2563 1642 2757 1708 φρονῶν
2810 1637 3013 1709 πάσχει
3058 1643 3194 1705 νοῦς,
3244 1634 3279 1690 ἀ
3323 1633 3460 1710 μηδέ
3494 1645 3552 1712 τῇ
3608 1639 3862 1692 παντάπασιν

590 1742 735 1784 sane
772 1726 1130 1785 erubescens
1178 1726 1368 1785 fateor
1421 1742 1547 1784 non
1587 1727 1743 1784 bene
1795 1742 1832 1783 a
1885 1725 2049 1783 bono
2106 1724 2239 1781 Plo-

2359 1721 2529 1795 ἁλογῳ
2550 1721 2705 1797 ψυχῇ
2742 1723 3038 1797 συμϐαίνει,
3074 1732 3222 1779 τοῦτο
3252 1722 3322 1785 δὴ
3363 1729 3452 1779 καὶ
3490 1725 3771 1798 αἰσχύνομαι
3814 1736 3861 1797 τῷ

589 1816 714 1872 tino
743 1815 1107 1873 afﬁrmatum
1137 1831 1287 1873 esse.
1319 1816 1418 1872 Vel
1449 1815 1651 1889 aliqua
1683 1831 1755 1872 ex
1788 1815 2141 1871 necessitate
2161 1814 2239 1871 ad

587 1904 651 1963 id
670 1904 953 1961 doctrinas
982 1905 1127 1962 abiit
1155 1910 1211 1961 et
1253 1904 1315 1961 id
1354 1904 1549 1962 dicere
1599 1904 1896 1970 sustinuit,
1946 1920 2017 1961 eo
2074 1903 2241 1976 quod

587 2009 710 2052 non
739 1993 907 2051 aliter
936 1994 1054 2051 vim
1075 1995 1335 2065 effugere
1356 1998 1562 2068 posset
1605 1999 1659 2051 et
1712 1992 2061 2050 difﬁcultate
2113 2008 2241 2048 sese

579 2083 881 2155 expedire.
913 2083 971 2141 Si
1027 2085 1185 2141 enim
1212 2084 1375 2157 quia,
1405 2088 1688 2141 nascente
1711 2083 1916 2140 anima
1938 2097 2061 2138 una
2088 2097 2237 2138 cum

579 2172 719 2229 vitae
750 2172 1249 2246 participantibus
1271 2173 1645 2246 corporibus,
1675 2171 1890 2229 accidit
1922 2176 1987 2228 ut
2005 2187 2144 2228 cum
2171 2169 2241 2228 iis

580 2261 944 2319 dissolvatur
971 2266 1030 2319 et
1063 2263 1515 2335 corruptionem
1574 2260 1811 2332 subeat,
1854 2264 1913 2317 et
1955 2259 2237 2333 quamvis

579 2350 955 2417 immortalis,
981 2366 1105 2409 non
1133 2350 1493 2409 immortalis
1520 2350 1592 2407 sit
1622 2366 1637 2417 ς
1664 2349 1725 2406 id
1768 2365 1963 2422 neque
2022 2363 2095 2406 ea
2138 2363 2243 2421 pa-

582 2438 831 2510 tiuntur,
849 2439 1145 2496 elementa
1160 2455 1380 2513 nempe
1395 2440 1596 2513 prima
1611 2454 1681 2496 ac
1696 2437 1991 2511 simplicia
2018 2436 2242 2510 quibus

584 2532 796 2584 caetera
816 2543 1073 2601 corpora
1093 2533 1391 2585 constant.
1414 2531 1861 2587 Manentautem
1875 2531 1932 2582 et
1958 2525 2241 2584 transmi-

588 2617 823 2687 grantia
848 2616 911 2674 in
937 2616 1066 2674 aliis
1108 2617 1464 2675 subsistunt.
1524 2617 1801 2683 Quonam
1841 2619 2065 2683 autem,
2118 2630 2245 2671 cor-

582 2720 731 2779 pore
759 2721 829 2761 ac
858 2705 980 2762 vita
1004 2705 1233 2776 solutis,
1257 2705 1387 2763 abit
1415 2721 1625 2763 eorum
1693 2704 2176 2778 unumquodque
2218 2704 2246 2761 ?

583 2794 672 2850 Ad
704 2793 853 2852 illud
884 2809 1030 2851 sane
1051 2794 1217 2869 quod
1246 2793 1392 2867 ipsis
1410 2794 1725 2867 proprium
1760 2799 1818 2850 et
1841 2807 2247 2863 congenerum

581 2889 691 2955 est,
719 2888 777 2940 et
802 2883 881 2941 ad
911 2884 1077 2957 quod
1098 2883 1289 2940 tendit
1317 2884 1379 2940 in
1423 2887 1759 2957 composito
1809 2898 2059 2957 corpore
2106 2897 2247 2939 con-

584 2972 1063 3038 stitutum.Quod
1087 2976 1289 3031 autem
1315 2972 1461 3031 illud
1491 2971 1789 3030 desiderat
1816 2976 1874 3030 et
1902 2987 2141 3045 scmper
2167 2970 2247 3031 ad

582 3060 726 3118 illud
748 3066 976 3134 spectat
998 3066 1054 3118 et
1098 3061 1306 3130 tendit,
1356 3061 1745 3119 manifestum
1784 3065 1894 3131 est,
1945 3060 2247 3135 siquidem

586 3156 644 3211 et
672 3151 1011 3209 viventibus
1037 3152 1235 3209 adhuc
1261 3151 1637 3224 corporibus,
1663 3151 1882 3210 difﬂuit
1930 3168 2001 3212 ac
2051 3150 2244 3208 eﬁ‘un-

584 3243 764 3315 ditur,
785 3248 842 3301 et
870 3242 949 3302 ad
972 3259 1399 3314 congenerum,
1428 3248 1497 3303 ut
1515 3244 1795 3313 diximus,
1849 3242 1995 3311 abit,
2052 3243 2239 3301 artelo

583 3331 854 3404 ejusdem
880 3333 1111 3403 generis
1140 3332 1435 3390 elemento
1453 3334 1514 3390 in
1540 3334 1672 3405 ejus
1695 3331 1898 3390 locum
1916 3331 2240 3391 succeden-

580 3425 659 3491 te,
690 3422 965 3479 etlocum
987 3422 1150 3479 hunc
1181 3422 1570 3495 adimplents,
1601 3422 1686 3479 ita
1714 3426 1780 3478 ut
1823 3420 2009 3494 hujus
2053 3420 2238 3494 parti-

582 3510 792 3584 cipans
816 3511 1043 3568 animal
1076 3515 1445 3584 permaneat,
1470 3510 1872 3583 quoadusque
1918 3510 2119 3569 vivere
2170 3525 2243 3567 ac

584 3603 840 3656 mortem
865 3600 1123 3672 effugere
1144 3600 1350 3674 possit.
1379 3600 1434 3657 Si
1465 3600 1647 3669 igitur
1675 3598 1739 3657 id
1786 3600 1868 3658 ita
1922 3614 1983 3656 se
2034 3599 2239 3667 habet,

585 3688 834 3746 omnino
864 3693 1067 3746 autem
1097 3688 1181 3745 sic
1210 3692 1267 3745 et
1294 3687 1592 3761 simplicia
1623 3703 1878 3762 corpora
1897 3688 1960 3745 in
1997 3703 2243 3761 compo-

588 3777 715 3834 sitis
735 3776 1055 3843 constituta
1079 3776 1219 3835 inde
1249 3776 1446 3835 soluta
1473 3793 1716 3835 rursum
1748 3782 1995 3835 manent
2044 3792 2241 3851 neque

584 3869 1048 3938 corrumpuntur
1076 3881 1090 3933 ;
1121 3864 1271 3939 quid
1297 3864 1499 3923 obstat
1516 3865 1665 3938 quin
1697 3864 1939 3923 animus
1980 3864 2083 3937 qui
2136 3879 2239 3922 na-

584 3957 719 4012 tura
745 3953 893 4012 nihil
914 3953 1154 4027 patitur,
1197 3970 1336 4011 cum
1374 3954 1446 4012 iis
1492 3952 1834 4012 viventibus
1884 3953 2239 4026 corporibus

582 4048 782 4112 natus,
805 4048 871 4099 ut
896 4042 1093 4117 primo
1125 4042 1422 4116 principio
1461 4058 1532 4101 ac
1563 4042 1814 4100 creatori
1872 4042 2071 4100 visum
2129 4046 2236 4110 est,

584 4132 801 4189 deinde
830 4132 979 4205 ipsis
1010 4132 1259 4199 solutus,
1293 4131 1758 4206 incorruptibilis
1787 4135 1846 4188 et
1882 4131 2239 4189 immortalis

585 4225 881 4279 maneat?
914 4221 971 4279 Si
998 4221 1061 4277 id
1091 4226 1293 4278 autem
1337 4221 1514 4291 nolis,
1561 4221 1847 4279 nimirum
1901 4220 2240 4279 immortale

588 4310 766 4366 simul
804 4327 942 4368 cum
964 4311 1216 4382 mortali,
1252 4314 1309 4368 et
1338 4309 1789 4384 incorruptibile
1844 4327 1985 4368 cum
2036 4326 2240 4367 corru-

586 4398 778 4471 ptibili
798 4400 860 4456 in
899 4400 1091 4457 vitam
1121 4400 1361 4469 adduci,
1394 4400 1582 4456 ethoc
1611 4399 1825 4457 timens
1849 4400 2009 4457 hanc
2036 4415 2109 4457 ex
2140 4415 2239 4456 ne-

2354 1809 2494 1882 καλῳ
2550 1811 2796 1885 Πλωτίνῳ
2839 1817 2911 1887 μὴ
2961 1813 3133 1876 καλῶς
3183 1810 3517 1888 δεδογμένον.
3564 1813 3629 1869 Ἠ
3674 1820 3792 1876 ποίας
3829 1816 3863 1878 ἑξ

2354 1897 2583 1972 ἀνάγκης
2610 1904 2743 1976 πρὸς
2770 1902 2911 1956 τοῦθ’
2962 1902 3055 1962 ἧκε
3102 1910 3195 1956 τοῦ
3255 1906 3299 1941 ¹⁹
3360 1900 3630 1977 δόγματος,
3680 1904 3863 1957 καὶύπί-

2353 2008 2452 2048 στη
2484 1986 2693 2043 τοσόνδ’
2725 1989 2903 2056 εἰπεῖν,
2928 1995 3001 2064 μὴ
3048 1994 3184 2063 ἔχων
3236 1990 3400 2057 ἄλλως
3452 2000 3617 2067 φυγεῖν
3651 1997 3729 2051 τὴν
3760 1991 3861 2066 βίον,

2350 2082 2441 2131 καὶ
2472 2077 2588 2151 ὂμό
2623 2079 2684 2139 ἦν
2724 2079 2864 2152 αύτῷ
2911 2083 3307 2154 παραιτεῖσθαι.
3363 2082 3428 2138 Εἰ
3477 2084 3563 2154 μεν
3613 2084 3697 2154 γὰρ
3737 2084 3798 2135 ὃτι
3831 2082 3863 2117 ²⁰

2349 2170 2665 2239 γεννωμένης
2693 2167 2854 2241 αὐτῇς
2893 2164 2961 2227 δὴ
3020 2171 3219 2232 ταύτης
3264 2177 3357 2231 τῆς
3401 2169 3601 2242 ψυχῆς,
3652 2170 3745 2243 ἅμα
3783 2174 3859 2229 τοῖς

2352 2256 2491 2320 ζωῆς
2533 2260 2820 2330 μετέχουσι
2882 2263 3116 2331 σώμασι,
3174 2258 3450 2329 συμϐαίνει
3528 2264 3611 2312 καὶ
3666 2277 3866 2331 συγκατα-

2350 2344 2566 2399 λύεσθαι
2612 2349 2807 2405 ταύτην
2864 2346 3041 2410 αὐτοῖς
3088 2353 3177 2402 καὶ
3240 2350 3437 2424 φθορὰν
3488 2350 3746 2421 ὑπομένειν,
3808 2366 3868 2398 και

2350 2441 2477 2507 γοῦν
2538 2435 2660 2508 ὅπερ
2710 2433 2871 2504 ἐστίν,
2921 2437 3015 2489 οὐκ
3068 2438 3210 2490 ἔστιν
3269 2435 3543 2504 ἀθάνατος,
3602 2436 3714 2489 ἀλλὰ
3764 2442 3869 2488 τοῦτο

2351 2519 2475 2577 ούδὶ
2504 2526 2548 2559 ²¹
2573 2523 2707 2577 αὐτὰ
2735 2531 2900 2577 ταῦτα
2926 2526 3153 2597 πάσχει,
3186 2528 3253 2583 τὰ
3282 2525 3336 2590 ἐξ
3382 2526 3449 2579 ὧν
3511 2523 3727 2585 δηλονότι
3773 2527 3869 2598 πρώ-

2351 2632 2452 2666 των
2489 2632 2580 2667 και
2619 2612 2790 2668 ἁπλῶν
2839 2615 2997 2668 ὀντων
3047 2617 3114 2669 τὰ
3164 2614 3324 2670 λοίπὰ
3374 2622 3587 2689 σώματα
3650 2618 3869 2687 σύγκειται.

2353 2705 2504 2758 Μένει
2548 2699 2607 2757 δε
2661 2721 2751 2756 και
2799 2710 3214 2779 μεταχωροῦντα
3268 2703 3320 2757 ἓν
3376 2704 3549 2767 ἄλλοις
3587 2707 3761 2762 ἕστηκε.
3806 2707 3871 2754 Ποῖ

2356 2787 2416 2845 δε
2471 2793 2518 2828 ³³
2560 2799 2652 2845 τοῦ
2699 2797 2939 2866 σώματος
2990 2813 3080 2847 και
3143 2801 3240 2857 τῆς
3293 2794 3431 2857 ζωῆς
3493 2794 3719 2855 λυθείσης
3755 2796 3871 2865 χωρεῖ

2354 2882 2549 2934 τούτων
2583 2884 2800 2935 ἑκαστον
2833 2901 2847 2952 ;
2877 2882 2962 2944 Εἰς
2980 2885 3039 2936 τὸ
3099 2883 3284 2937 οἰκεῖον
3335 2880 3575 2942 δηλονότι
3614 2903 3693 2935 και
3738 2897 3871 2952 sunt.

2355 2972 2449 3036 νὶς,
2477 2990 2568 3024 και
2606 2972 2666 3025 οὗ
2706 2968 2774 3030 δὴ
2829 2970 3025 3045 ἐφίεται
3077 2976 3291 3045 γεγονὸς
3351 2972 3401 3026 ἕν
3448 2980 3521 3043 τῷ
3564 2974 3761 3043 συνθέτῳ
3786 2973 3873 3023 ησύ·

2354 3079 2501 3133 ματι²
2533 3059 2657 3114 Ὀτι
2684 3057 2734 3115 δ’
2773 3059 2968 3135 ἐφίεται
3016 3080 3107 3115 και
3157 3060 3236 3116 ἀεί
3294 3067 3432 3138 πρὸς
3488 3070 3632 3116 τοῦτο
3654 3060 3872 3134 βλέπεικιιι

2352 3152 2446 3208 τήν
2477 3150 2641 3225 ὁρμὴν
2680 3150 2795 3222 ἔχει
2832 3146 3012 3219 δῆλον,
3061 3148 3170 3204 ἐπεί
3193 3170 3285 3204 και
3343 3152 3547 3213 ζώντων
3596 3153 3662 3205 ἔτι
3704 3156 3785 3202 τῶν
3808 3165 3877 3199 ce-

2352 3258 2528 3312 ματων
2553 3239 2743 3312 ῥεῖκαι
2800 3237 3038 3312 ἐκχεῖται
3090 3239 3259 3293 αὐτῶν
3304 3246 3399 3294 καὶ
3456 3244 3584 3314 πρὸς
3626 3241 3649 3293 ὅ
3700 3235 3755 3296 δὴ
3790 3238 3876 3305 7νὰ-

2354 3346 2466 3381 σιον
2507 3331 2577 3390 ὡς
2623 3329 2671 3364 ³⁸
2714 3328 2903 3402 ἔφημεν
2954 3330 3185 3396 ἄπεισιν,
3227 3329 3410 3404 ἑτέρου
3469 3326 3616 3391 αὖθις
3677 3329 3881 3400 ὁμογενοῦς

2352 3415 2719 3493 ἀντεισιόντος,
2748 3437 2840 3471 και
2910 3437 2997 3471 τον
3043 3416 3235 3472 ἐκείνου
3282 3424 3452 3473 τόπον
3501 3420 3796 3492 πληροῦντος,
3837 3414 3883 3471 ὣς

2352 3504 2414 3558 ἂν
2446 3503 2514 3565 δὴ
2548 3525 2639 3561 και
2668 3509 2727 3560 τὸ
2778 3511 2999 3579 μετέχον
3055 3507 3217 3561 αὐτοῦ
3271 3508 3411 3570 ζῶον
3477 3512 3597 3582 μένῃ
3653 3507 3695 3543 ³⁸
3743 3507 3880 3578 μέχρις

2350 3596 2471 3649 ὅτου
2531 3615 2620 3649 και
2666 3599 2859 3669 πέφυκε
2922 3597 3018 3670 ξῆν
3060 3616 3150 3650 και
3209 3600 3422 3670 φεύγειν
3474 3601 3561 3651 τὸν
3611 3597 3812 3650 θάνατον.
3844 3589 3881 3643 Εἰ

2347 3691 2474 3757 γοῦν
2508 3684 2649 3738 τοῦθ’
2698 3685 2860 3746 οὕτως
2911 3686 3045 3758 ἔχει,
3102 3687 3307 3749 πάντως
3356 3682 3412 3739 δ’
3465 3694 3623 3749 οὕτως
3649 3686 3691 3720 ³⁵
3737 3700 3808 3734 και
3840 3677 3882 3729 τά

2348 3781 2448 3826 τῶν
2504 3772 2676 3828 ἁπλῶν
2746 3776 2998 3847 σωμάτων
3078 3772 3127 3828 ἓν
3184 3772 3293 3837 τοῖς
3360 3777 3623 3838 συνθέτοις
3676 3775 3880 3845 γενόμενῆ

2349 3860 2443 3917 εἶτ’
2490 3861 2678 3917 ἐκεῖθεν
2715 3862 2931 3918 λυθέντα
2988 3860 3135 3926 αὖθις
3186 3866 3322 3937 μένει
3374 3885 3467 3918 και
3514 3864 3572 3918 ού
3618 3860 3876 3934 διέφθειραν

2347 3956 2400 4006 τί
2444 3951 2629 4007 κωλύει
2687 3972 2776 4006 και
2822 3956 2908 4006 τὸν
2959 3951 3132 4014 ἀπαθῆ
3195 3958 3291 4013 τὴν
3343 3955 3533 4009 οὐσίαν
3573 3962 3698 4024 νοῦν,
3748 3949 3875 4005 αὐτοῖς

2350 4037 2418 4101 δὴ
2468 4044 2670 4103 τούτοις
2724 4061 2815 4095 και
2862 4044 3236 4115 συγγενηθέντα
3300 4051 3419 4107 τοῖς
3490 4045 3619 4106 ζῶσι
3677 4044 3874 4111 σώμασιν,

2348 4132 2417 4193 ὡς
2464 4138 2535 4203 τῷ
2588 4136 2775 4204 πρώτῳ
2849 4131 3000 4203 αἰτίῳ
3052 4151 3144 4184 και
3215 4128 3534 4207 δημιουργῷ
3585 4128 3756 4194 ἔδοξεν,
3816 4122 3876 4178 εἶτ’

2347 4219 2513 4272 αὐτῶν
2552 4218 2890 4288 ἀπολυθέντα,
2926 4222 3189 4294 ἄφθαρτον
3226 4225 3397 4293 μένειν
3446 4241 3537 4274 και
3588 4219 3824 4291 ἀνώλεθρον
3865 4227 3874 4274 ἱ

2348 4313 2408 4364 Εἰ
2435 4306 2494 4364 δε
2526 4316 2678 4363 τοῦτο
2705 4314 2778 4383 μὴ
2809 4310 2982 4378 θέλεις,
3012 4310 3122 4383 ἅμα
3153 4306 3405 4369 δηλονότι
3458 4330 3518 4364 το
3570 4308 3789 4365 eoum»
3829 4308 3876 4370 τῷ

2350 4399 2518 4471 θνητῷ
2576 4418 2667 4453 και
2721 4407 2793 4472 τῷ
2842 4401 3051 4474 φθαρτῷ
3106 4402 3166 4452 τὸ
3224 4400 3498 4474 ἄφθαρτον
3536 4398 3619 4452 ἐπί
3693 4400 3741 4451 τὸ
3790 4390 3877 4445 εἶναι

586 4487 1067 4559 cessitatelegem
1082 4488 1334 4545 adducis
1355 4489 1625 4546 animam
1663 4488 1896 4562 corpori
1926 4488 2240 4562 praaexsis-

2349 4489 2591 4560 ἄγεσθαι,
2637 4507 2728 4541 και
2782 4496 2933 4542 τοῦτο
2984 4487 3295 4563 φοϐούμενος
3356 4491 3556 4549 ταύτην
3606 4492 3659 4553 ἐζ
3716 4484 3879 4554 ἀνάγκα

584 4581 703 4634 tere
733 4582 790 4634 et
817 4594 947 4635 eam
969 4594 1040 4636 ex
1065 4594 1130 4634 se
1159 4578 1288 4634 sola
1300 4579 1485 4635 vitam
1497 4577 1718 4635 habere
1745 4578 2011 4651 dicis,cuj
2023 4593 2091 4633 us
2108 4594 2237 4634 cor-

585 4683 701 4740 pus
730 4667 1030 4742 particeps
1060 4666 1261 4736 etﬁcit,
1289 4665 1366 4724 de
1388 4666 1504 4724 hoc
1529 4667 1657 4739 jam
1677 4668 2015 4730 accuratius
2046 4667 2241 4742 inqui-

583 4772 711 4815 rere
735 4756 1021 4816 conabor.

2346 4579 2499 4640 τίθης
2540 4577 2731 4649 αἰτίαν,
2772 4576 2958 4651 ψυχὴν
3014 4580 3405 4651 προϋφεστάναι
3463 4585 3693 4652 σώματος
3714 4577 3770 4646 ³⁵,
3822 4587 3878 4621 και
3974 4624 3975 4627 η

2348 4665 2508 4725 αὐτὴν
2562 4662 2631 4725 δὴ
2694 4668 2890 4724 ταύτην
2954 4670 3115 4739 μόνην
3172 4665 3257 4739 ἀφ’
3305 4669 3499 4729 ἑαυτῆς
3566 4667 3717 4740 λέγεις
3784 4661 3876 4724 ζωήν

2347 4758 2512 4827 ἔχειν,
2545 4751 2607 4818 ἧς
2637 4751 2706 4815 δὴ
2740 4774 2830 4808 και
2852 4762 2958 4817 τοῖς
2978 4761 3191 4826 σώμασι
3220 4752 3583 4828 μεταδίδωσι,
3632 4757 3747 4830 πρὸς
3783 4742 3877 4803 τοῦτ’

2346 4844 2471 4898 αύτὸ
2493 4843 2730 4898 ἀπαντῶν
2758 4846 3018 4899 πυθέσθαι
3043 4846 3091 4882 ²¹¹
3132 4843 3417 4919 βούλομαι.

1974 4966 2199 5037 Variae
2245 4965 2596 5036 lectiones.

653 5112 700 5148 ¹³
721 5110 834 5164 κατ’
865 5110 1053 5164 ἐκεῖνον
1074 5110 1208 5167 Vat.
1290 5110 1330 5144 ¹⁷

1363 5112 1494 5183 μήτε
1526 5108 1666 5167 add.
1706 5111 1830 5166 Vat.

1911 5110 1955 5147 ιε
1986 5114 2072 5163 καὶ
2103 5109 2274 5166 abest
2302 5124 2339 5165 a
2372 5111 2498 5166 Vat.

579 5182 725 5240 dose
801 5184 846 5219 ἰ
888 5179 1003 5236 οὐδ’
1035 5184 1160 5239 Vat.
1240 5183 1286 5218 ²²
1314 5178 1383 5241 πῆ
1420 5178 1480 5235 δὲ
1508 5184 1633 5239 Vat.
1712 5183 1761 5221 ³³
1792 5185 1861 5245 ὠς
1891 5182 2059 5240 deest
2086 5182 2148 5254 in
2178 5183 2241 5236 Va

2349 5185 2511 5239 .‘80t8.
2587 5182 2636 5216 ³⁵
2666 5184 2809 5254 μένοι
2835 5182 2961 5254 Vat.

2579 5110 2623 5145 ιθ
2664 5115 2757 5162 τοῦ
2788 5107 3017 5166 abesta
3073 5111 3199 5165 Vat.
3277 5110 3326 5146 ιο
3383 5111 3504 5164 ὃτον
3552 5108 3719 5167 Vind.
3764 5114 3875 5160 men-

3042 5181 3088 5217 ³⁵
3122 5182 3238 5254 ἔχει
3271 5211 3342 5228 o—o
3374 5178 3430 5236 δ⁹
3466 5183 3625 5246 οὕτως
3649 5177 3828 5239 absunt
3853 5183 3875 5223 ἃ

581 5257 705 5312 Vat.
783 5255 831 5290 ³⁸
859 5261 950 5308 τοῦ
991 5272 1045 5309 σ.
1076 5255 1203 5311 Vat.
1280 5254 1323 5289 ³⁷
1360 5254 1521 5317 αὐτὸς
1543 5283 1615 5300 ν-ο
1642 5255 1930 5330 προθεσθαι
1970 5252 2168 5323 Vind.,
2201 5269 2241 5309 el

2370 5272 2400 5304 υ
2426 5267 2613 5326 supra
2633 5252 2789 5327 προθ.
2817 5252 3059 5325 scripto.

2174 5378 2381 5446 Notae.

682 5526 744 5579 14
789 5524 910 5589 Hoc
940 5519 1141 5585 verbo,
1162 5516 1446 5589 augenda
1476 5522 1613 5575 sunt
1642 5514 1851 5577 Iexica.

677 5531 764 5667 15;
803 5592 899 5667 Vel
939 5594 1056 5651 hoc
1111 5588 1295 5667 verbo
1351 5590 1542 5667 tangit
1597 5590 1849 5647 fortasse
1904 5589 2241 5667 Nathanael

652 5605 758 5667 (15)
806 5605 899 5651 vet
939 5605 1056 5651 noc
1111 5605 1295 5649 verno
1351 5605 1542 5662 tangit
1597 5605 1849 5647 rortasse
1904 5605 2239 5665 namanaei

580 5665 1087 5739 philosophorum
1106 5663 1181 5721 de
1195 5660 1447 5721 humida
1458 5676 1786 5735 corporum
1798 5667 2031 5733 natura,
2051 5655 2145 5720 vel
2163 5662 2239 5720 de

2349 5534 2599 5603 corpore
2611 5524 2911 5603 tanquam
2951 5519 3233 5603 navicula
3249 5521 3742 5603 metapboraslllf
3752 5509 3876 5570 verbo

2346 5590 2477 5649 vidi
2498 5590 2829 5650 Catack'ed
2861 5590 3036 5650 Marc.
3062 5591 3339 5656 Antoniu.
3372 5590 3437 5664 ιζ
3462 5596 3516 5661 8,
3546 5608 3601 5666 p.
3643 5592 3753 5648 359.
