4066 6212
313 397 389 473 β’·
422 401 568 458 Τίνος
609 395 799 456 ταύτης
829 412 888 456 ης
927 401 1024 468 φῃς
1057 392 1198 458 ζωῆς
1246 394 1276 453 ἠ
1327 392 1484 466 ψυχὴ
1544 386 1841 466 μεταδίδω-
1875 395 1921 448 Α

242 509 326 543 σιν
357 506 370 557 ;
404 488 568 550 αὐτῆς
598 484 812 553 ἐκείνης,
843 485 874 545 ἦ
910 480 978 544 δὴ
1002 489 1090 538 καὶ
1130 491 1192 558 τῇ
1235 483 1284 520 ³⁸
1313 483 1469 556 ψυχῇ
1514 479 1607 536 διὰ
1651 483 1841 540 παντὸς

235 577 332 632 καὶ
370 577 567 639 ἄλυπος
607 576 653 612 ³⁸
709 576 969 644 σύνεστιν,
1009 572 1038 634 ἦ
1086 571 1259 649 ἑτέραν
1311 576 1455 645 παρά
1510 573 1706 630 ταύτην
1753 569 1840 622 λέ-

237 687 347 741 γεις
378 664 508 721 εἶναι
537 669 631 724 τὴν
669 661 722 716 ἐκ
750 663 938 735 ψυχῆς
995 659 1414 736 μεταδιδομίνην
1462 670 1536 733 τῷ
1586 665 1791 733 σώματι
1823 673 1839 726 ;

237 756 304 811 Εἰ
341 759 434 830 μεν
457 756 558 828 γὰρ
590 760 680 814 τῆς
727 752 916 813 οἰκείας
952 751 1088 813 ζωῆς
1148 752 1177 810 ἠ
1237 749 1392 824 ψυχὴ
1455 744 1838 822 μεταδίδωσιν,

241 846 504 901 ἀθανάτου
558 846 754 906 ταύτης
822 847 1004 912 οὔσης,
1065 840 1150 896 δεῖ
1201 848 1290 896 καὶ
1349 844 1415 895 τά
1474 842 1844 914 μετεσχηκότα

243 943 465 1011 σώματα
495 939 580 989 τὸν
624 938 739 987 ἶσον
768 938 960 1008 χρόνον
991 934 1088 1008 ζῇν
1125 953 1215 986 και
1245 927 1338 986 ἀῖδ
1345 952 1418 985 ιον
1466 948 1481 963 ο
1535 929 1577 984 εί
1609 926 1658 982 δ’
1711 926 1840 985 ἄλλη

239 1029 334 1100 μὶν
358 1025 542 1099 ψυχῆς
597 1026 726 1095 ζωὴ,
759 1023 886 1082 ἄλλη
943 1017 994 1076 δ’
1062 1021 1230 1084 ἁπλῶς
1262 1023 1406 1083 ζώων
1452 1021 1522 1091 ³ο,
1549 1038 1640 1072 και
1665 1019 1694 1076 ἡ
1753 1018 1842 1090 μὲν

231 1116 410 1170 ⁷αὐτῶν
480 1115 670 1167 τούτων
718 1114 885 1187 φθορᾷ
951 1113 1308 1178 συνέζευκται,
1367 1109 1552 1182 ψυχῆς
1618 1103 1678 1161 δε
1737 1106 1842 1167 ζωή

243 1206 413 1263 πάντη
482 1201 781 1277 ἀνώλεθρος,
829 1209 940 1264 πῶς
987 1201 1014 1254 ὃ
1057 1205 1128 1272 μὴ
1185 1203 1326 1254 ἔστιν
1379 1199 1509 1273 αὐτῇ
1559 1205 1622 1272 τῇ
1684 1195 1839 1269 ψυχῇ

242 1294 389 1357 ζωῆς
443 1288 604 1360 εἶδος,
650 1293 873 1366 φθαρτὸν
929 1298 1157 1365 χορηγεῖ
1224 1297 1335 1352 τοῖς
1388 1306 1628 1361 σωμασιν
1671 1302 1686 1354 ;
1742 1289 1844 1338 Καί

240 1388 349 1457 μήν
393 1382 438 1435 εἰ
486 1401 576 1434 και
622 1387 774 1434 τοῦτο
856 1375 1100 1445 δύναται,
1160 1378 1316 1452 ψυχὴ
1373 1377 1641 1439 ἀθανατως
1694 1376 1844 1437 ζῶσα

242 1473 478 1547 φθαρτῆς
525 1465 654 1523 εἶναι
703 1464 947 1528 δηλονότι
989 1472 1236 1526 ποιητικὴ
1298 1468 1434 1529 ζωῆς
1460 1465 1531 1536 ⁸⁸,
1562 1470 1702 1526 τίνος
1729 1465 1844 1536 χά-

235 1579 325 1634 ριν
351 1558 434 1613 ἐπί
465 1561 531 1612 τὰ
558 1563 778 1633 σώματα
833 1565 1111 1624 κατιοῦσα,
1170 1558 1264 1616 ἧκε
1318 1553 1367 1610 δ’
1422 1557 1555 1610 ὥστε
1597 1573 1688 1607 και
1748 1556 1843 1626 ζῇν

236 1647 377 1702 αὐτὰ
406 1651 628 1708 ποιῆσαι
657 1665 746 1699 και
801 1655 1092 1720 κοσμῆσαι,
1127 1646 1185 1700 οὗ
1224 1650 1628 1723 τοῡλκρείττονος
1671 1639 1842 1704 εἰδους

233 1738 448 1812 ψυχῆς,
471 1745 564 1792 τοῦ
615 1733 674 1791 δε
714 1756 950 1814 χείρονος
998 1733 1332 1812 (inﬁmam;
1387 1735 1469 1796 ἣτ’
1513 1737 1616 1810 ἄρα
1672 1735 1838 1806 φθόνῳ
1869 1754 1914 1810 Β

233 1830 443 1889 πάντως
500 1830 650 1902 ἑρεῖς,
709 1826 739 1886 ἣ
792 1827 872 1879 ὅτι
923 1825 982 1879 οὐ
1045 1829 1103 1879 τὸ
1159 1832 1392 1901 κρεῖττον
1459 1843 1549 1877 και
1609 1824 1837 1897 ἄμεινον,

232 1914 401 1970 ἒκείνο
426 1912 487 1969 δε
515 1914 706 1989 μᾶλλον
732 1917 792 1968 τὸ
853 1915 902 1951 ⁸³
959 1934 1048 1968 και
1082 1913 1294 1991 ἀχρεῖον
1352 1911 1638 1972 δεδύνηται
1668 1933 1682 1947 ·
1730 1910 1840 1964 ἀλλ’

234 2007 282 2060 εἰ
327 2009 388 2059 τὸ
441 2003 668 2080 πρῶτον,
718 2012 824 2066 πῶς
889 2002 951 2057 ἃν
999 2007 1100 2070 ε’ίη,
1149 2003 1356 2077 ἀγαθῆς
1423 2006 1618 2065 ταύτης
1673 2005 1842 2064 οὔσης

233 2115 328 2148 και
381 2093 555 2167 ἀγαθά
620 2113 738 2148 τινα
787 2091 986 2168 πρᾶξαι
1052 2093 1458 2168 βεϐουλημένης,
1498 2097 1617 2169 περί
1670 2089 1706 2144 ἂ
1751 2112 1841 2146 και

239 2183 606 2261 προεθυμήθη,
661 2182 756 2236 οὐκ
815 2181 868 2247 ἐξ
929 2182 1157 2256 ἀνάγκης
1225 2181 1290 2243 δή
1347 2203 1486 2244 τινος
1536 2187 1627 2236 καὶ
1692 2181 1837 2256 βίας,

239 2273 352 2329 ἀλλ’
383 2274 518 2327 ὥστε
558 2272 706 2326 ταῦτ’
738 2268 791 2325 εὖ
830 2274 878 2308 ⁸³
916 2281 1138 2333 ποιῆσαι
1207 2278 1296 2326 καὶ
1363 2273 1598 2341 ζωῶσαι,
1661 2275 1841 2346 φθονε-

245 2371 348 2440 ρὼς
415 2370 566 2436 σχεῖν
627 2366 718 2415 καί
776 2366 870 2422 τὴν
934 2364 1129 2416 τούτων
1192 2369 1359 2436 τεμεῖν
1432 2367 1522 2415 καὶ
1589 2371 1844 2415 στενῶσαι

247 2451 389 2513 ζωήν
422 2465 436 2519 ;
478 2450 522 2504 εἰ
553 2448 605 2504 δ’
643 2452 722 2504 ὅτι
761 2449 856 2503 οὐκ
907 2447 968 2510 ἦν
1005 2451 1164 2514 αὐτῆς
1202 2460 1294 2514 τῆς
1345 2450 1529 2524 ψυχῆς
1583 2453 1842 2506 ἀθανάτου

248 2541 342 2594 καὶ
379 2538 460 2593 ἀεὶ
516 2541 686 2602 ζώσης
744 2544 838 2600 τὴν
891 2542 1011 2600 ἴσην
1076 2546 1166 2596 καὶ
1223 2549 1328 2603 τοῖς
1384 2541 1557 2604 ἄλλοις
1615 2541 1846 2616 ἁρμόσαι

253 2629 418 2695 ζωὴν,
465 2632 644 2682 σκόπει
672 2628 868 2703 μήποτ’
898 2629 1003 2702 οὐχ
1067 2629 1298 2706 ἁρμόζον
1344 2636 1432 2684 καὶ
1478 2631 1621 2684 τοῦθ’
1661 2631 1846 2704 ὁμοίως

245 2721 324 2776 εἴη
389 2721 504 2794 περὶ
583 2721 781 2781 ταύτης
855 2718 1032 2775 εἰπεῖν.
1085 2719 1146 2773 Εἰ
1199 2722 1300 2795 γὰρ
1376 2725 1448 2794 μή
1509 2727 1600 2774 τοῦ
1657 2720 1846 2774 οἰκείου

243 2810 436 2880 πέφυκε
488 2803 836 2880 μεταδιδόναι
883 2808 952 2876 ³⁸,
1011 2815 1120 2871 πῶς
1171 2813 1364 2882 πέφυκε
1409 2817 1501 2863 τοῦ
1555 2808 1846 2900 ἀλλοτρίου,

241 2896 327 2949 ἵνα
363 2900 434 2969 μη
495 2904 588 2950 τοῦ
637 2895 866 2950 ἐναντίου
925 2896 1076 2970 λέγω,
1119 2900 1258 2974 εἰπερ
1309 2895 1377 2958 δὴ
1439 2897 1642 2953 ἐναντία
1680 2895 1848 2977 φθαριξ

245 2988 335 3038 τὸν
364 2990 454 3038 καὶ
503 2987 784 3063 ἄφθαρτον,
852 2988 1108 3040 ἀθάνατον
1137 2993 1226 3041 καὶ
1277 2990 1496 3057 θνητόν;
1541 2994 1605 3043 Τί
1646 2987 1705 3044 δε
1760 3011 1850 3044 και

237 3082 445 3146 γνοῦσα
476 3081 585 3138 τοῖς
619 3077 709 3149 μὶν
759 3073 929 3149 ὀλίγον
960 3076 1008 3112 ³⁸
1038 3082 1230 3153 χρόνον
1271 3076 1549 3154 ἀπεμέρισε
1579 3087 1669 3132 τοῦ
1728 3081 1846 3153 ζῇν,
1879 3122 1919 3177 C

311 3159 1054 3177 -...._...

241 3170 356 3227 τοῖς
386 3159 444 3218 δε
494 3163 696 3235 πλείω;
742 3165 802 3220 Εἰ
856 3169 946 3239 μεν
998 3169 1098 3242 γὰρ
1158 3168 1282 3242 πρὸς
1338 3165 1519 3243 ἀρετὴν
1578 3167 1849 3242 βλέπουσα

236 3271 334 3304 και
383 3255 570 3306 κακίαν
608 3249 744 3306 οὕτω
808 3249 876 3314 δὴ
927 3259 1019 3307 καὶ
1076 3258 1135 3308 τὸ
1181 3256 1277 3329 ζῇν
1331 3263 1510 3330 μετρεῖ
1562 3259 1693 3330 (16),
1739 3265 1848 3322 τοῖς

239 3344 336 3416 μὶν
364 3341 445 3395 ἵνα
478 3341 635 3396 πλείω
691 3345 1072 3420 κατορθώσωσι
1132 3347 1198 3398 τὰ
1261 3343 1450 3419 βελτίω
1499 3353 1846 3423 προαιρουμέ-

238 3450 354 3494 νοις
377 3435 465 3484 καὶ
520 3430 676 3484 πλείω
731 3437 962 3506 νέμουσα
1014 3438 1104 3493 τὴν
1155 3434 1314 3499 ζωὴν,
1364 3445 1464 3488 τῶν
1505 3431 1554 3490 δ’
1611 3437 1694 3491 ἵνα
1739 3457 1846 3512 τρε-

241 3524 448 3594 χόντων
491 3519 574 3573 ἐπὶ
627 3523 694 3574 τὰ
757 3527 923 3597 χείρω
973 3521 1112 3597 κόψη
1166 3528 1254 3576 τὸν
1312 3521 1527 3600 δρόμον,
1579 3531 1850 3582 κόπτουσα

242 3614 339 3664 καὶ
364 3613 477 3678 (Π)
523 3611 612 3663 τὸν
650 3617 744 3664 τοῦ
775 3616 968 3687 χρόνου
993 3619 1086 3674 τῆς
1116 3613 1257 3674 ζωῆς
1309 3609 1504 3690 δρόμον
1552 3616 1620 3684 ³⁸³,
1653 3619 1848 3670 τούτων

243 3717 305 3751 τε
358 3696 602 3752 κάκείνων
652 3695 792 3752 ἰδίαν
831 3699 1005 3775 ὥσπερ
1086 3705 1176 3754 καὶ
1231 3707 1398 3775 χωρὶς
1466 3699 1704 3758 διάθεσιν
1759 3709 1848 3758 καὶ

243 3789 457 3846 κίνησιν
493 3789 636 3862 παρά
673 3795 764 3849 της
792 3788 836 3822 ³⁷
865 3788 1054 3860 ψυχῆς
1105 3786 1329 3862 ἐχόντων
1359 3811 1372 3824 ·
1403 3789 1509 3843 ἀλλ’
1564 3790 1672 3851 ἤδη
1724 3795 1850 3870 ὁρῶ-

245 3894 340 3949 μεν
378 3873 598 3937 πολλοὺς
635 3878 725 3950 μὶν
781 3885 882 3929 τῶν
934 3887 1106 3930 κακῶν
1153 3884 1244 3931 καὶ
1287 3881 1422 3932 πάνυ
1462 3899 1514 3932 τι
1573 3882 1620 3917 ³⁸
1655 3891 1846 3950 κακῶν,

243 3965 383 4017 πάνυ
409 3983 461 4017 τι
489 3963 614 4006 ³⁹-⁸⁶
640 3969 730 4017 καὶ
762 3965 978 4034 ζῶντας,
1041 3966 1258 4030 πολλους
1314 3965 1364 4022 δ’
1395 3967 1550 4043 ἀρετῇ
1606 3990 1849 4044 προσκει-

243 4056 452 4126 μένους,
507 4052 556 4106 ἐν
611 4052 813 4128 βραχεῖ
841 4075 945 4108 τινι
1000 4061 1176 4129 χρόνῳ
1213 4057 1324 4130 ἅμα
1371 4077 1424 4111 τε
1471 4067 1563 4112 τοῦ
1617 4061 1713 4134 ζῇν
1761 4066 1850 4114 καὶ

243 4150 339 4202 τῆς
380 4145 499 4217 περὶ
554 4145 620 4195 τά
687 4143 821 4196 καλά
887 4142 1127 4208 σπουδῆς
1193 4151 1569 4221 πεπαυμένους.
1622 4147 1851 4223 Ὀρῶμεν

247 4226 310 4283 δε
344 4231 388 4266 ⁸⁷
418 4236 509 4284 καὶ
534 4234 650 4293 τοὺς
677 4237 836 4306 μήπω
874 4232 1082 4296 ἡλικίας
1137 4233 1452 4309 ἁψαμένους,
1497 4242 1614 4311 περὶ
1666 4236 1871 4314 ἀρετῆς·

247 4317 402 4372 οὐδὲν
427 4325 559 4393 μήτε
583 4326 766 4382 κακίας
823 4318 1029 4384 εἰδότας
1069 4323 1137 4390 ³⁸,
1207 4323 1386 4399 ἀώρως
1433 4326 1566 4379 οὕτω
1623 4337 1715 4382 τοῦ
1755 4330 1850 4404 ζῇν

249 4405 551 4477 ἐκστάντας,
597 4411 734 4464 καὶὸ
783 4411 930 4480 λόγος
987 4410 1251 4466 κάνταῦθα
1295 4418 1428 4476 τίνος
1485 4417 1649 4484 ἕνεκα,
1704 4418 1846 4472 εἰκό-

248 4517 352 4560 τως
383 4498 454 4568 ”,
486 4499 659 4558 ἣκιστ’
688 4498 941 4574 ἀσφαλής,
973 4498 1140 4564 Ὀλως
1169 4497 1220 4554 δ’
1269 4501 1448 4576 ἀρετὴν
1476 4505 1505 4564 ἦ
1565 4506 1612 4542 ⁸⁸
1664 4513 1849 4562 κακίαν
1880 4504 1924 4559 D

249 4591 390 4649 τίνος
419 4585 479 4639 ἃν
537 4584 666 4640 εἶναι
706 4594 926 4662 φαίημεν
975 4591 1044 4657 ⁸⁸,
1074 4589 1258 4664 ψυχῆς
1289 4591 1318 4651 ἦ
1354 4598 1596 4666 σώματος
1626 4611 1641 4664 ;
1674 4595 1704 4656 ἣ
1749 4599 1850 4672 γὰρ

253 4673 465 4749 ἀμφοῖν,
493 4676 523 4735 ἣ
566 4675 676 4741 ἕνός
726 4674 900 4738 δήπου
952 4681 1167 4736 τούτων.
1220 4679 1354 4734 Ἀλλ’
1398 4681 1506 4746 ἑνός
1545 4687 1683 4761 εἴπερ
1735 4683 1848 4760 εἷεν,

1447 255 1612 324 ADV.
1637 247 1986 322 rLonUM
2014 261 2105 322 DE
2130 261 2388 329 ANIMA.

3465 270 3600 329 1410

2026 381 2077 445 5.
2103 387 2390 457 Quasnam
2417 393 2505 450 est
2531 390 2658 450 haec
2704 390 2829 450 vita
2875 390 3069 466 cujus,
3113 394 3179 450 ut
3201 391 3371 466 dicis,
3397 394 3603 454 anima

1952 494 2170 553 corpus
2199 481 2377 540 eﬂicit
2404 483 2703 556 particeps
2728 483 2756 540 ‘2
2772 481 2954 538 Illane
2975 487 3064 540 est
3087 497 3220 555 quae
3243 483 3457 540 animae
3486 485 3602 558 ipsi

1952 585 2190 643 semper
2209 577 2264 630 et
2293 573 2516 630 doloris
2549 588 2762 646 expers
2811 572 2986 641 inest,
3020 588 3100 629 an
3129 573 3310 630 aliam
3336 590 3471 631 esse
3514 576 3603 632 di-

1951 659 2038 716 cis
2065 675 2200 718 eam
2234 679 2420 736 quam
2465 663 2670 720 anima
2700 662 2938 736 corpori
2991 662 3173 719 tradit
3199 663 3227 718 ‘?
3259 666 3316 721 Si
3346 665 3601 738 propriae

1954 747 2067 804 sibi
2097 749 2230 806 vitze
2255 750 2462 808 anima
2491 767 2711 824 corpus
2738 751 2921 808 efficit
2965 751 3284 824 particeps,
3303 769 3444 810 cum
3464 754 3603 826 ipsa

1954 837 2029 893 sit
2065 838 2439 912 immortalis,
2483 844 2719 914 Oportet
2771 845 2828 897 et
2883 841 3301 914 participanda
3347 858 3603 916 corpora

1951 924 2112 982 idem
2145 931 2380 1000 tempus
2400 934 2458 984 et
2483 929 2544 985 in
2577 934 2867 985 aeternum
2907 928 3126 985 vivere.
3167 929 3223 984 Si
3255 936 3452 988 autem
3483 933 3602 990 alia

1953 1019 2041 1072 est
2069 1015 2286 1072 animae
2308 1017 2449 1089 vita,
2490 1021 2545 1074 et
2603 1016 2719 1074 alia
2772 1017 3122 1091 simpliciter
3177 1019 3596 1090 animantium,

1954 1119 2022 1162 ac
2058 1121 2127 1162 ea
2164 1105 2410 1178 quidem
2449 1106 2849 1163 animantium
2908 1108 3272 1180 corruptioni
3309 1109 3598 1181 subjacet,

1952 1194 2171 1250 animae
2207 1209 2348 1251 vero
2380 1196 2498 1252 vita
2527 1195 2775 1252 omnino
2823 1199 2916 1252 est
2937 1196 3420 1270 incorruptibilis,
3448 1215 3600 1272 quo-

1953 1283 2290 1356 modoquae
2321 1299 2443 1340 non
2491 1288 2580 1341 est
2623 1284 2842 1341 animas
2897 1285 3027 1342 vitae
3075 1285 3291 1355 forma,
3315 1302 3450 1344 eam
3475 1301 3601 1344 cor-

1951 1371 2296 1444 ruptibilem
2324 1373 2679 1446 corporibus
2695 1373 2968 1446 praebet?
3007 1374 3075 1430 Et
3091 1374 3140 1430 si
3155 1374 3215 1431 id
3228 1391 3470 1449 quoque
3491 1392 3601 1449 po-

1952 1465 2085 1533 test,
2105 1463 2156 1517 si
2178 1462 2336 1519 valet
2356 1463 2559 1520 anima
2582 1463 2906 1519 immortali
2921 1463 3040 1520 vita
3052 1464 3299 1536 praedita
3315 1466 3603 1539 corrupti-

1951 1549 2132 1608 bilem
2155 1550 2339 1608 vitam
2356 1552 2824 1618 communicare,
2853 1568 3041 1625 quare
3061 1553 3139 1609 ad
3162 1569 3413 1626 corpora
3429 1555 3604 1612 deve-

1952 1639 2147 1696 niens.
2169 1639 2408 1698 devenit
2437 1645 2638 1697 autem
2668 1646 2734 1697 ut
2753 1656 2826 1697 ea
2879 1641 3074 1697 vivere
3116 1641 3295 1698 faciat
3325 1648 3380 1700 et
3409 1649 3602 1714 ornet,

1953 1744 2074 1786 non
2101 1729 2361 1786 melioris
2391 1729 2607 1786 animae
2621 1729 2955 1798 [οι-ωακεθά
2971 1729 3266 1787 inferioris
3280 1747 3352 1789 ea
3372 1732 3582 1806 partici

1950 1817 2156 1890 pantia
2181 1817 2420 1875 effecit?
2451 1821 2566 1874 Aut
2586 1818 2816 1875 invidia
2840 1819 3092 1875 omnino
3119 1818 3302 1886 dices,
3330 1827 3432 1878 aut
3461 1823 3607 1895 quia

1949 1921 2074 1963 non
2103 1906 2302 1978 majus
2329 1911 2383 1963 te
2405 1906 2638 1976 melius,
2678 1907 2782 1963 sed
2811 1907 2960 1963 illud
2999 1907 3200 1964 minus
3223 1913 3280 1965 et
3304 1909 3475 1982 pejus
3502 1927 3607 1984 po-

1948 1994 2080 2050 tuit.
2123 1994 2236 2050 Sed
2268 1994 2528 2066 siprius,
2576 1994 2886 2066 quomodo
2943 1992 3010 2051 ﬁt
3070 2000 3135 2051 ut
3189 1996 3413 2068 anima,
3465 2013 3606 2056 cum

1947 2082 2110 2140 bona
2132 2083 2206 2139 sit
2237 2087 2294 2140 et
2325 2082 2553 2157 aliquid
2579 2083 2726 2140 boni
2770 2087 3053 2156 praestare
3110 2084 3250 2142 velit
3278 2085 3349 2142 iis
3376 2086 3437 2142 in
3467 2103 3602 2160 quae

1950 2171 2217 2228 studium
2242 2172 2444 2240 habet,
2475 2188 2598 2229 non
2620 2189 2691 2229 ex
2729 2173 3082 2231 necessitate
3108 2179 3164 2230 et
3191 2174 3271 2244 vi,
3295 2174 3502 2232 invida
3531 2176 3606 2234 sit

1951 2260 2302 2333 earuimque
2324 2260 2509 2318 vitam
2541 2264 2699 2318 secet
2717 2277 2787 2318 ac
2804 2261 3040 2318 minuat
3067 2262 3095 2318 ?
3115 2262 3173 2320 Si
3205 2268 3428 2333 autem,
3459 2265 3605 2338 quia

1950 2364 2075 2406 non
2103 2354 2300 2423 potest
2347 2351 2553 2407 anima
2618 2356 2675 2406 et
2737 2349 3092 2408 immortalis
3159 2357 3213 2408 et
3253 2367 3490 2426 semper
3517 2353 3603 2410 vi-

1951 2453 2120 2511 vens,
2160 2438 2456 2512 aequalem
2500 2443 2558 2496 et
2612 2439 2744 2496 aliis
2801 2441 2987 2497 vitam
3043 2440 3414 2514 dispensare,
3466 2441 3604 2500 vide

1955 2543 2030 2585 ne
2056 2542 2178 2584 non
2203 2544 2538 2599 congruum
2569 2529 2644 2586 sit
2694 2528 2810 2584 hoc
2835 2529 2910 2585 de
2946 2528 3050 2586 illa
3101 2530 3315 2588 dicere.
3348 2531 3405 2588 Si
3444 2532 3604 2589 enim

1953 2617 2268 2691 proprium
2282 2626 2412 2676 tran
2423 2617 2703 2674 sfundere
2716 2623 2995 2692 nequeat,
3012 2620 3326 2692 quomodo
3337 2623 3530 2694 possit
3542 2622 3606 2678 id

1956 2707 2187 2764 tradere
2211 2707 2377 2780 quod
2398 2707 2511 2780 ipsi
2535 2711 2887 2764 extraneum
2913 2713 3018 2780 est,
3046 2723 3121 2766 ne
3151 2709 3350 2768 dicam
3375 2715 3606 2770 contra-

1955 2796 2133 2865 rium,
2198 2797 2498 2870 siquidem
2551 2797 2852 2855 contraria
2919 2803 3060 2856 sunt
3119 2800 3499 2874 corruptibile
3550 2805 3609 2859 et

1956 2886 2430 2959 incorruptidile,
2452 2886 2788 2944 immortale
2812 2891 2867 2943 et
2895 2888 3146 2944 mortale
3170 2890 3198 2946 ?
3219 2890 3372 2956 Quid
3403 2895 3606 2947 autem

1958 2975 2226 3048 cogitans
2253 2974 2382 3032 aliis
2403 2975 2651 3048 quidem
2665 2991 2922 3048 parvum
2934 2980 3174 3049 tempus
3193 2977 3448 3045 vivendi,
3473 2979 3603 3035 aliis

1957 3063 2193 3134 longius
2216 3064 2586 3137 impertivit?
2615 3065 2669 3122 Si
2692 3065 2850 3120 enim
2881 3064 2961 3121 ad
2988 3065 3266 3122 virtutem
3296 3066 3609 3125 attendens

1958 3158 2015 3209 et
2035 3152 2326 3209 malitiam
2355 3153 2438 3210 ita
2462 3153 2641 3209 vitam
2674 3152 2914 3209 metitur
2933 3152 3061 3209 aliis
3081 3154 3325 3227 quidem
3356 3155 3609 3215 meliora

1959 3241 2338 3314 eligentibus,
2360 3257 2483 3315 quo
2513 3241 2688 3315 plura
2715 3247 2872 3298 recte
2894 3241 3136 3310 faciant,
3157 3243 3489 3314 longiorem
3509 3247 3610 3302 tri-

1956 3332 2150 3390 buens
2182 3332 2386 3401 vitam,
2407 3331 2661 3389 aliorum
2685 3336 2885 3388 autem
2911 3333 2988 3388 ad
3019 3333 3227 3406 pejora
3241 3336 3607 3393 currentium

1957 3427 2024 3480 ut
2054 3438 2297 3479 cursum
2317 3427 2492 3490 secet,
2522 3437 2732 3479 secans
2762 3427 2819 3478 et
2855 3421 2991 3479 vitte
3024 3425 3307 3497 temporis
3337 3441 3602 3495 cursum,

1956 3512 2049 3569 his
2073 3518 2127 3570 et
2164 3512 2276 3568 illis
2306 3512 2612 3586 propriam
2637 3512 2812 3586 quasi
2864 3528 2934 3569 ac
2979 3518 3316 3586 separatam
3347 3515 3606 3588 disposi-

1958 3601 2176 3658 tionem
2195 3607 2252 3658 et
2270 3607 2500 3659 motum
2518 3600 2674 3659 ultra
2701 3602 2919 3658 animae
2946 3609 3179 3660 motum
3199 3603 3562 3662 habentibus
3589 3620 3604 3673 ;

1953 3690 2082 3763 jam
2118 3692 2390 3748 videmus
2416 3691 2640 3748 multos
2689 3691 2936 3765 quidem
2985 3692 3279 3750 malorum
3325 3699 3382 3751 et
3427 3696 3608 3752 etiam

1959 3779 2381 3853 pessimorum,
2429 3780 2532 3836 diu
2614 3779 2898 3837 viventes.
2960 3781 3180 3838 multos
3221 3797 3364 3840 vero
3407 3783 3606 3841 virtuti

1959 3867 2352 3936 adhaerentes,
2394 3873 2530 3941 post
2572 3867 2751 3925 breve
2795 3874 3036 3941 tempus
3081 3875 3137 3926 et
3182 3873 3300 3927 vita
3357 3871 3608 3930 simulet

1957 3955 2104 4014 boni
2151 3957 2348 4014 studio
2404 3962 2729 4016 cessantes.
2808 3957 3090 4013 Videmus
3137 3963 3338 4016 autem
3391 3965 3448 4016 et
3503 3976 3608 4017 eos

1959 4046 2064 4119 qui
2093 4046 2368 4103 nondum
2389 4046 2859 4102 adolescentiam
2889 4047 3156 4117 attigere,
3199 4047 3274 4104 de
3298 4048 3510 4106 virtute
3535 4064 3608 4106 ac

1960 4133 2188 4191 malitia
2215 4133 2362 4191 nihil
2384 4135 2658 4202 scientes,
2691 4139 3046 4208 praemature
3085 4136 3168 4193 ita
3189 4151 3220 4192 e
3241 4136 3360 4194 vita
3389 4154 3608 4195 exeun-

1959 4227 2048 4280 tes
2085 4239 2098 4290 ;
2133 4229 2312 4296 atque
2333 4222 2415 4279 ibi
2441 4223 2593 4280 ratio
2615 4239 2739 4296 qua
2785 4223 2860 4280 de
2903 4239 3082 4281 causa
3125 4225 3370 4282 minime
3398 4227 3610 4286 infaili-

1958 4311 2094 4368 bilis
2112 4317 2216 4370 est.
2251 4315 2536 4370 Virtutem
2563 4316 2765 4370 autem
2807 4313 2901 4370 vel
2945 4314 3231 4372 malitiam
3258 4317 3448 4374 utrius
3477 4334 3609 4376 esse

1961 4401 2256 4470 dicemus,
2289 4403 2500 4460 anima:
2530 4418 2607 4458 an
2635 4403 2902 4476 corporis
2936 4405 3119 4472 ;Sunt
3139 4405 3480 4480 amborum,
3507 4413 3614 4467 aut

1964 4491 2141 4548 unius
2154 4496 2407 4548 tantum.
2431 4492 2541 4550 Sed
2563 4492 2610 4548 si
2625 4493 2974 4557 unius,sunt
2989 4496 3204 4550 animae
3220 4502 3410 4566 erunt,
3429 4498 3613 4572 siqui-

1964 4580 2104 4638 dem
2133 4586 2190 4637 et
2208 4580 2348 4638 inde
2369 4596 2582 4638 omnes
2615 4581 2693 4638 ad
2718 4581 2952 4640 bonum
2981 4583 3282 4641 etmalum
3305 4592 3526 4654 motus,
3553 4587 3611 4645 Si

1965 4685 2105 4728 vero
2132 4671 2474 4740 amborum,
2503 4676 2560 4730 et
2585 4672 2668 4730 ita
2687 4673 2901 4730 animae
2931 4673 3129 4747 potius
3145 4679 3318 4734 erunt
3336 4692 3467 4749 quae
3487 4691 3614 4734 cor-

1607 4798 1832 4870 Variae
1877 4802 2227 4875 lectiones.

251 4976 428 5037 ἧττον.

250 5054 470 5124 τὴνντῆς
603 5055 724 5110 Vat.
757 5059 934 5111 recte.
1011 5055 1059 5090 ⁸⁸
1094 5051 1262 5112 Vind.
1321 5058 1457 5110 πάνυ
1500 5077 1601 5113 τοι.

249 5122 301 5158 ³⁸
329 5122 733 5193 εἰνεκαείκότος,
767 5127 892 5183 Vat.
971 5126 1019 5161 ‘°
1047 5131 1139 5180 καὶ
1168 5128 1294 5184 Vat.

507 4981 556 5017 ³³
587 4982 756 5038 Vind.
799 4983 857 5036 οὗ
889 4982 1068 5040 male.
1143 4984 1192 5018 ⁸⁸
1214 4981 1534 5044 μεταδοῦναι
1557 4989 1684 5044 Vat.

1375 5130 1418 5164 “
1455 5137 1637 5204 φαῖμεν
1672 5133 1797 5190 Vat.

429 4885 854 4992 riinnoniest‘
877 4909 938 4967 in
967 4911 1092 4992 Vat.
1145 4913 1217 4992 ,ξ’
1240 4910 1459 4992 οἶλλυςος
1488 4913 1614 4992 Va_t_.
1653 4991 1658 4992 ί
1694 4917 1742 4952 ⁸ο
1767 4918 1851 4992 Δγὶ]

1973 4925 2132 4992 ζῶον,
2163 4920 2341 4979 male.
2420 4920 2462 4960 δι
2495 4921 2634 4986 ζωῆς
2665 4937 2789 4980 non
2810 4921 2992 4982 habet
3018 4922 3144 4981 Vat.
3221 4921 3268 4961 ⁸³
3298 4924 3432 4985 fort.
3463 4925 3608 4989 add.

1763 4990 1812 5026 8⁸
1843 4993 1851 5010 ‘

1763 5060 1812 5084 Ω.

1956 4991 2018 5084 [1ἒ
2050 4990 2227 5076 πλείω,
2270 4993 2496 5084 male.“
2524 4995 2576 5084 δε
2636 4996 3118 5084 suprascriptum
3149 5001 3382 5084 πρόμον,
3458 4999 3608 5084 ³1ης,

1679 5060 1812 5102 δί’-³⁸
1873 5063 2043 5119 Vind.
2079 5067 2216 5117 πάνυ
2271 5084 2375 5123 τοι.

2451 5065 2496 5100 ⁸⁷
2530 5062 2590 5119 δί
2641 5062 2812 5124 abest
2857 5082 2895 5124 α
2947 5062 3069 5124 ναι.
3147 5062 3439 5134 ⁸⁸ἐῖδυίας
3483 5072 3611 5130 Vat.

1831 5248 2048 5320 Notae.

325 5358 435 5430 (16)
466 5357 764 5438 ᾼροάᾳείε
794 5356 1002 5438 incipit
1029 5358 1284 5438 θίγοι-δίε
1315 5358 1422 5438 an:
1461 5356 1575 5438 ἤδη
1634 5364 1854 5438 ὁρῶμεν,

251 5429 560 5559 Ligynas
575 5433 634 5488 in
650 5431 765 5488 hoc
782 5429 1002 5505 scripto
1026 5429 1152 5486 ἀλλά
1173 5431 1427 5506 apodosi
1447 5429 1754 5495 ordien'dé
1770 5429 1857 5495 in?

394 5518 410 5558 ι
444 5544 458 5558 .
996 5523 1004 5531 ·

327 5573 442 5646 (17)
464 5571 630 5633 Idem
659 5573 989 5636 Nathanael
1001 5574 1075 5634 in
1102 5573 1334 5650 epistol.
1365 5592 1485 5638 ms.
1525 5594 1628 5655 ap.
1658 5578 1856 5642 Villoi-

1966 5383 2098 5438 son,
2124 5367 2436 5450 Αηςειιοιε.
2491 5368 2636 5450 _Grr.
2667 5383 2730 5444 p.
2760 5371 2846 5450 _72
2883 5383 2897 5429 :
2958 5369 3027 5450 _Ei
3071 5375 3612 5450 Xpta't'bvjpétt'ps'f

1963 5457 2105 5520 ἄεις,
2155 5441 2343 5520 ’καλῇς
2410 5441 2779 5520 τρέχειςηξιαὶ
2835 5441 3270 5520 κατατεινελτόν
3311 5441 3541 5520 δρόμονῖ
3567 5446 3614 5500 εἰ

1965 5510 2022 5564 ϐε
2070 5514 2198 5640 πρὸς
2245 5511 2366 5569 ἄλλο
2431 5510 2781 5569 τι’⁷σπεύδων
2833 5513 3063 5590 βλέπεις,
3123 5515 3233 5578 εὶκῆ
3291 5510 3612 5592 κάι’μοίτην

1967 5599 2100 5638 σπευ
2144 5603 2233 5648 εις.
