4066 6212
585 250 716 323 1411

1928 238 2301 307 NICEPHORI
2329 248 2593 311 CHUMNI

3392 10 3922 149 ,τ’

3735 262 3847 351 tu;

584 395 731 454 pore
756 380 822 435 ut
837 375 1107 450 quodam
1124 372 1305 429 utitur
1326 388 1557 445 organo
1585 391 1598 443 ;
1619 373 1701 430 ita
1729 378 1796 430 ut
1834 372 1885 429 si
1909 370 2139 427 virtutis
2164 384 2234 425 ac

2343 371 2531 445 ψυχῆς
2560 375 2619 437 ἂν
2670 374 2786 447 εἷεν,
2838 376 2951 431 ἐπεὶ
3010 376 3242 432 κάκεῖθεν
3292 381 3345 431 αἱ
3383 383 3489 453 περὶ
3530 383 3590 433 τὰ
3634 384 3746 436 καλὰ
3781 392 3849 440 καὶ

583 469 731 527 boni
766 482 937 524 amor
968 480 1103 520 eam
1134 466 1347 529 teneat,
1370 463 1535 535 quod
1562 480 1668 536 per
1698 478 1919 535 corpus
1949 462 2009 516 in
2031 464 2232 515 actum

584 558 815 622 transit,
844 569 1036 626 neque
1101 567 1322 624 corpus
1362 552 1624 624 deponet
1670 552 1836 624 quod
1866 557 1923 608 et
1961 563 2232 605 amorem

584 653 641 705 et
672 645 939 702 studium
971 657 1146 696 suum
1174 639 1454 712 explebit.
1495 641 1658 696 Idem
1685 641 1793 697 erit
1821 638 2144 696 dicendum
2175 641 2233 707 et

584 738 660 794 de
686 735 888 793 anima
904 749 1036 805 quae
1052 731 1359 804 pejoribus
1388 731 1638 788 laetatur.
1670 732 1818 797 Quid
1850 730 2055 787 volens
2086 725 2233 782 illud

583 824 751 897 quod
779 822 891 878 sibi
922 822 1088 893 prius
1116 820 1581 875 instrumentum
1613 826 1757 887 erat,
1793 825 2124 892 aptumque
2154 813 2233 869 ad

581 913 644 969 id
664 911 833 985 quod
863 909 1122 974 volebat,
1153 907 1491 978 despiciet?
1513 910 1695 979 Cujus
1710 914 1913 964 autem
1936 909 2020 962 rei
2050 918 2232 961 causa

583 1002 728 1059 illud
749 1015 858 1073 pro
879 998 1083 1072 pejore
1108 996 1521 1063 commutabit,
1563 998 1747 1070 idque
1776 1014 1885 1070 pro
1914 996 2050 1065 alio,
2084 992 2233 1050 nihil

584 1090 848 1154 meliore,
872 1089 995 1143 imo
1023 1101 1163 1142 vero
1184 1086 1540 1158 plerumque
1578 1086 1794 1149 inutili,
1837 1084 2135 1158 siquidem
2160 1099 2233 1138 ex

582 1182 897 1238 hominum
941 1174 1298 1248 corporibus
1346 1176 1701 1232 animalium
1745 1176 2013 1231 induitur
2041 1179 2098 1229 et
2122 1173 2232 1228 cir-

584 1268 903 1325 cumdatur
930 1272 1168 1333 natura,
1190 1270 1330 1319 etex
1348 1264 1419 1319 iis
1445 1280 1688 1320 rursum
1709 1265 1788 1332 ad
1817 1264 2055 1338 plantas
2083 1261 2229 1326 abit,

583 1364 641 1416 et
665 1358 761 1414 his
791 1355 1105 1425 colligatur
1128 1353 1381 1408 vinculis
1396 1355 1750 1410 arctioribus
1766 1370 1954 1426 quam
1974 1352 2037 1411 in
2067 1351 2231 1423 prio-

580 1447 750 1504 ribus
803 1449 994 1507 erant,
1039 1448 1330 1513 tanquam
1381 1442 1444 1497 in
1473 1442 1543 1497 iis
1598 1443 1865 1498 radicata
1909 1457 2033 1497 non
2050 1439 2233 1495 habet

580 1534 893 1610 quomodo
929 1531 1069 1589 inde
1106 1529 1277 1586 facile
1321 1535 1512 1599 exeat,
1555 1537 1692 1603 post
1744 1531 1997 1601 longum
2028 1537 2230 1585 autem

582 1630 821 1696 tempus
843 1624 901 1678 et
924 1620 1020 1675 vix
1039 1617 1406 1689 liberabitur,
1447 1620 1652 1674 nescio
1717 1618 1867 1693 quid
1905 1616 2118 1673 melius
2168 1616 2230 1672 in

2343 462 2511 532 φαυ).α
2541 471 2709 518 πᾶσαι
2747 473 2981 528 κινήσεις
3013 488 3024 500 ⁸
3068 466 3111 519 εἰ
3147 463 3200 520 δ’
3251 467 3454 540 ἀμφοῖν,
3513 475 3592 522 καὶ
3625 473 3735 523 οὕτω
3774 475 3849 547 ψυ-

2340 559 2451 621 χῆς
2490 553 2680 625 μᾶλλον
2720 554 2781 606 ἂν
2822 552 2915 609 εἷεν
2973 555 3175 630 ὀργάνῳ
3227 551 3293 614 δή
3332 576 3430 608 τινι
3465 565 3531 626 τῷ
3596 564 3763 630 σώματι
3792 584 3851 616 χε.

2340 646 2608 714 χρημένης
2648 644 2761 716 (18)
2799 666 2811 677 ·
2841 646 2968 696 ὥστ’
3006 646 3094 697 εἶτ’
3136 645 3182 679 ’⁸³
3248 648 3370 718 ἔρως
3412 646 3563 703 αὐτὴν
3615 644 3853 722 ἁρετῆςκαὶ

2340 736 2432 781 τοῦ
2459 731 2616 784 καλοῦ
2657 737 2893 807 κατέχει,
2923 741 3014 786 τοῦ
3051 753 3108 805 γε
3156 731 3396 792 δηλονότι
3426 732 3515 787 διὰ
3562 743 3765 808 σώματος
3805 741 3853 802 εἰς

2340 818 2527 893 πρᾶξιν
2570 821 2752 883 ἰόντος,
2786 828 2876 874 καὶ
2917 824 2964 857 ’⁸³
2994 824 3088 875 οὐκ
3117 822 3373 882 ἀποθήσει
3400 828 3455 876 τό
3509 833 3663 897 σῶμα,
3711 823 3770 879 δι’
3811 830 3852 881 οὖ

2340 913 2430 960 καὶ
2490 910 2536 944 ³⁸
2589 913 2675 962 τὸν
2731 914 2897 986 ἔρωτα
2964 916 3054 963 καὶ
3119 916 3213 970 τὴν
3287 911 3557 986 ἐπιθυμίαν
3609 912 3852 972 ἐκπλήσσει.

2341 997 2477 1049 Αὐτὸ
2519 994 2577 1050 δε
2607 1000 2745 1051 τοῦτ’
2778 1002 2891 1051 ἔστι
2921 1002 3077 1072 φάναι
3126 1005 3215 1053 καὶ
3271 1006 3389 1073 περὶ
3429 1000 3623 1074 ψυχῆς,
3659 1011 3745 1063 τοῖς
3776 1009 3856 1075 χεί-

2337 1104 2486 1157 ροσιν
2516 1083 2826 1159 ενηδομένης
2868 1104 2885 1120 ο
2928 1089 2956 1148 ἦ
2999 1094 3048 1140 τί
3096 1094 3187 1142 καὶ
3217 1088 3522 1162 βουλομένη,
3585 1098 3667 1142 τοῦ
3699 1098 3857 1164 πρώτως

2337 1180 2610 1245 γεγονότος
2648 1177 2893 1253 ὀργάνου,
2948 1174 3123 1239 δεξιοῦ
3164 1198 3223 1250 γε
3262 1181 3405 1239 ὄντος
3429 1181 3554 1253 πρὸς
3578 1179 3611 1229 ἃ
3649 1177 3853 1251 βούλεται,

2339 1270 2694 1337 περιφρονήσει,
2754 1269 2891 1328 τίνος
2935 1262 2994 1318 δὲ
3044 1266 3203 1318 ἕνεκεν
3263 1272 3353 1318 καὶ
3410 1264 3743 1329 ἀνταλλάξεται
3774 1265 3857 1321 τὸδι

2338 1359 2431 1402 τοῦ
2469 1357 2727 1424 χείρονος,
2768 1353 2973 1407 κάκεῖνο
3021 1355 3068 1389 ⁴⁵
3103 1350 3152 1407 δ’
3187 1354 3382 1431 ἐτέρου,
3447 1351 3604 1428 μηδέν
3771 1354 3856 1428 βελ-

2338 1444 2525 1509 τίονος,
2563 1439 2731 1511 πολλῷ
2764 1438 2823 1495 δέ
2883 1462 2985 1495 τινι
3032 1448 3122 1496 καὶ
3162 1443 3486 1497 ἕπιπλείστον
3550 1442 3759 1519 ἀχρείου,
3794 1446 3858 1515 εἰτ’

2340 1526 2394 1579 ἐκ
2463 1532 2716 1601 σωμάτων
2900 1532 3182 1608 ἀνθρώπων
3233 1535 3426 1609 θηρίων
3503 1537 3860 1607 μεταμφιέννυται

2339 1622 2429 1669 καὶ
2493 1621 2811 1693 περιτίθεται
2868 1622 3043 1693 φύσιν,
3103 1619 3157 1672 ἐκ
3225 1616 3285 1674 δε
3365 1610 3556 1674 τούτὼν
3631 1617 3759 1683 αὖθις
3805 1620 3864 1673 ἐπὶ

582 1712 802 1768 talibus
823 1723 1068 1765 versans
1088 1710 1355 1777 operata,
1396 1706 1520 1761 sive
1568 1706 1716 1763 boni
1747 1722 1952 1763 amore
1980 1709 2229 1770 retenta,

2342 1707 2474 1778 φυτά
2510 1715 2696 1781 χωρεῖ,
2742 1712 2829 1759 καὶ
2884 1712 3082 1770 τούτοις
3120 1705 3394 1763 συνδεῖται
3433 1706 3638 1782 δεσμοῖς
3684 1711 3863 1782 μείζοσιν

580 1800 706 1856 sive
736 1798 964 1854 malum
1012 1801 1117 1851 aut
1168 1793 1329 1849 mala
1381 1794 1723 1865 praeferens.
1776 1798 1842 1851 Et
1875 1809 2019 1850 sane
2051 1793 2234 1848 altera

582 1888 797 1946 anima:
824 1885 1020 1942 forma
1042 1883 1232 1939 ﬂuxui
1252 1888 1307 1939 et
1331 1884 1701 1955 corruptioni
1732 1884 1996 1939 serviens
2024 1883 2084 1937 in
2112 1896 2237 1954 qua

580 1978 855 2040 vivimus,
869 1974 1054 2031 altera
1069 1978 1263 2028 autem
1276 1973 1515 2045 proprie
1531 1989 1603 2028 ea
1615 1979 1702 2028 est
1714 1972 2042 2029 secundum
2055 1986 2236 2044 quam

579 2067 827 2125 honeste
846 2073 909 2119 ut
922 2062 1196 2120 homines
1218 2062 1473 2116 vivimus
1490 2066 1570 2127 ;et
1598 2062 1738 2117 inde
1756 2061 2171 2117 manifestum:
2191 2056 2240 2114 si

578 2147 741 2212 enim
763 2159 889 2211 tota
913 2156 1122 2209 nostra
1154 2151 1276 2206 vita
1304 2150 1526 2224 abipsa
1553 2157 1755 2206 mente
1783 2167 1853 2206 ac
1884 2166 1955 2205 ea
1984 2166 2119 2222 quae
2149 2164 2239 2203 se-

581 2246 851 2301 cundum
885 2247 1149 2299 mentem
1198 2243 1289 2296 est
1341 2241 1549 2294 anima
1596 2240 1840 2312 pendet,
1875 2238 2034 2294 unde
2065 2237 2242 2294 nobis

578 2338 821 2402 mortes,
857 2348 997 2388 cum
1045 2344 1220 2384 mens
1263 2343 1385 2383 non
1436 2328 1700 2399 patiatur
1730 2344 1801 2383 ac
1834 2327 2064 2383 sincera
2094 2328 2245 2391 site:

581 2427 718 2478 ante
743 2424 1019 2477 nostrum
1068 2415 1293 2473 animal
1327 2415 1469 2471 etin
1524 2416 1658 2488 ipso
1715 2416 1961 2471 animali
2022 2420 2243 2487 etpost

581 2511 710 2581 ejus
735 2507 1187 2566 dissolutionem
1234 2510 1459 2577 perstet
1490 2504 1517 2558 ‘I
1567 2505 1754 2567 Unde,
1778 2507 1925 2560 dum
1948 2505 2111 2578 apud
2128 2520 2239 2560 nos

583 2604 673 2653 est
698 2614 768 2653 ac
798 2600 1004 2652 manet
1028 2610 1098 2649 ac
1121 2593 1306 2647 vitam
1328 2597 1597 2648 nostram
1628 2594 1930 2648 continere
1953 2598 2146 2665 potest
2170 2608 2240 2647 ac

582 2686 730 2752 vult,
750 2685 966 2741 accidit
988 2687 1054 2739 ut
1079 2680 1245 2753 apud
1277 2695 1387 2735 nos
1443 2680 1560 2736 alia
1598 2681 1930 2737 moriantur
1956 2697 2026 2737 ac
2054 2682 2238 2737 vitam

581 2776 929 2837 amittant,et
942 2772 1060 2828 alia
1071 2769 1323 2826 viventia
1334 2771 1645 2825 maneant?
1658 2770 1975 2842 Oportebat
1988 2770 2136 2824 enim
2150 2769 2240 2825 vel

582 2865 833 2922 omnino
859 2878 972 2919 nos
1003 2859 1226 2923 vivere,
1252 2864 1451 2913 mente
1468 2858 1652 2914 vitam
1671 2865 1992 2931 prmstante
2018 2875 2089 2915 ac
2100 2875 2239 2915 con-

582 2955 803 3010 tinente
830 2949 976 3024 quin
997 2947 1224 3020 aliquid
1242 2949 1525 3020 patiatur,
1548 2946 1898 3004 velomnino
1912 2948 2236 3020 corrumpi,

2343 1796 2371 1854 ἦ
2416 1795 2465 1847 ἔν
2514 1803 2620 1857 τοῖς
2657 1800 2901 1873 πρόσθεν,
2953 1802 3043 1851 καὶ
3096 1801 3270 1875 ὥσπερ
3325 1796 3375 1851 ἐν
3430 1799 3599 1862 αὐτοῖς
3645 1798 3867 1875 ῥιζωθεῐσε

2342 1884 2438 1936 οὐκ
2461 1887 2575 1958 ἔχει
2605 1887 2744 1949 ὅπως
2786 1883 2984 1961 ῥᾳδίως
3048 1887 3235 1941 ἐκεῖθεν
3287 1886 3603 1964 ἐπιχωρήσει,
3657 1894 3800 1961 χρόνῳ
3829 1885 3868 1940 δι

2344 1983 2529 2049 μακρῷ
2589 1994 2692 2027 τινι
2744 1981 2832 2028 καὶ
2895 1976 3044 2049 μόλις
3112 1974 3515 2045 ἀπαλλάττεται,
3587 1976 3674 2030 οὐκ
3722 1973 3870 2030 οἶδατί

2348 2062 2495 2115 πλέον
2535 2061 2583 2115 ἓν
2635 2071 2743 2127 τοῖς
2808 2069 3063 2127 τοιούτοις
3112 2068 3359 2139 γενομένη
3405 2062 3645 2140 δράσασα
3691 2065 3811 2118 καλὸν
3850 2069 3869 2123 ἦ

2348 2151 2569 2222 γ’ἕρωτι
2607 2152 2766 2204 καλοῦ
2822 2151 3140 2227 ἕνισχημένη
3185 2154 3215 2213 ἣ
3257 2158 3419 2207 κακόν
3469 2154 3496 2213 ἦ
3549 2156 3674 2205 κακὰ
3719 2153 3872 2229 spatio.

2349 2246 2473 2313 μένη
2509 2262 2521 2273 ·
2555 2246 2644 2293 καὶ
2698 2246 2801 2315 μὴν
2855 2244 2902 2278 ⁸⁸
2960 2243 3081 2295 άλλο
3123 2247 3214 2315 μεν
3268 2244 3461 2316 ψυχῆς
3503 2241 3652 2315 εἶδος,
3698 2244 3774 2319 ῥοῇ
3817 2250 3873 2294 καὶ

2351 2332 2517 2404 φθορᾴ
2549 2325 2791 2384 δουλεῦον
2825 2331 2874 2384 ἓν
3018 2328 3084 2391 δὴ
3140 2333 3309 2407 ζῶμεν
3370 2334 3439 2402 ⁸⁷,
3491 2333 3609 2385 ἄλλο
3646 2329 3697 2386 δε
3735 2338 3874 2408 κυρίως

2349 2419 2465 2471 καθ’
2520 2419 2545 2472 ὃ
2601 2415 2655 2472 εὖ
2711 2420 2852 2493 μάλα
2914 2425 3004 2473 καὶ
3063 2421 3227 2483 καλῶς
3283 2424 3549 2498 ἄνθρωποι
3610 2422 3768 2495 ζῶμεν,
3812 2427 3872 2474 καὶ

2348 2504 2451 2559 ὦδε
2483 2504 2639 2567 δῆλον
2673 2530 2686 2542 ο
2721 2509 2764 2561 εἰ
2792 2512 2893 2583 γὰρ
2945 2514 3004 2562 τὸ
3057 2510 3153 2583 ζῇν
3209 2513 3359 2584 ἡμῶν
3399 2511 3512 2563 ὅλον
3551 2511 3696 2563 αὐτοῦ
3740 2519 3807 2562 νοῦ
3841 2510 3870 2543 ⁸³

2347 2601 2436 2647 καὶ
2470 2605 2564 2658 τῆς
2604 2598 2715 2649 κατ’
2767 2598 2924 2650 αὐτόν
2980 2597 3163 2671 ψυχῆς
3214 2597 3461 2670 ἐξῆπται,
3518 2600 3660 2653 πόθεν
3698 2601 3795 2671 ἡμῖν
3841 2600 3873 2649 οἱ

2350 2684 2578 2749 θάνατοι,
2640 2683 2875 2749 ἀπαθοῦς
2935 2683 3091 2741 τοῦδε
3141 2692 3231 2740 καὶ
3308 2686 3574 2764 ἀκηράτου
3627 2694 3706 2741 καὶ
3736 2692 3811 2762 πρὸ
3842 2688 3869 2721 ⁸¹

2347 2780 2441 2823 τοῦ
2492 2774 2611 2825 καθ’
2643 2775 2779 2845 ἡμᾶς
2844 2777 2977 2837 ζώου
3016 2780 3106 2827 καὶ
3155 2773 3205 2827 ἓν
3264 2775 3409 2848 αὐτῷ
3466 2773 3531 2835 δὴ
3580 2783 3647 2847 τῷ
3702 2775 3795 2846 ζὼῳ
3814 2778 3871 2825 καὶ

2347 2863 2478 2933 μετὰ
2515 2868 2667 2913 τοῦτο
2695 2860 2845 2914 λυθεν
2916 2865 3242 2925 καθεστωτος
3282 2881 3298 2930 ;
3337 2866 3493 2917 πόθεν
3539 2868 3626 2916 καί
3666 2863 3767 2938 παρ’
3790 2864 3873 2933 ἡμῖν

2348 2953 2491 3012 ὄντος
2553 2954 2643 3001 καὶ
2707 2954 2944 3024 μένοντος
2999 2956 3092 3003 καί
3148 2972 3208 3026 γε
3282 2957 3379 3011 τὴν
3441 2956 3575 3016 ζωὴν
3616 2953 3741 3026 ἡμῶν
3789 2949 3873 3002 ὅλων

581 3061 654 3101 ea
671 3059 783 3100 nos
813 3041 1185 3112 relinquente
1208 3043 1266 3093 et
1286 3036 1566 3093 abeunte.
1594 3038 1725 3093 Non
1746 3037 1906 3093 enim
1933 3036 2084 3108 licet,
2116 3052 2234 3093 non

2350 3042 2587 3110 συνέχειν
2631 3042 2722 3091 καὶ
2777 3036 3130 3113 δεδυνημένου
3189 3046 3281 3094 καὶ
3330 3040 3717 3115 βεϐουλημένον,
3747 3040 3874 3110 τὰμὲν

576 3134 716 3190 licet
739 3132 935 3187 dicere
962 3144 1097 3183 eam
1128 3125 1385 3181 divisam
1424 3140 1577 3194 esse,
1620 3141 1691 3181 ac
1720 3125 2040 3182 discissam
2063 3127 2123 3182 in
2154 3125 2237 3181 di-

579 3238 783 3280 versas
806 3219 1073 3292 corporis
1092 3221 1291 3289 partes
1308 3230 1378 3270 ac
1398 3215 1481 3270 ita
1499 3230 1600 3271 eas
1614 3214 2016 3270 viviﬁcantem
2039 3234 2057 3284 ;
2079 3214 2237 3271 unde

580 3311 791 3369 abierit
816 3310 875 3365 in
897 3308 1161 3379 seipsam
1188 3308 1507 3367 coarctata,
1523 3319 1594 3360 ea
1626 3306 1864 3359 mortua
1880 3302 2233 3376 relinquere,

580 3402 653 3458 iis
677 3404 877 3456 autem
931 3396 994 3452 in
1036 3394 1258 3467 quibus
1306 3392 1703 3459 immanserit,
1746 3391 1933 3447 vitam
1989 3408 2235 3465 quoque

581 3487 956 3565 protendere.
989 3482 1248 3555 Simplex
1280 3480 1440 3536 enim
1471 3497 1541 3536 ac
1571 3496 1769 3553 neque
1799 3481 2232 3550 magnitudinis

580 3591 777 3649 neque
807 3570 1073 3645 corporis
1125 3568 1441 3641 particeps,
1478 3567 1788 3641 quomodo
1816 3566 2181 3624 divideretur
2204 3569 2232 3624 ‘I

581 3665 737 3732 Quid
766 3669 969 3719 autem
990 3658 1241 3732 patiens,
1274 3656 1665 3729 impassibilis
1688 3662 1745 3712 et
1776 3656 2149 3712 indivisibilis
2176 3662 2234 3713 et

579 3754 844 3829 partium
865 3764 1097 3822 expers,
1116 3747 1195 3802 ad
1217 3746 1652 3802 contractiones
1679 3747 2230 3819 etcomprehensio-

579 3861 688 3902 nes
735 3841 880 3908 abit,
929 3852 1125 3911 neque
1162 3835 1305 3891 idin
1366 3851 1429 3890 se
1468 3840 1592 3891 tota
1634 3835 1873 3907 patitur,
1900 3852 2005 3907 per
2033 3842 2230 3908 partes

577 3949 720 3991 vero
744 3946 899 4005 quas
924 3926 1485 3985 habebatemortuis
1505 3926 1768 3995 corporis
1781 3924 2053 3997 partibus
2082 3925 2229 3982 ada-

576 4028 778 4099 ptatas
807 4020 835 4077 *ἶ
867 4016 982 4077 Sed
1008 4013 1347 4072 absurdum
1380 4014 1505 4069 haec
1536 4015 1798 4083 cogitare
1830 4029 1900 4069 ac
1929 4013 2125 4070 dicere
2155 4014 2230 4071 de

578 4118 776 4170 mente
797 4108 1060 4183 partium
1114 4102 1337 4176 experti
1374 4108 1431 4158 et
1468 4118 1713 4173 prorsus
1735 4102 2117 4174 impassibili.
2152 4105 2230 4159 De

576 4219 650 4259 ea
677 4205 876 4256 autem
906 4210 1095 4268 quam
1116 4192 1395 4257 diximus,
1416 4190 1580 4245 ﬂuxa
1609 4190 1813 4245 anima
1851 4195 1908 4245 et
1932 4191 2229 4263 corrupti-

576 4290 681 4346 bili
702 4286 847 4343 nihil
875 4286 1189 4355 repugnat,
1212 4280 1501 4352 quoniam
1532 4280 1657 4333 haec
1687 4277 1991 4346 dividitur,
2029 4283 2085 4333 et
2117 4280 2230 4334 hoc
2262 4300 2307 4355 ι)
2346 4280 2552 4343 ἀπαθὴς

576 4378 761 4437 modo
802 4389 1013 4431 omnes
1031 4371 1294 4443 corporis
1326 4374 1523 4442 partes
1544 4367 1791 4434 invadit,
1828 4369 2039 4441 spiritu
2068 4386 2230 4442 quo-

578 4468 725 4526 dam
770 4462 927 4520 vitali
967 4464 1161 4530 vecta,
1205 4465 1262 4516 et
1304 4474 1427 4515 una
1465 4473 1606 4514 cum
1645 4473 1716 4514 eo
1755 4456 2021 4531 undique
2048 4474 2230 4531 pene-

2347 3128 2491 3197 ἡμῶν
2522 3130 2663 3179 ἐστιν
2702 3129 2786 3179 ὅτε
2827 3133 2916 3180 καὶ
2948 3130 2995 3163 ⁶⁰
3047 3138 3343 3205 νεκροῠται,
3397 3132 3487 3182 καὶ
3536 3132 3591 3181 τό
3654 3130 3735 3202 ζῇν
3767 3125 3873 3178 (bril-

2344 3215 2486 3286 λυσι,
2537 3220 2602 3268 τὰ
2643 3214 2701 3269 δξ
2761 3222 2899 3291 μένει
2926 3218 3133 3285 ζῶντα;
3162 3215 3313 3273 Ἔδει
3342 3222 3447 3296 γὰρ
3480 3221 3509 3279 ἣ
3539 3223 3593 3273 τὸ
3642 3220 3738 3272 ὅλον
3781 3220 3875 3289 ἡμᾶς

2346 3304 2464 3377 ζῇν,
2506 3304 2665 3357 αὐτοῦ
2717 3325 2773 3377 γε
2829 3315 2921 3359 τοῦ
2971 3312 3065 3365 τὴν
3125 3307 3265 3368 ζωὴν
3324 3310 3371 3344 δι
3428 3311 3789 3383 παρεσχηκότος
3814 3308 3873 3355 καὶ

2346 3399 2659 3466 συνέχοντος
2704 3392 2870 3468 μηδὲν
2918 3398 3253 3469 πεπονθότος,
3296 3398 3326 3457 ἲ)
3393 3402 3454 3451 τό
3511 3398 3618 3451 ὅλον
3666 3396 3874 3469 ἐφθάρθαι»

2343 3480 2631 3543 ἐκλιπόντος
2666 3480 2908 3541 δηλονότι
2979 3481 3128 3537 τοῦδε
3173 3491 3265 3538 καὶ
3324 3485 3778 3562 ἆποκεχωρηκότος.
3824 3481 3874 3533 Οὔ

2340 3573 2441 3647 γὰρ
2477 3574 2639 3642 ἔστιν,
2680 3572 2772 3624 οὐκ
2815 3574 2957 3627 ἔστιν
2996 3570 3112 3626 οὐδ’
3169 3583 3326 3627 εκεῖνο
3391 3580 3595 3637 πάντως
3640 3576 3787 3639 εἰπεῖν,
3830 3572 3874 3630 ὡς

2339 3664 2673 3735 μεμέρισται,
2728 3665 2819 3713 καὶ
2885 3661 3202 3734 σχιζόμενος
3276 3669 3402 3739 περὶ
3466 3669 3530 3717 τὰ
3565 3670 3650 3716 τοῦ
3701 3668 3874 3730 σώματος

2338 3753 2499 3823 μόρια
2543 3769 2633 3801 και
2664 3751 2798 3802 οὕτω
2848 3746 2916 3808 δὴ
2955 3759 3119 3803 ταῦτα
3183 3754 3358 3815 ζῶντα
3387 3760 3547 3807 ποιῶν
3584 3754 3608 3805 ὀ
3648 3760 3763 3815 νοῦς,
3800 3750 3875 3799 ὅθεν

2339 3841 2430 3909 μὲν
2484 3837 2543 3889 ἂν
2591 3839 2756 3890 αὐτῶν
2815 3837 3153 3913 ἀναχωρήσει
3202 3841 3250 3884 ⁸³
3303 3841 3382 3905 εἰς
3441 3842 3613 3895 ἑαυτὸν
3644 3836 3876 3893 auo-tuitui

2334 3945 2424 3977 και
2479 3930 2631 4001 νεκρά
2687 3924 2755 3986 δὴ
2812 3935 2977 3980 ταῦτα
3063 3927 3386 4000 καταλειπει,
3465 3931 3536 3992 οἷς
3618 3926 3663 3983 δ’
3711 3925 3875 4000 ἐμμένειν

2337 4016 2550 4076 τούτοις
2594 4034 2651 4086 γε
2696 4011 2870 4072 δήπου
2934 4036 3024 4068 και
3095 4020 3153 4069 τὸ
3210 4018 3306 4091 ζῇν
3374 4023 3669 4095 παραμένει.
3718 4013 3877 4067 Ἀπλοὺς

2340 4106 2442 4175 γὰρ
2486 4106 2553 4153 ὥν
2583 4122 2673 4154 και
2710 4108 2782 4176 μὴ
2840 4107 3085 4178 μεγέθους
3138 4112 3273 4179 μήτε
3318 4103 3387 4167 δὴ
3441 4113 3669 4180 σώματος
3705 4106 3876 4177 μετέχων

2340 4188 2590 4266 μηδενὸς,
2633 4200 2741 4254 πῶς
2799 4192 2858 4245 ἂν
2905 4214 2996 4245 και
3042 4196 3360 4269 μερισθείη;
3414 4201 3467 4249 τί
3517 4194 3576 4249 δὲ
3611 4214 3690 4246 και
3737 4191 3877 4247 παθῶν,

2653 4282 2738 4351 19)
2788 4302 2876 4334 και
2944 4279 3243 4355 ἀδιαίρετος
3290 4304 3383 4337 και
3439 4282 3623 4359 ἀμερὴς
3685 4281 3758 4351 ὧν,
3826 4274 3878 4326 ἔπι

2345 4372 2671 4441 συναιρέσεις
2727 4389 2817 4421 και
2875 4370 3129 4432 συνολκὰς
3180 4370 3293 4433 ἣξει
3348 4373 3423 4442 ⁵³,
3491 4392 3578 4423 και
3628 4365 3734 4423 οὔδε
3769 4369 3873 4416 τοῦτο

2343 4457 2508 4517 πάθος
2560 4457 2681 4509 καθ’
2737 4456 2851 4509 ὅλον
2915 4457 3096 4511 ἑαυτὸν
3149 4461 3287 4511 κατὰ
3334 4457 3396 4513 δὲ
3448 4464 3607 4537 μέρη,
3657 4456 3689 4510 ἃ
3720 4452 3775 4512 δὴ
3816 4460 3874 4501 καί

1954 4582 2174 4649 Variae
2222 4580 2581 4665 lectiones,

651 4739 699 4773 ει
743 4731 841 4805 εἴγ’
868 4732 995 4805 Vat:
1074 4727 1260 4805 f3__xeu
1298 4723 1473 4805 abest
1516 4739 1554 4778 a

578 4814 704 4867 Vat.
783 4794 827 4840 δ”
848 4800 1018 4858 Vind.
1062 4795 1317 4869 δείξομεν,
1353 4794 1538 4869 male.
1612 4795 1811 4869 faveo;
1839 4795 1972 4850 Vat.

580 4864 996 4951 ιε’ἇςοαχωρήσοι
1018 4871 1151 4927 Vat.
1208 4864 1277 4902 ’⁵⁸
1308 4866 1475 4922 Vind.
1504 4864 1662 4921 male
1683 4866 1803 4929 ἔξει.

1804 4723 1852 4757 ⁸⁸
1900 4742 1989 4774 και
2039 4723 2210 4779 abest
2262 4739 2299 4780 a
2351 4725 2484 4781 Vat.

2048 4797 2095 4830 ‘9
2126 4798 2253 4870 πρὸς
2304 4798 2428 4852 Vat.
2505 4797 2556 4832 ⁵ο
2601 4816 2692 4848 και
2716 4812 2840 4852 non
2867 4803 3141 4868 agnoscit
3178 4799 3302 4853 Vat.

3453 4729 3501 4765 “
3547 4728 3621 4779 ὅτι
3664 4720 3793 4781 adde
3825 4729 3870 4770 el

2560 4725 2608 4760 ⁸⁸
2657 4721 2895 4777 κάκείνου
2944 4725 3141 4792 Vind.,
3193 4725 3371 4785 male.
3453 4729 3501 4765 “
3547 4728 3621 4779 ὅτι
3664 4721 3793 4781 adde
3825 4729 3866 4770 83

2601 4816 2692 4848 και
2716 4812 2840 4850 non
2867 4803 3141 4850 agnoscit
3178 4799 3302 4850 Vat.
3381 4800 3428 4835 ει
3481 4818 3571 4850 και
3616 4795 3741 4850 add.
3787 4791 3866 4841 Vat

3481 4818 3571 4851 και
3616 4812 3741 4853 aaa.

2173 4990 2392 5059 Notae.

654 5150 765 5219 (18)
792 5139 1035 5201 Michael
1056 5135 1395 5219 Psellu‘s‘pe
1449 5135 1735 5219 omni/nr.
1762 5133 2067 5219 Idoctririq
2093 5137 2234 5219 sre‘ct.

582 5205 672 5287 28;
798 5220 866 5271 60
900 5220 1046 5289 εΤῳν
1071 5210 1193 5283 παρ’
1233 5207 1460 5289 ’ξλλησι
1508 5214 1688 5289 σοφῶν.
1719 5209 1811 5263 τὴν
1859 5205 2045 5289 ψυχὴν
2084 5205 2238 5289 In}-

582 5278 682 5345 των
717 5278 811 5361 μὲν
866 5289 957 5337 καὶ
1014 5278 1379 5361 Ἀριστοτελης
1437 5280 1506 5361 (είς
1557 5278 1759 5361 sine?
1816 5282 1944 5348 φασὶ
1995 5279 2240 5361 laticem

581 5372 655 5417 τῶ
689 5347 914 5432 σάματι.
944 5386 1013 5395 -
1052 5347 1395 5425 Sequuntur
1446 5347 2001 5422 PeripatetieOrum,
2037 5347 2239 5402 Clean-

582 5420 700 5481 tﬁis
720 5432 1032 5481 insiusdue
1059 5421 1271 5481 Plotini
1290 5420 1530 5481 placita.

654 5436 700 5485 is
719 5434 1032 5485 ipsiusque
1059 5434 1271 5481 Plotini
1290 5434 1530 5485 praelia.

582 5437 735 5493 thisi
786 5437 1032 5501 siusque
1059 5437 1271 5481 Ploum
1290 5437 1530 5494 piacua.

651 5448 780 5569 (ως
836 5504 899 5555 Τί
958 5528 1030 5569 ——_-
1088 5495 1266 5569 παθῲν
1324 5491 1551 5569 ἁπαθρς.
1622 5489 1883 5569 [inditi-11
1945 5486 2241 5569 νρρεῖβωο

587 5557 851 5650 gemino.
872 5565 1263 5650 illaformula
1279 5568 1331 5614 τί
1378 5563 1556 5650 παῆθοῦν
1618 5557 2243 5650 utiturips’e‘Plotinus

791 5647 898 5703 438
953 5645 995 5699 Β
1041 5656 1060 5699 :
1099 5640 1165 5691 Τί
1207 5638 1309 5710 γὰρ
1361 5634 1542 5685 παθών
1592 5649 1674 5694 τις
1723 5630 1871 5708 πρὸς
1893 5630 2044 5684 ἄλλον
2094 5631 2239 5703 ἔχεις

2341 5130 2510 5258 quod
2528 5136 2750 5221 tentare
2766 5147 2889 5189 non
2910 5132 3173 5215 debebat
3189 5133 3497 5216 Villoison.
3516 5129 3759 5214 ᾼηειιάά.

2401 5247 2414 5258 .
2443 5220 2502 5258 D.
2530 5207 2652 5258 23o.
2681 5202 2816 5258 licet
2835 5204 3069 5258 Platoni
3107 5205 3386 5258 frequens
3415 5212 3490 5258 sit
3528 5204 3625 5258 illa
3651 5207 3815 5257 altera.
3842 5209 3867 5238 ιι

2346 5202 2414 5265 Π.
2443 5220 2502 5275 p.
2530 5202 2816 5277 2§_5,‘licet
2835 5204 3069 5277 Platoni
3107 5205 3386 5277 frequens
3415 5207 3490 5261 sit
3528 5204 3625 5261 illa
3651 5207 3815 5277 altera}.
3837 5208 3867 5277 ῖι

2344 5265 2542 5348 μαθών.
2563 5265 2951 5348 νίᾷεᾶδορὺε,
2975 5265 3597 5333 Αιίιίίιι.Ἀηίηιαάυυ.
3622 5273 3696 5348 ad
3710 5265 3870 5348 ΑΙῘιενξσ

2348 5336 2406 5419 p.
2462 5345 2771 5419 327,_ibiq_.
2810 5345 3061 5419 laudatt.
3119 5348 3285 5404 Wolf.
3328 5348 3409 5404 ad
3442 5345 3722 5419 Demosth.

2347 5411 2408 5541 ἓ.
2426 5417 2549 5483 348ς
2571 5411 2790 5471 Heusd.
2810 5416 2868 5472 in
2885 5417 3389 5488 Specthlaton.
3405 5435 3468 5491 p.
3486 5418 3571 5473 57.
3589 5413 3732 5471 Adde
3750 5411 3868 5465 Ηθωο

2392 5487 2501 5541 orf.
2523 5488 2601 5541 ad
2630 5487 2903 5541 Eat/md.
2930 5488 3159 5541 Platon.
3187 5506 3246 5541 ι).
3277 5490 3401 5541 339.
3434 5493 3492 5541 et
3518 5488 3799 5541 Hermann.
3821 5469 3867 5529 ιδ

2392 5469 2601 5562 eaad
2630 5469 3170 5562 intestinis;
3184 5469 3799 5562 {infantiam
3821 5469 3867 5529 ad

2347 5558 2540 5630 Vigor.
2574 5573 2636 5632 p.
2669 5562 2773 5616 759
2793 5558 2891 5616 ed.
2919 5560 3154 5623 noviss.
