4066 6212
248 300 387 356 4443
1456 282 1618 342 ADV.
1650 273 2006 344 PLOTINUM
2041 283 2133 340 DE
2159 283 2406 350 ANIMA.
2747 267 2752 272 ’
3467 287 3608 345 1414

217 423 391 496 ἐἶχεν
463 419 823 494 ἐνηρμοσμένα
896 421 1007 474 τοῖς
1066 414 1365 488 νεκρωθεῖσι
1446 417 1539 462 τοῦ
1614 414 1823 479 σώματο

2002 419 2124 460 'ans
2152 407 2356 464 vivens
2369 426 2610 483 corpus,
2623 410 2706 468 ibi
2732 410 2938 468 ﬁnitur
2952 411 3056 468 ubi
3085 411 3299 468 etillud
3316 415 3533 467 cessat.
3551 411 3608 468 Si

248 495 459 586 μέρεσιν
511 523 527 575 ;
586 503 720 558 Ἀλλ’
783 502 972 555 ἄτοπον
1029 511 1198 554 ταῦτα
1279 505 1396 575 περί
1482 505 1575 550 τοῦ
1631 495 1852 570 ἀμεροῦς

2008 510 2084 550 ua
2101 512 2238 552 vero
2251 513 2391 569 pars
2408 501 2688 571 patiatur,
2705 500 3029 574 passioque
3043 501 3282 573 spiritus
3293 505 3527 556 motum
3552 503 3610 556 et

247 583 340 652 νοῦ
407 597 458 632 ⁸⁸
506 614 597 646 και
655 594 988 646 παντάπασιν
1029 588 1258 650 ἀπαθοῦς
1316 608 1406 640 και
1475 583 1853 656 ὑπολαμϐάνειν

2003 583 2183 640 nimae
2197 588 2666 658 permeationem
2682 589 2868 661 sistat,
2887 605 2958 646 ea
2970 606 3111 664 pars
3143 591 3446 651 emoritur.
3471 605 3608 645 cum

250 707 344 740 και
379 685 540 756 λέγειν
569 699 582 713 ⁸
628 686 748 756 περί
806 677 856 732 δ’
910 680 971 740 ἧς
1019 681 1204 751 ἔφημεν
1249 678 1475 751 ῥευστῆς
1531 675 1718 748 ψυχῆς
1765 692 1856 723 και

2002 688 2099 728 am
2120 675 2253 730 vitae
2270 675 2630 750 principium
2648 677 3045 752 derelinquat,
3070 694 3264 751 neque
3285 677 3478 751 possit
3497 679 3608 733 hu-

253 779 506 850 φθαρτῆς,
548 767 699 824 οῦδὲν
752 767 985 834 ἀπεικὸς,
1033 765 1142 819 ἐπεί
1201 786 1288 818 και
1330 769 1642 839 μεμέρισται
1697 761 1854 827 αὕτη,

2006 780 2056 817 1s
2082 763 2381 836 particeps
2411 781 2566 821 esse.
2601 766 2868 824 Siautem
2882 769 3076 840 ipsam
3090 769 3357 842 corporis
3381 773 3612 840 partem

253 871 345 918 xui.
410 869 590 916 τοῦτον
645 855 712 917 δὴ
764 859 850 910 τὸν
904 861 1092 932 τρόπον
1138 856 1308 908 πάντα
1375 856 1553 926 φθάνει
1626 854 1691 902 τὰ
1765 857 1858 901 τοῦ

2008 851 2233 908 ulneret
2260 852 2464 924 passio
2490 870 2628 928 quae
2658 854 3062 928 principatum
3089 861 3249 912 tenet
3298 873 3467 923 ;cum
3516 857 3614 912 hic

256 959 505 1026 σώματος
551 953 731 1023 μόρια,
776 949 1029 1019 πνεύματι
1101 940 1170 1002 δή
1226 963 1326 996 τινι
1386 943 1592 1011 ζωτικῷ
1652 958 1708 1011 γε
1755 942 1860 994 ὄντι

2008 940 2212 1012 piritus
2243 942 2316 997 sit
2339 941 2559 999 animae
2596 943 2794 1000 vitalis
2811 944 3172 1010 vehiculum,
3198 939 3399 1003 statim
3417 947 3614 1002 omnis

257 1025 610 1114 ἐποχουμένη,
651 1056 742 1088 και
793 1037 923 1108 μετά
958 1037 1143 1086 τούτου
1194 1025 1544 1086 διαϐαίνουσα
1594 1035 1685 1080 τοῦ
1735 1027 1862 1087 ζῶν·

2009 1028 2089 1086 ita
2127 1034 2408 1104 corrupta
2436 1031 2638 1088 ﬁnitur
2665 1051 2679 1102 ;
2702 1035 2994 1108 quoniam
3019 1035 3149 1092 haec
3176 1038 3301 1094 vita
3320 1037 3613 1112 corrupti-

256 1151 343 1191 τος
425 1134 666 1202 σώματος
713 1131 984 1196 πανταχῆ,
1042 1122 1145 1175 ἐκεῖ
1182 1118 1248 1180 δὴ
1285 1123 1333 1156 ⁵⁵
1364 1123 1618 1196 περαίνει,
1649 1115 1768 1168 ὅποι
1813 1116 1861 1150 ⁵⁸

2005 1117 2104 1175 dlis
2133 1124 2240 1190 est,
2272 1126 2334 1176 ut
2349 1115 2780 1196 supposuimus
2797 1128 2854 1180 et
2865 1123 2992 1196 jam
3007 1125 3485 1183 demonstratum
3503 1131 3611 1183 est.

259 1217 329 1278 δὴ
371 1238 460 1271 και
490 1223 642 1270 τοῦτο
674 1217 1031 1287 συμπεραίνει.
1065 1211 1124 1264 Εἰ
1151 1207 1299 1276 δέτι
1331 1211 1491 1263 πάθοι
1537 1215 1638 1260 τῶν
1672 1213 1861 1279 μερῶν,

2009 1212 2039 1262 Lt
2052 1207 2230 1277 igitur
2239 1223 2359 1264 non
2377 1208 2720 1282 simpliciter
2731 1212 3065 1269 secundum
3077 1219 3331 1271 mentem
3343 1215 3615 1281 vivimus,

257 1329 349 1362 και
380 1311 439 1360 τό
484 1325 544 1378 γε
589 1305 756 1365 πάθος
801 1307 895 1359 τήν
925 1319 978 1353 τε
1028 1307 1120 1352 τοῦ
1176 1301 1462 1371 πνεύματος
1505 1315 1712 1354 κινησιν
1775 1313 1863 1345 και

2010 1295 2076 1351 ed
2095 1297 2419 1366 cogitantes
2438 1296 2592 1354 bene
2603 1299 2884 1356 vivimus.
2901 1303 3087 1373 Hujus
3103 1308 3305 1360 autem
3323 1309 3616 1380 corruptae

255 1402 354 1456 τὴν
385 1395 576 1448 αῦτόσε
621 1393 666 1427 ⁵⁷
698 1399 790 1452 τῆς
829 1389 1015 1462 ψυχῆς
1046 1393 1232 1447 στήσοι
1282 1383 1550 1457 διάϐασιν,
1608 1387 1760 1437 τοῦτό
1808 1399 1861 1453 γε

2015 1387 2192 1439 αἱωω
2213 1385 2429 1441 melius
2448 1391 2537 1442 est
2559 1387 2755 1444 dicere
2775 1393 2832 1444 et
2851 1397 3194 1462 corruptam
3216 1408 3346 1450 esse
3365 1394 3524 1450 hanc
3540 1394 3621 1450 vi-

258 1506 352 1538 και
406 1487 731 1558 νενέκρωται,
791 1486 884 1532 τοῦ
939 1483 1029 1537 τήν
1085 1477 1224 1538 ζωὴν
1277 1475 1487 1536 ἕνιέντος
1542 1473 1864 1558 ἀπολειφθὲν,

2017 1489 2132 1539 Lm;
2165 1489 2337 1528 mens
2362 1490 2504 1530 vero
2532 1480 2588 1531 et
2616 1492 2750 1549 quae
2781 1479 3113 1536 secundum
3139 1497 3276 1538 eam
3306 1487 3392 1538 est
3416 1482 3623 1539 anima

258 1595 354 1627 και
400 1578 473 1646 μὴ
534 1557 818 1643 δυνάμενον
867 1569 945 1620 ἔτι
1011 1569 1250 1638 μετέχειν
1303 1563 1462 1617 αὐτοῦ
1509 1585 1522 1596 ·
1572 1561 1667 1614 κᾶν
1726 1557 1786 1614 δέ
1813 1559 1864 1646 γ’

2016 1577 2045 1616 c
2067 1561 2206 1630 vita,
2246 1577 2385 1617 cum
2411 1561 2668 1620 debeant
2690 1581 2828 1621 cum
2845 1581 3094 1639 corpore
3114 1569 3450 1626 secundum
3465 1570 3622 1626 hanc

259 1661 342 1717 ἐπ’
393 1661 520 1714 αὐτὸ
572 1663 724 1734 μέρος
772 1663 864 1710 τοῦ
929 1661 1167 1728 σώματος
1230 1653 1303 1706 ἰὸν
1355 1651 1511 1725 βάλοι
1537 1654 1594 1703 τό
1649 1647 1865 1709 πάθοςό

2021 1648 2360 1705 armoniam
2383 1651 2741 1708 concinnato
2765 1656 3132 1724 conversari,
3156 1663 3531 1729 permanent,
3555 1673 3625 1714 ea

260 1748 334 1811 δὴ
364 1770 454 1802 και
472 1754 567 1808 τὴν
596 1747 772 1822 ἀρχὴν
804 1748 952 1818 ἴσχει
985 1765 998 1777 ο
1022 1751 1172 1796 τοῦτο
1227 1737 1276 1795 δ’
1310 1738 1440 1794 εἶναι
1468 1741 1517 1776 ⁸³
1561 1742 1619 1792 τὸ
1667 1745 1866 1810 πνεῦμα

2022 1743 2251 1806 urante,
2284 1737 2478 1796 soluta
2503 1744 2703 1796 autem
2743 1745 2801 1798 et
2824 1742 2957 1816 ipsa
2993 1761 3167 1800 mens
3197 1746 3462 1817 solvitur,
3478 1745 3627 1804 nihil

259 1849 362 1902 τῆς
415 1839 638 1901 ζωτικῆς
691 1835 744 1886 ὃν
798 1833 982 1906 ψυχῆς
1057 1835 1262 1904 ὄχημα,
1322 1830 1474 1892 εὐθὺς
1516 1847 1607 1881 και
1661 1831 1720 1880 τό
1773 1826 1865 1898 ζῇν

2071 1827 2231 1895 tiens,
2265 1827 2565 1902 siquidem
2597 1829 2852 1903 simplex
2872 1836 2930 1889 et
2950 1834 3347 1907 impassibilis
3373 1841 3477 1905 est,
3516 1852 3627 1893 nec
3670 1870 3677 1876 -

262 1928 382 1982 ὅλον
439 1928 626 2000 φθαρεν
679 1927 960 1989 πέπαυται,
1019 1923 1216 1980 ταύτης
1251 1915 1318 1977 δὴ
1373 1927 1472 1980 τῆς
1519 1917 1659 1978 ζωῆς
1710 1916 1868 1989 φθαρ-

2022 1933 2102 1972 im
2119 1917 2199 1973 ad
2215 1917 2332 1974 alia
2354 1918 2736 1990 transmigrat
2755 1928 3034 1994 corporat
3057 1941 3252 1999 neque
3272 1927 3468 2000 primo
3490 1942 3628 1983 con—

261 2027 366 2079 τῆς
409 2019 594 2081 οὔσης,
653 2016 723 2076 ὡς
770 2011 1059 2084 ὑπεθέμεθα
1113 2029 1204 2061 και
1247 2005 1353 2067 ἤδη
1409 2001 1677 2060 δέδεικται
1727 2025 1740 2038 θ
1782 2023 1867 2055 και

2022 2021 2200 2062 enera
2211 2021 2284 2062 ex
2295 2022 2418 2079 quo
2431 2023 2670 2078 egressa
2681 2013 2785 2080 est,
2806 2025 3001 2085 neque
3015 2011 3096 2070 ad
3107 2013 3223 2070 alia
3233 2013 3628 2088 quorumdam

261 2110 440 2159 τοίνυν
477 2103 534 2156 οῦ
591 2104 727 2154 κατά
773 2108 890 2152 νοῦν
957 2097 1129 2160 ἁπλῶς
1200 2101 1383 2168 ζῶμεν,
1455 2094 1582 2147 ἀλλὰ
1644 2100 1867 2152 νοοῦντες

2019 2094 2333 2150 nimalium
2356 2101 2413 2151 et
2431 2095 2929 2155 irrationabilium
2947 2105 3003 2156 et
3024 2102 3188 2159 nullo
3209 2101 3394 2160 modo
3414 2103 3467 2160 ci
3483 2120 3625 2160 con-

261 2195 324 2248 εὗ
391 2194 578 2266 ζῶμεν.
619 2198 724 2252 Τῆς
766 2185 825 2242 δὲ
882 2189 1212 2262 φθειρομένης
1275 2184 1462 2258 ψυχῆς
1497 2185 1544 2219 ⁵9
1572 2185 1686 2236 ἔστι
1750 2179 1867 2255 μᾶλ-

2023 2183 2369 2239 enientium.
2408 2187 2535 2240 Non
2558 2185 2718 2240 enim
2757 2186 2943 2242 ullum
2976 2205 3048 2245 ex
3085 2191 3180 2248 his
3219 2197 3382 2248 amat
3407 2210 3422 2260 ;
3447 2198 3504 2250 et
3520 2208 3629 2249 cur

262 2283 354 2336 λον
441 2281 598 2335 εἰπεῖν
653 2281 744 2330 καὶ
809 2282 903 2335 τὴν
983 2277 1318 2349 φθειρομένην
1375 2272 1504 2326 εἶναι
1554 2272 1602 2307 ⁶⁰
1679 2273 1868 2327 ταύτην

2023 2276 2229 2341 maret,
2265 2289 2403 2328 cum
2424 2272 2658 2330 nullum
2679 2291 2751 2330 ex
2771 2276 2868 2331 his
2895 2293 3090 2352 neque
3112 2279 3190 2336 ad
3209 2281 3497 2337 virtutum
3527 2297 3629 2338 ne-

266 2373 412 2434 ζωὴν
443 2388 455 2399 '
487 2377 606 2432 νοῦς
647 2363 706 2420 δὲ
735 2371 824 2419 καὶ
871 2367 900 2424 ἡ
956 2367 1092 2418 κατά
1144 2372 1324 2416 τοῦτον
1389 2361 1544 2434 ψυχὴ
1599 2365 1689 2413 καὶ
1741 2359 1872 2427 ζωὴ,

2026 2377 2101 2415 ue
2140 2360 2219 2416 ad
2257 2361 2552 2419 malitiam
2589 2363 3077 2422 deceatmentem
3096 2384 3232 2440 quae
3253 2369 3346 2425 his
3381 2369 3630 2444 disposi-

267 2463 537 2532 πεφυκότα
607 2460 916 2532 παραμένειν
982 2450 1140 2511 τήνδε
1227 2457 1321 2511 τὴν
1377 2451 1626 2524 ἁρμονίαν
1717 2450 1873 2524 ἡρμο-

2027 2448 2244 2505 onibus
2275 2449 2552 2523 adaptari
2579 2453 2720 2510 velit
2747 2451 2776 2508 ‘I
2805 2454 2956 2520 Quid
2987 2456 3146 2512 enim
3179 2460 3404 2532 proprii
3430 2465 3633 2531 ageret

276 2553 450 2620 σμένῳ
505 2554 577 2617 τῷ
620 2551 847 2618 σώματι,
905 2546 1264 2617 παραμένουσι
1322 2559 1657 2599 συνεστωσης
1693 2537 1872 2603 αὐτῆς,

2027 2554 2176 2608 iens,
2216 2539 2295 2594 ad
2310 2540 2799 2598 irrationabilium
2822 2548 3099 2603 naturam
3132 2545 3437 2620 depressa,
3468 2566 3539 2606 ac
3570 2549 3633 2606 in

278 2636 532 2696 λυθείσης
588 2631 645 2687 δὲ
689 2638 780 2686 καὶ
839 2632 996 2693 αὐτὸς
1044 2629 1323 2683 ἀπολυεται
1379 2630 1448 2698 ⁸⁸,
1499 2630 1661 2700 μηθὲν
1699 2625 1876 2679 παθὼν

2026 2623 2085 2682 la
2107 2623 2331 2697 degens
2372 2645 2386 2695 ;
2417 2628 2790 2702 impossibile
2833 2636 2921 2687 est
2983 2649 3281 2704 organum
3319 2637 3632 2710 quoddam

278 2723 547 2796 ἀκήρατος
577 2743 659 2784 τις
685 2726 775 2774 καὶ
809 2720 1014 2781 ἀπαθὴς
1053 2720 1141 2788 ὢν,
1190 2721 1281 2770 καὶ
1312 2717 1484 2769 οὐκέτι
1543 2718 1669 2788 πρὸς
1731 2715 1879 2789 ἕτερα

2029 2715 2149 2786 qud
2189 2714 2288 2772 illa
2325 2716 2598 2784 inveniri,
2632 2717 2710 2774 ab
2741 2719 2946 2777 anima
2963 2725 3225 2779 mentem
3256 2730 3314 2780 et
3342 2725 3635 2783 rationem

275 2811 574 2886 μεταϐαίνει
629 2819 730 2863 τῶν
799 2809 1052 2882 σωμάτων
1110 2807 1220 2859 οὗθ’
1275 2809 1491 2878 ὁμογενῆ
1557 2813 1630 2875 τῷ
1689 2807 1878 2876 πρώτῳ

2030 2801 2265 2874 abente,
2289 2806 2453 2878 quod
2478 2806 2842 2864 voluntatem
2860 2808 3126 2881 adjuvet.
3149 2811 3239 2868 Ad
3260 2813 3500 2886 plantas
3531 2831 3636 2871 au-

271 2905 369 2953 xui.
415 2897 474 2954 οὗ
518 2898 864 2972 ἐξεφοίτησεν,
931 2899 1048 2949 οῦτε
1107 2899 1237 2970 πρὸς
1289 2897 1436 2970 ἕτερα
1485 2895 1678 2967 θηρίων
1729 2897 1877 2944 τινῶν

2004 2909 2107 2948 .em
2146 2895 2457 2965 quomodo
2496 2895 2740 2953 abiret?
2777 2900 2931 2953 Num
2964 2903 3026 2954 ut
3056 2913 3158 2954 eas
3185 2902 3407 2958 nutriat
3454 2908 3610 2958 etau

272 2991 370 3040 καὶ
422 2986 640 3060 ἀλόγων,
695 2991 785 3039 καὶ
837 2981 1060 3059 μηδαμῆ
1136 2986 1302 3055 τούτῳ
1353 2986 1742 3057 προσηκόντων.
1802 2979 1878 3033 Οῦ

2031 2986 2123 3037 eat
2151 2982 2179 3036 ?
2192 2981 2295 3037 sed
2308 2983 2522 3039 barum
2541 2983 2756 3039 nullius
2773 2990 2861 3040 est
2872 2987 3172 3058 particeps
3201 3004 3398 3061 neque
3415 3006 3633 3047 amans

271 3079 379 3150 γὰρ
413 3074 503 3150 ἐρᾷ
537 3077 732 3128 τούτων
779 3071 983 3134 οὐδενός
1039 3083 1055 3104 ⁸
1092 3073 1122 3132 ἣ
1176 3077 1314 3133 τίνος
1359 3071 1520 3124 ἕνεκεν
1575 3074 1708 3143 μήτε
1756 3071 1877 3168 πρὸς

2031 3069 2194 3125 nima
2223 3071 2652 3140 magnitudinis
2694 3087 2908 3144 expers
2966 3079 3023 3130 et
3073 3075 3424 3148 intelligens.
3472 3075 3637 3135 Unde

273 3151 488 3240 ἀρετὴν,
540 3169 672 3238 μήτε
719 3166 848 3238 πρὸς
891 3165 1077 3214 κακίαν
1129 3161 1459 3235 ἁρμοζόντων
1525 3159 1692 3211 αὐτῶν
1747 3155 1879 3230 βου-

2033 3162 2190 3211 utem
2209 3157 2430 3229 plantis
2465 3159 2580 3214 vita
2605 3160 2634 3214 ?
2659 3157 2790 3215 Alia
2826 3159 2928 3216 illa
2965 3162 3183 3218 animus
3232 3165 3481 3237 species,
3511 3183 3633 3225 non

271 3253 475 3326 λομένῳ
535 3257 657 3326 περὶ
707 3253 797 3312 τὰς
855 3247 1116 3310 διαθέτεις
1163 3252 1359 3310 ταύτας
1409 3248 1780 3323 ἁρμόζεσθαι;
1818 3249 1877 3297 Ti

2035 3245 2222 3311 adem,
2255 3261 2450 3318 neque
2481 3247 2840 3303 conveniens
2878 3255 2982 3306 aut
3019 3251 3408 3310 sentientibus
3435 3257 3641 3315 anima

273 3346 386 3418 γὰρ
449 3341 508 3394 ἂν
569 3341 754 3394 οἰκεῖον
819 3345 910 3392 καὶ
961 3337 1152 3414 πράξοι
1203 3346 1341 3405 νοῦς,
1397 3336 1593 3408 ἀλόγων
1649 3335 1879 3408 εμπεσὼν

2034 3334 2148 3390 bus
2179 3338 2282 3391 aut
2311 3335 2946 3410 mentisparticipibus.
2977 3343 3167 3413 Atque
3195 3341 3374 3414 igitur
3394 3345 3446 3401 si
3466 3347 3556 3402 vis
3579 3347 3640 3404 in

279 3433 459 3505 φύσει,
521 3435 612 3482 καὶ
675 3431 839 3503 ταύτῃ
907 3423 1353 3499 ἐνδιαιτώμενος;
1404 3425 1516 3478 Οὐκ
1580 3427 1720 3477 ἔστιν
1773 3419 1884 3474 οὐδ’

2036 3439 2100 3480 ιιθ.
2123 3423 2226 3479 illa
2261 3423 2527 3480 dividere
2547 3441 2789 3481 omnem
2819 3427 3087 3484 animam
3104 3445 3174 3486 ac
3195 3431 3401 3504 vitam,
3421 3450 3642 3510 nempe

278 3520 508 3592 ὀργάνου
536 3521 672 3578 τινός
708 3523 890 3590 τυχεῖν
945 3515 999 3578 ἐξ
1037 3513 1226 3582 αὐτῶν,
1277 3513 1465 3586 ψυχῆς
1506 3519 1624 3566 νοῦν
1657 3512 1884 3585 ἐχούσης

2039 3519 2274 3584 lentem,
2305 3529 2551 3570 sensum
2563 3515 2871 3588 vitamque
2883 3533 3018 3574 eam
3035 3535 3169 3592 quae
3189 3521 3250 3577 in
3266 3522 3486 3596 plantis
3521 3527 3645 3582 ani-

278 3613 380 3661 xu‘t
405 3608 576 3679 λόγον,
619 3605 1088 3679 ἐξυπηρετουμένου
1121 3602 1472 3677 βουλήμασιν,
1502 3603 1624 3654 Ἐπὶ
1655 3597 1712 3655 δὲ
1751 3602 1884 3673 φυτὰ

2040 3601 2401 3673 iadvertitur,
2439 3609 2595 3659 recte
2611 3602 2862 3660 divides.
2882 3609 2948 3662 Et
2973 3607 3134 3664 hunc
3186 3611 3439 3669 modum
3459 3614 3646 3672 habet

281 3704 400 3757 πῶς
427 3696 488 3748 ἂν
516 3701 605 3748 καὶ
628 3693 862 3768 ἀφίκοιτο
893 3709 907 3760 ;
946 3693 976 3752 ἣ
1019 3693 1102 3744 ἶνα
1142 3691 1306 3767 θρέψῃ
1354 3691 1470 3764 (21)
1519 3697 1608 3743 καὶ
1639 3689 1844 3762 αὐξήσῃ
1871 3705 1885 3756 ;

2037 3690 2194 3746 mnis
2231 3690 2308 3746 de
2374 3691 2578 3748 anima
2640 3692 2851 3749 oratio.
2907 3697 3110 3769 Neque
3163 3697 3382 3756 mirum
3442 3707 3532 3760 est
3573 3703 3641 3768 si,

279 3785 428 3839 Ἀλλ’
474 3780 685 3846 οὐδενός
721 3785 914 3836 τούτων
953 3783 1071 3834 οὔτε
1100 3785 1331 3854 μετέχει,
1359 3780 1468 3832 οὔτ’
1520 3781 1658 3832 ἔστιν
1699 3777 1885 3852 ἐρῶσα,

2038 3779 2518 3850 quemadmodum
2549 3781 2701 3836 inter
2741 3797 2805 3837 se
2845 3787 3314 3859 communicant,
3347 3794 3404 3846 et
3428 3791 3644 3848 animae

278 3874 445 3947 ψυχὴ
479 3873 729 3948 ἀμεγέθης
757 3876 848 3924 καὶ
877 3873 1050 3946 νοερά.
1104 3872 1266 3923 Πόθεν
1303 3866 1363 3922 δὲ
1424 3875 1600 3943 φυτοῖς
1652 3868 1884 3943 ἑτέρωθεν

2042 3884 2224 3924 omen
2252 3869 2659 3937 unaretinent,
2683 3869 2766 3926 ita
2793 3876 2849 3927 et
2863 3873 3124 3944 primam
3145 3877 3548 3935 etsecundam
3575 3897 3647 3938 ac

279 3965 352 4016 τὸ
379 3963 474 4036 ζῇν
505 3979 520 4030 ;
547 3961 702 4016 ’Ἄλλο
749 3960 934 4032 ψυχῆς
962 3958 1114 4012 πάλιν
1136 3955 1273 4021 εἶδος
1325 3966 1497 4027 τοῦτο,
1551 3954 1717 4030 μηδὲν
1756 3976 1885 4029 συμ-

2043 3958 2231 4014 :rtiam
2258 3973 2360 4014 eas
2380 3958 2711 4029 cogitemus
2744 3975 2758 4026 ;
2787 3965 2844 4016 et
2881 3961 3028 4018 alias
3061 3963 3308 4036 quidem
3378 3967 3531 4024 inter
3585 3986 3649 4027 se

282 4051 486 4117 ϐαίνον,
524 4047 664 4124 μηδὲ
689 4053 896 4120 ταυτὸν,
944 4049 1067 4123 μήτ’
1099 4049 1492 4122 αἰσθανομένοις
1529 4047 1654 4109 ὅλως
1713 4047 1888 4113 ζώοις,

2044 4047 2346 4102 nmediate
2375 4049 2846 4117 communicare,
2878 4050 3027 4106 alias
3064 4067 3208 4109 vero
3251 4053 3511 4113 mediate
3543 4073 3650 4130 per

281 4146 423 4217 μήτε
457 4145 822 4214 μετεσχηκόσι
848 4159 987 4200 νοος.
1044 4143 1145 4192 Καὶ
1177 4147 1303 4211 γοῦν
1353 4138 1398 4190 εἰ
1436 4135 1613 4211 βούλει
1662 4135 1734 4198 εἰς
1771 4140 1887 4209 τρία

2045 4153 2104 4192 as
2138 4151 2275 4209 quae
2313 4135 2490 4208 longe
2518 4140 2656 4192 sunt
2692 4152 2890 4212 neque
2916 4139 3057 4210 ipsis
3074 4143 3384 4214 proximae.
3432 4146 3651 4204 Anima

279 4238 460 4284 ταῦτα
499 4226 762 4284 διελέσθαι
803 4228 1008 4300 ψυχὴν,
1042 4235 1216 4281 πᾶσαν
1270 4231 1360 4279 καὶ
1410 4227 1570 4294 ζωὴν,
1626 4233 1744 4277 νοῦν
1793 4221 1885 4282 δη-

2047 4224 2163 4280 nim
2200 4223 2553 4296 intelligens,
2579 4226 2814 4298 prima;
2846 4243 2966 4284 non
2998 4233 3202 4286 autem
3231 4247 3302 4287 eo
3321 4232 3456 4305 ipso
3484 4235 3653 4308 quod

279 4319 466 4373 λονότι
493 4323 583 4371 καὶ
622 4319 873 4377 αἴσθησιν
912 4321 1002 4369 καὶ
1031 4321 1125 4375 τὴν
1157 4318 1416 4391 ὁρωμένην
1459 4314 1508 4367 ἐν
1547 4321 1654 4376 τοῖς
1693 4321 1885 4386 φυτοῖς,

2050 4313 2207 4368 nima
2244 4317 2332 4369 est
2357 4330 2372 4381 ;
2397 4313 2697 4388 siquidem
2729 4315 3066 4373 secundum
3094 4317 3210 4375 hoc
3234 4335 3359 4376 non
3402 4322 3656 4383 aliama-

283 4409 463 4483 ὀρθῶς
513 4405 574 4459 ἃν
644 4403 855 4468 διὲλοις.
927 4409 1026 4462 Καὶ
1075 4413 1256 4457 τοῦτον
1318 4406 1432 4476 ἔχει
1482 4406 1568 4456 τόν
1619 4421 1808 4476 τρόπον
1869 4403 1889 4454 ό

2049 4402 2118 4467 is,
2148 4401 2266 4458 alia
2295 4401 2496 4458 minus
2512 4420 2525 4472 ;
2540 4417 2752 4459 omnes
2777 4405 2937 4460 enim
2958 4406 3264 4481 aequaliter
3284 4411 3498 4468 animae
3517 4415 3655 4472 sunt

281 4465 410 4572 περὶ
439 4465 627 4568 ψυχῆς
662 4465 965 4568 λόγος-πᾶς.
1003 4491 1160 4546 Ἐστι
1199 4489 1251 4545 δ’
1289 4465 1440 4545 οὐδὲν
1503 4465 1690 4558 δεινόν,
1723 4493 1887 4567 ὥσπερ

2049 4465 2117 4546 ed
2152 4490 2297 4564 quia
2325 4465 2576 4563 simplex
2607 4497 2698 4548 est
2727 4497 2782 4549 et
2811 4465 3051 4568 semper
3076 4497 3221 4554 vivit
3241 4465 3655 4572 εἷοᾶςίιεῖιῖέ

283 4589 388 4638 καὶ
416 4585 465 4620 δ’
501 4591 834 4636 κοινωνοῦσιν
891 4581 1136 4643 ἀλλήλαις
1181 4586 1268 4634 καὶ
1308 4587 1400 4632 τοῦ
1456 4579 1617 4632 αὐτοῦ
1668 4599 1889 4653 συμμετ-

2051 4583 2260 4635 ertinet
2287 4579 2365 4634 ad
2403 4579 2670 4652 primum
2690 4581 3048 4656 principium
3087 4589 3144 4642 et
3189 4591 3438 4646 naturas
3478 4606 3548 4647 ac
3568 4591 3656 4648 in-

287 4678 490 4747 ἐχουσι
537 4673 722 4746 ψυχῆς
783 4671 1052 4745 ὀνόματος,
1094 4671 1228 4723 οὕτω
1285 4666 1352 4728 δὴ
1407 4673 1498 4722 καὶ
1552 4675 1759 4742 πρωτην
1809 4673 1893 4722 καὶ

2051 4668 2272 4724 allectus
2301 4668 2405 4741 qui
2431 4669 2586 4726 circa
2615 4669 2762 4726 illud
2784 4677 2942 4728 sunt.
2987 4675 3297 4732 Secundus
3351 4683 3551 4734 autem
3568 4686 3657 4738 est

290 4759 543 4836 δευτέραν
602 4767 693 4816 καὶ
747 4767 929 4836 τρίτην
984 4762 1176 4820 ταύτας
1265 4765 1395 4812 νοεῖν
1431 4779 1445 4792 ·
1478 4763 1568 4812 καὶ
1653 4761 1744 4820 τὰς
1808 4761 1896 4832 μὶν

2051 4774 2225 4815 ensus
2255 4763 2312 4813 et
2340 4773 2475 4832 quas
2501 4759 2836 4816 secundum
2862 4778 3002 4819 cum
3023 4768 3111 4820 est
3164 4765 3388 4836 anima,
3434 4773 3582 4840 quia
3601 4777 3657 4831 et

1673 4883 1898 4953 Varia;
1944 4884 2292 4952 lectiones.

292 5007 352 5042 δι’
371 5009 484 5068 νοός
520 5007 647 5062 Vat.
723 5005 772 5040 ⁵⁵
813 4999 873 5056 δὲ
909 5005 1036 5074 Vat.
1111 5003 1182 5074 §°_
1216 5003 1317 5060 ὅπη
1358 5000 1489 5074 Vat.
1563 5001 1612 5074 5"
1643 5001 1898 5074 enimid/8

2051 5001 2097 5074 βε
2151 5003 2264 5073 ἔχει
2307 5007 2422 5069 τοῦ,
2449 5002 2510 5054 τὸ
2564 4996 2615 5053 δ’
2654 4997 2785 5054 εἶναι
2833 5003 2959 5060 Vat.
2991 5003 3039 5039 ⁸⁸
3072 5004 3243 5062 Vind.
3285 5005 3445 5064 male
3497 5009 3657 5074 ζωῆς.

291 5079 352 5115 ⁵ο
390 5077 576 5133 emiss
597 5077 661 5134 in
689 5075 862 5132 Vind.
937 5075 982 5110 ⁶¹
1017 5072 1322 5127 ἀπολέλυται
1355 5073 1487 5129 Vat.
1563 5073 1612 5110 ⁸³
1641 5077 1732 5124 καὶ
1761 5072 1897 5130 abes

548 5094 576 5132 s
597 5077 661 5134 in
689 5075 862 5132 Vind.
937 5075 982 5110 ⁶¹
1017 5072 1322 5127 ἀπολέλυται
1355 5073 1487 5129 Vat.
1563 5073 1612 5110 ⁸³
1641 5077 1732 5124 καὶ
1761 5072 1992 5130 abesta
2027 5073 2154 5128 Vat.

1885 5195 2106 5264 Notae.

382 5323 502 5408 .(20)_
523 5325 602 5380 De
631 5323 871 5408 ὀχήματι
898 5322 1085 5408 φυχῆς
1126 5321 1248 5408 νὶιίἒ
1275 5320 1798 5408 Wyt‘tenbachzad‘
1811 5320 1953 5378 Plat.
2065 5320 2128 5408 in
2148 5320 2439 5408 Aristotel.
2458 5322 2540 5379 De
2555 5319 2798 5408 Azznipza,
2821 5321 2864 5408 1.,
2888 5339 2943 5380 a.
2961 5326 3102 5408 una,
3120 5325 3182 5394 b,
3206 5327 3466 5408 indeque
3491 5335 3658 5408 apud

301 5391 601 5471 Phaedon.
628 5391 701 5467 pf
723 5391 859 5471 3_l_7.
896 5391 1186 5451 Caeterum
1230 5394 1327 5450 hic
1346 5391 1742 5449 'Nathanaelis
1781 5392 1907 5448 locu

2068 5392 2315 5471 Suidam
2345 5393 2422 5471 u_,_
2476 5409 2536 5471 p_.
2598 5391 2865 5471 354_:_A.a_
2889 5401 2980 5471 xui
3008 5391 3177 5461 θείως
3205 5391 3446 5471 (δερ-τείως
3495 5391 3659 5464 s‘uid.

305 5463 676 5550 depravatu's
706 5465 958 5550 videtur.
1125 5536 1141 5550 ‘
1216 5536 1226 5547 _
1337 5535 1381 5550 L
1436 5533 1447 5546 ,
1710 5537 1797 5550 74‘
1878 5549 1882 5550 ν

2063 5463 2357 5550 probante
2380 5463 2654 5550 Ku‘stero)
2699 5464 2868 5550 λίανό
2910 5463 3392 5550 ΠλωτίνοςΙέἶπενκ
3423 5463 3494 5537 ὡς
3548 5463 3664 5530 ὅσοι

382 5533 498 5619 (ἓξ)
527 5540 924 5619 Οοῃᾷιιηοιιιῌ]
953 5551 1093 5619 cum
1125 5536 1308 5619 hujus
1337 5533 1452 5591 loci
1481 5537 1835 5619 argumento
1865 5538 1957 5591 est

2063 5533 2304 5608 ἔμμανῶς
2328 5537 2489 5619 ’κατά
2559 5533 2678 5619 τὰς,
2719 5537 3016 5619 enauimus
3057 5537 3307 5616 δυνάμεις
3349 5533 3663 5619 ’ἐνεργοῦσιν

382 5551 498 5622 (ξι)
527 5551 924 5618 (λοιῃιωοιιιω
953 5551 1093 5620 cum
1125 5551 1308 5607 nuJus
1337 5551 1452 5591 ioci
1481 5551 1835 5662 argumento
1865 5551 1912 5590 es

306 5609 582 5682 lepidum
600 5609 828 5666 dictum
843 5607 1056 5664 Plotini
1073 5608 1238 5680 apud
1251 5609 1546 5664 Joannem
1597 5604 1912 5678 hiloponui

1535 5551 1835 5590 rumenw
1865 5551 1957 5591 θεῖ
2063 5551 2304 5608 εμμανως
2353 5553 2489 5587 κατα
2559 5554 2654 5598 τας
2719 5551 2997 5610 υρεπτικᾱς
3057 5551 3141 5592 d‘m

1535 5551 1956 5678 1%hiloponum
2061 5615 2206 5659 οῦτοι
2229 5603 2624 5662 κινδυνεύουσιν
2654 5603 3141 5683 ἀποδενδρωθῆναε.
