4066 6212
602 268 737 337 1413
1786 289 1799 300 ·
1945 257 2208 334 mi:st

2224 256 2319 331 u’u
2346 260 2609 332 cauum
3732 298 3830 356 ,με

598 404 861 477 primam
890 402 1046 476 capit
1072 406 1127 459 et
1152 400 1204 458 ei
1235 400 1388 458 uniri
1412 404 1613 475 potest
1650 406 1707 461 et
1759 400 2156 471 commisceri,
2190 414 2204 455 ι

2228 404 2247 456 ι
2276 402 2323 456 Α
2355 397 2559 472 ἀμέσως
2606 399 2835 460 ἀλλήλων
2860 408 3136 469 κοινωνεῖν,
3181 404 3267 465 τὰς
3316 399 3371 457 δὲ
3415 400 3499 459 διὰ
3543 418 3625 463 τῶν
3656 414 3694 468 ἐν
3729 426 3834 491 μέσοι

600 508 739 550 cum
778 509 847 550 ea
877 491 1127 565 operari.
1161 492 1350 549 Tertia
1368 508 1509 549 vero
1549 497 1637 550 est
1664 492 1948 566 ponenda
1975 508 2107 565 quae
2132 505 2206 546 nu

2226 520 2245 533 -
2352 497 2451 540 τῶν
2495 488 2671 566 ποῤῥω
2721 511 2810 544 και
2858 493 2981 545 ὅσαι
3023 496 3127 566 μὴν
3174 492 3463 565 ἐγγίζουσιν
3509 500 3675 563 αὐταῖς,
3716 488 3832 581 Ψυχὴ

597 583 845 640 tritionis
875 581 1257 638 solummodo
1285 587 1371 638 est
1396 598 1609 655 capax.
1638 584 1693 641 Si
1711 588 1915 640 autem
1940 587 1995 638 et
2028 596 2203 637 sensu

2229 596 2245 635 ³
2351 579 2440 650 μὲν
2495 583 2598 653 ,γάρ
2648 583 2798 654 νοερά
2863 588 3068 658 πρώτη,
3141 582 3235 635 ούκ
3295 584 3412 637 αύτὸ
3457 583 3509 640 δὲ
3548 599 3688 660 τοῦτο,
3726 579 3835 649 τοι³

599 677 654 728 et
681 671 860 743 hujus
872 687 1004 743 quae
1021 676 1249 727 tantum
1264 670 2205 745 nutritestaliquidintermedium

2229 708 2242 735 ,
2352 663 2480 721 εἶναι
2534 668 2712 741 ψυχή.
2748 671 2888 725 Ἐπει
2939 673 3074 725 κατά
3124 691 3184 745 γε
3238 681 3383 726 τοῦτο
3402 674 3496 747 ούχ
3524 680 3549 736 η
3579 683 3835 754 pagana,

593 760 1007 832 imperfectum
1046 759 1292 833 quidem
1320 765 1408 816 est
1434 761 1640 834 quoad
1674 778 1920 818 sensum
1950 766 2199 833 etparur

2230 776 2241 812 ι
2350 757 2379 814 ἡ
2416 753 2468 809 δ’
2516 758 2669 815 ἧττον
2703 777 2715 788 ’
2744 766 2913 813 πᾶσαι
2965 764 3064 836 γὰρ
3119 760 3254 824 ἰξίου
3283 762 3451 835 ψυχαί
3487 783 3498 795 ·
3529 765 3619 819 ἀλλ’
3651 772 3716 823 ὅτι
3745 771 3836 833 im}.

593 847 774 920 hujus
802 848 1055 916 habens,
1088 848 1385 921 reliquum
1414 865 1593 906 omne
1622 856 1709 906 est
1734 851 1906 921 juxta
1947 849 2183 921 plantas

2230 861 2240 912 ;
2347 863 2525 920 ρατος,
2556 866 2647 899 και
2674 846 2756 901 ἀεὶ
2789 848 2853 922 ζῇ
2901 869 2989 903 xm
3042 854 3145 903 νοεί
3182 869 3271 903 και
3298 857 3512 923 γνησίως
3546 858 3641 927 ἔχει
3662 864 3761 933 πρὸς
3798 868 3836 916 τὸ

593 941 771 1011 atque
809 938 890 995 ita
919 938 1337 995 intermedium
1370 940 1726 997 nonnullam
1749 939 2199 996 communione:

2232 956 2239 991 ι
2347 944 2550 1007 πρῶτον
2577 940 2762 1006 αἴτιον,
2790 943 2882 991 καί
2931 958 2991 1009 γε
3036 942 3126 1001 τὰς
3178 945 3296 1016 περί
3357 942 3473 994 αύτό
3501 946 3543 979 ⁶⁸
3593 950 3741 1017 φύσεις
3779 971 3838 1005 και

592 1043 721 1084 esse
750 1026 892 1085 facit
927 1028 1078 1084 inter
1104 1028 1476 1085 sensibilium
1504 1035 1785 1086 naturam
1817 1034 1874 1085 et
1904 1029 2089 1084 vitam
2131 1041 2198 1081 Ill

2234 1055 2240 1064 -
2346 1026 2542 1096 νοερᾶς.
2628 1030 2849 1102 Δευτέρα
2923 1023 2974 1080 δ’
3041 1031 3289 1090 αἴσθησις
3343 1050 3429 1083 και
3475 1033 3502 1090 ἡ
3552 1038 3668 1087 κατὰ
3704 1041 3840 1098 ταύτην

590 1118 863 1174 tritorum
889 1122 1120 1173 tantum
1150 1122 1206 1173 et
1232 1118 1648 1175 crescentium.
1690 1120 1772 1176 Sit
1817 1117 1994 1189 igitur
2023 1116 2193 1173 etillu

2235 1163 2240 1170 _
2346 1113 2523 1187 ψυχὴ,
2566 1114 2654 1169 ἅτε
2685 1113 2754 1176 δὴ
2782 1137 2872 1170 και
2903 1114 3117 1179 δεκτικὴ
3151 1121 3199 1155 ⁵⁵
3247 1128 3338 1181 τῆς
3385 1128 3589 1197 πρώτης,
3636 1144 3709 1178 και
3734 1124 3841 1183 δυνα-

588 1212 646 1263 et
672 1206 905 1263 dicatur
942 1212 1160 1279 quartae
1191 1208 1401 1264 animae
1424 1210 1669 1281 species.
1698 1211 1783 1264 Ac
1811 1208 1987 1280 igitur
2018 1206 2103 1262 sic
2123 1205 2194 1262 ali

2234 1249 2241 1262 ,
2346 1206 2469 1275 μένη
2528 1208 2925 1278 συμμίγνυσθαι
3012 1210 3199 1281 ταύτῃ,
3265 1228 3351 1261 και
3431 1219 3840 1288 συνανακεκράσθαι,

589 1297 794 1353 anima
822 1296 899 1353 ab
930 1296 1047 1353 alia
1069 1296 1435 1370 dependens,
1463 1313 1615 1370 quae,
1669 1314 1808 1354 cum
1868 1313 2107 1353 sursum
2144 1295 2191 1350 si

2234 1342 2235 1351 γ
2345 1296 2434 1344 καὶ
2488 1293 2598 1366 μετ’
2633 1294 2796 1356 αύτῆς
2844 1294 3082 1372 ἐνεργεῖν.
3134 1300 3327 1375 Τρίτην
3383 1295 3440 1353 dt
3489 1300 3654 1370 θετέον,
3701 1315 3840 1377 τροφῶν

583 1385 662 1443 ad
676 1384 950 1443 inﬁmam
965 1384 1272 1441 descendit
1299 1402 1370 1443 ea
1396 1389 1543 1442 serie
1580 1388 1760 1458 hujus
1787 1385 2189 1459 participatior

2232 1404 2238 1437 ι
2344 1386 2496 1461 μόνον
2550 1381 2913 1444 ἀντιληπτικὴν
2942 1387 3077 1458 (2‘2).
3110 1387 3169 1440 Εἰ
3200 1383 3261 1440 δέ
3284 1406 3342 1460 γε
3385 1394 3470 1441 καὶ
3504 1390 3757 1455 αἰσθήσεως
3783 1400 3838 1447 καὶ

587 1480 645 1531 et
668 1475 1111 1537 communione.
1147 1480 1202 1530 et
1233 1490 1303 1530 ea
1326 1491 1531 1530 rursus
1561 1491 1633 1531 ex
1679 1475 1956 1531 inferiore
2002 1473 2135 1530 loco
2158 1489 2192 1529 a

2234 1521 2237 1528 _
2345 1470 2503 1532 αὐτῆς
2534 1469 2601 1531 δή
2642 1476 2839 1536 ταύτης
2876 1482 2970 1535 τῆς
3016 1476 3291 1548 θρεπτικῆς
3339 1480 3473 1530 ἔστιν
3531 1479 3675 1553 ἕτερον
3717 1487 3840 1552 μέσον,

587 1564 847 1636 primam
872 1563 1157 1628 ascendit,
1192 1563 1401 1618 mediis
1451 1562 1787 1635 adhaerens,
1851 1579 1956 1636 per
2014 1578 2193 1635 easqu

2345 1559 2507 1623 ἀτελὲς
2556 1564 2646 1635 μὲν
2696 1566 2789 1621 τὴν
2851 1565 3101 1621 αἴσθησιν
3139 1571 3230 1619 καὶ
3274 1565 3439 1638 ὀλίγον
3482 1567 3624 1627 αὐτῆς
3671 1576 3842 1642 μετέχον,

588 1668 831 1708 sursum
861 1652 1002 1722 lata,
1026 1652 1107 1708 ita
1133 1652 1408 1708 utomnis
1433 1650 1530 1707 hic
1574 1652 1839 1707 mundus
1897 1656 2100 1707 motus
2165 1667 2194 1707 a

2342 1653 2399 1701 τὸ
2456 1647 2514 1703 δὲ
2561 1651 2737 1704 λοιπὸν
2785 1653 2832 1688 ⁸⁸
2888 1652 3025 1706 ἅπαν
3082 1658 3218 1707 κατὰ
3244 1658 3310 1707 τὰ
3337 1657 3467 1728 φυτά
3495 1674 3506 1687 '
3534 1662 3613 1710 καὶ
3654 1658 3761 1711 οὕτω
3800 1656 3843 1718 δὴ

585 1742 716 1799 vita:
740 1742 1058 1815 particeps,
1090 1742 1200 1797 sibi
1222 1742 1343 1814 ipsi
1374 1743 1770 1814 consentiens,
1800 1758 2042 1797 sursum
2076 1757 2188 1814 asp

2268 1755 2312 1808 Β
2342 1748 2629 1813 μεσιτεύον,
2703 1741 2797 1794 ούκ
2878 1740 3218 1802 ἀκοινώνητον
3285 1745 3526 1806 παντελῶς
3592 1742 3699 1799 εἶναι
3756 1756 3848 1800 ποιεῖ

587 1833 721 1902 ciat,
748 1832 994 1887 minime
1021 1847 1056 1887 ει
1085 1831 1281 1903 prima
1312 1833 1824 1903 causa'separatus
1854 1846 2049 1903 neque
2075 1831 2193 1887 illm

2341 1832 2435 1888 τὴν
2492 1838 2591 1882 τῶν
2631 1830 3013 1903 αἰσθανομένων
3077 1834 3231 1904 φύσιν
3274 1838 3404 1909 πρὸς
3448 1839 3536 1893 την
3584 1833 3626 1886 ἐν
3656 1843 3740 1897 τοῖς
3774 1854 3850 1909 τρε-

582 1937 851 1978 amorem
882 1920 1119 1977 solvens
1153 1936 1350 1992 neque
1381 1919 1696 1992 impetum,
1764 1920 2049 1977 omnibus
2102 1922 2188 1993 eju

2343 1922 2574 1991 φομένοις
2626 1924 2779 1992 μόνον
2843 1924 2933 1973 καὶ
2999 1919 3366 1995 αὐξανομένοις
3426 1926 3573 1986 ζωήν.
3628 1921 3766 1977 Ἐστω
3805 1922 3846 1982 δή

583 2011 857 2085 partibus
892 2009 1049 2067 hanc
1080 2009 1339 2082 primam
1372 2024 1624 2066 causam
1649 2027 1717 2067 ac
1751 2011 1924 2066 unice
1947 2010 2189 2067 exsisten

2342 2004 2429 2061 οὖν
2469 2013 2748 2061 καὶτοῦτο
2804 2013 2895 2062 καὶ
2950 2009 3175 2082 λεγέσθω
3236 2016 3470 2075 τέταρτον
3520 2009 3643 2073 εἶδος
3685 2012 3849 2085 ψυχῆς·

585 2105 704 2156 tem
724 2099 1187 2172 requirentibus.

2342 2104 2432 2151 καὶ
2468 2105 2593 2170 γοῦν
2633 2098 2767 2150 οὕτω
2804 2096 2959 2171 ψυχὴ
3008 2098 3195 2172 ψυχῆς
3250 2100 3405 2162 ἄλλης
3456 2100 3573 2159 ἄλλη
3621 2121 3849 2176 προσηρτη·

583 2193 705 2262 μένη
759 2191 826 2256 6⁷,
887 2191 916 2249 ἦ
975 2207 1029 2241 τε
1079 2190 1183 2241 ἄνω
1221 2190 1454 2241 κάτεισιν
1512 2186 1595 2241 ἐπὶ
1650 2192 1742 2247 τὴν
1795 2188 2053 2251 παντελῶς
2110 2189 2272 2259 κάτω,
2328 2197 2389 2263 τῇ
2432 2196 2532 2240 τῶν
2589 2185 2769 2259 ἐφεξῆς
2818 2188 3016 2260 μεθέξει
3066 2194 3155 2241 καὶ
3198 2193 3457 2263 κοινωνίᾳ,
3518 2195 3601 2244 καὶ
3638 2192 3743 2250 αὕτη
3784 2193 3851 2243 τά·

580 2278 659 2332 λιν
712 2275 776 2333 αὖ
834 2280 1057 2331 κάτωθεν
1129 2280 1324 2330 ἄνεισιν
1393 2276 1476 2331 ἐπὶ
1534 2282 1629 2336 τὴν
1678 2283 1907 2351 πρώτην,
1970 2278 2252 2351 ἐξαφθεῖσα
2305 2287 2404 2331 τῶν
2464 2280 2634 2349 μέσων
2689 2281 2778 2329 καὶ
2837 2273 2910 2328 δι’
2969 2277 3136 2329 αύτῶν
3192 2281 3389 2331 τούτων
3445 2278 3757 2351 ἀνενεχθεῖσα,
3807 2282 3850 2341 ὡς

584 2369 644 2422 ἂν
705 2366 773 2427 δὴ
832 2373 921 2421 καὶ
981 2369 1006 2419 ὁ
1072 2374 1175 2429 πᾶς
1240 2372 1435 2441 κόσμος
1488 2364 1634 2429 οὗτος
1697 2373 1785 2420 καὶ
1833 2374 2078 2431 κινήσεως
2148 2373 2239 2421 καὶ
2310 2368 2446 2429 ζωῆς
2496 2371 2750 2439 μετέχων,
2808 2369 3073 2420 συννεύσει
3121 2371 3251 2441 πρὸς
3311 2369 3487 2421 ἑαυτὸν
3536 2371 3631 2422 ἅνω
3678 2366 3732 2429 δὴ

582 2478 668 2512 πει
725 2459 771 2493 ⁵⁸
811 2466 909 2519 τῆς
953 2461 1158 2532 πρώτης
1206 2456 1378 2519 αἰτίας
1435 2453 1677 2529 οὐδαμῶς
1736 2455 2044 2532 ἀπερρωγὼς
2095 2455 2229 2530 (23),
2292 2453 2415 2510 οὐδὲ
2466 2460 2551 2508 τὸν
2611 2457 2657 2492 ⁸9
2702 2459 2831 2529 πρὸς
2880 2456 3030 2508 αὐτὸν
3089 2454 3137 2508 ἐν
3185 2453 3362 2511 οὐδενὶ
3434 2459 3699 2519 καταλύσας
3738 2462 3851 2533 ἔρωτα

582 2544 704 2601 οὐδὲ
755 2565 815 2618 γε
867 2550 959 2605 τὴν
1014 2548 1202 2618 ἔφεσιν,
1271 2546 1475 2598 πάντων
1513 2554 1612 2597 τῶν
1677 2548 1924 2599 τοιούτων
1993 2554 2159 2620 μερῶν
2224 2544 2415 2600 ἐκείνου
2481 2542 2550 2605 δὴ
2598 2552 2688 2599 τοῦ
2744 2550 2952 2621 πρώτου
3008 2551 3098 2599 καὶ
3143 2552 3297 2620 μόνον
3357 2552 3498 2611 ὄντος
3542 2547 3766 2623 ἐφιεμένων
3802 2548 3849 2603 το.

650 2641 701 2693 3.
734 2638 813 2692 De
838 2635 1041 2691 anima
1070 2633 1315 2707 quidem
1341 2639 1398 2690 et
1417 2635 1547 2704 ejus
1587 2634 1901 2707 speciebus
1952 2636 2093 2691 satis
2141 2635 2229 2692 di-

2404 2634 2478 2707 7'.
2525 2634 2599 2687 Ού
2634 2640 2736 2709 μὴν
2790 2634 2918 2688 ἀλλὰ
2968 2641 3087 2710 περὶ
3138 2636 3331 2709 ψυχῆς
3381 2641 3470 2711 μὲν
3523 2644 3607 2691 χαὶ
3650 2645 3729 2690 τῶν
3766 2638 3849 2689 ταύ.

579 2730 740 2783 ctum
763 2728 851 2781 est
882 2729 977 2791 ;et
1002 2723 1163 2797 quod
1192 2724 1308 2780 alia
1328 2724 1574 2797 quidem
1636 2728 1725 2781 est
1779 2722 2117 2795 intelligens
2172 2740 2185 2780 ι

2333 2744 2425 2787 της
2454 2721 2605 2778 εἱδῶν
2636 2729 2839 2798 εἴρηται
2888 2742 2900 2755 ·
2933 2730 3023 2779 καὶ
3051 2726 3131 2780 ὅτι
3196 2730 3253 2779 τὸ
3309 2728 3400 2801 μεν
3467 2727 3622 2780 αύτῶν
3656 2730 3789 2801 νοερὸν
3816 2725 3849 2777 ira

581 2814 836 2888 simplex
866 2818 921 2870 et
949 2812 1335 2879 immortalis;
1368 2813 1498 2869 aliae
1521 2828 1661 2870 vero
1696 2814 2131 2886 compositione
2150 2830 2187 2869 e;

2333 2819 2422 2867 καὶ
2473 2812 2663 2867 ἁπλοῦν
2725 2812 2839 2868 ἐστι
2889 2820 2979 2867 καὶ
3028 2814 3283 2869 ἀθάνατον
3323 2817 3394 2888 ⁷³,
3446 2818 3514 2870 τὰ
3551 2815 3599 2870 δ’
3632 2815 3680 2868 ἐκ
3720 2817 3850 2869 συνεέ-

576 2905 744 2962 fectaa
772 2908 828 2959 et
852 2901 1221 2974 corruptioni
1259 2906 1315 2957 et
1334 2901 1518 2957 fluxui
1537 2907 1594 2958 et
1624 2901 1996 2958 dissolutioni
2023 2902 2182 2973 subje

2336 2922 2463 2964 σεως
2526 2909 2789 2975 γεγονότα,
2870 2909 2959 2957 καὶ
3022 2906 3190 2978 φθορᾴ
3246 2909 3339 2959 καὶ
3417 2906 3585 2980 ῥεύσει
3636 2907 3713 2957 καὶ
3750 2903 3850 2955 λύσει

577 2998 683 3051 ciae
723 2996 862 3049 sunt
894 3010 907 3059 ;
933 2997 1219 3063 praeterea
1242 2992 1611 3062 quod'mens,
1634 3007 1769 3064 qua:
1793 2990 1851 3046 in
1866 2990 2183 3048 animalihc

2259 3029 2298 3084 Ο
2335 2987 2566 3045 δουλεύει
2598 3010 2611 3024 ⁶
2646 2996 2719 3046 ἔτι
2754 2987 2812 3046 δὲ
2839 2997 2929 3045 καὶ
2955 2993 3031 3046 ὅτι
3071 2995 3204 3067 μήτε
3242 2996 3268 3046 ὁ
3321 2997 3369 3048 ἐν
3421 3004 3493 3066 τῷ
3540 2996 3645 3065 ζὼῳ
3694 3000 3765 3046 τοῦ
3797 2990 3852 3042 ἀν-

575 3083 757 3139 minis
787 3086 953 3154 parte
984 3084 1093 3148 est,
1110 3097 1229 3136 non
1244 3079 1587 3151 prceexstitit
1608 3080 1721 3153 ipsi
1752 3080 1996 3136 animali
2028 3096 2181 3153 nequ

2268 3079 2297 3084 ’
2336 3082 2542 3156 θρώπου
2612 3089 2725 3143 νοῦς
2772 3082 3099 3158 προϋπῆρξεν
3154 3080 3318 3136 αύτοῡ
3379 3092 3471 3137 τοῦ
3514 3085 3560 3119 ⁷²
3622 3083 3752 3151 ζὼου,
3794 3083 3849 3131 καὶ

575 3170 800 3229 animal
818 3169 1111 3241 illudﬁpsi
1134 3170 1370 3236 animae,
1406 3168 1510 3225 sed
1534 3169 1715 3224 ambo
1740 3168 1919 3225 simul
1942 3169 1999 3225 Si
2021 3175 2181 3226 auter

2332 3173 2739 3244 προϋφέστηκεν,
2806 3175 2930 3241 μήτε
3012 3173 3070 3223 τὸ
3146 3170 3277 3231 ζῶον
3346 3168 3469 3225 τόδε
3516 3178 3602 3225 τοῦ
3642 3178 3733 3241 νοῦ⁹
3779 3164 3849 3219 ἀλλ’

573 3277 647 3319 ex
667 3276 789 3317 uno
824 3265 881 3317 et
917 3259 1130 3315 eodem
1156 3258 1445 3331 principio
1473 3274 1542 3315 ac
1582 3263 1750 3314 motu
1781 3258 1934 3315 nolis
1971 3259 2179 3315 morta]

2332 3258 2462 3330 ὁμοῦ
2509 3266 2695 3312 ταῦτα.
2746 3258 2806 3312 Εἰ
2867 3254 2918 3311 δ’
2967 3256 3021 3311 ἐκ
3067 3264 3192 3332 μιᾶς
3240 3262 3335 3313 καὶ
3392 3270 3488 3323 τῆς
3538 3257 3686 3319 αὐτῆς
3727 3256 3849 3328 ἀρχῆς

574 3351 752 3407 simul
776 3355 832 3406 et
861 3348 1198 3405 immortale
1229 3347 1389 3404 facta
1419 3363 1566 3418 esse,
1596 3346 1698 3403 sed
1716 3364 1786 3404 ex
1800 3347 2180 3404 duobusalte1

2329 3366 2419 3399 xm
2472 3353 2721 3408 κινήσεως
2776 3352 2846 3421 μὴ
2902 3345 3077 3420 βούλει
3128 3350 3314 3407 θνητὸν
3392 3350 3501 3423 ἅμα
3536 3369 3619 3402 και
3664 3347 3851 3400 ἀθάνατον

570 3446 773 3496 utrum
786 3436 1317 3508 admittendumpit
1330 3436 1420 3493 vel
1434 3441 1688 3492 mentem
1706 3437 2114 3509 praeexsistere
2128 3454 2176 3494 Vl

2328 3439 2640 3508 γεγενῆσθαι
2699 3437 2767 3506 ³⁷³,
2827 3434 2954 3488 ἀλλὰ
3003 3446 3100 3489 τῶν
3154 3433 3251 3490 δύο
3305 3439 3534 3514 θάτερον,
3584 3437 3851 3511 ἢπροὺπάρ·

570 3545 693 3585 non
720 3529 784 3583 in
815 3526 1061 3583 animali
1085 3526 1317 3582 mortali
1337 3541 1465 3581 esse
1494 3526 1916 3596 (oportetenim
1933 3532 2174 3597 corrupt

2327 3545 2444 3597 χειν
2485 3522 2727 3584 δηλονότι
2764 3528 2850 3578 τὸν
2890 3533 3005 3578 νοῦν
3045 3525 3075 3586 ἣ
3122 3522 3252 3599 μηδ’
3308 3526 3357 3579 ἐν
3398 3532 3511 3601 ζωῳ
3568 3525 3714 3597 θνητῷ
3766 3520 3852 3576 εἶναι

566 3617 700 3675 bilis
727 3616 892 3673 aliud
930 3616 1289 3688 principium
1311 3614 1614 3689 aliamque
1645 3631 1915 3684 causam,
1966 3616 2172 3672 altera!

2326 3609 2435 3687 (δεῖ
2462 3617 2562 3689 γὰρ
2626 3622 2717 3667 τοῦ
2774 3617 2865 3688 μὲν
2918 3616 3147 3689 φθαρτοῦ
3185 3615 3346 3675 ἀλλην
3401 3614 3572 3693 ἀρχὴν
3616 3634 3693 3668 και
3734 3613 3851 3663 αἰτίαν

564 3722 709 3762 vero
741 3722 869 3761 esse
908 3703 1412 3776 incorruptibilis),
1468 3704 1792 3760 dicendum
1835 3708 1923 3761 est
1972 3709 2029 3761 et
2050 3704 2170 3761 dee

2326 3698 2473 3774 εἶναι,
2508 3704 2680 3779 ἑτέραν
2722 3701 2770 3757 δ’
2800 3701 2929 3757 εἶναι
2957 3709 3050 3764 τὴν
3105 3706 3194 3757 τοῦ
3245 3704 3558 3781 ἀφθάρτου),
3608 3705 3774 3757 λεκτέον
3813 3695 3850 3748 ἆυ

563 3795 711 3869 quid
730 3794 908 3851 nobis
931 3793 1222 3849 videatur.
1258 3794 1511 3849 Herbam
1531 3793 1801 3849 videmus
1823 3799 1880 3849 et
1909 3793 2169 3850 calamui

2323 3793 2447 3867 ἡμῖν
2528 3798 2604 3851 εἴη
2693 3814 2782 3846 και
2850 3799 2969 3867 περί
3034 3798 3218 3847 τούτου
3276 3800 3399 3868 τόγε
3474 3793 3670 3850 δοκοῦν.
3730 3789 3851 3846 Χλόην

563 3892 621 3943 et
649 3886 1017 3941 frumentum
1035 3902 1047 3952 ;
1065 3882 1169 3939 sed
1192 3882 1588 3954 nequelierba
1601 3882 1870 3939 calamus
1885 3888 1991 3951 est,
2016 3900 2169 3957 nequ

2323 3885 2517 3958 ὁρῶμεν
2552 3903 2641 3934 και
2684 3883 2922 3955 καλάμην
2961 3903 3051 3935 και
3098 3892 3240 3938 σῖτον
3272 3902 3284 3913 ·
3322 3887 3444 3938 οὔτε
3492 3882 3597 3943 δ’ἱ]
3656 3881 3766 3955 χλόη
3790 3896 3849 3928 ια·

561 3977 836 4034 calamus
868 3973 1251 4030 frumentum.
1281 3974 1487 4028 Utrum
1522 3972 1700 4042 igitur
1728 3972 2094 4028 frumentum
2124 3990 2167 4029 e:

2321 3971 2483 4046 λάμη,
2541 3971 2649 4025 οὔθ’
2704 3974 2733 4030 ἡ
2794 3972 2999 4045 καλάμη
3041 3978 3179 4036 σῖτός
3223 3994 3236 4007 ·
3296 3979 3512 4049 πότερον
3565 3969 3645 4026 οὖν
3692 3974 3850 4025 ὁσίτος

560 4070 697 4122 ante
722 4063 1046 4133 calamum,
1089 4067 1193 4117 aut
1223 4063 1495 4117 calamus
1514 4066 1648 4117 ante
1673 4060 1948 4124 herbam.
1969 4077 2047 4117 an
2080 4061 2166 4117 haa

2319 4066 2420 4137 πρὸ
2467 4070 2558 4122 τῆς
2592 4061 2830 4134 καλάμης
2858 4063 2981 4131 ⁷⁸,ῆ
3025 4064 3054 4122 ἡ
3093 4062 3301 4135 καλάμη
3364 4068 3465 4139 πρὸ
3512 4071 3601 4125 τῆς
3640 4054 3844 4134 χλοης,ἑ

559 4153 785 4209 simul?
800 4152 855 4209 Si
874 4152 1031 4206 enim
1046 4149 1413 4205 frumentum
1426 4155 1560 4205 ante
1575 4155 1809 4218 czetera,
1828 4150 1986 4205 unde
2009 4155 2165 4205 ortur

2320 4152 2449 4223 ὁμοῦ
2474 4158 2661 4220 ταῦτα,
2692 4170 2781 4202 και
2809 4150 2949 4223 χλόη
2978 4172 3066 4203 και
3103 4151 3312 4224 καλάμη
3347 4172 3439 4204 και
3489 4159 3657 4217 σίτος;
3698 4148 3747 4202 Εἰ
3787 4147 3848 4216 μὲν

558 4246 668 4307 est,
683 4246 738 4296 et
752 4256 823 4296 ex
837 4255 957 4311 qua
971 4239 1087 4294 alia
1107 4254 1290 4294 causa
1311 4243 1366 4293 et
1386 4237 1678 4310 principio
1700 4254 1886 4310 quam
1903 4255 1972 4293 ex
1995 4238 2164 4294 iisder

2317 4242 2417 4313 γὰρ
2450 4241 2475 4291 ὁ
2526 4247 2669 4301 σῖτος
2723 4242 2823 4314 πρὸ
2879 4250 2977 4292 τῶν
3033 4240 3241 4309 λοιπῶν,
3298 4244 3455 4294 πόθεν
3494 4247 3747 4313 γενόμενος,
3788 4250 3848 4284 καί

556 4329 717 4386 unde
746 4327 845 4384 illa
872 4329 899 4383 ?
927 4327 984 4384 Si
1032 4331 1233 4382 autem
1272 4325 1372 4382 illa
1403 4333 1539 4382 ante
1582 4326 1969 4396 frumentum,
2020 4343 2162 4399 quax

2241 4390 2274 4405 η
2318 4330 2371 4383 ἐκ
2409 4334 2564 4392 ποίας
2620 4328 2771 4390 ἄλλης
2830 4328 3005 4405 ἀρχῆς
3043 4351 3133 4383 και
3175 4333 3347 4393 αἰτίας
3398 4332 3427 4391 ἦ
3466 4332 3519 4395 ἐξ
3569 4332 3630 4382 ὧν
3671 4329 3801 4381 ἐκεῖνα
3838 4339 3847 4387 ;

557 4419 738 4476 aliam
764 4416 1028 4473 habuere
1059 4431 1305 4472 causam
1327 4416 1627 4472 diversam
1662 4416 1855 4472 abilla
1906 4433 2042 4488 quae
2089 4416 2163 4473 fI'l

2242 4390 2277 4444 D
2317 4419 2360 4473 εἰ
2391 4415 2439 4472 δ’
2481 4419 2615 4472 αύτὰ
2641 4425 2808 4472 ταῦτα
2858 4424 2959 4495 πρὸ
3006 4427 3097 4472 τού
3158 4424 3330 4491 σίτου,
3393 4425 3546 4473 ποίαν
3584 4418 3720 4473 α’λλην
3758 4416 3848 4481 ἔσχε

555 4512 827 4565 mentum
851 4504 1135 4578 produxit
1162 4506 1190 4561 ‘?
1221 4521 1290 4560 ac
1322 4521 1442 4561 uno
1464 4504 1670 4571 verbo,
1692 4505 1739 4560 si
1758 4521 1881 4560 non
1911 4505 2029 4571 illa,
2054 4522 2161 4577 quc

2312 4512 2404 4567 τὴν
2490 4507 2682 4578 αἰτίαν,
2746 4507 2915 4583 ἑτέραν
3004 4504 3164 4561 οὖσαν
3216 4516 3315 4571 τῆς
3369 4510 3751 4583 προῦεγκοὺσης
3790 4504 3847 4551 τὸν

554 4597 740 4655 modo
766 4596 963 4653 istud?
995 4612 1065 4652 ex
1081 4595 1363 4659 illisenim
1378 4600 1495 4661 est;
1526 4594 1575 4649 si
1600 4611 1742 4650 vero
1763 4596 2029 4662 nonhoc,
2058 4612 2160 4669 qu<

2317 4605 2458 4651 σῖτον
2513 4614 2648 4661 ςκαι
2698 4596 2824 4658 ὅλως
2855 4597 2898 4649 εἰ
2952 4602 3022 4670 μή
3076 4597 3262 4667 ἐκεῖνα,
3313 4606 3422 4659 πῶς
3454 4599 3639 4663 οὗτος;
3684 4592 3729 4654 ἐξ
3760 4589 3845 4641 ἐκείο

553 4686 737 4745 modo
774 4686 875 4743 illa
895 4687 923 4743 ?
948 4688 1027 4741 Ex
1056 4685 1170 4741 hoc
1202 4685 1362 4740 enim
1388 4687 1547 4739 sunt.
1578 4686 1641 4739 Et
1662 4684 1848 4739 ambo
1863 4683 1989 4740 haec
2026 4686 2159 4740 simi

2312 4707 2409 4739 νων
2454 4688 2555 4761 γάρ
2608 4706 2621 4720 ο
2664 4686 2706 4738 εἰ
2738 4682 2795 4740 δὲ
2861 4691 2932 4760 μὴ
2988 4682 3156 4755 οὗτος,
3215 4696 3327 4749 πῶς
3386 4695 3595 4751 rauim;
3644 4683 3692 4746 ἐξ
3734 4676 3844 4731 αὐτοῦ

549 4778 848 4845 videmus,
880 4776 1249 4833 frumentum
1279 4778 1415 4831 ante
1436 4771 1536 4828 illa
1563 4777 1619 4829 et
1643 4771 1743 4828 illa
1773 4778 1909 4829 ante
1939 4773 2155 4830 frumer

2312 4777 2411 4851 γαρ
2442 4795 2455 4809 ·
2488 4795 2578 4828 και
2615 4775 2768 4850 ἄμφω
2819 4772 2887 4836 δὴ
2940 4784 3107 4830 ταῦτα
3161 4785 3479 4853 συνορῶμεν,
3525 4779 3606 4829 τόν
3653 4791 3705 4845 γε
3746 4774 3842 4821 σῖτον

1958 4888 2175 4960 Variae
2224 4890 2573 4960 lectiones.

621 5028 670 5065 ⁸³
694 5030 753 5081 τό
778 5027 937 5085 deest
958 5026 1019 5083 in
1048 5022 1200 5101 Vat._,
1242 5023 1445 5101 male._
1496 5020 1544 5061 ⁸⁵
1575 5021 1882 5101 περίμαύτοῡ
1907 5027 2040 5101 Υειῐ.
2117 5027 2165 5101 ξδ
2195 5045 2222 5082 s

2232 5027 2280 5083 ic
2311 5028 2443 5101 Vat.
2476 5026 2655 5101 Vind.
2686 5026 2843 5101 male
2874 5022 3135 5087 δεικτικὴ.
3210 5028 3258 5063 ⁸⁸
3306 5045 3398 5080 και
3437 5029 3495 5080 τὸ
3532 5009 3838 5101 λοιπον-Υξριξ·

550 5101 594 5137 ⁸⁷
660 5103 1096 5173 προσηρτημένης
1140 5088 1265 5173 νει.
1328 5094 1541 5173 male.
1582 5088 2029 5173 “LﬁlénotuVat.
2109 5100 2155 5173 6?

2238 5107 2277 5170 ᾧ
2329 5100 2453 5173 νει.
2531 5098 2579 5133 ⁷ο
2638 5098 2723 5173 ὑπ’
2779 5099 2969 5173 ἐκεινου
3022 5119 3111 5152 και
3167 5104 3522 5173 συνεχομένην
3569 5094 3718 5153 addit
3754 5088 3841 5173 V51}-

551 5174 595 5208 '“
625 5154 715 5224 καὶ
739 5154 1095 5223 -ῗιθᾶνατον
1122 5168 1278 5244 male
1317 5168 1552 5244 exsulat
1582 5183 1613 5244 e
1644 5154 1769 5244 vat.
1803 5239 1818 5244 _
1848 5170 1897 5205 ⁷³
1936 5176 2027 5222 τοῦ
2090 5169 2157 5227 at

2239 5155 2324 5227 i8.
2379 5154 2529 5235 νειμ,
2586 5170 2763 5228 male.
2840 5172 2890 5206 ⁷³
2942 5191 3033 5223 και
3096 5179 3250 5244 σῶμα
3288 5154 3384 5224 ςἷαὶ
3434 5154 3696 5243 ἀσώματον
3742 5154 3840 5216 add.

548 5246 674 5302 Vat.
752 5245 800 5280 ’³⁸
823 5243 932 5298 οὔθ’
962 5271 1035 5285 -—
1060 5239 1301 5315 καλάμης
1330 5240 1550 5299 desunt
1580 5240 1642 5297 in
1673 5239 1844 5300 Vind.

2128 5355 2346 5427 Notae.

617 5487 729 5562 (22)
761 5485 852 5562 Ad
878 5483 1009 5541 haec
1047 5482 1464 5562 et_s_equentia
1490 5481 1762 5562 adhiberi
1793 5483 1986 5562 potest
2026 5480 2194 5562 locus

2376 5482 2599 5562 (2311a
2629 5487 2723 5562 est
2755 5482 3189 5562 summa”?
3241 5484 3378 5562 Vid.
3425 5481 3590 5562 _Suid.
3630 5479 3687 5562 in
3726 5463 3838 5562 νλ-ῐτ

544 5540 1065 5642 ξηξὶῆέάξνρρρρ,
1094 5540 1182 5613 25
1226 5540 1335 5642 in
1369 5540 1519 5629 ψυχή
1573 5556 1721 5615 πάσι
1778 5540 1968 5618 παντὸς
2019 5553 2146 5630 amp

2300 5540 2536 5642 p.‘;§'s,
2556 5540 3384 5642 .ibiq.hGregdi'ii‘Nazianzeni
3423 5540 3575 5626 haec,
3624 5558 3705 5610 τῆς
3728 5540 3841 5618 γῦπε

544 5628 706 5691 λεῖται
744 5637 838 5689 τοῦ
867 5624 1107 5706 binim—0'1),
1139 5646 1193 5692 ιι.
1233 5624 1352 5686 τ.λ.
1377 5624 1388 5628 ’
1444 5624 1482 5629 ”’
2105 5624 2118 5630 ’
2300 5624 2610 5706 ἆπερῥωγὼς
2641 5624 2920 5703 ἆυζυγιαθς.
