4066 6212
213 305 342 371 1417

1417 310 1587 371 ADV.
1626 305 1980 372 PLOTINUM
1999 304 2090 370 DE
2126 314 2369 374 ANIMA.

3444 311 3581 379 1418

208 441 302 508 πρὸ
354 435 578 507 έκείνων,
634 435 849 490 κάκεῖνα
901 437 1002 510 πρὸ
1061 432 1245 491 τούτου
1301 457 1392 491 και
1461 441 1578 492 οὔτε
1655 443 1802 492 σίτου

1929 441 2082 508 tum;
2115 455 2188 498 ac
2207 439 2322 496 nisi
2381 439 2752 496 frumentum
2783 441 2960 506 esset,
2986 452 3110 496 non
3137 442 3338 498 essent
3383 439 3576 500 herba

205 522 424 600 μηδαμῆ
482 522 746 600 μηδαμῶς
781 530 927 588 ὄντος
975 525 1070 580 οὐκ
1117 527 1180 580 ἄν
1234 532 1434 600 γένοιτο
1487 529 1603 581 οῦτε
1664 527 1800 600 χλόη

209 617 320 668 οὔτε
342 614 572 689 καλάμη,
603 614 732 668 ἀλλὰ
757 635 874 670 τινα
903 617 1026 669 ὂντα
1082 614 1206 690 παρ’
1265 615 1419 670 αὐτὸν
1480 620 1569 669 τὸν
1639 625 1804 688 σῖτον,

209 707 323 758 οὔτε
375 703 576 758 ἐκείνων
632 709 703 778 μὴ
757 710 1124 780 γεγενημένων,
1179 706 1366 778 γένοιτ’
1419 705 1480 758 ἂν
1553 725 1643 759 και
1678 705 1808 760 ἀπο-

208 793 420 864 τεχθείη
463 799 604 854 σῖτος
657 791 786 846 ὣστ’
840 795 985 848 ἔστιν
1035 793 1299 866 ὁμολογεῖν
1349 791 1404 846 ἐκ
1459 799 1585 867 μιᾶς
1633 792 1809 869 ἀρχῆς

208 901 297 935 και
334 881 506 945 αἰτίας
554 900 644 936 και
686 887 940 946 κινήσεως
991 897 1087 944 της
1148 882 1313 946 αὐτῆς
1364 881 1532 958 ἓτερον
1576 902 1667 936 και
1708 884 1809 936 ἔτε-

209 990 297 1047 ρον
327 967 478 1042 εἶναι,
503 991 594 1025 και
623 971 682 1024 οῦ
709 972 898 1046 μᾶλλον
928 975 977 1009 ⁷⁵
1021 977 1268 1049 πρότερον
1327 974 1541 1047 θάτερον
1599 973 1629 1033 ἣ
1678 974 1808 1046 ὁμοῦ

208 1068 395 1122 ταῦτα.
455 1062 520 1117 Εἰ
574 1057 634 1115 δε
689 1065 759 1135 μὴ
811 1065 870 1115 1'6
918 1065 1010 1136 μεν
1058 1063 1251 1116 τοῦτων
1299 1064 1540 1139 φθαρτὸν·
1607 1066 1667 1117 τὸ
1751 1061 1811 1118 δὲ

207 1149 494 1224 ἄφθαρτον,
547 1149 654 1204 ἀλλ’
694 1147 811 1204 οὐδ’
863 1153 1014 1225 ἡμεῖς
1085 1167 1246 1226 φαμεν
1335 1161 1452 1206 νοῦν
1531 1172 1621 1207 και
1679 1153 1810 1215 ζῶον

209 1245 355 1294 σῖτόν
379 1259 496 1294 τινα
531 1259 622 1294 και
659 1239 842 1318 ἄχυρα
889 1243 1003 1314 (24)
1074 1243 1224 1308 εἶναι,
1277 1241 1380 1295 ἀλλ’
1443 1243 1525 1297 ὅτι
1581 1243 1810 1316 χαλεπὸν

208 1325 360 1383 οὐδὶν
411 1337 474 1403 τῇ
533 1332 704 1402 φῦσέι,
767 1330 956 1404 μᾶλλον
1011 1327 1070 1385 δὲ
1108 1340 1178 1404 τῷ
1235 1328 1546 1407 δημιουργῷ
1596 1335 1810 1404 ταύτης,

207 1414 334 1472 οὐδέ
358 1418 408 1491 γ’
428 1416 676 1495 ἐργῶδες,
721 1416 774 1472 έκ
822 1427 963 1494 μιᾶς,
1028 1423 1092 1483 ὡς
1149 1422 1377 1496 εἴρηται,
1427 1427 1676 1484 κινήσεως
1722 1441 1814 1475 και

207 1507 382 1570 αἰτίας
427 1509 593 1582 ἕτερον
639 1526 730 1562 και
800 1509 966 1585 ἕτερον
1051 1508 1098 1563 έν
1186 1519 1360 1582 ταυτῷ
1435 1510 1808 1588 προϐαλέσθαι.

210 1601 312 1651 Καὶ
361 1600 425 1658 ὡς
487 1605 652 1652 ταῦτα
705 1601 762 1651 1'6
825 1602 916 1672 μὲν
979 1599 1400 1677 μακροϐιώτερον
1450 1605 1518 1664 ὡς
1564 1603 1590 1654 ὁ
1670 1609 1811 1664 σῖτος

207 1694 300 1747 τῆς
350 1687 416 1750 ἧς
468 1689 655 1760 ἔφημεν
707 1687 874 1760 χλόης
927 1705 1017 1742 και
1077 1689 1312 1764 καλάμης
1386 1710 1476 1744 και
1563 1686 1812 1764 διαρκοῦν

1915 543 2112 602 neque
2136 529 2539 593 calamus,sed
2563 527 2840 602 quaedam
2861 533 3076 601 praeter
3101 529 3489 604 frumentum,
3499 537 3578 604 et,

1917 618 2033 675 nisi
2052 618 2150 676 illa
2181 624 2400 690 essent,
2433 635 2632 692 neque
2661 623 2819 677 esset
2851 635 2920 676 ac
2946 619 3288 692 gigneretur
3317 621 3582 680 frumen-

1917 707 2085 778 tum;
2114 709 2280 766 itaut
2334 708 2748 766 confitendum
2800 708 2874 766 sit
2913 725 2982 766 ex
3024 725 3147 766 uno
3195 710 3490 784 principio
3519 715 3580 770 et

1918 814 2107 856 causa
2125 814 2196 856 ac
2226 798 2442 856 eodem
2462 803 2631 856 motu
2653 798 2821 856 aliud
2839 803 2895 856 et
2915 798 3079 855 aliud
3091 813 3250 870 esse,
3264 815 3460 874 neque
3473 817 3576 873 po-

1919 887 2036 946 tius
2062 887 2227 945 aliud
2251 893 2389 946 ante
2433 889 2598 946 aliud
2647 888 2752 946 sed
2781 905 2853 946 ea
2874 887 3074 945 simul.
3123 889 3180 947 Si
3210 893 3411 947 autem
3453 906 3578 949 non

1921 993 2129 1036 eorum
2161 978 2326 1036 aliud
2339 985 2427 1037 est
2441 979 2893 1052 corruptibileet
2913 979 3076 1037 aliud
3101 980 3575 1054 incorruptibile,

1920 1083 2118 1142 neque
2148 1084 2262 1126 nos
2317 1069 2573 1126 dicimus
2637 1074 2902 1126 mentem
2930 1073 2987 1126 et
3029 1069 3276 1136 animal,
3310 1069 3577 1127 frumen-

1921 1161 2050 1213 tum
2079 1157 2394 1230 quoddam
2416 1163 2474 1215 et
2491 1157 2733 1231 paleam
2745 1173 2896 1229 esse,
2917 1157 3022 1214 sed
3034 1158 3182 1215 nihil
3197 1173 3328 1216 esse
3345 1163 3576 1216 naturae

1921 1244 2182 1318 difﬁcile,
2213 1262 2250 1304 a
2279 1246 2502 1304 fortiori
2530 1259 2670 1304 vero
2700 1247 2882 1320 hujus
2918 1247 3171 1306 creatori
3199 1263 3394 1322 neque
3415 1247 3580 1306 labo-

1919 1337 2152 1393 riosum
2177 1352 2251 1393 ex
2285 1352 2404 1394 uno
2430 1342 2598 1395 motu
2623 1343 2681 1395 et
2703 1353 2910 1405 causa,
2937 1343 3001 1395 ut
3019 1337 3248 1394 dictum
3273 1343 3381 1406 est,
3413 1337 3579 1395 aliud

1922 1429 1980 1482 et
1999 1424 2160 1484 aliud
2177 1441 2334 1483 sxmu
2378 1426 2629 1500 produci
2651 1442 2663 1494 ;
2688 1432 2745 1484 et
2759 1426 3284 1500 quemadmodum
3309 1426 3427 1484 alia
3449 1427 3580 1500 qui-

1921 1514 2063 1571 dem
2097 1515 2339 1581 diutius,
2361 1519 2426 1572 ut
2453 1515 2820 1573 frumentum
2836 1515 3060 1573 diutius
3091 1531 3278 1589 quam
3297 1515 3485 1574 herba
3523 1519 3581 1573 et

1923 1601 2185 1658 calamus
2197 1607 2574 1674 permanent,
2595 1603 2712 1660 alia
2729 1608 2929 1660 autem
2947 1619 3068 1660 non
3083 1606 3316 1660 tantum
3338 1607 3577 1675 tempus

1924 1691 2284 1759 subsistunt,
2314 1693 2395 1748 ita
2424 1696 2481 1749 et
2529 1692 2910 1765 corruptibile
2946 1698 3001 1750 et
3028 1691 3476 1765 incorruptibile
3503 1691 3584 1747 si-

210 1773 296 1828 ἐπί
320 1775 489 1842 πλέον,
516 1779 586 1830 τὰ
606 1773 746 1830 δ’τά
791 1778 851 1830 οῦ
917 1786 1164 1832 τοσοῦτον
1212 1781 1534 1853 ὀφιστάμενα
1597 1785 1810 1856 χρόνον,

1929 1780 2052 1837 mul
2070 1780 2226 1838 facta
2246 1797 2396 1838 esse.
2423 1781 2944 1848 Quemadmodum
2964 1771 3124 1838 enim
3140 1781 3393 1839 inestvis
3407 1797 3578 1855 quies

210 1865 350 1918 οὕτω
373 1861 440 1924 δὴ
473 1885 562 1919 και
583 1867 807 1941 φθαρτὸν
837 1887 928 1920 και
975 1867 1236 1944 ἄφθαρτον
1296 1873 1426 1942 ὄμοῦ
1475 1872 1812 1943 γεγενῆσθαι.

213 1957 438 2028 Δύναμις
481 1957 583 2030 γὰρ
649 1975 732 2018 τις
765 1958 938 2031 ὥσπερ
985 1956 1032 2010 ἓν
1074 1967 1146 2030 τῷ
1199 1963 1460 2034 σπέρματι
1511 1966 1602 2012 τοῦ
1665 1965 1813 2013 σίτου

112 2110 125 2120 σ
211 2043 329 2099 έστί
380 2049 584 2118 κειμένη
637 2046 994 2121 τελεσιουργὸς
1043 2058 1145 2103 τῶν
1227 2048 1280 2113 ἐξ
1359 2049 1516 2104 αὐτοῦ
1585 2052 1810 2119 πάντων,

210 2138 341 2198 τέως
383 2139 474 2208 μὲν
525 2131 744 2208 ἀφανὴς,
805 2137 1020 2214 ῦστὶρον
1089 2135 1147 2192 δὲ
1222 2144 1634 2214 καταφαινομένη
1713 2148 1813 2193 τῶν

209 2221 269 2287 ἐξ
299 2223 460 2286 αὐτῆς
485 2223 838 2294 τελεσθέντων,
874 2227 1009 2280 οὕτω
1041 2224 1108 2287 δὴ
1145 2224 1369 2302 δύναμις
1438 2233 1552 2283 ἔστι
1615 2248 1704 2282 και
1762 2229 1812 2282 ἐν

205 2321 271 2386 τῇ
303 2317 482 2389 πρώτῃ
511 2313 655 2390 ἀρχῇ
705 2334 794 2370 και
836 2317 982 2391 αἰτίᾳ
1006 2325 1099 2371 τοῦ
1154 2319 1290 2382 ξώου
1333 2327 1426 2373 τοῦ
1491 2321 1704 2397 ὕστερον
1762 2320 1815 2384 ἐξ

206 2405 376 2470 αὐτῆς
432 2410 652 2465 πάντων.
708 2414 810 2462 Καί
850 2413 1016 2484 μέχρι
1061 2413 1149 2482 μὲν
1205 2409 1252 2463 ἓν
1301 2411 1430 2485 αὐτῇ
1515 2419 1684 2464 ταῦτα
1762 2412 1808 2447 ’⁸⁷

207 2496 423 2548 ἵσταται
452 2504 514 2569 τῇ
539 2493 779 2570 δυνάμει,
809 2496 919 2550 οὒτ’
971 2494 1123 2551 οὐδὲν
1161 2501 1353 2552 τούτων
1404 2501 1515 2552 οὗθ’
1566 2501 1596 2558 ἠ
1644 2496 1814 2553 δύνα-

209 2604 310 2658 μις
336 2591 723 2659 καταφαίνεται,
755 2587 821 2649 εἰς
873 2586 1125 2663 ἐνέργειαν
1178 2588 1296 2663 (25)
1343 2587 1402 2643 δὲ
1455 2591 1810 2665 προαχθέντα.

211 2692 335 2728 τοτε
365 2671 434 2734 δὴ
491 2693 578 2728 και
628 2683 795 2730 ταῦτα
843 2677 1053 2750 φανερὰ,
1100 2697 1191 2730 και
1235 2679 1266 2738 ἡ
1326 2679 1534 2751 ἔχουσα
1580 2682 1670 2752 μέν
1718 2675 1814 2732 δύο

209 2763 776 2841 ναμις,έγκρύπτουσα
803 2763 881 2834 δε,
915 2767 972 2819 ἐκ
1002 2771 1092 2840 μὲν
1158 2767 1208 2804 ⁷³
1269 2774 1360 2820 τοῦ
1421 2770 1610 2826 θνητοῦ
1657 2773 1813 2842 μόνου

207 2854 377 2922 ξώου,
429 2873 515 2908 και
576 2856 756 2915 θνητὸν
806 2860 958 2929 μόνον
1019 2859 1167 2925 ζῶον,
1220 2855 1272 2909 ἐκ
1326 2852 1386 2910 δε
1453 2865 1566 2928 τοῦ,
1619 2861 1677 2910 τὸ
1725 2861 1815 2931 μὲν

208 2944 405 3003 θνητοῦ
444 2945 517 3012 ⁷³,
565 2947 624 2998 τὸ
686 2941 737 2998 δ’
803 2943 1082 3017 ἀθανάτου,
1144 2945 1270 3010 ξῶον
1337 2945 1566 3016 εἰκότως,
1634 2947 1817 3006 θνητὸν

206 3033 348 3106 ὁμοῦ
364 3051 454 3085 και
476 3030 750 3089 ἀθάνατον.

290 3119 364 3178 δ’.
408 3121 530 3174 Ὀτι
578 3118 631 3176 δ’
669 3126 838 3177 ἐνεστι
880 3131 952 3194 τῷ
998 3122 1248 3197 ἀνθρώπῳ
1295 3131 1413 3186 νοῦς
1461 3123 1582 3177 καθ’
1637 3123 1816 3178 ἑαυτὸν
1847 3145 1888 3201 C

202 3213 449 3284 ὑφεστὼς
476 3231 566 3264 και
621 3216 748 3284 μήτε
810 3231 871 3285 γε
913 3209 1172 3286 μηδαμῶς
1225 3215 1434 3286 φθίνων,
1492 3230 1582 3265 και
1636 3209 1817 3286 διαφέ-

197 3319 290 3373 ρει
335 3319 394 3372 γε
445 3303 611 3372 τούτῳ
671 3304 830 3374 φύσις
885 3303 1030 3374 ἡμῶν
1098 3310 1196 3354 τῶν
1245 3302 1435 3354 λοιπῶν
1511 3303 1656 3363 ζώων
1727 3321 1818 3354 και

200 3388 468 3458 ἀνοήτων,
496 3388 550 3441 ἐκ
596 3398 696 3442 τῶν
749 3388 1009 3465 ένεργειῶν
1062 3387 1242 3450 δῆλον.
1290 3394 1368 3445 Τὰ
1419 3395 1508 3464 μὲν
1565 3394 1666 3465 γὰρ
1741 3393 1819 3443 αἰ-

199 3480 404 3537 σθήσει
428 3483 556 3552 μόνῄ
592 3498 682 3531 και
712 3485 976 3552 φαντασίᾳ
997 3479 1177 3546 ξῶσιν,
1204 3481 1271 3540 ὧν
1291 3498 1382 3532 και
1435 3479 1587 3540 ἀτελῆ
1641 3477 1707 3539 δή
1770 3481 1818 3516 ³ο

197 3587 334 3620 τινα
386 3575 502 3620 νοῦν
559 3587 702 3641 φατε,
750 3576 842 3622 τοῦ
887 3568 1078 3622 τελείου
1127 3571 1216 3641 μεν
1270 3567 1422 3640 ἐγγὺς
1473 3569 1651 3622 ἰοῦσαν
1730 3588 1820 3621 και

196 3659 348 3732 πρὸς
395 3656 548 3710 αὐτὸν
596 3659 826 3730 ἔχουσαν
893 3658 936 3694 ⁸¹
1005 3661 1238 3729 γνησίως
1284 3677 1374 3709 και
1421 3677 1480 3730 γε
1536 3655 1820 3732 ἱνδάλμασί

197 3764 329 3799 τισι
388 3748 512 3821 πρὸς
564 3746 718 3799 αὐτὸν
781 3744 828 3782 θ’
890 3751 1118 3800 τείνουσι
1185 3751 1534 3821 κεχρημένην,
1605 3755 1700 3808 τῆς
1773 3743 1823 3800 δ’

197 3835 384 3888 αὐτοῦ
449 3837 644 3907 φύσεως
671 3854 762 3888 και
836 3834 1090 3911 ένεργείας
1146 3836 1479 3888 παντάπασιν
1554 3835 1826 3890 ἀπολειπο-

198 3929 508 3998 μένην,και
533 3928 577 3977 εἰ
605 3943 657 3978 τι
679 3921 729 3978 δ’
760 3924 926 3997 ἄλογα
979 3929 1282 3998 σοφίζονται
1323 3929 1452 3992 ζῶα,
1505 3929 1642 3979 κατὰ
1704 3929 1826 3978 ταῦ-

196 4033 316 4072 την
353 4013 660 4086 σοφίζονται
690 4015 738 4050 ⁸³
790 4017 1049 4068 σὼστικὸν
1099 4019 1250 4088 μόνον
1297 4023 1391 4076 τῆς
1448 4017 1666 4087 φύσεως,
1735 4019 1826 4067 καὶ

199 4111 313 4156 τοῦ
343 4099 606 4176 διαμένειν
645 4106 885 4176 τὸγένος,
919 4104 1049 4156 οὕτω
1097 4113 1188 4156 τοῦ
1246 4099 1577 4180 δημιουργοῦ
1628 4100 1828 4166 δόντος,

206 4192 274 4253 ὃς
301 4188 373 4251 δὴ
398 4211 487 4244 και
507 4193 578 4254 εἰς
633 4197 690 4246 1'6
741 4190 872 4246 εἶναι
911 4211 1078 4246 ταυτα
1115 4198 1458 4270 παραγαγὼν,
1506 4200 1594 4247 καὶ
1653 4193 1830 4268 βούλε-

145 4286 148 4287 ⁷
204 4301 315 4334 ται
375 4289 541 4334 ταῦτα
579 4278 836 4355 διαμένειν
878 4296 969 4334 και
1007 4279 1154 4338 εἶναι.
1215 4287 1314 4336 Καὶ
1379 4288 1544 4336 τοίνυν
1595 4287 1654 4336 τὸ
1709 4285 1832 4356 φρό-

201 4389 375 4444 νιμον
419 4369 587 4422 αὐτῶν
643 4375 806 4445 μέχρι
851 4379 940 4425 τοῦ
993 4371 1209 4444 ἐξευρεῖν
1264 4381 1543 4447 τραφῆναι,
1588 4374 1616 4432 ἡ
1693 4370 1834 4445 βλά-

1923 1869 2067 1927 dam
2093 1870 2153 1926 in
2175 1870 2457 1927 frumenti
2492 1871 2737 1943 semine,
2765 1887 2902 1943 quae
2931 1870 3139 1928 omnia
3170 1887 3240 1927 ex
3267 1886 3338 1928 eo
3364 1885 3574 1944 procc-

1923 1959 2126 2016 dentia
2146 1959 2396 2033 perﬁcit,
2420 1961 2683 2032 primum
2713 1962 2959 2033 quidem
2992 1959 3323 2027 invisibilis,
3358 1960 3577 2017 deinde

1923 2055 2126 2106 autem
2147 2050 2269 2107 suis
2309 2050 2809 2122 productionibus
2856 2049 3262 2115 manifestata,
3295 2049 3379 2106 sic
3406 2054 3462 2106 et
3485 2050 3576 2106 vis

1925 2146 2009 2197 est
2036 2139 2098 2196 in
2129 2140 2324 2213 primo
2357 2140 2650 2212 principio
2676 2143 2733 2196 et
2761 2154 2950 2196 causa
2979 2139 3256 2196 animalis
3283 2155 3419 2212 quae
3449 2155 3578 2196 om.

1921 2229 2101 2285 nibus
2169 2245 2242 2285 ex
2286 2244 2348 2284 se
2405 2227 2869 2302 procedentibus
2925 2228 3235 2284 revelatur.
3305 2233 3386 2285 Ac
3425 2227 3575 2284 dum

1923 2319 2168 2393 quidem
2190 2320 2250 2374 in
2266 2335 2337 2376 ea
2361 2319 2489 2376 haec
2505 2319 2926 2391 subsistuntpo
2936 2319 3134 2386 tentia,
3157 2333 3352 2392 neque
3365 2335 3575 2375 eorum

1922 2409 2112 2464 ullum
2139 2423 2336 2480 neque
2349 2407 2614 2480 potentia
2632 2407 3079 2474 manifestatur;
3101 2423 3238 2463 cum
3270 2412 3471 2465 autem
3495 2406 3578 2464 ef.

1922 2497 2076 2554 fectu
2099 2498 2399 2570 producta
2437 2503 2596 2564 sunt,
2622 2503 2764 2555 tunc
2789 2503 2843 2554 et
2875 2496 2976 2554 illa
3010 2496 3331 2554 manifesta
3359 2501 3498 2552 sunt
3526 2500 3585 2553 et

1922 2602 2059 2660 quae
2097 2603 2169 2644 ea
2192 2586 3147 2658 continetpotentia,abscondens
3160 2587 3406 2658 quidem
3433 2589 3584 2642 etex

1924 2677 2162 2733 mortali
2193 2675 2618 2733 tantummodo
2640 2674 2886 2732 animali
2921 2674 3175 2732 mortale
3203 2679 3438 2732 tantum
3462 2673 3586 2732 ani-

1924 2765 2069 2832 mal,
2102 2781 2175 2822 ex
2202 2764 2299 2821 illo
2326 2769 2528 2820 autem
2560 2764 2724 2838 quod
2758 2780 2830 2820 ex
2856 2770 3028 2836 parte
3085 2763 3335 2820 mortale
3366 2767 3478 2830 est,
3509 2778 3588 2819 ex

1926 2861 2094 2929 parte
2119 2859 2318 2911 autem
2351 2853 2712 2922 immortale,
2769 2853 2996 2910 animal
3047 2853 3298 2911 mortale
3324 2850 3503 2908 simul
3527 2856 3585 2909 et

1927 2943 2266 3002 immortale
2306 2943 2455 3016 prod
2465 2958 2666 3001 ucens.

1998 3125 2050 3178 4.
2100 3125 2297 3178 Inesse
2345 3125 2450 3177 aut
2471 3119 2706 3177 homini
2744 3123 3006 3176 mentem
3056 3117 3118 3176 in
3147 3135 3208 3176 se
3250 3117 3581 3176 subsisteno

1927 3216 2046 3269 tem
2065 3225 2262 3284 neque
2292 3225 2564 3282 unquam
2596 3214 2966 3281 pereuntem,
2993 3213 3050 3264 et
3078 3224 3149 3265 ea
3165 3213 3454 3281 praestare
3476 3223 3583 3264 no-

1928 3306 2114 3358 stram
2128 3305 2405 3356 naturam
2430 3303 2782 3354 caeterorum
2807 3297 3162 3355 animalium
3191 3297 3586 3354 acirrationa-

1925 3390 2139 3447 bilium
2177 3394 2404 3445 natura;
2435 3404 2508 3444 ex
2563 3387 3015 3461 operationibus
3052 3391 3236 3461 patet.
3265 3386 3392 3442 Alia
3423 3386 3584 3442 enim

1929 3495 2108 3536 sensu
2129 3484 2366 3535 tantum
2405 3484 2460 3534 et
2481 3477 2800 3551 phantasia
2831 3477 3056 3546 vivunt,
3086 3493 3272 3550 quam
3297 3474 3585 3548 imperfe-

1929 3575 2086 3626 ctam
2111 3567 2444 3641 quamdam
2473 3571 2735 3624 mentem
2775 3567 2991 3634 dicitis,
3025 3566 3303 3640 perfectte
3337 3564 3586 3638 quidem

1929 3658 2336 3731 propinquam
2392 3657 2934 3730 cognationemque
2966 3671 3104 3713 cum
3137 3672 3208 3712 ea
3237 3655 3584 3721 habentem,

1931 3748 2258 3819 formisque
2311 3763 2444 3803 eam
2522 3746 2905 3803 tendentibus
2960 3751 3244 3813 utentem,
3301 3744 3405 3801 sed
3454 3744 3586 3814 ejus

1933 3844 2155 3895 naturae
2188 3842 2244 3893 et
2266 3835 3256 3909 operationiomninoinferiorem;
3285 3839 3340 3891 et
3371 3835 3417 3889 si
3438 3831 3588 3906 quid

1934 3927 2172 3999 sapiunt
2191 3926 2638 3994 irrationabilia,
2653 3924 2957 3992 animalia,
2977 3923 3311 3980 secundum
3338 3937 3473 3977 eam
3491 3934 3586 3976 sa-

1933 4016 2105 4088 piunt
2131 4019 2428 4087 quantum
2459 4029 2698 4069 necesse
2728 4017 2813 4069 est
2843 4019 2908 4068 ut
2945 4017 3223 4068 naturam
3269 4011 3504 4065 servent
3533 4011 3590 4062 et

1937 4119 2126 4174 genus
2154 4106 2524 4175 permaneat,
2577 4100 2939 4156 concedente
2998 4099 3286 4167 Creatorc,
3341 4095 3490 4168 quid
3511 4094 3589 4150 ad

1930 4191 2341 4248 'exsistentiam
2374 4187 2681 4246 adducens
2707 4205 2780 4244 ea
2807 4187 2935 4244 vult
2966 4202 3320 4260 permanere
3352 4190 3409 4241 et
3434 4199 3590 4240 esse.

1939 4284 2024 4336 Ac
2044 4280 2224 4350 igitur
2246 4295 2455 4334 eorum
2483 4278 2800 4351 prudentia
2823 4293 3017 4350 usque
3041 4292 3112 4334 eo
3131 4273 3402 4348 procedit
3421 4276 3488 4330 ut
3515 4271 3594 4329 ci-

1941 4370 2088 4427 bum
2119 4368 2427 4425 inveniant
2457 4366 2902 4440 perniciemque
2957 4382 3028 4423 ac
3059 4363 3389 4438 periculum
3411 4361 3594 4419 vitent

205 4457 711 4523 ϐηνῆέπιϐουλὴν,
765 4467 962 4532 φυγεῖν,
1019 4461 1330 4536 φθείρουσαν
1384 4465 1477 4518 τὴν
1536 4460 1690 4523 ξωὴν.
1745 4461 1819 4521 Ὠς

1943 4475 2078 4532 quae
2108 4458 2288 4513 vitam
2351 4459 2763 4527 corrumpunt.
2822 4457 2891 4512 Ut
2951 4454 3081 4528 apis
3140 4469 3348 4527 opera,
3380 4456 3438 4508 et
3459 4465 3594 4508 ara-

201 4551 294 4601 τὰ
324 4555 418 4608 τῆς
438 4548 693 4621 μελίσσης
713 4547 860 4624 έργα,
896 4567 985 4602 και
1042 4551 1108 4601 τὰ
1157 4557 1254 4601 τῶν
1299 4547 1543 4625 ἀραχνῶν
1609 4555 1830 4622 νήματα,

1944 4563 2195 4606 nearum
2225 4545 2373 4617 telte,
2404 4550 2462 4601 et
2526 4560 2739 4616 gruum
2772 4559 2879 4618 per
2911 4559 3194 4602 somnum
3223 4540 3495 4600 custodia
3523 4553 3595 4597 ac

1610 4673 1836 4742 Variae
1882 4673 2232 4743 lectiones.

297 4781 352 4817 ἠ
405 4782 475 4852 μὴ
534 4779 724 4853 ,ἀλλον
777 4779 906 4836 Vat,
984 4781 1068 4854 7°_
1102 4780 1327 4854 θάτερον
1361 4779 1558 4854 Vind,
1614 4779 1714 4854 sed
1761 4783 1819 4835 θα

1929 4802 1976 4834 ›υ
2009 4786 2084 4854 in
2143 4793 2336 4854 marg.
2390 4777 2436 4812 ⁷⁷
2474 4778 2678 4854 *πάντα
2729 4779 2850 4834 Vat.

2934 4777 2983 4812 ⁷⁸
3059 4781 3146 4827 οῦν
3221 4771 3367 4829 add.
3461 4769 3592 4824 Vat.

197 4856 266 4890 τε
308 4833 472 4924 μὸνᾈιὶ
493 4833 565 4893 -ζ
590 4833 657 4905 ’τὸ
680 4857 778 4959 ριν
802 4833 992 4910 enisi-oo
1014 4833 1234 4908 absunt
1254 4868 1290 4907 a
1313 4833 1714 4923 νίᾱᾱζιὶιεὶιὲῖ
1767 4833 1819 4890 ἐ(

201 4925 402 4959 plana}
421 4922 479 4959 in
504 4922 611 4959 Vni
653 4924 674 4959 8
779 4924 1046 4959 ηηωινεφηο
1070 4924 1104 4959 Β
1157 4923 1172 4959 1
1227 4923 1334 4959 νει

1929 4833 2414 4910 rabéss—aﬁiiat.
2472 4849 2514 4886 ⁸¹
2581 4849 2786 4921 ἔχουσα
2833 4847 2989 4905 male
3045 4847 3172 4904 Vat.
3250 4844 3298 4879 ⁸³
3353 4860 3444 4919 πρ.
3473 4838 3594 4894 αὐτ.

201 4922 405 4982 deest
421 4922 481 4979 in
504 4922 630 4982 Vat.
653 4922 703 4960 ⁸³
779 4924 1050 4997 σοφίζεται
1067 4924 1127 4981 h.
1157 4923 1195 4980 1.
1227 4923 1354 4981 Vat.

1800 5013 2016 5084 Notae.

452 5125 670 5205 Ἀχυρα
719 5129 811 5205 Sig
847 5131 975 5205 _Vat.
1025 5145 1048 5187 ,⁸
1093 5130 1288 5205 χόρτον
1313 5128 1484 5186 Vind.
1517 5128 1665 5205 Illud
1687 5146 1835 5203 prm-

198 5202 367 5270 tuli,
399 5202 686 5273 quoniam
719 5202 860 5274 alibi
890 5205 1066 5258 etiam
1097 5202 1299 5274 ᾄχυρον
1333 5205 1397 5274 et
1435 5209 1574 5274 σῖτος
1599 5202 1748 5258 inter
1775 5218 1837 5259 se

200 5270 654 5346 opponuntur.
691 5272 820 5331 Vid.
864 5270 1392 5342 Evangell'lilatth.
1431 5270 1613 5346 m,_l2
1647 5275 1826 5342 ;Luc.

196 5343 442 5419 ιιῐ,ξ17,
468 5343 618 5419 ibid.
643 5345 964 5419 interprett.
1006 5351 1198 5419 χορτον
1230 5359 1357 5401 esse
1383 5360 1455 5419 ex
1482 5343 1839 5419 glossemate

117 5477 122 5479 _
197 5417 473 5484 natum,
494 5414 634 5488 hinc
654 5414 898 5488 quoque
919 5414 1211 5488 intélligas
1239 5415 1406 5488 quod
1431 5414 1730 5488 Alexdrini
1755 5417 1841 5471 in-

199 5485 774 5561 tgypgr._l_sai._xix,
789 5485 878 5557 24,
897 5503 1006 5560 pro
1028 5485 1499 5561 pabulo—(x6911?)
1521 5491 1837 5560 usurpant.

198 5553 520 5631 Cf._'Bie_lii
553 5558 719 5616 Thes.
752 5553 796 5622 Ι,
823 5553 916 5631 pg
942 5564 1007 5615 27
1021 5553 1065 5616 ι’.

306 5625 430 5700 (25)
457 5628 720 5706 Ἐνέργιαν
773 5625 946 5691 νὶᾖᾶ.
973 5629 1146 5698 Quod
1183 5634 1361 5691 antea
1388 5632 1594 5692 κίνησιν
1623 5629 1837 5692 iterato

331 5725 574 5800 ξιτιιοι..
616 5728 716 5789 Gn.
758 5729 906 5789 CXL.

1945 5128 2092 5185 dixit
2112 5121 2442 5183 Nathanael
2479 5140 2493 5192 ;
2524 5123 2646 5180 vid.
2676 5123 2750 5180 de
2795 5123 2911 5180 hoc
2963 5118 3315 5192 discrimine
3351 5117 3597 5192 doctum

1946 5199 2325 5270 interpretem
2352 5189 2634 5270 Graecum
2653 5197 3003 5270 Topicoruzn
3028 5189 3376 5270 Aristotelis,
3397 5205 3460 5270 p_.
3493 5191 3598 5270 318

1947 5260 2132 5341 Sylb';
2155 5281 2338 5341 quem
2365 5265 2569 5341 locum
2599 5260 2914 5341 descripsit
2942 5265 3156 5341 Suidas
3183 5269 3316 5341 l,__p.
3345 5260 3600 5341 7£2r_Ex

1949 5288 1982 5329 δ
2031 5288 2090 5326 ιο
2118 5288 2338 5341 ;quem
2365 5288 2569 5322 locum
2599 5288 2914 5340 OBSCI‘lpSll
2942 5288 3156 5323 auluas
3183 5288 3225 5333 Ι,
3257 5288 3316 5336 ν.
3357 5288 3483 5317 [θίαν
3514 5288 3600 5315 ινδ

1949 5288 2065 5399 alio
2094 5342 2412 5411 interprete
2448 5337 2948 5414 Aristotelisialia
2973 5337 3213 5414 exhibet
3238 5338 3445 5414 Zon‘ar.
3473 5332 3602 5414 μσς·

1951 5415 2055 5470 Gr.
2077 5429 2140 5486 p.
2171 5401 2273 5468 723
2303 5424 2456 5486 sep.,
2479 5407 2738 5486 docente
2776 5410 3135 5486 Tittmanno.
3168 5405 3445 5486 Sequitur
3470 5401 3601 5486 ibid

1947 5501 2009 5560 p.
2046 5473 2153 5560 ἠδ
2169 5496 2305 5560 sep.
2336 5473 2674 5560 luculentus
2707 5482 2770 5540 in
2799 5481 3079 5540 eamdem
3111 5495 3242 5538 rem
3266 5473 3437 5536 locus
3467 5473 3602 5535 Gres

1951 5555 2103 5630 'gorii
2139 5558 2418 5629 Nysseut.

3444 5715 3516 5773 45
