4066 6212
163 308 281 368 1421

1529 299 1693 358 ADV.
1732 297 2102 369 PLOTINUM.

3371 323 3514 379 1422

161 443 281 502 νοῦς,
335 433 600 506 ἕπιστήμη
659 431 721 485 ἂν
776 438 866 485 καὶ
913 432 960 485 ἓν
1021 437 1218 494 τούτοις
1265 436 1365 498 εἴη,
1419 434 1512 482 καὶ
1559 445 1749 498 γεωμε-

1863 433 2085 503 justum
2123 447 2180 498 et
2209 443 2524 517 injustum,
2554 447 2785 502 bonum
2826 449 2883 502 et
2929 445 3158 501 malum
3201 451 3517 500 noscerent

160 532 285 597 τρεῖν
330 522 391 575 ἂν
471 525 548 580 εἶη
602 528 772 574 ταῦτα
825 527 914 575 καὶ
968 523 1204 596 ἀριθμεῖν
1251 527 1341 574 καὶ
1398 517 1604 572 δίκαιον
1658 521 1748 568 καὶ

160 611 332 666 ἄδικον
360 617 450 664 καὶ
479 609 636 662 καλὸν
687 616 778 662 καὶ
832 611 1020 682 φαῦλον
1067 608 1261 663 εἰδέναι
1310 612 1469 668 κύνας
1523 611 1611 658 καὶ
1663 624 1744 675 γε·

161 704 332 775 ράνους
381 704 472 754 καὶ
545 703 843 772 μύρμηκας,
910 705 1000 751 καὶ
1055 703 1120 751 τὰ
1195 699 1352 751 λοιπὰ
1405 705 1503 749 τῶν
1559 696 1702 755 ζώων
1732 713 1744 724 ·

162 797 246 844 καὶ
288 795 338 843 τί
384 793 474 862 μὶν
525 793 767 860 γραμμὴ,
813 793 865 840 τί
917 786 978 840 δε
1031 795 1244 858 σημεῖον
1293 783 1484 840 εἰδέναι
1518 807 1530 818 ·
1560 788 1646 836 καί
1691 803 1750 853 γε

163 885 276 942 τοὺς
363 883 483 953 περὶ
554 883 814 948 τριγώνων
887 897 977 928 και
1041 883 1372 952 τετραγώνων
1456 874 1749 946 φιλοσοφεῖν

160 969 356 1041 λόγους,
425 967 589 1019 ἄλλων
637 963 705 1024 δὴ
759 985 910 1017 τινων
961 966 1129 1017 αὐτῶν
1186 965 1234 1017 έν
1291 965 1612 1036 ἐπιστήμαις
1674 963 1750 1014 ὃν·

161 1077 272 1127 των,
303 1062 393 1108 καὶ
413 1054 576 1107 ἄλλων
611 1061 710 1106 τῶν
764 1055 877 1106 κατ’
933 1055 1182 1112 αἴσθησιν
1235 1055 1410 1109 ὀντων,
1448 1057 1548 1106 Καὶ
1589 1050 1751 1103 πολλὰ

163 1145 230 1206 δὴ
303 1165 420 1199 τινα
499 1141 946 1217 πολυπραγμονεῖν
1026 1145 1200 1204 αὐτοῖς
1257 1147 1457 1214 γένοιτο
1502 1146 1622 1216 περί
1673 1159 1750 1194 τε-

157 1238 538 1313 τραρωνισμοὺς
593 1235 708 1303 (30)
767 1233 968 1284 κύκλων
1018 1238 1108 1285 καὶ
1160 1236 1281 1304 περὶ
1333 1229 1556 1303 ἀστέρας
1582 1227 1636 1282 δ’
1688 1229 1748 1281 ἂν

161 1330 331 1398 σφίσιν
382 1325 430 1358 ⁸⁸
497 1327 694 1394 γένοιτο
751 1325 1052 1393 κεχηνέναι,
1122 1329 1313 1392 τροφῆς
1363 1319 1745 1392 ὠλιγὼρηκόσι,

157 1420 245 1466 καὶ
270 1419 360 1465 τοῦ
379 1410 585 1484 βλέπειν
632 1412 774 1462 κάτω
825 1411 963 1478 (31),
1011 1414 1103 1461 καὶ
1153 1404 1410 1468 συνόδους
1462 1407 1631 1458 αὐτῶν
1660 1410 1749 1458 καὶ

157 1502 490 1566 ἀποστάσεις,
515 1505 604 1552 καὶ
629 1501 696 1550 τὰ
724 1497 952 1552 ἐντεῦθεν
1021 1497 1375 1570 συμϐαίνοντα
1426 1500 1498 1568 μὴ
1549 1494 1748 1566 ἀγνοεῖν

159 1591 356 1659 έθέλειν,
389 1585 520 1647 μηδ’
559 1584 623 1640 αὗ
699 1591 744 1640 εῖ
793 1607 847 1639 τι
903 1588 1072 1659 ἕτερον
1130 1588 1178 1622 ³⁸
1242 1589 1362 1659 περὶ
1409 1587 1606 1656 φύσεως
1659 1603 1749 1635 και

160 1689 256 1732 τῶν
305 1677 413 1751 μετ’
466 1677 629 1735 αὐτὴν
671 1675 990 1748 ίίξεῦρηται
1036 1681 1157 1746 τῷ*
1184 1680 1274 1726 καὶ
1327 1674 1488 1744 λόγῳ.
1546 1678 1646 1725 Καὶ
1677 1668 1745 1730 δὴ

160 1764 306 1820 τόνδε
353 1769 442 1820 τὸν
487 1765 638 1836 λόγον
689 1765 713 1800 ³
757 1764 970 1816 Πλάτων
1032 1765 1060 1815 ό
1107 1767 1271 1836 μέγας
1344 1767 1434 1814 καὶ
1495 1760 1748 1822 [Ιλωτίνος

161 1855 306 1912 οὐδὲν
373 1857 434 1909 ἂν
523 1853 618 1910 εἶεν
683 1864 846 1908 κυνῶν
893 1861 982 1907 καὶ
1053 1856 1278 1928 γεράνων
1326 1859 1416 1906 καὶ
1470 1857 1751 1925 μυρμήκων

165 1944 537 2018 διενηνοχότες.
601 1951 720 2006 Πῶς
792 1940 854 1996 δε
930 1948 1019 1996 καὶ
1080 1947 1300 2015 φαίημεν
1361 1941 1411 1994 εν
1461 1941 1613 2001 αὐτος
1661 1942 1754 2001 τὰς

162 2035 448 2108 ἐπιστήμας
515 2033 830 2107 ἀναμνήσεις
899 2029 1029 2085 εἶναι
1080 2036 1258 2104 μνήμη
1324 2036 1454 2104 μόνη
1491 2031 1753 2103 κεχρημέ-

162 2151 286 2201 νοις,
326 2130 616 2203 ἀνάμνησιν
655 2125 705 2182 δ’
763 2127 837 2181 ἐπ’
884 2124 1136 2200 οὐδεμίαν
1194 2126 1474 2199 ἀφικέσθαι
1532 2122 1754 2198 δυναμέ-

161 2239 259 2281 νοις
288 2237 303 2287 ;
333 2224 438 2272 τίνι
503 2215 552 2271 δ’
609 2217 779 2269 αὐτῶν
837 2221 928 2268 καὶ
981 2217 1249 2288 ἄνθρωπος
1289 2214 1350 2266 ἂν
1415 2214 1677 2271 ἀποσταίη
1710 2214 1751 2279 ⁸,

160 2315 248 2362 καὶ
274 2313 345 2380 μη
382 2307 512 2379 οὐχὶ
538 2309 728 2360 ταυτὸν
755 2305 778 2342 ⁸
824 2305 904 2363 εἰη
953 2301 1100 2364 οὗτός
1151 2323 1207 2356 τε
1257 2305 1487 2373 κάκεῖνα,
1550 2304 1754 2354 πάντων

162 2406 256 2452 τῶν
287 2397 444 2450 αὐτὸν
494 2397 772 2469 ὀριζόντων
819 2412 873 2446 τε
924 2395 947 2430 ⁸
998 2397 1089 2445 καὶ
1143 2393 1520 2466 γνωριζόντων,
1580 2389 1754 2443 κάκεί-

158 2505 258 2547 νοις
307 2492 377 2558 μὴ
434 2488 732 2558 προσόντων
762 2501 776 2551 ;
807 2489 918 2536 Νοῦ
943 2485 1033 2555 μεν
1069 2484 1172 2555 γὰρ
1214 2477 1452 2534 δεκτικὸν
1499 2484 1588 2532 καὶ
1637 2478 1753 2530 ἐπι-

165 2580 371 2647 στήμης
409 2573 558 2626 αὐτόν
618 2569 686 2630 δὴ
747 2577 900 2644 μόνον
946 2574 1034 2623 τὸν
1091 2571 1358 2642 ἄνθρωπον
1410 2571 1702 2644 ὁριζόμενοε
1734 2570 1752 2602 ⁷

164 2681 321 2736 φαμεν
389 2658 538 2728 εἶναι,
622 2659 830 2732 λογικόν
896 2662 1038 2726 ὄντα,
1089 2663 1178 2710 καὶ
1225 2660 1392 2729 τούτῳ
1451 2654 1753 2732 διαιροῦμεν

161 2760 259 2804 τῶν
286 2750 450 2804 ἄλλων
483 2770 496 2783 ·
527 2749 570 2802 εἰ
604 2745 664 2802 δε
707 2752 778 2820 μη
819 2750 1013 2800 τούτων
1069 2748 1338 2820 ἅνθρωπος
1401 2751 1572 2818 μόνος,
1627 2745 1754 2798 ἀλλὰ

163 2845 252 2893 καὶ
278 2843 342 2892 τὰ
359 2839 522 2911 ὢογα
545 2839 566 2873 ⁸
593 2834 746 2891 οὐδεν
789 2837 941 2895 ἧττον
991 2839 1110 2897 νοὸς
1155 2835 1386 2908 μετέχει,
1444 2839 1534 2887 καὶ
1596 2833 1755 2906 λόγου

160 2928 222 2981 ἂν
281 2932 549 3002 μετέχοιεν
607 2926 833 2992 εἰκότως,
903 2925 946 2978 εἰ
995 2929 1086 2976 καὶ
1127 2929 1202 2998 μὴ
1248 2924 1394 2986 έκτός
1430 2942 1490 2996 γε
1541 2943 1756 2998 προχω-

161 3027 386 3093 ροῦντος,
441 3015 550 3069 ἀλλ’
603 3016 778 3078 αὐτοῖς
833 3013 1048 3085 ἐνόντος,
1094 3019 1186 3066 καὶ
1233 3016 1309 3071 εἴη
1369 3012 1430 3066 ἂν
1481 3014 1640 3073 οὕτως
1669 3012 1756 3064 οὐ·

1859 541 2061 594 canes,
2095 531 2359 602 ciconiae,
2383 535 2645 591 formicaa
2675 541 2731 589 et
2754 541 2967 590 caetera
2989 533 3299 590 animalia.
3323 537 3386 588 Et
3408 534 3515 588 sci-

1860 623 1989 671 rent
2019 619 2162 688 quid
2187 621 2260 676 sit
2291 623 2445 679 linea
2460 631 2517 679 et
2537 624 2680 696 quid
2706 625 2966 692 signum;
2987 627 3044 677 et
3064 622 3515 679 dissererentde

1861 705 2173 774 triangulis
2195 717 2250 765 et
2270 712 2344 766 de
2366 714 2698 784 quadratis,
2725 713 2782 767 in
2803 713 3022 783 quibus
3047 711 3164 766 alia
3185 711 3246 766 in
3269 712 3515 766 scientia

1860 795 2257 864 continentur,
2303 802 2424 856 alia
2467 802 2746 857 sensibus
2778 801 3112 869 subjacent.
3165 803 3224 854 Et
3260 800 3511 854 multum

1863 882 2227 954 inquirerent
2246 889 2320 944 de
2341 890 2711 961 quadratura
2724 889 3008 953 circuli,et
3027 889 3100 943 de
3124 888 3303 943 stellis
3328 888 3516 944 multa

1861 974 2094 1029 curiose
2137 976 2582 1047 investigarent,
2622 978 2825 1034 cibum
2876 977 3271 1049 dedignantes
3335 977 3513 1032 infra-

1860 1076 1978 1131 que
2024 1071 2288 1136 spectare
2351 1066 2644 1135 nolentes,
2685 1082 3014 1138 earumque
3063 1082 3418 1134 congressus
3463 1071 3519 1121 et

1861 1150 2246 1223 defectiones,
2279 1161 2336 1211 et
2365 1171 2434 1211 ea
2465 1171 2600 1228 quae
2641 1155 2779 1211 inde
2811 1155 3090 1210 accidunt
3113 1155 3386 1223 ignorare
3414 1170 3517 1210 no-

1860 1239 2066 1310 lentes,
2101 1259 2290 1315 neque
2317 1245 2365 1299 si
2391 1245 2537 1317 quid
2563 1245 2723 1300 aliud
2753 1243 2827 1299 de
2851 1251 3064 1300 natura
3091 1251 3146 1298 et
3175 1244 3242 1298 iis
3265 1260 3397 1316 qua:
3417 1260 3515 1298 su-

1863 1343 1971 1398 pra
1988 1335 2266 1387 naturam
2291 1339 2447 1400 sunt,
2472 1334 2720 1388 inveniri
2747 1334 2933 1404 possit
2955 1337 3153 1388 mente
3175 1338 3230 1387 et
3267 1333 3516 1388 ratione.

1863 1422 2052 1490 Atque
2084 1422 2417 1477 secundum
2445 1423 2506 1477 id
2535 1439 2793 1493 magnus
2823 1421 2918 1477 ille
2950 1423 3114 1476 Plato
3154 1428 3209 1477 et
3259 1422 3518 1476 Plotinus

1859 1507 2005 1563 nihil
2034 1525 2070 1563 a
2095 1511 2347 1565 canibus
2386 1517 2444 1567 et
2474 1512 2724 1581 gruibus
2767 1517 2822 1566 et
2875 1511 3139 1566 formicis
3190 1510 3514 1566 differrent.

1860 1597 2176 1662 Quomodo
2206 1605 2404 1656 autem
2426 1601 2760 1657 diceremus
2799 1601 2858 1656 in
2898 1601 2967 1654 iis
3013 1600 3290 1655 scientias
3331 1616 3521 1655 recor-

1858 1686 2129 1742 dationes
2158 1703 2306 1758 esse,
2350 1705 2487 1744 cum
2528 1689 2656 1744 sola
2697 1689 2988 1744 memoria
3028 1694 3289 1758 utantur,
3325 1705 3520 1760 neque

1861 1775 1940 1831 ad
1970 1775 2153 1831 ullam
2184 1777 2661 1834 recordationem
2694 1778 3029 1849 pertingere
3052 1777 3337 1848 possint?
3371 1778 3523 1842 Quo-

1863 1864 2047 1920 modo
2078 1866 2154 1920 ad
2174 1865 2286 1920 illis
2316 1867 2500 1921 homo
2529 1866 2992 1933 distingueretur
3015 1881 3212 1936 neque
3257 1882 3443 1921 unum
3467 1872 3524 1921 et

1862 1953 2024 2009 idem
2100 1971 2233 2010 cum
2290 1956 2362 2011 iis
2446 1961 2620 2023 esset,
2675 1957 2722 2010 si
2780 1955 3075 2026 quidquid
3119 1970 3256 2010 eum
3313 1954 3524 2010 definit

1864 2058 1933 2098 ac
1961 2045 2278 2110 constituit,
2303 2045 2381 2100 ab
2411 2043 2542 2100 tllos
2588 2059 2832 2116 quoque
2873 2043 3193 2115 pertineret
3246 2043 3274 2098 ?
3320 2043 3521 2099 Mentis

1865 2147 2150 2202 capacem
2181 2137 2238 2188 et
2267 2133 2524 2189 scientiae
2565 2132 2760 2188 solum
2807 2132 3115 2187 hominem
3169 2131 3519 2188 deﬁnientes

1865 2237 1997 2277 esse
2053 2222 2310 2278 dicimus
2368 2221 2808 2288 rationabilem,
2863 2227 2920 2276 et
2973 2237 3045 2276 eo
3102 2220 3182 2277 ab
3257 2220 3386 2276 aliis
3451 2223 3519 2278 il-

1863 2309 1988 2364 lum
2022 2311 2398 2380 sejungimus
2433 2328 2446 2378 ;
2476 2310 2524 2365 si
2545 2318 2745 2365 autem
2765 2323 2885 2364 non
2913 2310 3094 2364 modo
3113 2309 3319 2369 homo.
3339 2310 3443 2365 sed
3463 2317 3522 2366 et

1864 2398 2296 2454 irrationabilia
2323 2399 2537 2454 mentis
2567 2397 2881 2470 participia
2901 2403 3120 2465 essent,
3144 2403 3201 2452 et
3225 2397 3518 2454 rationem

1867 2486 2080 2542 merito
2106 2487 2546 2559 participarent:
2577 2502 2697 2541 non
2717 2485 2964 2558 quidem
3001 2490 3167 2540 extra
3193 2486 3520 2557 proceden-

1865 2579 2005 2640 tem,
2046 2575 2150 2630 sed
2179 2575 2239 2630 in
2269 2575 2340 2630 iis
2369 2575 2774 2639 exsistantem;
2796 2580 2975 2646 atque
2999 2573 3083 2628 ita
3097 2588 3218 2628 non
3254 2573 3523 2630 differret

1861 2663 2216 2719 rationabile
2245 2663 2324 2719 ab
2352 2661 2764 2729 irrationabili,
2805 2661 2912 2716 etsi
2955 2667 3217 2718 mentem
3270 2661 3520 2718 alteram

1864 2767 1994 2807 esse
2023 2752 2360 2808 diceremus
2382 2767 2520 2808 cum
2547 2750 2791 2807 scientia
2829 2765 3084 2822 eamque
3115 2751 3424 2806 scientiam
3449 2768 3521 2807 ex

1866 2846 2083 2906 mente,
2115 2846 2173 2895 et
2202 2856 2367 2896 mens
2396 2840 2570 2896 nobis
2600 2840 2753 2894 inest
2778 2857 2796 2908 ς
2839 2837 3087 2893 alteram
3121 2845 3322 2894 autem
3355 2855 3518 2894 men-

1864 2934 1982 2983 tem
1996 2929 2330 2984 diceremus
2347 2930 2404 2983 in
2419 2929 2648 2985 caeteris
2661 2926 3025 2984 animalibus
3037 2941 3169 2980 esse
3197 2942 3390 2998 neque
3410 2943 3516 2998 per

1865 3033 1926 3071 se
1939 3017 2200 3086 cogitare
2217 3017 2510 3072 valentem
2529 3031 2722 3088 neque
2736 3014 2999 3070 scientiae
3013 3015 3519 3085 capacem,etdivi

162 3105 345 3180 δαμῶς
372 3109 570 3166 ἣκιστα
590 3101 834 3178 διαφέρον
880 3103 1087 3174 λογικὸν
1109 3100 1322 3173 ἀλόγου,
1388 3107 1480 3154 καὶ
1531 3121 1590 3172 γε
1635 3108 1752 3152 νοῦν

1863 3105 2065 3160 derem
2075 3121 2141 3159 us
2154 3106 2255 3161 ita.
2282 3105 2730 3175 diceremusque
2747 3107 3000 3158 mentem
3013 3117 3142 3156 esse
3158 3102 3447 3157 scientem
3461 3109 3521 3157 et

158 3199 247 3249 τὸν
322 3197 505 3268 μὶν,εἶ
560 3212 720 3266 φαμεν
774 3193 883 3265 μετ’
941 3189 1235 3262 ἆπιστήμης
1297 3187 1446 3258 εἶναι,
1498 3195 1587 3242 καὶ
1632 3191 1754 3240 ταύ-

157 3304 252 3343 την
273 3284 326 3350 ἑξ
346 3284 505 3336 αὐτοῦ
544 3278 693 3349 εἶναι,
732 3287 824 3334 καὶ
852 3283 878 3332 ὁ
936 3279 985 3332 έν
1031 3282 1156 3352 ἡμῖν
1210 3286 1326 3339 νοῦς
1382 3281 1521 3332 ἔστιν
1582 3278 1751 3343 οὗτος,

152 3378 242 3426 τὸν
285 3369 336 3426 δ’
393 3372 444 3425 έν
467 3379 576 3430 τοῖς
613 3371 813 3431 λοιποῖς
862 3374 1016 3432 ζώοις
1069 3369 1192 3440 μήτ’
1244 3367 1327 3439 ἀφ’
1381 3368 1565 3421 ἑαυτοῦ
1625 3374 1755 3419 νοεῖν

152 3459 292 3535 μηδ’
331 3462 625 3532 ἐπιστήμης
675 3455 911 3512 δεκτικὸν
958 3455 1220 3530 μηδεμιᾶς
1283 3456 1516 3528 λέγοιμεν
1602 3453 1751 3518 εἶναι,

151 3549 459 3624 διαιροῦμεν
485 3548 545 3600 ἂν
597 3548 779 3613 οὕτως,
834 3552 920 3600 καὶ
961 3554 1078 3598 νοῦν
1123 3548 1144 3581 ⁹
1196 3548 1282 3598 τόν
1316 3548 1403 3608 μεν
1444 3541 1622 3598 εἰδότα
1663 3549 1751 3597 καὶ

148 3637 476 3712 δημιουργὸν
529 3637 820 3710 έπιστὴμης
861 3636 1094 3708 λέγοιμεν
1125 3634 1206 3694 ἂν,
1260 3637 1348 3686 τόν
1397 3631 1456 3688 δε
1503 3631 1634 3707 μηδ’
1668 3632 1756 3688 ὑπ’

147 3729 316 3781 αὐτοῦ
357 3723 704 3798 δεδυνημένον
755 3726 800 3761 ¹⁰
847 3733 940 3776 τοῦ
986 3725 1036 3796 γ’
1091 3721 1435 3794 έπιστᾶιμένου
1477 3720 1758 3776 πεπαιδεῦ-

151 3819 307 3886 σθαι,
342 3821 473 3888 μητε
523 3811 876 3886 δεδιδάχθαι,
935 3817 1025 3865 καὶ
1071 3815 1148 3870 εἴη
1181 3811 1243 3864 ἄν
1295 3813 1321 3864 ὁ
1371 3820 1600 3873 τοιοῦτος
1641 3822 1760 3874 νοῦς

151 3907 318 3960 εἰπεῖν
375 3905 549 3969 ἄνους,
615 3907 706 3955 καὶ
762 3902 909 3955 πάντ’
995 3900 1056 3952 ἂν
1125 3902 1230 3952 ἀνω
1303 3905 1394 3953 καὶ
1455 3903 1593 3956 κάτω
1672 3908 1759 3974 γέ-

1863 3195 2121 3250 scientiae
2147 3194 2522 3258 eﬂectricem,
2559 3193 2804 3247 alteram
2837 3195 3059 3256 autem,
3086 3206 3224 3262 qua:
3257 3207 3374 3247 non
3407 3207 3514 3263 po-

1864 3289 1974 3338 test
2001 3285 2079 3337 ab
2108 3284 2239 3354 ipsa
2269 3282 2488 3337 sciente
2509 3281 2708 3336 doceri
2751 3295 2947 3351 neque
2987 3279 3219 3344 instrui,
3270 3285 3326 3336 et
3371 3281 3522 3338 foret

1864 3372 1994 3427 talis
2025 3388 2196 3427 mens
2219 3371 2393 3444 quasi
2421 3386 2651 3439 amens,
2689 3374 2744 3425 et
2792 3367 2997 3424 omnia
3053 3385 3277 3441 susque
3324 3370 3520 3442 deque

1861 3468 2100 3516 ruerent
2114 3467 2171 3516 et
2187 3460 2435 3515 ridicula
2455 3474 2888 3532 promeremus,
2915 3457 3211 3528 siquidem
3238 3461 3519 3514 rationem

1862 3549 2262 3605 irrationalem
2278 3553 2914 3621 poneremus,mentem
2928 3562 3066 3601 vero
3081 3555 3376 3603 amentem
3389 3549 3521 3602 .Sed

1866 3640 1942 3694 ad
1967 3640 2228 3710 primum
2255 3638 2522 3694 eundum
2553 3637 2720 3710 quod
2741 3635 2917 3691 nobis
2939 3636 3364 3707 inquirendum
3389 3654 3521 3694 esse

1865 3729 2151 3795 diximus,
2176 3729 2485 3799 quomodo
2515 3727 2760 3784 scientia
2793 3726 2851 3780 in
2879 3724 2948 3780 iis
2991 3726 3094 3796 qui
3131 3726 3205 3782 de
3253 3743 3326 3782 ea
3377 3728 3524 3783 nihil

1867 3823 2180 3884 noverunt,
2210 3816 2572 3873 efformetur.
2613 3819 2778 3872 Forte
2808 3815 2991 3885 enim,
3024 3817 3138 3872 nisi
3161 3832 3226 3870 ex
3251 3818 3523 3872 recorda-

1871 3906 2046 3970 tione,
2081 3921 2202 3960 non
2232 3905 2475 3960 aliunde
2494 3922 2621 3961 esse
2642 3907 2964 3966 videretur.
2989 3909 3042 3964 Si
3062 3906 3239 3976 igitur
3277 3905 3525 3959 scientia

148 4013 296 4047 νοιτο
327 3993 464 4064 (32),
502 3997 593 4046 καὶ
649 3990 850 4052 ἀτόπως
907 3991 1026 4053 ἔξει,
1085 3993 1190 4060 εἴγε
1243 3988 1394 4060 λόγον
1432 3994 1522 4063 μεν
1579 3991 1763 4063 ἄλογον

153 4086 392 4154 θείημεν,
431 4089 550 4134 νοῦν
589 4077 642 4133 δ’
681 4081 857 4135 ἄνουν.
911 4079 1058 4133 Ἀλλ’
1120 4078 1249 4132 ἰτέον
1299 4079 1386 4132 ὲπί
1426 4083 1486 4134 τό
1538 4099 1763 4153 πρωτον,

151 4169 278 4230 ὃδὴ
312 4176 402 4224 καὶ
444 4171 693 4232 ζητητέον
741 4171 866 4241 ἡμῖν
925 4170 1110 4239 ἔφαμεν
1161 4170 1200 4203 ¹¹
1256 4166 1403 4234 εἶναι,
1463 4171 1597 4230 ὅπως
1651 4171 1765 4223 ποτ’

1872 3995 2014 4051 nihil
2036 3995 2196 4050 aliud
2228 4000 2316 4051 est
2338 4012 2521 4068 quam
2555 4012 2763 4052 eorum
2789 4014 2925 4070 quia
2950 3997 3116 4071 prius
3141 3994 3358 4050 animis
3382 3999 3524 4049 nota

1871 4089 2028 4150 sunt,
2058 4085 2410 4148 recordatio,
2438 4091 2493 4140 et
2520 4086 2874 4157 priusquam
2907 4087 3111 4142 anima
3167 4083 3524 4156 corporibus

1873 4174 2040 4229 unita
2069 4174 2184 4236 sit;
2224 4175 2289 4239 si,
2343 4180 2667 4246 postquam
2719 4177 2887 4231 unita
2939 4182 3026 4231 est
3079 4180 3132 4230 et
3173 4172 3524 4244 corporibus

153 4260 427 4332 ἐπιστήμη
472 4255 714 4316 δηλονότι
770 4265 878 4319 τοῖς
921 4252 1089 4329 μηδὲν
1140 4253 1402 4329 μηδαμῶς
1444 4264 1561 4333 περὶ
1608 4260 1752 4320 αὐτῆς

1873 4263 2206 4324 commista.
2240 4264 2530 4319 memoria
2545 4263 3020 4335 quodammodo.
3057 4262 3356 4334 simulque
3386 4277 3525 4316 cum

151 4345 365 4402 εἰδόσιν
387 4350 526 4400 ἔστιν
552 4346 870 4419 έγγινομένη.
927 4347 1086 4417 Τάχα
1134 4348 1256 4418 γὰρ,
1317 4346 1362 4399 εἰ
1405 4353 1476 4418 μὴ
1537 4347 1591 4410 ἕξ
1650 4349 1752 4402 ἀνα.

1874 4367 1946 4408 ea
2019 4352 2276 4406 scientiae
2354 4353 2614 4422 cognitio
2665 4353 2964 4422 abigatur,
3012 4351 3229 4408 deinde
3282 4367 3524 4407 rursum
3579 4401 3582 4404 .

151 4443 418 4510 μυήσεως,
485 4432 774 4508 οὐδαμόθεν
855 4433 915 4486 ἂν
994 4433 1202 4486 ἄλλοθεν
1270 4431 1464 4496 δόξειεν
1518 4433 1647 4489 εἶναι
1677 4459 1689 4471 ·
1725 4458 1745 4492 ε

1877 4441 1954 4496 ad
2019 4457 2154 4496 eam
2202 4441 2406 4498 anima
2465 4442 2672 4498 redeat
2724 4443 3083 4499 memoriam
3141 4447 3198 4498 et
3269 4441 3526 4497 scientiae

1522 4577 1746 4648 Variae
1794 4582 2145 4652 lectiones.

232 4697 284 4732 "
318 4695 842 4773 «ireicsdditveta
900 4694 959 4773 ’°.
980 4688 1110 4773 μῖξιν
1133 4692 1193 4773 ei?
1224 4696 1270 4773 φῖ
1297 4712 1373 4773 τις
1396 4695 1563 4773 ἔτειον
1596 4698 1740 4773 Yet-

1863 4705 1938 4773 ιαὶ
1960 4701 2087 4773 ὑπὲρ
2111 4699 2273 4757 αὐτὴν
2304 4699 2472 4756 addit
2517 4703 2670 4773 vsa,
2725 4700 2896 4758 bene.
2975 4702 2998 4736 ³
3055 4703 3132 4751 νοὶ
3162 4699 3528 4773 -νᾶιμδκαι

146 4776 286 4846 γοῦν
319 4763 552 4846 τόνδεδη
577 4787 624 4820 τ.
659 4765 708 4846 λἶ
736 4763 869 4846 vat:
947 4763 1104 4846 {Sip-
1133 4763 1563 4846 γᾶῑ.ῼάπο⁴στᾶλη
1596 4768 1745 4824 Vind

1863 4770 1876 4846 ξ
1917 4763 2078 4846 ταύτό
2341 4773 2363 4806 δ
2411 4789 2466 4823 τε
2523 4763 2788 4846 abest_a
2840 4774 2964 4846 Vat.
3039 4773 3058 4805 ⁷
3112 4771 3269 4846 αὑτὸν
3321 4763 3527 4846 eam}:

146 4833 318 4912 μόνον
340 4839 630 4911 ὁριζόμενοι
659 4841 745 4918 τὸν
775 4836 1184 4910 ἅνθρωποννιαῐ.
1263 4836 1284 4870 ⁸
1317 4836 1359 4888 εἰ
1381 4833 1440 4889 δὲ
1481 4843 1553 4910 μὴ
1623 4847 1790 4892 ταῦτα
1839 4839 1958 4896 ἄνθ.
2000 4863 2059 4915 μ,
2117 4841 2244 4894 ἀλλὰ
2298 4847 2348 4894 τί
2420 4861 2480 4913 γε
2540 4848 2630 4894 καὶ
2689 4843 2856 4912 ἄλογα
2907 4843 3029 4895 Vat.
3110 4841 3130 4873 ⁹
3173 4857 3287 4896 νους
3355 4837 3522 4891 Vind.

153 4912 207 4946 ¹⁰
241 4905 602 4982 δεδυνημένου
637 4910 763 4965 Val.
842 4909 881 4942 ¹¹
913 4909 1101 4978 ἔφημεν
1132 4908 1256 4962 Vat.

1723 5025 1784 5092 Ν
1789 5034 1942 5092 otae.

228 5148 1097 5229 (30-)_Neque.enimdealaetata
1133 5145 1234 5202 illa
1273 5146 1349 5202 de
1387 5148 1760 5229 quadratura
1870 5147 2086 5229 capt},
2120 5159 2181 5229 p.
2211 5145 2316 5199 105
2349 5158 2483 5229 sqq.
2513 5140 2674 5229 S'ylb.

143 5211 948 5293 circuliquiestioexstincta
997 5217 1124 5281 fuit.
1153 5233 1290 5293 quae
1322 5211 1650 5293 antiquitus
1677 5225 1762 5276 tot
1941 5211 2053 5293 ('52)
2123 5211 2167 5272 ἰ.
2203 5231 2255 5269 e.
2315 5211 2803 5293 confuderentur,
2870 5211 3396 5293 perturbarentur,
3469 5219 3533 5292 ut

141 5281 455 5366 praelata
482 5290 724 5360 ingenia
771 5294 1136 5345 exercuerat.
1174 5281 1445 5352 Quorum
1467 5281 1759 5366 :virorum
1871 5281 2100 5366 passim
2115 5281 2627 5366 us‘urpantoptimi
2653 5281 2896 5366 quique.
2925 5281 3038 5366 Sed
3061 5281 3317 5366 formula
3363 5282 3528 5366 varie

142 5352 460 5433 inagnum
483 5352 812 5433 sanequam
837 5375 1157 5416 numerum
1178 5368 1445 5416 recenset
1461 5362 1760 5418 Gerardus
1873 5352 2122 5418 tractata
2143 5363 2199 5412 et
2215 5352 2486 5429 pluribus
2511 5352 2704 5433 verbis
2727 5352 2869 5407 addi
2900 5353 3095 5412 solita.
3127 5353 3244 5407 vid.
3266 5352 3526 5423 Zenoph.

141 5434 407 5490 Vossius
441 5434 531 5490 De
559 5433 819 5490 scientiis
855 5431 1292 5487 mathematicis
1322 5447 1456 5504 cap.
1492 5436 1576 5489 16.
1609 5433 1638 5505 §
1671 5436 1758 5500 36,
1874 5432 2093 5505 Cyrop.
2123 5430 2256 5505 I._§3,
2286 5428 2317 5480 4
2346 5445 2359 5494 ;
2395 5424 2859 5505 LuctaniTimoit
2886 5467 2898 5478 .
2923 5423 2985 5479 d.
3013 5425 3526 5505 9ι¹ιςιῩίιιιγκιιιιίζιἶ

150 5447 531 5560 νοεειυξΞΗϐ
559 5447 819 5490 εσιεηιιιε
855 5447 1292 5487 mamemauczs
1322 5447 1456 5504 cap.
1492 5447 1576 5489 16.
1609 5447 1638 5505 ξ
1671 5447 1752 5500 35,

141 5520 499 5580 panius.
594 5575 606 5580 _
808 5573 909 5580 __
1109 5571 1123 5580 .
1200 5571 1211 5580 .
1304 5573 1336 5580 ..
1528 5573 1555 5580 ,.
1647 5573 1659 5580 .

1874 5447 2093 5500 uyrop.
2123 5447 2170 5486 ι.
2205 5447 2256 5494 ό,
2286 5447 2317 5480 4
2346 5447 2359 5494 ;
2397 5447 2855 5480 Luetauuuuuu
2886 5467 2898 5478 .
2923 5447 2985 5479 α.
3014 5447 3085 5478 vi}
3113 5447 3125 5488 ;
3173 5447 3528 5479 vuur.uuct.

1875 5502 2137 5580 9.6.Bipa
2161 5499 2417 5580 Platona
2465 5497 2642 5580 (ἰοῖσ-
2689 5495 2866 5580 ,δη-64
2903 5499 3216 5580 Ali-mm:
3297 5510 3360 5580 r;
3427 5497 3530 5580 1,1,5

229 5575 354 5646 (31)
381 5575 772 5646 Platonicum.
800 5571 1249 5646 Caeterumhuic
1279 5573 1662 5646 disputationi
1688 5589 1764 5630 ne
1875 5565 2087 5629 Heind'.
2127 5570 2167 5640 ),
2190 5565 2616 5646 i_bi_q._Finde_is}
2649 5565 2921 5646 et’Heind
2965 5565 2983 5633 “;
3015 5566 3284 5623 Pliwdon
3332 5577 3390 5635 p.
3443 5567 3530 5630 96,

135 5639 434 5721 ἕπέστῆμη
465 5651 576 5702 cet.
599 5643 821 5703 adhibe
842 5643 1213 5701 Aristotelem
1233 5641 1297 5701 in
1323 5639 1470 5709 E'th.
1526 5645 1762 5703 Nicom.
1887 5647 1989 5699 172
2018 5639 2142 5715 seq.
2186 5639 2398 5697 Heind.
2445 5639 2753 5711 hujusque
2773 5642 2899 5693 not.
