4066 6212
570 319 590 370 1
610 318 712 371 423

1902 299 2274 358 NlCEPHORI
2314 296 2598 354 CHUMNI.

3802 294 3941 349 1424

563 435 1065 501 recordationem,
1100 431 1161 488 id
1173 430 1588 488 essetfirmum
1607 432 1664 488 et
1681 427 1931 486 omnino
1958 424 2217 485 celebra-

2331 427 2448 494 γοῦν
2504 418 2769 491 ἐπιστήμη
2845 412 3017 490 ,μηδὲν
3094 418 3284 491 ἕτερον,
3342 412 3637 491 ἀνάμνησις
3703 413 3768 470 δι
3843 426 3942 469 τῶν

564 531 693 583 tum
715 530 771 581 et
803 523 1072 581 validum
1101 520 1182 578 ad
1222 521 1339 578 hoc
1387 517 1953 583 demonstrandum,
1997 528 2216 587 nempe

563 616 800 671 animas
818 610 1174 684 corporibus
1198 609 1641 683 praeexstitisse.
1700 607 1815 666 Sed
1828 621 1951 663 non
1967 602 2216 662 omnino

563 703 703 759 huic
732 700 1185 767 adhaerendum,
1217 705 1503 773 tanquam
1543 697 1690 755 nihil
1722 694 1949 770 opponi
2004 691 2213 767 possit.

566 794 733 848 Forte
762 789 921 846 enim
970 787 1144 844 nobis
1195 788 1498 844 diversum
1547 784 2045 859 supponentibus,
2095 781 2218 837 imo

563 887 706 929 vero
719 869 1084 927 contrarium
1110 869 1264 925 bene
1283 866 1643 925 succederet.
1666 868 1809 923 Cum
1832 864 1993 920 enim
2013 860 2220 919 anima

567 960 643 1016 sit
668 958 1023 1016 immortalis
1053 973 1124 1014 ac
1151 973 1388 1030 semper
1416 960 1749 1023 moveatur,
1777 953 1825 1010 si
1851 953 1981 1024 ejus
2019 954 2219 1005 motus

566 1054 621 1105 et
645 1048 1022 1122 operationes
1041 1046 1409 1103 immortales
1432 1046 1781 1117 cogitemus,
1804 1047 1958 1099 recte
2002 1038 2221 1111 cogita-

563 1137 787 1195 bimus.
813 1136 965 1203 Quid
982 1136 1160 1206 igitur
1180 1139 1205 1190 γ
1225 1151 1336 1192 nos
1358 1150 1581 1209 ponere
1600 1133 1690 1190 vis
1712 1130 2021 1188 scientiam
2037 1125 2221 1184 facul-

566 1233 746 1285 tatem
772 1227 986 1284 animae
1011 1225 1221 1283 essein
1246 1241 1316 1281 ea
1346 1226 1424 1281 ab
1464 1224 1629 1280 initio
1672 1222 2071 1287 exsistentem,
2127 1214 2223 1273 vel

569 1316 797 1389 aliquid
823 1315 989 1373 aliud
1012 1315 1125 1387 ipsi
1154 1320 1363 1387 postea
1391 1312 1686 1380 additum,
1720 1311 1827 1367 sed
1866 1308 2221 1382 priusquam

568 1405 804 1478 corpori
831 1404 1069 1460 uniatur
1096 1404 1124 1459 Ἰ
1154 1406 1217 1459 Et
1243 1402 1393 1476 quid
1434 1403 1551 1459 hoc
1607 1400 1772 1458 aliud
1819 1402 1973 1456 esset
2012 1398 2224 1469 praeter

570 1496 1012 1566 cogitationem,
1045 1499 1102 1549 et
1130 1493 1288 1549 unde
1343 1490 1793 1565 superveniens,
1833 1504 1968 1545 cum
2017 1484 2225 1543 anima

569 1584 831 1658 perfecta
855 1583 926 1639 sit
954 1586 1011 1638 et
1038 1582 1312 1654 perfectas
1343 1581 1458 1637 sint
1499 1581 1628 1652 ejus
1666 1576 1975 1635 facultates
2005 1580 2061 1630 et
2100 1587 2226 1629 mo-

571 1678 665 1728 tus
687 1674 715 1728 ‘I
744 1670 858 1728 Sed
883 1669 1029 1726 nihil
1057 1669 1275 1742 poteris
1304 1670 1500 1725 dicere
1525 1683 1720 1741 neque
1758 1664 2093 1739 quidquam
2122 1662 2224 1717 de-

571 1761 1004 1819 monstrare.Si
1043 1760 1203 1817 enim
1241 1758 1519 1831 cogitatio
1568 1757 1821 1814 facultas
1860 1754 2077 1811 anima:
2115 1754 2219 1822 est,

572 1866 784 1908 omnes
825 1858 1025 1906 autem
1065 1849 1303 1920 animae,
1345 1865 1480 1921 quae
1532 1862 1771 1919 semper
1808 1845 1867 1900 in
1908 1846 2077 1899 motu
2115 1844 2221 1906 est,

570 1939 882 1997 facultates
911 1938 1279 1994 immortales
1312 1941 1473 2009 sunt,
1506 1935 1753 1992 scientia
1782 1950 1917 2006 qua:
1946 1935 2040 1987 est
2069 1929 2225 2001 cogi-

576 2030 738 2098 tatio,
773 2032 829 2085 et
857 2027 993 2100 ipsa
1024 2027 1243 2085 animae
1272 2026 1526 2084 facultas
1560 2026 1670 2083 erit
1700 2042 1712 2080 :
1740 2039 1865 2080 non
1902 2034 2225 2094 possumus

576 2135 719 2177 vero
750 2133 1000 2190 prorsus
1026 2133 1159 2173 eam
1193 2116 1431 2173 credere
1461 2114 1761 2172 oblivione
1790 2108 2229 2183 corrumpi,ne-

579 2225 698 2282 que
727 2223 969 2264 rursum
999 2210 1344 2278 corruptam
1367 2210 1423 2262 et
1459 2209 1797 2261 emortuam
1820 2202 2021 2259 denuo
2052 2196 2230 2272 quasi

576 2296 956 2353 reviviscere.
976 2295 1202 2352 Etenim
1222 2310 1418 2367 neque
1440 2294 1644 2350 anima
1668 2292 1728 2348 in
1750 2290 1877 2347 aliis
1899 2304 2071 2346 curru
2082 2286 2229 2359 ptio-

574 2402 713 2443 nem
738 2402 922 2458 passa
950 2392 1040 2441 est
1072 2400 1271 2456 neque
1301 2400 1574 2457 unquam
1612 2382 1887 2455 patietur.
1914 2382 1995 2435 Ex
2022 2378 2092 2433 iis
2124 2375 2228 2446 igi-

574 2480 670 2531 tur
696 2491 832 2546 quaa
872 2479 935 2530 tu
965 2472 1280 2545 supponis,
1323 2478 1380 2529 et
1414 2472 1477 2528 id
1509 2470 1849 2529 necessario
1888 2466 2124 2534 accidit,
2156 2480 2229 2521 ex

577 2579 718 2636 quae
756 2563 937 2633 hujus
978 2562 1233 2619 facultas
1272 2562 1348 2617 sit
1366 2560 1627 2629 efﬂuere,
1673 2575 1868 2633 neque
1918 2556 2229 2613 scientiam

578 2656 831 2709 stratum
861 2652 987 2717 erit,
1028 2666 1247 2723 nempe
1286 2650 1515 2707 nullam
1554 2650 1768 2706 animae
1805 2647 2230 2718 cogitationem

576 2758 713 2814 quae
751 2740 932 2810 hujus
969 2739 1223 2796 facultas
1264 2739 1338 2795 sit
1374 2738 1635 2804 efﬂuere,
1675 2753 1870 2810 neque
1923 2734 2231 2792 scientiam

574 2826 773 2903 ipsam
794 2828 1034 2886 efﬂuere
1060 2833 1117 2885 et
1143 2829 1469 2902 corrumpi.
1508 2827 1624 2886 Sed
1651 2842 1845 2899 neque
1877 2824 2056 2881 modo
2080 2824 2233 2879 inest

574 2919 815 2987 animae,
854 2916 1039 2974 modo
1077 2932 1201 2973 non
1238 2917 1390 2974 inest
1430 2935 1443 2973 :
1504 2915 1717 2988 reliqui
1755 2914 1914 2970 enim
1953 2910 2229 2969 animalis

572 3006 885 3079 proprium
897 3009 1191 3078 estcapax
1207 3005 1466 3062 scientiaa
1478 3004 1626 3071 fieri,
1655 3003 1859 3060 anima
1874 3001 2228 3058 immittente

573 3113 645 3153 ac
668 3095 952 3162 donante,
984 3109 1347 3167 rursumque
1382 3093 1693 3150 scientiam
1724 3092 1992 3148 amittere
2022 3094 2079 3146 et
2097 3104 2226 3145 rur-

574 3201 711 3241 sum
739 3184 1001 3257 recipere
1037 3199 1109 3239 ac
1136 3199 1377 3240 rursum
1408 3182 1643 3255 absque
1672 3197 1746 3238 ea
1785 3195 2050 3247 manere,
2081 3184 2138 3235 et
2165 3177 2228 3234 id

576 3289 800 3346 smptus
826 3288 839 3338 ;
865 3272 1031 3345 quod
1060 3273 1181 3344 pati
1207 3278 1264 3329 et
1288 3288 1512 3345 aquam
1534 3269 1834 3340 videmus,
1854 3285 1989 3342 quae
2010 3266 2228 3337 frigida

574 3366 680 3434 est,
722 3360 940 3417 deinde
977 3361 1285 3429 calefacta,
1316 3376 1557 3417 rursum
1588 3360 1754 3432 quod
1808 3363 1954 3423 erat,
2011 3355 2229 3427 frigida

571 3450 641 3506 ﬁt
670 3465 683 3516 ;
716 3449 921 3506 anima
948 3464 1085 3505 vero
1105 3447 1311 3521 quoad
1351 3448 1658 3505 scientiam
1689 3462 1761 3503 ac
1789 3452 2053 3503 mentem
2082 3442 2228 3500 nihil

572 3538 687 3595 tale
758 3538 1000 3610 patitur,
1058 3538 1203 3610 quia
1246 3536 1441 3610 neque
1487 3536 1694 3609 quoad
1743 3538 1923 3593 vitam
1982 3535 2223 3608 patitur.

572 3631 708 3684 Haec
751 3628 912 3684 enim
938 3627 1061 3684 duo
1100 3627 1446 3683 essentiales
1485 3626 1700 3683 animae
1738 3626 2047 3682 facultates
2087 3628 2227 3681 sunt

573 3715 839 3772 similiter
865 3731 937 3772 ac
966 3715 1275 3787 habentes,
1318 3715 1516 3772 vivere
1558 3731 1777 3787 nempe
1838 3719 1896 3770 et
1942 3715 2222 3784 cogitare,

574 3803 1098 3878 quemadmodum
1122 3804 1277 3874 ignis
1300 3805 1611 3877 proprium
1633 3809 1722 3860 est.
1742 3819 1910 3859 urere
1933 3808 1989 3859 et
2006 3803 2224 3873 lucere,

572 3899 632 3952 et
669 3893 817 3951 nihil
856 3894 1073 3950 horum
1121 3893 1355 3963 amittit,
1400 3893 1677 3967 quandiu
1727 3892 1882 3965 ignis
1935 3898 2222 3950 remanet.

572 3985 775 4055 Neque
820 3982 953 4038 vita:
982 3981 1166 4053 hujus
1190 3981 1313 4039 ulla
1340 3980 1744 4053 estcorruptio
1774 3995 1966 4052 neque
1988 3980 2223 4036 mentis.

573 4070 1020 4143 Corruptionem
1053 4074 1254 4127 autem
1292 4069 1550 4125 scientiae
1599 4073 1655 4124 et
1704 4084 1841 4141 quae
1892 4069 2225 4124 secundum

571 4177 709 4219 eam
747 4167 836 4216 est
868 4160 1176 4217 memoriae
1209 4164 1266 4215 et
1298 4158 1674 4229 cogitationis
1693 4173 2029 4231 supponere
2051 4163 2225 4215 etco-

572 4252 759 4323 gitare
786 4250 963 4307 nobis
989 4250 1105 4307 hoc
1134 4249 1319 4307 modo
1348 4265 1470 4306 non
1489 4249 1625 4305 licet
1654 4267 1667 4317 ;
1698 4265 1821 4304 non
1854 4249 1986 4304 licet
2023 4248 2226 4321 utique

574 4354 915 4412 supponere
940 4355 1011 4397 ac
1040 4340 1301 4411 cogitare
1336 4344 1598 4395 mentem
1629 4338 1953 4410 corrumpi.
1988 4341 2091 4395 Est
2110 4338 2224 4408 igi-

574 4433 672 4486 tur
700 4444 935 4501 semper
965 4430 1024 4484 in
1059 4430 1264 4486 anima
1294 4428 1540 4486 scientia
1555 4429 1752 4485 omnis
1773 4435 1831 4485 et
1852 4444 1990 4501 quae
2010 4444 2225 4485 secun-

574 4519 723 4575 dum
754 4534 889 4575 eam
911 4523 1000 4575 est
1032 4520 1322 4576 memoria
1351 4523 1407 4574 et
1431 4519 1735 4588 cogitatio.

574 4612 715 4683 γειαί
740 4626 874 4670 τ.νες
904 4605 1156 4669 οῦσωὸεις
1196 4608 1383 4679 ψυχῆς
1432 4627 1522 4660 και
1566 4610 1754 4680 ὁμοίως
1830 4611 2076 4680 ἔχουσαι,
2132 4612 2225 4683 ζῇν

2322 513 2572 583 πρότερον
2629 510 2719 580 μὲν
2799 504 3127 579 ἐγνωσμένων
3175 505 3357 580 ψυχῇ,
3409 510 3498 559 καὶ
3552 510 3678 580 πρὶν
3737 506 3770 564 ἡ
3825 508 3941 558 ταῦο

2326 618 2418 658 την
2477 600 2522 634 ¹²
2553 596 2739 650 ἐνεῖναι
2777 603 2883 657 τοῖς
2933 601 3196 669 σώμασιν,
3251 593 3415 650 ἔπειθ’
3464 594 3651 649 ἐνεῖται
3700 599 3799 648 καὶ
3833 599 3941 647 τοῦ·

2327 708 2434 751 τοις
2491 691 2876 762 συμπέφυρται,
2952 693 3050 747 τῆς
3103 690 3311 759 μνήμης
3354 688 3527 760 ὥσπερ
3584 683 3936 760 ἕκτριϐείσης,

2327 783 2417 832 καὶ
2471 779 2500 836 ἠ
2579 786 2674 839 τῆς
2725 776 3024 848 ἐπιστήμης
3078 779 3504 850 συνεκτὲτριπται
3550 782 3782 847 γνῶσις,
3856 772 3939 827 εἰτ’

2328 863 2480 929 αὖθις
2500 864 2579 919 ἐπ’
2611 866 2776 925 αὐτὴν
2813 863 2969 937 ψυχὴ
3016 863 3170 917 πάλιν
3206 866 3321 924 ἣκει
3360 869 3453 924 τήν
3498 883 3553 917 τε
3590 883 3817 938 μνημην
3860 883 3939 915 και

2328 960 2421 1016 τὴν
2473 965 2563 1017 τῆς
2626 954 2924 1028 ἐπιστήμης
2973 952 3268 1027 ἀνάμνησιν
3321 955 3389 1023 ¹³,
3437 954 3583 1008 τοῦτ’
3636 953 3704 1006 ἄν
3766 957 3847 1012 εἰη
3889 957 3938 1006 τὸ

2327 1066 2418 1100 και
2468 1051 2697 1117 γενναῖον
2744 1064 2833 1098 και
2881 1046 3017 1098 πάνυ
3044 1045 3164 1096 re."
3195 1043 3568 1119 θρυλλούμενον
3636 1063 3736 1097 και
3788 1042 3941 1114 ἰσχυς

2328 1138 2417 1211 ρόν
2448 1134 2515 1195 εἰς
2534 1130 2804 1197 ἀπόδειξιν
2843 1141 2936 1187 τοῦ
2986 1134 3410 1208 προῦσφεστάναι
3461 1136 3557 1195 τὰς
3596 1132 3797 1205 ψυχὰς
3853 1140 3937 1183 τῶν

2334 1226 2610 1297 σωμάτων.
2642 1222 2863 1277 Ἀλλόὐ
2910 1223 3046 1275 πάνυ
3095 1241 3149 1275 τι
3196 1225 3363 1294 τούτῳ
3416 1241 3476 1295 γε
3523 1226 3857 1297 προσεκτέον
3882 1223 3935 1277 ιδ.

2332 1315 2397 1374 ὡς
2454 1308 2718 1385 μηδεμιᾶς
2787 1308 3029 1371 δηλονότι
3092 1307 3355 1385 μηδαμῶς
3409 1311 3725 1373 ἀντιθέσεως
3769 1314 3936 1371 οὔσης.

2331 1404 2491 1474 Τάχα
2540 1403 2641 1476 γὰρ
2710 1402 2771 1453 οἷν
2817 1420 2871 1453 τι
2921 1420 3012 1453 και
3061 1399 3261 1454 ἀλλοῖον
3305 1401 3431 1474 ἡμῖν
3486 1402 3531 1437 ¹⁶
3584 1401 3940 1471 ὑποθεμένοις,

2332 1510 2423 1544 και
2479 1491 2588 1562 τόγ’
2650 1489 2894 1561 ἐναντίον,
2957 1488 3119 1563 ὀρθῶς
3165 1489 3345 1549 ἐκϐαίη
3399 1491 3464 1527 "-
3521 1488 3801 1543 ἀθανάτου
3851 1493 3939 1560 γὰρ

2332 1588 2424 1641 τῆς
2453 1578 2642 1652 ψυχῆς
2670 1578 2831 1643 οὓσης
2853 1597 2942 1632 και
2982 1577 3063 1632 ἀεί
3116 1584 3417 1653 κινουμένης
3457 1579 3593 1652 (33),
3650 1578 3943 1639 ἆθανατους

2333 1666 2401 1729 δή
2476 1688 2616 1731 τινας
2668 1689 2787 1722 ,και
2864 1671 2959 1731 τὰς
3034 1674 3268 1732 κινήσεις
3333 1690 3423 1723 και
3468 1668 3732 1745 ἕνεργείας
3797 1669 3947 1730 αὐτῆς

2253 1780 2298 1837 Β
2334 1762 2473 1832 εἰπερ
2541 1764 2739 1831 νοοῖμεν
2815 1759 2883 1829 ³³,
2961 1759 3126 1833 ὀρθῶς
3190 1758 3251 1811 ἂν
3316 1761 3539 1832 νοοῖμεν.
3649 1762 3719 1815 Τί
3828 1765 3943 1830 γοῦν

2334 1846 2625 1920 ἐπιστήμην
2721 1848 2861 1921 ἡμᾶς
2956 1867 3045 1901 και
3118 1846 3295 1921 βούλει
3391 1849 3589 1901 τιθέναι
3682 1846 3945 1921 ἐνέργειαν

2332 1936 2516 2009 ψυχῆς
2539 1939 2809 2010 καιταύτῃ
2864 1935 2917 2000 ἐξ
2971 1936 3144 2011 ἀρχῆς
3191 1936 3424 2006 ἐνοῦσαν,
3468 1937 3498 1996 ἣ
3558 1935 3688 1989 ἄλλο
3752 1956 3810 1989 τι
3862 1956 3945 1988 και

2334 2026 2549 2101 ὕστερον
2594 2029 2684 2095 μὲν
2741 2026 2881 2098 αῦτῴ
2971 2030 3465 2102 προσγεγενημένον,
3548 2031 3816 2099 πρότερον
3893 2022 3947 2078 δε

2335 2123 2427 2168 τοῦ
2456 2119 2652 2174 ταύτην
2678 2114 2979 2187 ἐγγενέσθαι
3023 2124 3098 2187 τῷ
3147 2120 3355 2189 σώματι
3400 2132 3415 2185 ;
3459 2120 3639 2169 Καιτὶ
3687 2131 3759 2186 γε
3805 2116 3943 2167 τοῦθ’

2336 2205 2503 2279 ἕτερον
2576 2207 2722 2279 παρὰ
2785 2208 2879 2264 τὴν
2941 2210 3125 2264 νόησιν
3203 2204 3539 2270 ῦποληπτίον,
3626 2224 3721 2257 και
3798 2207 3945 2257 πόθεν

2337 2293 2563 2348 ἕπεισιόν
2619 2292 2849 2362 ἄλλοθεν,
2901 2293 3094 2358 τελείας
3144 2301 3236 2356 τῆς
3273 2293 3460 2368 ψυχῆς
3507 2294 3693 2362 οὔσης,
3746 2292 3946 2346 τελείων

2336 2403 2428 2453 και
2454 2391 2552 2437 τῶν
2600 2382 2853 2459 ἐνεργειῶν
2906 2384 3067 2447 αὐτῆς
3116 2404 3207 2438 και
3261 2401 3543 2451 κινησεως;
3590 2383 3735 2439 Ἀλλ’
3798 2380 3945 2436 οὐδ’ἐν

2338 2472 2399 2525 ἂν
2474 2475 2626 2545 ἔχοις
2694 2473 2870 2541 εἰπεῖν,
2952 2470 3066 2526 οὐδ’
3119 2475 3180 2525 ἂν
3230 2470 3555 2536 ἀποδείξαις.
3613 2473 3678 2527 Εἰ
3730 2474 3845 2546 γὰρ
3904 2474 3945 2509 ³³

2338 2567 2520 2625 νόησις
2588 2565 2678 2635 μεν
2747 2565 2973 2639 ἐνέργεια
3038 2562 3245 2636 ψυχῆς,
3332 2569 3498 2616 πᾶσαι
3569 2558 3627 2616 δ’
3693 2561 3947 2638 ἐνέργειαι

2338 2652 2522 2725 ψυχῆς
2549 2648 2629 2704 ἀεί
2658 2656 2956 2724 κινουμένης
3010 2650 3279 2721 ἀθάνατοι,
3323 2655 3587 2726 ἐπιστήμη
3650 2648 3709 2705 δὲ
3768 2657 3948 2711 νόησις

2339 2747 2493 2807 οὖσα,
2544 2742 2754 2803 εἰκότως
2801 2740 2861 2793 ἆν
2917 2761 3007 2794 και
3062 2740 3286 2815 ἔνέργεια
3334 2741 3518 2813 ψυχῆς
3571 2744 3655 2799 εἴη
3690 2762 3703 2775 ο
3736 2741 3805 2793 οὗ
3868 2737 3950 2793 δεῖ

2340 2826 2400 2883 δε
2479 2830 2528 2865 ³ο
2614 2830 2819 2892 πάντως
2902 2832 3037 2903 ἡμᾶς
3127 2827 3253 2884 οῦδέ
3298 2833 3492 2889 ταύτην
3549 2831 3792 2902 νομίζειν

2337 2919 2488 2987 λήθη,
2521 2917 2799 2992 ἐφθάρθαι,
2856 2915 2957 2972 οῦδ
3014 2919 3081 2972 αὖ
3139 2920 3422 2994 φθαρεῖσαν
3473 2939 3565 2971 και
3621 2918 3948 2972 ἐκλιποῦς-εον

2337 3008 2488 3069 αὐθις
2553 3006 2724 3082 ὥσπερ
2801 3006 3161 3074 ἁναϐιὼσκειν,
3246 3006 3356 3061 ἐπεί
3423 3005 3564 3081 μηδὲ
3649 3010 3697 3044 ³¹
3786 3007 3943 3079 ψυχὴ

2255 3138 2296 3194 C
2334 3094 2474 3149 τοῦτ’
2527 3093 2576 3148 ἐν
2644 3097 2816 3159 ἄλλοις
2864 3098 3056 3171 φθορὰν
3099 3097 3280 3150 ἔπαθεν
3309 3093 3425 3150 οὐδ’
3466 3096 3527 3149 οὐ
3574 3101 3792 3169 μήποτε
3849 3099 3947 3148 πεξ-

2339 3185 2400 3257 θη
2452 3187 2521 3242 ³³.
2584 3188 2672 3241 Ἐκ
2710 3188 2800 3259 μὶν
2853 3181 2941 3237 οὖν
2985 3186 3053 3236 ὧν
3106 3184 3265 3245 αὐτὸς
3328 3186 3602 3249 ὑποτίθης,
3660 3205 3756 3237 και
3812 3183 3947 3237 τοῦτ’

2335 3275 2478 3326 ὶστίν
2507 3274 2560 3339 ἐξ
2587 3274 2817 3347 ἀνάγκης
2857 3272 3164 3347 συμϐαῖνον,
3220 3272 3276 3325 ἐκ
3321 3270 3372 3327 δ’
3425 3272 3492 3327 ὧν
3547 3276 3703 3347 ἡμεῖς
3761 3294 3944 3347 φαμεν,

2336 3362 2493 3417 ἰκεῐνο
2522 3365 2713 3438 μᾶλλον
2752 3364 2813 3416 ἄν
2866 3367 2944 3421 εἴη
2985 3360 3040 3416 εὖ
3073 3363 3214 3437 μάλα
3261 3383 3352 3416 και
3404 3363 3570 3426 καλῶς
3626 3360 3947 3434 ἀποδεδειγ-

2335 3456 2506 3525 μένον,
2529 3459 2657 3525 μήτε
2701 3450 2943 3511 δηλονότι
2997 3449 3261 3526 μηδεμίαν
3313 3457 3495 3512 νόησιν
3542 3452 3735 3525 ψυχῆς
3787 3461 3947 3505 οὖσαν

2335 3540 2587 3618 ἐνέργειαν
2683 3541 2842 3603 αὐτῆς
2950 3540 3326 3618 ἆπερρυηκέναι
3412 3541 3536 3615 μήτ’
3639 3541 3945 3615 ἐπιστήμην

2339 3632 2761 3707 συναποῤῥυῆναι
2825 3632 2873 3667 ³³
2926 3635 3089 3705 ταύτῃ
3190 3652 3279 3685 και
3382 3629 3690 3704 διεφάρθαι.
3812 3632 3944 3685 Ἀλλ’

2335 3716 2459 3773 οὐδὲ
2490 3719 2922 3794 ποτὶμένὲνεῖναι
2951 3728 3013 3793 τῇ
3059 3719 3237 3793 ψυχῇ,
3282 3722 3407 3773 ποτε
3472 3716 3534 3773 δὲ
3596 3726 3676 3792 μή
3730 3717 3869 3773 εἶναι
3927 3740 3942 3751 ·

2333 3816 2426 3861 τοῦ
2445 3808 2627 3862 λοιποῦ
2676 3812 2779 3883 γὰρ
2822 3810 2959 3870 ςὼου
3016 3816 3169 3861 τοῦτο
3216 3805 3458 3862 δεκτικὸν
3510 3812 3601 3882 μὲν
3658 3808 3947 3881 ἐπιστήμης

2334 3896 2461 3951 αὐτὸ
2490 3900 2930 3971 γεγενῆσθαι,τῆς
2951 3897 3137 3970 ψυχῆς
3176 3896 3395 3961 ἐνιείσης
3446 3917 3538 3951 και
3583 3895 3941 3971 μεταδούς-ης,

2334 3983 2485 4049 αὖθις
2551 3983 2603 4040 δ’
2672 4006 2771 4040 απο
2807 3986 3056 4040 ϐαλέσθαι
3131 3988 3179 4023 ³⁸
3266 3986 3620 4040 ἀναϐαλέσθαι
3680 4007 3738 4040 τε
3800 3983 3945 4046 αὖθις

2334 4096 2424 4130 και
2444 4081 2614 4151 χωρίς
2635 4077 2798 4140 αὐτῆς
2845 4078 2992 4139 αὖθις
3047 4084 3236 4150 μεῖναι,
3296 4097 3387 4130 και
3432 4096 3586 4130 τουτο
3641 4077 3941 4138 πολλάκις·

2334 4164 2360 4217 ὃ
2410 4161 2478 4225 δὴ
2528 4167 2690 4227 πάθος
2740 4170 2831 4219 καὶ
2888 4169 2971 4219 ἐπὶ
3016 4174 3105 4218 τοῦ
3154 4168 3201 4201 ³⁵
3268 4163 3464 4228 ὕδατος
3539 4168 3767 4240 ὁρῶμεν,
3840 4165 3941 4237 ψυ-

2332 4253 2468 4329 ψροῦ
2544 4256 2634 4328 μὶν
2714 4258 2875 4326 ὄντος,
2953 4253 3009 4307 ἐκ
3060 4251 3120 4307 δι
3172 4258 3336 4327 πυρὸς
3386 4257 3800 4329 θερμαινομένου
3858 4240 3945 4307 εἶδ’

2335 4344 2456 4419 ὅπερ
2513 4340 2574 4403 ἦν
2624 4344 2777 4397 πάλιν
2823 4344 3040 4419 ψυχροῦ
3090 4349 3363 4416 γεγονότος
3410 4364 3424 4378 ·
3486 4343 3649 4416 ψυχὴ
3722 4342 3784 4397 δὲ
3832 4342 3937 4396 κατ’

2336 4432 2632 4506 ἔπιστημην
2695 4452 2785 4485 και
2853 4440 2971 4486 νοῦν
3044 4429 3194 4486 οὐδὲν
3234 4442 3297 4493 ἦν
3344 4440 3576 4486 τοῖοῦτον
3616 4436 3807 4505 πάθοι,
3866 4434 3935 4484 ὅτι

2337 4520 2475 4596 μηδὲ
2494 4525 2631 4575 κατὰ
2657 4524 2713 4575 τὸ
2762 4523 2858 4595 ζῇν
2896 4524 3119 4594 πάσχει.
3171 4521 3360 4597 ’Λμφω
3414 4524 3514 4596 γὰρ
3572 4526 3770 4590 ταῦτα,

2279 4607 2453 4671 δήπου
2506 4631 2597 4664 και
2686 4619 2839 4684 νοεῖν²
2928 4613 2993 4673 ὡς
3079 4632 3167 4665 και
3250 4620 3343 4665 τοῦ
3387 4614 3555 4685 πυρὸς
3612 4615 3679 4664 τὸ
3746 4612 3927 4684 φλέγειν

2261 4498 2305 4551 D

574 4699 707 4772 ὁμοῦ
736 4717 826 4750 και
873 4698 933 4750 τὸ
992 4698 1042 4734 ²⁶
1085 4697 1345 4770 φωτίζειν,
1406 4716 1497 4750 και
1537 4692 1690 4750 οὐδέν
1745 4700 1939 4750 τούτων
1998 4696 2274 4771 ἀπόλλυσι,
2310 4708 2413 4775 πῦρ
2468 4695 2643 4759 δήπου
2674 4704 2841 4773 μένον.
2898 4700 3024 4753 Οὕτ⁹
3075 4700 3162 4752 ὀῦν
3208 4699 3347 4762 ζωῆς
3390 4703 3585 4762 ταύτης
3620 4702 3744 4753 κατ’
3796 4695 3925 4752 οὗόἐν

574 4785 799 4865 οὐδεμία
842 4788 1029 4865 φθορὰ,
1110 4788 1226 4841 οὔτε
1289 4794 1379 4841 νοῦ
1460 4788 1529 4840 ³⁷.
1597 4789 1795 4861 Φθορὰν
1852 4783 1912 4841 δέ
1962 4788 2082 4841 ποθ’
2109 4790 2251 4863 ἡμᾶς
2328 4788 2618 4864 ἐπιστήμη.
2654 4804 2744 4842 και
2824 4795 3030 4863 μνήμης
3072 4796 3160 4852 τῆς
3198 4788 3314 4842 κατ’
3376 4789 3539 4850 αὐτὴν
3582 4809 3679 4842 και
3731 4795 3924 4847 νοήσεως

1935 4912 2160 4984 Variae
2206 4914 2557 4985 lectiones.

1260 5059 1389 5115 Vat.

1238 5150 1324 5183 και
1378 5148 1537 5203 προσ.
1589 5126 1735 5203 γει.

656 5055 704 5093 ﬂ
756 5057 951 5117 ταύτην
1010 5056 1184 5116 omis.

582 5122 1077 5215 sicmroximid-
1131 5130 1324 5215 ,ἔθηκιιι
1378 5148 1537 5215 τξιοσε
1589 5126 1735 5215 .Yet-
1794 5131 1858 5215 ,¹⁶
1908 5122 2194 5215 similia-

1469 5057 1514 5093 ³³
1591 5052 1667 5130 ἐπ’
1728 5055 1890 5116 αὐτὴν
1938 5056 2124 5130 ψυχὴν
2172 5073 2286 5111 ακει
2342 5059 2499 5130 Vat.
2536 5054 2825 5130 ἐπ’-αὐτην
2855 5055 3009 5130 ψυχὴ
3035 5059 3157 5111 εἴκει
3214 5055 3385 5115 Vind.

3466 5058 3512 5093 ³³
3562 5076 3647 5110 τοι
3694 5055 3919 5115 Vind.et

2258 5131 2383 5202 Vat.
2550 5127 2741 5202 inde?!)
2792 5127 2972 5186 Vind.
3034 5131 3086 5202 7'8
3111 5136 3320 5202 νοοῦμεν
3388 5131 3514 5202 Vat.
3596 5132 3642 5165 ¹⁹
3665 5137 3791 5201 γοῦν
3816 5129 3913 5181 Vat.

581 5199 633 5236 =0
666 5193 726 5273 σήἱ
753 5215 879 5258 non
901 5200 1171 5273 agnoscit
1195 5202 1322 5273 vat.
1401 5193 1541 5273 ξξμὴ
1577 5196 1851 5273 aavind.
1909 5193 2146 5273 ιξπάθοὶ
2201 5202 2224 5254 i

2331 5200 2373 5256 i.
2450 5199 2500 5273 ’P
2560 5200 2651 5257 Sic
2678 5200 2814 5257 Vat.
2875 5204 2932 5257 et
2984 5200 3155 5258 Vind.
3220 5193 3436 5271 ξηαπ-8.,
3485 5201 3548 5257 in
3604 5193 3771 5258 teitu
3814 5216 3914 5273 σιξ·

585 5270 981 5349 επορρυηκέναῖ.
1057 5272 1106 5310 ²⁴
1129 5271 1441 5327 ἀποϐαλέσθ’
1471 5270 1596 5330 Vat.
1672 5272 1722 5308 ³⁵
1747 5271 2063 5330 articulum
2083 5286 2208 5330 non

2331 5271 2512 5330 noscit
2534 5274 2660 5331 Vat.
2736 5273 2865 5325 ²⁶τὸ
2921 5286 3046 5330 non
3101 5275 3191 5330 est
3240 5273 3305 5328 in
3333 5270 3458 5329 Vat.
3535 5273 3583 5308 ³⁷
3654 5276 3773 5333 νοὸς
3811 5270 3911 5324 Vat.

2150 5395 2368 5467 Notas.

655 5544 767 5616 (33)
809 5541 1200 5616 Platonicum,
1251 5556 1323 5599 ex
1354 5538 1806 5616 Phaedro._vid.
1849 5540 2131 5616 _pag._2fi_5
2177 5542 2235 5609 C,

657 5612 719 5676 ω
750 5612 1128 5689 Ἠθὶιιάοίὺὶᾳ.
1157 5615 1482 5689 interprett.
1518 5612 1683 5673 Conf.
1717 5612 1918 5673 Davis.
1950 5612 2030 5671 ab
2056 5614 2233 5671 Cicer.

2355 5538 2595 5598 Tuscul.
2617 5539 2787 5613 Disp.
2821 5542 2871 5610 1,
2889 5540 2985 5613 23,
3004 5542 3070 5613 et
3098 5537 3513 5613 Wyttenbach.
3540 5540 3622 5599 De
3642 5538 3808 5613 plac.
3828 5537 3911 5592 im-

2347 5578 2591 5674 ἧιὲἷιῖἷὶῑ.
2613 5578 2799 5672 adigi
2822 5578 3231 5672 Uir/$01611:
3236 5578 3472 5686 Ἐῗέῖὲ
