4066 6212
183 277 320 334 1425

1407 275 1568 332 ADV.
1609 274 1960 336 PLOTINUM
1997 278 2090 337 DE
2142 283 2368 341 ΑΝΙΜΑ

175 401 579 474 ὑποτιθεμένους
628 398 659 459 ἦ
706 396 1022 471 ίννοοῦνταςγ
1077 397 1170 454 οὐκ
1233 402 1346 455 ἔστι
1412 407 1592 456 τοῦτον
1667 402 1756 454 τὸν
1839 405 2028 478 τρόπον

3406 291 3541 346 1426

2096 427 2109 441 ’
2165 413 2294 481 μήτι
2357 428 2418 483 γε
2475 411 2566 463 καὶ
2620 410 2706 462 τὸν
2760 416 2879 463 νοῦν
2938 411 3240 484 φθείρεσθαι
3301 413 3540 465 τίθεσθαι

172 494 266 544 καὶ
293 496 448 556 νοεῖν,
472 487 651 542 Ἔστιν
685 483 772 541 οὖν
811 486 890 542 ἀεὶ
919 492 1008 542 καὶ
1047 486 1311 562 ίπιστήμη
1351 495 1499 543 πᾶσα
1518 494 1608 544 καὶ
1637 491 1667 549 ἠ
1696 488 1812 543 κατ’
1842 491 2004 552 αὐτὴν
2024 501 2202 570 μνήμη
2234 503 2323 552 καὶ
2351 503 2532 563 νόησις
2562 497 2611 552 ἐν
2637 498 2816 572 ψυχῇ.

251 577 320 645 ς’.
369 579 573 632 Τούτου
633 572 688 631 δ’
737 581 880 640 ὄντος
925 583 1018 632 καὶ
1062 576 1528 653 ἀποδεδειγμένου,
1567 578 1688 632 οὒτε
1725 582 1768 632 τε

1964 587 2018 642 6.
2060 587 2203 652 Quae
2233 603 2361 644 cum
2392 589 2621 655 itasint,
2652 588 3202 646 utdemonstratum
3217 593 3540 664 est,neque

175 667 647 743 ἀναμιμήσκεσθαι
722 678 815 727 την
890 667 1078 740 ψυχὴν
1159 671 1299 722 ἔστιν
1355 665 1619 742 ούδὰμῶς,
1667 676 1784 723 οὔτε

167 762 230 813 τὸ
260 758 648 832 προϋφεστάναι
677 759 872 816 ταύτην
919 765 1012 812 τοῦ
1065 758 1201 821 ζώου
1253 765 1345 813 τοῦ
1394 763 1784 833 μετεσχηκότος

171 848 341 912 αὐτῆς
391 868 405 884 ο
457 848 613 901 πόθεν
668 842 720 900 δ’
767 849 1005 923 ἔτέρωθεν
1081 849 1206 922 ἡμῖν
1276 849 1324 886 ³⁸
1384 847 1682 902 ἀπαντῶσιν
1727 853 1782 905 αἱ

169 939 222 974 θ’
303 935 595 1009 ἐπιστῆμαι
673 932 840 1010 μηδεν
921 940 1168 1013 πρότερον
1234 943 1349 1012 περὶ
1432 938 1600 992 αὐτῶν
1647 934 1784 992 είδό·

171 1045 260 1080 σιν
302 1043 318 1094 ;
369 1025 517 1098 Ἐμοὶ
589 1021 782 1096 δοκεῖν,
854 1025 932 1079 ὅτι
989 1029 1165 1100 ὡσπερ
1217 1031 1284 1081 σὺ
1336 1024 1783 1104 προδημιουργῶν

166 1117 267 1178 τάς
324 1113 510 1187 ψυχὰς
589 1121 690 1168 τῶν
745 1116 996 1187 σωμάτων
1050 1113 1213 1188 λέγεις
1241 1121 1312 1190 μὴ
1376 1116 1596 1189 ἀμαθεῖς
1649 1113 1786 1191 μηδ’

167 1203 346 1257 αὐτῶν
421 1210 522 1256 τῶν
604 1201 902 1276 έπιστημῶν
987 1200 1137 1274 εἶναι,
1217 1205 1322 1259 ἀλλ’
1412 1205 1461 1260 έν
1541 1207 1648 1280 ζωῇ
1706 1221 1786 1260 re‘

167 1291 285 1365 λείᾳ
367 1292 416 1330 ³ο
478 1291 650 1365 τελείῳ
732 1289 791 1346 δὲ
874 1297 964 1347 καὶ
1021 1301 1092 1364 νῷ
1159 1295 1203 1332 δι
1256 1295 1526 1366 τελούσας,
1590 1295 1782 1358 τελείας

405 1388 496 1437 καὶ
570 1384 618 1420 ³⁸
695 1387 880 1443 νόησιν
986 1390 1164 1438 πᾶσαν
1261 1391 1353 1439 καὶ
1457 1385 1776 1461 ἐπιστήμην,

167 1471 310 1525 οὕτω
340 1467 409 1532 δὴ
459 1470 620 1546 κάμοὶ
669 1469 1110 1548 ἀποδεδειγμένου
1170 1474 1587 1548 συγγεγένῆσθαι
1646 1483 1774 1530 ταῦ-

166 1579 268 1624 τας
311 1567 403 1616 καὶ
457 1564 817 1637 συνυπάρχειν
869 1570 980 1626 τοῖς
1045 1567 1334 1638 μετεχουσι
1384 1565 1556 1635 ζώοις,
1623 1562 1774 1619 ούδὶν

167 1650 384 1705 ἴλαττον
423 1651 625 1713 ταλείας
682 1654 840 1714 οὔσας
895 1653 1034 1714 ζωήν
1081 1658 1170 1707 καὶ
1220 1662 1360 1722 νοῦν,
1406 1653 1602 1717 τελείας
1644 1651 1775 1707 εἶναι

169 1378 303 1436 εἶναι
311 1425 325 1450 ,

167 1745 264 1794 καὶ
325 1745 421 1801 τήν
500 1741 791 1815 έπιστήμην
833 1743 882 1778 ⁸³
932 1749 1020 1796 καὶ
1061 1749 1155 1804 τήν
1223 1753 1418 1817 γνῶσιν
1471 1745 1634 1808 αὐτῆς
1700 1746 1770 1802 ³⁸.

165 1831 240 1886 Ἥ
296 1835 436 1895 τίνος
490 1832 649 1886 ἕνεκεν
697 1833 802 1906 ούχ
861 1833 1019 1895 οὕτως
1064 1851 1078 1901 ;
1134 1835 1272 1889 Ἀλλ’
1339 1831 1550 1900 οὐδενὸς
1603 1833 1772 1910 οἶμαι,

1890 674 2191 732 recordari
2215 678 2485 736 animam
2541 677 2983 735 admittendum
3031 683 3120 736 est
3163 695 3361 752 neque
3403 696 3539 737 eam

1891 762 2139 820 animali
2164 781 2298 824 eam
2338 766 2660 824 continenti
2687 767 3110 839 prmexsistere.
3135 769 3305 824 Unde
3337 773 3540 825 autem

1891 860 2212 912 occurrunt
2251 856 2510 913 scientiae
2529 855 2706 912 nobis
2734 856 2899 929 prius
2960 856 3108 912 nihil
3163 857 3486 913 scientibus
3510 861 3542 918 ?

1895 942 1964 998 Ut
1991 943 2137 1000 mihi
2194 945 2450 1013 videtur,
2500 945 3020 1019 quemadmodum
3069 950 3151 1013 tu,
3208 947 3540 1003 animarum

1891 1034 2429 1104 przeexsistentiam
2461 1035 2709 1101 docens,
2730 1050 2832 1090 eas
2843 1050 2966 1092 non
2981 1035 3542 1106 scientiarumigna—

1893 1137 1992 1178 ras
2020 1123 2188 1193 dicis,
2241 1127 2349 1182 sed
2405 1127 2696 1200 quoniam
2757 1126 2872 1183 vita
2932 1126 3191 1199 perfecta
3237 1133 3292 1184 et
3347 1131 3542 1184 mente

1891 1211 2154 1284 perfecta
2191 1215 2456 1287 praeditas
2487 1216 2621 1282 sint,
2664 1215 2957 1289 perfectas
3001 1231 3244 1289 quoque
3295 1231 3423 1273 esse
3449 1233 3546 1274 co-

1891 1301 2174 1370 gitatione
2201 1318 2271 1359 ac
2297 1303 2563 1368 scientia,
2590 1305 2671 1360 ita
2727 1304 2874 1360 mihi
2924 1304 3407 1360 demonstratum
3455 1309 3546 1362 est

1887 1403 1990 1446 eas
2019 1393 2302 1448 connasci
2369 1398 2427 1449 et
2479 1393 2741 1466 incipere
2815 1409 2939 1449 una
2989 1409 3127 1449 cum
3175 1395 3542 1451 animalibus

1884 1493 2019 1550 quae
2045 1495 2148 1536 eas
2177 1481 2501 1554 accipiunt,
2549 1487 2767 1538 etcum
2817 1481 3209 1538 nihilominus
3268 1483 3545 1554 perfectae

1883 1569 2001 1624 sint
2031 1568 2154 1626 vita
2183 1585 2254 1626 ac
2281 1575 2500 1640 mente,
2547 1571 2630 1627 ita
2685 1569 2979 1643 perfectas
3023 1585 3151 1626 esse
3203 1570 3447 1630 scientia
3489 1578 3548 1630 et

1882 1657 2242 1727 cognitione.
2273 1661 2390 1714 Aut
2411 1673 2601 1732 quare
2627 1673 2752 1714 non
2793 1657 2955 1714 idita
3007 1659 3208 1715 esset?
3253 1659 3540 1717 Profecto:

1881 1749 1946 1802 ut
1983 1745 2217 1818 opinor,
2251 1762 2448 1821 neque
2472 1751 2538 1804 tu
2563 1747 2930 1804 contrarium
2955 1745 3206 1817 diceres,
3227 1762 3425 1820 neque
3437 1747 3543 1804 de-

1882 1839 2276 1898 monstrares.
2293 1839 2489 1892 Restat
2510 1837 2692 1907 igitur
2703 1847 2790 1904 ut,
2808 1835 3331 1908 quemadmodum
3349 1837 3546 1909 ipsum

169 1917 292 1976 οὐδ’
343 1920 404 1974 ἂν
455 1924 522 1974 σὺ
575 1926 732 1996 φαίης
777 1919 895 1975 οὐδ’
944 1922 1004 1976 ἀν
1055 1920 1268 1987 δείξαις.
1319 1930 1566 1979 Λείπεται
1604 1931 1768 1979 τοίνυν

1883 1923 2109 1981 animal
2136 1923 2294 1980 hanc
2339 1925 2763 1996 intelligentem
2811 1924 3081 1981 animam
3143 1925 3454 1981 continens
3485 1930 3545 1982 et

171 2012 350 2085 ὥσπερ
415 2009 543 2063 αύτό
622 2013 682 2063 τὸ
771 2011 904 2073 ζῶον
988 2014 1055 2065 τά
1113 2020 1293 2088 νοερᾶς
1347 2018 1545 2078 ταύτης
1588 2014 1778 2088 ψυχῆς

169 2103 417 2173 μετέχον,
513 2099 811 2163 αἰσθήσεως
883 2101 936 2153 ὃν
1019 2105 1168 2172 ζῶον,
1239 2099 1390 2156 οὐδὲν
1446 2107 1538 2177 μὲν
1591 2103 1775 2158 τέλειον

170 2190 312 2241 κατά
385 2189 580 2248 ταύτην
659 2192 754 2248 τήν
845 2191 1098 2248 αἴσθησιν
1175 2189 1384 2266 ἐνεργεῖ,
1467 2196 1624 2263 μήπω
1677 2202 1776 2246 τῶν

175 2278 499 2335 αἰσθητικῶν
611 2275 840 2350 ὀργάνων
917 2277 1301 2352 τετελεσμένων,
1407 2283 1776 2355 προαχθέντων

176 2360 230 2416 δ’
262 2364 329 2426 εἰς
357 2372 511 2418 τοῦτο
547 2363 742 2431 τέλους,
804 2365 910 2419 τότ’
954 2365 1067 2420 ἔστὶ
1131 2373 1220 2420 καὶ
1271 2373 1460 2431 παντός
1519 2377 1611 2422 τοῦ
1662 2355 1776 2423 κατ’

180 2455 432 2512 αἴσθησιν
463 2452 847 2521 ἀντιληπτικὼ,
877 2455 1010 2508 οὕτω
1051 2451 1120 2514 δὴ
1180 2461 1270 2510 καὶ
1326 2465 1461 2528 νοῦν,
1515 2457 1568 2521 ἐξ
1619 2459 1779 2520 αὐτῆς

180 2541 360 2616 ἀρχῆς
407 2540 808 2617 ἀναμεμιγμένον
885 2548 976 2596 καὶ
1034 2551 1539 2622 συνανακεκραμένον
1593 2547 1778 2608 αἰσθή-

176 2649 257 2684 σει
303 2635 392 2684 καὶ
463 2635 681 2704 σώματι,
762 2636 852 2686 καὶ
917 2632 1105 2686 τέλειον
1153 2635 1278 2687 ὀντα
1341 2637 1456 2689 κατ’
1517 2635 1648 2689 ἄλλα
1690 2631 1780 2689 καὶ

173 2720 333 2778 αὐτὴν
403 2723 497 2779 την
583 2718 898 2795 ἐπιστήμην,
969 2721 1168 2776 τελείων
1241 2719 1451 2779 δεῖσθαι
1526 2731 1616 2778 καὶ
1681 2734 1781 2782 τῶν

172 2808 421 2883 ὁργάνων,
475 2805 548 2862 δι’
601 2831 669 2862 ων
721 2809 782 2863 ἂν
835 2816 924 2864 καὶ
978 2814 1108 2884 μετά
1165 2818 1407 2887 σώματος
1473 2811 1637 2878 δείξοι
1687 2818 1751 2872 τὴ

163 2897 214 2952 ἓν
294 2899 478 2963 αὐταῖς
533 2899 846 2974 ἕπιστήμαις
898 2898 1119 2974 δύναμιν
1189 2903 1352 2956 αὐτοῦ
1407 2905 1454 2940 ³⁵
1499 2910 1588 2958 καὶ
1645 2875 1783 2981 ένέρῖ

170 3006 340 3059 γειαν.
426 2986 668 3065 ’Ὀργανα
749 2986 800 3043 δ’
876 2989 960 3043 ἐπὶ
1033 2994 1246 3055 ταύταις
1313 2991 1406 3046 εἶεν
1461 2993 1522 3045 ἄν
1569 2993 1778 3076 ψυχῆς,

159 3076 465 3152 ποῤῥώτερα
523 3082 638 3152 μεν,
708 3080 964 3143 αἴσθησις
1019 3085 1111 3133 καὶ
1178 3083 1204 3140 ἡ
1267 3080 1319 3145 ἐξ
1369 3081 1533 3143 αὐτῆς
1589 3103 1780 3155 φαντα-

162 3171 278 3236 σία,
357 3168 518 3230 αὐτῆς
590 3169 638 3205 ³⁸
724 3165 773 3222 δ’
849 3169 995 3231 εὐθὺς
1065 3169 1325 3243 έξημμένα
1416 3173 1680 3232 κάκείναις
1724 3173 1768 3206 ³⁷

1884 2012 2188 2079 sensibile,
2216 2013 2365 2070 nihil
2395 2018 2596 2070 tamen
2660 2013 2989 2086 perfectum
3047 2028 3152 2086 per
3207 2013 3320 2069 hos
3378 2014 3544 2086 ipsos

1884 2117 2100 2158 sensus
2154 2107 2458 2176 operatur,
2553 2101 2828 2159 nondum
2894 2100 3170 2175 perfectis
3252 2116 3544 2160 sensuum

1884 2192 2159 2261 organis;
2179 2197 2502 2266 postquam
2524 2198 2726 2248 autem
2742 2191 2820 2247 ad
2834 2191 3263 2264 perfectionem
3280 2189 3545 2247 adducta

1886 2284 2045 2352 sunt,
2078 2285 2218 2337 tunc
2239 2281 2510 2337 omnium
2532 2296 2668 2353 qum
2713 2279 3047 2337 secundum
3098 2293 3341 2335 sensum
3403 2283 3545 2335 sunt

1885 2385 2081 2443 capax
2119 2375 2225 2437 est,
2257 2370 2340 2426 ita
2380 2374 2436 2427 et
2466 2385 2636 2426 mens
2677 2369 2754 2425 ab
2801 2369 2967 2425 initio
2997 2367 3264 2426 immista
3293 2372 3351 2424 et
3393 2383 3542 2424 con-

1887 2459 2021 2516 fusa
2047 2476 2185 2516 cum
2217 2459 2491 2516 sensibus
2557 2463 2616 2515 et
2667 2474 2938 2532 corpore,
2991 2458 3099 2513 etsi
3156 2457 3416 2530 perfecta
3471 2457 3545 2514 sit

1886 2549 2132 2622 reliquis
2154 2553 2212 2606 et
2247 2550 2380 2622 ipsa
2405 2547 2672 2616 scientia,
2723 2547 2998 2621 perfectis
3055 2551 3258 2602 tamen
3295 2545 3540 2617 organis

1888 2643 2060 2708 egeat
2084 2654 2192 2711 per
2219 2654 2356 2711 quae
2378 2636 2557 2694 simul
2595 2653 2734 2692 cum
2767 2651 3022 2708 corpore
3062 2634 3338 2692 ostendat
3365 2650 3542 2692 suam

1889 2727 1949 2783 in
1977 2727 2110 2800 ipsa
2141 2727 2386 2783 scientia
2441 2727 2719 2782 virtutem
2777 2729 2834 2780 et
2893 2723 3248 2782 efﬁcaciam.
3303 2726 3542 2794 Organa

1891 2820 2094 2872 autem
2121 2815 2193 2871 iis
2221 2815 2602 2872 inservientia
2623 2830 2758 2886 quae
2773 2812 3012 2884 longius
3035 2813 3114 2870 ab
3133 2805 3337 2869 anima
3358 2816 3538 2884 stant,

1891 2909 2028 2962 sunt
2058 2920 2267 2961 sensus
2300 2909 2356 2960 et
2385 2903 2744 2976 phantasia;
2771 2917 2907 2974 quae
2941 2906 3141 2978 autem
3168 2902 3283 2974 ipsi
3319 2901 3537 2957 anima:

1889 2993 2205 3049 adhaerent
2245 2999 2304 3048 et
2335 2991 2812 3065 praecedentibus
2845 2991 3024 3046 mista
3044 2995 3200 3054 sunt,
3260 2988 3537 3059 cogitatio

1886 3087 1942 3138 et
1987 3081 2214 3153 opinio.
2272 3080 2512 3137 Talibus
2597 3079 2840 3150 organis
2878 3095 3050 3135 mens
3115 3077 3427 3134 scientiam
3472 3076 3535 3132 in

1882 3169 2242 3243 corporibus
2268 3175 2568 3243 operatur,
2615 3173 2671 3225 et
2724 3172 2880 3224 recte
2931 3167 3176 3240 quidem
3231 3169 3530 3239 operatur,

157 3259 345 3328 μικτὰ,
402 3253 612 3310 διάνοια
657 3261 749 3310 καὶ
802 3253 954 3322 δόξα.
1018 3261 1163 3312 Μετά
1219 3267 1318 3310 τῶν
1367 3261 1611 3312 τοιούτων
1659 3268 1768 3322 νοῦς

1881 3258 2130 3331 quando
2173 3263 2330 3314 recte
2357 3273 2419 3314 se
2447 3257 2672 3314 habent
2697 3256 2795 3312 illa
2819 3272 3051 3326 organa
3100 3275 3114 3325 ;
3153 3255 3302 3312 nihil
3332 3259 3534 3312 autem

158 3342 458 3418 ἰπιστήμας
510 3343 559 3397 έν
624 3353 735 3408 τοίς
793 3351 1031 3419 σώμασιν
1123 3345 1313 3420 ἐνεργεί
1365 3366 1381 3382 ο
1436 3351 1526 3400 καὶ
1581 3347 1773 3422 ἐνεργεί

154 3437 252 3506 μὲν
305 3431 380 3500 εὖ,
436 3434 605 3497 καλῶς
677 3432 744 3494 δὴ
796 3441 886 3488 καὶ
941 3444 1041 3488 τῶν
1105 3437 1337 3511 ὁργάνων
1393 3437 1587 3489 τούτων
1646 3439 1769 3509 ἑχὸν

151 3543 260 3576 των
289 3523 337 3559 ³⁸
366 3545 379 3557 ·
411 3520 562 3577 οὐδὲν
604 3520 658 3578 δ’
711 3524 946 3598 ἄριστον,
996 3531 1089 3577 τοῦ
1143 3523 1359 3598 ἀρίστου
1396 3545 1454 3598 γε
1494 3531 1584 3578 καὶ
1650 3529 1768 3579 τού-

149 3631 258 3665 των
283 3611 714 3686 ἀπολειπομένων.
753 3615 927 3686 Ταύτη
980 3633 1062 3666 τοι
1115 3618 1205 3666 καὶ
1243 3616 1388 3666 ἔστιν
1444 3613 1492 3666 ἔν
1549 3616 1628 3676 οἷς
1676 3617 1767 3687 μὲν

151 3697 368 3764 οὐδενὸς
444 3709 543 3755 τῶν
623 3699 954 3774 βοηθούντων
1023 3701 1170 3764 ἐκτὸς
1221 3699 1412 3770 δεῖται,
1459 3701 1566 3755 ἀλλ’
1611 3704 1768 3766 αὐτὸς

149 3791 407 3866 ἀποχρῶν
469 3789 608 3843 ἐστιν
665 3791 856 3862 ἑαυτῷ,
912 3799 1005 3844 τοῦ
1083 3791 1521 3866 ἐπιπροσθοῦντος
1574 3797 1766 3855 παντὸς

153 3884 332 3956 ὥσπερ
383 3878 654 3952 ἀνακύψας
713 3901 728 3916 ο
800 3880 849 3934 έν
905 3882 982 3944 οἷς
1038 3877 1098 3934 δὲ
1145 3885 1234 3935 καὶ
1295 3889 1386 3934 τοῦ
1443 3879 1765 3956 βοηθοῦντος

153 3969 340 4032 ἔξωθεν
385 3965 576 4031 δεῖται⁹
639 3967 751 4043 ούχ’
791 3973 856 4032 ὡς
918 3969 1316 4044 ἐπιλελησμένος
1361 3979 1460 4024 τῶν
1506 3991 1764 4048 προεγνω-

161 4062 364 4110 σιιένων
392 4057 533 4129 αύτῷ
576 4054 767 4125 δεῖται,
810 4059 921 4112 αλλ’
977 4058 1112 4112 ὥστε
1162 4063 1220 4112 τὸ
1277 4059 1607 4136 προπλασθὲν
1658 4066 1761 4114 πᾶν

155 4152 251 4200 καὶ
303 4151 528 4224 κρύπτων
583 4148 740 4211 αὐτὸς
803 4152 998 4222 σαρκὸς
1044 4151 1212 4222 πάχει
1260 4150 1309 4186 ⁸9
1362 4155 1450 4203 καὶ
1505 4150 1631 4214 ὕλης
1671 4172 1759 4224 μι-

147 4240 311 4308 γέντα
367 4233 658 4298 δυνηθῆναι
709 4239 884 4313 ῥᾷστα
932 4238 1090 4314 ῥῆξαι
1157 4244 1247 4293 καὶ
1312 4238 1620 4306 ἀποθέσθαι,
1669 4245 1758 4293 καὶ

145 4326 385 4401 καθάπερ
434 4333 536 4400 πῦρ
611 4331 824 4398 σώμασι
889 4323 957 4386 δὴ
1016 4347 1155 4381 τισιν
1200 4326 1478 4402 ἐμφαλεῦον
1525 4332 1758 4401 παχυτέι

143 4433 267 4488 ροις
324 4422 387 4488 τῇ
445 4417 591 4478 ἐκτός
638 4415 810 4489 πληγῇ
873 4415 1174 4489 ἐκραγῆναι,
1247 4423 1337 4470 καὶ
1393 4421 1451 4471 τὸ
1509 4417 1558 4471 έν
1614 4419 1755 4489 αύτῷ

141 4506 438 4576 γνωστικόν
518 4513 624 4576 φῶς
705 4505 825 4558 ὅσον
896 4509 984 4557 καὶ
1034 4504 1160 4572 οἷον,
1222 4505 1517 4580 ἐπιστήμην
1577 4513 1753 4560 πᾶσαν

1880 3346 2136 3418 excellit,
2165 3346 2272 3402 ubi
2304 3363 2375 3404 ea
2395 3341 2514 3402 non
2573 3345 2879 3402 excellunt.
2925 3345 3090 3401 Unde
3139 3345 3208 3400 ﬁt
3259 3349 3325 3400 ut
3365 3344 3532 3400 nullo

1878 3441 2123 3492 externo
2155 3434 2377 3492 auxilio
2402 3435 2687 3506 indigeat,
2718 3435 2823 3490 sed
2849 3433 2960 3490 sibi
2985 3435 3116 3506 ipsa
3151 3432 3428 3499 sufﬁciat,
3451 3433 3530 3488 ab

1877 3525 2160 3582 omnibus
2190 3525 2516 3581 obstaculis
2539 3541 2715 3598 quas:
2771 3539 3082 3595 emergens
3132 3540 3145 3578 :
3202 3523 3529 3596 aliquando

1876 3619 2076 3671 autem
2107 3619 2352 3671 externo
2375 3613 2599 3670 auxilio
2637 3612 2882 3684 indiget,
2937 3628 3054 3669 non
3116 3611 3282 3685 quod
3341 3611 3528 3668 oblita

1876 3705 1950 3761 sit
1979 3719 2187 3760 eorum
2217 3720 2354 3776 quas
2375 3703 2539 3775 prius
2572 3707 2838 3772 noverat,
2864 3702 2967 3759 sed
3007 3708 3070 3758 ut
3099 3706 3232 3758 ante
3254 3716 3316 3756 se
3373 3701 3529 3773 plas-

1874 3797 2109 3849 matum
2139 3793 2288 3848 illud
2311 3792 2478 3866 quod
2509 3808 2644 3848 eam
2678 3792 2874 3848 carnis
2899 3791 3164 3847 crassitie
3194 3789 3527 3846 circumdat

1873 3885 1930 3938 et
1953 3883 2265 3938 materiam
2293 3881 2673 3938 commistam
2699 3880 2870 3936 facile
2895 3879 3093 3936 valeat
3138 3879 3412 3948 frangere
3451 3895 3523 3933 ac

1869 3972 2193 4046 deponere,
2211 3971 2797 4045 etquemadmodum
2816 3970 2970 4041 ignis
2985 3969 3352 4042 quibusdam
3363 3983 3524 4024 cras-

1871 4062 2129 4118 sioribus
2175 4063 2499 4131 involutus,
2551 4067 2794 4118 externo
2841 4061 2982 4126 ictu,
3040 4059 3408 4128 effringatur,
3464 4062 3523 4116 et

1867 4152 2011 4209 illud
2035 4152 2323 4208 noscendi
2349 4151 2553 4207 lumen
2587 4150 2833 4224 quodin
2864 4167 2936 4206 ea
2971 4153 3080 4218 est,
3120 4152 3418 4221 quantam
3463 4154 3522 4205 et

1866 4241 2108 4316 qualem
2131 4240 2439 4296 scientiam
2458 4239 2788 4312 adimplere
2809 4239 3020 4312 possit,
3035 4236 3328 4294 ostendat.
3355 4237 3513 4304 ldeo,

1866 4337 1929 4387 ut
1953 4331 2236 4399 diximus,
2264 4328 2892 4400 sensusetphantasim
2909 4343 2982 4383 ex
3011 4343 3083 4383 eo
3113 4326 3513 4400 procedentis,

1865 4419 2042 4475 simul
2063 4423 2116 4475 et
2142 4417 2514 4489 cogitationis
2533 4433 2603 4473 ac
2617 4416 2938 4490 opinionis,
2967 4416 3046 4471 ad
3073 4417 3300 4472 entium
3329 4415 3515 4471 scien-

1863 4507 2006 4565 tiam
2038 4507 2596 4579 cogitationemque,
2629 4520 2745 4578 ope
2769 4504 3038 4574 indigere
3059 4503 3314 4573 videtur,
3352 4520 3509 4576 quae,

141 4591 378 4666 πληροῦν
410 4589 598 4656 δεῖξαι.
630 4595 726 4646 Διά
761 4601 914 4646 τοῦτο
967 4598 1056 4646 καὶ
1097 4595 1163 4646 ὧν
1221 4594 1409 4668 ἔφημεν
1457 4595 1751 4660 αἰσθήσεώς

1880 4602 1926 4654 1t
1960 4597 2042 4653 ita
2063 4596 2282 4665 dicam,
2335 4611 2470 4652 eam
2520 4594 2734 4651 feriunt
2789 4594 3040 4650 materia
3086 4592 3417 4649 involutam
3456 4596 3514 4648 et

140 4701 204 4735 τε
227 4687 428 4744 καὶτῆς
453 4681 505 4746 ἐξ
534 4682 697 4745 αὐτῆς
754 4687 1044 4757 φαντασίας
1091 4683 1203 4758 ἅμα
1251 4681 1311 4738 δὲ
1374 4689 1464 4738 καὶ
1519 4681 1751 4748 διανοίας

141 4773 237 4824 καὶ
267 4768 448 4840 δόξης,
475 4774 606 4846 πρὸς
633 4775 726 4831 τὴν
765 4780 866 4825 τῶν
919 4774 1076 4825 ὀντων
1129 4771 1424 4847 ἐπιστήμην
1475 4777 1565 4826 καὶ
1615 4783 1750 4846 γνῶ-

145 4879 256 4927 σιν,
285 4858 334 4912 έν
363 4865 523 4934 χρείᾳ
565 4858 738 4920 δήπου
791 4863 1055 4923 καθεστώς
1094 4867 1347 4935 φαίνεται,
1404 4862 1746 4922 πλησσὸντων

141 4950 322 5025 ὥσπερ
393 4949 549 5002 αύτόν
629 4948 1038 5026 ἐγκεκρυμμένον
1097 4958 1158 5024 τῇ
1225 4951 1320 5025 ῦλῃ
1371 4956 1462 5006 καὶ
1517 4950 1745 5026 ἀπορρη-

1858 4685 2202 4754 eﬁ‘ringunt,
2235 4688 2292 4739 et
2311 4682 2439 4754 ejus
2469 4682 2665 4738 lucem
2713 4681 2794 4738 ad
2832 4681 3092 4738 scientiae
3145 4677 3510 4751 contempla-

1855 4775 2080 4832 tionem
2100 4772 2670 4843 meditationemque
2717 4773 2990 4826 evocant.
3024 4768 3186 4833 inde,
3214 4782 3351 4823 mea
3373 4765 3506 4837 qui-

1853 4863 1992 4919 dem
2032 4861 2345 4924 sententia,
2377 4860 2639 4916 scientiaa
2677 4859 2936 4930 cognitio
2997 4855 3176 4912 nobis
3239 4853 3503 4910 advenit.

1850 4996 1873 5050 Ι

1874 4951 1993 5007 nde
2018 4966 2190 5006 mens
2213 4965 2348 5008 eam
2371 4964 2510 5005 cum
2533 4962 2783 5020 corpore
2809 4945 3031 5016 cogitat
3055 4948 3113 5000 et
3132 4942 3346 5000 rationi
3368 4957 3502 4999 eam

1539 5181 1759 5250 Varize
1806 5178 2115 5248 lections.

2995 5267 3018 5284 1

209 5453 258 5490 ’⁸
283 5455 512 5527 ὑστέρως
540 5453 709 5512 addit
725 5457 849 5512 Vat.
927 5455 975 5492 ’θ
1003 5457 1058 5508 αἱ
1081 5454 1249 5513 abest
1275 5472 1312 5513 a
1342 5458 1467 5514 Vat.
1543 5457 1592 5493 ³ο
1630 5457 1768 5510 τελεία

1880 5456 2038 5514 Vind.
2112 5457 2155 5493 ³⁸
2196 5457 2274 5509 νοῒ
2303 5456 2428 5513 Vat.
2506 5454 2744 5527 “rank
2789 5453 2993 5527 Vind._
3059 5453 3108 5527 ³⁵ξ
3156 5455 3247 5504 καὶ
3299 5449 3495 5527 τελείας

128 5521 264 5578 εἶναι
340 5521 435 5585 τηε
492 5526 665 5583 ἐπιστ.
716 5529 838 5583 Vat.
915 5528 964 5562 ³⁸
1029 5527 1162 5580 αύτά
1212 5527 1379 5584 Vind.

137 5597 187 5631 ³⁸
214 5604 316 5650 τῶν
348 5595 409 5651 δε
436 5607 536 5652 τῶν
557 5598 784 5673 ὁργάνων
813 5598 1038 5670 ἐχόντων
1067 5601 1193 5655 Vat.
1269 5600 1316 5634 39
1349 5601 1502 5671 πάχη
1531 5599 1702 5656 Vind.

1456 5529 1503 5562 ³⁵
1562 5529 1724 5581 αὐτοῦ
1782 5545 1907 5586 non
1963 5534 2054 5586 est
2109 5528 2172 5584 in
2225 5529 2345 5585 Vat.

2423 5528 2469 5563 ³⁵
2529 5525 2690 5579 αὐτοῦ
2748 5527 2873 5584 Vat.
2949 5525 2994 5560 ³⁷
3049 5522 3306 5584 κάκείνοις
3361 5523 3490 5591 Vat,
