4066 6212
580 275 604 328 1
621 279 724 331 427

1922 272 2296 330 NICEPHORI
2336 272 2623 328 CHUMNI.

3732 287 3838 339 μεθ

586 399 781 463 tradit,
800 414 996 470 neque
1013 403 1103 453 est
1134 397 1231 452 illa
1254 397 1603 465 recordatio,
1639 414 1833 470 neque
1856 397 2055 454 oblitae
2074 413 2192 451 mer

2236 428 2239 435 ι
2271 401 2317 450 Α
2346 398 2590 465 γνύντων,
2622 401 2711 448 καί
2735 415 2792 466 γε
2821 401 2909 454 τὴν
2937 395 2989 459 ἐξ
3018 396 3178 447 αὐτοῦ
3217 402 3399 466 φαύσιν
3425 399 3524 464 (34)
3576 399 3648 451 ἐπὶ
3690 408 3763 461 τήν
3807 410 3842 443 ιθ

589 490 650 555 ti,
682 488 1010 543 secundum
1046 491 1302 541 vestram
1346 488 1729 555 sententiam,
1762 486 2119 559 supervenit.
2177 487 2244 539 Et

590 580 673 633 sic
699 578 873 646 igitur
911 575 1252 630 confutatur
1290 580 1347 630 et
1365 575 1613 631 solvitur
1634 576 1734 631 illa
1765 576 1988 647 opinio,
2024 589 2239 644 nempe

590 666 893 721 scientiam
918 680 1043 718 esse
1066 663 1540 719 recordationem
1566 664 1867 719 etanimas
1885 661 2239 734 corporibus

587 754 1118 825 prmexistere,quae
1140 752 1283 807 nihil
1312 758 1446 807 ante
1461 769 1712 824 corpora
1735 752 1855 808 ullo
1884 751 2065 807 modo
2082 756 2239 806 sunt.

2348 491 2443 545 τῆς
2497 483 2792 556 ἐπιστήμην
2854 486 2970 538 θέαν
3025 490 3114 537 καὶ
3165 492 3465 541 κατανόησιν
3522 486 3845 562 ἐκκαλουμένων,

2350 573 2628 639 Ἐντεῦθεν,
2680 576 2816 626 κατά
2883 594 2943 645 γε
2994 578 3080 626 τὸν
3127 573 3245 646 ἐμὸν
3270 574 3433 644 λόγον.
3462 572 3716 649 ἐπιστήμης
3757 585 3846 655 ἡμῖν

2350 660 2607 739 ίγγίνεται
2679 672 2887 734 γνῶσις,
2976 664 3234 716 Ἐντεῦθεν
3313 672 3426 725 νοῦς
3493 670 3573 717 καὶ
3630 678 3733 720 νοῶν
3768 672 3848 724 ἐστι

2349 754 2480 822 μετά
2528 758 2770 824 σώματος
2824 756 3041 819 ταύτην,
3096 760 3186 804 και
3233 748 3535 824 μεταδιδοὺς
3763 764 3846 830 μήτ’

590 841 924 913 ἀναμνησεῶς
1008 842 1170 902 αὐτῆς
1252 844 1432 905 οὔσης,
1488 843 1609 913 μήτ’
1661 841 2037 912 ἐπιλελησμένῳ
2098 842 2138 874 ⁸¹
2199 847 2288 909 νῶ,
2336 843 2468 893 κατά
2541 860 2598 911 γε
2660 845 2748 894 τόν
2805 844 2946 913 ὑμῶν
3000 841 3172 913 λόγον,
3219 840 3554 912 ἐγγινομένης.
3611 851 3696 897 Καὶ
3730 854 3850 901 τοίνυν

588 932 722 983 οὕτω
797 950 856 1001 γε
942 936 1032 982 καὶ
1100 926 1462 1000 διεληλεγκται
1518 935 1603 983 καὶ
1647 930 1853 982 λελυται
1916 936 1975 981 τό
2031 948 2086 981 τε
2144 930 2229 988 τὰς
2283 927 2572 1001 ἐπιστὴμας
2630 929 2939 1004 ἀναμνήσεις
2986 929 3133 1000 εἶναι,
3174 937 3263 984 καὶ
3299 935 3357 984 τὸ
3384 935 3470 992 τὰς
3490 932 3752 1010 ψυχὰςπρὸ
3786 948 3851 989 τῶν

591 1022 842 1092 σωμάτων
865 1025 994 1091 μήτι
1023 1037 1083 1088 γε
1110 1016 1372 1091 μηδαμῶς
1393 1023 1568 1089 οὔσας,
1603 1020 1830 1090 νομίζειν
1862 1016 2008 1071 εἶναι.

660 1113 716 1162 7.
750 1110 883 1163 Haec
921 1107 1168 1179 quidem
1198 1108 1271 1162 de
1307 1108 1535 1175 origine
1585 1113 1642 1163 et
1693 1106 2247 1179 incorruptibilitate

588 1198 799 1255 animas
814 1196 970 1252 dicta
989 1202 1123 1251 sunt
1140 1201 1192 1251 et
1206 1196 1631 1265 demonstrata;
1657 1196 2247 1266 demonstratumque

593 1302 712 1341 una
751 1292 837 1341 est
866 1285 1100 1340 animas
1139 1301 1259 1341 non
1301 1286 1710 1357 praeexsistere
1737 1284 2114 1355 corporibus,
2144 1299 2246 1339 ne-

590 1390 709 1446 que
730 1390 801 1428 ex
831 1373 1029 1429 aliisin
1056 1372 1172 1428 alia
1195 1374 1470 1442 migrare.
1488 1373 1783 1438 Quoniam
1808 1379 2007 1427 autem
2044 1373 2247 1427 anima

591 1479 841 1535 corpore
873 1462 1069 1518 soluta
1116 1468 1322 1517 manet
1358 1480 1552 1534 neque
1584 1463 2007 1533 corrumpitur.
2052 1462 2246 1532 inqui-

592 1554 846 1608 rendum
899 1551 1075 1606 nobis
1111 1560 1219 1617 est,
1273 1552 1422 1621 quid
1476 1567 1581 1623 per
1626 1568 1687 1607 se
1722 1552 1850 1606 sola
1919 1557 2125 1606 actura
2173 1550 2247 1605 sit

594 1648 650 1697 et
674 1656 951 1712 passura,
976 1640 1351 1711 etquomodo
1372 1640 1574 1711 ipsum
1601 1656 1779 1694 suum
1796 1656 1924 1694 esse
1943 1640 2245 1694 incolume
2276 1646 2314 1698 Β

596 1734 925 1795 servatura,
956 1735 1012 1784 et
1049 1730 1279 1798 integra
1308 1729 1558 1785 omnino
1588 1729 1792 1784 sitnon
1818 1728 2000 1783 modo
2037 1744 2245 1783 secun-

595 1817 742 1872 dum
769 1832 940 1871 suam
973 1817 1316 1881 essentiam,
1347 1816 1451 1871 sed
1480 1821 1536 1871 et
1569 1816 1901 1871 secundum
1936 1815 2248 1871 facultates

599 1922 737 1960 cum
755 1911 811 1959 et
835 1904 947 1959 hoc
961 1905 1255 1959 habeatur
1276 1904 1413 1959 ﬁnis
1437 1909 1665 1959 naturae
1685 1905 1736 1975 ej
1749 1920 1816 1959 us
1839 1920 1909 1958 ac
1931 1903 2246 1959 creationis

590 1998 677 2058 ut,
702 1992 927 2048 animal
958 1992 1307 2048 rationabile
1347 1993 1654 2058 exsistens,
1713 1992 2047 2048 secundum
2114 2007 2247 2046 sen-

594 2098 725 2137 sum
758 2087 817 2136 et
847 2080 1213 2137 voluntatem
1254 2082 1415 2137 vivat
1442 2098 1511 2136 ac
1538 2087 1834 2153 operetur.
1884 2086 2029 2137 Cum
2088 2080 2248 2136 enim

591 2169 812 2241 duplex
862 2170 933 2223 sit
985 2168 1446 2241 incorruptibilis
1499 2174 1555 2224 et
1617 2168 1950 2239 intelligens
2012 2176 2245 2230 natura.

593 2265 650 2314 et
677 2258 866 2314 altera
894 2257 1141 2330 quidem
1192 2273 1432 2330 semper
1484 2274 1590 2329 per
1657 2274 1719 2313 se
1778 2257 2085 2321 subsistat,
2142 2273 2246 2312 ne-

592 2365 708 2421 que
739 2348 855 2404 ullo
879 2348 1060 2404 modo
1082 2364 1219 2404 cum
1270 2348 1623 2420 corporibus
1682 2348 1941 2416 uniatur,
2000 2348 2245 2403 miscea-

594 2443 688 2493 tur
700 2443 805 2493 aut
822 2436 1244 2502 confundatur,
1267 2454 1453 2509 quam
1467 2437 1904 2493 daemoniacam
1922 2454 2027 2493 vos
2053 2437 2248 2493 dicitis

602 2525 1112 2597 concedimusque
1126 2541 1236 2580 nos
1259 2526 1513 2597 primam
1561 2530 1779 2582 sortem
1802 2541 1989 2597 prope
2020 2529 2251 2582 Creato-

599 2631 726 2671 rem
750 2629 987 2685 semper
999 2614 1415 2669 commorandi
1438 2630 1508 2671 ac
1529 2614 1929 2671 conversandi
1951 2616 2245 2685 amisisse,

595 2718 731 2758 mea
754 2702 1001 2773 quidem
1053 2703 1367 2768 sententia,
1442 2702 1549 2758 etsi
1605 2702 1776 2757 vobis
1846 2718 1967 2757 non
1992 2702 2245 2775 placeat,

594 2790 655 2845 id
729 2789 875 2846 nihil
918 2790 1183 2845 inﬁrmat
1230 2796 1465 2846 nostros
1548 2798 1798 2846 conatus
1851 2807 1922 2846 ac
1978 2799 2244 2848 nostram

596 2879 1190 2936 demonstrationem.
1218 2881 1512 2945 Quoniam
1527 2879 1813 2949 igiturilla
1830 2896 2010 2935 omne
2025 2896 2246 2952 corpus

594 2984 666 3025 ac
691 2983 902 3023 omnes
935 2983 1148 3024 sensus
1188 2967 1357 3037 fugit,
1399 2968 1582 3023 altera
1649 2973 1848 3023 autem
1910 2968 2244 3025 secundum
2276 2996 2316 3050 ρ

592 3057 704 3113 has
736 3058 974 3113 animas
995 3056 1171 3112 simul
1192 3073 1329 3112 cum
1352 3057 1705 3129 corporibus
1728 3063 2008 3112 nascatur
2024 3064 2081 3113 et
2106 3073 2245 3114 cum

597 3147 666 3202 iis
699 3145 934 3201 misceri
965 3145 1372 3218 confundique
1395 3145 1589 3209 debet,
1638 3162 1834 3218 neque
1893 3146 2012 3201 ullo
2063 3146 2245 3202 modo

596 3235 1069 3308 corporarenuit,
1095 3251 1215 3290 non
1232 3240 1424 3306 potest
1443 3235 1558 3290 dici
1582 3235 1744 3291 illam
1776 3252 1993 3307 corpus
2018 3236 2244 3291 induis-

598 3340 679 3389 se,
711 3340 904 3395 neque
926 3324 1083 3378 hanc
1113 3339 1360 3395 corpore
1389 3322 1703 3378 liberatam
1741 3340 1894 3390 esse,
1922 3325 1982 3379 id
2009 3340 2248 3397 semper

596 3412 922 3483 fugientem
953 3418 1010 3466 et
1048 3412 1126 3467 ab
1156 3428 1227 3466 eo
1253 3410 1429 3481 longe
1472 3412 1814 3477 abeuntem,
1844 3428 1964 3467 non
1997 3412 2121 3468 ﬁeri
2146 3430 2245 3485 po-

599 3501 799 3557 testob
813 3501 1033 3555 dictam
1048 3501 1337 3556 rationem
1351 3517 1483 3555 eam
1509 3516 1630 3555 non
1654 3517 1886 3555 servare
1902 3501 1959 3555 id
1983 3501 2057 3555 ad
2081 3502 2247 3572 quod

596 3598 738 3647 nata
768 3595 872 3645 est.
891 3589 1001 3646 Sed
1031 3590 1081 3644 ei
1122 3605 1277 3660 opus
1300 3595 1644 3660 estcorpore
1665 3589 1722 3644 in
1739 3606 1861 3661 quo
1874 3606 2086 3644 omnes
2105 3607 2246 3645 suos

601 3685 767 3734 actus
781 3678 1146 3749 operabitur.
1162 3680 1321 3749 Opus
1337 3683 1426 3732 est
1449 3679 1500 3732 ei
1525 3693 1773 3749 corpore
1800 3694 2063 3749 quocum
2087 3679 2248 3749 pejo-

599 3784 667 3823 ra
680 3767 773 3823 vel
789 3767 1033 3823 meliora
1047 3768 1320 3839 patietur,
1343 3773 1519 3839 prout
1542 3768 1815 3822 virtutem
1839 3774 1942 3823 aut
1960 3769 2250 3824 malitiam

599 3856 1006 3929 properaverit
1031 3856 1261 3928 operari
1313 3861 1415 3918 ;et
1473 3855 1806 3911 secundum
1855 3872 1958 3910 vos
2007 3873 2251 3928 quoque

602 3947 727 4002 sive
758 3947 816 4002 in
847 3946 1117 4002 felicitate
1134 3945 1460 4001 viventium
1492 3945 1697 4000 anima
1727 3946 1847 4005 ﬁet.
1900 3953 2003 4001 aut
2045 3962 2252 4001 severa

603 4036 955 4107 experietur,
981 4051 1116 4091 cum
1172 4033 1349 4089 bonis
1400 4033 1643 4106 quidem
1710 4035 1925 4089 animis
1980 4034 2248 4103 meliora,

609 4124 783 4178 malis
816 4130 1012 4177 autem
1049 4123 1258 4194 pejora
1282 4128 1673 4188 reserventur,
1703 4129 1905 4177 nostra
1962 4139 2031 4176 ac
2058 4131 2255 4176 vestra

604 4211 920 4278 sententia,
963 4217 1016 4265 et
1054 4226 1341 4266 maerores
1367 4226 1436 4265 ac
1466 4210 1707 4265 delicias
1764 4216 1820 4265 et
1875 4227 2253 4282 quascunque

604 4298 722 4355 alia
750 4315 868 4354 non
918 4301 1135 4355 anima:
1174 4299 1357 4354 solius
1412 4306 1514 4354 aut
1587 4299 1770 4354 solius
1822 4300 2105 4370 corporis.
2151 4298 2255 4352 sed

604 4386 928 4442 amborum
950 4403 1077 4442 esse
1096 4387 1371 4442 dicimus.
1393 4387 1505 4444 Sed
1528 4387 1795 4442 nondum
1823 4387 1899 4442 ad
1930 4387 1990 4441 id
2011 4387 2254 4441 deveni-

603 4492 743 4532 mus
772 4494 789 4547 ;
825 4474 1210 4530 solummodo
1240 4481 1437 4531 autem
1478 4475 1592 4530 hoc
1614 4474 2091 4530 demonstratum
2147 4479 2254 4537 est.

604 4579 824 4637 nempe
854 4563 1119 4620 animam
1146 4564 1377 4636 corpori
1431 4563 1737 4636 compingi
1776 4568 2012 4627 natura,
2063 4577 2258 4634 neque

2430 1106 2492 1167 ζ.
2547 1107 2622 1160 Οὐ
2694 1113 2796 1180 μὴν
2859 1108 2986 1161 ἀλλὰ
3035 1117 3205 1161 ταῦτα
3397 1114 3509 1183 περὶ
3554 1114 3758 1181 γενέσεως
3797 1122 3853 1167 καὶ

2358 1194 2653 1269 ἀφθαρσίας
2678 1198 2866 1269 ψυχῆς
2908 1202 3111 1271 εἴρηται
3162 1203 3248 1250 καὶ
3302 1195 3577 1269 δεδεεκται,
3626 1200 3855 1255 συναποδη-

2354 1288 2573 1355 χθέντος
2627 1287 2737 1359 ἅμα
2778 1307 2866 1340 και
2929 1296 3020 1339 τοῦ
3075 1292 3202 1360 μήτε
3250 1291 3348 1361 πρὸ
3400 1296 3496 1339 τῶν
3544 1292 3760 1361 σωμάτων
3798 1295 3855 1351 τὰς

2353 1373 2537 1444 ψυχὰς
2609 1377 2908 1447 ὑφεστάναι,
2963 1377 3087 1448 μήτ’
3145 1376 3311 1428 αὐτῶν
3364 1375 3417 1437 εξ
3471 1376 3635 1450 ἑτέρων
3682 1379 3857 1450 μεταϐαίη

2353 1481 2453 1513 νειν
2480 1463 2551 1525 εἰς
2582 1465 2628 1498 ⁸³
2654 1465 2819 1535 ἕτερα.
2851 1466 2992 1517 Ἐπεί
3050 1462 3109 1518 δε
3156 1464 3312 1535 ψυχὴ
3360 1464 3569 1516 λυθεῖσα
3616 1474 3694 1517 τοῦ
3741 1475 3861 1538 σώμαι

2356 1569 2436 1610 τος
2500 1556 2636 1623 μένει
2692 1558 2782 1605 καῖ⁵
2829 1553 2887 1604 οὐ
2941 1550 3272 1625 διέφθαρται,
3341 1554 3737 1627 προσεξεταστεον
3778 1558 3859 1628 ἡμῖν

2354 1638 2413 1690 ἂν
2435 1643 2535 1707 εἴη,
2568 1646 2657 1692 καὶ
2688 1646 2741 1693 τί
2774 1638 2991 1707 δήποτε,
3036 1642 3152 1694 καθ’
3210 1642 3400 1699 ἑαυτὴν
3455 1646 3696 1714 γενομένη,
3732 1640 3861 1717 δράσει

2353 1733 2443 1780 καὶ
2473 1735 2728 1794 πείσεται,
2761 1736 2850 1783 καὶ
2879 1739 2988 1791 πῶς
3013 1730 3140 1783 αὐτὸ
3179 1727 3247 1788 δὴ
3308 1737 3460 1783 τοῦτο
3509 1734 3563 1782 τὸ
3607 1733 3719 1782 εἶναι
3756 1731 3861 1801 ψυχὴ

2356 1823 2659 1891 περισώσει,
2687 1823 2777 1871 καὶ
2829 1822 2887 1869 τὸ
2939 1818 3053 1871 ὅλον
3119 1818 3381 1893 ἀκήρατος
3431 1818 3543 1887 (35)
3590 1824 3669 1871 καὶ
3710 1825 3766 1890 μὴ
3806 1828 3865 1875 τήν

2356 1907 2539 1958 οὐσίαν
2587 1912 2760 1978 μόνον,
2813 1906 2941 1959 ἀλλά
3000 1913 3090 1962 καὶ
3147 1908 3312 1965 αὐτὴν
3372 1904 3620 1965 δηπονθεν
3665 1913 3743 1964 τὴν
3779 1907 3865 1977 bip-

2355 2013 2522 2064 γειαν,
2563 1994 2679 2048 ἕποὶ
2703 2015 2792 2048 και
2826 2004 2979 2049 τοῦτο
3027 1996 3167 2057 τελος
3220 2001 3317 2054 τὴν
3377 1995 3487 2048 κατ’
3539 1996 3684 2054 αὐτὴν
3728 1999 3866 2067 φύσεος

2356 2088 2445 2135 καὶ
2486 2080 2838 2156 δημιουργίας
2888 2091 3207 2157 νενόμισται,
3265 2086 3399 2145 ζῶον
3454 2082 3678 2142 δηλονοτι
3722 2084 3868 2155 λογικοί

2358 2168 2596 2241 διοικεῖν,
2644 2173 2752 2225 κὸτ’
2811 2176 3064 2233 αἴσθησιν
3117 2178 3204 2226 καὶ
3260 2179 3561 2246 προαίρεσιν
3599 2179 3678 2225 καὶ
3705 2176 3782 2235 ζὼν
3811 2180 3867 2223 ui

2355 2263 2672 2332 κινούμενον.
2735 2269 2923 2323 Διττῆς
2989 2264 3089 2336 γὰρ
3167 2265 3352 2323 πάσης
3396 2270 3489 2322 τῆς
3545 2260 3771 2334 ἀφθάρτου
3811 2268 3869 2311 καὶ

2354 2358 2546 2412 νοητῆς
2601 2353 2800 2422 φύσεως
2880 2352 3065 2413 οὔσης,
3120 2355 3209 2403 καὶ
3264 2360 3364 2412 τῆς
3547 2349 3619 2403 ἀεὶ
3662 2350 3870 2402 καθ’ίαν-

2356 2441 2451 2494 τὴν
2499 2439 2808 2509 ὑφεστώσης
2886 2440 2951 2505 ⁸³,
3028 2443 3118 2491 καὶ
3164 2443 3289 2511 μήτι
3345 2440 3399 2492 θί
3450 2436 3687 2511 μηδαμῶς
3725 2441 3870 2490 cum.

2360 2545 2459 2587 σης
2487 2526 2560 2589 εἰς
2612 2528 2792 2580 ἓνῶσιν
2841 2531 2929 2579 καὶ
2983 2527 3125 2598 μίξιν
3177 2532 3268 2579 καὶ
3325 2534 3511 2601 κρᾶσιν
3558 2529 3789 2600 σῷμάτων,
3832 2526 3869 2583 ἦν

2359 2611 2425 2673 δὴ
2455 2620 2545 2667 καὶ
2604 2612 2882 2688 δαιμονίαν
2931 2617 3080 2687 ὑμεῖς
3133 2634 3258 2687 φατε
3309 2620 3396 2668 καὶ
3446 2618 3587 2688 ἡμεῖς
3640 2623 3871 2686 συγχωροῶ

2359 2722 2448 2774 μεν
2528 2701 2833 2756 ἀποστᾶσαν
2910 2709 3004 2766 της
3052 2710 3262 2778 πρώτης
3328 2710 3517 2775 μοίρας
3555 2712 3641 2765 τῆς
3678 2709 3771 2777 περὶ
3808 2722 3870 2755 τον

2361 2789 2685 2866 δημιουργὸν
2726 2792 2804 2845 ἀεὶ
2852 2796 3105 2865 μενούσης
3153 2798 3242 2845 καὶ
3308 2799 3660 2867 στρεφομένης.
3704 2796 3807 2844 κατὰ
3836 2810 3875 2861 γε

2358 2876 2446 2924 τὸν
2486 2872 2605 2943 ἐμὸν
2645 2875 2690 2906 ⁸⁸
2739 2873 2909 2944 λόγον,
2958 2872 3053 2924 κᾶν
3121 2875 3243 2945 ὑμῖν
3303 2879 3376 2945 μὴ
3439 2870 3690 2939 δέδοκται,
3737 2876 3805 2923 καί
3837 2890 3874 2940 γε

2357 2960 2496 3013 τοῦτ’
2533 2960 2673 3014 ἐστίν
2734 2957 2885 3014 οὐδὲν
2945 2965 3079 3029 πρὸς
3119 2966 3211 3019 τὴν
3267 2970 3360 3012 νῦν
3418 2966 3656 3035 ταράττον
3705 2957 3874 3016 σπονδὴν

2355 3070 2444 3102 και
2484 3047 2770 3113 ἀπόδειξιν.
2843 3051 3068 3111 Ἐκείνης
3123 3058 3249 3122 γοῦν
3301 3058 3403 3105 πᾶν
3462 3060 3606 3123 σῶμα
3650 3051 3689 3085 ⁸⁵
3730 3051 3876 3123 φευγού-

2355 3159 2453 3201 σης
2517 3160 2605 3191 και
2662 3146 2839 3192 πᾶσαν
2892 3141 3163 3203 αἰσθησιν,
3220 3148 3319 3202 τῆς
3373 3137 3423 3191 δ’
3465 3141 3625 3213 ἐτέρας
3672 3159 3746 3192 και
3788 3140 3878 3188 κατὰ

2355 3232 2550 3289 ταύτας
2582 3225 2649 3287 δὴ
2691 3232 2755 3280 τὰ
2794 3228 2975 3300 ψυχὰς
3005 3230 3133 3299 ὁμοῦ
3173 3236 3284 3289 τοῖς
3346 3235 3555 3301 σώμασι
3601 3232 3877 3300 γεγενημένῑςο

2356 3337 2444 3368 και
2500 3319 2874 3390 σνμμεμιχθαι
2935 3317 3141 3379 τούτοις
3196 3337 3286 3369 και
3345 3318 3787 3392 συνανακεκρᾱισθαι
3825 3332 3876 3365 τι·

2360 3412 2589 3477 φυκυίας
2642 3408 2708 3471 ⁸⁸,
2762 3426 2853 3457 και
2905 3402 3169 3478 μηδαμῶς
3214 3406 3395 3463 ἣκιστ’
3448 3406 3805 3476 ἀπανὰινομὲνης
3838 3406 3879 3451 τὰ

2364 3502 2585 3567 σώματα
2634 3496 2702 3563 ⁸⁷,
2768 3495 2878 3548 οὔτ’
2928 3494 3122 3552 ἐκείνην
3183 3497 3602 3567 σεσωματῶσθαί
3651 3494 3745 3546 ποτ’
3785 3495 3877 3543 ἔστιν

2358 3585 2539 3653 εἰπεῖν,
2585 3586 2702 3637 οὐτε
2754 3587 2946 3642 ταύτην
2998 3591 3089 3636 τοῦ
3142 3589 3386 3656 σώματος
3442 3583 3786 3655 ἀπαλλαγεῖσαν
3822 3598 3879 3629 xu

2357 3674 2498 3725 τοῦτ’
2556 3672 2632 3725 ἀεί
2707 3677 2958 3744 εύγουσαν
3043 3693 3132 3725 και
3185 3671 3642 3747 ἐιποστρεφονένην⁹
3694 3671 3771 3723 οὐκ
3806 3672 3879 3721 ἔστι

2358 3760 2479 3813 καθ⁴
2510 3762 2563 3813 ὃν
2614 3757 2681 3819 δὴ
2736 3781 2825 3813 και
2866 3762 2911 3795 ⁸⁸
2962 3765 3139 3832 γέγονε
3190 3760 3366 3831 λόγον,
3411 3783 3499 3815 και
3536 3762 3701 3835 πρὸςὸ
3739 3757 3791 3816 δὴ
3826 3762 3879 3806 πέο

2362 3870 2537 3923 φυκεν,
2620 3850 2677 3902 οὐ
2726 3853 2815 3921 μεν
2866 3845 2953 3901 οὖν
3006 3853 3310 3906 σεσωκέναι.
3363 3850 3517 3903 Ἀλλὰ
3559 3847 3635 3904 δεῖ
3673 3868 3724 3919 γε
3766 3849 3877 3913 ταύτῃ

2365 3944 2623 4011 σώματος,
2665 3940 2713 3989 ἓν
2758 3937 2797 4008 ᾧ
2861 3934 2925 3995 δὴ
2970 3940 3059 3989 κάι
3105 3942 3348 4009 γενομένη
3407 3945 3507 3991 πᾶν
3559 3941 3612 3990 τὸ
3643 3938 3741 3988 κατ’
3770 3934 3880 3988 avri?

2360 4027 2564 4101 πράξει.
2604 4033 2687 4079 Δεῖ
2714 4045 2802 4077 και
2846 4025 2956 4097 μεθ’
3010 4024 3128 4077 ὁτου
3181 4028 3247 4076 τα
3309 4032 3477 4099 χείρω
3532 4024 3795 4080 πείσεταιῆ
3840 4024 3881 4069 τά

2364 4114 2572 4188 βελτίω,
2637 4118 2705 4175 ὡς
2771 4115 2919 4177 ἔφθη,
2976 4110 3218 4171 δηλονότι
3276 4112 3464 4186 ἀρετὴν
3519 4116 3547 4175 ἦ
3596 4119 3756 4167 κακίαν
3794 4111 3882 4183 μετὰ

2364 4208 2549 4256 τούτου
2601 4206 3011 4277 κατειργασμένη
3065 4204 3134 4268 ⁸9,
3192 4222 3281 4253 και
3350 4205 3379 4262 ἦ
3441 4213 3538 4256 τῶν
3591 4200 3830 4261 ἡδυνόντων
3851 4195 3879 4246 ἐν

2369 4292 2653 4345 ἀπολαύσει
2674 4311 2760 4343 και
2792 4292 2908 4344 καθ’
2941 4292 3071 4362 ὑμᾶς
3097 4290 3144 4324 ⁸ο
3199 4294 3421 4360 γένοιτο,
3486 4293 3515 4351 ἡ
3573 4285 3663 4344 τῶν
3709 4290 3880 4358 σκνθρνο

2368 4391 2477 4434 πῶν
2508 4382 2799 4453 πειραθείη,
2835 4399 2925 4430 και
2976 4381 3259 4430 πὸιούντων
3304 4389 3499 4449 κακῶς,
3556 4379 3656 4433 ἐπεί
3697 4398 3769 4430 και
3808 4380 3882 4430 ταῖς

2367 4474 2455 4544 μὲν
2521 4468 2741 4541 ἀγαθαῖς
2810 4476 2907 4521 τῶν
2988 4466 3177 4539 ψυχῶν
3236 4466 3448 4539 ἀμείνω,
3510 4476 3612 4531 ταῖς
3662 4464 3712 4520 δε
3758 4466 3883 4518 κακαῖς

2369 4558 2681 4612 ἀποκεῖσθαι
2711 4558 2776 4609 τὰ
2826 4560 3015 4620 κακίω,
3060 4554 3178 4608 καθ’
3207 4558 3340 4629 ἡμᾶς
3391 4576 3449 4628 γε
3493 4578 3581 4610 και
3624 4559 3727 4630 ὑμῖν
3753 4556 3786 4589 ⁸¹
3831 4547 3880 4601 δε-

1981 4735 2207 4803 Variaa
2255 4734 2609 4804 lectiones.

672 4887 720 4921 ⁸⁰
749 4889 835 4937 τὸν
868 4881 1043 4937 Vind.
1124 4882 1165 4915 ⁸¹
1192 4878 1594 4936 ἐπελελησαένων
1624 4881 1748 4935 ναι.
1827 4879 1873 4913 ⁸⁸
1902 4876 1977 4951 ἐφ’
2006 4878 2172 4934 Vind.

2252 4878 2300 4913 ιε
2337 4875 2460 4935 mi.
2504 4880 2593 4949 ὐφ.
2649 4875 2728 4929 ἀεὶ
2782 4880 2903 4933 Vat.

2983 4880 3031 4914 ⁸⁸
3087 4880 3329 4950 ἡμέτερον
3374 4879 3499 4932 Vat.
3572 4876 3619 4950 ⁸⁸
3659 4869 3879 4950 σῶμα.πῇ

600 4959 725 5012 Vat.
803 4957 850 4991 ⁸⁶
876 4975 962 5005 και
993 4972 1110 5025 πεφ.
1138 4955 1264 5007 Vat.
1338 4952 1382 4985 ‘1
1414 4954 1476 5003 τὰ
1506 4956 1640 5023 σὼμ.
1699 4952 1871 5006 abest
2004 4953 2110 5006 Vat
2186 4953 2204 4985 ⁸

2300 4968 2389 5002 και
2446 4940 2611 5003 deest
2668 4952 2720 5003 in
2779 4951 2903 5005 Vat.
2981 4951 3029 4986 ⁸⁸
3070 4940 3496 5024 κατεργασαμένη
3544 4949 3661 5001 Vat.
3725 4940 3766 4976 3°
3789 4940 3879 5007 ἦμάξ

602 5030 726 5082 Vat.
803 5029 845 5061 ⁵¹
888 5028 1013 5098 ημῖν
1036 5027 1161 5079 Vat.

2175 5143 2395 5212 Notae.

671 5290 786 5360 (34)
827 5288 1097 5343 Proxime
1139 5286 1368 5360 dixerat
1422 5292 1708 5360 γνωστικὸν
1780 5296 1904 5360 φῶς.
1964 5289 2124 5360 Eam
2162 5301 2260 5339 co-

607 5356 935 5430 gn'oscendi
967 5359 1214 5430 etquasi
1238 5356 1475 5427 lucendi
1495 5356 1796 5414 actionem
1816 5375 1983 5430 nunc
1999 5356 2261 5430 declarat

600 5425 744 5488 voce
776 5425 1181 5495 Alexandrinis
1206 5430 1537 5500 interprett.
1596 5432 1863 5500 prdpria.
1931 5428 2053 5481 \‘id.
2104 5425 2246 5480 Biel.

603 5506 767 5560 Thes.
793 5510 879 5566 'm,
907 5518 961 5573 p.
993 5505 1113 5569 536,
1134 5497 1285 5555 ibid.
1317 5497 1542 5573 Οῃνσίιιί
1571 5497 1889 5573 [λειειενξαιες⁸
1912 5500 2099 5573 Brem.
2128 5506 2254 5569 φαν-

2369 5288 2629 5357 Zonaras
2660 5291 2858 5340 autem
2889 5285 2958 5339 L.
2979 5285 3083 5339 Gr.
3113 5300 3172 5357 p.
3201 5286 3354 5351 l796,
3388 5292 3594 5355 φαῡσις,
3642 5279 3774 5347 αὐγὴ.
3807 5287 3865 5340 9⁸7

2367 5370 2855 5441 7⁰ῗ.·..,λαβπ9.⁰της’
3089 5425 3102 5441 .
3143 5432 3151 5441 .
3246 5431 3254 5441 .
3487 5424 3506 5441 .
3546 5421 3777 5441 de”.-.
3805 5413 3831 5441 \-

2437 5413 2551 5497 (35)
2588 5413 2896 5501 ῘΑέὴρατος,
2940 5425 3442 5501 quodtantopere
3482 5413 3878 5501 frequentatit‘t:

2365 5486 2627 5567 thanael,
2666 5486 2773 5553 nec
2806 5486 3033 5553 Plato'ni
3067 5486 3387 5568 displicuit.
3422 5486 3604 5552 Locos
3640 5486 3879 5560 ευρρθιῒιυι

604 5582 715 5661 σιν,
737 5583 861 5647 φώς,
890 5568 1103 5645 mm,
1126 5585 1262 5645 quae
1284 5568 1498 5623 eadem
1527 5569 1707 5651 habet
1750 5568 1912 5651 Suid.
1972 5570 2033 5622 in
2087 5568 2210 5624 νος(

1679 5579 1707 5651 ιι
1750 5568 1912 5651 Suid.
1972 5570 2033 5622 in
2087 5568 2247 5624 vace.
2362 5568 2755 5625 Ruhnkenius
2784 5568 2866 5651 ad
2896 5569 3070 5655 Tim,
3100 5584 3161 5639 p.
3199 5573 3285 5626 t7.
