4066 6212
201 240 337 297 1429
1396 241 1557 295 ADV.
1587 238 1784 295 PLOT]

1892 238 1936 296 Il
1975 240 2064 297 DE
2092 244 2334 303 ANIMA.
3417 241 3561 298 1430

198 361 409 433 δοκται,
456 369 549 417 καὶ
599 365 692 424 τάς
738 381 798 435 γε
847 361 1014 424 λύπας
1069 366 1159 415 καὶ
1219 359 1413 425 ἡδονὰς
1468 382 1559 415 και
1622 367 1669 415 si
1748 383 1784 414 τ‹

1908 369 2157 424 omnino
2187 370 2265 426 ab
2290 370 2390 428 illo
2416 370 2566 427 velle
2592 368 2880 440 separari.
2911 370 2977 423 Et
3000 366 3160 434 ideo,
3219 368 3285 422 ut
3325 366 3562 438 opinor.

194 462 429 507 τοιοῦτον
454 454 514 506 οὐ
530 452 715 524 ψυχῆς
735 447 803 509 δη
861 454 1025 524 μόνης
1087 448 1201 504 ουδ’
1247 448 1312 504 αὖ
1373 458 1638 524 σώματος,
1689 450 1798 503 ἀλλ’

194 542 386 616 ἀμφοῖν
430 539 558 595 εἶναι
605 540 817 612 λέγομαι
865 539 1006 613 (39).
1052 540 1210 592 Ἀλλὰ
1264 546 1423 613 μήπω
1462 549 1639 601 τοῦτο,
1689 539 1796 592 ἀλλ’

191 632 317 707 ὅπερ
350 627 611 685 ἐδέδεικτο
650 632 789 681 κατὰ
837 631 993 701 φύσιν
1041 627 1170 682 εἶναι
1216 629 1395 701 ψυχῆ.
1448 629 1798 700 συνεζεῦχθαι

192 726 422 793 σώματι,
456 738 547 771 και
599 722 671 791 μὴ
712 719 1044 771 παντάπασιν
1097 717 1281 772 έθέλειν
1348 718 1510 771 αὐτοῦ
1563 722 1795 790 κεχωρί-

193 790 342 864 σθαι.
377 813 480 863 Καὶ
501 805 595 860 διά
619 806 762 859 τοῦτ’
788 803 936 879 οἶμαι
986 826 1077 860 και
1134 808 1281 880 ὑμεῖς
1325 806 1407 860 ἀεὶ
1465 810 1661 864 ταύτην
1716 790 1795 859 ἐπ’

190 899 331 952 αὐτὰ
396 894 465 956 δὴ
502 898 571 950 τὰ
627 896 673 931 ⁵³
737 901 958 968 σώματα
1013 900 1272 970 στρέφετε,
1332 916 1423 948 και
1469 895 1564 948 οὐκ
1624 893 1797 968 ἀφίετε

188 990 391 1045 ταύτην
407 985 598 1053 αὐτῶν,
658 986 722 1045 ὡς
785 982 933 1046 ἐκτὸς
991 980 1060 1043 δὴ
1118 987 1312 1037 τούτων
1363 983 1541 1037 ἄλλοθί
1580 1003 1682 1036 που
1718 988 1791 1057 μὴ

192 1073 489 1148 δυναμένην
558 1069 699 1147 μηδε
791 1079 1078 1146 πεφυκυῖαν
1165 1070 1427 1146 μηδαμῶς
1518 1069 1789 1145 ἶδρυσθαι.

188 1165 346 1218 Τοῦτ’
375 1161 485 1225 ἤδη
546 1181 636 1215 και
684 1160 799 1234 ἐμοὶ
848 1166 1118 1235 πειρατέον
1169 1164 1232 1214 ἄν
1285 1165 1384 1231 εἴη,
1428 1161 1479 1224 ίς
1518 1161 1639 1215 ὅσον
1687 1158 1792 1215 οἷον

186 1272 251 1306 τε
296 1259 475 1324 σαφῶς
530 1247 700 1313 δεῖξαι
747 1250 828 1302 ὃτι
868 1269 926 1321 γε
970 1248 1126 1322 ψυχή
1203 1249 1422 1303 λυθεῖσα
1490 1257 1584 1302 τοῦ
1659 1269 1789 1322 συγ-

186 1345 459 1413 γεγονότες
482 1340 614 1412 αὐτῇ
646 1344 904 1411 σώματος,
934 1337 1011 1390 ἄπ’
1063 1339 1190 1391 αύτό
1250 1334 1320 1397 δὴ
1377 1346 1550 1399 τοῦτο,
1620 1340 1647 1391 ὃ
1702 1358 1792 1391 και

187 1429 429 1495 ἀπέθετο,
460 1448 551 1481 και
594 1428 690 1481 οὐκ
737 1426 813 1479 ἐπ’
860 1426 983 1479 ἄλλο
1039 1427 1294 1491 ίπάνεισι,
1349 1447 1440 1479 και
1496 1446 1555 1498 γε
1607 1446 1789 1500 πειρα-

183 1524 301 1572 τέον
327 1518 445 1571 κατ’
475 1517 636 1578 αὐτὰς
696 1512 766 1575 δὴ
824 1518 1020 1579 ταύτας
1064 1519 1155 1577 τὰς
1209 1523 1303 1568 τοῦ
1346 1516 1613 1577 Πλάτωνος
1666 1518 1789 1569 imo.

187 1610 379 1673 θέσεις,
438 1627 529 1660 και
575 1609 641 1667 ὡς
696 1604 884 1668 έκεῖνος
944 1604 998 1668 ἕξ
1049 1604 1184 1676 ᾅδου
1225 1608 1411 1678 χυχὰς
1474 1602 1628 1667 αὖθις
1677 1603 1788 1668 έξά-

1906 471 2016 511 vos
2045 472 2181 513 eam
2208 475 2445 533 semper
2475 459 2554 516 ad
2578 472 2834 530 corpora
2862 457 2996 528 ipsa
3055 454 3309 525 volvitis,
3361 466 3563 527 neque

1905 560 2041 601 eam
2067 547 2146 602 ab
2169 548 2261 603 his
2278 548 2596 618 dimittitis,
2636 551 2841 620 utpote
2882 559 3020 617 quas
3068 549 3235 600 extra
3289 559 3363 601 ea
3420 543 3563 600 alibi

1904 649 2027 689 non
2049 636 2452 710 possitneque
2475 636 2702 694 valeret
2731 635 2958 691 sedere.
3003 632 3070 688 Id
3116 634 3244 705 jam
3302 637 3361 689 et
3416 632 3566 689 mihi

1903 725 2249 781 conandum
2278 731 2368 783 est
2394 741 2580 798 quam
2602 722 3041 781 evidentissime
3063 737 3342 794 possum,
3366 726 3563 778 osten-

1903 811 2044 868 dere
2091 819 2148 869 et
2194 814 2466 870 animam
2517 827 2765 886 corpore
2837 811 2950 867 sibi
3018 811 3338 880 congenito
3414 809 3562 867 libeo

1900 907 2095 958 ratam
2110 903 2186 958 ad
2200 903 2359 959 idem
2371 918 2593 976 corpus
2605 901 2773 975 quod
2786 900 3065 973 deposuit
3082 914 3278 972 neque
3293 900 3373 956 ad
3392 899 3560 958 aliud

1901 1007 2030 1047 esse
2058 991 2427 1051 redituram:
2470 998 2528 1048 et
2583 991 2932 1048 conandum
2995 989 3241 1063 quidem
3293 1004 3365 1045 ex
3408 988 3557 1058 ipsis

1899 1079 2157 1137 Platonis
2169 1081 2476 1154 principiis
2487 1079 3017 1145 etostendendum,
3056 1077 3559 1151 quomodoilleex

1897 1169 2131 1226 inferno
2147 1170 2382 1227 animas
2406 1169 2701 1226 reducens
2726 1169 2789 1225 in
2811 1166 3379 1239 corporaimmittat,
3408 1181 3559 1224 non-

1897 1258 2011 1314 nisi
2031 1275 2104 1314 ex
2154 1259 2409 1315 mortuis
2458 1257 2723 1314 viventes
2786 1255 3140 1313 reviviscere
3208 1255 3416 1312 dicens
3482 1271 3556 1314 ae

1897 1347 2117 1402 talibus
2148 1345 2764 1403 damonstrationibus
2792 1344 3077 1416 deinceps
3092 1348 3287 1400 utens.
3310 1346 3395 1400 Ex
3410 1359 3556 1400 con-

1896 1435 2110 1496 trariis.
2139 1435 2352 1507 inquit,
2382 1449 2627 1491 necesse
2651 1438 2739 1490 est
2761 1432 3058 1489 contraria
3075 1431 3225 1501 ﬁeri,
3257 1436 3316 1488 et
3354 1431 3419 1488 id
3476 1432 3553 1490 de

1894 1524 2180 1580 omnibus
2207 1527 2409 1579 censet
2435 1538 2506 1579 ac
2543 1522 2620 1578 de
2667 1522 2837 1578 omni
2864 1520 3272 1590 generatione,
3331 1535 3405 1576 ac
3444 1520 3554 1576 mi-

1892 1612 2053 1668 nime
2083 1611 2213 1667 vult
2233 1611 2571 1684 quidquam
2595 1610 2713 1666 tale
2742 1608 2912 1665 aliter
2932 1609 3161 1664 factum
3187 1623 3339 1664 esse.
3356 1609 3553 1680 Atque

180 1718 291 1770 γων
321 1696 562 1755 “hinc:
603 1697 653 1732 ⁵⁸
721 1701 984 1766 σώμασιν,
1032 1691 1324 1767 οὐδαμόθεν
1376 1694 1606 1759 ἄλλοθεν,
1657 1696 1687 1754 ἣ
1729 1699 1784 1748 ἐκ

1892 1701 2073 1771 igitur
2087 1700 2288 1770 majus
2308 1715 2380 1755 ex
2407 1714 2480 1754 eo
2518 1697 2687 1771 quod
2737 1701 2877 1754 ante
2913 1696 3115 1752 minus
3169 1694 3364 1753 fuerat
3409 1695 3556 1753 dicit

179 1795 283 1839 τῶν
348 1787 635 1839 τεθνεώτων
690 1783 851 1856 λέγων
899 1787 1019 1846 τοὺς
1071 1784 1265 1844 ζῶντας
1339 1781 1781 1849 ἂναϐιὼσκεσθαι,

177 1880 271 1928 καὶ
320 1876 590 1934 τοιαύταις
636 1872 722 1926 ἔπι
776 1875 942 1944 τούτῳ
990 1879 1110 1935 ταῖς
1187 1869 1519 1935 ἀποδείξεσιν
1604 1870 1785 1944 ἄφεξῆς

176 1965 292 2017 ἑστι
311 1966 655 2038 κεχρημένος.
718 1960 807 2015 Ἐκ
860 1968 962 2013 τῶν
1014 1959 1274 2027 ίναντίων,
1333 1965 1515 2033 φησὶν,
1579 1960 1780 2032 ἀνάγκη

176 2054 421 2124 γίνεσθαι
474 2050 740 2117 τάναντία,
792 2054 882 2102 καὶ
934 2045 1078 2103 τοῦτ’
1128 2048 1214 2102 ἐπὶ
1263 2053 1454 2110 παντὸς
1509 2048 1648 2113 ἀξιοῖ
1693 2054 1785 2102 καὶ

179 2140 266 2195 ἐπὶ
296 2142 476 2203 πάσης
494 2144 756 2212 γενέσεως,
812 2144 903 2192 καὶ
946 2134 1155 2211 οὐδαμῆ
1206 2137 1450 2212 βούλεται
1510 2146 1607 2191 τῶν
1675 2158 1783 2191 τοιο

178 2232 343 2282 ούτων
369 2225 521 2281 ούδδν
550 2229 835 2299 τυγχάνειν
860 2225 1022 2287 ἄλλως
1080 2230 1410 2299 γεγενημένον
1471 2247 1484 2261 ·
1533 2246 1625 2279 και
1678 2230 1784 2279 τοί-

178 2338 270 2371 νυν
292 2322 350 2371 τὸ
380 2317 558 2390 μεῖξον
583 2315 637 2379 ίξ
704 2314 972 2377 ἆλάττονὸς
1017 2334 1149 2387 φησι
1203 2319 1452 2389 πρότερον
1508 2319 1655 2376 ὄντος
1702 2320 1784 2387 γί-

178 2409 364 2460 νεσθαι
383 2408 432 2442 ⁸⁵
458 2406 657 2479 μεῖζον,
685 2408 776 2456 καὶ
817 2400 884 2456 αὖ
932 2402 1212 2456 τοῦλαττον
1259 2403 1316 2456 ἔκ
1367 2412 1463 2456 τοῦ
1522 2407 1779 2477 μείζονος,

184 2498 365 2548 καὶτὸ
413 2491 734 2568 δικαιότερον
778 2491 833 2556 εξ
885 2488 1228 2566 ἁδικωτέρου,
1274 2497 1365 2545 καὶ
1418 2496 1479 2545 τὸ
1542 2496 1685 2565 ταχύ
1724 2491 1779 2545 ἐκ

182 2590 279 2635 τοῦ
317 2578 558 2654 βραδέος,
582 2587 672 2635 καὶ
695 2580 749 2645 ἕξ
800 2579 1065 2653 ἀμείνονος
1121 2585 1179 2633 τὸ
1224 2588 1407 2655 χεῖρον
1445 2602 1458 2615 ο
1503 2586 1594 2634 καὶ
1637 2587 1781 2654 περὶ·

183 2690 317 2724 εισιν
353 2673 385 2729 ἡ
421 2672 563 2733 θέσις
608 2670 692 2724 ίπὶ
738 2678 837 2723 τῶν
901 2672 1146 2722 τοιούτων
1194 2668 1475 2740 ἁπανταχῇ
1528 2671 1781 2732 ὡσαύτως

177 2759 406 2832 ἓχουσα¹
433 2764 525 2815 καὶ
584 2762 652 2812 τὰ
703 2758 907 2812 ἐναντία
953 2757 1009 2810 ἐκ
1059 2766 1158 2810 τῶν
1210 2758 1450 2811 έναντίων
1502 2762 1780 2831 ττεφυνιέναι

176 2845 430 2903 δεικνῦσα
461 2870 474 2882 ·
548 2852 639 2901 καὶ
690 2845 837 2901 δυοῖν
906 2849 1073 2900 ὄντοιν
1130 2850 1338 2901 πάντων
1384 2854 1487 2899 τῶν
1542 2845 1778 2899 έταντίων

166 2938 362 3011 μεταξύ
385 2939 577 2990 τούτων
609 2933 708 2989 δύο
731 2938 916 2995 τίθησι
962 2941 1052 2989 καὶ
1103 2938 1193 2996 τὰς
1241 2940 1492 3007 γενέσεις,
1542 2938 1643 2987 ἀπὸ
1686 2938 1775 3007 μιν

165 3034 265 3081 τοῦ
302 3029 475 3099 ἑτέρου
505 3025 591 3079 ἰπὶ
630 3028 689 3078 τὸ
726 3027 913 3100 ἕτερον,
990 3023 1092 3079 ἀπὸ
1145 3021 1194 3077 δ’
1245 3023 1311 3076 αὖ
1360 3025 1575 3098 θατέρου
1627 3023 1779 3076 πάλιν
1811 3059 1853 3112 C

169 3115 259 3169 ἐπὶ
286 3117 497 3188 θάτερον
548 3135 562 3149 ο
629 3116 866 3186 μείζονος
927 3116 1027 3184 γὰρ
1089 3119 1180 3166 καὶ
1238 3111 1502 3174 ἐλάττονος
1556 3111 1779 3175 αὓξησις

168 3204 367 3275 μεταξύ
405 3209 495 3256 καὶ
525 3204 704 3275 φθίσις
732 3223 744 3235 ο
800 3207 892 3254 καὶ
949 3205 1008 3253 τὸ
1061 3204 1152 3273 μὶν
1227 3201 1544 3263 αὐξάνεσθαι
1608 3200 1775 3261 καλεῖ,

168 3297 234 3346 τὸ
293 3289 351 3347 δε
416 3295 633 3365 φθίνειν,
678 3297 770 3344 καὶ
820 3292 1195 3366 συγκρίνεσθαι
1249 3296 1339 3342 καὶ
1406 3286 1772 3364 διακρίεσθαι,

167 3388 266 3435 καὶ
327 3381 604 3453 ψύχεσθαι
646 3385 737 3433 καὶ
807 3381 1193 3452 θερμαίνεσθαι,
1239 3384 1329 3432 καὶ
1374 3382 1545 3431 πάντα
1616 3388 1771 3447 οὑτω,

166 3471 269 3523 κᾶν
307 3474 379 3542 μὴ
402 3468 516 3523 ιστι
540 3471 783 3542 χρῆσθαι
824 3477 933 3531 τοῖς
995 3467 1244 3540 ὀνόμασιν
1303 3468 1544 3539 ἐνιαχοῦ.
1600 3467 1773 3543 Ἐργῳ

165 3561 274 3632 γὰρ
331 3558 641 3630 ἁπανταχοῦ
709 3557 868 3618 οὓτως
924 3558 1067 3629 ἔχειν
1143 3554 1446 3627 ἀναγκαῖον,
1500 3560 1773 3628 γίγνεσθαι

165 3647 309 3701 αὐτὰ
336 3646 390 3710 ἕξ
414 3646 667 3711 ἀλλήλων,
696 3649 895 3717 γένεσίν
961 3664 1016 3698 τε
1063 3653 1194 3698 εῖναι
1247 3645 1489 3719 ἑκατέρου
1543 3646 1617 3708 εἰς
1682 3646 1772 3699 ἆλ-

158 3736 298 3795 ληλα
360 3757 373 3771 ο
426 3741 517 3789 καί
564 3740 738 3788 τοίνυν
796 3743 867 3805 τῷ
957 3733 1293 3807 ἐγρηγορέναι
1361 3738 1420 3787 τὸ
1490 3732 1765 3788 καθεύδειν

161 3831 326 3898 φησίν
355 3824 596 3893 ἐναντίον,
662 3829 753 3877 καὶ
812 3832 884 3895 τῷ
950 3823 1046 3895 ζῇν
1123 3820 1382 3881 δήπουθεν
1455 3827 1512 3877 τὸ
1570 3826 1827 3894 τεθνάναι,

157 3935 270 3984 ναι,
316 3913 417 3968 ἀπὸ
629 3920 719 3966 τοῦ
784 3911 1122 3987 ἔφρηγορίναι
1185 3913 1243 3963 τὸ
1301 3907 1712 3984 καταδαρθάνειν
1757 3916 1826 3981 ⁵⁸,

1889 1789 2018 1845 fieri
2047 1789 2269 1859 majus,
2305 1804 2374 1844 ex
2398 1802 2643 1843 rursum
2660 1786 2861 1845 minus
2879 1801 2953 1841 ex
2967 1784 3221 1856 majore,
3250 1788 3310 1841 et
3326 1783 3550 1856 justius

1891 1894 1963 1933 ex
1993 1877 2325 1948 injustiore,
2355 1890 2427 1931 ac
2453 1874 2736 1948 rapidum
2756 1890 2829 1930 ex
2868 1872 3064 1941 tardo,
3093 1877 3153 1928 et
3182 1888 3253 1929 ex
3304 1871 3551 1930 meliore

1890 1967 2083 2038 pejus.
2115 1967 2181 2020 Et
2206 1968 2418 2020 tractat
2445 1963 2579 2035 ejus
2605 1961 2936 2036 propositio
2972 1961 3051 2017 de
3078 1960 3395 2032 quibusvis
3466 1965 3553 2018 ta-

1888 2052 2048 2109 libus
2074 2054 2156 2109 ita
2180 2069 2243 2109 se
2280 2052 2515 2109 habens
2539 2056 2597 2108 et
2624 2049 2929 2108 contraria
2947 2064 3023 2106 ex
3040 2049 3356 2105 contrariis
3377 2048 3553 2105 nasci

1889 2142 2234 2198 ostendens.
2278 2143 2503 2197 Etcum
2528 2139 2734 2197 omnia
2755 2138 3054 2195 contraria
3083 2137 3206 2193 duo
3232 2137 3369 2207 sint,
3397 2136 3553 2193 inter

1888 2229 1989 2286 illa
2025 2229 2178 2285 duas
2203 2244 2449 2302 quoque
2480 2226 2892 2297 generationes
2937 2225 3129 2298 ponit,
3182 2240 3257 2282 ex
3306 2239 3433 2282 uno
3468 2223 3550 2282 ad

1889 2317 2166 2387 alterum,
2198 2324 2256 2374 et
2284 2333 2357 2373 ex
2384 2317 2501 2373 hoc
2530 2317 2607 2373 ad
2637 2314 2805 2373 illud.
2840 2314 2997 2370 Inter
3031 2313 3232 2385 majus
3280 2312 3443 2371 enim
3490 2316 3552 2371 et

1888 2409 2092 2465 minus
2121 2412 2209 2463 est
2237 2407 2674 2464 incrementum
2704 2408 2763 2461 et
2790 2402 3189 2475 oorruptio.Et
3204 2417 3399 2461 unum
3415 2402 3546 2475 qui-

1888 2496 2027 2552 dem
2058 2510 2321 2552 crescere
2337 2494 2627 2560 nominat,
2660 2492 2914 2548 alterum
2941 2506 3087 2547 vero
3125 2490 3450 2562 corrumpi,
3491 2493 3550 2547 et

1888 2585 2295 2654 coagmentari
2326 2588 2383 2640 et
2400 2582 2700 2656 dissipari,
2725 2586 2785 2637 et
2834 2579 3216 2650 refrigescere
3268 2584 3326 2636 et
3378 2578 3549 2637 inca-

1888 2675 2215 2735 lescere.et
2238 2673 2445 2729 omnia
2473 2671 2578 2730 ita.
2625 2670 2735 2727 etsi
2780 2668 3001 2727 alicubi
3058 2667 3409 2726 nominibus
3458 2656 3548 2724 uti

1889 2779 2011 2820 non
2039 2762 2216 2819 liceat
2267 2764 2347 2817 Re
2376 2760 2624 2834 quidem
2654 2760 2789 2831 ipsa
2825 2757 3051 2830 ubique
3081 2757 3165 2814 sic
3184 2773 3318 2814 esse
3342 2771 3548 2814 neces-

1890 2851 2117 2906 sarium
2146 2854 2252 2919 est,
2285 2849 2403 2905 alia
2431 2865 2505 2904 ex
2524 2847 2660 2905 aliis
2694 2845 2889 2914 nasci,
2928 2849 2988 2901 et
3038 2845 3352 2917 utriusque
3415 2843 3549 2900 ﬁeri

1888 2944 2163 2995 mutuam
2190 2936 2655 3007 generationem.
2687 2940 2878 3006 Atque
2899 2932 3081 3004 igitur
3116 2932 3335 3002 vigilis
3379 2946 3545 2988 som-

1887 3042 2033 3083 num
2069 3024 2594 3082 dicitcontrarium
2624 3038 2775 3089 esse,
2806 3026 2865 3078 et
2890 3021 3026 3077 vita;
3046 3024 3324 3088 mortem,
3361 3025 3422 3075 et
3469 3034 3545 3076 ex

1885 3117 2000 3172 hac
2057 3114 2478 3185 conjunctione
2516 3112 2643 3168 ﬁeri
2692 3110 3126 3181 generationes,
3198 3124 3268 3165 ex
3342 3106 3543 3179 vigilia

1887 3218 2193 3271 somnum,
2218 3219 2248 3258 e
2271 3216 2487 3257 somno
2513 3198 3029 3256 resurrectionem.
3062 3199 3144 3253 De
3171 3196 3292 3253 vita
3337 3200 3541 3252 autem

1885 3308 1956 3348 ac
1987 3297 2197 3357 morte,
2226 3289 2589 3363 quomodoe
2626 3292 2749 3344 vrta
2816 3285 3119 3357 generatio
3173 3285 3254 3343 ad
3307 3289 3545 3341 contra-

1883 3382 2061 3443 rium,
2094 3387 2347 3436 mortem
2376 3377 2615 3439 scilicet,
2635 3376 2761 3447 ﬁat,
2785 3380 2845 3432 et
2870 3391 2942 3431 ex
2970 3378 3161 3430 morte
3207 3373 3287 3430 ad
3325 3372 3541 3430 revivi-

1885 3471 2199 3535 scentiam,
2228 3475 2407 3540 atque
2436 3466 2518 3523 ita
2543 3466 2763 3522 mortui
2778 3480 2853 3520 ex
2880 3462 3222 3520 viventibus
3242 3463 3359 3519 sint
3375 3461 3541 3528 dicit,

1881 3559 2150 3614 viventes
2175 3572 2318 3615 vero
2346 3572 2379 3613 e
2403 3554 2703 3613 contrario
2735 3569 2809 3610 ex
2837 3552 3088 3610 mortuis
3119 3569 3134 3620 ;
3162 3556 3222 3608 et
3239 3551 3372 3608 haec
3397 3549 3543 3607 dicit

1884 3648 2068 3715 Plato,
2099 3654 2153 3702 et
2178 3647 2308 3702 haec
2370 3661 2483 3701 nos
2550 3643 2843 3701 sentimus
2901 3656 3163 3717 eumque
3208 3639 3540 3715 sequimur,

1882 3742 2062 3809 atque
2086 3736 2212 3792 haec
2239 3741 2395 3791 recte
2426 3750 2487 3790 se
2519 3733 2762 3791 habent.

1889 3831 1981 3878 καὶ
2044 3824 2123 3878 ἐπ’
2174 3823 2368 3887 ἐκείνης
2418 3827 2507 3896 μιν
2556 3831 2648 3884 τῆς
2724 3826 2981 3894 συζυγίας
3033 3824 3129 3884 τὰς
3180 3824 3405 3893 γενίσεις
3460 3815 3541 3874 εἵ-

1883 3913 1985 3967 ἁπὸ
2043 3910 2102 3968 δὲ
2160 3915 2205 3949 ⁵⁷
2254 3922 2345 3967 τοὺ
2393 3908 2668 3966 καθεύδειν
2723 3915 2783 3965 τὸ
2836 3909 3198 3985 ἂνεγιίρεσθαι
3250 3931 3263 3944 ·
3332 3908 3416 3962 ἰπὶ
3473 3903 3536 3962 δι

158 4005 303 4067 ζωῆς
337 4008 427 4057 καὶ
460 4004 704 4067 θανάτου,
737 4010 844 4061 πῶς
867 3998 967 4053 ἀπὸ
997 4003 1086 4072 μὲν
1114 4008 1204 4052 του
1226 3999 1322 4071 ζῇν
1351 4004 1548 4071 γένεσις
1586 4004 1716 4074 πρὸς
1744 4004 2036 4054 τούναντιον
2074 4005 2133 4055 τὸ
2185 4004 2446 4069 θνήσκειν,
2492 3999 2594 4052 ἀπὸ
2658 3996 2717 4053 δε
2775 4006 2871 4052 τοῦ
2939 3999 3180 4052 τεθνάναι
3225 3997 3334 4068 (37)
3383 3991 3539 4073 αὖθις

158 4098 225 4146 τὸ
251 4091 694 4159 ἀναϐιὼσκεσθαι,
723 4109 814 4142 και
838 4090 973 4141 οὕτω
1006 4085 1073 4146 δὴ
1102 4088 1218 4148 τούς
1255 4089 1528 4150 τεθνεῶτας
1558 4092 1615 4142 ἔκ
1644 4109 1743 4142 των
1772 4091 1977 4152 ζῶννώτ
2017 4096 2176 4163 φησίν
2229 4097 2378 4154 εἶναι,
2410 4093 2528 4152 τοὺς
2555 4085 2608 4141 δ’
2662 4088 2728 4140 αὖ
2779 4088 2978 4150 ζῶντας
3014 4085 3069 4141 ix
3107 4095 3208 4139 τῶν
3252 4086 3537 4139 τεθνεώτων

159 4185 413 4236 τάναντία
432 4184 581 4241 ὄντας
610 4196 623 4208 ⁸
664 4184 755 4231 καὶ
791 4186 957 4231 ταῦτα
983 4178 1030 4212 ⁵⁸
1065 4173 1132 4235 δὴ
1168 4177 1403 4248 Πλάτων,
1435 4182 1680 4252 καὶπρὸς
1705 4181 1851 4252 ἡμῶν
1880 4199 1942 4253 γε
1968 4188 2153 4249 ταῦτα,
2187 4185 2279 4232 καὶ
2295 4186 2446 4252 ημείς
2492 4177 2738 4249 ἑπόμεθα,
2790 4195 2882 4229 και
2928 4175 3092 4250 ὀρθῶς
3108 4174 3248 4247 lxii.

234 4270 303 4330 η’.
334 4269 411 4323 Οὐ
445 4269 548 4341 μὴν
575 4266 682 4321 ἀλλ’
704 4264 895 4321 εἰδεναι
918 4264 1233 4339 βουλομεθα,
1266 4274 1401 4329 τινος
1432 4271 1573 4330 ὄντος
1612 4267 1757 4320 ἐλάτο
1792 4272 1835 4325 D

158 4379 314 4421 τονος
356 4378 446 4411 και
485 4377 545 4429 γε
592 4356 959 4428 αὐξανομένου,
1013 4359 1071 4408 τὸ
1117 4356 1295 4427 μεῖζον
1331 4359 1537 4426 γεγονὸς
1588 4359 1755 4412 ἔσται.

158 4448 320 4503 ἄλλον
347 4443 415 4504 δὴ
443 4465 603 4514 τινος,
641 4451 672 4503 ἡ
696 4464 784 4515 ογε
806 4445 853 4479 ⁵⁸
889 4451 977 4495 νῦν
1016 4442 1129 4496 ἐστι
1166 4448 1363 4515 μεῖξον,
1426 4448 1456 4502 ἤ
1512 4445 1638 4497 αύτό
1688 4442 1757 4504 δὴ

158 4544 340 4605 τοῦτο,
372 4536 575 4587 ἔλαττον
603 4537 659 4585 ὄν
686 4537 955 4607 πρότερον,
979 4550 1100 4605 πριν
1145 4527 1387 4589 δηλονοτι
1424 4531 1597 4604 μεῖξον
1627 4538 1762 4604 γενέ-

1942 4273 1994 4323 8.
2026 4274 2301 4324 Attamen
2330 4268 2477 4323 scire
2508 4266 2792 4322 volumus
2857 4280 2932 4321 ex
2996 4280 3122 4337 quo
3176 4262 3411 4320 minore
3466 4278 3539 4321 ac

1869 4362 2173 4413 crescente
2198 4356 2305 4412 ﬁat
2324 4355 2544 4426 majus,
2576 4358 2775 4410 utrum
2806 4369 2882 4409 ex
2901 4352 3020 4410 alio
3050 4351 3320 4425 quodam
3350 4366 3540 4424 quam

1868 4446 2036 4519 quod
2061 4460 2221 4501 nunc
2256 4445 2454 4517 majus
2479 4449 2585 4514 est,
2619 4458 2700 4499 an
2756 4442 2819 4499 id
2874 4442 3077 4515 ipsum
3127 4439 3297 4514 quod
3332 4439 3539 4497 minus

1870 4540 1997 4592 erat
2026 4538 2382 4607 priusquam
2410 4532 2613 4605 majus
2636 4531 2825 4600 ﬁeret,
2856 4531 3077 4589 deinde
3103 4530 3330 4603 majus,
3367 4528 3538 4603 quod

1502 4653 1730 4724 Varia
1776 4655 2124 4726 lectiones.

232 4800 291 4873 δεῖ
312 4802 378 4855 τὰ
403 4812 528 4873 non
558 4800 646 4873 est
674 4794 889 4873 in_Va_t_.
922 4869 931 4873 Α
967 4795 1017 4830 ⁵³
1039 4797 1396 4873 ανοέγωνῌνθίι.
1473 4795 1523 4831 δι
1552 4794 1719 4850 Mam
1752 4798 1784 4853 κ

1892 4799 1930 4854 l.
2008 4801 2057 4835 ⁸⁵
2082 4801 2354 4872 γίγνεσθαι
2382 4800 2507 4856 Vat.
2584 4799 2633 4834 ⁵⁸
2663 4794 3014 4873 καταδαρθεῖν
3042 4794 3191 4852 Vat.
3284 4793 3330 4829 ⁸⁸³
3360 4791 3463 4846 ἀπὸ
3517 4788 3554 4847 δ

155 4877 227 4923 aa
254 4872 380 4927 Vat.
454 4869 503 4904 ⁵⁸
528 4871 619 4941 μὲν
640 4865 807 4922 addit
831 4868 963 4921 Vat.
1039 4866 1087 4900 ‘9
1109 4865 1192 4918 ὅτε
1220 4866 1385 4922 Vind.

1718 4966 1938 5035 Notae.

236 5112 355 5181 (36)
380 5103 933 5181 Iflotinus_in_libro,
964 5106 1115 5181 Quid
1129 5106 1378 5181 animal,
1403 5107 1550 5178 quid
1572 5107 1766 5181 homo,

164 5173 288 5253 pii
325 5173 372 5235 Ᾱ
396 5179 571 5253 Basil.
607 5173 884 5253 :_'Hdovai
912 5173 1440 5253 uocalurmipoSoirt
1505 5197 1594 5229 και
1647 5177 1768 5253 θαρ-

160 5244 231 5328 ῥη
254 5282 325 5290 -—
351 5256 490 5311 τίνος
520 5251 580 5328 οἷν
610 5244 708 5328 εἶεν
730 5265 744 5315 ;
769 5251 800 5306 ἦ
828 5249 930 5328 γὰρ
996 5244 1223 5328 ψυχης(
1256 5249 1285 5306 ὴ
1335 5253 1610 5328 χρωμένης
1666 5244 1767 5321 ψυ-

168 5318 528 5396 χῆςσὼματι,
559 5321 587 5380 ἦ
624 5323 803 5396 τρίτον
828 5318 967 5379 τινος
1014 5318 1087 5381 ἐξν
1123 5318 1308 5391 ἀμφοῖν
1336 5318 1390 5370 κζ
1431 5318 1480 5373 τ.
1533 5320 1580 5375 λ.
1641 5318 1778 5396 quae

167 5390 467 5465 Excerpsit
510 5390 895 5465 suid'asit._u,
929 5406 989 5461 p.
1020 5394 1085 5445 46
1109 5390 1276 5465 Κγηςῑ.
1314 5391 1623 5446 Plotmiani
1648 5390 1786 5465 Aloci

172 5482 290 5521 ons
344 5458 501 5518 estin
522 5458 781 5534 Platonis
800 5458 1036 5526 Timaeo,
1061 5478 1117 5533 p.
1142 5464 1209 5515 42
1233 5465 1300 5527 Α,
1324 5465 1424 5534 32]
1448 5464 1567 5534 Bip.
1596 5462 1677 5534 Cf.
1726 5481 1786 5523 ι».

176 5541 307 5593 423.
339 5534 507 5590 Adde
536 5532 812 5604 Sympos.
846 5548 907 5605 p.
939 5536 1041 5587 207
1064 5532 1133 5599 Ε,
1160 5548 1222 5605 p.
1253 5532 1527 5606 240JBipI
1548 5532 1640 5589 Ad
1695 5534 1791 5588 Ti-

1878 5124 2097 5180 mwumr
2116 5108 2339 5164 adhibe
2362 5107 2632 5180 Proclum
2646 5107 2705 5180 in
2719 5108 3118 5180 Commentar.
3145 5121 3207 5180 p.
3223 5109 3328 5163 326
3348 5121 3548 5180 seqq.,

1877 5186 1934 5235 et
1959 5179 2164 5235 confer
2187 5195 2289 5235 eos
2312 5179 2414 5250 qui
2466 5194 2537 5234 ex
2562 5178 2781 5250 eodem
2813 5179 2975 5235 fonte
2997 5193 3110 5234 sua
3143 5178 3318 5250 prata
3344 5178 3541 5247 irriga-

1877 5256 2017 5306 runt
2043 5248 2482 5324 :_Porphyr.70r
2508 5248 2785 5324 ᾳρεζίιω,
2804 5253 2894 5320 33,
2926 5266 2985 5324 p.
3015 5254 3083 5307 5i
3105 5268 3120 5319 ;
3143 5248 3545 5324 Damascium

1896 5327 2025 5395 Περί
2052 5316 2406 5395 ἁρχ.’ρ.’219
2450 5337 2467 5387 ;
2522 5316 2777 5376 Michael
2815 5316 3077 5379 Pseilum
3107 5316 3115 5319 ⁷
3142 5324 3269 5395 Περί
3314 5316 3541 5375 παντοδ.

1895 5390 2050 5447 παίδ.
2087 5390 2231 5448 sect.
2261 5394 2351 5453 44,
2383 5406 2442 5462 p.
2477 5394 2595 5447 103.

1969 5466 2087 5539 (37),
2111 5464 2287 5539 Mori,
2318 5459 2619 5539 mortuam
2648 5478 2789 5520 esse.
2817 5463 2903 5521 Cf.
2934 5463 3240 5539 Wyttenb.
3293 5460 3374 5519 ad
3426 5459 3551 5521 Pla-

1902 5542 2024 5591 ton.
2057 5535 2368 5601 Phaedon,
2385 5548 2447 5606 p.
2467 5533 2570 5589 142
2599 5550 2768 5609 seqq.
