4066 6212
208 295 344 357 N33

1383 291 1555 355 ADV.
1593 287 1950 352 PLOTlNUM
1985 291 2077 352 DE
2114 295 2356 360 ANIMA.

3426 304 3563 362 1434-

201 426 290 479 καὶ
312 421 706 491 ζωὼσεταε,ὀ⁸τι
735 422 806 496 μὴ
830 420 877 459 ⁸³
935 417 987 477 δ’
1035 422 1093 477 ἰκ
1143 425 1234 477 τοῦ
1293 418 1640 486 καθεύδοντος
1696 420 1802 476 ἕτε-

1915 433 2038 477 non
2083 421 2266 480 alium
2314 423 2586 484 suscitari
2631 424 2910 494 dicimus,
2961 440 3158 502 neque
3203 425 3369 487 aliud
3427 445 3559 488 ma-

202 534 290 589 ρον
362 512 575 587 λέγομεν
649 513 1012 588 ἐγρηγορέναι,
1085 509 1216 586 μηδ’
1268 513 1391 566 ἄλλο
1435 513 1612 586 μεῖζον
1668 515 1799 583 γίνε-

206 605 332 660 σθαι
370 601 440 670 ⁸³,
475 603 504 662 ἦ
535 602 640 674 ὅγε
677 606 924 676 πρότερον
975 604 1241 675 τυγχάνον
1290 611 1352 664 ἦν
1417 601 1644 657 Dan-ou.
1707 602 1806 653 Καὶ

200 697 326 766 γοῦν
357 690 411 754 ἐξ
427 691 594 744 αὐτῶν
626 687 694 751 δὴ
728 692 776 727 ³⁸
828 699 929 745 τῶν
982 699 1075 745 τοῦ
1131 691 1402 755 Πλάτωνος
1457 693 1642 746 θέσεων
1671 689 1806 742 οὕτω

203 778 272 842 δὴ
301 784 392 835 καὶ
444 776 728 848 δέδεικται,
776 781 842 835 τά
891 799 945 834 τε
998 779 1127 833 ἄλλα
1177 779 1381 834 ἕναντία
1436 784 1558 834 ὄντα
1596 778 1650 832 ἐκ
1706 785 1806 833 τῶν

203 869 444 925 ἓναντίων
493 871 748 942 γίνεσθαι,
808 873 900 923 καὶ
988 872 1112 932 τοὺς
1201 872 1478 933 τεθνεῶτας
1542 866 1696 932 αὖθίς
1753 888 1808 924 τε

201 959 625 1014 ἁναϐιώσκεσθαι
668 963 756 1012 καὶ
805 955 952 1021 αὖθις
1007 963 1103 1033 ζῇν
1163 955 1381 1022 οὐδένας
1427 959 1612 1021 ἄλλους
1658 963 1810 1022 ὄντας

201 1052 234 1110 ἠ
269 1049 456 1112 αὐτοὺς
489 1044 556 1106 δὴ
586 1049 821 1118 τούτους,
878 1051 1002 1110 τοὺς
1057 1052 1148 1103 καὶ
1179 1053 1425 1126 πρότερον
1458 1050 1672 1116 ζῶντας,
1707 1049 1807 1102 αὐ-

199 1145 318 1202 ταῖς
347 1135 414 1198 δὴ
449 1140 665 1200 ταύταις
705 1136 838 1209 λέγω
890 1138 938 1174 ⁸⁵
976 1145 1088 1201 ταῖς
1152 1139 1376 1212 ψυχαῖς,
1426 1142 1516 1191 καὶ
1545 1138 1725 1200 αὐτοῖς
1751 1157 1808 1211 γε

199 1235 312 1291 τοῖς
337 1229 384 1264 ⁸⁸
430 1232 640 1300 σώμασι
701 1248 714 1260 ο
765 1232 856 1280 καὶ
918 1235 1100 1281 τοῦτον
1155 1226 1224 1288 δή
1279 1231 1366 1282 τὸν
1416 1232 1602 1302 τρόπον
1633 1229 1659 1282 ὁ
1704 1233 1805 1290 πᾶς

201 1318 471 1392 ἄνθρωπος
498 1325 572 1388 τῷ
609 1320 827 1390 τεχνίτῃ
884 1317 1022 1390 λόγῳ
1068 1323 1158 1373 καὶ
1225 1315 1534 1392 δημιουργῷ
1578 1325 1718 1392 σοφῷ
1747 1337 1807 1390 γε

200 1406 311 1460 ὂντι
354 1407 765 1472 πεισωθήσεται,
827 1410 918 1458 καὶ
985 1405 1044 1460 οὐ
1103 1402 1437 1460 διαπεσεῖται
1489 1405 1607 1460 κατ’
1654 1402 1804 1460 οὐδὲν

202 1498 403 1550 τούτων
433 1495 478 1530 ⁸⁷
508 1503 608 1547 τῶν
632 1501 823 1570 μερῶν,
854 1499 944 1548 καὶ
999 1494 1148 1548 πλέον
1190 1495 1408 1570 ὑπάρξει
1457 1499 1487 1556 ἦ
1545 1494 1677 1550 αὐτὰ
1734 1491 1801 1554 δὴ

198 1592 370 1639 ταῦτα
395 1586 463 1637 τὰ
499 1584 615 1638 κατ’
644 1583 856 1658 οὐρανὸν
908 1588 1147 1657 σώματα,
1214 1589 1304 1638 καὶ
1357 1586 1478 1658 ὑμῖν
1519 1604 1578 1656 γε
1631 1579 1724 1637 ἆῖδ
1731 1603 1803 1652 ια,

199 1675 294 1729 ἅτε
325 1671 394 1734 δὴ
417 1679 508 1727 καὶ
531 1673 764 1737 πλείονος
798 1672 848 1726 ἓν
883 1674 930 1710 ⁸⁸
956 1681 1018 1747 τῇ
1087 1673 1206 1728 κατ’
1271 1673 1426 1728 αὐτὸν
1485 1669 1809 1746 δημιουργίᾳ

1908 507 2008 579 jus
2054 509 2180 568 ﬁeri
2219 528 2404 586 quam
2452 514 2508 572 id
2563 517 2730 589 quod
2793 516 2960 590 prius
3005 518 3207 575 minus
3263 520 3408 576 erat.
3466 523 3560 577 At-

1913 613 2031 670 que
2073 600 2250 670 igitur
2291 619 2364 660 ex
2416 603 2563 678 ipsis
2615 606 2876 663 Platonis
2935 604 3243 680 principiis
3306 607 3390 665 ita
3450 609 3560 666 de-

1914 693 2315 748 monstratum
2374 697 2480 764 est,
2547 693 2664 752 alia
2739 711 2876 768 qum
2937 696 3235 754 contraria
3294 701 3436 755 sunt
3493 714 3561 759 ex

1917 780 2224 836 contrariis
2264 781 2413 850 ﬁeri,
2462 790 2520 844 et
2557 788 2825 842 mortuos
2889 800 3201 856 resurgere
3222 801 3292 843 ac
3316 803 3560 848 rursum

1915 865 2115 925 vivere
2185 872 2380 932 nullos
2438 875 2587 932 alios
2639 875 2757 932 nisi
2793 890 2897 932 eos
2953 874 3059 948 qui
3084 875 3250 948 prius
3278 876 3562 935 vivebant

1916 970 2054 1013 cum
2102 959 2314 1018 iisdem
2368 963 2585 1022 animis
2641 968 2697 1022 et
2743 963 3120 1037 corporibus.
3177 968 3366 1039 Atque
3445 967 3560 1022 hoc

1915 1046 2100 1103 modo
2137 1051 2334 1108 omnis
2373 1052 2560 1110 homo
2607 1053 2687 1111 ab
2715 1053 2924 1112 artifici
2960 1053 3188 1110 ratione
3214 1069 3284 1110 ac
3306 1055 3560 1127 sapienti

1918 1135 2189 1194 Creatore
2214 1141 2546 1198 servabitur
2579 1161 2592 1211 ;
2617 1158 2810 1216 neque
2831 1142 3059 1200 excidet
3089 1142 3210 1200 ulla
3231 1158 3342 1200 sua
3370 1146 3558 1216 parte,

1916 1225 1974 1278 et
1997 1225 2190 1295 magis
2215 1229 2662 1304 exsistetquam
2712 1246 2784 1288 ea
2829 1230 2961 1303 ipsa
2989 1245 3126 1302 quas
3147 1230 3208 1286 in
3240 1229 3390 1287 caelo
3421 1234 3560 1286 sunt

1916 1325 2169 1384 corpora
2183 1321 2240 1372 et
2259 1319 2469 1375 avobis
2489 1320 2853 1393 sempiterna
2869 1319 3185 1392 habentur,
3209 1319 3432 1392 quippe
3452 1317 3560 1392 qui

1917 1417 2040 1460 suae
2083 1407 2398 1464 creationis
2423 1409 2613 1478 gratia
2659 1407 3070 1466 admirabilior
3125 1407 3218 1476 sit,
3262 1407 3561 1466 visibilem

1916 1501 2252 1553 creaturam
2291 1499 2348 1554 et
2385 1496 2745 1554 invisibilem
2799 1497 2858 1554 in
2887 1512 3074 1554 unum
3124 1496 3475 1554 coadunans
3505 1499 3563 1572 et

1914 1586 2065 1644 inter
2086 1585 2266 1642 ambo
2290 1585 2518 1642 medius
2537 1591 2720 1658 stans,
2745 1585 3273 1658 tertius,tanquam
3293 1585 3558 1644 mundus

1919 1675 2215 1732 sensibilis
2239 1679 2297 1733 et
2347 1674 2750 1746 intelligibilis,
2769 1675 2926 1733 infra
2961 1690 3216 1733 manens
3240 1679 3296 1732 et
3317 1690 3560 1731 rursum

199 1767 370 1838 γέμων
408 1771 502 1817 τοῦ
555 1765 839 1836 θαύματος,
901 1764 1092 1838 ὁρατὴν
1126 1767 1295 1818 κτίσιν
1320 1782 1374 1817 τε
1431 1763 1476 1800 ⁸⁸
1521 1766 1612 1816 καὶ
1655 1759 1809 1836 ἀόρα-

1919 1764 2169 1822 tendens
2192 1769 2246 1821 et
2267 1764 2607 1822 ccelestibus
2637 1779 3021 1832 conversans,
3050 1769 3107 1822 et
3129 1764 3349 1837 majus,
3373 1779 3561 1836 quam

198 1869 290 1905 τον
317 1851 390 1914 εἰς
431 1850 484 1904 ἓν
536 1853 793 1923 συνάγων,
843 1854 932 1903 καὶ
980 1855 1140 1924 μέσος
1207 1853 1401 1905 τούτων
1461 1849 1636 1917 ἑστὼς,
1694 1853 1806 1924 τρί-

199 1961 308 2013 τος,
385 1944 606 2014 ὡσπερεὶ
677 1960 872 2014 κοσμος
945 1939 1198 2003 αἰσθητός
1275 1959 1330 1994 τε
1393 1944 1484 1993 καὶ
1541 1941 1810 2014 νοούμενος

200 2031 346 2084 κάτω
371 2033 532 2103 μένων
557 2035 648 2083 καὶ
677 2031 781 2083 ἄνω
809 2032 1032 2104 φθάνων,
1083 2034 1174 2084 καὶ
1227 2037 1334 2092 τοῖς
1383 2032 1638 2103 οὐρανίοις
1692 2049 1810 2084 συν-

205 2123 295 2190 ὼν,
357 2125 447 2172 καὶ⁹
493 2120 670 2192 μεῖζον
737 2120 766 2180 ἦ
815 2118 983 2172 ἐκεῖνα
1040 2121 1214 2192 θαῦμα
1262 2119 1411 2182 οὗτος
1467 2120 1516 2155 9°
1559 2122 1808 2192 γνωριζὸ·

203 2227 370 2281 μενος.
455 2215 610 2282 Σῶμα
661 2211 751 2281 μὲν
805 2211 908 2283 γὰρ
975 2214 1076 2276 πᾶν
1129 2209 1355 2283 ῥευστῆς
1411 2205 1538 2262 εἶναι
1585 2211 1804 2281 φύσεως,

201 2297 261 2350 οὐ
327 2303 438 2361 τοῖς
511 2297 686 2358 ἄλλοις
746 2301 898 2369 μόνον
952 2304 1059 2360 τοῖς
1107 2301 1228 2372 περὶ
1277 2300 1477 2370 φύσεως
1521 2297 1804 2370 εἰρηκόσιν,

197 2384 328 2440 ἀλλὰ
362 2391 452 2438 καὶ
512 2386 652 2458 αὐτῷ
707 2383 854 2441 δοκεῖ
907 2386 1164 2449 Πλάτωνι,
1219 2392 1309 2440 καὶ
1358 2392 1476 2461 περὶ
1527 2396 1626 2441 τῶν
1651 2387 1808 2464 οὖρα-

199 2480 321 2529 νίων
352 2475 514 2537 οὕτως
542 2477 586 2512 θί
656 2475 868 2548 ἐπέγνω,
912 2481 1004 2530 καὶ
1058 2476 1199 2536 ἣλιον
1243 2477 1344 2530 αἰεὶ
1392 2479 1666 2550 γίγνεσθαι
1720 2481 1809 2533 καὶ

211 2563 436 2640 ἁστὲρὰς
455 2569 582 2636 φησὶ
611 2569 700 2618 καὶ
731 2569 895 2638 μένειν
926 2565 1028 2618 αἰεί
1055 2565 1191 2639 (39).
1233 2565 1295 2619 Εἰ
1322 2573 1447 2640 γοῦν
1501 2570 1589 2620 καὶ
1644 2585 1812 2619 ταυτα

209 2659 310 2705 τῶν
344 2655 592 2724 σωμάτων
609 2653 690 2728 ῥεῖ
725 2658 814 2706 καὶ
859 2652 1038 2728 ῥέοντα
1092 2653 1136 2706 εἰ
1190 2658 1280 2708 καὶ
1339 2659 1410 2728 μὴ
1463 2653 1514 2707 ἕν
1565 2660 1674 2717 τοῖς
1717 2653 1809 2706 αὐ-

210 2748 337 2807 τοῖς,
371 2740 460 2793 ἀλλ
503 2743 632 2814 ὅμως
690 2737 783 2795 διὰ
838 2746 1028 2806 παντὸς
1086 2743 1318 2812 ἔστηκεν,
1369 2741 1608 2816 ἀθανάτῳ
1651 2742 1806 2816 ψυχῇ

213 2830 331 2884 καθ’
359 2831 492 2904 ὑμᾶς
524 2826 860 2904 διοικούμενα
913 2833 982 2900 θ’,
1032 2837 1085 2888 τί
1123 2832 1310 2887 κωλύει
1383 2852 1472 2889 και
1542 2834 1810 2906 ἄνθρωπον

207 2918 430 2973 λυθέντα
480 2938 534 2974 τε
603 2919 650 2956 9³
712 2940 802 2972 και
841 2919 1047 2995 ῥυέντα,
1116 2918 1205 2974 εἶτ’
1260 2918 1412 2986 αὖθις
1463 2920 1540 2995 ἔφ’
1585 2924 1706 2998 ὅπερ
1745 2923 1808 2981 ἦν

199 3015 306 3062 πᾶν
347 3013 610 3075 συνιόντα,
651 3010 785 3064 ὥστε
813 3015 903 3063 καὶ
929 3009 1220 3083 αἰεὶ,μένειν
1249 3011 1378 3084 αὐτῇ
1414 3007 1482 3069 δὴ
1535 3017 1596 3084 τῇ
1651 3010 1805 3084 ψυχῇ

1917 1853 2036 1925 illa,
2058 1853 2410 1910 miraculum
2435 1853 2742 1909 exsistens.
2769 1854 2958 1911 Omne
2970 1853 3130 1910 enim
3143 1868 3362 1926 corpus
3382 1852 3560 1910 ﬂuxae

1918 1948 2146 2000 naturae
2161 1959 2292 1999 esse
2315 1958 2435 2000 non
2449 1943 2632 2000 modo
2653 1942 2784 2000 aliis
2803 1944 2908 2016 qui
2946 1943 3021 2000 de
3038 1947 3256 1999 natura
3267 1942 3560 1998 disserue-

1916 2036 2074 2100 runt,
2107 2031 2211 2088 sed
2245 2036 2302 2089 et
2358 2031 2587 2088 Platoni
2627 2031 2883 2101 videtur,
2932 2035 2987 2089 et
3009 2031 3084 2088 de
3109 2030 3443 2090 caelestibus
3480 2031 3565 2090 ita.

1919 2121 2234 2179 aestimavit
2273 2125 2331 2177 et
2379 2119 2564 2176 solem
2613 2136 2684 2178 ac
2710 2120 2908 2178 stellas
2941 2136 3178 2194 semper
3206 2120 3488 2178 exsistere
3505 2124 3566 2178 et

1917 2225 2161 2268 manere
2208 2209 2370 2266 dicit.
2431 2209 2486 2266 Si
2532 2209 2712 2280 igitur
2741 2225 2813 2268 ea
2842 2225 3096 2283 corpora
3133 2209 3363 2266 caduca
3402 2213 3559 2279 sunt,

1919 2303 1976 2358 et
2029 2300 2164 2357 licet
2200 2298 2433 2356 caduca
2471 2299 2588 2356 sint
2623 2302 2825 2356 tamen
2863 2303 3151 2372 perpetuo
3185 2302 3561 2371 permanent,

1919 2393 2027 2448 etsi
2051 2405 2174 2446 non
2196 2389 2258 2446 in
2300 2389 2513 2446 iisdem
2566 2388 2938 2458 substantiis,
2985 2387 3309 2445 immortali
3361 2388 3565 2445 anima

1920 2477 2252 2534 secundum
2271 2492 2380 2533 vos
2406 2476 2760 2547 gubernata,
2781 2475 2926 2549 quid
2943 2474 3194 2549 impedit
3211 2475 3360 2548 quin
3379 2475 3565 2532 homo

1919 2565 2250 2623 dissolutus
2271 2569 2325 2622 et
2354 2565 2643 2638 dilapsus,
2668 2563 2884 2620 deinde
2913 2562 3047 2620 inid
3070 2563 3234 2637 quod
3255 2563 3421 2639 prius
3442 2568 3568 2620 erat

1921 2659 2108 2725 coeat,
2139 2655 2222 2712 ita
2244 2658 2313 2712 ut
2341 2653 2861 2728 quemadmodum
2883 2653 3017 2726 ipsa
3043 2655 3250 2710 anima
3277 2657 3566 2727 perpetuo

1919 2750 2123 2804 manet
2149 2745 2232 2802 ita
2258 2749 2314 2801 et
2341 2759 2588 2818 corpore
2619 2747 2987 2815 permaneat,
3033 2758 3173 2799 cum
3211 2742 3346 2815 ipsa
3365 2742 3570 2798 anima

1921 2836 1995 2893 sit
2033 2833 2519 2907 incorruptibilis,
2573 2849 2770 2906 neque
2826 2833 3016 2906 possit
3057 2831 3120 2888 in
3151 2830 3270 2888 alio
3318 2846 3567 2904 corpore

1919 2926 2119 2982 vivere
2139 2939 2336 2997 neque
2362 2923 2595 2996 operari
2629 2938 2700 2979 ea
2725 2938 2856 2995 quae
2895 2937 3033 2978 cum
3059 2935 3307 2994 corpore
3332 2919 3568 2991 operari

1920 3013 2144 3070 debet?
2169 3013 2285 3071 Nisi
2312 3013 2470 3070 enim
2493 3013 2574 3069 ita
2600 3009 3014 3082 sit,non,quod
3031 3007 3567 3076 diximus,omnino

197 3103 290 3151 καὶ
344 3098 484 3170 αὐτῷ
549 3106 619 3169 τῷ
667 3104 870 3172 σώματι
925 3096 1175 3163 ἀθάνατος
1245 3096 1530 3172 διαμεῖναι,
1580 3107 1670 3161 τῆς
1709 3099 1812 3172 ψυ-

1919 3103 2152 3176 absque
2205 3101 2584 3174 corruptione
2639 3100 2765 3166 erit,
2795 3099 2922 3171 ejus
2962 3113 3084 3153 una
3121 3112 3260 3152 cum
3318 3110 3566 3168 corpore

189 3195 306 3260 χῆς
342 3187 508 3250 αὐτῆς
547 3185 813 3260 ἀφθάρτου
860 3207 918 3260 γε
972 3191 1158 3252 οὔσης,
1225 3193 1313 3242 καὶ
1368 3194 1439 3262 μὴ
1499 3194 1806 3262 πεφυκυίας,

191 3277 319 3350 μήτ’
359 3275 407 3328 ἐν
446 3275 584 3348 ἄλλῳ
636 3279 912 3348 γίγνεσθαι
967 3283 1195 3350 σώματι,
1254 3277 1376 3350 μήτ’
1425 3277 1644 3350 ἐνεργεῖν
1711 3280 1812 3332 ὅσα

192 3361 270 3423 δὴ
298 3384 388 3416 και
417 3370 607 3438 πέφυκε
637 3369 767 3438 μετὰ
807 3371 1041 3438 σώματος
1103 3362 1235 3440 δρᾲν
1263 3384 1276 3423 :
1308 3365 1370 3419 Εἰ
1410 3369 1520 3439 χαρ
1567 3372 1639 3441 μὴ
1687 3377 1808 3421 τοῦ·

184 3472 276 3518 το,
307 3453 402 3505 οὐκ
435 3452 494 3505 ἆν
546 3455 668 3528 ὅπερ
723 3457 910 3527 ἔφημεν
970 3452 1069 3508 οὐδ
1115 3455 1246 3528 αὐτῇ
1307 3458 1366 3508 τὸ
1432 3461 1535 3508 πᾶν
1593 3457 1809 3532 ὑπάρξει

187 3538 336 3612 δίχα
399 3543 606 3615 φθορᾶς,
661 3551 752 3603 τῆς
799 3549 930 3615 μετᾶ
1003 3549 1242 3616 σώματος
1291 3543 1541 3616 ἐνεργείας
1599 3547 1810 3620 φθαρεί-

188 3649 302 3692 σης
331 3629 486 3703 αὐτῇ,
532 3629 561 3690 ἢ
619 3627 686 3690 δὴ
743 3635 906 3706 ταύτῃ
961 3652 1050 3685 και
1109 3636 1238 3686 κατὰ
1288 3637 1445 3707 φύσιν
1501 3639 1806 3709 πρόσεστιν.

184 3719 270 3772 Οὐ
290 3723 394 3790 μὴν
426 3717 553 3772 ἀλλά
594 3725 684 3774 καὶ
711 3717 850 3792 δίχα
877 3724 1131 3794 σωμάτων
1180 3721 1391 3784 κολάζει
1431 3723 1641 3776 Πλάτων
1694 3724 1805 3796 ψυ-

179 3809 320 3882 χὰς,
352 3806 547 3880 φαὺλας
593 3805 660 3867 δή
694 3829 834 3871 τινας
883 3809 932 3862 ἐν
983 3808 1120 3882 τῷδε
1166 3819 1236 3882 τῷ
1292 3809 1394 3884 βίῳ
1431 3813 1480 3847 9‘
1535 3817 1807 3885 γεγενημέ-

183 3916 306 3963 νας,
339 3901 432 3949 καὶ
461 3900 688 3970 πονηράς
743 3919 756 3934 ο
805 3903 893 3951 καὶ
953 3901 983 3958 ἡ
1039 3899 1274 3968 κόλασις,
1342 3906 1570 3973 ποταμοὶ
1631 3908 1807 3956 Κωκυ-

177 3989 270 4038 τοὶ
310 3987 446 4055 (40),
535 3990 626 4038 καὶ
683 3986 1164 4060 Πυριφλεγέθοντες,
1220 3993 1310 4042 καὶ
1356 3987 1548 4063 φοϐερὰ
1602 3991 1806 4065 ῥεύμα-

179 4091 256 4126 τα
305 4074 361 4124 ἑκ
438 4075 700 4148 ταρτάρου
749 4076 854 4126 ἄνω
915 4095 1004 4128 και
1051 4078 1192 4129 κάτω
1235 4081 1450 4150 φέροντα
1497 4082 1588 4131 καὶ
1639 4097 1804 4130 κατα-

188 4161 422 4235 σύροντα
471 4167 588 4223 ταῖς
665 4165 832 4231 ὀκαῖς,
879 4167 968 4215 καὶ
1015 4160 1144 4237 μηδ’
1197 4163 1438 4224 ἐπιϐῆναι
1477 4164 1661 4238 λίμνης
1713 4173 1806 4226 τῆς

180 4248 542 4324 ’Δχερουσίας
609 4249 790 4318 ἐῶντα,
871 4250 1021 4304 κάκεῖ
1082 4253 1278 4327 πρᾶξαι
1333 4261 1441 4316 τοῖς
1493 4255 1579 4306 ὑπ’
1635 4254 1804 4307 αὐτῶν

179 4333 532 4409 ἠδικημένοις
588 4340 818 4410 εὐμενέσι
890 4343 1227 4412 χρήσασθαι,
1307 4341 1569 4396 καὶοῦτω
1627 4352 1804 4416 φυγεῖν

178 4427 249 4478 τὸ
283 4423 630 4488 κοδάζεσθαι.
660 4427 792 4499 Ἐγώ
819 4424 878 4482 δὲ
942 4438 1143 4504 πρῶτον
1197 4433 1288 4503 μὶν
1330 4431 1424 4483 οὐκ
1463 4428 1606 4498 οῖδα,
1661 4437 1712 4486 τί
1743 4433 1804 4486 ἂν

179 4515 391 4580 ἀπαθὴς
421 4521 513 4576 τὴν
570 4518 752 4571 οὐσίαν
809 4521 968 4572 πάθοι
1014 4522 1061 4556 9³
1113 4519 1293 4592 ψυχὴ,
1339 4529 1592 4593 ποταμοῖς
1647 4521 1804 4595 ἔμπε-

181 4612 362 4658 σοῦσα
387 4608 454 4679 ”,
503 4608 595 4662 εἴτ’
645 4607 700 4660 ἐκ
741 4609 907 4683 πυρός
945 4608 1177 4684 ῥέουσιν,
1231 4610 1321 4663 εἶτ’
1354 4609 1406 4674 ἐξ
1445 4610 1600 4664 ἄλλον
1647 4612 1803 4666 κολά-

177 4695 369 4759 ζοντος
391 4697 458 4752 9⁷.
502 4703 620 4760 Πῶς
665 4693 724 4751 δὲ
752 4701 839 4751 καὶ
888 4693 1056 4760 δίναις
1113 4698 1384 4774 ῥευμάτων
1433 4701 1545 4754 ὅθεν
1601 4697 1800 4760 δήποθ’

1920 3190 2264 3263 operatione
2301 3193 2579 3262 corrupta
2609 3203 2746 3261 quae
2785 3186 2864 3243 ad
2892 3186 3088 3260 ipsam
3116 3189 3333 3242 natura
3390 3183 3567 3256 perti-

1918 3285 2036 3337 net.
2061 3283 2333 3336 Attamen
2384 3281 2442 3334 et
2496 3276 2657 3334 Plato
2687 3276 2923 3333 animas
2957 3273 3187 3348 absque
3215 3272 3566 3346 corporibus

1919 3369 2110 3442 punit,
2143 3384 2244 3424 eas
2262 3382 2478 3440 nempe
2507 3381 2644 3439 quae
2673 3366 2735 3423 in
2774 3365 2890 3422 hac
2913 3365 3040 3422 vita
3066 3363 3236 3420 malae
3263 3367 3319 3418 et
3347 3362 3567 3436 impro-

1918 3458 2012 3514 bae
2030 3457 2286 3512 fuerunt.
2320 3458 2385 3511 Et
2414 3470 2497 3511 ess
2526 3469 2718 3526 paenae
2747 3457 2885 3510 sunt
2905 3452 3070 3510 ﬂuvii
3100 3454 3355 3524 Cocytus
3380 3454 3438 3506 et
3458 3452 3567 3522 Py-

1918 3545 2328 3619 riphlegethon
2339 3547 2542 3616 ,atque
2553 3542 2854 3600 horrenda
2867 3541 3090 3598 ﬂuenta
3103 3556 3173 3597 ex
3186 3543 3428 3597 Tartaro
3442 3553 3568 3593 sur-

1918 3653 2052 3693 sum
2075 3640 2128 3692 et
2150 3635 2432 3691 deorsum
2446 3632 2728 3703 labentia,
2753 3637 2808 3689 et
2829 3647 3054 3701 magno
3070 3629 3296 3703 impetu
3307 3627 3564 3696 ruentia,

1916 3741 2112 3798 neque
2151 3723 2503 3780 Acherontis
2548 3721 2749 3778 lacum
2783 3722 3032 3778 transire
3079 3719 3356 3788 sinentia,
3387 3733 3464 3774 ne
3489 3716 3562 3772 iis

1916 3830 2070 3888 quos
2089 3813 2307 3884 injuria
2335 3811 2636 3884 prosecuti
2657 3814 2814 3879 sunt,
2844 3809 3153 3867 benevolis
3175 3809 3259 3865 uti
3285 3813 3464 3880 atque
3483 3805 3566 3862 ita

1915 3919 2160 3976 poenam
2192 3902 2396 3971 fugere
2441 3901 2690 3974 possint.
2753 3902 2874 3972 Ego
2919 3904 3117 3956 autem
3143 3897 3340 3970 primo
3360 3895 3563 3952 nescio

1914 3992 2062 4065 quid
2085 3991 2342 4048 essentia
2371 3988 2759 4062 impassibilis
2802 3987 3008 4044 anima
3029 3989 3349 4059 pateretur,
3371 3985 3433 4039 in
3454 3983 3568 4040 ﬂu-

1915 4081 2041 4138 vios
2059 4079 2352 4148 incidens,
2387 4079 2510 4134 sive
2536 4078 2736 4148 ignem
2776 4075 3103 4144 volventes,
3126 4074 3250 4129 sive
3273 4071 3436 4128 aliud
3456 4086 3563 4142 pu-

1913 4169 2084 4225 niens
2133 4165 2518 4225 elementum.
2542 4163 2857 4232 Quomodo
2915 4167 3114 4218 autem
3145 4164 3204 4216 et
3239 4159 3560 4217 verticibus

1913 4257 2274 4314 ﬂuentorum
2299 4255 2437 4312 inde
2460 4253 2788 4311 salientium
2815 4249 3096 4316 cohibita,
3121 4248 3260 4304 etiis
3279 4253 3558 4320 tauquam

1913 4343 2347 4402 inevitabilibus
2366 4341 2616 4398 vinculis
2661 4339 2900 4411 illigata,
2931 4353 3069 4394 cum
3107 4337 3178 4393 iis
3209 4335 3484 4394 volvatur
3507 4339 3565 4393 et

1913 4437 2309 4499 convertatur,
2343 4446 2538 4502 neque
2553 4430 2762 4502 possit,
2799 4425 3200 4500 utpiscis,alio
3227 4424 3478 4482 transire
3507 4429 3565 4481 et

1912 4523 2186 4580 enatare?
2213 4517 2786 4576 Deindehomicidas
2807 4515 3140 4573 etmoachos
3163 4513 3562 4587 etparricidas

1911 4619 1963 4670 et
1978 4612 2299 4682 sacrilegos
2311 4610 2370 4666 in
2384 4608 2597 4665 eadem
2609 4606 2833 4664 ﬂuenta
2849 4605 3106 4679 projicit.
3132 4607 3195 4661 Et
3207 4603 3418 4677 quidni
3434 4603 3563 4675 qui-

1908 4703 2164 4759 buscum
2196 4699 2600 4775 peccaverunt
2612 4694 2964 4770 corporibus
2993 4710 3133 4752 cum
3157 4693 3230 4750 iis
3251 4697 3308 4750 et
3326 4708 3428 4750 eas
3451 4706 3561 4762 pu-

1571 4825 1796 4895 Variae
1841 4827 2198 4895 lectiones.

260 4926 308 4962 ³³
331 4928 420 5006 μὲν
451 4929 642 5006 -Υἱηςι
702 4930 768 5006 3³
805 4932 1080 5002 γίγνεσθαι
1121 4933 1256 5006 'Vni.
1284 4935 1372 5006 _ut
1426 4948 1565 5006 Sth.

175 4997 358 5054 abest
387 5015 422 5054 a
451 5001 620 5056 Vind.
699 5002 743 5038 ³⁷
773 4997 959 5056 τούτου
992 5005 1111 5059 Vat.

176 5066 221 5123 δ
225 5072 508 5142 ιηᾉούμενα
537 5073 704 5128 Vind.

179 5140 390 5198 male.
447 5143 492 5179 ⁹⁷
527 5143 693 5209 ἄλλως
711 5143 1028 5208 κολάζοντας
1055 5145 1224 5202 Vind.

1643 4935 1690 4969 3"
1742 4936 1936 4986 τούτων
1995 4934 2162 4990 addit
2217 4935 2344 4988 Vat.

1189 5004 1234 5037 ³³
1275 5001 1357 5055 ἐπὶ
1391 5001 1525 5060 ναι·
1591 5005 1639 5040 ³9
1665 5024 1719 5058 τε
1748 5020 1871 5061 non
1903 5009 1990 5061 est
2013 5006 2072 5059 in
2105 5005 2228 5060 Vat.

783 5074 912 5150 θέτε
956 5079 1208 5150 non__es_t
1244 5074 1305 5131 in
1339 5077 1459 5131 Vat.
1539 5077 1587 5111 οδ
1642 5075 1689 5129 ἐν
1735 5085 1806 5148 τῷ
1845 5073 1975 5150 τῇδε
2033 5073 2135 5149 βίῳ
2198 5077 2320 5130 Vat.

2421 4931 2469 4965 ⁸⁵
2529 4929 2662 5000 λέγω
2716 4928 2984 5000 nonest
3027 4922 3276 5000 inn-vat.
3336 4921 3560 5000 _3_°_1-ot‘€

2307 5003 2357 5038 ⁹⁰
2385 5001 2520 5053 οὕτω
2545 4992 2603 5071 γέ
2632 5001 2755 5054 Vat.
2833 4999 2874 5032 ⁹¹
2907 5000 3057 5071 dare);
3335 4994 3561 5071 9⁸-ᾑμᾱις

2399 5074 2446 5108 οδ
2501 5063 2642 5129 πάθη
2701 5071 2824 5124 Vat.
2901 5067 2952 5101 9°
3022 5063 3323 5138 ἑμπεζοῦσα
3384 5063 3556 5121 Vind.

1732 5236 1948 5304 Notae.

262 5337 488 5416 (39_)_D_e
511 5338 626 5396 hac
676 5341 1001 5416 aeternitate
1037 5341 1117 5416 cf.
1180 5341 1477 5414 Wyttenb.
1531 5344 1701 5416 Disp.
1722 5343 1794 5401 de

169 5407 873 5488 plagitqimpiortalqad
899 5413 1180 5488 Rhaedon.
1211 5407 1270 5486 p'.
1305 5429 1425 5488 lith
1457 5428 1586 5488 seq.

263 5477 382 5560 (40.)
400 5480 489 5560 D_e_
512 5482 604 5560 bis
627 5483 823 5560 fluviis
851 5477 1521 5560 inferorumpwnisque
1541 5477 1668 5560 vid.
1701 5485 1796 5560 ἱξισ

234 5552 401 5629 rimis
434 5552 662 5629 Platon.
711 5555 1040 5629 Phaedon,
1077 5571 1144 5628 p.
1178 5552 1306 5620 1'12,
1346 5552 1550 5629 Steph.
1590 5558 1674 5629 (p.
1723 5558 1792 5612 89

263 5627 396 5692 ytt.,
429 5638 488 5695 p.
517 5627 620 5682 242
653 5627 901 5698 Hein’d.),
933 5626 1280 5698 col].’Go‘rg.-
1313 5626 1463 5685 sect.‘
1495 5633 1558 5684 81
1595 5626 1794 5698 ξυνα·

1904 5341 2010 5421 ζειζ.
2042 5357 2102 5416 p.
2159 5337 2404 5421 Hein_d.;
2459 5339 2544 5396 De
2574 5335 2832 5421 Rapum.
2885 5349 2926 5391 x
2955 5335 3420 5421 Διῃὶϐίῖξιεςᾳᾳ.
3457 5331 3546 5421 ((‘p.

1902 5415 2000 5471 3°21
2052 5415 2232 5485 seqq.
2283 5415 2427 5484 Bip.,
2482 5415 2674 5482 p.303
2721 5421 2892 5480 seqq.
2940 5415 3089 5473 Ast.)
3122 5415 3416 5469 msscnin.
3447 5415 3551 5458 .50-

1903 5491 2056 5543 crat.
2084 5483 2344 5543 Axioch.
2377 5483 2404 5554 ἕ
2453 5485 2625 5554 21,1).
2671 5480 2770 5536 166
2798 5493 2968 5554 seqq,
2999 5475 3096 5530 ed.
3128 5475 3391 5554 lf'ischer.
3428 5471 3559 5528 Plu-

1901 5556 2092 5614 tarch.
2149 5559 2252 5612 De.
2305 5544 2482 5624 S.'N,
2507 5544 2582 5608 νς
2623 5566 2684 5624 p.
2727 5553 2842 5606 162.
2882 5544 3087 5620 seqq,
3123 5544 3269 5602 ibid.
3303 5544 3560 5614 interprr

2482 5427 2548 5482 p.
2572 5403 2687 5482 303
2721 5421 2892 5480 seqq.
2940 5403 3089 5482 Ast.)
3122 5403 3551 5482 ;_@schin‘._.5_'o-
