4066 6212
577 284 714 343 1439

1901 270 2277 339 NICEPHORI
2312 271 2599 334 CHUMNI.

3736 296 3840 352 1440

575 406 859 481 precibus
886 421 1022 464 cum
1050 404 1239 464 multo
1255 404 1466 463 timore
1487 404 1860 476 ﬂagitabam,
1892 406 1959 461 ut
1986 400 2220 460 nullum

2329 400 2411 461 θος
2456 401 2603 474 ἡμῶν
2664 422 2755 458 και
2805 405 2865 460 τὸ
2912 413 3007 470 τῆς
3059 404 3340 479 ἕπιθυμίας
3394 406 3604 486 σφοδρὸν
3642 411 3843 477 ίξεζήτιι,

577 498 758 570 hujus
782 497 912 553 vitm
942 496 1242 553 malorum
1274 512 1548 569 unquam
1578 495 1684 552 tibi
1714 494 2069 560 occurreret,
2122 506 2222 547 ne-

577 602 695 660 que
708 601 976 658 unquam
990 589 1162 643 tuum
1176 584 1448 642 animum
1460 584 1666 641 dolore
1686 599 1951 640 mersum
1962 581 2220 638 viderem

577 690 770 747 neque
799 674 1053 745 gemitus
1065 690 1138 731 ex
1154 674 1828 747 adversisinfaustisque
1840 672 2020 730 rebus
2056 674 2221 727 ortos

573 764 863 829 audirem,
888 763 936 819 si
965 779 1089 836 qua
1129 764 1583 836 supervenirent
1606 764 1862 821 adversa
1882 779 1953 821 ac
2012 760 2219 828 tristia,

576 868 771 925 neque
800 851 1101 926 lacrymas
1131 869 1204 909 ex
1233 852 1349 910 tuis
1376 852 1561 909 oculis
1591 852 1842 910 ﬂuentes
1894 865 2220 919 cernerem,

575 957 771 1015 neque
798 957 1116 999 maerorem
1148 945 1252 1000 aut
1285 942 1578 1002 tristitiam
1637 944 1965 1015 aspicerem
2011 941 2073 999 in
2121 943 2223 997 tuo

576 1030 761 1098 vultu,
795 1034 917 1086 tam
949 1030 1218 1104 pulchro,
1242 1034 1365 1088 tam
1412 1029 1641 1098 festivo,
1676 1046 1823 1104 pace
1853 1036 1912 1087 et
1937 1029 2221 1087 omnibus

576 1120 780 1189 gratiis
807 1120 1039 1176 referto.
1084 1122 1150 1176 Et
1173 1120 1373 1192 optavi
1396 1120 1593 1192 potius
1618 1125 1674 1176 et
1715 1119 1963 1176 omnino
2019 1117 2223 1190 optavi

576 1213 634 1265 et
670 1208 945 1265 ardenter
966 1208 1261 1282 postulavi
1295 1213 1357 1265 ut
1384 1209 1551 1283 prius
1582 1208 1848 1265 animam
1900 1210 2088 1265 morte
2144 1205 2225 1263 ef-

573 1298 781 1354 ﬂarem
806 1300 885 1372 (et
906 1298 1096 1355 dulcis
1117 1298 1263 1356 mihi
1292 1314 1363 1356 ea
1392 1315 1553 1356 mors
1578 1298 1824 1369 fuisset),
1855 1313 2040 1371 quam
2063 1296 2221 1354 cala-

575 1388 842 1445 mitatem
875 1387 1141 1461 aliquam
1164 1388 1701 1446 animadverterem
1725 1392 1825 1445 tuo
1857 1387 2022 1445 cordi
2061 1384 2225 1443 dolo-

574 1492 669 1534 res
695 1476 1065 1546 aﬂ‘erentem,

2333 489 2554 545 Κὰκείνα
2575 489 2610 548 δ
2618 492 2925 562 ’ἕνπάσαις
2964 498 3103 571 ὁμην
3157 505 3268 560 ταῖς
3321 498 3531 563 ἱκεσίαις
3575 506 3657 556 σὺν
3712 507 3846 579 πολλῷ

2327 587 2402 652 τῷ
2433 578 2537 635 δίει
2573 591 2932 659 πεποιημένος,
2994 584 3162 660 μηδέν
3215 607 3297 641 σοι
3343 585 3591 661 μηδέποτε
3640 578 3848 668 μηδαμῶς

2332 680 2657 727 ωναντῶσαι
2698 683 2798 729 τῶν
2827 676 2876 730 ἕν
2930 685 3004 749 τῷ
3054 676 3157 752 βίῳ
3209 680 3369 750 τούτῳ
3428 675 3702 755 δυσχερῶν,
3746 684 3847 756 μηδι

2327 765 2570 833 ⁴γενέσθαι
2617 784 2707 836 μοι
2753 762 3019 839 μηδέποτε
3090 763 3414 841 ὀδυνωμένης
3490 769 3739 824 αἰσθέσθαι
3781 784 3846 838 τῆς

2333 850 2433 905 σῆς
2469 841 2716 919 καρδίας.
2737 843 2878 919 μηδὲ
2927 851 3215 921 στεναγμὸν
3264 848 3485 901 ἀκοῦσαι
3529 848 3581 902 ἔκ
3635 854 3847 926 συντριςῆς

2328 936 2521 997 ταύτης
2612 934 3029 1011 ἁναπεμπόμενον
3085 958 3175 992 και
3253 944 3609 1011 στενοχωρίας,
3675 946 3847 997 imitm-

2332 1026 2509 1086 σόντος
2559 1027 2694 1086 τινὸς
2737 1034 2839 1079 τῶν
2893 1025 3230 1080 ἕκθλιϐόντων
3303 1048 3396 1080 και
3456 1027 3613 1090 λύπης
3654 1030 3847 1104 προξένων

2330 1114 2480 1187 αὐτῇ,
2533 1110 2673 1187 μηδέ
2734 1135 2795 1188 γε
2844 1112 3071 1191 δάκρυον
3134 1117 3328 1191 βλέψαι
3392 1126 3489 1172 τῶν
3554 1126 3648 1171 σῶν
3689 1120 3849 1191 ἐκχυθὲν

2331 1203 2625 1276 ὀφθαλμῶν,
2684 1202 2829 1278 μηδὲ
2876 1209 3296 1283 σκυθρωπότητά
3344 1227 3459 1261 τινα
3509 1205 3719 1261 κατιδεῖν
3759 1215 3851 1282 μήτι

2329 1297 2612 1365 κατήφειαν
2664 1292 2748 1348 ἰπὶ
2794 1303 2887 1350 τοῦ
2964 1304 3060 1352 σοῦ
3104 1296 3264 1350 καλου
3326 1301 3416 1350 καὶ
3492 1300 3671 1370 ὡραίου
3737 1317 3853 1370 προσ·

2330 1389 2493 1448 ώπου,
2548 1387 2638 1436 καὶ
2691 1383 2919 1456 γαλήνης
2963 1391 3052 1439 καὶ
3104 1394 3285 1439 πασῶν
3346 1390 3585 1458 ’νέμοντος
3656 1391 3851 1461 χαρίτων,

2334 1476 2435 1525 Καὶ
2472 1474 2733 1543 ἠγάπησα
2786 1473 2997 1547 μᾶλλον,
3060 1479 3150 1529 καὶ
3204 1477 3340 1528 πάνυ
3397 1495 3449 1527 τι
3502 1476 3749 1546 ἠγάπησα,
3795 1482 3854 1528 καὶ

579 1568 775 1640 θερμῶς
838 1565 1141 1639 ἐπηυξάμην
1201 1566 1399 1639 θανάτῳ
1448 1570 1691 1642 πρότερον
1759 1569 1853 1624 τὴν
1905 1564 2091 1638 ψυχὴν
2149 1562 2522 1631 ἀποϐαλέσθαι,
2588 1567 2674 1616 καὶ
2749 1560 2810 1623 ἦν
2897 1566 2958 1618 ἄν
3049 1584 3140 1640 μοι
3232 1570 3323 1620 καὶ
3405 1565 3587 1639 γλυκὺς
3655 1564 3854 1628 ἐκεῖνοςό

580 1656 814 1723 θάνατος,
856 1656 885 1714 ἦ
922 1651 1235 1729 δυσχερείας
1252 1659 1389 1720 τινὸς
1415 1655 1487 1718 εἰς
1517 1658 1768 1714 αἱσθησιν
1797 1654 1953 1708 ἐλθεῖν
1983 1654 2133 1728 ἄλγος
2158 1652 2503 1729 προξενούσης
2531 1660 2593 1727 τῇ
2630 1661 2695 1725 σῇ
2751 1651 2970 1730 καρδίᾳ.

650 1746 781 1801 Haec
811 1743 1017 1799 omnia
1046 1748 1103 1800 et
1136 1747 1325 1801 mater
1371 1748 1473 1801 tua
1524 1743 1843 1800 ineffabilis
1889 1742 2225 1804 dilectionis

577 1848 824 1891 excessu
859 1836 1148 1905 perpetuo
1200 1832 1304 1889 tibi
1354 1832 1692 1907 peroptavit
1740 1832 2226 1905 efﬂagitavitque,

577 1926 763 1978 totam
800 1922 1069 1979 animam
1097 1922 1433 1993 effundens,
1490 1928 1679 1980 totum
1736 1922 2127 1992 desiderium,
2172 1925 2228 1981 te

575 2011 724 2069 lacte
754 2011 1039 2079 nutriens,
1071 2011 1404 2086 fovensque
1465 2013 1857 2086 amplexibus,
1892 2023 1947 2070 et
1977 2012 2039 2068 in
2070 2011 2228 2068 ulnis

575 2100 789 2172 ferens,
804 2116 996 2174 neque
1012 2101 1309 2159 sustinens
1321 2102 1411 2159 vel
1424 2102 1734 2176 paululum
1758 2105 1873 2159 ate
1910 2101 2185 2159 recedere
2212 2100 2225 2158 ε

577 2190 813 2256 Quoties
843 2196 1044 2247 autem
1083 2190 1178 2247 die
1218 2195 1521 2263 noctuque
1551 2190 1787 2247 divinas
1827 2190 1987 2248 aedes
2038 2189 2229 2261 petiit,

577 2278 758 2334 nudis
787 2278 1045 2351 pedibus
1078 2279 1363 2336 incedens
1389 2283 1922 2353 paupertatemque
1950 2277 2230 2349 induens,

576 2369 632 2424 et
660 2366 736 2425 ad
766 2383 950 2441 puras
981 2368 1473 2441 venerandasque
1512 2369 1807 2439 imagines
1839 2368 2144 2433 festinans,
2173 2373 2231 2426 et

577 2461 715 2513 ante
744 2472 845 2513 eas
874 2473 1081 2531 preces
1104 2456 1502 2530 ardentesque
1524 2458 1993 2531 supplicationes
2007 2473 2077 2513 ex
2096 2473 2231 2530 pro-

575 2544 764 2602 fundo
793 2549 850 2601 et
872 2546 1103 2604 ardenti
1133 2546 1311 2605 corde
1342 2546 1587 2614 faciens,
1649 2547 1983 2622 eademque
2043 2562 2081 2607 ε,
2108 2549 2227 2605 Deo

575 2633 887 2709 postulans
934 2634 947 2690 ι

647 2902 800 2967 Quot
824 2902 881 2957 et
917 2903 1144 2975 quanta
1173 2901 1331 2959 Deus
1370 2901 1498 2975 ipse
1524 2901 1706 2974 bona,
1736 2904 1974 2961 nostras
2015 2916 2224 2977 preces

578 2990 945 3063 superantia,
967 2991 1071 3047 tibi
1103 2990 1281 3048 nullis
1301 2990 1737 3064 comparabilia
1762 2990 2139 3050 abundanter
2167 2995 2225 3051 et

2406 1748 2543 1795 Ὀσα
2573 1739 2632 1795 δι
2660 1748 2749 1797 καὶ
2779 1741 2864 1796 οἶα
2912 1749 3160 1820 μήτηρων
3213 1744 3437 1819 φίλτρων
3492 1743 3706 1821 ἆρῥήτων
3746 1745 3857 1816 ὑπερ·

2334 1830 2511 1895 ϐολαῖς
2549 1830 2627 1885 ἀεὶ
2687 1829 2941 1888 διετέλεσε
2992 1839 3113 1907 περι
3156 1837 3214 1889 σε
3265 1832 3641 1900 σπουδάζουσα
3693 1838 3767 1887 καί
3804 1834 3857 1886 i2-

2334 1916 2660 1993 δεικνυμίνη,
2724 1926 2818 1981 τὴν
2873 1922 2993 1982 ὃλην
3059 1922 3295 1997 ίκχέασα
3378 1924 3582 1997 ψυχήν,
3649 1927 3723 1976 τὸν
3779 1923 3857 1975 ὅλον

2332 2011 2510 2072 πόθον,
2543 2015 2632 2063 καὶ
2660 2011 3005 2084 γαλουχοῦσά
3055 2032 3111 2067 σε
3167 2018 3257 2067 καὶ
3302 2018 3751 2090 περιπτυσσομὲνη,
3795 2017 3856 2063 καὶ

2335 2100 2563 2173 φέρουσα
2619 2096 2712 2153 διὰ
2760 2105 2953 2165 παντὸς
3018 2100 3066 2154 ἕν
3132 2100 3409 2175 ἀγκάλαις,
3463 2109 3550 2157 καὶ
3610 2098 3729 2175 μηδὶ
3766 2103 3859 2152 κατὰ

2332 2191 2519 2262 μικρὸν
2561 2187 2851 2251 ἀποστῆναι
2898 2197 2995 2254 τῆς
3055 2199 3149 2252 σῆς
3194 2192 3310 2253 θέας
3368 2189 3624 2265 μηδαμῶς
3674 2189 3860 2260 ἀνεχομ-

2332 2296 2393 2335 νη
2433 2277 2631 2339 ιὸσους
2707 2275 2766 2332 δι
2824 2283 3069 2341 καὶτοὺς
3125 2276 3355 2356 δρόμους
3405 2283 3667 2355 ἡμερινόύς
3708 2298 3752 2331 τε
3800 2284 3859 2328 καὶ

2332 2370 2658 2441 νυκτερινοὺς
2719 2370 2863 2442 παρά
2931 2372 3053 2431 τοὺς
3142 2371 3313 2432 θείους
3386 2374 3655 2422 κατίτείνεν
3722 2366 3858 2429 οἴκους,

2331 2464 2544 2529 ⁹γυμνοῖς
2569 2464 2679 2519 τοῖς
2728 2462 2855 2511 ποσὶ
2896 2458 3026 2531 πεξῇ
3092 2455 3411 2532 βαδίζουσα
3467 2463 3554 2511 καὶ
3608 2455 3860 2532 προσταλαιο

2330 2553 2603 2618 πωροῦσα,
2645 2552 2732 2600 καί
2771 2566 2831 2618 γε
2875 2548 3145 2619 φθάνουσα
3190 2551 3320 2624 πρὸς
3363 2551 3455 2609 τὰς
3502 2547 3762 2623 ἁχράντους
3800 2548 3859 2595 καὶ

2332 2639 2523 2698 σεπτάς
2565 2636 2779 2705 εἰκόνας,
2829 2641 2919 2691 καὶ
2968 2638 3159 2692 τούτων
3208 2638 3521 2711 ἐπίπροσθεν
3598 2640 3683 2698 τὰς
3742 2634 3861 2705 εὐχὰς

2329 2729 2419 2778 καὶ
2468 2726 2655 2799 θερμὰς
2703 2731 2984 2799 ποιουμένη
3040 2731 3135 2790 τὰς
3183 2730 3390 2791 ἱκεσίας
3444 2727 3500 2781 ἐκ
3542 2725 3717 2801 βάθους
3773 2741 3861 2797 καθ’

2331 2809 2448 2877 δίας
2475 2817 2710 2882 ζεούσης,
2743 2814 2955 2869 κάκεῖνα
2978 2820 3105 2892 πρὸς
3137 2817 3274 2872 Θεοῦ
3301 2816 3629 2879 ἑκζητοῦσαί

2400 2909 2518 2956 Οσα
2566 2900 2633 2964 δὴ
2679 2909 2769 2957 καὶ
2836 2908 2966 2968 Θεὸς
3030 2904 3184 2969 αὐτὸς
3278 2904 3456 2978 ἁγαθὰ
3539 2902 3735 2978 μεγάλα,
3803 2902 3860 2949 καὶ

2326 2991 2707 3068 ὑπερϐάλλοντα
2784 2999 2958 3048 πᾶσαν
3010 2996 3263 3071 ἡμετέραν
3353 2995 3536 3067 εὐχὴν,
3602 2987 3863 3063 amanti

574 3079 1105 3136 amantercontulit
1127 3080 1140 3139 l
1163 3080 1455 3137 Eximiam
1475 3096 1693 3156 nempe
1716 3079 1932 3137 animae
1957 3081 2137 3139 simul
2168 3084 2222 3139 et

2328 3101 2412 3138 σοι
2449 3082 2711 3146 πλουσίως
2740 3089 2829 3137 καὶ
2876 3084 3153 3157 φίλοτίμως
3206 3089 3512 3159 παρέσχετο
3585 3080 3863 3155 χορηγήσαςέ

574 3169 839 3241 corporis
888 3167 1416 3243 pulchritudinem,
1460 3169 1642 3226 divini
1676 3171 1903 3226 timoris
1950 3186 2219 3239 sensum,

572 3257 999 3315 mandatorum
1038 3258 1249 3316 Christi
1273 3258 1776 3327 observationem,
1801 3275 2031 3316 morum
2053 3260 2222 3333 puri-

573 3349 775 3414 tatem,
799 3350 856 3402 et
880 3346 1177 3420 quidquid
1189 3351 1278 3405 est
1293 3347 1765 3420 pulcherrimum
1780 3347 2018 3422 aliaque
2041 3347 2226 3407 vincit

571 3435 754 3503 bona,
784 3437 832 3492 si
863 3452 1001 3493 cum
1030 3438 1216 3497 hocce
1255 3438 1656 3495 conferantur.

658 3527 799 3592 Quae
815 3526 1249 3601 conspicientes
1280 3527 1633 3584 laetabamur
1668 3527 1898 3602 nesfqui
1928 3531 1983 3585 te
2010 3544 2229 3601 genue-

570 3629 799 3682 ramus,
827 3620 884 3671 et
911 3615 1365 3673 exsultabamus
1387 3616 1592 3673 laetitia
1621 3617 1870 3689 perfusi,
1896 3634 1967 3674 ac
1992 3624 2042 3675 te
2101 3634 2224 3675 non

572 3703 755 3760 modo
786 3704 1131 3776 putavimus
1165 3705 1395 3774 generis
1425 3706 1613 3762 nostri
1658 3705 1840 3763 decus
1888 3711 1945 3764 et
1975 3707 2221 3777 gloriam

567 3790 713 3860 fore,
745 3791 851 3847 sed
880 3797 936 3848 et
964 3792 1213 3849 ﬁrmiter
1233 3795 1983 3866 exspectavimus,rursum
2013 3810 2224 3852 omnes

569 3895 707 3953 spes
733 3885 971 3937 nostras
1001 3881 1063 3938 in
1114 3884 1231 3939 Deo
1299 3887 1612 3955 ponentes,
1659 3887 1716 3939 et
1770 3883 1832 3940 in
1893 3884 2221 3957 purissima

568 3970 1064 4046 sanctissimeque
1094 3975 1150 4029 et
1181 3971 1570 4030 immaculata
1599 3972 1730 4044 ejus
1762 3972 2073 4030 Genitrice.

637 4150 837 4223 Neque
865 4165 977 4208 nos
1002 4165 1075 4207 ea
1099 4166 1235 4223 spes
1263 4155 1320 4208 et
1344 4151 1510 4211 bona
1550 4150 1652 4209 illa
1694 4167 1765 4208 ac
1830 4149 2083 4227 pulchra
2124 4166 2225 4208 ex-

566 4239 819 4310 pectatio
848 4239 1192 4297 fefellerunt.
1234 4244 1561 4314 Postquam
1585 4242 1745 4298 enim
1780 4241 1859 4298 ad
1906 4242 2022 4298 hoc
2074 4245 2221 4296 tem-

566 4342 681 4398 pus
701 4332 756 4383 et
787 4327 864 4384 ad
917 4328 1074 4385 hanc
1115 4333 1376 4396 aetatem,
1436 4345 1572 4402 quae
1629 4329 1853 4402 nuptiis
1920 4328 2219 4399 convenit,

568 4417 913 4487 pervenisti,
943 4418 1157 4476 excitat
1196 4421 1348 4474 Deus
1379 4434 1515 4475 eum
1542 4420 1646 4491 qui
1678 4436 1784 4493 per
1808 4419 2013 4493 ipsum
2045 4420 2219 4476 mise-

566 4504 875 4561 ricorditer
911 4506 1087 4563 nobis
1119 4506 1396 4579 imperat,
1424 4511 1482 4564 et
1517 4508 1755 4581 accipit,
1788 4514 1844 4566 et
1869 4508 2039 4580 erigit
2067 4513 2117 4565 te
2141 4508 2220 4565 ad

2329 4511 2473 4583 ἡμῶν
2546 4507 2897 4582 βασιλεύοντα
2978 4509 3072 4581 (1),

566 4593 1021 4664 magnitudinis,
1048 4595 1296 4653 honoris
1335 4600 1391 4653 et
1435 4596 1637 4667 gloriae
1695 4596 1999 4667 fastigium
2050 4595 2216 4652 illud.

566 4681 733 4755 quod
771 4697 965 4757 neque
996 4683 1056 4739 in
1078 4684 1228 4740 votis
1249 4684 1472 4740 habere
1490 4700 1685 4756 neque
1730 4688 1927 4740 mente
1958 4683 2217 4755 cogitare

566 4772 695 4828 ausi
726 4788 963 4830 eramus
993 4774 1128 4840 Quae
1141 4773 1356 4830 deinde
1370 4778 1572 4830 secuta
1601 4775 1785 4830 sunt?
1810 4776 1924 4829 Nos
1946 4772 2214 4846 quidem,

566 4863 895 4922 nescientes
922 4867 1220 4938 quantum
1264 4863 1367 4920 tibi
1426 4863 1660 4921 bonum
1713 4867 2214 4935 superventurum

566 4957 739 5019 esset,
770 4952 919 5011 alias
959 4954 1061 5010 tibi
1088 4954 1331 5027 nuptias
1357 4951 1751 5028 parabamus,
1783 4967 1919 5025 quin
1966 4952 2214 5011 minime

565 5046 701 5097 tuos
731 5042 859 5113 pios
901 5051 1101 5099 mores
1146 5048 1434 5115 tuamque
1501 5040 1889 5114 purissimam
1946 5042 2214 5098 animam

565 5130 859 5186 decebant
890 5149 903 5198 ;
929 5132 1314 5189 utmanifeste
1343 5131 1479 5187 ﬁnis
1494 5130 1785 5198 ostendit;
1812 5132 2215 5205 apparuitque

565 5236 638 5276 ex
666 5233 787 5291 quo
818 5219 1143 5292 praecipitio
1182 5236 1253 5277 ac
1290 5220 1574 5278 barathro
1607 5218 1931 5292 providens
1978 5222 2131 5277 Deus
2161 5223 2216 5276 te

563 5309 920 5373 liberaverit,
964 5324 1038 5365 ex
1073 5325 1196 5382 qua
1244 5309 1448 5373 domo,
1504 5311 1669 5367 omni
1722 5309 2089 5383 turpitudine
2145 5324 2217 5366 ac

562 5399 864 5474 impietate
884 5396 1082 5471 plena.
1119 5401 1178 5455 Et
1199 5400 1431 5456 subruit
1459 5403 1600 5456 tunc
1630 5404 1686 5457 et
1710 5400 1878 5458 irrita
1902 5399 2219 5457 facitvana

633 5580 707 5651 (1)
749 5580 1177 5651 Imperatorem
1202 5576 1633 5636 Andronicum.

2324 3171 2505 3234 κάλλος
2534 3174 2784 3248 ὑπερφυὲς
2810 3173 2993 3246 ψυχῆς
3041 3175 3171 3246 ὁμοῦ
3215 3194 3270 3228 τε
3335 3180 3428 3227 καὶ
3503 3178 3736 3245 σώματος,
3785 3185 3867 3218 σω-

2328 3262 2553 3319 αίσθησι
2620 3263 2756 3315 θείου
2826 3261 3006 3335 φόϐου,
3079 3260 3289 3314 ἐντολῶν
3376 3257 3609 3336 Χριστοῦ
3681 3273 3863 3331 mpm,

2328 3353 2652 3423 κοσμιότητα
2689 3352 2868 3417 ἤθους,
2926 3356 3013 3404 καὶ
3083 3357 3185 3403 πᾶν
3237 3352 3320 3404 ὅτι
3382 3351 3665 3417 κάλλιστον,
3709 3349 3781 3400 καὶ
3819 3361 3865 3395 νι-

2329 3447 2432 3492 κῶν
2458 3441 2623 3515 ἔτερον
2650 3439 2783 3491 ἅπαν
2814 3444 2872 3492 τό
2901 3443 3033 3514 πρὸς
3056 3448 3207 3493 τοῦτο
3248 3440 3709 3517 παραϐαλλόμενον.

2404 3533 2502 3582 Καὶ
2548 3536 2715 3583 ταῦτα
2779 3531 2995 3603 ὁρῶντες
3070 3528 3356 3605 ἐχαίρομεν
3451 3534 3499 3585 οἱ
3573 3534 3626 3583 σε
3698 3529 3866 3581 τεκόντας

2331 3618 2497 3690 ἡμεῖς,
2544 3623 2633 3671 καὶ
2680 3620 2849 3671 πάντα
2892 3627 3201 3693 σκιρτῶντες
3252 3617 3385 3691 ἦμεν
3461 3625 3548 3672 καὶ
3621 3615 3865 3689 ἀγαλλιώμε-

2331 3728 2431 3778 νοι,
2460 3712 2549 3760 καὶ
2579 3712 2735 3781 τιμὴν
2756 3714 2845 3762 καὶ
2882 3712 3017 3782 μέγα
3073 3708 3218 3771 κλέος
3259 3715 3356 3762 καὶ
3406 3707 3563 3773 δόξαν
3608 3714 3688 3761 τοῦ
3736 3718 3864 3775 γενονς

2331 3796 2477 3868 ἡμῶν
2523 3796 2617 3850 οὐκ
2700 3795 3006 3870 ἐνομίσαμεν
3091 3802 3266 3870 μόνον,
3356 3797 3485 3851 ἀλλὰ
3547 3802 3631 3849 καὶ
3699 3791 3863 3866 βεϐαίως

2329 3882 2818 3959 προσεδοκήσαμεν,
2847 3885 2930 3940 ἐπὶ
2988 3888 3117 3941 Θεὸν
3184 3887 3342 3949 αὖθις
3408 3890 3601 3960 θέμενοι
3660 3886 3738 3944 τὰς
3781 3879 3863 3935 ὅλας

2331 3970 2545 4038 ἐλπίδας
2599 3980 2689 4028 καὶ
2738 3979 2829 4034 τὴν
2883 3975 3037 4029 αὐτὸν
3090 3979 3478 4050 παναχράντως
3534 3980 3618 4029 καὶ
3677 3971 3861 4040 παναμώ-

2329 4084 2439 4136 μως
2465 4067 2553 4117 καὶ
2577 4066 2979 4141 πανυπεράγνως
3002 4073 3272 4120 τεκοῦσαν.

2404 4158 2504 4207 Καὶ
2559 4162 2659 4206 τῶν
2722 4150 2944 4207 ἐλπίδων
2996 4157 3189 4207 τούτων
3234 4159 3327 4210 καὶ
3374 4164 3465 4216 τῆς
3509 4158 3736 4227 χμοστῆς
3773 4146 3858 4199 τού·

2332 4260 2426 4304 της
2464 4246 2554 4294 καὶ
2609 4241 2772 4303 καλῆς
2836 4239 3164 4317 προσδοκίας
3189 4242 3247 4296 οὐ
3304 4240 3696 4315 διεψεύσθημεν.
3746 4237 3860 4287 Ἐπει-

2332 4326 2398 4390 δή
2430 4333 2531 4406 γὰρ
2562 4336 2652 4383 καὶ
2704 4334 2830 4406 πρὸς
2871 4336 3057 4406 χρόνον
3114 4337 3204 4385 καὶ
3269 4333 3481 4391 ἠλικίαν
3528 4331 3637 4390 ἧκες
3689 4324 3859 4398 ἀμόζον·

2330 4439 2424 4474 σαν
2483 4421 2657 4492 γάμῳ,
2703 4427 2833 4472 κινεῖ
2888 4423 3013 4482 Θεὸς
3063 4423 3150 4472 τὸν
3209 4417 3284 4473 δι’
3324 4420 3489 4473 αὐτοῦ
3563 4417 3858 4491 φιλανθρώπως

3159 4514 3250 4563 καὶ
3320 4506 3749 4585 προσ-λαμϐάνεται
3799 4499 3858 4548 καὶ

2330 4596 2508 4669 ἀνάγει
2552 4616 2609 4652 σε
2661 4600 2909 4670 μεγέθους
2966 4601 3097 4672 πρὸς
3149 4597 3301 4670 ὕψος,
3355 4605 3513 4671 τιμῆς
3587 4614 3669 4648 και
3725 4587 3857 4650 δοξεςι

2328 4683 2389 4750 ἧς
2415 4689 2561 4759 ἡμεῖς
2590 4684 2704 4740 οὐδ’
2737 4686 2785 4739 ἐν
2833 4688 3019 4760 εὐχαῖς
3077 4689 3239 4740 θεῖναι
3282 4686 3377 4740 οὐκ
3430 4687 3492 4739 ἂν
3549 4682 3854 4758 ἰθαρῥάσαμῦν

2324 4772 2442 4830 οὐδ’
2494 4775 2553 4829 ἂν
2606 4776 2673 4837 εἰς
2729 4783 2845 4829 νοῦν
2896 4776 3205 4849 ἕϐαλὸριεθα.
3260 4778 3337 4830 Τά
3376 4773 3431 4830 δ’
3507 4774 3673 4848 ἐφεξῆς
3739 4777 3852 4823 τινας

2320 4870 2492 4938 Ἡμεῖς
2538 4868 2651 4938 μεν,
2696 4862 2862 4939 μηδὲν
2922 4864 3117 4927 εἰδότες
3175 4872 3266 4919 τοῦ
3330 4866 3414 4918 ἐπί
3483 4871 3573 4917 τοῦ
3622 4866 3741 4918 όντος
3795 4850 3850 4924 (2)

2323 4955 2484 5009 καλοῦ
2531 4974 2621 5007 και
2668 4960 3034 5031 συμφέροντος,
3091 4958 3223 5029 πρὸς
3293 4956 3500 5028 ἑτέρους
3572 4947 3849 5022 ἡτοιμάξομτί

2322 5047 2541 5117 γάμους,
2592 5039 2758 5116 μηδεν
2811 5051 2915 5105 τοῖς
2972 5050 3084 5107 σοῖς
3131 5044 3386 5117 θεοφιλέσι
3434 5046 3645 5118 τρόποις
3696 5054 3767 5087 καί
3802 5034 3846 5118 ντξ

2323 5134 2661 5206 καθαρωτάτζ
2722 5132 3089 5195 συντελοῦντας
3147 5131 3327 5206 ψυχῇ,
3414 5134 3481 5192 ὡς
3554 5117 3848 5206 φανερῶς

2322 5222 2414 5276 τοῦ
2452 5220 2625 5284 τέλους
2681 5229 2768 5274 νῦν
2833 5219 3043 5294 ἕξεφάνη
3103 5221 3187 5294 ἀφ’
3246 5219 3355 5275 οἶου
3402 5225 3628 5296 κρημνοῦ
3674 5230 3748 5266 και
3781 5205 3848 5279 βα·

2324 5313 2521 5386 ράθρου
2563 5312 2693 5371 Θεὸς
2732 5308 2989 5386 προειδὼς
3044 5309 3258 5373 ἐξείλετο
3308 5329 3384 5379 σε,
3451 5311 3560 5362 οἰου
3611 5324 3691 5357 και
3727 5303 3845 5386 οἶκοξρ

2325 5380 2505 5462 πάσης
2534 5397 2747 5471 ἀνομίας
2772 5380 3020 5473 ίγέμοντος
3073 5419 3161 5452 και
3212 5396 3545 5458 δυσσεϐείας.
3599 5396 3689 5448 Καί
3735 5380 3845 5456 ηδ’

2397 5576 2479 5650 (2)
2508 5579 2746 5646 Forsan,
2778 5583 2870 5631 τοῦ
2900 5577 3145 5638 ἐπιόντος.
