4066 6212
229 323 249 379 i
261 322 361 378 Mi

1305 309 1534 374 saeuo
1553 303 2130 372 CONSOLATORIUS
2145 309 2244 368 AD
2259 297 2516 374 rium.

3457 309 3590 370 1442

220 444 298 499 λει
323 439 391 502 δη
433 443 525 493 καὶ
581 443 834 511 καταργεί
904 411 1022 492 τότε
1066 440 1158 503 τὰς
1201 441 1427 514 ματαίας
1483 433 1674 510 βουλὰς
1737 433 1828 486 καί

1972 435 2144 493 ιοεῐιιιι
2167 437 2434 508 consilia,
2456 439 2515 496 et
2541 433 2803 495 custodit
2828 438 2885 493 te
2909 437 2968 492 et
3017 438 3210 493 servat
3259 437 3316 492 et
3355 433 3586 502 liberat,

229 526 476 592 σπουδὰς
534 529 704 602 ἡμῶν,
763 529 854 580 καὶ
927 527 1292 603 περιφυλάττει
1379 546 1469 580 και
1546 521 1831 600 περισώζει

225 624 322 674 καὶ
362 618 640 692 ἐξαιρεῖταί
669 635 726 670 σε
751 623 843 669 τοῦ
881 614 1113 691 ὀλεθρίου
1148 615 1342 671 ἐκείνου
1413 621 1600 672 κακοῦ.
1655 610 1833 686 Ἡμεῖς

229 706 306 777 δ’,
349 709 472 784 ὅπερ
529 707 736 780 ἔφημεν,
792 701 959 778 μηδεν
1011 700 1208 770 εἰδότες
1263 713 1360 769 τῆς
1419 713 1512 759 τοῦ
1567 702 1832 776 εὐεργέτου

230 805 368 852 Θεοῦ
417 799 662 874 προνοίας
725 798 815 848 καὶ
870 801 962 857 τῆς
1012 799 1142 872 πρὸς
1197 800 1257 850 τὸ
1313 802 1541 872 κρεῖττον
1619 788 1834 865 ἐμϐιϐά-

235 907 364 950 σεως
439 893 606 958 σοφῆς
703 883 1021 958 οἰκονομίας,
1097 885 1453 961 ἡσχάλλομεν,
1549 889 1834 962 ἠνιώμεθα,

235 976 591 1050 ἀπελεγόμεθα
615 978 708 1034 τὴν
763 974 923 1046 ζωὴν,
962 976 1032 1038 ὡς
1095 975 1320 1050 μεγάλου
1397 974 1465 1037 δὴ
1525 996 1663 1042 τινος
1717 976 1836 1034 δια-

235 1070 517 1144 μαρτόντες
586 1063 744 1117 καλοῦ
790 1065 1084 1118 τούναντίον
1141 1063 1226 1120 έπὶ
1280 1074 1377 1130 τῆς
1425 1065 1669 1134 ἀληθείας
1747 1073 1838 1124 ὄν-

234 1157 346 1225 τός,
391 1153 484 1207 κᾶν
523 1154 674 1226 ἡμεῖς
710 1152 1010 1226 ἠγνοοῦμεν.

313 1247 412 1298 Καὶ
466 1241 597 1315 λέγω
659 1239 728 1302 δὴ
784 1238 956 1296 ταῦτα
1005 1247 1096 1298 καὶ
1147 1241 1373 1298 ἆνακινῶ
1435 1249 1560 1321 πρὸς
1604 1252 1835 1322 μνήμην,

232 1335 308 1396 ὡς
335 1335 395 1386 ἀν
422 1329 491 1392 δὴ
531 1337 622 1385 καὶ
658 1336 752 1391 τὴν
794 1336 891 1391 σὴν
920 1330 969 1385 έν
1007 1331 1206 1408 γαλήνη
1259 1341 1581 1396 καταστήσω
1627 1338 1836 1412 ψυχὴν.

231 1421 609 1494 ἁνενεγκοῦσαν
661 1419 716 1474 ἐκ
777 1429 870 1474 τοῦ
935 1423 1162 1496 μεγάλου
1239 1422 1501 1490 κλύδωνος
1581 1432 1671 1482 καὶ
1745 1439 1840 1495 τῆς

233 1510 430 1573 πολλῆς
502 1519 744 1586 ταραχῆς
810 1517 912 1562 τῶν
987 1509 1366 1574 ἕπικλυζόντων
1408 1519 1618 1588 συχνῶν
1669 1520 1839 1592 κυμά-

236 1619 358 1668 των,
409 1603 500 1652 καὶ
567 1596 890 1672 βυθιζόντων
955 1601 1152 1658 ¹ταύτην
1199 1609 1399 1676 πικρῶν
1457 1602 1722 1678 λογισμῶν
1771 1609 1838 1672 ὥς

242 1690 315 1750 εἱς
345 1687 618 1750 θαλάσσης
655 1685 841 1761 βάθος,
886 1687 954 1748 εἰς
1005 1685 1169 1761 βυθὸν
1226 1686 1437 1760 ὀδύνης,
1489 1691 1538 1746 έν
1590 1692 1630 1766 ᾧ
1681 1703 1840 1758 κατή-

1942 525 2000 579 et
2027 538 2064 579 a
2101 525 2262 584 malo
2286 524 2388 584 illo
2407 532 2464 585 te
2487 525 2678 599 eripit.
2711 527 2827 582 Nos
2855 538 3022 595 vero,
3057 527 3124 580 ut
3149 523 3292 594 dixi,
3311 522 3592 581 benevoli

1940 610 2047 668 Dei
2085 615 2523 684 providentiam
2553 615 2808 688 ejusque
2855 612 3188 687 sapientem
3229 611 3310 670 ad
3365 609 3594 686 aliquid

1943 701 2156 759 melius
2175 702 2285 761 tibi
2310 707 2650 762 tendentem
2666 702 3032 761 voluntatem
3061 699 3594 774 ignorantes,dole-

1941 791 2184 864 bamus,
2216 794 2633 864 gemebamus,
2681 792 2868 850 vitam
2925 791 3366 864 rejiciebamus,
3417 787 3595 863 quasi

1945 896 2239 954 magnum
2260 882 2488 956 aliquid
2518 881 2749 940 bonum
2789 881 3228 952 amisissemus,
3251 879 3396 939 dum
3417 879 3595 952 plane

1947 972 2315 1030 contrarium
2347 972 2608 1030 eveniret
2635 970 2810 1030 nobis
2840 971 3264 1030 nescientibus.

2018 1239 2085 1298 Et
2104 1240 2235 1298 haec
2258 1240 2416 1308 dico,
2469 1245 2531 1300 et
2585 1240 2645 1299 in
2691 1240 3048 1300 memoriam
3074 1237 3317 1309 reduco,
3371 1244 3438 1300 ut
3485 1245 3600 1298 tnas

1947 1330 2164 1387 animai
2216 1330 2702 1404 tranquillitatem
2743 1331 3016 1400 reddam,
3071 1343 3326 1404 eamque
3372 1347 3445 1388 ex
3491 1331 3601 1389 hac

1947 1431 2174 1489 magna
2203 1423 2554 1491 tempestate
2581 1435 2652 1476 ac
2675 1435 2900 1492 magno
2919 1420 3270 1477 irruentium
3313 1424 3600 1492 perpetuo

1947 1506 2240 1564 ﬂuctuum
2272 1508 2532 1565 tumultu
2559 1508 2830 1582 eripiam,
2863 1514 2920 1566 et
2947 1524 3019 1566 ex
3043 1509 3262 1566 amaris
3285 1508 3447 1566 hisce
3474 1524 3603 1566 sen-

1950 1597 2117 1654 sibus
2142 1597 2249 1669 qui
2278 1611 2412 1653 eam
2442 1601 2731 1670 tanquam
2769 1597 2832 1654 in
2885 1596 3250 1670 profundum
3295 1613 3483 1667 mare,
3539 1597 3604 1654 in

1950 1684 2173 1742 doloris
2200 1699 2422 1758 nempe
2469 1685 2762 1758 abyssum
2798 1686 3175 1756 demergunt,
3215 1686 3278 1741 in
3324 1702 3510 1758 quam
3549 1688 3607 1742 et

239 1796 397 1851 γαγεν
450 1777 589 1851 ἡμᾶς
649 1780 704 1831 τὸ
761 1775 1074 1851 ὑπερϐάλλον
1122 1781 1334 1851 μέγεθος
1412 1790 1502 1844 τῆς
1581 1783 1839 1862 ἀφορήτου

1972 1789 2062 1831 ros
2092 1773 2343 1831 deduxit
2370 1773 2724 1832 calamitatis
2750 1773 2932 1846 hujus
2961 1773 3350 1832 intolerandae
3379 1775 3603 1832 nimius

242 1870 443 1930 ταύτης
508 1872 800 1941 συμφορᾶς.
847 1870 948 1920 Καὶ
1015 1863 1127 1929 δέος
1193 1889 1394 1942 μηποτε
1442 1873 1571 1946 ούχί
1607 1883 1706 1928 τῶν
1739 1896 1842 1930 σω-

247 1958 424 2031 μάτων
475 1960 760 2030 πνιγμονὴν
811 1958 983 2030 μόνον,
1047 1954 1176 2010 ἀλλά
1237 1977 1328 2011 και
1387 1961 1554 2015 αὐτῶν
1638 1965 1844 2042 ὄλεθρον

245 2047 606 2119 ύποσταίημεν
631 2053 732 2098 τῶν
785 2045 998 2118 ψυχῶν.
1054 2044 1142 2098 ⁴⁵ῐν’
1192 2042 1281 2100 οὖν
1327 2053 1387 2102 τὸ
1439 2050 1569 2104 πολὺ
1624 2073 1715 2107 και
1757 2061 1844 2129 με-

243 2155 322 2208 γα
347 2143 506 2188 τοῦτο
535 2138 683 2208 νέφος
702 2154 793 2188 και
825 2140 920 2194 τὴν
984 2133 1200 2208 βαθεῖαν
1261 2135 1449 2210 ἀχλύν,
1508 2161 1598 2195 και
1665 2149 1847 2199 σκοτό..

245 2243 436 2298 μαιναν
465 2228 559 2283 τὴν
585 2221 638 2276 ἐκ
663 2224 755 2278 τοῦ
794 2226 991 2287 πάθους
1050 2224 1394 2298 έπιχυθείσαν
1441 2231 1588 2303 ἡμῖν,
1638 2230 1692 2285 ἐκ
1751 2243 1848 2297 τῆς

248 2323 353 2377 σῆς
415 2311 728 2388 ἆποτινάξης
771 2311 1020 2389 καρδίας,
1076 2334 1165 2368 και
1225 2311 1514 2391 διαϐλέψῃς
1589 2326 1719 2397 πρός
1790 2328 1846 2378 τὸ

247 2407 385 2477 μέγα
409 2403 632 2476 πέλαγος
667 2410 768 2455 τῶν
829 2402 1108 2477 οἰκτιρμῶν
1156 2411 1249 2458 τοῦ
1293 2408 1362 2459 τὰ
1408 2411 1543 2461 κατὰ
1600 2415 1658 2464 σε
1710 2413 1849 2467 οἰκο-

249 2499 528 2565 νομοῦντος
611 2511 977 2566 συμφεροντως
1053 2500 1292 2569 Σωτῆρος
1380 2503 1637 2572 Χριστοῦ,
1755 2499 1851 2557 διὰ

253 2588 411 2634 τοῦτο
439 2585 529 2634 καὶ
585 2585 703 2644 τοὺς
763 2586 1025 2656 παρόντας
1092 2590 1344 2657 ποιοῦμαι
1413 2583 1594 2658 λόγους
1638 2607 1726 2643 και
1785 2592 1852 2655 εἰς

257 2671 538 2743 ἐνθύμησιν
599 2671 712 2742 ἄγω
759 2675 849 2724 και
903 2676 1112 2744 μνὴμην
1167 2676 1234 2726 τὰ
1317 2673 1641 2749 προλαϐόντα
1721 2682 1849 2756 ὑπερ

258 2759 430 2813 πάντα
451 2767 567 2812 νοῦν
587 2761 733 2832 ἡμῶν
758 2763 888 2836 πρὸς
909 2760 1203 2836 εὐεργεσίαν
1232 2769 1561 2838 γεγενημένα.

330 2847 634 2922 Προσϐἠναι
672 2845 733 2902 δέ
768 2868 860 2902 και
894 2858 1004 2912 τοίς
1033 2849 1208 2923 ἑφεξῆς
1238 2849 1496 2927 βούλομαι
1523 2860 1614 2929 μὲν
1657 2879 1669 2893 ·

256 2938 500 3011 ράττεται
561 2933 621 2990 δέ
667 2956 767 3010 μου
814 2957 906 2991 και
981 2938 1234 2992 κλονεῑται
1286 2959 1376 2994 και
1480 2949 1854 3022 συντράττεται

258 3026 292 3083 ἠ
335 3021 551 3100 καρδία,
575 3045 664 3078 και
689 3025 750 3078 ού
775 3023 1004 3100 δύναμαι
1066 3032 1308 3101 κατέχειν
1366 3031 1543 3104 αὐτὴν,
1587 3021 1640 3097 ἐς
1691 3035 1855 3110 βάθος

258 3113 426 3176 αὐτῆς
452 3116 860 3188 καθικνουμένης
923 3136 1012 3168 και
1071 3119 1248 3189 συχνὰ
1310 3123 1592 3185 κεντούσης
1655 3133 1751 3189 τῆς
1799 3128 1854 3180 ἐκ

257 3209 353 3256 τοῦ
382 3204 578 3264 πάθους
609 3199 780 3264 δεινῆς
806 3205 1081 3279 ῥομφαίας.
1116 3209 1217 3258 Καί
1245 3206 1339 3259 ούκ
1415 3207 1539 3263 οἶδα
1599 3217 1652 3266 τί
1722 3218 1854 3291 πρά-

259 3290 352 3361 ξω,
406 3299 499 3346 τοῦ
523 3294 614 3366 μὲν
641 3297 976 3366 προκειμένου
1048 3302 1246 3348 σκοποῦ
1284 3299 1410 3370 πρὸς
1455 3298 1639 3372 λόγους
1689 3290 1858 3358 ἕλκον-

255 3399 344 3444 τος
363 3381 737 3455 παρακλήσεως
800 3402 890 3435 και
936 3386 1294 3458 παραμυθίας,
1344 3395 1439 3449 τῆς
1489 3385 1548 3442 δὲ
1611 3410 1669 3463 γε
1723 3412 1856 3468 συμ.

255 3475 418 3543 φορᾶς
473 3469 662 3522 ἐκεῖθεν
716 3470 1067 3533 καθελκούσης
1108 3492 1198 3526 και
1244 3477 1373 3549 πρὸς
1467 3478 1684 3552 θρήνους
1766 3502 1857 3536 και

251 3559 484 3631 οἰμωγὰς
524 3556 753 3630 ἀγούσης
791 3580 881 3612 και
906 3557 1147 3636 δακρύων
1185 3565 1378 3634 πηγάς.

326 3645 395 3700 Ὦ
434 3646 572 3701 ἔοῖον
601 3652 699 3724 γὰρ
733 3654 923 3712 σκότος
959 3653 1145 3726 πικρὸν
1208 3655 1325 3712 τούς
1393 3651 1545 3726 ἐμούς
1609 3656 1860 3733 ἐκάλυψεν

264 3736 585 3810 ὀφθαλμούς,
628 3734 927 3811 δριμύσσον
963 3742 1032 3802 ὡς
1083 3737 1138 3791 ἐκ
1195 3749 1394 3794 καπνοῦ
1451 3748 1864 3822 τηγανιζομὲνης

259 3823 508 3900 καρδίας,
560 3846 650 3879 και
707 3827 854 3891 ὅλους
914 3826 1284 3902 ὲκδιαξὸμενον
1333 3841 1554 3886 κενῶσαι
1600 3855 1689 3888 και
1737 3839 1865 3914 ῥυῆ-

261 3935 352 3969 ναι
387 3923 612 3975 ποιῆσαι
646 3915 770 3970 Ῐοῖα
805 3919 1030 3990 ύπέμενα
1058 3937 1148 3971 και
1177 3915 1306 3972 ἰδεῖν
1354 3940 1440 3973 και
1490 3921 1737 3996 ἀκοῦσαι,
1841 3929 1868 3981 ό

263 4004 420 4064 τάλας
471 4002 569 4076 ἐγὼ
615 4004 626 4058 l
687 4006 800 4068 οἰας
847 4005 1089 4080 ἀγγελίας
1148 4010 1268 4082 περί
1313 4016 1428 4076 σοῦ,
1505 4013 1748 4089 θύγατερ,
1819 4017 1872 4084 ἐν

274 4092 536 4154 έστώσαις
565 4089 817 4156 δέξασθαι
848 4100 998 4168 φρεσί
1038 4095 1051 4151 Ι

1715 2878 1853 2914 σπα-

348 4185 604 4235 Δέσποινὰ
650 4201 774 4254 μου,
827 4186 886 4236 τὸ
948 4192 1048 4256 φῶς
1101 4193 1202 4238 τῶν
1255 4183 1387 4260 έμῶν
1477 4187 1742 4264 ὀμμάτων,
1837 4195 1868 4253 ἡ

271 4269 575 4344 γλυκυτάτη
609 4270 750 4342 ὄψις,
779 4275 839 4325 τό
865 4271 1252 4346 ἐρασμιώτατον
1272 4275 1480 4348 κάλλος,
1534 4282 1563 4339 ἡ
1623 4286 1753 4354 μόνη
1823 4281 1872 4334 έν

273 4365 411 4412 πᾶσι
468 4365 575 4420 τοίς
631 4363 754 4434 πρίν
799 4359 1160 4434 ἐπερχομένοις
1226 4366 1555 4438 σκυθρωποῖς
1636 4373 1873 4444 παρήγο-

1953 1879 2258 1920 excessus.
2287 1863 2490 1921 Timeo
2511 1863 2672 1920 enim
2692 1879 2767 1920 ne
2789 1868 3021 1921 tantum
3036 1879 3357 1937 corporum
3379 1870 3608 1922 nostro-

1952 1969 2086 2010 rum
2113 1957 2388 2022 mortem,
2414 1951 2521 2009 sed
2540 1957 2597 2009 et
2616 1953 2888 2026 ipsarum
2909 1953 3251 2011 animarum
3281 1954 3606 2028 perniciem

1953 2041 2357 2098 incurramus.
2383 2043 2452 2098 Ut
2481 2041 2663 2112 igitur
2685 2041 2844 2099 hanc
2897 2057 3185 2114 magnam
3242 2042 3484 2111 nubem,
3550 2047 3608 2100 et

1954 2130 2292 2204 profundas
2322 2131 2435 2187 has
2458 2131 2753 2201 tenebras,
2785 2135 2841 2190 et
2869 2136 3107 2190 noctem
3131 2133 3291 2190 hanc
3313 2149 3385 2189 ex
3403 2131 3608 2189 dolore

1955 2220 2130 2277 nobis
2180 2220 2563 2294 superfusam
2623 2237 2695 2278 ex
2740 2226 2842 2280 tuo
2892 2223 3070 2280 corde
3127 2223 3378 2296 dissipes
3427 2227 3482 2280 et
3529 2221 3610 2280 ad

1956 2309 2107 2366 illud
2161 2311 2586 2368 misericordias
2631 2311 2947 2369 Salvatoris
3003 2313 3210 2370 Christi
3274 2329 3459 2384 mare,
3505 2311 3611 2386 qui

1958 2402 2164 2458 omnia
2184 2401 2361 2458 nobis
2391 2401 2712 2459 utilissima
2735 2403 3036 2474 provides,
3070 2404 3349 2478 aspicias,
3378 2404 3525 2476 {ideo
3555 2408 3612 2460 et

1957 2495 2316 2564 praesentem
2347 2507 2679 2548 sermonem
2729 2491 2990 2564 profero,
3045 2498 3102 2550 et
3136 2495 3199 2550 in
3256 2493 3612 2550 memoriam

1961 2580 2498 2653 cogitationemque
2545 2595 2618 2638 ea
2652 2596 2792 2654 quae
2849 2587 3303 2654 praecesserunt,
3366 2582 3612 2652 reduco,
3681 2636 3684 2640 .

1961 2683 2098 2742 quae
2119 2669 2272 2726 ultra
2287 2685 2458 2742 spem
2479 2669 2557 2726 ab
2578 2673 2848 2727 nostram
2877 2671 3190 2729 utilitatem
3239 2671 3398 2730 facta
3443 2674 3607 2729 sunt.

2020 2845 2314 2904 Accedere
2341 2852 2541 2904 autem
2563 2847 2642 2905 ad
2676 2864 2747 2905 ea
2768 2863 2904 2921 quae
2927 2853 3126 2906 secuta
3159 2848 3481 2916 sunt,volo;
3511 2847 3618 2906 sed

1965 2935 2253 2991 scinditur
2305 2941 2362 2992 et
2391 2935 2667 3007 agitatur,
2700 2941 2754 2993 et
2776 2937 3165 2994 conturbatur
3189 2954 3311 3006 cor,
3338 2953 3448 2994 nec
3470 2937 3618 2993 illud

1965 3023 2264 3080 continere
2288 3023 2472 3092 valeo,
2497 3040 2635 3080 cum
2656 3025 2718 3080 in
2755 3025 2884 3095 ejus
2921 3025 3290 3098 profundum
3333 3027 3509 3082 intret
3562 3028 3620 3081 et

1891 3142 1930 3198 ρ
1963 3113 2248 3168 continuo
2324 3111 2475 3168 illud
2543 3111 2852 3182 transﬁgat
2915 3112 3081 3170 dirus
3151 3113 3374 3170 doloris
3436 3114 3620 3186 hujus

1965 3198 2224 3270 gladius.
2253 3202 2372 3256 Nec
2403 3201 2526 3258 scio
2546 3201 2694 3274 quid
2717 3201 2982 3258 facturus
3008 3203 3139 3268 sim,
3184 3201 3333 3259 dum
3370 3218 3444 3259 ex
3499 3217 3622 3261 una

1964 3293 2133 3362 parte
2183 3288 2266 3345 ad
2334 3290 2627 3346 intentum
2673 3289 3025 3346 hortationis
3079 3291 3622 3365 consolationisque

1974 3378 2355 3451 propositum
2384 3379 2670 3445 attrahor,
2713 3384 2771 3435 et
2807 3394 2879 3436 ex
2908 3379 3094 3436 altera
3130 3379 3440 3437 calamitas
3478 3381 3622 3437 inde

1967 3481 2064 3522 me
2091 3467 2339 3523 retrahit
2365 3471 2422 3524 et
2450 3467 2528 3524 ad
2555 3466 2837 3538 gemitus,
2859 3471 2917 3524 et
2933 3467 3217 3537 lamenta,
3241 3473 3298 3525 et
3322 3467 3619 3542 lacryma—

1965 3570 2104 3612 rum
2129 3554 2324 3612 fontes
2357 3555 2619 3614 abducit.

2041 3646 2084 3702 Ο
2121 3645 2418 3718 lquantaa,
2461 3662 2644 3719 quam
2695 3662 2919 3704 amarae
2949 3647 3207 3705 tenebrae
3229 3663 3397 3705 meos
3417 3647 3622 3705 oculos

1969 3733 2353 3791 velaverunt!
2405 3741 2569 3806 ortae,
2604 3740 2670 3792 ut
2720 3736 2803 3793 ita
2847 3737 3066 3804 dicam,
3131 3752 3203 3792 ex
3255 3737 3382 3793 frixi
3429 3737 3627 3794 cordis

1974 3822 2162 3890 fumo,
2194 3829 2252 3880 et
2270 3839 2372 3880 eos
2393 3839 2606 3880 manes
2628 3841 2698 3881 ac
2721 3830 2990 3882 mortuos
3014 3824 3333 3881 efﬁcientes
3359 3824 3370 3880 !
3398 3831 3628 3898 quanta

1978 3911 2233 3968 sustinui
2258 3915 2315 3969 et
2340 3912 2600 3970 videndo
2636 3917 2693 3969 et
2744 3913 3066 3983 audiendo,
3116 3930 3152 3969 o
3210 3928 3321 3984 ego
3366 3913 3569 3969 infelix
3611 3912 3625 3969 Ξ

1981 4000 2124 4065 Quae
2161 4000 2236 4056 de
2267 4005 2320 4058 te
2379 4002 2608 4068 nuntia,
2658 4017 2695 4058 o
2745 4001 2890 4073 ﬁlia,
2935 4001 3185 4058 ﬁrmiter
3242 4005 3298 4059 et
3350 4006 3630 4058 constan-

1980 4093 2067 4145 ter
2098 4089 2356 4145 sustinui
2389 4090 2401 4146 ἰ

2037 4180 2290 4236 Domina
2317 4196 2750 4248 mea,meorum
2781 4180 3095 4238 oculorum
3122 4180 3632 4252 lumen,dulcissi—

1981 4285 2151 4325 mum
2171 4270 2602 4342 spectaculum,
2628 4269 3060 4328 amabilissima
3081 4271 3632 4344 pulchritudo.qum

1982 4358 2109 4414 sola
2125 4359 2187 4414 in
2209 4359 2662 4431 superveniente
2683 4359 2914 4416 tristitia
2927 4377 3022 4416 me
3040 4360 3332 4418 solabaris
3347 4366 3403 4418 et
3420 4362 3634 4418 excita-

273 4465 362 4521 ρος
386 4445 500 4520 έμοί
536 4466 626 4498 και
653 4447 973 4521 παραψυχὴ,
1011 4459 1116 4512 πῶς
1150 4452 1225 4504 ἔτι
1289 4471 1379 4504 και
1435 4454 1510 4514 ζῶ
1561 4475 1651 4509 και
1713 4463 1856 4530 ιιι-νέω2

1979 4446 2112 4518 bas,
2151 4448 2461 4520 quomodo
2489 4447 2691 4504 adhuc
2719 4449 2855 4505 vivo
2885 4456 2945 4505 et
2971 4450 3157 4523 spiro,
3200 4466 3396 4523 neque
3435 4451 3634 4506 statim

273 4555 367 4589 και
396 4534 492 4587 ούκ
529 4535 680 4598 caeo;
716 4541 892 4611 νεκρὸς
939 4536 1124 4609 ἐφάνην
1192 4543 1324 4612 μετὰ
1374 4546 1468 4601 τὴν
1533 4549 1630 4603 σὴν
1673 4549 1870 4606 ταύτην

281 4626 636 4700 θανατηφόρον
689 4624 802 4698 ἐμοί
851 4629 1169 4703 συμφόράν;
1249 4632 1326 4681 οἷν
1407 4634 1717 4707 προέπεμψά
1813 4655 1870 4690 σε

278 4733 372 4767 και
408 4713 521 4766 οἷαν
548 4711 871 4788 ὑποδέξομαι
910 4713 1086 4791 Ξεῖπερ
1125 4717 1230 4792 ἄρα
1247 4737 1337 4771 και
1377 4715 1675 4795 δυνήσομαι
1707 4729 1873 4801 μέχρι

280 4805 470 4856 τούτου
503 4811 828 4880 καρτερῆσαι
877 4824 966 4857 και
1013 4805 1128 4878 ζῇν.
1178 4812 1418 4876 Κρεῖττον
1473 4806 1534 4869 ἦν
1591 4809 1705 4884 ἐμοί
1759 4814 1875 4869 σϐε-

287 4894 479 4951 σθῆναι
515 4895 602 4945 τόν
625 4893 737 4946 ὅλον
802 4892 944 4952 ἣλιον
975 4895 1004 4954 ᾖ
1059 4899 1154 4953 τὴν
1211 4902 1386 4951 πᾶσαν
1452 4899 1638 4972 ὅρασιν
1681 4901 1877 4958 ἀποϐα-

282 4980 490 5050 λέσθαι,
531 4980 878 5055 ἧέντοιούτῳ
938 4981 1173 5037 κατιδεῖν
1245 5004 1302 5038 σε
1359 4987 1679 5060 ζοφωθεῖσαν
1739 4997 1881 5065 σχή-

287 5090 438 5144 ματι,
470 5069 644 5124 ὁποῖον
703 5068 770 5132 δή
843 5091 902 5125 σε
959 5092 1049 5126 και
1112 5071 1322 5128 ἐνέδυσε
1370 5095 1460 5129 και
1510 5078 1774 5152 περιέϐαλε
1819 5085 1879 5135 τὸ

286 5159 418 5216 πολὺ
439 5179 530 5214 και
558 5165 694 5234 μέγα
710 5161 906 5225 πλῆθος
926 5170 1026 5215 τῶν
1067 5161 1198 5238 ἐμῶν
1239 5167 1522 5240 ἁμαρτιῶν.

363 5247 497 5302 Ἀλλ’
530 5249 708 5323 ἱναμή
747 5247 796 5303 έν
829 5258 939 5314 τοῖς
999 5253 1252 5315 τοιούτοις
1295 5257 1558 5328 μηκύνων,
1619 5255 1735 5312 ἀντί
1779 5279 1883 5316 πα-

290 5336 634 5412 ρακόλοῦντος
683 5358 771 5392 και
824 5340 1090 5414 κουφίζειν
1142 5346 1458 5416 πειρωμένου
1541 5353 1641 5399 τῶν
1717 5346 1885 5422 ἀλγει-

290 5433 411 5494 νῶν,
441 5430 668 5501 γένωμαί
708 5447 792 5482 σοι
851 5425 1201 5506 σφοδροτέραν
1257 5431 1446 5506 μᾶλλον
1503 5432 1740 5490 ἀνάπτων
1791 5442 1886 5499 τὴν

293 5515 463 5590 φλόγα
497 5537 588 5570 και
623 5523 740 5580 τοὺς
787 5517 1048 5595 ἄνθρακας
1103 5519 1318 5575 ἐκκαίων
1375 5530 1467 5576 τοῦ
1522 5527 1723 5590 πάθους
1795 5546 1886 5582 και

295 5615 386 5669 τῆς
425 5614 711 5685 ουμφορᾶς,
731 5615 901 5664 ταῦτα
962 5613 1052 5684 μὲν
1105 5609 1154 5664 έν
1209 5619 1283 5684 τῷ
1331 5621 1418 5666 νῦν
1479 5617 1586 5668 ὄντι
1646 5621 1886 5690 σιγήσειν

1979 4541 2253 4593 mortuus
2285 4554 2420 4594 sum
2458 4542 2595 4611 post
2651 4538 3018 4596 mortiferam
3079 4539 3237 4596 hanc
3291 4540 3438 4596 mihi
3480 4539 3637 4611 cata:-

1978 4626 2248 4683 mitatem
2278 4627 2308 4683 7
2337 4609 2585 4694 Qualem
2610 4632 2667 4684 te
2705 4627 2926 4694 dimisi,
2961 4633 3017 4684 et
3047 4628 3290 4700 qualem
3320 4628 3435 4684 reci
3444 4609 3632 4700 piam!

1979 4717 2029 4772 si
2053 4719 2254 4772 tamen
2279 4732 2471 4790 usque
2501 4717 2578 4773 ad
2604 4717 2666 4773 id
2689 4718 2972 4790 temporis
3009 4718 3300 4773 sustinere
3329 4732 3401 4772 ac
3437 4717 3638 4772 vivere

1981 4805 2229 4876 possim.
2260 4807 2458 4862 Potius
2491 4805 2639 4862 mihi
2671 4811 2796 4862 erat
2818 4805 3114 4876 exstingui
3141 4810 3330 4861 totum
3363 4803 3550 4860 solem
3581 4806 3640 4860 et

1984 4908 2228 4949 omnem
2249 4895 2449 4950 visum
2471 4895 2754 4966 abjicere,
2778 4910 2965 4966 quam
2983 4894 3041 4948 in
3066 4893 3169 4949 tali
3181 4897 3236 4948 te
3249 4892 3457 4950 habitu
3473 4891 3640 4949 obte-

1984 4979 2298 5038 nebratam
2325 4983 2546 5053 videre,
2575 4982 2739 5055 quali
2789 4981 2998 5038 induta
3046 4997 3111 5037 es
3166 4985 3222 5038 et
3269 4980 3642 5040 circumdata

1987 5073 2232 5142 propter
2259 5086 2532 5127 meorum
2558 5075 2942 5142 peccatorum
2978 5069 3446 5130 multitudinem.

2059 5245 2274 5318 Sed,ne
2310 5246 2489 5305 tantis
2526 5247 2990 5315 immorans,tibi
3023 5247 3436 5308 ardentionem
3465 5252 3638 5310 ﬂam-

1991 5351 2159 5393 mam
2173 5336 2520 5406 accendam,
2534 5335 2948 5410 carbonesque
2959 5337 3182 5396 doloris
3198 5343 3256 5396 et
3282 5339 3637 5398 calamitatis

1995 5426 2264 5499 excitem,
2297 5427 2524 5484 nedum
2571 5431 2626 5485 te
2679 5426 2962 5484 adhorter
3013 5433 3070 5486 et
3120 5429 3415 5486 consolari
3463 5430 3639 5498 nitar,

1993 5513 2124 5572 haec
2149 5515 2689 5590 impraesentiarum
2710 5515 2880 5574 silere
2906 5516 3095 5590 decet,
3127 5521 3182 5577 et
3207 5518 3341 5578 aliis
3367 5517 3643 5592 relinquo

1996 5603 2278 5664 funebres
2305 5607 2568 5680 hymnos
2597 5611 2654 5668 et
2685 5605 3008 5668 orationes.

301 5715 394 5771 μοι
420 5693 583 5771 δοκῶ,
615 5697 684 5765 εἰς
711 5697 916 5777 ἑτέρους
944 5695 1003 5758 δε
1031 5701 1366 5780 παραπεμψω
1395 5701 1582 5781 λόγους
1607 5702 1879 5782 μονῳδιῶν
1897 5725 1989 5767 και
2015 5698 2214 5771 θρήνων
2241 5694 2545 5773 ἔπιταφίων.
