4066 6212
511 332 649 387 ius
1714 320 2100 379 NICEPHORI
2125 308 2387 379 cunmm
3738 320 3885 380 iw.

580 457 667 510 Tu
726 457 949 519 autem,
1023 447 1372 521 imperatrix
1420 461 1576 511 mea,
1641 444 1993 501 dulcissima
2051 444 2155 500 lux

2344 449 2411 497 Σὺ
2475 443 2556 515 δι,
2601 446 2901 520 βασίλισσά
2950 468 3070 521 μου,
3114 447 3437 520 γλυκύτατον
3501 447 3627 520 ἐμὸν
3672 456 3807 520 φῶς,
3848 450 3879 505 ἦ

511 559 668 608 mea,
687 558 823 613 quae
846 554 1159 610 nunquam
1185 538 1311 592 sine
1328 535 1767 603 magnidoloris
1780 535 1996 590 affectu
2048 551 2117 589 nc

2275 531 2533 603 μηδέποτε
2594 536 2804 598 ἀπαθῶς
2852 536 3189 609 ἀνασχομένη
3252 555 3341 587 και
3405 536 3633 608 μεγάλης
3705 556 3881 607 χωρις

511 632 700 687 tristes
722 646 791 685 ac
821 628 1114 684 demissos
1144 626 1341 681 videre
1386 631 1488 681 aut
1532 624 1832 694 lacrymas
1899 640 1970 678 ex
2022 639 2117 678 oct

2271 621 2459 687 ὀδύνης
2521 633 2776 698 στυγνοὺς
2830 631 2966 701 ἡμᾶς
3015 648 3105 680 και
3149 635 3397 699 κατηφεῖς
3446 624 3594 697 ἰδεῖν,
3667 631 3700 684 ἦ
3780 623 3877 678 δά-

508 720 578 775 lis
610 720 823 774 nostris
855 717 1106 772 ﬂuentes
1152 715 1417 785 aspicere
1449 714 1797 781 sustinuisti,
1831 713 1965 767 vide
1997 728 2114 767 nun

2267 732 2421 785 κρυον
2493 724 2592 767 τῶν
2658 718 2912 790 ἡμετέρων
2988 716 3204 769 ἐκπεσόν
3256 715 3550 787 ὀφθαλμῶν,
3615 711 3703 767 ἴδε
3788 722 3870 764 νῦν

509 812 738 880 quanta
779 807 1081 878 patiamur
1129 824 1143 867 ;
1184 804 1320 859 vide
1353 802 1548 858 cordis
1578 803 1762 857 nostri
1788 800 2115 858 insolabilet

2267 800 2423 854 ὁποῖα
2456 807 2755 877 πάσχομεν,
2787 826 2877 857 και
2906 811 2999 864 τὴν
3057 805 3469 878 ἀπαραμύθητον
3533 800 3735 860 ὀδύνην
3796 800 3871 855 εδε

508 897 797 961 dolorem,
822 902 875 951 et
892 896 1019 965 jam
1039 894 1212 949 nobis
1236 894 1314 947 sis
1334 893 1463 963 ipsa
1483 892 1842 947 consolatrix
1858 889 2114 945 miranda

2265 900 2361 952 τῆς
2388 890 2610 965 καρδίας
2642 896 2808 966 ἡμῶν,
2859 914 2948 947 και
3003 903 3155 966 γενοῦ
3203 893 3299 946 κάν
3350 898 3514 964 τούτῳ
3582 895 3866 964 θαυμαστή

509 983 1028 1056 quemadmodum
1061 989 1117 1037 et
1145 982 1261 1037 alia
1291 982 1495 1035 omnia
1542 996 1675 1050 quae
1721 981 1877 1034 circa
1920 984 1974 1034 te
2022 993 2115 1032 sur

2264 999 2342 1039 τις
2401 987 2721 1055 παρήγορος,
2781 985 2847 1043 ὡς
2901 1003 2992 1035 και
3042 983 3203 1034 τᾶλλα
3254 984 3425 1034 πάντα
3479 984 3669 1040 πάντες
3753 982 3866 1031 θαυ-

509 1088 719 1127 omnes
751 1072 1017 1126 miratur.
1076 1070 1227 1125 Nihil
1274 1070 1434 1124 enim
1482 1084 1553 1122 ex
1604 1069 1733 1124 aliis
1786 1068 2115 1123 hominibus

2265 1071 2501 1141 μάςουσι
2538 1074 2605 1123 τὰ
2638 1075 2772 1124 κατὰ
2813 1077 2871 1124 σέ
2903 1093 2916 1105 ·
2947 1071 3054 1124 ἐπεί
3084 1068 3215 1144 μηδ’
3243 1074 3382 1123 ἔστιν
3412 1070 3586 1137 ἄλλος,
3628 1072 3703 1131 ὡς
3756 1070 3870 1125 ἔπος

510 1167 574 1215 ut
603 1161 685 1215 ita
709 1160 925 1215 dicam.
951 1175 1063 1213 nos
1090 1163 1284 1230 potest
1316 1157 1606 1213 consolari
1634 1163 1691 1211 et
1728 1156 2009 1223 mulcere,
2045 1157 2116 1211 ni:

2266 1157 2442 1223 εἰπεῖν,
2492 1158 2539 1209 ἐν
2599 1158 2884 1232 ἀνθρώποις
2948 1166 3135 1235 τρόπος
3194 1166 3329 1231 ημᾶς
3393 1156 3685 1231 δυνάμενος
3782 1177 3864 1209 πα-

510 1254 571 1306 tu
592 1249 739 1320 ipsis
778 1248 1061 1319 operibus
1098 1247 1395 1318 rebusque
1440 1246 1719 1301 ostendas
1769 1251 1823 1300 te
1870 1260 2116 1315 generos

2264 1248 2680 1319 ραμυθησασθαι
2736 1268 2827 1299 και
2880 1249 3262 1319 παρακαλέσαι,
3318 1248 3362 1300 εὶ
3405 1254 3475 1319 μὴ
3527 1252 3596 1299 σὺ
3684 1243 3870 1307 δείξεις

507 1354 642 1394 eam
675 1337 823 1392 ferre
855 1354 924 1391 ac
956 1337 1243 1391 sustinere
1274 1335 1672 1390 calamitatem
1729 1351 1866 1405 quas
1914 1339 2113 1405 propte

2270 1335 2442 1396 αὐτοῖς
2469 1340 2638 1410 ἔργοις
2675 1357 2766 1389 και
2812 1342 3109 1411 πράγμασι,
3169 1357 3258 1389 και
3314 1340 3387 1410 μή
3431 1339 3644 1411 ῥήμασι
3699 1342 3876 1407 μόνοις

510 1431 566 1483 te
592 1426 769 1482 nobis
800 1432 888 1480 est
911 1424 1319 1481 intolerabilis.

2274 1443 2350 1475 ιαι
2412 1424 2608 1495 λόγοις,
2661 1429 2742 1478 ὃτι
2799 1432 3040 1498 γενναίως
3085 1446 3176 1478 και
3230 1434 3495 1500 καρτερείς
3530 1445 3625 1477 και
3698 1426 3880 1496 όποφὲ

2261 1532 2369 1586 ρεις
2428 1516 2591 1572 αὐτὴν
2648 1512 2717 1573 δὴ
2775 1519 2993 1581 ταύτην,
3039 1521 3133 1574 τὴν
3196 1513 3290 1567 διὰ
3367 1519 3446 1582 σε,
3512 1514 3879 1567 ἀνυπόστατον

2261 1604 2404 1673 ημῖν,
2441 1604 2730 1676 συμφοράν.

582 1694 803 1762 Magna
828 1692 987 1747 enim
1017 1691 1118 1746 illa
1146 1695 1236 1746 est
1265 1695 1320 1745 et
1350 1689 1503 1746 ultra
1543 1688 1824 1760 quamvis
1851 1691 2153 1759 cogitatio-

2336 1691 2504 1749 Πολλῆ
2537 1696 2628 1763 μὶν
2660 1694 2790 1751 αὕτη
2831 1714 2922 1745 και
2973 1693 3173 1766 μεγάλη
3235 1712 3326 1745 και
3380 1692 3679 1766 ὑπερϐολῆς
3748 1693 3877 1744 ἀπά-

516 1797 654 1837 nem
678 1782 801 1849 ,sed
826 1788 879 1835 et
902 1780 1091 1834 multa
1114 1786 1231 1833 tuae
1253 1779 1468 1834 animae.
1489 1779 1581 1833 vis
1602 1778 1942 1839 christiana.
1968 1779 2122 1833 mult;

2270 1798 2364 1841 σης
2396 1782 2668 1832 ἔπίκειναυ
2708 1781 2838 1834 ἀλλά
2864 1803 2956 1835 και
3010 1783 3171 1845 πολὺς
3233 1784 3260 1835 ὁ
3312 1790 3407 1844 τῆς
3455 1790 3556 1842 σῆς
3609 1800 3876 1855 χριστισ-

515 1878 572 1925 et
602 1871 787 1941 pietas
820 1875 919 1924 tua
950 1884 1143 1940 neque
1175 1867 1293 1921 ulla
1322 1868 1548 1922 ratione
1597 1868 1811 1929 minor,
1868 1866 2051 1921 multa
2101 1884 2121 1922 ε

2270 1872 2445 1940 νισμός
2498 1868 2702 1940 ψυχῆς,
2770 1871 2928 1929 πολλὴ
2988 1892 3077 1923 και
3138 1873 3170 1930 ἠ
3230 1870 3467 1924 εὐλάϐεια
3538 1890 3633 1922 και
3693 1868 3876 1942 μηδεί-

513 1974 738 2025 magna
768 1965 868 2013 tua
918 1959 976 2013 in
1018 1957 1205 2013 Deum
1258 1956 1498 2011 ﬁducia.
1558 1957 1788 2020 Quanta
1826 1962 1884 2011 et
1943 1956 2119 2027 qualis

2267 1962 2389 2027 μίαν
2436 1957 2721 2031 ὑπερϐολὴν
2803 1958 3178 2027 ἀπολείπουσα,
3236 1959 3396 2017 πολλὴ
3488 1977 3579 2010 και
3669 1959 3872 2030 prid}:

511 2064 696 2120 quam
718 2046 894 2101 ﬁrma
919 2051 975 2101 et
999 2063 1207 2102 secura
1232 2052 1335 2101 tua
1356 2046 1414 2100 in
1443 2045 1883 2100 sanctissimam
1903 2046 2032 2115 ejus
2049 2049 2117 2102 Mr

2268 2047 2415 2102 καιή
2458 2050 2586 2120 πρὸς
2630 2051 2759 2100 Θεὸν
2814 2051 3147 2109 πεποίθησις.
3209 2048 3348 2106 ⁴Ὸση
3409 2045 3468 2100 δι
3511 2068 3602 2099 και
3655 2048 3747 2099 οἱα
3798 2049 3874 2117 (ί)

506 2141 655 2191 trem
681 2151 817 2207 spes
844 2136 855 2189 !
882 2138 1076 2204 Potes,
1112 2135 1162 2189 si
1182 2135 1350 2201 velis,
1376 2133 1595 2189 multas
1613 2133 1761 2189 alias
1780 2149 2112 2205 magnasqu

2270 2131 2461 2205 βεϐαία
2489 2154 2580 2186 και
2648 2134 2882 2208 ἀσφαλὴς
2929 2157 3019 2189 και
3063 2140 3093 2196 ἡ
3153 2141 3286 2211 πρός
3342 2141 3430 2195 τὴν
3475 2141 3876 2207 πανυπέραγνον

505 2225 765 2291 cogitare
796 2229 852 2279 et
874 2229 1149 2295 reputare
1178 2239 1397 2279 causas
1449 2222 1809 2278 Benefactori
1859 2229 1916 2278 et
1964 2222 2111 2278 Salva

2269 2222 2428 2274 αὐτοῦ
2449 2228 2652 2297 μητέρα
2707 2224 2850 2286 ἐλπίς
2882 2226 2894 2280 ι
2927 2232 3128 2297 Ἔχεις,
3173 2226 3217 2279 εἰ
3271 2224 3468 2298 βούλει,
3522 2244 3614 2276 και
3682 2225 3875 2286 πολλὰς

506 2314 611 2368 tori
658 2313 888 2367 Christo
942 2312 1165 2381 gratias
1223 2312 1441 2383 agendi
1503 2327 1761 2383 eumque
1818 2310 2112 2366 conﬁtend

2269 2311 2447 2385 ἐτέρας
2510 2332 2599 2364 και
2646 2314 2873 2385 μεγάλας
2926 2314 2997 2375 εἰς
3042 2322 3159 2367 νοῦν
3215 2313 3471 2387 βαλέσθαι
3535 2333 3629 2365 και
3686 2313 3875 2365 ἀναλο-

507 2401 759 2456 simulet
792 2400 1005 2455 solatia
1049 2406 1102 2455 et
1163 2401 1603 2472 perfectissima
1658 2400 1962 2467 refrigeria
2003 2416 2113 2455 acc.

2269 2402 2525 2471 φίσασθαι
2564 2404 2656 2464 τὰς
2710 2400 2947 2475 ἀφορμὰς
3009 2407 3131 2477 πρὸς
3173 2403 3522 2476 εὐχαριστίαν
3567 2422 3663 2453 και
3723 2400 3873 2454 ἀνθο-

506 2488 727 2560 piendi.
764 2487 1006 2542 Multum
1032 2493 1200 2558 potes
1230 2493 1287 2542 et
1317 2487 1376 2542 in
1408 2488 1538 2558 ejus
1572 2487 1980 2542 misericordia
2018 2488 2112 2542 ine

2269 2488 2558 2559 μολόγησιν
2612 2490 2769 2543 αὐτοῦ
2815 2500 2908 2543 τοῦ
2957 2492 3228 2566 εὐεργέτου
3281 2511 3372 2543 και
3426 2500 3665 2565 σωτῆρος
3741 2499 3874 2563 Χρι-

505 2574 668 2630 iabili
694 2581 749 2629 et
779 2575 1160 2629 inenarrabili
1193 2574 1512 2630 conﬁdere.
1558 2579 1704 2630 Ecce
1745 2575 1851 2630 tibi
1890 2576 2111 2647 Optimu

2271 2586 2417 2643 στου,
2452 2578 2562 2650 ἃμα
2584 2576 2644 2632 δε
2686 2600 2777 2632 και
2838 2586 2969 2655 πρὸς
3018 2583 3354 2654 παραμυθίαν
3405 2584 3502 2637 σὴν
3550 2599 3645 2631 και
3689 2579 3877 2632 τελειωσ-

508 2678 576 2717 ac
609 2663 910 2733 piissimus
936 2662 1286 2733 imperator.
1312 2678 1447 2716 ecce
1480 2664 1742 2734 piissima
1783 2669 1839 2717 et
1876 2664 2114 2718 amanti:

2270 2669 2431 2723 τάτην
2496 2668 2850 2742 παράκλησιν.
2914 2670 3092 2742 Ἔχεις
3179 2690 3270 2722 και
3362 2668 3627 2743 θαρρῆσαι
3712 2668 3876 2720 πολλὰ

507 2751 660 2805 sima
693 2754 943 2805 Domina
970 2754 1027 2804 et
1056 2750 1428 2820 imperatrix,
1451 2753 1848 2820 nostra,vices
1876 2752 2062 2823 patris
2090 2768 2113 2806 ε

2269 2775 2357 2806 και
2385 2756 2583 2826 μεγάλα
2645 2761 2729 2811 ἐπὶ
2784 2767 2857 2811 τῶ
2913 2759 3035 2812 ελίει
3106 2779 3198 2811 και
3258 2764 3366 2820 τοῖς
3431 2760 3728 2830 ἀφράστοις
3786 2778 3875 2809 και

504 2840 712 2895 matris
737 2854 880 2909 erga
911 2844 963 2894 te
1003 2844 1236 2909 gerunt,
1291 2845 1348 2894 et
1403 2839 1508 2895 tibi
1561 2856 1621 2894 se
1676 2845 1978 2912 praestant,
2029 2846 2110 2896 tax

2271 2839 2668 2915 ἀνεκδιηγήτοις
2719 2847 3011 2921 οἰκτιρμοίς
3059 2848 3241 2900 αὐτόῦ.
3296 2844 3439 2900 Ἰδού
3485 2865 3572 2898 σοι
3629 2866 3725 2898 και
3772 2845 3875 2919 βα-

504 2944 692 3000 quam
720 2928 833 2999 ipsi
859 2933 913 2982 te
950 2928 1321 2995 genuissent.
1356 2928 1441 2984 lta
1481 2944 1726 2984 omnem
1774 2929 1835 2983 in
1871 2935 1924 2985 te
1978 2945 2110 2985 sual

2271 2930 2443 2993 σιλεύς
2497 2935 2522 2984 ό
2580 2935 3064 3009 φιλανθρωπότατος
3114 2940 3319 2989 πάντων
3372 2955 3462 2988 και
3522 2935 3874 3010 φιλοχριστό-

505 3032 712 3072 curam
736 3016 1112 3088 impendunt.

2267 3037 2437 3085 τατος,
2487 3019 2603 3075 ἰδοὺ
2635 3044 2725 3076 και
2761 3027 2791 3082 ἡ
2841 3029 2928 3078 τὸν
2980 3026 3094 3078 ἴσον
3144 3029 3334 3100 τρόπον
3410 3025 3869 3098 φιλοχριστοτάτη

505 3126 594 3158 και
635 3106 1046 3177 συμπαθεστάτη
1068 3100 1317 3157 δέσποινα
1336 3125 1425 3157 και
1448 3103 1661 3178 βασιλίς
1691 3107 1855 3178 ὴμῶν,
1911 3105 2022 3158 ἀντι
2047 3109 2243 3179 πατρὸς
2264 3110 2329 3159 τὰ
2358 3112 2526 3161 πάντα
2556 3131 2645 3164 και
2668 3118 2888 3188 μητρὸς,
2915 3134 3004 3166 και
3022 3119 3254 3187 γίνονταί
3280 3132 3364 3166 σοι
3386 3132 3476 3165 και
3525 3115 3594 3173 ὡς
3632 3119 3874 3184 γνησίως

502 3208 754 3263 τεκόντες.
796 3204 945 3252 Οὐτω
973 3197 1039 3259 δὴ
1069 3220 1158 3252 και
1187 3207 1353 3253 πάσον
1385 3199 1638 3273 φροντίδα
1674 3211 1773 3254 τῶν
1805 3206 1937 3255 κατὰ
1970 3208 2026 3256 σε
2044 3210 2333 3259 ποιοῦνται.

576 3293 697 3358 Ego
728 3306 889 3356 vero,
922 3296 978 3344 et
1002 3305 1135 3362 quae
1163 3294 1216 3344 te
1248 3291 1454 3359 genuit
1501 3300 1710 3358 mater,
1737 3297 1794 3348 et
1821 3293 2025 3347 fratres
2054 3292 2157 3357 tui,

2343 3300 2459 3365 Εγώ
2491 3293 2570 3361 δε,
2614 3318 2704 3350 και
2758 3302 2786 3357 ἱ)
2837 3304 3138 3371 γεννήσασα
3201 3319 3259 3353 σε
3310 3306 3501 3373 μήτηρ,
3557 3318 3652 3350 και
3717 3294 3874 3351 ἀδελ-

504 3377 652 3433 illud
679 3383 734 3433 et
762 3377 1041 3432 volumus
1070 3383 1128 3433 et
1147 3394 1383 3451 semper
1412 3395 1557 3449 erga
1584 3386 1639 3435 te
1670 3382 1893 3436 erimus
1915 3380 2080 3452 quod
2104 3402 2110 3432 ι

2273 3390 2357 3454 φοί
2381 3386 2481 3451 (2),
2505 3391 2664 3440 έκεῖνο
2690 3408 2779 3440 και
2808 3387 3105 3462 βουλόμεθα
3149 3409 3239 3441 και
3294 3386 3389 3441 διὰ
3441 3392 3636 3449 παντὸς

506 3468 639 3539 ipsa
662 3467 822 3521 voles
845 3473 899 3521 et
921 3466 1141 3537 cupies,
1170 3476 1272 3522 aut
1293 3467 1459 3539 quod
1494 3475 1572 3531 tu,
1599 3474 1890 3540 tanquam
1914 3471 2112 3526 domin

2273 3480 2420 3553 ξομεν
2468 3488 2596 3558 πρὸς
2672 3489 2729 3539 σε
2773 3488 2894 3539 ὅσον
2951 3486 3011 3538 ἂν
3070 3492 3158 3539 καὶ
3214 3487 3342 3544 αὐτὴ
3406 3484 3727 3558 βουληθείης
3787 3489 3875 3535 καὶ

502 3556 770 3625 jusseris,
802 3562 855 3609 et
889 3560 940 3609 te
962 3556 1428 3613 circumdantes.
1454 3564 1515 3611 ut
1572 3558 1822 3627 quidam
1875 3560 2048 3625 servi,
2078 3562 2108 3614 i1

2273 3568 2594 3643 ἀγαπήσαις,
2640 3576 2669 3631 ὴ
2701 3579 2812 3640 καὶ,
2855 3578 2921 3635 ὡς
2963 3581 3139 3649 κυρία,
3194 3575 3544 3650 προστάξαις,
3607 3579 3703 3625 καὶ
3789 3578 3876 3623 xz}-

507 3643 791 3699 omnibus
840 3643 942 3697 tibi
1018 3644 1371 3700 omnimodo
1424 3647 1641 3701 servire
1693 3647 2113 3703 festinabimus

2270 3658 2373 3729 κλῳ
2404 3667 2520 3731 περὶ
2581 3666 2637 3714 σε
2697 3643 3038 3737 στρεφόμενοι.
3085 3669 3183 3733 αεὶ,
3233 3643 3303 3724 οὓς
3344 3660 3520 3715 δοῦλοι
3581 3658 3653 3719 δὴ
3725 3681 3876 3723 τινες,

507 3731 774 3803 nihilque
792 3746 989 3785 eorum
1012 3732 1289 3803 quaeipsa
1313 3733 1587 3801 volueris,
1607 3751 1727 3790 non
1754 3735 2113 3801 ﬁet,dummc

2273 3751 2439 3801 πάντα
2463 3756 2554 3802 καὶ
2619 3750 2990 3824 σπουδάσομεν
3063 3752 3118 3804 ἔκ
3174 3756 3370 3814 παντὸς
3424 3755 3621 3826 τρόπου
3680 3752 3879 3823 προθύ-

506 3821 586 3876 (10
611 3835 721 3875 nos
746 3818 976 3874 efﬁcere
1014 3820 1401 3891 potuerimus.
1432 3823 1700 3878 Concede
1728 3830 1955 3880 tantum
1985 3826 2107 3881 nob

2270 3858 2381 3909 μως
2445 3841 2761 3912 θεραπεῦσαι
2824 3863 2836 3875 ·
2888 3847 2979 3893 καὶ
3032 3838 3181 3894 οὐδὲν
3233 3837 3482 3913 οὐδαμῶς
3534 3842 3689 3892 ἔσται
3774 3849 3876 3891 τῶν

507 3915 574 3964 ut
600 3908 767 3964 omni
799 3908 1028 3963 tristitia
1056 3923 1127 3963 ac
1170 3908 1531 3966 demissione
1570 3918 1872 3983 expertem
1931 3913 2113 3969 vultui

2271 3936 2373 3979 σῶν
2430 3927 2725 4001 θελημάτων
2782 3929 3069 3999 ἀτέλεστον,
3127 3931 3271 4003 ἧμῶν
3354 3929 3615 4002 ἐκπηροῦν
3713 3926 3877 3982 δυνα-

508 4002 675 4052 tuum
696 3999 1055 4067 intueamur,
1091 4002 1255 4052 tuam
1288 3998 1729 4056 festivissimam
1760 4001 2039 4070 formam,
2069 4020 2114 4059 ει

2267 4020 2452 4086 μένων.
2489 4022 2653 4070 Μόνον
2682 4015 2838 4071 δίδου
2907 4022 3031 4091 ἡμῖν
3101 4019 3248 4080 ἐκτὸς
3319 4022 3501 4080 πάσης
3547 4020 3870 4091 σκυθρωπό-

504 4086 849 4140 rcnissimos
896 4090 952 4139 et
981 4086 1393 4141 ornatissimos
1422 4093 1557 4142 tuos
1592 4104 1808 4151 mores.
1858 4094 1994 4146 tuos
2032 4091 2110 4146 du

2265 4123 2416 4164 τητος
2463 4111 2551 4157 καὶ
2608 4111 2889 4180 κατηφείας
2936 4112 2994 4160 τό
3039 4111 3129 4160 σὸν
3156 4107 3331 4183 ἐνορᾷν
3378 4112 3684 4181 πρόσωπον,
3775 4110 3866 4162 τήν

507 4175 781 4231 cissimos
807 4179 863 4229 et
891 4190 1095 4229 amore
1119 4176 1218 4229 Dei
1248 4175 1458 4247 plenos
1488 4177 1694 4234 oculos
1722 4197 1734 4238 ;
1766 4178 1860 4235 fac
1884 4182 2113 4237 utvidez

2404 4163 2411 4164 ,
2730 4163 2763 4180 .,
2875 4163 2888 4169 ,
3236 4163 3294 4183 ,ο
3419 4163 3427 4181 ι
3668 4163 3682 4175 ,

2269 4196 2365 4248 σὴν
2427 4196 2749 4265 ὡραιοτάτην
2804 4200 3025 4270 μορφὴν,
3075 4200 3133 4247 τό
3181 4196 3527 4267 γαληνότατον
3596 4213 3693 4245 και
3780 4213 3863 4246 κο-

506 4279 643 4318 mus
705 4262 1071 4317 subridentia
1121 4268 1222 4319 tua
1274 4264 1437 4320 labia
1479 4283 1492 4332 ;
1558 4272 1613 4322 et
1664 4268 1827 4338 quod
1890 4288 2112 4343 supere:

2268 4262 2557 4352 σμιώτάτον
2600 4280 2739 4351 ἦθος,
2778 4262 3303 4355 τούς-γλυκυτάτους
3356 4289 3445 4335 καὶ
3503 4282 3665 4354 φόϐου
3732 4290 3866 4336 Θεοῦ

507 4354 743 4419 tempus
770 4364 948 4403 omne
978 4351 1153 4405 nobis
1186 4366 1309 4406 non
1335 4368 1611 4408 amarum
1652 4355 1777 4410 erit.
1815 4359 1933 4413 Hoc
1973 4360 2113 4416 mod

2264 4351 2515 4443 γέμοντας
2544 4372 2837 4444 ὀφθαλμούς
2866 4394 2879 4405 ·
2934 4351 3028 4435 δὸς
3077 4378 3166 4425 καὶ
3222 4351 3610 4446 ὑπομειδιῶντα
3665 4375 3738 4424 τὰ
3799 4374 3864 4424 σὰ

504 4437 681 4493 nobis
702 4452 945 4491 omnem
964 4443 1127 4493 tuam
1150 4454 1292 4508 erga
1306 4455 1416 4494 nos
1437 4442 2110 4514 caritatemldilectionen

2264 4460 2416 4530 χείλη
2447 4459 2719 4514 κατιδεῖν·
2777 4468 2865 4514 καὶ
2925 4470 3018 4515 τοῦ
3069 4462 3251 4514 λοιποῦ
3306 4464 3331 4513 ό
3389 4467 3491 4523 πᾶς
3533 4462 3661 4533 ἡμῖν
3716 4465 3864 4514 ἔσται

505 4542 623 4599 que
654 4525 903 4581 ostende
932 4543 946 4593 ;
978 4526 1090 4582 hoc
1120 4528 1302 4583 modo
1334 4537 1611 4600 parentes
1644 4537 1779 4588 tuos
1805 4534 1984 4591 solari
2013 4538 2111 4594 veli

2262 4554 2455 4622 χρόνος
2495 4547 2646 4602 οὐδὲν
2690 4547 2961 4626 ὀδυνηρὸς.
3013 4553 3096 4603 Ἐν
3152 4554 3315 4621 τούτῳ
3379 4559 3450 4623 τῷ
3502 4554 3683 4621 τρόπῳ
3773 4557 3862 4608 τὴν

502 4630 756 4688 reapse;
788 4615 901 4669 hoc
928 4614 1108 4670 modo
1137 4623 1352 4672 nostrae
1408 4620 1666 4691 propriae
1718 4622 1843 4677 vitae
1882 4626 2108 4683 auxilia

2264 4637 2385 4696 ὅλην
2420 4643 2538 4714 περὶ
2569 4641 2708 4712 ἡμᾶς
2741 4614 2907 4701 δεῖξον
2939 4638 3144 4711 ἀγάπην
3184 4644 3282 4697 σὴν
3315 4643 3404 4691 καὶ
3450 4644 3682 4710 στοργήν
3749 4661 3763 4673 ο
3818 4639 3861 4691 ἓν

504 4722 693 4761 cures.
726 4704 899 4760 Vides
940 4704 1098 4759 enim
1130 4710 1196 4760 ut
1226 4722 1348 4778 prae
1379 4707 1585 4764 dolore
1616 4710 1978 4769 dissolvatur
2024 4716 2110 4786 jar

2263 4731 2429 4800 τούτῳ
2477 4732 2593 4789 τοὺς
2633 4747 2691 4781 σε
2741 4734 2982 4791 τεκόντας
3035 4729 3526 4804 παραμυθήσασθαι
3582 4748 3676 4779 και
3730 4727 3858 4801 βου-

506 4812 576 4852 ac
604 4795 847 4861 deﬂuat,
878 4799 933 4851 et
960 4794 1037 4850 ad
1071 4795 1370 4851 interitum
1404 4797 1701 4854 decurrat.

2263 4815 2449 4874 ληθητι
2478 4838 2567 4870 και
2615 4816 2810 4890 πρᾶξον
2850 4838 2863 4851 ο
2924 4815 2972 4868 ἐν
3024 4819 3187 4888 τοὺτῳ
3239 4814 3537 4869 σπούδασοι
3593 4821 3685 4868 καὶ
3736 4815 3857 4888 βοη-

508 4888 668 4980 θῆσαι
698 4892 756 4957 τῇ
792 4885 1017 4957 ἡμετέρᾳ
1050 4885 1180 4957 ζωῇ.
1209 4885 1365 4957 Ὀρᾶς
1396 4889 1603 4963 καὶγὰρ
1636 4890 1775 4951 ὅπως
1804 4891 1903 4943 ὑπὸ
1930 4901 2021 4945 τοῦ
2044 4900 2239 4963 πάθους
2274 4903 2505 4959 ἐκλύεται
2574 4885 2682 4965 ἤδη
2730 4910 2817 4957 καὶ
2861 4905 3119 4980 ὑποῤῥέει,
3160 4885 3262 4958 -καὶ
3315 4907 3679 4976 καθυπάγεται
3730 4885 3854 4979 πρός

505 4974 722 5047 φθοράν,

578 5063 691 5115 Lex
719 5066 862 5116 este
888 5063 1052 5117 caelis
1077 5078 1112 5119 a
1149 5065 1265 5120 Deo
1315 5064 1457 5121 data
1500 5081 1570 5122 ac
1621 5066 1799 5123 simul
1855 5069 2145 5143 humana,

2332 5090 2501 5157 Νόμός
2540 5084 2728 5138 ἄνωθεν
2785 5088 2875 5136 καὶ
2925 5080 3198 5157 δεδομένος
3252 5086 3397 5156 παρὰ
3452 5079 3586 5136 Θεοῦ
3638 5089 3728 5135 καὶ
3774 5082 3848 5133 ἆνο

506 5148 681 5203 utﬁlii
700 5150 1378 5226 adimpleantquidquid
1392 5154 1683 5211 voluerint
1701 5165 1999 5229 parentes,
2031 5162 2112 5218 siv

2263 5176 2535 5246 θρώπινος,
2566 5176 2735 5227 πάντα
2764 5178 2852 5225 καὶ
2905 5176 3071 5246 μικρὰ
3124 5177 3214 5225 καὶ
3255 5173 3441 5245 μείζω,
3494 5174 3597 5224 ὅσα
3641 5169 3708 5230 δὴ
3766 5174 3846 5224 καὶ

503 5252 819 5307 magnum,
854 5243 978 5295 sive
999 5256 1275 5312 parvum.
1310 5245 1375 5299 Et
1400 5243 1582 5316 hujus
1624 5244 1771 5316 legis
1810 5248 2108 5308 observati

2261 5243 2537 5336 βούλονται
2565 5267 2799 5337 πατέρες,
2848 5243 3063 5335 ὀφείλειν
3240 5243 3437 5322 παῖδας
3474 5266 3593 5322 τούς
3654 5261 3707 5323 ἐξ
3765 5260 3845 5311 erl-

577 5432 656 5507 (1)
687 5431 883 5489 Malim
912 5430 1017 5504 οἶα,
1049 5434 1443 5494 adverbialier
1470 5454 1581 5511 pro
1608 5443 1679 5503 ὡς
1727 5440 1936 5515 βεϐαία,
1967 5459 2149 5515 quam

2297 5443 2409 5516 _(3)
2457 5446 2631 5499 Deest
2684 5442 2889 5499 forsan
2938 5440 3193 5498 verbum
3252 5441 3518 5514 πράττειν,
3582 5444 3687 5496 aut
3737 5436 3840 5494 tale

499 5505 715 5587 ﬁrm.
1470 5505 1492 5511 '
1582 5582 1626 5587 __
1727 5505 1736 5515 '
1923 5505 1991 5515 "
2257 5505 2442 5573 aliud.

574 5577 652 5649 (2)
673 5578 898 5633 Horum
934 5591 1095 5633 unus
1140 5574 1526 5635 fuitJoannes
1568 5582 1895 5642 Chumnus.
