4066 6212
241 269 378 324 4445
1310 277 1538 333 SERMO
1574 277 2149 338 cossourromns
2177 283 2274 339 AD
2305 283 2559 339 FILIAM.
3453 271 3587 346 im

235 403 356 451 τῶν,
403 398 501 448 Καὶ
558 398 588 452 ἡ
647 403 742 447 τοῦ
792 400 950 468 νόμου
1005 395 1162 450 τοῦδε
1208 405 1429 472 τήρησις
1472 401 1657 461 πολλὰς
1723 405 1822 473 ἔχε

1942 403 2162 461 multas
2199 413 2254 462 et
2278 410 2442 481 apud
2470 412 2656 465 Deum
2684 407 2867 463 habet
2895 410 3408 467 remunerationes
3436 431 3454 483 ;
3482 413 3590 469 sed

234 490 324 536 καὶ
356 485 482 558 παρ’
512 485 652 554 αύτῷ
711 494 824 556 Θεῷ
879 493 1112 558 κειμένας
1176 493 1262 550 τὰς
1317 490 1536 562 ἀμοιϐάς
1569 509 1581 520 ·
1623 492 1682 542 ού
1732 499 1836 565 μην

234 572 364 624 ἀλλὰ
420 577 510 625 καὶ
558 575 822 648 ἄνθρωποι
878 574 1028 628 οόδεν
1108 577 1266 630 τουὸε
1329 587 1652 653 τιμιώτερον,
1712 579 1836 633 οὐδέ

232 682 289 733 γε
372 671 603 734 κρεῖττον
676 664 741 723 εὶς
791 663 978 737 αρετῆς
1033 665 1203 736 λόγον,
1265 669 1563 739 νομίζουσι.
1628 672 1834 726 Ταύτην

231 756 327 808 τὴν
397 751 601 823 ὀφειλὴν
670 749 866 814 ἀπόδος
924 756 1069 824 ημῖν,
1138 757 1168 813 ἡ
1219 761 1312 813 τὴν
1365 763 1538 808 πάσαν
1594 754 1832 814 σπουδὴν

235 844 367 910 πρὸς
420 839 731 912 ἐκπλήρωσιν
813 851 908 892 τῶν
965 851 1057 894 τού
1110 851 1244 895 Θεοῦ
1326 849 1491 916 νόμων
1562 850 1651 896 καὶ
1736 855 1832 897 τῶν

232 929 556 1002 ἐνταλμάτων
665 931 824 982 αὐτοῦ
908 932 1350 1005 καταϐαλλομένη,
1432 939 1522 986 καὶ
1609 937 1678 996 ὡς
1770 933 1830 984 ἂν

232 1018 281 1070 ἐν
341 1025 474 1071 πᾶσι
533 1021 818 1093 θεραπεύης
867 1020 1040 1075 αὐτόν.
1101 1022 1179 1074 Ἐν
1235 1029 1318 1075 σοὶ
1378 1029 1466 1074 καὶ
1523 1024 1688 1095 ζωμεν
1740 1029 1831 1075 καὶ

230 1114 442 1180 πνέομεν
489 1113 579 1160 καὶ
645 1111 720 1162 ἔτι
768 1113 826 1160 τό
884 1119 989 1181 φῶς
1051 1111 1268 1185 ὁρῶμεν,
1349 1117 1439 1163 καὶ
1522 1112 1648 1182 ουχὶ
1731 1115 1827 1164 πάσ-

233 1217 332 1258 σας
420 1197 567 1259 εὐθὺς
680 1200 790 1269 οἶμα
893 1209 965 1269 τῷ
1047 1203 1200 1252 πάθει
1277 1199 1642 1272 ἁποϐαλόμεθα
1741 1205 1829 1261 τὰς

229 1286 524 1352 αἰσθήσεις,
607 1284 721 1340 οὐδ’
801 1287 1072 1360 ἐξέστημεν
1178 1289 1390 1350 ἁπάσης
1478 1297 1674 1360 φρενός.
1769 1290 1828 1342 Εἰ

229 1384 354 1443 γοῦν
386 1395 476 1426 και
527 1378 602 1427 ἔτι
661 1375 837 1448 βούλει
890 1377 1083 1438 ζῶντας
1115 1376 1242 1430 εἶναι
1291 1383 1380 1429 καὶ
1422 1378 1826 1448 αἰσθανομένους

230 1465 383 1534 ἡμᾶς,
452 1466 611 1518 αὐτοῦ
651 1463 718 1523 δὴ
766 1469 951 1518 τούτου
1016 1474 1223 1539 πρώτου
1277 1473 1366 1518 καὶ
1418 1467 1825 1519 ἐπαισθάνεσθαι

1941 508 2142 548 revera
2206 495 2481 554 homines
2519 493 2664 552 nihil
2721 496 3159 564 honorabilius,
3215 499 3364 555 nihil
3387 501 3448 556 in
3477 503 3592 556 vir-

1943 581 2079 634 tutis
2101 597 2352 639 numero
2399 585 2718 656 pretiosius
2767 601 2901 639 esse
2945 585 3215 644 credunt.
3267 595 3384 643 Hoc
3410 589 3586 645 vobis

1939 669 2200 724 debitum
2231 673 2414 730 solve.
2459 690 2594 746 qute
2638 673 2881 728 sollicite
2933 689 3142 729 omnes
3191 677 3290 731 Dei
3320 677 3480 746 leges
3516 696 3586 735 ac

1939 765 2236 830 praecepta
2259 761 2576 832 adimples,
2608 768 2673 816 ut
2692 762 2752 816 in
2782 761 3064 816 omnibus
3087 763 3137 817 ei
3161 765 3402 820 servias.
3439 769 3501 822 In
3533 775 3585 823 te

1937 845 2096 900 enim
2119 853 2175 902 et
2197 849 2475 915 vivimus,
2495 855 2551 904 et
2567 850 2956 920 respiramus,
2979 856 3035 905 et
3054 851 3257 907 lumen
3284 853 3582 925 videmus,

1935 939 1994 987 et
2031 935 2300 990 nondum
2335 953 2546 992 omnes
2567 954 2706 993 cum
2758 937 2963 994 dolore
2999 954 3208 994 sensus
3246 942 3584 1013 rejecimus,

1933 1037 2044 1077 nec
2075 1026 2240 1080 omni
2265 1032 2464 1082 mente
2519 1027 2870 1082 defecimus.
2926 1028 2981 1083 Si
3030 1028 3208 1096 igitur
3261 1031 3430 1101 cupis
3470 1047 3584 1088 nos

1933 1110 2133 1165 adhuc
2181 1113 2376 1169 vivere
2428 1130 2499 1169 ac
2575 1130 2788 1170 sensus
2827 1116 3100 1186 experiri,
3133 1121 3236 1172 tuo
3288 1133 3586 1186 generoso

1933 1199 2138 1255 animo
2167 1199 2262 1256 fac
2288 1218 2398 1258 nos
2441 1204 2964 1272 generosissimam
3018 1211 3184 1258 tuam
3232 1206 3582 1276 patientiam

1934 1289 2171 1343 sentire.
2207 1291 2396 1354 Quam
2417 1297 2616 1346 autem
2641 1307 2776 1346 eam
2805 1291 2940 1346 dico
2982 1290 3284 1348 ?Ostende
3314 1295 3582 1350 animam

1933 1381 2102 1433 tuam
2126 1381 2292 1434 omni
2319 1381 2732 1452 desperatione
2780 1397 2850 1436 ac
2889 1382 3288 1437 amaritudine
3330 1384 3582 1440 liberam

1933 1480 2103 1531 esse;
2137 1473 2194 1521 et
2242 1469 2293 1522 si
2336 1484 2472 1522 eam
2495 1469 2670 1524 nobis
2723 1470 2980 1538 gratiam
3035 1470 3327 1542 largiaris,
3385 1478 3439 1528 te
3471 1489 3582 1529 nos

223 1557 355 1623 μετὰ
418 1560 652 1625 γενναίου
726 1556 920 1627 πρᾱξον
981 1566 1073 1608 του
1121 1562 1466 1629 φρονὸματος,
1533 1559 1822 1627 γενναιοτά-

1934 1553 2056 1623 jam
2074 1561 2341 1611 mortuos
2356 1558 2406 1611 vi
2415 1556 2778 1612 viﬁcaturam
2793 1574 2924 1612 esse
2943 1557 3110 1628 scito,
3126 1559 3424 1631 nobisque
3437 1562 3581 1616 nihil

222 1663 315 1703 της
367 1649 457 1696 καὶ
509 1653 605 1705 τῆς
655 1649 930 1719 καρτερίας
994 1667 1006 1678 ·
1064 1652 1199 1706 τίνος
1247 1643 1314 1703 δὴ
1370 1646 1545 1716 iter/ao;
1596 1644 1821 1716 ἀθυμίας

219 1736 400 1794 πάσης
439 1739 530 1785 καὶ
559 1739 772 1808 πικρίας
813 1733 1153 1806 ἀπηλλάχθαι
1191 1740 1284 1792 τὴν
1339 1739 1434 1792 σὴν
1464 1734 1650 1804 ψυχήν
1685 1755 1697 1766 ·
1729 1739 1818 1785 καί

219 1821 265 1872 εἰ
309 1831 462 1873 τουτο
509 1827 634 1893 πρὸς
683 1822 976 1896 εὐεργεσίαν
1029 1821 1172 1893 δῴης
1219 1826 1344 1895 ἡμῖν
1397 1829 1486 1874 καὶ
1537 1826 1816 1894 χαρίσαιο,

220 1909 474 1977 ζωωσεις,
529 1907 582 1962 εὖ
662 1913 793 1980 ἴσθι,
852 1914 1194 1986 νεκρωθέντας
1245 1909 1376 1970 ἤδη.
1435 1917 1524 1963 καὶ
1568 1908 1718 1963 οὐδὲν
1745 1913 1818 1962 ἔτι

215 1997 394 2048 λοιπὸν
417 1997 465 2049 ἐν
504 2007 576 2070 τῷ
611 1997 714 2071 βίῳ
771 2005 938 2071 τούτῳ
975 2005 1159 2074 πικρόν
1211 2003 1336 2072 ημῖν
1392 2006 1479 2052 καὶ
1537 1995 1814 2072 ὃακνηρόν.

217 2091 387 2138 Πόσον
429 2083 488 2140 δὲ
549 2094 636 2139 καὶ
703 2092 846 2160 παρὰ
918 2099 989 2160 τῷ
1049 2098 1162 2160 Θεῴ
1218 2090 1446 2160 νομίζεις
1508 2087 1818 2158 λογισθῆναι

215 2183 370 2227 τοῦτο
403 2193 417 2242 ;
447 2181 608 2229 πόσον
673 2183 763 2228 καὶ
819 2182 959 2250 παρά
1010 2187 1071 2250 τῇ
1122 2179 1462 2251 φιλανθρώπῳ
1516 2173 1672 2228 τουὸε
1718 2194 1816 2246 μη-

215 2271 302 2336 τρί
334 2282 348 2330 ;
377 2267 455 2316 ὅτι
503 2262 594 2317 διὰ
621 2271 818 2339 πατέρα
863 2287 952 2319 και
995 2272 1212 2341 μητέρα,
1281 2267 1659 2339 οἰκτειρησασα
1696 2267 1817 2315 τού-

217 2373 364 2420 τους,
433 2351 826 2416 κινδυνεύοντας
877 2354 933 2406 ἐκ
978 2363 1167 2429 πικρᾶς
1246 2353 1439 2416 ὀδύνης
1518 2353 1878 2426 ἀπορραγῆναι

1930 1642 1992 1696 in
2013 1643 2132 1697 vita
2162 1644 2278 1698 ista
2307 1660 2583 1699 amarum
2641 1661 2710 1699 ac
2733 1648 2896 1700 triste
2943 1647 3228 1700 futurum.
3280 1649 3582 1712 Quantum

1928 1730 1986 1784 id
2057 1747 2092 1786 a
2138 1734 2255 1787 Deo
2303 1738 2646 1804 reputatum
2690 1734 2758 1788 iri
2823 1734 3016 1789 credis
3077 1735 3090 1789 ι
3174 1737 3478 1799 Quantum
3526 1741 3585 1792 et

1931 1819 2501 1876 misericordissima:
2519 1823 2646 1892 ejus
2669 1822 2833 1876 Matri
2854 1823 2865 1876 !
2885 1822 3056 1887 Quod
3088 1829 3332 1894 propter
3349 1831 3582 1895 patrem

1928 1914 1984 1962 et
2004 1914 2495 1975 matrem,eorum
2521 1911 2932 1982 miserata,qui
2960 1911 3020 1964 in
3048 1927 3119 1965 eo
3159 1918 3347 1974 erant,
3368 1919 3429 1967 ut
3457 1928 3580 1984 prae

1926 1996 2132 2052 dolore
2159 2000 2426 2054 animam
2477 1998 2762 2065 efﬂarent,
2827 2000 2954 2054 visa
2999 2000 3180 2054 fueris
3227 2001 3579 2057 calamitatis

1926 2087 2260 2156 patientior,
2318 2103 2565 2159 easque,
2620 2103 2815 2160 neque
2859 2089 2938 2143 ab
2979 2089 3126 2159 ipsis
3169 2088 3381 2144 solatia
3411 2105 3579 2146 acce-

1925 2175 2105 2246 peris,
2131 2177 2281 2230 miro
2315 2177 2609 2232 solamine
2660 2192 2732 2232 ex
2757 2176 2890 2250 ipsa
2924 2186 3113 2233 morte
3139 2178 3386 2249 erueris,
3421 2184 3478 2235 et
3497 2179 3578 2236 ad

1925 2263 2115 2318 vitam
2157 2266 2550 2320 revocaveris.

1955 2369 2054 2402 των
2111 2351 2324 2424 ψυχῶν,
2376 2352 2562 2425 ἐφάνης
2621 2358 2687 2406 σὺ
2747 2358 3074 2429 γενναιοτέρα
3125 2360 3218 2413 τὴν
3270 2359 3614 2429 καρτερίαι,,

218 2449 332 2508 καὶ,
393 2441 505 2494 ἀντὶ
575 2452 666 2496 τοῦ
717 2445 803 2496 ὑπ’
858 2445 1025 2496 αὐτῶν
1095 2444 1515 2517 παρακαλεῖσθαι
1593 2441 1782 2515 μᾶλλον
1837 2443 1914 2500 σε,
1973 2444 2038 2490 σύ
2090 2444 2304 2500 τούτους
2358 2443 2544 2513 ἐφάνης
2602 2445 2916 2514 θαυμασίοις
2972 2449 3184 2515 τρόποις
3244 2447 3578 2517 παραμυθίας

221 2532 277 2593 ἐξ
305 2532 460 2583 αὑτοῦ
485 2534 699 2584 θανάτου
729 2535 994 2608 ῥυσαμένη
1025 2540 1114 2585 καὶ
1143 2529 1295 2594 αὖθις
1321 2532 1656 2588 ἀποκαταστη
1669 2549 1809 2582 σασα
1848 2532 1977 2600 πρὸς
2015 2529 2173 2588 ζωήν.

295 2617 544 2682 Ἐὃόξασέ
584 2641 642 2674 σι
690 2627 836 2688 Θεὸς,
890 2628 1001 2691 καὶ,
1047 2626 1170 2694 πρὸς
1237 2627 1372 2694 μέγα
1423 2628 1509 2673 καὶ
1569 2626 1816 2693 μέγιστον

219 2710 353 2781 ὕψος
430 2710 642 2785 ἐπάρας,
699 2712 926 2782 μεγάλως
1013 2708 1248 2774 ἐδόξασε.
1321 2715 1419 2764 Καὶ
1482 2714 1548 2762 τὰ
1607 2713 1696 2781 μὲν
1745 2705 1811 2766 δὴ

215 2809 399 2872 πρῶτα
438 2796 597 2862 δῆλα,
648 2806 738 2852 καὶ
787 2798 960 2863 οὐδεὶς
1017 2799 1343 2873 ἀμφιϐάλλει,
1399 2799 1505 2852 ἐπεὶ
1561 2807 1650 2850 και
1702 2796 1812 2870 μεθ’

219 2888 643 2962 ἃπιρϐαλλούσης
704 2889 954 2961 ἐξέλαμψε
997 2899 1093 2947 τῆς
1152 2899 1310 2961 τιμῆς
1370 2911 1382 2922 ·
1424 2890 1459 2940 ἁ
1503 2885 1561 2940 δὲ
1611 2896 1697 2938 νῦν
1729 2883 1812 2938 δε-

215 2975 617 3049 δυστυχηκότες
673 2977 862 3040 ἀθλίως
932 2981 1283 3050 κατεφάνημεν
1366 2977 1673 3050 πράξαντες,
1730 2977 1816 3028 οἷα

218 3064 289 3124 δὴ
345 3087 435 3118 και
480 3076 645 3120 ταῦτα
678 3067 690 3122 l
722 3067 966 3140 Ῥωμαῖοι
1048 3070 1226 3127 πάντες
1290 3070 1353 3126 ως
1403 3066 1570 3117 ταύτὰ
1625 3067 1816 3117 παθόνο
1848 3039 1887 3092 C

215 3175 302 3215 τες
333 3159 454 3226 ἡμῖν
485 3154 533 3206 ἐι
573 3156 713 3228 ζόφῳ
778 3153 844 3213 δη
879 3176 981 3208 τινι
1023 3161 1301 3227 κατηφείας
1355 3157 1594 3229 ὁρῶνται,
1654 3153 1816 3204 πολλὰ

213 3264 306 3296 και
353 3251 763 3317 συγκοπτόμενοι
814 3265 904 3296 και
963 3247 1390 3317 σομπενθούντες.
1451 3247 1549 3295 Καὶ
1593 3246 1815 3312 γέμουσι

224 3338 292 3386 τὰ
329 3337 496 3386 πάντα
548 3335 743 3406 θρήνων
805 3333 887 3386 ἐπί
1049 3333 1164 3385 καθ’
1215 3336 1351 3404 ἡμᾶς
1406 3337 1667 3404 συμφορᾷ,
1725 3350 1813 3382 και

217 3421 477 3495 βασιλέων
531 3421 665 3475 οἶκοι
713 3443 802 3475 και
842 3426 957 3474 ὅσοι
1001 3428 1242 3494 μέγιστοι
1316 3422 1424 3492 μετ’
1495 3420 1814 3479 αύτούς,και

217 3511 403 3582 ἀγυιαί
448 3511 662 3578 πόλεων,
720 3532 809 3563 και
871 3508 1040 3571 οὐδείς
1102 3510 1242 3562 ἐστιν
1290 3511 1345 3570 ὃς
1404 3509 1532 3579 οὐχί
1576 3512 1816 3568 κοινωνός

214 3606 419 3672 γίνεται
461 3608 554 3652 τοῦ
623 3603 820 3662 πάθους
870 3603 1038 3671 ἡμῶν,
1106 3603 1330 3671 Γέμουσι
1390 3618 1480 3648 και
1548 3601 1661 3648 ναοὶ
1721 3595 1815 3646 οὐκ

215 3685 430 3750 ἐξοὸίων
458 3694 624 3760 μόνων
653 3709 743 3740 και
791 3693 1069 3759 επιταφίων
1122 3685 1388 3758 ᾀσμάτων,
1427 3683 1557 3735 ἀλλὰ
1614 3704 1694 3735 τοι
1741 3683 1814 3753 (1)

214 3797 308 3828 και
364 3787 461 3829 τῶν
543 3779 740 3850 θερμῶς
797 3777 1138 3836 ὀλολυζόντων
1183 3795 1272 3826 και
1327 3776 1511 3846 γοερὰς
1569 3772 1814 3841 ἀφιέντων

214 3870 406 3939 φωνὰς,
473 3871 561 3918 καί
627 3885 683 3937 γε
756 3867 1049 3939 περιπαθῶς
1117 3867 1236 3925 τούς
1323 3865 1532 3936 θρήνους
1605 3861 1815 3933 μεριζο-

209 3961 394 4027 μένων.

289 4050 462 4104 Πόσην
490 4052 614 4117 γοῦν
661 4047 691 4103 ἡ
751 4046 980 4100 τοσαύτη
1027 4051 1126 4093 τῶν
1183 4045 1346 4102 οὕτως
1401 4061 1489 4092 και
1545 4041 1678 4090 κατά
1729 4056 1814 4088 το-

213 4143 399 4187 σοῦτον
465 4134 854 4204 συναλγούντων
911 4136 1150 4183 κοινωνία
1190 4129 1522 4202 βουλομένοις
1571 4130 1692 4199 ἡμῖν
1749 4128 1816 4177 τὰ

209 4224 387 4276 εἰκότα
459 4223 762 4293 λογίζεσθαι
837 4225 973 4294 φέρει
1019 4225 1111 4278 την
1160 4221 1494 4292 παραμυθίαν
1529 4218 1540 4272 !
1577 4221 1660 4274 Μὴ
1707 4219 1813 4266 τοίο

206 4333 300 4364 νυν
358 4312 484 4386 άπερ
555 4310 820 4383 ὀφείλομεν
881 4313 947 4368 εἰς
1013 4308 1242 4382 ἀφορμὰς
1287 4309 1482 4359 τιθέναι
1545 4325 1636 4356 και
1686 4323 1817 4376 προ·-

213 4404 395 4474 φάσεις
462 4399 768 4470 ἀναψυχῆς,
848 4398 1020 4456 αὐτοῖς
1095 4400 1290 4456 τούτοις
1367 4396 1619 4469 χρώμεθα
1686 4381 1890 4465 πρὸςῙ)

215 4494 536 4558 τούναντίον,
621 4492 701 4541 ότι
762 4484 900 4559 μηδὲ
982 4483 1186 4538 δίκαιον
1248 4494 1345 4536 τῶν
1433 4487 1523 4555 μὲν
1572 4482 1814 4554 λυπηρῶν

216 4581 564 4633 αἰσθάνεσθαι
593 4599 683 4630 και
720 4586 812 4630 τοῦ
857 4576 1047 4635 εἰκότος
1102 4574 1270 4638 πλέον,
1315 4582 1416 4624 τῶν
1474 4568 1534 4624 δέ
1570 4590 1630 4642 γε
1683 4575 1815 4644 πρὸς

214 4669 549 4744 παράκλησιν
606 4671 834 4726 ἡκόντων
909 4664 1230 4723 ἀναισθήτως
1283 4665 1421 4733 ἔχειν
1476 4659 1668 4729 δοκεῖν,
1724 4679 1814 4710 και

215 4757 484 4832 μηδεμίαν
559 4768 658 4811 τῶν
711 4761 952 4809 τοιούτων
1025 4755 1290 4806 ποιεῖσθαι
1363 4748 1618 4824 μηδαμῶς
1696 4749 1813 4802 ἐπι-

215 4853 467 4921 στροφήν.

287 4942 356 4990 Τό
388 4942 478 5010 μὲν
525 4939 688 4999 πάθος
729 4938 897 4988 κοινὸν
931 4939 1014 4987 σοί
1044 4953 1134 4985 και
1179 4936 1308 5005 πρὸς
1354 4931 1506 4991 (illa;
1557 4952 1570 4964 ο
1631 4929 1814 4990 πολλὰς

211 5031 314 5101 γὰρ
385 5027 442 5078 ἂν
489 5047 578 5078 και
624 5031 815 5099 μυρίας
883 5025 1118 5098 εὑρήσεις
1169 5022 1484 5085 ἐξετάζουσα
1540 5023 1588 5072 ἓν
1645 5039 1700 5072 τε
1742 5027 1813 5089 τῷ

211 5121 450 5191 παρόντι,
486 5120 534 5168 ἔν
566 5136 618 5168 τε
652 5125 722 5186 τῲ
787 5114 1095 5187 παρελθόντι
1151 5111 1274 5184 βίῳ,
1314 5115 1652 5186 χρησαμένας
1703 5117 1815 5170 ταῖς

214 5207 394 5266 αύταῖς
453 5212 745 5278 συμφοραῖς
789 5225 801 5237 ·
852 5209 909 5255 τό
957 5200 1015 5256 δὲ
1061 5210 1157 5264 τῆς
1209 5211 1364 5273 τιμῆς
1423 5204 1493 5271 μὴ
1555 5204 1705 5270 μόνον
1754 5197 1814 5248 οὐ

213 5295 328 5346 κατ’
370 5298 511 5361 ἴσον,
542 5293 647 5345 ἀλλ’
679 5290 796 5344 οὐδ’
852 5291 1002 5364 ἐγγύς
1064 5288 1225 5353 δόξης
1268 5299 1362 5351 τῆς
1417 5297 1534 5356 σῆς,
1593 5283 1817 5358 οὐδεμία

290 5527 369 5598 (t)
417 5526 560 5584 Cod.
594 5523 721 5578 ἀλλά
776 5543 828 5578 τι
865 5525 933 5598 Et
979 5520 1107 5598 ᾁλλρί
1145 5541 1198 5574 τι
1243 5516 1507 5598 exhibet“
1529 5514 1813 5598 Cangius,

219 5585 675 5668 qui,'Glossario
705 5595 1026 5652 Graecitatis
1065 5594 1128 5652 in
1170 5607 1314 5650 voce
1356 5585 1608 5657 ’EEdd‘zov,
1656 5586 1818 5644 Nice-

1998 2617 2356 2674 Gloriticavit
2381 2623 2432 2674 te
2461 2621 2633 2684 Deus,
2666 2624 2723 2675 et
2747 2627 2801 2676 te
2828 2621 2908 2675 ad
2939 2621 3268 2676 maximam
3317 2621 3577 2678 altitudi-

1925 2721 2066 2762 nem
2090 2707 2394 2776 erigendo,
2431 2710 2689 2764 maxime
2722 2709 3093 2777 gloriﬁcavit.
3127 2712 3195 2765 Et
3223 2710 3422 2781 prima
3451 2711 3580 2782 qui-

1925 2797 2063 2850 dem
2095 2797 2198 2851 illa
2237 2798 2553 2853 manifesta
2597 2805 2753 2864 sunt,
2803 2805 2858 2853 et
2887 2799 2960 2854 de
2985 2799 3056 2853 iis
3107 2814 3286 2854 nemo
3325 2799 3576 2865 dubitat,

1926 2885 2223 2956 siquidem
2311 2893 2367 2940 et
2423 2886 2643 2942 eximio
2731 2887 3078 2943 eﬂ'ulserint.
3153 2889 3314 2951 Quas
3372 2894 3575 2942 autem

1924 2973 2086 3042 passi
2103 2989 2312 3027 sumus
2335 2974 2585 3028 miseras
2601 2973 2989 3036 calamitates,
3009 2973 3222 3044 quales
3245 2980 3300 3028 et
3317 2974 3442 3028 istae
3457 2974 3579 3030 fue-

1923 3067 2062 3116 runt
2095 3061 2107 3115 1
2133 3063 2382 3116 Romani
2398 3077 2629 3129 omnes,
2655 3067 2944 3132 tanquam
2979 3061 3190 3116 eadem
3204 3077 3274 3116 ac
3287 3077 3400 3117 nos
3413 3063 3579 3134 passi

1924 3149 2060 3213 sint,
2108 3151 2170 3202 in
2226 3149 2474 3203 tristitiae
2515 3149 2772 3203 tenebris
2835 3149 3016 3203 mersi
3061 3149 3355 3216 videntur,
3401 3149 3577 3206 valde

1923 3237 2126 3292 afﬂicti
2165 3243 2223 3292 et
2237 3238 2687 3300 compatientes.
2720 3240 2849 3293 lam
2866 3237 3074 3292 omnia
3099 3237 3382 3309 lacrymis
3399 3238 3578 3310 plena

1926 3333 2067 3381 sunt
2121 3332 2364 3398 propter
2410 3332 2680 3381 nostrum
2714 3326 3142 3390 infortunium;
3171 3333 3226 3381 et
3255 3327 3575 3398 imperato-

1924 3432 2059 3470 rum
2098 3416 2337 3482 domus,
2383 3421 2439 3470 et
2487 3415 2767 3470 maximas
2819 3431 3029 3470 omnes
3083 3420 3219 3486 post
3250 3430 3376 3482 eas,
3406 3422 3463 3471 et
3483 3431 3579 3470 ur-

1925 3505 2094 3559 bium
2126 3504 2231 3558 vias
2255 3522 2273 3574 ;
2309 3509 2364 3558 et
2390 3519 2568 3558 nemo
2604 3509 2691 3559 est
2719 3504 2821 3576 qui
2852 3510 3123 3559 nostrum
3152 3503 3422 3559 dolorem
3453 3519 3577 3560 non

1926 3593 2254 3666 participet.
2305 3596 2588 3648 lnsonant
2617 3598 2674 3646 et
2726 3592 2949 3664 templa
2969 3609 3089 3648 non
3118 3592 3302 3648 modo
3334 3593 3574 3662 tragicis

1927 3683 2201 3738 cantibus
2231 3688 2285 3737 et
2312 3683 2557 3754 hymnis
2606 3681 2958 3737 funebribus
3009 3683 3114 3738 sed
3141 3688 3197 3737 et
3247 3682 3469 3737 civium
3493 3682 3578 3738 la-

1926 3773 2141 3826 mentis
2161 3772 2267 3844 qui
2293 3777 2600 3841 gementes
2649 3787 2826 3826 voces
2877 3772 3170 3840 emittunt,
3202 3779 3577 3828 nostrarum-

1925 3876 2044 3932 que
2076 3860 2488 3932 lacrymarum
2511 3859 2831 3931 participes
2865 3865 3021 3914 sunt.

1997 4039 2300 4103 Quantum
2347 4053 2528 4110 porro
2585 4036 2879 4106 solamen,
2939 4039 3105 4091 tanta
3152 4041 3276 4091 tam
3301 4035 3579 4092 ardenter

1927 4127 2419 4197 compatientium
2477 4126 2842 4196 communio,
2878 4125 2944 4189 si,
2979 4131 3044 4180 ut
3071 4125 3259 4190 decet,
3301 4124 3574 4180 animad-

1925 4220 2149 4269 vertere
2187 4214 2441 4269 velimus
2505 4214 2516 4267 ι
2551 4213 2631 4267 Ne
2653 4213 2832 4281 igitur
2883 4213 2976 4278 iis,
3009 4229 3146 4284 quas
3177 4217 3240 4267 ut
3265 4211 3574 4268 solationis

1925 4317 2140 4357 causas
2170 4309 2226 4357 et
2252 4307 2574 4374 praetextus
2602 4301 2824 4356 habere
2877 4301 3190 4367 debemus,
3222 4301 3283 4356 in
3340 4305 3576 4358 contra-

1924 4391 2081 4446 rium
2105 4397 2344 4447 utamur
2374 4409 2387 4456 ;
2419 4391 2709 4463 quoniam
2759 4406 2879 4446 non
2904 4391 3135 4461 justum
3174 4395 3262 4446 est
3285 4395 3349 4445 ut
3387 4391 3577 4446 tristia

1923 4481 2169 4552 quidem
2195 4485 2252 4535 et
2281 4479 2602 4552 plusquam
2627 4484 2882 4550 oportet.
2902 4479 3253 4542 sentiamus,
3273 4495 3345 4534 ea
3370 4484 3575 4535 autem

1923 4585 2059 4640 quae
2091 4570 2350 4624 mulcere
2363 4569 2582 4631 valent,
2605 4583 2728 4624 non
2758 4567 3126 4640 accipiamus
3143 4582 3337 4640 neque
3363 4582 3572 4622 eorum

1923 4674 2128 4714 curam
2152 4658 2469 4714 faciamus.

1995 4925 2172 4982 Dolor
2198 4925 2294 4982 ille
2324 4926 2429 4982 tibi
2457 4941 2595 4980 cum
2626 4924 2758 4980 aliis
2807 4921 3144 4978 communis
3173 4925 3261 4976 est
3293 4939 3307 4988 ;
3347 4921 3569 4978 multas

1924 5018 2082 5073 enim
2115 5021 2172 5072 et
2195 5021 2499 5072 sexcentas
2526 5015 2801 5084 reperies,
2831 5012 2878 5066 si
2903 5011 3391 5082 consideraveris,
3417 5027 3569 5084 prae-

1925 5107 2073 5161 senti
2111 5121 2180 5160 ac
2201 5103 2495 5175 praaterito
2517 5108 2802 5171 tempore,
2831 5115 2963 5170 quae
2993 5099 3209 5155 iisdem
3239 5099 3411 5155 malis
3442 5117 3564 5157 usas

1926 5201 2064 5250 sunt
2095 5211 2108 5259 ;
2139 5193 2304 5266 quod
2330 5196 2531 5246 autem
2557 5189 2634 5244 ad
2677 5189 2968 5243 honorem
3000 5194 3247 5261 spectat,
3281 5189 3447 5246 nulla
3475 5195 3566 5246 est

1925 5301 2061 5356 quas
2081 5299 2202 5338 non
2226 5281 2400 5336 modo
2419 5294 2542 5334 non
2570 5293 2801 5350 parem,
2826 5275 2933 5333 sed
2960 5292 3036 5334 ne
3065 5279 3408 5350 proximum
3436 5279 3567 5352 qui-

1967 5512 2098 5568 hori
2154 5508 2361 5575 verba,
2401 5507 2479 5581 ab
2530 5510 2650 5581 ’χέμ2
2711 5512 2802 5560 καὶ
2824 5512 2939 5560 ναοί
2999 5508 3079 5566 ad
3139 5511 3326 5581 φωνὰς,
3354 5505 3566 5564 attulit.

1973 5599 2042 5641 ro
2071 5588 2236 5658 μόνων
2262 5579 2521 5650 Cangius
2552 5578 2738 5637 habet
2771 5583 2948 5652 μόνον.
