4066 6212
583 275 719 337 1447

586 488 716 545 lum
746 484 1158 553 conﬁrmante,
1189 485 1539 555 permaneat
1592 481 1863 556 quandiu
1889 481 1950 538 in
1972 481 2086 541 hac
2114 481 2238 539 vita

586 575 828 635 durabit
856 574 1177 632 hominum
1218 587 1429 643 genus.

657 756 786 811 Haec
811 754 1011 810 autem
1035 749 1243 809 omnia
1283 751 1484 807 utrum
1510 748 1615 807 tibi
1646 748 1889 808 tristitiae
1916 763 1987 806 ac
2014 748 2237 806 doloris

589 858 805 901 causas
826 841 1104 909 afferunt,
1126 855 1205 898 an
1225 840 1447 897 multas
1468 844 1522 896 et
1544 855 1799 910 magnas
1818 838 2145 909 gratiarum
2160 834 2239 895 ad

589 935 777 991 Deum
797 932 1060 991 actiones
1081 932 1332 1004 ejusque
1354 928 1792 987 confessionem
1815 930 1837 984 ?
1861 929 1923 985 [d
1945 928 2238 1001 posterius

589 1023 858 1081 omnino.
884 1025 1112 1089 Nonne,
1139 1025 1205 1077 ut
1251 1020 1440 1086 decet,
1493 1017 1893 1092 rependemus
1940 1018 2074 1092 ipsi,
2117 1032 2240 1076 una

588 1112 809 1185 gratias
863 1114 1130 1183 agentes,
1170 1110 1285 1182 ipsi
1330 1110 1582 1182 inquam
1635 1111 1693 1165 et
1731 1108 2070 1181 purissimae
2108 1107 2238 1178 ejus

589 1201 771 1269 Matri,
788 1201 962 1273 cujus
977 1200 1334 1269 interventu,
1356 1214 1543 1271 supra
1555 1213 1800 1254 omnem
1821 1197 2234 1268 cogitationem

588 1297 881 1357 nostram,
911 1303 1094 1361 supra
1158 1302 1403 1344 omnem
1443 1303 1692 1344 sensum
1739 1292 2033 1353 nostrum,
2096 1284 2239 1342 talia

588 1380 914 1453 providens
947 1381 1101 1434 Deus
1154 1378 1450 1449 sapienter
1500 1376 1699 1446 dirigit
1737 1375 1816 1433 ad
1865 1391 2025 1445 eum,
2054 1389 2238 1447 quem

588 1468 698 1525 scit
726 1468 1100 1542 ipse,ﬁnem,
1155 1466 1348 1522 dolori
1404 1466 1567 1523 omni
1613 1471 1669 1522 et
1700 1464 1942 1521 tristitiae
1974 1465 2238 1537 superio-

586 1573 714 1615 rem
744 1557 771 1612 ?
800 1556 1094 1624 Quoniam
1123 1571 1247 1611 non
1268 1554 1617 1627 corporibus
1671 1553 2053 1611 solummodo
2073 1553 2238 1625 ιγίνί-

588 1662 725 1703 mus
744 1645 1039 1710 homines,
1057 1645 1161 1700 sed
1183 1649 1237 1699 et
1256 1642 1695 1699 immortalibus
1718 1643 1953 1709 animis,
1969 1648 2025 1699 et
2049 1642 2237 1699 multo

1918 260 2299 325 NICEPHORI
2326 261 2590 324 CHUKNI

584 399 731 457 dem
760 398 1036 453 assecuta
1064 392 1139 451 sit
1168 390 1319 459 Quid
1358 389 1605 465 quidem
1641 390 1835 449 honor
1858 390 1985 461 tibi,
2017 392 2136 449 Deo
2162 388 2235 447 il-
2268 391 2315 447 Α

3743 276 3852 333 1448

2343 405 2469 465 άλλη
2518 414 2618 460 τῶν
2665 404 2883 462 ἁπασῶν
2928 404 3253 478 ἀπηνέγκατο
3308 420 3322 440 ⁶
3366 404 3481 481 ὅπερ
3560 403 3619 466 δή
3673 429 3741 464 σοι
3784 424 3853 469 τοῦ

2345 503 2478 551 Θεοῦ
2553 516 2643 550 και
2692 496 3047 571 βεϐαιοῦντος,
3118 498 3423 571 παραμείνοι
3497 500 3642 571 μέχρι
3691 506 3851 569 παντὸς,

2344 590 2532 662 μέχρις
2565 586 2626 639 ἂν
2680 584 2920 647 δηλονότι
2965 605 3056 639 και
3112 590 3254 659 γένος
3309 582 3571 659 ἀνθρώπων
3614 595 3853 663 παραμείνοι

2347 672 2483 747 τῷδε
2506 685 2577 748 τῷ
2609 674 2733 750 βίῳ.

2414 771 2594 819 Ταῦτα
2658 762 2718 819 δε
2775 766 2946 819 πάντα
2975 769 3185 841 πότερον
3239 763 3408 827 λύπης
3467 765 3571 837 ἔχει
3626 782 3699 818 σοι
3722 767 3855 839 uillas

2345 873 2435 907 και
2480 851 2668 916 όδυνης
2728 853 2986 931 ἀφορμὰς,
3060 854 3089 914 ἦ
3143 853 3333 913 πολλὴν
3407 873 3493 907 και
3544 854 3742 927 μεγάλην
3792 864 3854 915 τὴν

2347 942 2549 1017 ὀφειλὴν
2622 943 2972 1020 εὐχαριστίας
3060 943 3270 1006 ἁπάσης
3335 962 3424 996 και
3500 942 3855 1017 ὰιθομολοτήσιως

2346 1035 2472 1107 πρὸς
2498 1036 2626 1087 Θεόν
2655 1049 2668 1100 ;
2701 1034 2731 1093 ἧ
2764 1041 2916 1087 τοῦτο
2946 1034 3165 1094 πάντως.
3214 1035 3316 1087 Καί
3370 1031 3461 1084 οὑκ
3518 1030 3573 1084 ἂν
3623 1034 3725 1085 ὅσον
3767 1035 3854 1097 εἰκός

2348 1120 2688 1196 ἁποτίσαιμεν
2747 1122 3182 1199 εὐχαριστούντες
3238 1120 3401 1192 αὑτῷ,
3450 1120 3555 1194 ἅμα
3607 1118 3653 1175 δ’
3694 1122 3851 1197 rizagr-

2350 1219 2591 1274 στοῦντες
2620 1232 2710 1266 και
2737 1217 2799 1286 τῇ
2853 1215 3231 1288 πανυπεράγνῳ
3257 1214 3439 1265 τούτου
3500 1215 3667 1285 μητρί,
3716 1211 3857 1275 igni;

2347 1305 2635 1375 μεσιτείαις
2696 1302 2823 1375 ὑπερ
2882 1304 3053 1355 πάντα
3116 1308 3235 1354 νοῦν
3293 1302 3459 1373 ἡμῶν,
3513 1301 3630 1372 ὑπερ
3676 1302 3857 1358 αἴσθησιν

2346 1396 2540 1463 πᾶσαν,
2588 1391 2655 1443 τὰ
2708 1398 2926 1444 τοιαῦτα
2973 1393 3104 1452 Θεὸς
3148 1389 3426 1462 οἰκονομῶν
3453 1388 3564 1460 ἄγει
3616 1394 3861 1463 σοφῶςπρὸς

2349 1477 2375 1531 ὃ
2433 1498 2523 1532 και
2571 1479 2761 1552 μᾶλλον
2840 1478 3025 1540 ἐκεῖνος
3073 1475 3185 1531 οἶδε
3276 1478 3442 1547 τελος,
3498 1474 3674 1539 ὀδύνης
3717 1477 3860 1538 ἁπάσης

2348 1586 2437 1620 και
2473 1567 2640 1631 λύπης
2669 1567 2916 1642 ἀνώτερον
2950 1586 2964 1637 ;
2998 1565 3213 1625 Ἐπειδὴ
3264 1569 3365 1640 γὰρ
3419 1566 3476 1619 οὑ
3538 1572 3725 1638 σώμασι
3756 1571 3861 1639 μόνον

2350 1657 2517 1729 ζῶμεν
2560 1660 2845 1733 ἄνθρωποι,
2896 1656 3023 1710 ἀλλὰ
3080 1677 3169 1709 και
3224 1648 3436 1728 ψυχαῖς
3498 1655 3758 1722 ἀθανάτοις,
3808 1676 3864 1707 και

589 1734 784 1805 magis
805 1733 1021 1790 animis
1051 1748 1237 1805 quam
1267 1732 1633 1804 corruptioni
1663 1731 1941 1788 obnoxiis
1978 1746 2194 1803 corpor

2266 1747 2311 1804 B
2349 1747 2517 1818 πολλῷ
2564 1744 2624 1800 δε
2660 1731 2862 1820 μᾶλλον
2899 1746 3103 1820 ψυχαῖς
3133 1748 3163 1807 ἣ
3226 1753 3441 1820 σώμασι
3491 1748 3806 1818 φθειρομένοις,
3835 1744 3863 1796 οἱ

590 1823 727 1889 bus,
749 1822 851 1895 qui
883 1837 1028 1878 sane
1054 1826 1217 1879 recta
1244 1823 1343 1877 Dei
1364 1821 1702 1891 cognitione
1727 1821 1894 1891 digni
1919 1819 2109 1877 habiti
2140 1838 2238 1877 su-

591 1929 728 1969 mus
758 1915 815 1968 et
834 1927 1044 1968 secura
1081 1911 1143 1967 in
1183 1910 1411 1968 Christo
1447 1913 1586 1966 Jesu
1613 1909 1753 1977 ﬁde,
1793 1926 2123 1983 sumusque
2162 1910 2241 1967 ad

595 2017 909 2075 nunquam
934 2000 1177 2057 ﬁnitura
1188 2000 1351 2056 bona
1367 2000 1581 2067 vocati,
1603 2005 1879 2071 recteque
1901 2000 1962 2056 in
1984 2015 2242 2071 praesen-

596 2092 753 2149 tibus
772 2091 898 2147 istis
926 2095 980 2146 et
1010 2089 1182 2146 vanis
1208 2088 1506 2162 ﬂuxisque
1534 2106 1604 2145 ac
1622 2088 2243 2157 transeuntibus,nihil

598 2180 766 2237 solidi
805 2195 876 2236 ac
929 2178 1089 2235 ﬁrmi
1143 2178 1505 2236 habentibus
1557 2178 1906 2251 probamur.
1966 2178 2024 2235 Si
2065 2179 2244 2247 igitur

597 2269 868 2339 generosi
886 2268 1222 2336 videamur,
1237 2268 1506 2324 animose
1528 2267 1945 2339 probationem
1967 2268 2241 2336 ferentes,

599 2357 777 2413 simul
804 2362 860 2413 et
887 2357 949 2412 in
975 2356 1258 2413 omnibus
1286 2356 1509 2427 gratias
1535 2361 1779 2425 agentes
1808 2371 1943 2427 quae
1972 2359 2090 2412 Deo
2121 2355 2246 2428 pla-

599 2452 849 2502 cuerunt
876 2461 947 2501 ac
971 2444 1147 2501 nobis
1162 2449 1620 2500 eveneruntnon
1651 2444 1945 2516 simplicia
1972 2444 2073 2501 illa
2104 2450 2245 2501 tunc

598 2534 1092 2605 recipiemus,pro
1113 2531 1551 2587 calamitatibus
1574 2547 1728 2603 quas
1757 2549 1894 2588 cum
1915 2534 2245 2603 gratiarum

602 2622 831 2680 actione
861 2621 1240 2677 sustinuerim
1250 2637 1334 2685 us,
1354 2620 1461 2676 sed
1492 2626 1548 2676 et
1570 2620 1939 2693 multiplicia,
1953 2624 2246 2695 majorem

600 2711 877 2767 ultimam
917 2709 1397 2766 benedictionem
1453 2709 1785 2766 obtinentes
1840 2727 2024 2783 quam
2085 2712 2248 2784 prior

602 2804 748 2867 erat,
789 2797 1310 2871 quemadmodum
1340 2802 1397 2852 et
1435 2812 1759 2866 generosus
1806 2798 1901 2855 ille
1958 2800 2065 2871 vir,
2100 2806 2157 2857 et
2182 2800 2246 2857 in

601 2888 886 2946 omnibus
917 2886 1320 2959 undequaque
1346 2886 1754 2943 accidentibus
1782 2888 2243 2962 calamitatibus,

602 2983 659 3036 et
687 2980 750 3034 in
774 2976 1058 3034 omnibus
1098 2975 1403 3033 tentatoris
1465 2974 1725 3032 artiﬁciis
1773 2976 2244 3050 imperturbatus

2348 1855 2409 1909 γε
2477 1838 2788 1909 Θεογνωσίας
2841 1839 3022 1909 ὑγιοῦς
3084 1836 3362 1909 ἠξιωμένοι
3414 1854 3503 1887 και
3548 1833 3773 1906 ἀσφαλοῦς
3803 1842 3865 1893 τῆς

2352 1923 2399 1977 ἄν
2449 1933 2664 1999 Χριστῷ
2739 1931 2900 1984 Ιησοῦ
2974 1930 3219 1995 πίστεως,
3295 1928 3427 1999 πρὸς
3490 1922 3644 1976 ἐκεῖνα
3711 1940 3866 1996 μετακε-

2351 2012 2589 2087 λοὺμενοι
2638 2017 2705 2067 τὰ
2751 2011 3017 2088 μηδέποτε
3071 2014 3299 2085 λήγοντα
3357 2012 3549 2085 ἀγαθὰ,
3600 2011 3773 2072 εἰκότως
3810 2029 3866 2061 ιιι

2355 2100 2748 2177 δοκιμαζόμεθα
2779 2102 2827 2156 ἐν
2878 2110 2990 2166 τοῖς
3038 2110 3264 2176 παροῦσι
3330 2104 3531 2163 τούτοις
3572 2120 3652 2153 και
3698 2103 3867 2172 ματαίοις

2352 2212 2442 2245 και
2500 2194 2681 2267 ῥέουσι
2732 2212 2821 2244 και
2889 2196 3324 2268 παρερχομένοις,
3380 2210 3471 2243 και
3527 2186 3678 2263 μηδέν
3716 2186 3865 2260 βέϐαιον

2354 2278 2493 2353 μηδὲ
2534 2282 2788 2353 στάσιμον
2847 2281 3090 2353 ἔχουσιν.
3153 2279 3252 2335 Ἀν
3293 2286 3419 2352 γοῦν
3473 2298 3559 2330 και
3611 2283 3793 2349 γενναῖοι
3823 2272 3865 2331 δὲ

2353 2389 2482 2432 τινες
2562 2379 2794 2444 φανῶμεν
2874 2370 3119 2443 εὐψυχῶς
3166 2374 3399 2445 φέροντες
3458 2372 3550 2427 τὴν
3609 2363 3867 2439 δοκιμασίαν.

2355 2459 2465 2533 οἶμα
2493 2456 2551 2513 δε
2588 2480 2679 2513 και
2708 2458 2791 2512 ἐπὶ
2839 2466 2998 2512 πᾶσιν
3048 2459 3488 2534 εὐχαριστοῦντες
3540 2464 3642 2517 τοῖς
3673 2462 3733 2527 τῷ
3767 2451 3870 2507 δοκι-

2355 2550 2575 2622 μάζοντι
2651 2557 2767 2621 Θεῷ
2827 2546 3164 2622 δεδογμένοις
3228 2568 3321 2600 και
3392 2550 3516 2621 ἡμῖν
3576 2545 3868 2618 ἑπενηγμένοις,

2356 2638 2461 2709 οὑχ
2514 2638 2653 2691 ἁπλᾶ
2736 2642 2888 2710 μόνον
2944 2636 3377 2709 ἀπολαμϐανομεν
3434 2636 3701 2697 κάνταῦθα,
3728 2633 3870 2685 ἀνθ’ὧν

2356 2726 2633 2798 πληγέντες
2714 2726 3047 2801 εὐχαρίστως
3149 2724 3586 2801 ἔκαρτερήσαμεν,
3664 2722 3769 2775 ἀλλὰ
3815 2740 3871 2772 κει

2355 2815 2642 2883 πολλαπλᾶ,
2707 2816 2945 2887 μείζονος
3020 2822 3115 2877 τῆς
3187 2816 3422 2876 ὑστάτης
3490 2814 3873 2885 εὐλογίαςεπιτηι

2354 2907 2597 2978 κάνοντις
2648 2905 2677 2964 ἦ
2715 2913 2805 2965 τῆς
2859 2911 3088 2979 πρώτης,
3138 2906 3207 2966 ὡς
3255 2924 3351 2957 και
3423 2905 3449 2955 ὁ
3499 2910 3709 2975 γενναῖος
3746 2898 3872 2958 ἐκεῖνος

2355 3013 2446 3045 και
2500 2992 2549 3045 ἐν
2601 2995 2800 3055 πάσαις
2872 3001 2987 3055 ταῖς
3068 2996 3473 3065 συμπεσούσαις
3547 2996 3809 3064 συμφοραῖς,
3842 2986 3872 3038 έν

600 3067 826 3124 mansit
852 3065 986 3123 Job.
1044 3088 1072 3116 ››
1118 3068 1328 3121 Euntes
1372 3064 1560 3133 ibant,
1606 3065 1819 3137 inquit,
1886 3071 1944 3123 et
1997 3066 2206 3124 ﬂebant

2278 3103 2318 3161 ρ
2355 3089 2517 3145 πᾶσις
2546 3090 2657 3144 τοῖς
2711 3089 2801 3134 τοῦ
2845 3064 3178 3158 πειράζοντος
3231 3088 3616 3155 μηχανήμασιν
3668 3078 3871 3131 ἀκατάπα-

602 3157 901 3213 mittentes
951 3154 1182 3210 semina
1220 3169 1366 3223 sua;
1394 3176 1414 3203 ι
1450 3158 1541 3210 et:
1577 3175 1605 3203 »
1641 3156 1720 3210 De
1749 3159 2008 3223 mortuo,
2030 3157 2243 3229 inquit,

601 3246 757 3315 luge.
790 3268 817 3294 »
849 3246 917 3299 Et
967 3259 1211 3299 rursum
1246 3260 1259 3298 :
1294 3264 1321 3293 »
1369 3246 1609 3316 Propter
1652 3250 1969 3317 mortuum,
2007 3246 2247 3303 eﬂ‘unde

601 3334 923 3406 lacrymas,
986 3337 1043 3388 et
1105 3330 1235 3387 dira
1285 3331 1540 3403 patiens,
1600 3333 1795 3406 incipe
1832 3333 2244 3392 lamentum.»

602 3427 878 3480 Attamen
889 3421 1021 3477 utin
1035 3419 1323 3492 patientia
1345 3425 1551 3477 nostra
1570 3422 1991 3493 possideamus
2013 3425 2247 3481 animas

602 3520 841 3569 nostras
876 3509 1094 3566 clamat
1114 3508 1377 3564 Christus
1439 3509 1721 3582 Salvator,
1752 3514 1975 3569 clamat
1997 3519 2054 3569 et
2075 3520 2247 3571 testa-

604 3606 698 3657 tur
724 3618 737 3667 ;
760 3616 947 3672 quam
967 3598 1317 3670 patientiam
1339 3613 1450 3667 ego
1480 3598 1725 3656 mistum
1752 3600 2034 3673 lacrymis
2065 3611 2121 3660 et
2146 3604 2246 3660 ﬂe-

602 3690 763 3746 tibus
789 3703 993 3744 semen
1022 3703 1191 3753 voco,
1216 3692 1279 3742 ut
1298 3692 1353 3742 et
1381 3703 1588 3743 eorum
1616 3690 1716 3760 qui
1748 3695 1963 3748 terram
1985 3699 2241 3758 versant,

603 3778 887 3852 patientia
941 3775 1248 3832 laboribus
1290 3775 1489 3831 multis
1541 3779 1955 3852 sudorumque
1985 3781 2247 3838 fontibus

604 3868 905 3925 mistaest.
932 3865 1091 3921 Etibi
1122 3865 1323 3937 plures
1391 3865 1472 3921 illi
1534 3869 1845 3941 manipuli,
1904 3887 2057 3943 quos
2108 3888 2246 3929 cum

601 3956 803 4015 laetitia
828 3976 849 4006 ε
885 3960 941 4011 et
971 3953 1360 4011 exsultatione
1392 3960 1693 4025 portantes
1728 3959 1994 4027 veniunt,
2031 3982 2051 4009 ι
2086 3977 2247 4018 vana

603 4046 847 4120 quidem
918 4044 1166 4100 materia
1239 4043 1588 4101 conculcata
1633 4051 1690 4101 et
1749 4046 1987 4118 abjecta
2054 4067 2067 4118 ;
2129 4050 2246 4106 illic

599 4151 763 4204 vero,
796 4134 835 4190 ii
869 4134 1133 4189 universi
1165 4132 1391 4189 fructus
1417 4149 1447 4188 e
1505 4133 1789 4204 patientia
1838 4138 1969 4205 orti,
2035 4139 2247 4195 sinceri

604 4225 761 4289 sunt,
807 4220 1035 4277 horreis
1092 4220 1432 4276 caelestibus
1482 4222 1729 4293 collecti,
1783 4240 2096 4299 nunquam
2136 4229 2246 4283 im-

601 4310 810 4382 pensi:
845 4314 902 4366 et
929 4311 1020 4366 his
1046 4311 1107 4365 in
1138 4312 1305 4366 terris
1331 4313 1547 4368 multas
1596 4314 1766 4371 atfert
1803 4323 1857 4373 et
1887 4334 2143 4387 magnas
2175 4335 2248 4375 ex

602 4401 722 4455 Deo
743 4400 1070 4469 mercedes,
1099 4400 1202 4470 qui
1233 4400 1303 4454 iis
1326 4401 1431 4472 qui
1486 4418 1694 4460 amara
1723 4405 2028 4477 patiuntur
2062 4430 2089 4457 n
2122 4425 2247 4464 sac-

603 4503 707 4543 cos
741 4487 1028 4559 dirumpit
1061 4504 1285 4560 eosque
1322 4489 1523 4545 laetitia
1542 4494 1894 4562 circumdat,
1936 4502 1992 4553 et
2020 4496 2247 4554 luctum

603 4591 813 4632 eorum
859 4576 922 4631 in
979 4576 1269 4647 gaudium
1328 4584 1633 4636 convertit.
1701 4584 2009 4641 nCredens
2049 4592 2248 4642 autem

604 4665 793 4723 David
820 4687 848 4715 ››
878 4665 940 4722 in
982 4670 1135 4722 terra
1162 4681 1398 4738 semper
1428 4669 1752 4726 viventium
1778 4674 1976 4731 videre
2006 4674 2188 4743 bona,
2220 4697 2249 4726 »

603 4754 748 4811 nihil
775 4754 938 4812 aliud
961 4756 1160 4811 statim
1216 4761 1271 4811 et
1298 4756 1376 4812 ad
1426 4774 1489 4813 se
1522 4774 1844 4817 conversus
1892 4763 2052 4835 dicil,
2092 4765 2248 4822 nisi:

611 4865 633 4895 ι
664 4847 946 4918 Exspecta
995 4844 1641 4911 Dominun,etviriliter
1680 4865 1811 4919 age,
1862 4858 1917 4908 et
1959 4854 2252 4911 conforte-

608 4936 699 4989 tur
724 4949 827 4990 cor
857 4939 1026 4991 tuum
1060 4952 1073 5004 ;
1098 4955 1126 4985 »
1159 4949 1230 4990 eo
1246 4934 2253 5013 quodbeatumilludspectaculum

607 5023 847 5107 nonnisi
876 5039 949 5081 ex
985 5024 1269 5097 patientia
1300 5024 1408 5082 tibi
1466 5033 1744 5087 occurrat
1775 5044 1845 5086 ac
1884 5029 2009 5090 ﬁat.

715 5236 763 5309 ι)
794 5237 1019 5309 Ρεοιω.
1060 5254 1215 5308 cxxv,
1248 5242 1302 5298 6.

707 5308 757 5373 2)
786 5308 1010 5365 Sirach.
1051 5328 1179 5373 χιιι,
1211 5312 1297 5368 Η.

704 5380 756 5453 3)
786 5380 1007 5454 Sirach.
1040 5399 1275 5454 xxxnu,
1320 5386 1403 5450 16,
1445 5398 1584 5442 cum
1618 5386 1919 5447 varietate.

704 5452 759 5538 ξε)
783 5452 1049 5538 Christus
1102 5452 1268 5538 aqud
1328 5455 1692 5538 bucamgxx,
1730 5466 1791 5519 l9
1815 5479 1828 5520 :
1856 5461 1902 5517 ἐν
1925 5472 1986 5538 τῇ
2021 5466 2250 5538 ὑπομονῇ

612 5521 754 5598 ὑμῷν
794 5527 1063 5598 κτήσασθε
1087 5521 1182 5585 τάξ
1206 5524 1389 5598 ψυχὰς
1418 5521 1581 5598 ὑμωί
1675 5521 1689 5530 ’
1959 5521 1979 5538 ’⁷
2121 5521 2132 5538 ⁸
2224 5524 2235 5539 ⁸

682 5594 761 5669 (5)
822 5596 974 5657 Psal.
1011 5613 1163 5667 χιιι,
1218 5594 1357 5670 ’11”;
1440 5594 1693 5676 inpellat;
1746 5607 1832 5659 τόν
1889 5608 2103 5662 κοπετὸν
2158 5628 2253 5684 μον

2360 3192 2481 3235 στος
2529 3174 2711 3245 ἔτυχεν
2768 3170 2904 3226 Ἰὼϐ.
2951 3194 2979 3221 ‹‹
3038 3176 3384 3244 Πορενόμενοι
3450 3174 3526 3243 (1)
3575 3169 3874 3244 ἕπορεὺοντο,κ

2359 3266 2511 3335 φησί,
2554 3283 2583 3313 ι(
2625 3280 2713 3313 και
2770 3260 2993 3329 ἔκλαιον,
3081 3260 3362 3333 βάλλοντες
3434 3263 3501 3314 τὰ
3561 3264 3794 3333 σπέρματα
3820 3253 3876 3305 αὖ·

2356 3358 2458 3404 τῶν
2491 3370 2504 3384 ·
2530 3372 2560 3402 ››
2590 3354 2701 3418 καὶ,
2737 3370 2768 3400 α
2810 3350 2927 3403 Ἐπὶ
2973 3348 3049 3421 (2)
3079 3359 3261 3423 νεκρῶ,
3304 3372 3339 3400 η
3372 3355 3526 3423 φησὶ,
3566 3371 3593 3398 ‹‹
3621 3347 3834 3400 κλαῡσον’
3861 3362 3873 3390 ι

2357 3445 2447 3493 καὶ
2521 3437 2691 3505 αὖθις,
2753 3460 2781 3489 ‹‹
2848 3440 2964 3492 Ἐπὶ
3007 3447 3168 3512 νεκρῷ
3228 3442 3501 3511 κατάγαγε
3574 3434 3770 3510 δάκρυα,
3821 3433 3879 3481 xui

2360 3525 2505 3581 δεινὰ
2532 3530 2758 3599 πάσχων
2790 3527 2995 3601 ἔναρξαι
3055 3529 3244 3603 θρήνου
3300 3529 3425 3601 (3)ο
3477 3550 3505 3579 ››
3559 3527 3615 3580 οὐ
3669 3528 3754 3598 μὴν
3796 3519 3880 3572 ἀλλὰ

2356 3621 2448 3669 καὶ
2521 3616 2571 3669 ἐν
2628 3624 2690 3690 τῇ
2769 3617 2999 3689 ὑπομονῇ
3064 3618 3209 3688 ἡμῶν
3283 3618 3585 3676 κτήσασθαι
3623 3617 3706 3674 τὰς
3748 3610 3876 3681 ψυχὰς

2358 3707 2503 3777 ἡμῶν
2541 3707 2621 3776 (4)
2670 3709 2895 3780 Χριστός
2943 3707 2968 3757 ὁ
3025 3710 3197 3779 Σωτὴρ
3237 3704 3408 3778 ἐμϐοᾷ
3471 3710 3558 3757 καὶ
3604 3700 3877 3774 διαμαρτῷι·

2356 3814 2461 3866 ται,
2504 3795 2533 3853 ἦ
2566 3796 2827 3866 ὑπομονὴν
2884 3792 2983 3865 ἐγὼ
3032 3799 3216 3866 μικτόν
3265 3814 3408 3867 φημι
3467 3798 3663 3866 σπέρμα
3711 3787 3877 3859 δάκρυσι

2357 3888 2446 3936 καὶ
2479 3881 2785 3955 κλαυθμοῖς,
2865 3885 2933 3943 ὡς
2988 3902 3079 3934 και
3142 3901 3209 3935 τα
3244 3891 3350 3935 τῶν
3406 3886 3523 3958 περὶ
3575 3886 3660 3939 τὴν
3697 3884 3778 3950 ’γῆν
3813 3890 3878 3925 πο·

2356 3973 2574 4024 νοὺντων
2609 3973 2774 4045 μικρὰ
2835 3967 3091 4023 δάκνουσι
3141 3976 3318 4032 πόνοις
3362 3976 3453 4024 καὶ
3520 3967 3730 4039 ἱδρώτων
3767 3981 3877 4037 κρον-

2357 4069 2477 4122 νοῖς.
2504 4058 2665 4113 Κάκεῖ
2691 4064 2780 4133 μὲν
2807 4064 2864 4112 τό
2896 4059 3044 4113 πλέον
3110 4069 3209 4113 τῶν
3265 4056 3604 4135 δραγμάτων,
3658 4055 3688 4109 ἀ
3725 4051 3777 4112 δὴ
3818 4054 3875 4101 καὶ

2357 4153 2487 4222 μετὰ
2543 4157 2718 4223 χαρᾶς
2794 4152 3022 4220 αἴροντες
3090 4152 3339 4223 ξοχονται
3418 4154 3507 4201 καὶ
3579 4145 3873 4218 ἀγαλλιάσεως,

2358 4238 2571 4310 ἀχρεῖον
2598 4245 2687 4290 καὶ
2730 4238 2825 4296 ὕλη
2867 4242 3031 4313 πυρός
3080 4240 3448 4297 καταπατηθεν
3497 4242 3583 4289 καὶ
3629 4233 3872 4307 ἀπορριφέν-

2360 4326 2578 4379 ἇνταῡθα
2610 4323 2668 4379 δὲ
2697 4330 2754 4378 τό
2785 4326 2838 4379 ὲκ
2869 4336 2960 4387 τῆς
3002 4328 3265 4398 ὑπομονῆς
3321 4328 3458 4393 ὅλον,
3509 4325 3746 4397 ἀκήρατος
3787 4335 3876 4387 καρ-

2358 4419 2472 4484 πός,
2543 4414 2831 4476 ἀποθήκαις
2891 4416 3150 4488 οὐρανίαις
3227 4417 3662 4491 θησαυριζόμενον
3707 4415 3779 4462 καὶ
3811 4424 3875 4476 με’

2362 4502 2542 4578 δαμῶς
2571 4502 2836 4578 μηδέποτε
2889 4502 3272 4578 δαπανώμενον,
3342 4504 3607 4558 κάνταῦθα
3640 4498 3692 4554 δὲ
3744 4494 3875 4551 πολλὰς

2360 4592 2413 4646 ἐκ
2454 4601 2588 4647 Θεοῦ
2649 4599 2738 4646 καὶ
2802 4593 3026 4666 μεγάλας
3079 4593 3405 4667 ἐφελκόμενον
3428 4597 3512 4654 τὰς
3563 4588 3774 4664 ἀμοιϐὰς,
3817 4586 3874 4633 τοῦ

2360 4688 2449 4735 καὶ
2508 4679 2919 4757 διαρρὴσσοντος
2965 4685 3086 4743 τοὺς
3153 4684 3383 4745 σάκκους
3440 4690 3545 4743 τοῖς
3594 4680 3738 4752 πικρὰ
3782 4672 3874 4725 πάθ’·

2363 4792 2549 4845 χουσι,
2631 4777 2719 4825 καὶ
2792 4772 3223 4847 περιζωννὺοντος
3298 4771 3629 4845 εὐφροσύνην,
3692 4769 3765 4817 καὶ
3819 4760 3872 4810 τόν

2362 4864 2576 4914 κοπετὸν
2633 4865 2933 4936 στρέφοντος
2973 4860 3039 4922 εἰς
3086 4862 3260 4936 χαράν
3318 4865 3421 4932 (5).
3474 4859 3718 4913 Πιστεύων
3752 4848 3872 4905 δεξιαὶ

2365 4947 2532 5005 Δαυὶδ
2575 4949 2623 5002 ἐν
2670 4958 2737 5023 γῇ
2782 4959 2881 5003 τῶν
2929 4949 3008 5003 ἀεὶ
3056 4951 3260 5011 ζώντων
3330 4946 3460 5002 ἰδεῖν
3515 4951 3579 5000 τὰ
3627 4945 3773 5017 ἀγαθὰ
3807 4936 3870 5023 (5};

2365 5036 2515 5094 οὑδεν
2554 5039 2720 5116 ἕτερον
2785 5039 2932 5101 εὐθὺς
2986 5043 3077 5092 καὶ
3126 5041 3255 5116 πρὸς
3311 5041 3369 5093 σε
3414 5041 3651 5114 στραφεὶς
3693 5021 3870 5103 Urbi

2365 5251 2431 5315 εἷς
2476 5255 2651 5331 χαρὰν
2709 5251 2821 5328 ἔμοί
2851 5270 2899 5331 _'
2968 5251 3248 5329 διέρῥηξας
3303 5255 3387 5306 τόν
3439 5249 3624 5304 σάκκον
3672 5264 3772 5320 μον,
3817 5235 3873 5289 καὶ

2362 5326 2681 5402 περέόζτὲσάς
2717 5326 2780 5399 με
2813 5326 3165 5402 εὐφροσύνὴῃ
3194 5400 3202 5402 4
3448 5396 3457 5402 _
3624 5396 3643 5402 _
3696 5383 3739 5402 η
3761 5391 3775 5400 ,
3835 5378 3865 5402 Δ,

2434 5383 2768 5471 (6)Ῥεειὶὡ.
2805 5383 2958 5471 xx'v'l,
3004 5383 3093 5464 l3,
3147 5396 3535 5471 14επιστεύω-
3560 5396 3644 5471 τοᾷ
3693 5383 3795 5439 ἰδεῖν

2363 5464 2542 5545 ἀγαῨὰ
2599 5474 2809 5545 ΚιιρέουΔ
2884 5464 2952 5522 ἐν⁷
2986 5477 3050 5543 γῇ
3140 5464 3779 5545 ζωντωνη-ΔὙπόμίιγον

2365 5529 2601 5618 Κῦρὲονβ
2635 5529 2909 5618 ἀίδρίξου,
2935 5529 3036 5618 atati.
3078 5529 3444 5617 κραταιοὺσθω
3493 5539 3524 5598 ἡ
3574 5529 3747 5608 καρδία
3795 5540 3873 5583 σου,

2362 5616 2450 5670 καὶ
2481 5614 2754 5689 ὑπόμεινον
2781 5617 2867 5669 τὸν
2900 5616 3109 5689 Κύριον.
