4066 6212
19 71 128 89 ἰέ-
144 71 177 89 Σ
181 71 296 90 ΑΓΔ-,Α

133 337 270 393 me
1017 309 1024 322 '
1180 323 1406 388 sarum
1447 315 2021 386 CONSOLATORIUS
2057 329 2152 384 AD
2191 317 2446 385 PILIAM.
3358 315 3496 387 1450

131 463 212 513 ὅτι
238 461 510 530 ὑπόμεινον
540 456 628 508 τὸν
658 456 870 529 Κύριον,
896 458 986 508 καὶ
1013 453 1288 531 ἁνδρίζου,
1319 454 1408 510 κᾶὶ
1440 450 1710 526 ἀνδρίζου,
1742 453 1832 504 καὶ
1862 455 2228 525 κραταιούσθω
2257 454 2287 512 ἡ
2319 449 2518 526 καρδία
2543 471 2660 522 σου,
2725 453 2796 513 ὡς
2843 457 2940 514 τῆς
2997 455 3262 528 μακαρίας
3307 452 3499 518 ἐκείνης

137 552 258 610 θέας
283 543 574 619 οὐδαμόθεν
601 545 838 618 ἑτέρωθεν
869 545 900 604 ῆ
931 545 986 597 ἐκ
1015 553 1106 606 τῆς
1127 547 1386 618 ὑπομονῆς
1414 547 1506 596 καὶ
1545 541 1860 601 ἀπαντώσης
1887 547 1976 594 καὶ
1997 546 2357 616 γεγενημένης.

215 635 515 697 ’Ἐκλαυσας
543 641 669 706 γοῦν
707 637 798 685 καὶ
855 636 920 686 σὺ
980 634 1181 706 μεγάλα
1225 638 1315 686 καὶ
1383 633 1604 706 περιττὰ
1657 632 1748 682 καὶ
1776 631 1821 683 Α

1926 630 2161 688 Flevisti
2189 632 2384 702 igitur,
2419 634 2477 688 et
2513 633 2576 688 tu
2614 628 2835 688 multas
2875 633 2932 688 et
2952 629 3168 689 nimias
3198 633 3500 707 lacrymas

139 728 411 799 ποταμούς
496 720 738 797 δάκρύων
793 728 1123 795 κατήνεγκες,
1201 722 1415 784 πολλοὺς
1483 723 1573 794 μὲν
1659 723 1745 771 καὶ

1897 718 2348 792 tlacrymarum
2387 720 2583 777 fontes
2609 719 2875 788 emisisti,
2931 720 3148 778 multas
3169 723 3414 794 quidem
3447 727 3503 780 et

148 818 255 886 πρὸ
294 821 392 874 τῆς
455 818 740 887 συμφορᾶς,
791 811 1004 874 πολλοὺς
1054 818 1143 866 καὶ
1190 811 1239 864 ἐν
1282 812 1422 882 αὐτῷ
1480 819 1552 882 τῷ
1597 810 1750 862 πάθει

1899 811 1994 864 nte
2023 809 2444 866 calamitatem.
2494 809 2714 866 multas
2736 824 2878 866 vero
2918 813 2974 867 et
3017 809 3077 866 in
3118 811 3251 884 ipso
3297 809 3505 869 dolore

145 909 241 958 καὶ
287 910 350 975 τῇ
413 907 677 975 συμφορᾷ,
728 900 942 963 πολλοὺς
984 907 1074 955 καὶ
1127 903 1258 975 μετὰ
1308 906 1402 960 τὴν
1458 901 1746 974 συμφορὰν,

1897 901 1916 954 ι
1944 897 2301 968 calamitate,
2327 897 2546 954 multas
2570 903 2627 955 et
2656 902 2796 972 post
2846 898 3268 967 calamitatem,
3318 905 3503 958 totum

152 993 278 1053 ὃλην
307 996 401 1050 την
432 987 658 1066 καρδίαν
697 987 924 1044 ἕνδοῦσα
969 998 1030 1064 τῆ
1090 990 1241 1064 φλογὶ
1278 995 1368 1044 καὶ
1397 999 1468 1062 τῷ
1519 991 1752 1042 καύσωνι

1900 1002 2030 1044 ium
2060 1003 2164 1044 cor
2187 987 2450 1044 ﬂamma;
2477 991 2534 1045 et
2584 987 2708 1059 igni
2767 990 2825 1044 et
2875 989 3315 1063 consumptioni
3367 991 3506 1046 inde

148 1087 245 1136 καὶ
273 1088 346 1152 τῷ
377 1079 430 1143 ἐξ
459 1079 620 1132 αὐτοῦ
661 1089 924 1155 μαρασμῷ
958 1101 971 1114 ·
1029 1076 1197 1143 δεῖξον
1259 1080 1437 1133 λοιπόν
1491 1079 1606 1132 κατ’
1639 1081 1753 1131 ἴσον

1901 1080 2002 1133 rtaa
2022 1075 2265 1133 tradens
2294 1095 2307 1146 ;
2331 1077 2578 1134 ostende
2602 1092 2762 1134 nunc
2792 1092 2916 1134 non
2955 1079 3249 1135 minorem
3276 1080 3507 1152 patien-

150 1176 336 1246 μέτρον
420 1174 509 1221 καὶ
584 1173 643 1223 τό
715 1178 806 1230 τῆς
867 1171 1147 1242 ὑπομονῆς,
1205 1173 1294 1222 καὶ
1346 1177 1562 1244 Χριστῷ
1603 1175 1754 1221 τοῦτο

1907 1181 2028 1232 am,
2068 1181 2325 1239 eamque
2354 1166 2581 1223 Christo
2597 1165 2830 1239 jubenti
2862 1183 2931 1224 ac
2961 1168 3230 1240 poscenti
3258 1169 3510 1226 immola

149 1264 545 1336 προστάσσοντι
599 1263 689 1311 καὶ
761 1260 1006 1320 ζητοῦντι
1074 1261 1232 1312 θῦσον
1283 1264 1372 1312 καὶ
1429 1262 1755 1334 καρποφόρη-

1905 1253 2116 1321 toﬂ‘er,
2143 1259 2201 1312 et
2241 1255 2354 1312 hac
2394 1254 2524 1325 lege
2561 1255 2803 1328 posside
2855 1255 3122 1312 animam
3177 1261 3344 1313 tuam
3377 1256 3511 1326 ;fac

155 1370 268 1417 σον,
309 1355 399 1403 καὶ
443 1357 504 1423 τῇ
565 1347 735 1421 ἐντολῇ
787 1350 950 1422 ταύτῃ
1001 1356 1195 1407 κτῆσαι
1250 1353 1344 1408 τὴν
1402 1353 1498 1408 σὴν
1549 1347 1756 1419 ψυχὴν,

1912 1348 2051 1401 tnos
2063 1361 2305 1418 quoque
2323 1345 2558 1402 animas
2570 1350 2804 1402 nostras
2820 1346 3247 1419 possideamus
3266 1364 3278 1414 ;
3296 1363 3431 1420 quae
3451 1347 3513 1403 in

150 1440 462 1497 κτήσασθαι
520 1433 580 1490 δε
630 1441 720 1488 καὶ
778 1438 917 1509 ἡμᾶς
959 1439 1053 1500 τὰς
1109 1439 1254 1509 ἡμῶν
1306 1437 1521 1510 πρᾶξον,
1575 1433 1756 1488 κινδυ-

1907 1449 1940 1490 ο
1968 1437 2108 1490 sunt
2135 1439 2201 1491 ut
2228 1450 2352 1506 prae
2379 1434 2612 1491 tristitia
2631 1433 2990 1506 dejiciantur
3022 1451 3092 1491 ac
3121 1435 3424 1505 deficiant,
3443 1451 3513 1492 eo

152 1531 409 1589 νευούσας
457 1523 564 1586 ἤδη
655 1531 744 1578 καὶ
814 1527 1174 1584 καταποθῆναι
1259 1531 1348 1578 καὶ
1423 1525 1758 1579 ὶκλελοιπέναι

1915 1522 2036 1580 uod
2060 1538 2183 1579 non
2204 1522 2444 1580 aliunde
2466 1523 2835 1594 refrigerium
2865 1527 2922 1580 et
2969 1523 3237 1581 solamen
3286 1525 3519 1597 possint

159 1625 280 1680 ταῖς
312 1616 564 1689 ἀθυμίαις
599 1623 670 1686 τῷ
732 1611 1036 1688 μηδαμόθεν
1085 1614 1292 1668 ἄλλοθεν
1337 1613 1620 1687 ἀναψυχὴν
1676 1618 1765 1666 καὶ

1915 1612 2164 1685 ccipere,
2194 1611 2307 1668 nisi
2339 1616 2420 1675 tu,
2463 1616 2567 1668 tua
2591 1611 2811 1669 eximia
2857 1612 3074 1686 pietate
3101 1617 3158 1669 et
3218 1613 3279 1668 in
3331 1613 3519 1668 Deum

165 1706 502 1782 παράκλησιν
544 1701 806 1757 δύνασθαι
863 1700 1137 1770 δέξασθαι,
1209 1704 1252 1756 εἰ
1306 1708 1376 1776 μῆ
1428 1707 1513 1769 σὺ,
1569 1701 1768 1761 ἐκνικῆ-

1915 1701 2118 1774 .ducia,
2149 1701 2446 1774 simulque
2469 1709 2570 1758 tuo
2617 1717 2912 1774 generoso
2964 1718 3034 1759 ac
3089 1703 3267 1759 firmo
3319 1703 3521 1760 animo

175 1815 322 1850 σασα
347 1802 462 1856 ταῖς
485 1803 580 1854 τῆς
627 1791 891 1870 εὐλαϐείας
954 1792 1258 1866 ὑπερϐολαῖς
1316 1798 1406 1846 καὶ
1455 1797 1582 1868 πρὸς
1641 1796 1770 1848 Θεὸν

1922 1792 2144 1858 incens,
2177 1791 2424 1864 teipsam
2450 1791 2737 1862 majorem
2769 1807 2838 1848 ac
2861 1790 3164 1848 fortiorem
3179 1791 3523 1862 magnoillo

175 1885 571 1950 πεποιθήσεσιν,
625 1881 737 1956 ἅμα
798 1879 856 1935 δὲ
897 1887 987 1935 καὶ
1039 1891 1109 1954 τῷ
1164 1886 1374 1955 γενναίῳ
1411 1887 1502 1935 καὶ
1541 1884 1775 1959 σταθερῷ

1928 1879 2088 1936 olore
2103 1884 2365 1952 praestes,
2380 1895 2450 1936 ac
2461 1877 2821 1947 calamitate,
2835 1896 2970 1953 quae
2988 1896 3101 1936 nos
3121 1885 3275 1936 totos
3309 1881 3529 1952 premit

178 1981 272 2025 τοῦ
305 1977 649 2046 φρονήματος,
698 1975 914 2045 κρείττω
983 1975 1203 2030 σεαυτὴν
1245 1968 1433 2034 δείξεις
1487 1977 1576 2024 καὶ
1623 1973 1775 2045 ὑπερ-

1925 1987 1956 2026 c
1982 1969 2198 2041 dejicit.
2219 1969 2409 2025 Ethoc
2423 1969 2628 2036 modo,
2649 1973 2731 2041 tu,
2750 1986 2887 2043 quae
2899 1970 2958 2026 in
2973 1969 3254 2025 omnibus
3272 1969 3530 2025 admira-

179 2064 284 2114 άνω
371 2065 640 2134 γενομένην
715 2067 806 2113 τοῦ
883 2059 1108 2132 μεγάλου
1178 2057 1333 2114 τοῦδε
1407 2061 1606 2124 πάθους
1689 2065 1779 2113 καὶ

1924 2075 2109 2116 .onem
2124 2074 2344 2128 moves,
2357 2058 2438 2114 sis
2449 2057 2626 2114 nobis
2640 2058 2991 2115 admiranda
3002 2057 3385 2128 consolatrix,
3408 2073 3530 2114 non

177 2160 270 2212 τῆς
301 2149 450 2212 ὅλους
524 2150 659 2223 ἡμᾶς
734 2154 1126 2224 χειρωσκμένης
1201 2153 1286 2202 καὶ
1373 2153 1781 2222 κατενεγκούσης

1931 2147 2088 2205 erbis
2103 2147 2284 2204 modo
2300 2163 2370 2204 ac
2383 2148 2742 2220 argumentis
2753 2191 2766 2216 ,
2781 2147 2884 2203 sed
2899 2152 2954 2203 et
2965 2146 3245 2220 operibus
3257 2146 3400 2220 ipsis
3413 2162 3537 2203 ma-

182 2245 470 2314 συμφορᾶς.
506 2243 607 2292 Καὶ
645 2245 825 2290 τοῦτον
881 2235 949 2295 δὴ
1001 2241 1086 2290 τὸν
1140 2242 1348 2313 τρόπον,
1405 2241 1434 2298 ἡ
1495 2242 1560 2292 τὰ
1613 2241 1785 2292 πάντα

1935 2237 2171 2294 ifestum
2203 2237 2428 2293 faciens
2456 2242 2509 2294 te
2527 2254 2563 2293 a
2587 2240 2703 2294 Deo
2715 2237 3038 2311 perfectam
3062 2237 3536 2294 consolationem

183 2330 460 2402 θαυμασία
499 2330 586 2398 σὺ,
641 2331 731 2379 καὶ
785 2327 1061 2399 θαυμαστὴ
1115 2332 1407 2402 παρήγορος
1457 2328 1582 2400 ἡμῖν
1629 2347 1785 2381 διατα-

1934 2326 2220 2400 ccepisse,
2235 2327 2391 2383 hanc
2405 2342 2692 2397 magnam
2705 2327 3053 2400 patientiam
3067 2331 3123 2382 et
3138 2327 3296 2382 hanc
3323 2327 3540 2383 miram

183 2421 390 2484 σταίης,
415 2419 487 2489 μὴ
507 2415 713 2490 ῥήμασι
751 2419 922 2487 μόνοις
979 2419 1069 2467 καὶ
1115 2414 1307 2487 λόγοις,
1383 2414 1510 2468 ἄλλα
1565 2421 1654 2469 καὶ
1709 2418 1788 2490 ἔρ-

1933 2415 2305 2473 uﬂ‘erentiam
2329 2415 2616 2474 induisse.
2658 2419 2772 2472 Has
2806 2415 2885 2472 ad
2910 2420 2986 2484 te,
3013 2416 3362 2488 imperatrix
3379 2431 3538 2484 mea,

185 2525 301 2579 γοις
361 2505 539 2568 αὐτοῖς
605 2507 816 2578 φανερόν
878 2505 1085 2556 τιθεῖσα
1139 2506 1216 2557 ότι
1273 2509 1360 2558 καὶ
1404 2505 1788 2581 παρεκαλέσατο

1942 2505 2258 2574 reces,haac
2269 2508 2408 2561 vota
2420 2504 2600 2572 mitto;
2615 2505 2745 2561 haec
2758 2504 2960 2577 accipe
2973 2503 3328 2577 libens,quaa
3344 2503 3544 2561 omnia

181 2600 276 2648 καὶ
325 2595 506 2657 τελέως
586 2593 978 2668 παρεκαλέσατό
1062 2613 1122 2646 σε
1193 2598 1342 2663 Θεὸς,
1429 2603 1523 2658 τῆς
1561 2595 1787 2668 μέγάλης

1940 2595 1991 2650 is
2013 2599 2070 2651 et
2106 2609 2394 2668 properas
2429 2593 2781 2666 parentibus
2811 2593 2925 2648 tuis
2955 2597 3126 2663 grata
3156 2592 3368 2649 facere.
3438 2595 3545 2648 Nec

185 2689 378 2747 ταύτης
424 2687 687 2758 ὑπομονῆς
765 2684 1116 2758 ἀμειψάμενος
1177 2689 1268 2738 καὶ
1335 2694 1427 2746 τῆς
1487 2687 1791 2759 θαυμαστῆς

1946 2701 2020 2740 ue
2039 2683 2337 2756 despicias
2357 2699 2517 2740 nunc
2547 2684 2746 2757 (quam
2775 2682 3052 2740 ardenter
3079 2681 3292 2752 vides),
3325 2680 3550 2755 suppli-

190 2779 486 2849 καρτερίας.
552 2776 759 2833 Ταύτην
842 2772 942 2844 ἐγώ
993 2793 1097 2837 σοι,
1173 2771 1470 2846 βασίλισσά
1528 2793 1648 2847 μου,
1702 2779 1794 2832 τὴν

1941 2778 2139 2831 antem
2166 2778 2397 2847 patrem
2419 2778 2611 2844 tuum,
2643 2774 2746 2846 qui
2783 2789 2906 2830 non
2925 2773 3300 2830 alitervivere
3333 2775 3547 2846 potest,

194 2860 400 2932 δέησιν,
470 2865 662 2921 ταύτην
739 2863 992 2938 προσάγω
1058 2867 1153 2921 τὴν
1237 2866 1460 2930 ῖκεσίαν,
1511 2869 1602 2916 καὶ
1648 2859 1796 2926 δέξαι

1944 2880 2094 2936 nam
2126 2862 2174 2918 si
2203 2861 2278 2918 de
2309 2868 2367 2919 te
2389 2861 2633 2918 lmtifera
2654 2863 2863 2918 nuntia
2894 2862 3165 2934 accipiat,
3191 2877 3325 2934 qua:
3347 2875 3550 2917 amare

194 2955 495 3021 πεισθεῖσα,
532 2954 562 3010 ἡ
596 2957 684 3005 καὶ
715 2954 780 3004 τὰ
807 2953 976 3004 πάντα
1013 2955 1103 3004 καὶ
1161 2949 1449 3025 βουλομένη
1495 2958 1584 3005 καὶ
1635 2972 1797 3006 σπου-

1943 2957 2098 3008 )ῐυω
2124 2966 2226 3007 cor
2251 2950 2667 3023 perturbantes
2688 2955 2742 3006 et
2758 2949 3166 3022 discerpantes
3193 2953 3250 3005 et
3279 2948 3549 3004 occiden-

198 3039 445 3104 δάζουσα
512 3049 622 3104 τοῖς
690 3045 747 3094 σε
792 3049 1028 3094 τεκοῦσιν
1080 3043 1204 3114 ἡμῖν
1255 3044 1500 3116 πράττειν
1548 3061 1802 3118 κεχαρισ-

1951 3057 1996 3096 es
2022 3040 2413 3110 cogitationes
2449 3039 2772 3095 mulceant.
2803 3041 2934 3094 ch
2964 3038 3174 3105 facias,
3203 3041 3259 3093 et
3281 3037 3480 3093 adhuc
3506 3033 3557 3091 si

199 3136 347 3205 μένα.
391 3136 493 3185 Καὶ
539 3135 609 3204 μὴ
666 3126 902 3204 παρίδης
947 3127 1078 3203 μηδ’
1133 3129 1182 3182 ἕν
1243 3139 1352 3193 τοῖς
1404 3139 1636 3205 παροῦσι
1687 3133 1800 3208 θερ-

1952 3128 2134 3196 aleas,
2165 3127 2255 3183 his
2285 3127 2478 3199 plura,
2495 3127 2839 3183 innostrum
2867 3125 3138 3182 solamen
3168 3145 3183 3194 ;
3208 3125 3381 3181 ettibi
3405 3127 3557 3181 Deus

200 3229 332 3295 μῶς,
416 3221 536 3293 ὁρᾷς
627 3216 677 3272 δ’
736 3221 947 3284 ὁπόσον,
1006 3221 1403 3273 καθικετεύοντα
1453 3223 1540 3272 τὸν
1579 3225 1798 3296 πατέρα,

1953 3217 2110 3274 1hoc
2137 3216 2369 3273 mundo
2413 3232 2622 3272 curam
2679 3220 2738 3272 et
2783 3231 3027 3271 omnem
3080 3213 3559 3270 misericordiam

196 3285 289 3362 καὶ
329 3305 589 3382 μηδαμῶς
637 3307 809 3382 ἑτέρως
865 3309 1061 3367 ἣκιστα
1109 3303 1390 3380 δυνάμενον
1444 3308 1617 3381 ζῆν,ἢ
1649 3285 1800 3361 εὐθυ-

1955 3305 2217 3362 raastabit
2246 3305 2502 3378 :quippe
2532 3305 2637 3377 qui
2659 3303 3205 3361 misericordiarum
3252 3307 3422 3376 pater
3465 3302 3559 3360 sit.

194 3403 421 3472 μοτέρας
449 3397 697 3470 ἀγγελίας
737 3393 1018 3470 δεχόμενον
1069 3401 1186 3472 περὶ
1241 3404 1356 3466 σοῦ,
1424 3402 1513 3450 καὶ
1560 3406 1660 3450 τῶν
1713 3405 1800 3450 νῦν

1962 3413 1992 3452 c
2022 3394 2237 3451 deinde
2257 3394 2318 3450 in
2346 3394 2511 3450 coelis
2542 3394 2647 3450 tibi
2669 3393 3108 3450 indesinentem
3145 3392 3308 3448 illam
3336 3396 3392 3448 et
3418 3391 3562 3448 inef-

194 3494 397 3562 πικρώς
423 3487 780 3562 θορυϐούντων
807 3491 897 3538 καὶ
953 3490 1047 3545 τὴν
1096 3485 1218 3544 ὃλην
1274 3483 1500 3560 καρδίαν
1560 3507 1800 3564 σπαρατ-

1961 3484 2157 3541 Lhilem
2187 3484 2445 3540 laetitiam
2475 3483 2781 3556 largietur,
2820 3483 3247 3540 interveniente
3307 3485 3363 3538 et
3391 3481 3567 3537 inter-

193 3581 388 3630 τόντων
435 3582 524 3630 καὶ
580 3578 893 3650 νεκρούντων
957 3575 1313 3647 κουφιζούσας
1370 3575 1658 3648 λογισπῶν.
1700 3583 1799 3630 Ναὶ

1962 3575 2162 3631 adente
2191 3575 2515 3648 purissima
2535 3579 2592 3632 et
2644 3575 3023 3632 sanctissima
3072 3579 3129 3631 et
3177 3571 3568 3630 immaculata

192 3672 379 3735 ταῦτα,
410 3670 499 3718 καὶ
521 3669 614 3718 εἴτι
644 3665 792 3718 πλέον
824 3662 978 3737 δύνῃ,
1027 3664 1222 3736 πρᾶξον
1250 3665 1321 3728 εἰς
1380 3663 1507 3738 ἐμὴν
1554 3686 1801 3742 παραμυο
1915 3681 2024 3720 sua
2064 3666 2264 3721 Matre.

199 3757 336 3820 θίαν,
377 3760 467 3807 καὶ
533 3758 660 3817 Θεὸς
709 3757 856 3807 ἔσται
896 3772 979 3806 σοι
1034 3752 1300 3806 κάνταῦθα
1358 3752 1599 3828 κηδεμὼν
1647 3760 1737 3808 καὶ
1785 3757 2019 3830 χορηγός
2050 3751 2217 3814 ἐλέους
2245 3757 2452 3820 παντὸς,
2482 3755 2508 3807 ὁ
2538 3759 2627 3807 καὶ
2656 3762 2755 3807 τῶν
2783 3752 3020 3828 ἀρρήτων
3046 3755 3216 3825 πατὴρ
3253 3750 3561 3825 οἰκτιρμῶν,

208 3843 286 3896 Οῦ
316 3847 418 3915 μὴν
450 3841 695 3896 ἀλλὰκαὶ
724 3842 772 3894 ἐν
803 3849 912 3904 τοῖς
950 3841 1204 3915 οὐρανίοις
1261 3844 1411 3895 ἔσται
1478 3863 1562 3896 σοι
1615 3846 1946 3920 πρυτανεύων
2002 3847 2092 3894 καὶ
2131 3847 2475 3917 χαριζόμενος
2525 3848 2614 3902 τὴν
2684 3843 3033 3917 ἁνίκφραστον
3091 3841 3283 3898 ἐκείνην
3333 3845 3422 3892 καὶ
3469 3857 3574 3912 μη-

210 3929 397 3985 δέποτε
461 3929 627 4006 μηδὲν
695 3936 851 4006 πέρας
929 3933 1159 4003 ἔχουσαν
1230 3931 1567 4005 εὐφροσύνην,
1639 3933 2029 4008 πρεσϐευούσης
2092 3938 2181 3987 καὶ
2253 3936 2634 4008 μεσιτευούσης
2709 3937 2841 4008 πρός
2919 3939 3071 3986 τοῦτο
3131 3939 3223 3993 τῆς
3269 3930 3577 4002 παναχράν·

211 4040 306 4075 του
328 4026 418 4075 καὶ
446 4027 767 4098 πωαμὼμου
797 4025 887 4076 καὶ
913 4022 1309 4096 πανυπεράγνόυ
1331 4025 1544 4096 Μητρὸς
1564 4021 1744 4080 αὐτοῦ.

723 5665 976 5724 Ρλτιοι..
1016 5665 1118 5723 Gn.
1156 5661 1310 5722 CXL.

3193 5664 3262 5718 46

4003 50 4007 152 1Ι

4003 179 4009 238 ]

4011 356 4013 402 l

4017 604 4019 638 |

4003 50 4007 152 1Ι

4003 179 4009 238 ]

4011 356 4013 402 l

4017 604 4019 638 |

4021 768 4023 798 |

4029 1098 4031 1136 |

4029 1303 4037 1398 Α

4037 1428 4039 1476 !

4045 1783 4047 1816 |
