4066 6212
215 278 336 332 1453

1190 271 1281 326 DE
1307 271 1666 330 MIRACULO
1689 271 1762 326 ΙΝ
1787 271 1972 330 CANA
2005 275 2256 336 FACTO.

3410 288 3549 344 1454

275 393 496 454 Maliaci"
553 392 702 448 οὐδὲν
753 402 854 445 τῶν
909 396 1174 455 τοιούτων,
1241 392 1356 448 οὐδ’
1412 395 1684 468 ἀνθρώπου
1739 394 1785 466 γ’

1974 399 2124 456 Nihil
2153 419 2297 460 vero
2339 406 2452 464 tale
2505 423 2664 463 curm
2691 410 2780 463 est
2805 407 2948 476 Deo,
3002 407 3267 466 hominis
3313 425 3499 468 causa
3531 427 3548 476 ;

212 484 382 552 εἳνεκα,
413 493 485 556 τῷ
516 491 630 554 Θεῷ
663 505 674 517 ·
708 491 808 534 τῶν
841 478 889 534 δ’
941 483 1233 554 ἀναγκαίων
1282 491 1390 546 τοίς
1444 487 1575 547 ζῶσι
1628 484 1788 556 μέλει,

219 574 394 653 ἄρτου,
423 578 580 647 φημὶ,
610 577 700 625 καὶ
730 568 926 632 ὕδατος
951 593 964 604 '
995 577 1084 624 καὶ
1140 569 1233 625 διὰ
1283 581 1432 625 τοῦτο
1478 577 1569 624 καὶ
1598 577 1654 624 τὸ
1702 575 1792 644 μὲν

211 666 324 736 ἡμῖν
351 662 536 716 ἃπανον
575 660 686 734 ἃμα
730 665 819 712 καὶ
877 660 1092 732 ἆφθονον
1151 681 1165 694 ·
1217 659 1371 732 ἆρτον
1420 656 1470 712 δ’
1507 658 1695 711 ἐσθίειν
1746 657 1792 708 ἐν

214 749 406 826 ἱδρῶτι,
472 750 665 803 ἐκείνου
732 754 1049 824 πρόσταγμα
1098 750 1196 820 (1),
1273 746 1366 801 διὰ
1443 753 1529 800 τὸν
1596 751 1794 820 καρπόν

214 844 418 906 πάντως,
453 835 510 892 οὗ
551 849 639 891 τοῦ
662 838 818 891 καλοῦ
877 842 972 910 (2),
1022 847 1118 899 τῆς
1168 841 1308 911 ὧρας
1360 843 1449 890 καὶ
1499 846 1590 898 τῆς
1648 835 1794 910 βρώ-

216 950 332 992 σεως
384 931 680 988 ἡττηθέντες
753 935 842 980 καὶ
923 936 1020 979 τῶν
1097 927 1460 999 ἐντεταλμένων
1525 926 1794 998 ὠλιγωρη-

212 1025 358 1084 κότες,
387 1022 727 1090 μετέσχομεν.

280 1108 348 1160 Οὐ
398 1112 501 1179 μὴν
559 1106 688 1158 ἀλλὰ
734 1114 912 1158 τοῦτον
962 1102 1027 1162 δή
1083 1107 1168 1156 τόν
1213 1109 1399 1177 τρόπον
1456 1107 1640 1155 τούτου
1705 1107 1794 1154 καὶ

213 1194 478 1256 δοκοῦντος
529 1195 683 1247 πλείω
737 1200 826 1246 καὶ
877 1193 1066 1266 ἀμείνω
1140 1193 1290 1264 λόγον
1375 1196 1538 1264 ἔχειν,

211 1289 338 1358 ἔχειν
362 1290 452 1338 καὶ
471 1281 758 1356 παίδευμα,
819 1285 1154 1355 σωφροσύνης
1203 1283 1369 1334 εἰνεκα
1431 1285 1520 1332 καὶ
1576 1288 1668 1332 τοῦ
1719 1283 1790 1351 μὴ

211 1375 430 1448 ἀσέμνως
483 1379 572 1426 καὶ
629 1373 842 1435 ἀσώτως
902 1371 1073 1440 βιοῦν,
1132 1379 1224 1424 τοῦ
1275 1390 1332 1442 γε
1386 1367 1628 1428 δηλονότι
1707 1373 1792 1421 τὸν

210 1464 332 1517 οἶνον
361 1461 505 1538 ὓδωρ
536 1464 846 1534 ’γεγενῆσθαι
885 1463 914 1520 ἡ
961 1466 1018 1513 τό
1071 1457 1214 1535 ὕδωρ
1270 1460 1340 1518 εἰς
1385 1455 1517 1510 οἶνον
1571 1456 1796 1531 μεταϐα-

209 1554 322 1620 λεῖν,
364 1557 416 1605 τί
469 1555 548 1605 ὅτι
589 1552 670 1625 (3)
731 1555 802 1624 μὴ
853 1554 912 1604 τό
973 1558 1177 1623 πρῶτον
1229 1555 1318 1600 καὶ
1376 1547 1602 1620 ἄμεινον,
1661 1543 1794 1619 μηδ’

211 1645 366 1715 ἕτερον
393 1637 711 1706 ἰσως,ἐπὶό“ὲ
769 1647 860 1692 τοῦ
914 1636 1156 1712 δευτέρου
1202 1642 1258 1689 1'6
1313 1639 1488 1708 θαῦμα
1545 1639 1604 1688 τὸ
1648 1632 1792 1710 ὓδωρ

1623 1191 1794 1244 πλεῖον
1855 1211 1862 1217 ·

1899 490 2375 550 necessariorum
2400 499 2602 552 autem
2634 495 2748 567 ipsi
2777 512 2923 552 cura
2943 501 3034 552 est
3056 512 3166 568 pro
3188 497 3548 565 viventibus,

1899 575 2096 644 panis,
2119 577 2396 650 inquam,
2445 589 2502 640 et
2527 598 2720 654 aquae.
2756 586 2824 642 Et
2883 583 3022 640 ideo
3066 599 3254 640 unum
3301 585 3550 657 quidem

1900 664 2076 720 nobis
2126 669 2316 726 otium
2370 671 2642 730 abundat
2690 691 2706 740 ;
2767 688 2988 744 panem
3041 689 3185 728 vero
3240 674 3298 729 in
3329 676 3549 731 sudore

1903 755 2291 826 manducare,
2341 761 2440 815 Dei
2493 761 2846 816 mandatum
2875 767 2983 826 est,
3015 769 3260 834 propter
3287 763 3550 819 fructum

1903 843 2068 900 illum
2088 854 2427 920 venustum,
2441 866 2624 922 quem
2641 856 2955 906 venustate
2987 868 3056 906 ac
3082 852 3222 921 gula
3241 853 3374 910 victi
3400 871 3550 926 prae-1

1904 940 2332 1008 ceptorumque
2374 939 2740 1010 negligentes
2769 941 3162 996 comedimus.

1974 1115 2250 1170 Attamen
2290 1115 2404 1172 hoc
2457 1116 2644 1172 modo
2671 1133 2809 1172 cum
2829 1117 2894 1174 id
2921 1117 3230 1176 meliorem
3282 1119 3554 1177 videatur

1903 1201 2316 1275 majoremque
2341 1205 2634 1262 rationem
2689 1205 2926 1272 habere,
2968 1205 3224 1278 plusque
3249 1212 3555 1266 continere

1901 1285 2184 1346 doctrina.-
2214 1298 2454 1364 propter
2505 1293 2860 1366 sapientiam
2914 1310 2988 1350 ac
3039 1296 3224 1352 vitam
3254 1295 3552 1366 frugalem

1902 1376 2587 1452 continentemque,nem
2598 1398 2670 1454 pe
2683 1399 2752 1437 cu
2765 1399 2819 1436 m
2841 1383 3048 1438 melius
3063 1384 3332 1439 videatur
3344 1386 3552 1440 vinum

1903 1463 1961 1518 in
1985 1480 2207 1536 aquam
2238 1469 2388 1524 verti
2415 1485 2602 1541 quam
2652 1487 2877 1542 aquam
2915 1471 2977 1526 in
3009 1475 3215 1527 vinum
3251 1489 3264 1537 ;
3293 1473 3439 1544 quid
3465 1481 3555 1531 est

1903 1555 2068 1614 quod
2094 1571 2218 1612 non
2238 1557 2406 1630 prius
2425 1574 2498 1616 ac
2513 1559 2732 1616 melius
2756 1565 2864 1616 aut
2879 1564 3180 1623 neutrum,
3214 1561 3318 1616 sed
3343 1577 3551 1617 secun-

1903 1643 2296 1717 dummempe
2319 1661 2548 1719 aquam
2575 1647 2938 1706 miraculum
2965 1649 3341 1718 converterit,
3369 1649 3544 1713 bene,

212 1735 317 1784 ἔστι
353 1737 680 1804 μεταποιοῦν,
708 1734 798 1781 καὶ
829 1736 881 1781 εῦ
912 1733 1000 1779 καὶ
1039 1727 1225 1787 καλῶς,
1276 1728 1414 1777 καθά
1474 1720 1542 1784 δη
1588 1730 1678 1777 καὶ
1741 1723 1793 1775 ἐν

1915 1736 1971 1788 ut
1996 1732 2060 1787 in
2097 1734 2340 1792 exOrdio
2370 1735 2654 1801 diximus,
2712 1736 2986 1808 inquiris.
3023 1737 3138 1793 Sed
3175 1738 3310 1809 quis
3339 1737 3557 1794 melius

213 1825 500 1895 προοιμίοις
547 1819 804 1894 εἰρηκότες
851 1817 1022 1890 ἐσμεν,
1091 1817 1246 1880 αὐτὸς
1314 1814 1624 1879 ἐπιστήσας,
1707 1817 1794 1866 τὸν

213 1909 353 1980 λόγον
399 1907 676 1970 ἐζήτησας,
746 1906 901 1960 Ἀλλὰ
963 1913 1056 1958 σοῦ
1122 1904 1311 1977 μᾶλλον
1384 1907 1466 1966 τίς
1536 1902 1596 1954 ἂν
1706 1907 1796 1954 καὶ

214 1997 612 2070 ἐπισκεψάμενος
691 2001 782 2048 καὶ
845 1995 1379 2068 πολυπραγμονήσας,
1461 1991 1661 2070 ἐφεύροι
1735 1991 1794 2042 ἂν

212 2083 466 2163 ὀρθῶς,οὖ
495 2083 692 2160 καρδία
731 2089 820 2158 μὲν
867 2085 1074 2156 καθαρά
1111 2083 1202 2134 καί
1254 2083 1429 2157 ὁρῶσα
1481 2084 1630 2148 Θεὸν,
1677 2077 1796 2140 δια-

210 2177 446 2249 λογισμοὶ
487 2173 609 2228 δ’ἓν
644 2175 774 2248 αὐτῇ
842 2171 1202 2233 ἀναϐαίνοντες
1245 2171 1324 2223 ἐπ’
1371 2170 1556 2224 ἐκεῖνον
1617 2168 1797 2244 ἀκραι-

211 2275 334 2339 φνώς
367 2263 702 2318 διαϐαίνουσι
731 2269 820 2315 καὶ
854 2265 920 2314 τὰ
977 2260 1168 2314 ἐκείνου
1229 2262 1522 2333 θαυμάσια,
1567 2258 1699 2312 ὥστε
1739 2278 1798 2312 σε

209 2360 294 2407 καὶ
329 2357 458 2428 μετά
497 2362 588 2406 τοῦ
635 2354 932 2423 Πνεύματος
980 2353 1120 2421 ἔχειν
1163 2347 1411 2422 ἀσφαλῶς
1458 2348 1665 2422 ἐρευνᾷν
1731 2346 1796 2399 τᾶ

207 2451 296 2496 τοῦ
321 2446 617 2516 Πνεύματος
645 2460 660 2509 ;
690 2441 823 2494 Ἐπεὶ
868 2436 926 2492 δὲ
968 2457 1059 2490 και
1104 2439 1252 2510 ἡμείν
1319 2435 1446 2509 ἐρεῖν
1503 2439 1561 2488 1'6
1607 2433 1795 2488 δοκοῦν

210 2532 502 2608 ἐπέτρεψας,
562 2529 794 2605 ἐροῦμεν,
846 2535 919 2598 τῷ
971 2535 1046 2598 σῷ
1117 2528 1375 2598 πνεύματι
1434 2529 1524 2578 καὶ
1599 2533 1660 2598 τῇ
1742 2524 1800 2588 ἐξ

211 2621 363 2674 αὐτοῦ
388 2620 736 2696 θαρρήσαντες
763 2619 976 2690 χάριτι.

280 2713 372 2762 Δύο
397 2709 561 2761 ταῦτα
581 2707 652 2780 ἐφ’
682 2703 897 2768 ὕδατος,
954 2709 1012 2756 1'6
1063 2706 1154 2777 μὲν
1201 2711 1403 2776 πρῶτον
1456 2711 1556 2754 τῶν
1609 2701 1790 2768 ἄλλων,

208 2803 266 2853 τὸ
297 2797 344 2852 δ’
371 2801 596 2870 ἔσχατον
644 2803 742 2848 τῶν
793 2794 954 2846 ἄλλων
1010 2813 1099 2844 και
1152 2790 1236 2844 ἐπί
1285 2799 1535 2865 σταυροῦ»
1600 2792 1794 2865 ὁρῶμεν

210 2893 445 2962 θαύματα
463 2889 776 2960 γεγενημένα
816 2906 828 2917 ο
874 2904 965 2936 και
1011 2886 1070 2934 τό
1123 2885 1212 2955 μὲν
1277 2889 1498 2955 πρῶτον,
1544 2880 1670 2932 αὐτὸ
1723 2877 1792 2940 δὴ

206 2987 354 3034 τοῦτο
375 2982 433 3030 τὸ
461 2976 508 3029 ἐν
533 2982 674 3030 Κανᾶ
697 2995 788 3026 χαι
845 2972 893 3025 ἐν
943 2975 1116 3045 γάμῳ,
1164 2972 1218 3023 ὄν
1255 2967 1324 3029 δὴ
1377 2990 1469 3022 και
1524 2965 1796 3032 διεξιόντες

210 3067 359 3139 ἐσμεν
385 3088 397 3099 ·
431 3065 514 3118 ἐπί
567 3061 630 3117 δε
671 3071 761 3115 τοῦ
820 3068 1051 3134 σταυροῦ
1107 3055 1250 3133 ὕδωρ
1290 3059 1406 3132 ῥυὲν
1461 3056 1514 3108 ἐκ
1558 3066 1656 3120 τῆς
1701 3065 1792 3110 τοῦ

207 3167 440 3232 Σωτῆρος
484 3154 704 3226 πλευρᾶς
755 3153 851 3221 (4),
906 3147 1279 3222 μεταϐαλόντος
1341 3147 1406 3208 εἰς
1475 3154 1628 3198 τοῦτο
1703 3154 1794 3198 τοῦ

205 3251 375 3302 θεικοῦ
434 3248 652 3317 αἵματος
703 3240 778 3293 ἐπ’
837 3238 1067 3312 ἐσχάτου
1146 3246 1245 3288 τῶν
1343 3237 1640 3307 θαυμάτων,
1725 3237 1793 3296 ὡς

199 3338 285 3392 ἐπὶ
309 3345 398 3390 τοῦ
426 3341 634 3409 πρώτου
685 3333 919 3405 Χριστὸς
970 3329 1122 3390 αὐτὸς
1176 3327 1248 3389 εἰς
1300 3331 1434 3378 οἶνόν
1476 3333 1631 3378 τοῦτο
1676 3345 1794 3399 μετ-

200 3426 363 3479 ἔϐαλε.

270 3520 370 3569 Καί
419 3510 566 3586 οἶμαι
616 3509 685 3572 εἰς
721 3527 916 3561 ταυτονη
961 3507 1088 3559 ἰέναι
1165 3507 1318 3578 ἄμφω
1395 3510 1472 3558 τὼ
1538 3506 1788 3575 θαύματε,

189 3611 251 3658 τό
275 3624 327 3657 τε
363 3611 564 3678 πρῶτον
613 3602 671 3650 τό
730 3597 775 3648 τ’
829 3599 1074 3669 ἔσχατον.
1135 3592 1271 3647 Ἐκεῖ
1315 3597 1403 3665 μὲν
1449 3596 1549 3668 γὰρ
1599 3595 1790 3665 γάμος,

190 3714 286 3747 και
309 3697 438 3764 τιμᾷ
452 3698 630 3742 τοῦτον
653 3691 786 3747 Θεὸς
815 3686 913 3757 (ὅ),
956 3685 1040 3736 ὅτι
1074 3703 1165 3735 και
1214 3687 1382 3755 τίμιος
1420 3683 1494 3752 (ὃ)
1554 3703 1566 3715 ·
1620 3686 1794 3754 τίμιος

194 3781 256 3835 δὲ
287 3790 385 3834 τῶν
431 3778 484 3841 ἐξ
537 3777 692 3830 αὐτοῦ
755 3771 960 3828 παίδων
1019 3773 1206 3840 εἰνεκα,
1266 3771 1356 3832 ούς
1410 3791 1502 3822 και
1550 3771 1794 3823 εἰσποιεῖ-

190 3891 282 3925 ται
329 3870 558 3943 Χριστὸς
607 3885 697 3917 χαι
747 3867 951 3937 Πατέρα
1027 3861 1194 3912 αὐτῶν
1265 3861 1394 3912 εἶναι
1447 3859 1584 3930 λέγει
1665 3868 1793 3912 Θεον

192 3962 398 4032 πατέρα
442 3961 528 4009 τὸν
588 3951 745 4019 ἱδιον,
804 3971 894 4002 και
931 3953 1208 4022 προτρέπει
1253 3968 1312 4020 γε
1389 3950 1524 4000 κατά
1600 3949 1800 4005 ταύτην

196 4054 294 4108 τὴν
356 4052 544 4120 σχέσιν
614 4043 914 4116 ἀνθρώπους
973 4043 1120 4099 ὄντας
1190 4038 1380 4110 τολμᾷ)
1457 4037 1797 4089 ἐπικαλεσθαι

199 4139 377 4192 αὐτόν.
411 4141 543 4189 Πότε
574 4130 625 4186 δ’
651 4131 799 4184 αύτοί
854 4134 1008 4182 τοῦτό
1056 4130 1180 4194 εἱσι,
1237 4147 1325 4179 και
1366 4127 1484 4179 πότ’
1525 4126 1800 4180 ἐπικαλού-

198 4247 347 4300 μενοι
409 4227 641 4297 γνησίως
706 4220 874 4286 εἰσίν;
937 4218 1194 4275 Ὸπηνίχα
1223 4213 1465 4274 δηλονότι
1538 4237 1629 4268 και
1725 4212 1798 4269 δι’

198 4314 402 4377 ὕδατος
460 4333 549 4364 και
609 4312 906 4381 ῐῐνεύματος
971 4303 1116 4366 αὖθις
1217 4305 1630 4377 ἀναγεννηθένές
1721 4305 1799 4378 (⁸7)

200 4405 362 4458 αὑτὸν
413 4404 642 4475 Χριστὸν
690 4398 803 4450 ὅλον
851 4399 1112 4471 φορέσωσι
1176 4392 1478 4455 διαιωνίζον
1553 4414 1643 4446 και
1705 4393 1798 4466 ἃφ-

202 4496 396 4567 θαρτον
429 4487 647 4560 ἔνδυμα.
705 4490 768 4538 Τί
826 4485 1041 4549 λοιπόν;
1099 4485 1128 4540 ἡ
1188 4486 1277 4554 μὲν
1303 4490 1395 4534 τοῦ
1441 4480 1802 4554 βαπτίσματος

197 4585 352 4652 πηγὴ
388 4576 521 4636 δήλη
550 4576 602 4638 ἐξ
631 4577 805 4636 ἧςκαι
831 4576 889 4624 1'6
935 4571 1311 4642 ἀναγεννᾶσθαι
1364 4572 1488 4642 ημῖν
1549 4590 1561 4602 ·
1624 4573 1683 4622 τό
1746 4566 1804 4622 δὲ

200 4677 298 4723 τοῦ
354 4670 649 4738 Πνεύματος
703 4661 903 4734 ἀφανὲς,
962 4680 1051 4712 και
1107 4666 1212 4722 τοῖς
1261 4657 1503 4718 ἀπίστοις
1558 4659 1616 4711 ού
1669 4661 1805 4710 πάνυ

195 4780 254 4812 τι
301 4776 488 4810 πιστόν
535 4751 616 4806 ὄτι
675 4758 912 4804 τοσαῦτα
964 4751 1202 4823 ὑπερφυῆ
1252 4768 1342 4800 και
1388 4748 1590 4820 μεγήλα
1666 4748 1805 4800 ἔστιν

197 4845 354 4922 ὕδωρ
397 4841 762 4916 δεδυνημένον·
816 4839 892 4893 Ού
954 4841 1053 4911 γὰρ
1098 4839 1260 4911 ὁρωσι
1315 4841 1374 4890 τὸ
1413 4845 1640 4910 Πνεῦμα,
1694 4857 1806 4902 και,

279 5075 594 5149 (t)Genes.
633 5071 822 5138 11!.19,
865 5071 947 5122 Ἐν
1008 5065 1193 5142 ἱδρῶτι
1239 5074 1334 5120 τοῦ
1389 5072 1673 5141 προσώπου
1713 5085 1808 5118 σου
1824 5127 1830 5129 η

397 5150 485 5200 τὸν
529 5146 680 5217 ἄρτον
735 5162 851 5194 σου.

395 5220 483 5272 An
513 5213 605 5268 τοῦ
651 5222 816 5288 κακοῦ
872 5213 900 5267 ?

280 5279 784 5362 ('4).77Vernaculo,_
821 5283 928 5362 sed
955 5279 1484 5362 negtigentissime,
1512 5283 1812 5350 pourquoi

193 5354 356 5434 qu‘e.’
383 5356 919 5434 Yeteresdicebant
950 5354 1164 5434 potius
1209 5356 1292 5404 ὅτι
1319 5371 1390 5405 τι.

283 5433 780 5506 (4)Joanne._x11§,
807 5430 876 5506 214
903 5442 915 5479 :
945 5420 1030 5484 Εἷς
1053 5429 1500 5506 τῶνλστραῖίωτῶι
1519 5420 1694 5506 λόγχῃ
1723 5423 1812 5473 αύ-

193 5491 306 5575 τσῦ
336 5491 435 5561 τήν
463 5500 686 5575 πλευρὰν
732 5491 894 5561 ἔνυξε,
931 5516 1023 5549 και
1095 5491 1247 5555 εὐθὺς
1287 5491 1490 5556 ἐξῆλθεν
1543 5491 1680 5564 αἷμα
1722 5512 1813 5545 και

195 5571 389 5649 ὕδωρ,

1904 1836 2097 1894 quam
2122 1826 2186 1878 tu
2211 1828 2268 1879 et
2323 1826 2644 1896 exquirens
2669 1840 2740 1881 ac
2791 1825 3047 1884 multum
3076 1824 3361 1882 laborans
3400 1832 3558 1882 recte

1904 1909 2214 1978 inveniret,
2249 1911 2424 1982 cujus
2453 1928 2555 1968 cor
2611 1929 2834 1984 purum
2861 1919 2950 1972 est
2975 1929 3048 1970 ac
3095 1915 3282 1970 Deum
3313 1913 3550 1982 videns,

1904 1997 2200 2071 cujusque
2229 2000 2624 2070 cogitationes
2644 2001 2728 2058 ad.
2775 2017 2916 2058 eum
2963 2001 3354 2058 ascendentes
3379 2001 3555 2073 plene

1904 2087 2060 2146 illius
2089 2088 2368 2148 miranda
2427 2095 2756 2161 penetrant,
2783 2091 2863 2146 ita
2903 2096 2968 2147 ut
2990 2096 3049 2147 et
3084 2107 3226 2147 cum
3252 2091 3462 2163 spiritu
3482 2107 3558 2147 ea

1905 2192 2041 2248 quae
2071 2183 2209 2232 sunt
2239 2177 2489 2249 Spiritus
2505 2178 2708 2234 valeas
2733 2185 3068 2252 penetrare.
3094 2179 3392 2244 Quoniam
3411 2195 3556 2236 vero

1906 2278 2016 2318 nos
2039 2267 2103 2318 ut
2126 2269 2394 2320 nostram
2411 2265 2766 2322 sententiam
2799 2265 3134 2322 diceremus
3173 2266 3441 2324 hortatus
3467 2282 3553 2338 es,

1905 2351 2174 2410 dicemus
2203 2357 2304 2409 tuo
2335 2353 2566 2426 spiritui
2595 2360 2651 2410 et
2679 2355 2754 2425 ei,
2779 2371 2916 2427 quae
2941 2371 3015 2412 ex
3048 2356 3181 2428 ipso
3209 2359 3304 2412 est
3337 2355 3557 2426 gratia,

1905 2440 2296 2498 conﬁdentes.

1977 2707 2108 2761 Haec
2124 2707 2247 2762 duo
2265 2710 2560 2764 miracula
2575 2707 2637 2762 in
2654 2723 2816 2780 aqua
2849 2707 3008 2764 facta
3047 2707 3342 2778 videmus,
3363 2723 3553 2764 unum

1904 2795 2151 2868 quidem
2176 2797 2440 2868 primum
2457 2798 2732 2854 omnium
2757 2803 3128 2865 caeterorum,
3160 2797 3414 2854 alterum
3444 2813 3552 2856 au-

1904 2888 2024 2942 tem
2059 2884 2338 2944 ultimum
2376 2885 2656 2954 aliorum,
2703 2893 2760 2942 et
2806 2889 2868 2941 in
2916 2902 3117 2944 cruce.
3167 2889 3232 2942 Et
3273 2886 3556 2964 primum.

1903 2971 2152 3045 quidem
2199 2972 2343 3030 illud
2395 2979 2484 3029 est
2532 2973 2700 3045 quod
2745 2974 2806 3029 in
2857 2976 3022 3030 Cana
3077 2979 3135 3030 et
3176 2974 3240 3030 in
3302 2973 3552 3046 nuptiis,

1839 3060 2068 3148 Cquod
2129 3077 2290 3116 nunc
2351 3060 2984 3133 explanam.us;aqua
3045 3077 3190 3118 vero
3251 3061 3318 3117 in
3373 3077 3558 3118 cruce

1904 3149 2094 3204 effusa
2133 3165 2206 3204 ex
2247 3149 2568 3204 Salvatoris
2626 3147 2825 3215 latere,
2874 3149 3084 3204 ultimo
3140 3149 3431 3205 miraculo
3485 3151 3549 3205 in

1903 3253 2125 3308 aquam
2177 3252 2465 3292 converso
2513 3236 2717 3291 divino
2765 3236 3078 3306 sanguine,
3129 3241 3192 3294 ut
3237 3237 3299 3293 in
3349 3237 3548 3310 primo

1903 3325 2164 3382 Christus
2185 3325 2315 3398 ipse
2343 3326 2405 3381 in
2421 3325 2628 3381 vinum
2657 3325 2962 3382 convertit.

1970 3507 2159 3576 atque
2197 3502 2413 3574 opinor
2447 3501 2526 3558 ad
2550 3501 2712 3559 idem
2737 3501 2926 3560 ambo
2949 3501 3245 3559 miracula
3283 3501 3546 3570 tendere,

1900 3591 2163 3662 primum
2195 3608 2264 3646 ac
2303 3591 2601 3649 ultimum.
2643 3592 2730 3646 Ibi
2759 3591 2918 3646 enim
2949 3591 3195 3663 nuptias,
3228 3597 3287 3648 et
3312 3607 3417 3647 eas
3443 3591 3548 3648 ho—

1900 3686 2078 3736 norat
2089 3679 2418 3752 Deus,quia
2429 3695 2578 3736 sane
2589 3680 2958 3756 honorandae
2970 3687 3111 3735 sunt
3133 3696 3148 3744 ;
3177 3679 3552 3736 honoranda

1901 3774 2101 3825 autem
2120 3777 2274 3840 sunt,
2291 3770 2624 3826 futurorum
2639 3769 2899 3826 ﬁliorum
2916 3786 3122 3840 causa,
3135 3786 3290 3842 quos
3302 3770 3554 3843 adoptat

1904 3859 2186 3928 Christus,
2219 3875 2288 3914 ac
2334 3862 2561 3914 Patrem
2601 3873 2812 3914 eorum
2851 3875 2984 3914 esse
3031 3857 3174 3913 dicit
3219 3861 3405 3914 Deum
3448 3875 3552 3930 pa-

1903 3952 2054 4002 trem
2083 3963 2280 4014 suum,
2340 3953 2396 4002 et
2441 3947 2717 4002 homines
2755 3947 2958 4002 incitat
2999 3952 3066 4001 ut
3105 3962 3244 4001 eum
3276 3946 3552 4002 invocare

1905 4035 2238 4090 secundum
2255 4036 2411 4091 hanc
2423 4035 2774 4091 relationem
2787 4035 3066 4090 audeant.
3083 4036 3126 4099 Ο
3137 4034 3336 4089 uando
3351 4039 3552 4091 autem

1905 4123 1965 4179 id
1991 4129 2148 4192 sunt,
2168 4131 2222 4180 et
2243 4122 2490 4195 quando
2507 4139 2646 4178 eum
2675 4122 2933 4192 legitime
2957 4122 3285 4178 invocant?
3302 4123 3555 4188 Quando

1910 4228 2056 4268 sane
2097 4229 2202 4284 per
2249 4229 2472 4286 aquam
2523 4229 2592 4267 ac
2633 4211 2915 4283 Spiritum
2974 4212 3300 4280 regenerati
3352 4213 3556 4267 Jesum

1911 4301 2208 4357 Christum
2241 4306 2429 4356 totum
2452 4301 2648 4356 ferunt
2665 4300 3094 4372 sempiternum
3113 4305 3171 4355 et
3199 4300 3560 4373 incorrupti-

1911 4391 2026 4446 bile
2046 4390 2492 4446 vestimentum.
2527 4389 2680 4455 Quid
2709 4389 2971 4460 denique
2993 4386 3020 4440 Ὺ
3053 4391 3202 4444 Fons
3231 4389 3560 4462 baptisma-

1914 4481 1986 4535 tis
2008 4479 2356 4535 manifestus
2388 4483 2480 4534 est
2503 4495 2573 4533 ex
2605 4494 2730 4550 quo
2776 4493 3224 4548 regeneramur.
3256 4479 3428 4544 Quod
3458 4495 3560 4534 au-

1916 4574 2032 4623 tem
2062 4573 2154 4624 est
2191 4567 2458 4639 spiritus,
2502 4566 2798 4622 invisibile
2843 4573 2950 4634 est,
2982 4571 3040 4621 et
3086 4565 3434 4622 inﬁdelibus
3456 4568 3564 4622 mi-

1915 4658 2076 4713 nime
2099 4655 2380 4712 credibile
2404 4660 2494 4712 est
2511 4659 2600 4712 tot
2614 4659 2672 4712 et
2695 4659 2862 4712 tanta
2884 4670 3069 4726 supra
3088 4659 3358 4709 naturam
3384 4670 3562 4724 posse

1917 4763 2143 4818 aquam
2158 4745 2408 4803 efﬁcere.
2433 4747 2562 4801 Non
2579 4743 2739 4799 enim
2762 4743 2964 4798 vident
2995 4742 3301 4813 Spiritum,
3332 4748 3388 4796 et
3417 4742 3564 4813 quia

1917 4852 2056 4891 eum
2076 4851 2199 4891 non
2217 4834 2441 4901 vident,
2469 4849 2665 4905 neque
2681 4831 3015 4901 intelligunt
3030 4829 3561 4885 commutationem

1989 5066 2066 5136 (5)
2125 5065 2439 5132 Gregorius
2505 5065 2639 5119 Naz.
2699 5061 2832 5136 Ora.
2887 5075 2975 5125 XL,
3026 5073 3089 5130 p.
3149 5061 3568 5136 648ιΜιμήσο-

1919 5133 2016 5210 μαι
2049 5133 2300 5210 ’Χριστόν
2340 5179 2352 5190 .
2411 5177 2424 5191 ,
2477 5175 2492 5189 ,
2540 5138 2588 5194 ὄς
2654 5137 2744 5183 καὶ
2807 5133 3194 5204 θαυματουργεί
3241 5135 3410 5204 ’γάμῳ
3478 5137 3569 5185 καὶ

1919 5215 2048 5280 τιμᾶ
2089 5210 2344 5277 συζυγίαν
2378 5210 2668 5280 παρουσίᾳ.

1993 5281 2070 5346 (ϐ)
2108 5273 2292 5350 Ερίέι.
2349 5275 2428 5332 ad
2454 5273 2652 5330 'Hebl‘.
2715 5289 2830 5340 Xlll,
2891 5274 2967 5328 ιε
3000 5277 3186 5346 Τίμιος
3237 5275 3263 5326 ό
3313 5277 3484 5348 γάμος
3521 5273 3570 5327 ἐν

1919 5369 2072 5404 πασι.
2343 5383 2350 5392 ·

1993 5423 2072 5488 (7)
2129 5422 2344 5504 Joann.
2399 5433 2478 5484 ιιι,
2531 5421 2560 5471 5
2593 5415 2752 5504 ξἸεὶόιν
2804 5419 2872 5473 μή
2934 5435 3016 5500 τηις
3037 5417 3282 5504 λεννηθῇ
3338 5415 3398 5504 ἐξ.
3441 5412 3572 5504 {56:61-

1920 5484 2008 5555 τος
2055 5484 2148 5545 aut
2199 5493 2508 5562 πνεύματος,
2560 5487 2620 5540 οὐ
2665 5484 2892 5542 δύναται
2929 5484 3178 5542 εἰσελθεῖν
3223 5484 3294 5548 εἰς
3342 5491 3438 5546 τὴν
3478 5484 3576 5559 βα-

1926 5563 2121 5620 σιλείαν
2147 5569 2239 5616 τοῦ
2279 5567 2448 5618 Θεοῦ..
