4066 6212
590 268 723 330 1455
1934 256 2305 324 NICEPHORI
2329 260 2589 325 CHUMNI
3726 282 3827 343 1456

587 411 761 469 aquae
777 396 837 451 in
854 394 1043 451 illum.
1068 386 1365 451 Convertit
1392 390 1572 461 igitur
1598 405 1671 447 ac
1693 390 2077 448 transformat
2102 407 2193 448 ea:

2226 408 2235 447 ι
2265 395 2313 448 Α
2347 393 2427 446 ὅτι
2460 398 2531 466 μὴ
2576 393 2766 470 ὁρῶσιν
2793 395 2893 467 (1),
2920 390 3038 448 οὐδ’
3068 389 3397 447 αἰσθάνονται
3419 404 3506 460 τῆς
3542 396 3585 462 ἐς
3627 401 3728 457 αὐτὸ
3766 418 3832 462 το.)

586 484 649 541 in
674 485 884 540 vinum
914 483 1198 552 Christus,
1235 486 1298 537 ut
1329 479 1670 536 credibilem
1693 477 1911 535 efficiat
1936 479 2063 551 ejus
2093 496 2192 536 cor

2230 512 2236 523 ι
2346 478 2542 544 ὕδατος
2614 482 2897 556 μεταϐολῆς
2955 504 3046 536 και
3123 490 3513 557 μεταποιήσεως.
3594 493 3836 549 Μεταϐάλὶιι

586 574 922 631 versionem
970 571 1033 628 in
1071 569 1373 643 Spiritum,
1425 584 1497 626 ac
1521 569 1701 624 simul
1730 573 1795 625 ut
1826 585 1900 625 ex
1927 569 2149 642 nuptiis
2181 587 2192 624 ι

2228 574 2239 625 t
2344 578 2469 644 γοῦν
2491 591 2581 625 και
2609 575 2922 645 μεθίστησιν
2945 573 3018 636 εἰς
3036 570 3171 626 οἶνον
3220 581 3370 626 τοῦτο
3414 579 3630 645 Χριστὸς,
3686 579 3752 634 ἱνα
3789 581 3834 643 δή

585 664 786 733 genita
805 666 1020 718 natura
1047 659 1362 717 conﬁrmet
1385 658 1898 733 incorruptibilem
1924 674 2191 730 regenerz

2233 690 2238 702 ι
2346 680 2435 713 και
2484 665 2579 719 τὴν
2623 664 2672 723 ἐς
2724 661 2851 715 αὐτὸ
2908 665 2967 715 τὸ
3016 669 3227 735 Πνεῦμα
3269 660 3540 735 μεταϐολὴν
3591 670 3741 719 τούτου
3784 691 3839 722 πι·

588 751 829 807 tionem.

2349 755 2643 818 στώσηται,
2672 770 2762 803 και
2809 752 2921 824 ἄμα
2996 755 3090 810 τὴν
3131 759 3220 812 τῆς
3284 749 3337 803 ἐκ
3378 753 3538 824 γάμου
3602 775 3677 807 και
3716 777 3839 827 γεντη·

2345 847 2436 899 τῆς
2467 842 2665 911 φύσεως
2713 843 2841 915 πρὸς
2895 844 2981 899 τὴν
3035 841 3296 915 ἄφθαρτον
3336 846 3644 900 πιστώσηται
3687 843 3840 918 ἀναγέτ-

2345 943 2521 983 νησιν.

658 1017 797 1076 Ideo
829 1022 887 1077 et
910 1016 972 1074 in
1002 1033 1177 1074 cruce
1199 1033 1270 1074 cx
1287 1016 1492 1073 divino
1511 1015 1690 1072 latere
1717 1014 1960 1087 sanguis
1977 1019 2034 1072 et
2054 1030 2235 1088 aqua,

2419 1020 2514 1066 Δια
2568 1022 2722 1069 τοῦτο
2771 1035 2862 1069 και
2916 1014 2999 1069 ἐπί
3050 1024 3142 1070 τοῦ
3209 1024 3434 1092 σταυροῦ
3508 1015 3558 1070 ἐκ
3621 1029 3698 1082 τῆς
3749 1023 3842 1085 eia;

586 1109 730 1182 quia
747 1109 875 1165 haec
896 1107 1079 1164 ambo
1097 1107 1381 1177 Christus,
1406 1122 1477 1162 ex
1498 1121 1650 1178 puro
1667 1104 1932 1175 virgineo
1946 1120 2049 1161 san
2060 1104 2192 1175 guin

2237 1147 2238 1151 η
2348 1101 2570 1179 πλευρᾶς
2607 1106 2739 1179 ὰῖμα
2791 1110 2881 1158 καὶ
2942 1100 3087 1180 ὕδωρ
3137 1107 3243 1177 (2),
3294 1108 3373 1159 ὅτι
3427 1110 3513 1159 καὶ
3559 1109 3691 1181 ἄμφω
3731 1120 3843 1165 ταῦτα

587 1214 726 1255 caro
751 1197 943 1255 factus
966 1204 1023 1254 et
1060 1213 1220 1270 aqua
1269 1196 1622 1269 baptizatus,
1653 1200 1710 1250 et
1727 1195 1944 1251 balneo
1975 1194 2193 1251 ablutu:

2350 1197 2594 1268 Χριστὸς,
2638 1192 2690 1257 ἐξ
2734 1193 2900 1266 ἁγνῶν
2958 1196 3278 1267 παρθενικῶν
3362 1195 3580 1269 αἱμάτων
3653 1205 3845 1271 γινόμεθα

587 1304 709 1345 non
738 1287 829 1344 sui
862 1304 1070 1360 causa,
1105 1286 1213 1343 sed
1258 1302 1368 1360 pro
1399 1285 1574 1342 totius
1603 1284 1813 1341 mundi
1845 1284 2101 1358 piaculo.

2349 1283 2502 1358 σάρξ,
2562 1286 2651 1335 xui
2698 1279 2854 1336 ὕδατι
2899 1282 3231 1357 βαπτισθεὶς,
3293 1290 3381 1337 xui
3417 1284 3615 1361 λουτρὸν
3662 1286 3846 1361 λουσάμε-

2345 1391 2451 1442 νος,
2500 1371 2605 1444 οὐχ
2654 1372 2837 1425 ἑαυτου
2890 1374 3073 1447 χάριν,
3131 1372 3259 1426 ἀλλά
3330 1377 3513 1436 παντὸς
3570 1382 3653 1428 τοῦ
3708 1382 3849 1450 κόσμον

2346 1463 2633 1536 καθάρσιον
2645 1504 2657 1517 .

660 1557 793 1612 llaec
824 1570 937 1611 nos
970 1552 1045 1609 de
1063 1552 1260 1626 primo
1281 1551 1553 1609 omnium
1578 1550 1901 1608 Salvatoris
1926 1549 2236 1607 miraculo-

2420 1553 2599 1611 Οὕτως
2652 1550 2802 1622 ἡμεῖς
2850 1546 3000 1619 ἔσμεν
3049 1554 3167 1625 περὶ
3219 1550 3313 1604 τοῦ
3354 1556 3555 1624 πρώτου
3605 1560 3691 1605 τῶν
3742 1552 3851 1605 ille:

586 1660 723 1700 rum
739 1643 1023 1700 novimus
1053 1661 1066 1711 ;
1100 1641 1223 1697 hzec
1248 1641 1322 1697 de
1355 1639 1566 1696 ultimo
1596 1644 1653 1697 et
1672 1640 1730 1696 in
1760 1655 1935 1696 cruce
1974 1643 2192 1712 peractt

2346 1641 2548 1692 πάντων
2576 1646 2668 1691 τοῦ
2726 1646 2957 1712 Σωτῆρος
3019 1638 3360 1712 ἐπεγνωκότες
3400 1642 3647 1714 θαύματος
3687 1662 3700 1675 ·
3746 1643 3853 1702 οὕτως

588 1733 658 1790 Ει
684 1748 823 1789 cum
849 1747 1012 1805 aqua
1039 1730 1247 1786 vinum
1278 1730 1435 1786 facta
1458 1730 1553 1799 sit,
1589 1734 1646 1786 et
1669 1745 1876 1785 rursus
1903 1728 2151 1801 sanguis
2174 1728 2189 1784 i

2263 1750 2303 1804 Β
2347 1727 2431 1781 ἐπὶ
2459 1735 2551 1781 τοῦ
2580 1726 2815 1800 ἐσχάτου
2842 1733 2931 1781 xui
2964 1726 3047 1782 ἐπὶ
3083 1737 3175 1783 τοῦ
3229 1738 3476 1805 σταυροῦ.
3536 1736 3627 1783 Καὶ
3672 1732 3761 1803 ἅμα
3795 1738 3854 1783 τοῦ

588 1837 813 1895 aquam
872 1837 1081 1876 versus
1112 1820 1203 1886 sit,
1236 1818 1382 1875 nihil
1405 1818 1750 1875 incredibile
1773 1823 1862 1875 est
1882 1818 2090 1875 vinum
2113 1818 2194 1875 tie:

2347 1820 2437 1892 μὲν
2466 1814 2659 1880 ὓδατος
2690 1819 2848 1884 οἴνου,
2906 1820 3127 1891 αἵματος
3192 1815 3244 1871 δ’
3301 1814 3453 1881 αὖθις
3497 1816 3677 1882 ὕδατος
3713 1839 3856 1891 γεγενη-

586 1911 788 1983 ipsum
831 1909 1188 1979 sanguinem
1242 1908 1426 1979 hujus
1478 1907 1584 1980 qui
1639 1908 1779 1964 talia
1829 1908 2074 1981 perfecit
2125 1924 2186 1963 m

2347 1910 2530 1978 μένων,
2557 1902 2709 1959 οὐδ’ἐν
2738 1908 2985 1972 ἄπιστον,
3024 1911 3097 1980 μὴ
3127 1907 3255 1979 οὐχὶ
3284 1912 3375 1961 xui
3427 1904 3555 1961 οἶνον
3608 1908 3716 1960 αὐτὸ
3760 1907 3855 1961 τοῦθ’

587 1999 813 2066 racula,
836 2003 1170 2055 extremum
1199 1997 1376 2054 nobis
1404 2001 1461 2054 et
1485 1996 1745 2054 salutare
1801 1997 2152 2070 mysterium
2184 2016 2193 2051 ι

2349 1997 2483 2069 αἷμα
2510 2002 2601 2048 τοῦ
2626 1998 2693 2048 τὰ
2733 2004 2952 2049 τοιαῦτα
2984 1998 3504 2072 θαυματουργοῦντος
3549 1998 3756 2069 γενέσθαι
3790 2000 3856 2067 (3),

589 2088 836 2147 calicem
872 2103 1051 2161 quem
1102 2087 1249 2161 ipse,
1308 2085 1580 2143 Ecclesiae
1626 2087 1808 2158 hujus
1840 2085 2195 2143 immaculat:

2347 2088 2403 2139 τὸ
2440 2084 2725 2138 τελευταῖον
2765 2081 2938 2145 δήπου
2990 2088 3280 2161 μυστήριον
3338 2090 3430 2139 καὶ
3493 2087 3608 2158 ημῖν
3648 2105 3697 2157 γι
3742 2092 3858 2143 σωτη-

589 2194 776 2253 quam
797 2177 907 2233 sibi
936 2176 1247 2249 acquisivit
1276 2191 1557 2247 sponsus,
1581 2191 1654 2232 ex
1674 2175 1921 2249 perenni
1950 2175 2110 2232 fonte
2131 2191 2192 2231 m

2348 2193 2481 2250 ριον,
2546 2179 2636 2227 καὶ
2677 2182 2799 2246 γοῦν
2849 2183 3090 2249 κρατῆρα
3149 2174 3203 2227 ὃν
3261 2174 3434 2243 αὐτὸς,
3490 2176 3515 2227 ὁ
3566 2180 3646 2228 xui
3700 2183 3770 2236 τῆς
3823 2175 3860 2234 ἧς

591 2271 734 2336 seet,
773 2265 909 2322 vitae
936 2270 1189 2337 aeternae,
1213 2264 1284 2320 iis
1314 2263 1417 2337 qui
1461 2264 1842 2337 participant,
1874 2264 2114 2337 pignus.
2156 2267 2197 2320 Il

2351 2262 2574 2316 ἀσπίλου
2622 2261 2930 2326 Ἐκχλησίας
2984 2265 3211 2336 ἠγάγετο
3274 2268 3499 2338 νυμφίος
3561 2265 3640 2331 ὧν,
3707 2262 3750 2325 ἐξ
3808 2262 3861 2313 ἀξ-

590 2357 732 2413 utin
762 2356 876 2413 hoc
893 2371 1015 2411 uno
1032 2354 1198 2428 quod
1218 2355 1279 2410 in
1302 2356 1462 2410 Cana
1506 2354 1731 2411 factum
1761 2359 1871 2423 est,
1892 2369 2016 2410 non
2045 2353 2196 2410 solm

2349 2371 2474 2405 ναου
2529 2359 2706 2424 πηγῆς
2769 2358 2942 2426 κιρνᾷ,
3007 2356 3144 2416 ζωῆς
3203 2353 3413 2406 αἰωνίου
3464 2360 3571 2416 τοῖς
3651 2356 3861 2426 μετέχουσι

594 2444 848 2501 aliorum
896 2443 1111 2516 primo,
1165 2447 1222 2498 et
1286 2442 1413 2499 solo
1458 2441 1519 2497 in
1573 2442 1689 2498 hoc
1754 2458 1990 2513 genere,
2051 2446 2200 2501 tota!

2350 2439 2782 2515 χορηγόν.⁶Ωστ’
2812 2439 2860 2493 ἐν
2888 2440 2963 2493 ἐνί
3005 2444 3171 2513 τούτῳ
3211 2450 3281 2513 τῷ
3340 2439 3391 2494 ἓν
3447 2447 3602 2511 Κανᾶ,
3661 2446 3721 2514 μὴ
3761 2446 3863 2513 μόνον

594 2548 722 2588 esse
747 2532 1219 2588 demonstratam
1241 2530 1450 2587 salutis
1489 2535 1707 2587 nostra:
1734 2532 2015 2588 virtutem
2034 2530 2200 2589 ﬁdem

2350 2535 2538 2605 πρώτῳ
2561 2539 2659 2582 τῶν
2721 2528 2905 2597 ἄλλων,
2956 2530 3086 2583 άλλὰ
3133 2536 3224 2584 xui
3280 2535 3424 2604 μόνῳ
3479 2550 3537 2603 γε
3591 2535 3702 2597 ὄντι,
3749 2536 3864 2583 πᾶσαν

593 2636 713 2693 que
742 2619 928 2676 solide
959 2618 1303 2677 stabilitam.

2352 2621 2497 2691 ἡμῶν
2548 2615 2938 2691 ἀποδεδεῖχθαι
2992 2625 3085 2678 τὴν
3134 2627 3231 2682 τῆς
3288 2624 3555 2693 σωτηρίας
3620 2621 3754 2693 ἰσχὺν
3810 2622 3865 2669 καὶ

2356 2706 2568 2782 στερρὰν
2592 2711 2686 2765 τὴν
2709 2712 2888 2760 πίστιν
2907 2703 3236 2781 ἐνιδρύσθαι.

665 2800 745 2853 Τι]
777 2800 979 2854 autem
1010 2796 1059 2852 si
1088 2794 1235 2869 quid
1265 2795 1559 2853 excelsius
1597 2792 1834 2853 noveris
1864 2800 1920 2853 et
1945 2793 2240 2865 docueris,

2424 2800 2491 2848 Σὺ
2540 2792 2600 2848 δι
2648 2795 2674 2848 ὃ
2723 2815 2775 2848 τι
2823 2795 2882 2848 ἂν
2934 2796 3056 2849 ἄλλο
3100 2802 3191 2849 xui
3237 2800 3421 2868 γνοίης
3482 2796 3764 2871 ὑψηλότερον
3811 2798 3867 2846 κεί

595 2890 800 2960 utpote
823 2885 926 2959 qui
953 2884 1055 2941 Dei
1089 2884 1587 2953 miracula,hocce
1617 2889 1675 2942 et
1703 2889 1914 2943 caetera
1942 2886 2201 2954 bene,im

2356 2879 2620 2954 διδάξαις,
2702 2882 2791 2938 ἆτι
2841 2890 2932 2938 xui
2992 2893 3125 2939 Θεοῦ
3173 2893 3273 2938 τῶν
3327 2888 3599 2960 θαυμάτων
3657 2888 3804 2938 τούτου
3836 2900 3868 2933 τε

593 2975 809 3032 melius
837 2979 1151 3047 penetrare
1178 2974 1405 3043 valeas,
1431 2974 1571 3030 huic
1595 2980 1653 3031 et
1682 2990 1794 3031 nos
1830 2980 2097 3031 mentem
2136 2975 2199 3032 ac'

2354 2977 2444 3025 xui
2473 2980 2571 3025 τῶν
2611 2971 2795 3041 ἄλλων,
2835 2975 2886 3035 ἒς
2939 2975 3005 3026 τὰ
3050 2972 3285 3047 μα’)ιστα
3345 2980 3438 3028 xui
3489 2974 3632 3037 πλέος
3676 2973 3869 3046 ἐοικέσθιι

594 3064 888 3133 bibentes,
909 3067 1020 3121 tuae
1058 3063 1319 3121 scientiae
1338 3063 1659 3137 participes
1687 3063 1929 3121 erimus.

2286 3100 2327 3156 C
2358 3059 2722 3139 δεδυνημένος,
2749 3067 2917 3137 τούτῳ
2944 3060 3009 3123 δὴ
3038 3069 3130 3118 xui
3160 3064 3309 3119 αὐτοὶ
3338 3070 3429 3119 τὸν
3480 3074 3593 3119 νοῦν
3644 3070 3867 3140 προσσχσν·

2357 3172 2435 3214 τες
2465 3153 2563 3225 (4),
2591 3155 2777 3206 τούτου
2804 3154 2865 3205 οἶν
2896 3158 2985 3206 καὶ
3017 3156 3311 3227 γενοίμεθα.

674 3350 752 3421 (i)
814 3351 1027 3407 Joann.
1093 3364 1200 3422 ιιι,Δ
1232 3350 1264 3405 8
1300 3364 1313 3404 :
1344 3350 1414 3422 Ἰέό
1461 3352 1868 3422 ττνεῦμαμὸπου
1924 3348 2073 3422 θέλει,
2112 3357 2249 3421 πνεῖ,

2220 3360 2249 3421 ῖ,
2431 3351 2511 3420 (2)
2532 3348 2781 3422 Videtur
2800 3347 3088 3422 excidisse
3114 3349 3375 3422 verbum
3418 3350 3617 3409 forsan
3644 3349 3826 3413 ἐξῆλθεν.

602 3418 693 3493 και
754 3426 849 3479 τήν
911 3425 1079 3493 φωνην
1140 3419 1301 3493 αὐτοῦ
1360 3418 1596 3480 ἀκούεις’
1627 3419 1737 3493 ἀλλ’
1785 3421 1877 3473 οὐκ
1915 3418 2063 3482 οἶδας
2098 3425 2208 3475 πόθι

2140 3418 2251 3476 ὁθεν
2431 3418 2509 3493 (3)
2545 3421 2775 3493 Scilicet
2816 3421 2879 3477 in
2924 3420 3307 3493 Eucharistiaa
3373 3428 3745 3479 sacramento.

605 3440 693 3473 και
754 3426 849 3479 τήν
911 3425 1079 3493 φωνην
1140 3422 1301 3472 αὐτοῦ
1360 3422 1585 3480 ἀκούεις·
1627 3422 1737 3473 ἀλλ’
1785 3422 1877 3473 οὐκ
1915 3422 2063 3482 οἶδας
2098 3425 2211 3475 πόθι

605 3492 821 3567 ἐρχεται
872 3498 1130 3568 μαι-ποῦ
1187 3491 1396 3563 ὑπάγει·
1457 3494 1619 3553 οὕτως
1676 3490 1790 3544 ἐστί
1845 3498 1948 3555 πᾶς
2002 3495 2033 3544 ὅ
2065 3512 2211 3565 γεγιν

2174 3425 2251 3476 θεν
2431 3424 2486 3487 (3
2545 3422 2775 3478 Scilicet
2816 3422 2879 3477 in
2924 3422 3307 3478 Eucharistiaa
3373 3428 3746 3479 sacramento.

2174 3513 2249 3546 τν-
2429 3422 2511 3566 (Ii;
2541 3491 2626 3548 Cf.
2658 3492 2845 3549 Bazhr.
2887 3492 2967 3550 ad
3005 3492 3277 3551 Ilerodot.
3320 3497 3364 3552 t.
3409 3496 3449 3566 I,
3489 3510 3591 3568 pp.
3629 3494 3780 3561 8,926.

604 3559 822 3636 νἠμὲνος
860 3559 933 3615 δι’
982 3559 1192 3623 ὕδατος.

604 3684 3246 3716 W

1917 3873 2149 3965 ΤΟΥ
2250 3871 2637 3965 ΑΥΤΟΥ

1996 4086 2166 4135 ΠΡΟΣ
2197 4086 2333 4135 TON
2364 4085 2583 4135 ΑΥΤΟΝ

684 4243 799 4301 Ἐπὶ
859 4253 919 4307 τῆ
992 4251 1123 4322 πρὸς
1180 4249 1267 4300 τὸν
1342 4245 1517 4301 Ἠλὶαν
1582 4246 1790 4307 αἰτήσει
1855 4254 1947 4301 τοῦ
2013 4244 2316 4303 Ἐλισσαίου
2384 4253 2474 4302 xui
2560 4256 2668 4311 τοῖς
2764 4245 2882 4301 κατ’
2980 4247 3141 4308 αὐτὴν
3218 4243 3629 4327 διηπορημένοις
3686 4264 3697 4282 ο
3749 4246 3841 4318 πρὸς

1153 4355 1357 4399 τουτοις
1396 4334 1454 4390 δὲ
1491 4341 1582 4389 xui
1612 4339 1688 4389 ἔτι
1716 4336 1874 4389 πλείω
1902 4356 1957 4391 εκ
1984 4345 2085 4410 τῷν
2116 4336 2457 4412 Εὑαγγελίων¹
2484 4341 2573 4391 xui
2598 4340 2890 4413 ἠπορηνται
2926 4342 3014 4393 xui
3052 4337 3286 4391 λελυνται
3317 4343 3357 4397 “.

1354 4656 2113 4782 EJUSDEM
2198 4658 2426 4782 AD
2515 4657 3228 4785 EUMDEM

610 4898 683 4959 In
702 4902 1049 4975 petitionem
1060 4902 1269 4962 Elisavi
1288 4903 1369 4962 ad
1379 4904 1577 4962 Etiam
1599 4909 1653 4962 et
1679 4903 1744 4960 in
1764 4903 1947 4962 dubia
1969 4920 2100 4977 qua
2120 4904 2193 4963 de
2210 4906 2323 4963 illa
2338 4911 2796 4977 proponuntur;
2812 4906 3247 4978 insuperplura
3268 4919 3341 4964 ac
3356 4905 3593 4977 majora
3613 4919 3683 4961 ea:
3694 4901 3886 4968 Ευαηρε-

1680 4993 1775 5049 (iis
1806 4993 1867 5050 in
1892 4994 2141 5053 dubium
2171 5001 2383 5055 vocata
2412 5001 2554 5053 sunt
2580 5009 2652 5053 ac
2680 4996 2898 5053 soluta.

683 5215 853 5274 Prius
877 5216 1124 5291 quidem
1152 5217 1418 5278 habebat
1460 5234 1557 5277 me
1578 5215 1772 5289 timor,
1797 5234 1993 5294 neque
2015 5218 2109 5276 ille
2130 5234 2264 5293 par-

2444 5219 2576 5295 Εἶχε
2631 5222 2723 5305 μὲν
2770 5218 2858 5293 ἐμὲ
2908 5223 2998 5274 xui
3059 5225 3305 5297 πρότερον
3362 5221 3441 5297 (Ι)
3509 5217 3673 5294 φόϐος,
3716 5215 3790 5268 xui
3810 5200 3887 5305 οὖῇ

610 5317 749 5380 Vus,
778 5322 853 5365 ne
905 5307 1079 5365 nimis
1124 5308 1325 5367 audax
1353 5309 1556 5367 videre
1588 5312 1637 5369 si
1690 5327 1893 5370 sacras
1931 5310 2216 5383 Scriptura

2373 5314 2561 5387 μικρὸς
2627 5302 2688 5370 ἦν
2744 5306 2909 5381 οὗτος»
2976 5314 3047 5384 μὴ
3112 5315 3165 5364 τί
3227 5331 3288 5385 γε
3350 5309 3567 5384 τολμᾷν,
3605 5307 3684 5361 ἐπὶ
3746 5302 3887 5375 nam:

682 5489 705 5524 ⁸
744 5485 1011 5546 Ecodice
1049 5487 1216 5561 regio
1240 5491 1402 5572 2105,
1428 5502 1568 5621 pas.
1594 5492 1719 5561 266,
1750 5493 1803 5547 2.
2819 5559 2833 5574 ο
2899 5558 2912 5573 ,

684 5560 762 5621 (1)
786 5562 1011 5620 Forsan
1033 5577 1173 5620 cum
1198 5561 1273 5621 de
1295 5576 1484 5621 murac
1551 5578 1589 5621 ο
1612 5563 1770 5621 facto
1793 5562 1857 5621 in
1883 5563 2046 5621 Cana
2071 5558 2429 5621 inquireret:
2459 5559 2554 5621 vel
2580 5563 2912 5621 sententia:

684 5562 702 5625 (
711 5560 762 5633 1)
786 5562 1011 5620 Forsan
1033 5557 1173 5620 cuin
1198 5561 1273 5621 de
1295 5557 1589 5622 miraculo
1612 5557 1770 5623 facto
1793 5562 1857 5622 in
1883 5563 2046 5623 Cana
2071 5558 2429 5637 inquireret;
2459 5559 2554 5623 vel
2580 5559 2877 5622 sententia
2895 5558 2959 5621 in
2979 5574 3196 5637 genere
3218 5557 3473 5637 prolata.
