4066 6212
229 324 366 378 1457

1327 330 1419 386 DE
1456 327 1816 386 PFTlTlONE
1857 325 2105 383 ELISAZI
2141 328 2235 385 AD
2275 330 2505 388 ELIAM.

3461 344 3591 398 1458

228 446 370 507 ίεοὰς
397 445 560 513 ἰοντα,
588 445 661 508 εἰς
694 446 861 519 βάθος
889 449 919 509 ἦ
993 450 1060 513 εἰς
1110 452 1244 524 ὕψος
1292 456 1487 508 τούτων
1544 453 1819 526 πειρᾶσθαι

1936 449 2158 522 legens,
2183 467 2394 511 earum
2410 454 2882 528 profunditatem
2905 455 2999 512 vel
3015 456 3390 517 altitudinem
3410 477 3590 534 pene-

228 534 378 602 ἰέναι,
409 532 539 608 μηδ’
562 534 837 605 ἐξετάςειν,
870 541 1001 611 μήθ’
1046 542 1147 595 ὅσα
1204 548 1276 615 μὴ
1339 541 1440 613 δεῖ,
1492 544 1617 617 μήθ’
1667 543 1701 596 ἀ
1750 545 1822 615 μὴ

221 626 359 678 πάνυ
411 644 463 677 τι
514 623 756 698 ἀσφαλες,
809 624 949 700 μηδὲ
1022 650 1082 701 γε
1148 632 1617 706 πολυπραγμονεῖν,
1694 627 1827 705 μηδ’

226 711 335 767 οἷον
381 715 665 787 γυμνάζειν
730 735 819 769 και
893 713 1199 792 δοκιμάζειν
1274 720 1457 776 ἐθέλειν
1541 724 1629 775 τόν
1708 726 1825 773 νοῦν

226 802 278 857 ἐν
319 811 430 865 τοῖς
492 802 811 879 ἀποκρύφοις
874 806 1062 876 αὐτῶν,
1129 808 1237 864 έπεί
1291 808 1432 884 μηδὲ
1477 831 1640 865 πασιν
1689 809 1827 883 ἀφεῖο

226 912 318 946 ται
381 901 549 948 ταῦτα
595 914 685 947 και
731 896 831 948 ὅσα
888 904 981 950 τοῦ
1033 902 1350 972 Πνεῦματος,
1412 900 1517 953 ἀλλ’

226 982 370 1036 τοῦτ’
394 988 509 1036 εστί
547 980 843 1057 δεδομένον,
891 983 925 1040 δ
929 983 989 1040 εδ
992 996 1082 1046 υνῆ
1093 991 1221 1043 σθαν
1274 986 1518 1049 δηλονότι
1571 998 1671 1043 τῶν
1730 985 1765 1041 δ
1771 1008 1824 1043 ε-

230 1067 495 1143 δογμένων
609 1070 925 1145 ἐφικνεῖσθαι
1025 1095 1116 1129 και
1212 1079 1636 1151 ύπηγορευμένων
1748 1083 1822 1147 τῷ

228 1162 511 1232 Πνεύματι·
561 1180 650 1213 και
715 1165 773 1214 τὸ
848 1170 943 1224 τῆς
1021 1166 1160 1227 Θείας
1236 1174 1406 1239 φωνῆς
1472 1169 1599 1242 πρὸς
1680 1164 1820 1218 τοῦτ’

228 1249 376 1321 οἶμαι
429 1248 621 1321 μᾶλλον
682 1250 868 1324 φέρειν,
898 1274 927 1303 ‹‹
956 1252 1218 1328 Ἐρευνᾶτε
1252 1255 1326 1327 (Ι)
1374 1258 1464 1317 τὰς
1513 1256 1737 1329 Γραφάς.
1793 1275 1822 1305 ››

223 1340 466 1391 τουτέστι
526 1343 597 1412 μὴ
670 1343 801 1414 πρὸς
854 1344 1052 1404 πάντας
1123 1340 1252 1397 εἶναι
1338 1349 1433 1403 τὴν
1507 1347 1819 1420 προτροπὴν,

221 1425 353 1480 ἀλλά
401 1447 455 1480 τι
496 1431 621 1504 πρὸς
659 1427 900 1500 ἐκείνους,
940 1432 1018 1494 οἷς
1066 1452 1154 1485 και
1216 1436 1274 1486 τό
1353 1435 1609 1509 εὑρίσκειν
1680 1431 1821 1486 ἐστίν

224 1519 289 1578 ὡς
340 1518 505 1591 ὀρθῶς
586 1518 725 1572 ἔστιν
790 1518 839 1572 ἓν
919 1519 1119 1588 αύταῖς,
1198 1524 1610 1599 κεκαθαρμένους
1673 1521 1821 1582 ὅλους

223 1624 314 1659 και
337 1614 489 1680 σῶμα
511 1627 602 1660 και
629 1607 860 1680 γλῶτταν
916 1630 1007 1662 και
1052 1610 1239 1683 ψυχὴν
1285 1630 1375 1664 και
1418 1607 1677 1679 διάνοιαν,
1729 1629 1821 1663 και

224 1702 350 1767 γοῦν
392 1700 477 1749 τὸν
527 1700 716 1772 τρόπον
762 1704 943 1751 τοῦτον
996 1695 1399 1773 δεδυνημένους,
1470 1706 1638 1775 χωρίς
1727 1718 1822 1758 κη-

1600 898 1674 961 οἷς
1737 918 1826 952 και

1935 543 2089 595 trare
2121 544 2493 610 tentarem,et
2518 544 2567 600 si
2597 544 2965 617 inquirerem
2996 561 3071 602 ea
3094 563 3232 619 quas
3262 565 3383 607 non
3414 568 3588 625 opor-

1935 632 2033 697 tet,
2051 634 2304 701 autquee
2326 648 2450 688 non
2473 648 2750 690 securum
2773 639 2862 690 est
2886 634 3205 706 inquirere,
3243 643 3299 693 et
3321 639 3368 694 si
3400 641 3587 697 nimio

1934 717 2148 774 ardore
2168 720 2366 777 studio
2389 721 2826 790 incumberem,
2858 728 2916 779 et
2956 724 3003 780 si
3053 731 3334 797 exerceri,
3390 734 3448 785 et
3490 746 3590 786 ex-

1933 806 2170 879 plorare
2195 808 2409 867 vellem
2438 827 2648 869 eorum
2700 817 2961 869 mentem
3010 828 3145 885 quas
3200 815 3260 871 in
3314 817 3385 872 iis
3443 819 3589 875 abs-

1933 895 2292 964 conduntur,
2317 915 2457 956 cum
2477 916 2600 957 non
2617 901 2903 958 omnibus
2926 901 3101 958 detur
3120 919 3191 959 ea
3217 909 3273 959 et
3292 907 3590 979 quidquid

1931 986 2322 1058 estaSpiritu
2348 993 2579 1055 sancto,
2631 988 2739 1045 sed
2787 989 2860 1046 iis
2911 995 3143 1047 tantum
3194 992 3417 1065 quibus
3473 996 3586 1054 da-

1931 1076 2059 1130 tum
2089 1079 2194 1143 est,
2227 1082 2537 1147 penetrare
2565 1093 2742 1151 posse
2773 1082 2828 1135 et
2854 1078 3179 1149 intelligere
3218 1081 3510 1152 dogmata
3549 1101 3586 1141 a

1933 1162 2153 1234 Spiritu
2185 1170 2391 1222 sancto
2422 1166 2765 1238 prtedicata.
2794 1172 2874 1224 Ac
2904 1169 2956 1224 is
2989 1172 3079 1225 est
3110 1186 3327 1227 sensus
3366 1171 3584 1230 divinae

1929 1251 2111 1323 hujus
2140 1254 2344 1311 vocis:
2377 1278 2404 1306 «
2438 1256 2792 1313 Scrutamini
2824 1258 3176 1337 scripturas;
3207 1282 3235 1310 »
3268 1276 3341 1317 ea
3370 1262 3586 1318 exhor-

1930 1341 2073 1397 tatio
2094 1357 2216 1398 non
2246 1343 2325 1400 ad
2351 1359 2561 1401 omnes
2607 1346 2876 1418 pertinet,
2928 1347 3036 1403 sed
3078 1348 3158 1403 ad
3205 1364 3308 1405 eos
3352 1354 3585 1408 tantum

1930 1429 2153 1503 quibus
2177 1430 2313 1489 licet
2336 1438 2491 1489 recte
2520 1434 2781 1491 invenire
2809 1451 2945 1508 quas
2970 1436 3032 1491 in
3061 1438 3147 1492 eis
3184 1438 3579 1507 continentur,

1930 1518 2222 1574 mundum
2245 1519 2610 1578 habentibus
2633 1538 2851 1595 corpus
2872 1528 2928 1579 et
2950 1522 3222 1593 linguam
3245 1531 3301 1581 et
3323 1527 3583 1585 animam

1914 1610 1987 1662 et
2006 1606 2449 1677 cogitationem,
2484 1614 2664 1682 atque
2703 1610 2805 1676 ita,
2839 1625 2983 1667 cum
3022 1614 3150 1667 sine
3177 1613 3418 1670 macula
3448 1616 3582 1682 sint,

1929 1696 2146 1752 divinas
2182 1696 2334 1753 lucis
2360 1699 2709 1771 capacibus,
2745 1714 2818 1757 ac
2845 1700 3277 1758 revelationum
3309 1702 3588 1761 initiatio-

226 1780 395 1853 λῖδος,
419 1788 582 1858 φωτός
636 1782 766 1839 εἶναι
809 1794 903 1840 τοῦ
960 1789 1096 1841 θείου
1158 1785 1449 1857 δεκτικοὺς,
1498 1809 1589 1842 και
1628 1787 1819 1843 ἀποκα-

1932 1800 2199 1858 numque
2222 1792 2429 1844 nostra
2446 1792 2646 1844 mente
2670 1802 2741 1845 ac
2767 1788 2822 1845 vi
2843 1793 2901 1844 et
2923 1793 3141 1846 natura
3168 1791 3585 1849 excelsiorum.

229 1872 430 1945 λύψεων
475 1894 564 1927 και
617 1881 859 1948 μυήσεων
918 1876 1247 1951 ὑψηλοτέρων
1331 1885 1424 1931 τοῦ
1499 1878 1617 1932 καθ’
1686 1880 1822 1951 ἡμᾶς

228 1969 318 2016 νοῦ
342 1983 431 2015 και
459 1971 554 2025 τῆς
595 1964 709 2018 κατ’
754 1964 908 2018 αὐτόν
969 1966 1162 2039 ἰσχύος
1202 1987 1291 2019 και
1339 1970 1555 2041 φύσεως.
1615 1966 1677 2022 Εἰ
1717 1968 1820 2041 γὰρ

226 2048 464 2123 ἁνάγνοις
516 2057 704 2129 χερσίν
776 2054 836 2107 ού
916 2056 1061 2128 θέμις
1133 2064 1233 2109 τῶν
1318 2056 1485 2129 ἁγνῶν
1565 2056 1823 2110 ἅπτεσθαι

226 2160 315 2194 και
359 2143 621 2213 καθαρῶν,
676 2144 708 2202 ἧ
759 2163 861 2197 που
925 2145 1055 2198 πολύ
1104 2166 1192 2198 και
1270 2145 1509 2200 πλεῖστον
1570 2147 1690 2200 ὅσον
1764 2150 1821 2200 τὸ

227 2227 343 2293 δέος
392 2237 509 2283 νοῦν
556 2236 627 2304 μη
672 2234 1051 2308 κεκαθαρμένον
1102 2230 1242 2306 μηδὲ
1296 2231 1532 2288 διάνοιαν
1610 2234 1824 2307 ἐμϐιϐά-

226 2319 330 2383 ζειν
378 2318 665 2393 βιάζεσθαί
718 2341 808 2375 και
856 2325 1188 2399 προσχωρεῖν
1239 2344 1329 2376 και
1383 2323 1489 2377 οἷον
1559 2343 1824 2397 συμπαρε-

223 2410 517 2462 κτείνεσθαι
562 2416 671 2472 τοῖς
733 2412 1138 2485 ύπερκειμένοις,
1198 2433 1287 2466 και
1343 2409 1513 2485 μηδεν
1570 2411 1821 2486 έφικτοῖς,

225 2503 305 2552 ὅτι
350 2503 420 2571 μή
472 2497 581 2571 μετ’
634 2497 948 2573 ἀκραιφνοῦς
1015 2501 1247 2575 ἁγισμοῦ
1305 2507 1395 2555 καὶ
1478 2503 1542 2564 ἧς
1616 2500 1822 2575 εἴπομεν

224 2586 417 2649 τελείας
456 2588 622 2660 καθάρ
631 2606 774 2649 σεως.

300 2675 374 2727 Ού
424 2680 528 2749 μὴν
568 2675 701 2747 ἀλλ’,
768 2673 950 2737 ἐπειδὴ
1013 2682 1138 2732 Θεοῦ
1223 2683 1314 2732 καὶ
1394 2685 1560 2733 ταῦτα
1637 2683 1820 2752 φωναὶ,

233 2788 253 2815 ι
284 2764 494 2822 Ζητεῖτε
521 2765 622 2835 (2),
670 2769 759 2818 καὶ
821 2768 1086 2839 εὑρήσετε,
1138 2769 1345 2839 κρούετε
1400 2772 1489 2821 καὶ
1550 2766 1823 2839 ἀνοιγήσε-

223 2873 329 2916 ται,
380 2874 409 2904 ››
462 2857 715 2926 πρόσιμεν
776 2859 867 2907 καὶ
922 2854 1093 2924 αὐτοὶ,
1155 2856 1430 2919 ζητοῦντες
1486 2858 1669 2932 εὑρεῖν.
1723 2861 1824 2910 Καὶ

223 2944 475 3017 κρούομεν
542 2938 609 3001 δὴ
669 2951 869 3017 πρῶτον
924 2947 1010 2997 τὸν
1065 2951 1203 3009 νοῦν,
1263 2943 1388 2998 ὥστ’
1454 2944 1502 2997 έν
1576 2952 1821 3019 προσοχῇ

224 3038 559 3106 γρηγορῆσαι
608 3036 699 3084 καὶ
752 3038 1060 3086 ταπεινώσει
1111 3037 1201 3086 καὶ
1258 3033 1504 3106 συντριϐῇ
1573 3029 1819 3108 καρδίας·

228 3117 318 3172 εἴτ’
372 3118 528 3172 αὐτὸν
566 3120 758 3193 ἄγομεν
814 3119 902 3173 ἐπὶ
960 3122 1050 3181 τὰς
1114 3119 1446 3193 έγκλειούσας
1488 3121 1656 3183 πύλας
1731 3126 1822 3175 καὶ

1932 1873 1989 1930 Si
2014 1874 2174 1931 enim
2202 1874 2533 1933 immundis
2577 1876 2862 1933 manibus
2908 1892 3034 1933 non
3072 1877 3209 1935 licet
3239 1882 3467 1937 'sancta
3515 1897 3588 1937 ac

1929 1977 2088 2035 pura
2108 1967 2372 2035 tangere,
2403 1980 2548 2021 sane
2576 1965 3096 2039 quamplurimum
3128 1967 3469 2025 timendum
3498 1974 3591 2027 est

1929 2067 2006 2107 ne
2035 2066 2208 2109 mens
2238 2058 2342 2109 aut
2365 2053 2646 2124 cogitatio
2674 2069 2798 2110 non
2821 2053 3115 2111 mundata
3140 2061 3404 2129 nequeat
3421 2059 3587 2115 adire

1931 2144 1990 2196 et
2018 2140 2305 2198 accedere
2334 2157 2406 2198 ac
2432 2142 2742 2214 pervenire
2772 2143 2851 2199 ad
2883 2159 2954 2199 ea
2991 2159 3129 2216 quae
3168 2160 3353 2216 supra
3389 2144 3587 2218 ipsam

1931 2235 2260 2298 versentur,
2301 2246 2499 2304 neque
2537 2232 2836 2303 penetrari
2873 2232 3134 2300 valeant,
3166 2233 3293 2289 sine
3323 2237 3586 2307 perfecto

1929 2319 2030 2377 illo
2073 2321 2333 2379 candore
2360 2321 2763 2397 perfectaque,
2787 2337 2973 2397 quam
2992 2322 3274 2392 diximus,
3306 2324 3585 2398 puriﬁca-

1930 2409 2112 2469 tione.

2002 2670 2279 2724 Attamen
2310 2667 2604 2740 quoniam
2634 2668 2735 2724 Dei
2772 2668 2866 2724 ha)
2904 2683 3146 2741 quoque
3190 2684 3369 2727 voces
3401 2675 3541 2729 sunt
3570 2688 3585 2728 :

1935 2757 2259 2824 «Quaerite,
2290 2761 2346 2814 et
2376 2756 2714 2829 invenietis,
2742 2756 3070 2830 pulsate,et
3092 2758 3410 2831 aperietur,
3440 2781 3469 2811 »
3491 2776 3589 2818 ac-

1933 2846 2205 2904 cedimus
2238 2851 2295 2903 et
2322 2861 2454 2914 nos,
2484 2851 2820 2919 quaerentes
2850 2852 2915 2903 ut
2940 2847 3348 2905 inveniamus.
3375 2849 3590 2922 Etpul-

1935 2951 2143 2993 samus
2167 2935 2431 3008 primum
2450 2939 2737 3005 mentem,
2775 2936 2859 2991 ita
2896 2939 2962 2991 ut
2988 2935 3051 2991 in
3080 2938 3405 2994 attentione
3438 2938 3587 3007 \igi-

1930 3024 2125 3082 lemus
2146 3029 2203 3081 et
2220 3024 2555 3081 humilitate
2585 3040 2656 3081 ac
2676 3024 3028 3081 contritione
3059 3025 3256 3081 cordis
3308 3042 3322 3092 ;
3369 3025 3587 3084 deinde

1930 3113 2126 3186 ipsam
2155 3112 2433 3169 ducimus
2456 3112 2535 3168 ad
2587 3116 2791 3185 portas
2829 3111 3172 3169 claudentes
3220 3118 3279 3171 et
3327 3113 3590 3171 celantes

232 3169 291 3172 "V
377 3169 513 3172 Πή⁷ή⁷
570 3169 745 3193 ΓΙ“Γ⁷”Ῠ
817 3169 900 3173 ’⁷-⁷
969 3169 1050 3181 ’⁷-³
1116 3169 1445 3193 Ἰ“’””””“³
1493 3169 1656 3183 ’⁷⁷Π“⁷
1732 3169 1819 3175 "vn

225 3209 318 3270 τὰς
356 3205 654 3280 έπικρύψεις
709 3208 877 3261 αὐτῶν
922 3217 1022 3260 τῶν
1063 3209 1207 3262 θείων
1269 3215 1503 3282 Γραφών,
1567 3207 1819 3282 βάλλοντα

1932 3169 2167 3258 divinas
2199 3200 2553 3272 Scripturas,
2587 3169 2689 3258 eas
2738 3200 2986 3273 quidem
3040 3169 3586 3272 pulsantem,non

224 3298 315 3368 μὲν
342 3294 393 3359 ές
413 3295 589 3367 αύτὰς,
648 3296 743 3350 οῦκ
806 3294 1013 3369 ἀφόϐως
1069 3293 1148 3368 δε,
1201 3302 1292 3349 καὶ
1337 3304 1463 3368 γοῦν
1522 3300 1655 3369 μετὰ
1695 3297 1823 3351 πολ-

224 3384 313 3437 λοῦ
350 3404 486 3447 τινος
531 3392 623 3437 τοῦ
675 3381 822 3446 δέους
880 3385 1141 3446 ζητοῦντα
1184 3387 1411 3461 ῥαγῆναι
1473 3388 1664 3448 ταύτας
1745 3384 1822 3459 ἐφ’

223 3474 397 3525 ἱκανόν
442 3477 533 3525 καὶ
589 3474 977 3545 ύπανοιχθῆναι
1038 3473 1200 3545 αύτῷ,
1257 3478 1348 3527 καὶ
1404 3470 1472 3533 δὴ
1554 3478 1821 3548 γενόμενον

220 3561 362 3624 έντός
414 3557 580 3634 μηδὲν
635 3556 773 3614 ἴδιον
820 3567 957 3633 μώτε
1011 3570 1199 3621 νοῆσαι
1244 3562 1370 3635 μήτ’
1441 3562 1618 3634 εἰπεῖν,
1712 3561 1820 3616 ἀλλ’

221 3650 342 3703 ὅσον
371 3650 432 3701 οἷν
491 3653 582 3703 καὶ
629 3645 942 3723 διδαχθείη,
984 3654 1053 3711 ὡς
1105 3651 1207 3703 ύπό
1256 3654 1701 3724 παραπετάσματι
1748 3660 1822 3724 τῷ

218 3741 501 3812 φαινομένῳ
550 3743 897 3814 κρυπτόμενον
952 3744 1043 3791 καὶ
1103 3744 1175 3811 μή
1226 3741 1361 3792 πάνυ
1420 3759 1470 3792 τι
1526 3737 1687 3799 δῆλον
1766 3740 1820 3794 ὃν

218 3835 331 3890 τοῖς
357 3823 563 3888 πολλοῖς
574 3870 587 3881 .

291 3916 367 3971 Ou’
396 3921 499 3990 μην
528 3914 658 3981 ἀλλ’,
700 3914 807 3970 ἐπεὶ
853 3917 1000 3969 ταῦτ’
1047 3915 1223 3991 ἀρχὴν
1284 3924 1384 3970 τῶν
1451 3916 1629 3990 ἐφεξῆς
1694 3918 1819 3972 ύπο-

223 4008 449 4079 θεμένοις
510 4005 597 4059 ἐπὶ
666 4008 869 4067 τούτοις
938 4004 1101 4068 ούτως
1182 4008 1375 4077 ἔχουσι
1448 4010 1539 4059 καὶ
1613 4005 1818 4082 θαῤῥεῖν

221 4097 347 4168 ἡμῖν
408 4098 623 4161 ἔπεισιν,
683 4092 762 4148 ἐπ’
828 4094 954 4148 αύτό
1007 4100 1099 4148 καὶ
1156 4091 1224 4153 δὴ
1282 4094 1460 4148 λοιπὸν
1519 4096 1729 4170 ἦκομεν,
1792 4097 1819 4149 ὃ

223 4181 292 4243 δὴ
344 4191 432 4236 νῦν
494 4188 585 4237 καὶ
640 4184 915 4246 ζητοῦντές
967 4183 1142 4257 ἔσμεν.
1188 4183 1344 4238 Ἐστι
1392 4181 1452 4238 δέ
1506 4192 1658 4238 τοῦτο
1715 4189 1817 4252 τί;

218 4277 291 4327 Τὸ
336 4275 473 4327 κατὰ
528 4275 615 4325 τόν
663 4272 839 4325 Ἠλίαν
898 4277 987 4326 καὶ
1053 4272 1369 4343 Ἐλισσαῖον,
1557 4270 1818 4333 δήπουθεν

222 4363 295 4418 ἐνί
340 4381 400 4435 γε
451 4366 558 4415 ὄντι
607 4366 698 4414 καὶ
741 4360 917 4437 ἀπόρῳ
965 4361 1121 4415 πλείω
1165 4368 1257 4415 καὶ
1303 4363 1468 4436 μείζω
1558 4368 1817 4439 συνεισέρ-

218 4473 398 4527 χεται,
424 4460 522 4514 τῆς
549 4450 711 4514 αὐτῆς
765 4450 888 4505 ὄντα
934 4455 1021 4504 καὶ
1073 4458 1241 4505 ταῦτα
1292 4450 1501 4526 ἐρεύνης
1554 4457 1645 4506 καὶ
1694 4451 1819 4507 ἀπο·

218 4548 358 4619 ρίας.

289 4633 494 4685 Ἀκούει
544 4632 635 4704 μὲν
685 4630 787 4704 γὰρ
847 4628 1021 4690 Ἠλίας
1101 4635 1234 4683 Θεοῦ
1303 4628 1567 4704 εἰρηκότος
1646 4628 1816 4685 Ἐλισ-

222 4729 369 4775 σαῖον
426 4724 615 4794 χρίσαι
679 4717 785 4771 ἀντ’
845 4718 1005 4771 αύτοῦ
1060 4718 1129 4780 εἰς
1192 4723 1464 4793 προφήτην
1548 4719 1648 4790 (3),
1725 4725 1815 4773 καὶ

217 4816 385 4885 χρίει.
441 4806 545 4863 Εἶτ’
597 4809 750 4881 ἄμφω
802 4808 886 4860 ἰπὶ
940 4809 1026 4860 τόν
1075 4802 1344 4881 Ἰορδάνην
1409 4806 1587 4876 ἰόντες,
1638 4806 1815 4869 Ἠλίας

218 4900 376 4953 αὐτὸν
398 4898 632 4961 πατάξας
663 4903 725 4969 τῇ
758 4896 969 4969 μηλωτῇ
1019 4899 1188 4969 τέμνει
1244 4895 1346 4970 (4),
1414 4900 1506 4948 καὶ
1567 4893 1814 4969 βαίνουσι

220 4986 315 5042 διὰ
371 4988 549 5060 ξηρᾶς,
606 4994 705 5039 τῶν
761 4986 1028 5061 ῥευμάτων
1086 4985 1263 5047 αύτοῖς
1308 4986 1809 5060 ύποκέχωρηκότων.

216 5081 339 5133 Ἐπὶ
376 5076 435 5131 δὲ
488 5081 655 5150 τούτῳ
704 5075 883 5137 Ἠλίας
944 5074 1199 5151 ἐπιτρέπει
1260 5075 1555 5129 Ἐλισσαῖον
1608 5079 1666 5128 τό
1720 5072 1812 5127 δο-

216 5177 340 5222 κοῦν
407 5166 546 5241 αύτῷ
609 5166 847 5233 αἰτῆσαι,
896 5167 964 5227 ὡς
1024 5170 1114 5218 καὶ
1174 5163 1412 5238 ἐσόμενον
1485 5163 1643 5235 αὐτῷ,
1720 5182 1811 5216 του

216 5253 983 5330 ³11λιοῦ(5)πεποιηκότος.’0
1042 5249 1101 5307 δὲ
1166 5257 1223 5307 τὸ
1279 5251 1358 5306 ἐπ’
1422 5255 1593 5325 ἐκείνῳ
1659 5259 1811 5306 πνεῦ-

290 5506 373 5575 (1)
399 5507 567 5561 Joan.
595 5519 649 5571 v,
684 5506 769 5559 39.

314 5582 367 5642 2)
395 5576 591 5632 Matth.
626 5591 722 5642 vn,
761 5578 813 5627 7.

314 5585 346 5634 2
395 5582 591 5632 Matth.
626 5591 722 5642 vn,
761 5582 813 5627 7.

288 5582 367 5723 δὲ
398 5650 463 5703 ΙΙΙ
494 5649 634 5717 Reg.
667 5660 782 5711 XIX,
813 5646 868 5702 7.‘

1930 3290 2162 3363 absque
2183 3289 2412 3356 timore,
2444 3294 2669 3346 etcum
2711 3289 2980 3346 maximo
3034 3300 3201 3346 metu
3246 3290 3587 3363 cupientem

1930 3395 2032 3436 eas
2055 3380 2251 3448 frangi
2280 3377 2642 3435 sufﬁcienter
2667 3393 2741 3435 ac
2760 3378 2996 3450 aperiri,
3029 3383 3107 3449 et,
3132 3378 3383 3451 quando
3426 3384 3589 3437 intus

1929 3468 2123 3536 fuerit,
2155 3466 2303 3524 nihil
2333 3466 2543 3538 privati
2584 3472 2688 3523 aut
2737 3466 3002 3537 cogitare
3053 3473 3159 3524 aut
3207 3467 3425 3539 dicere,
3478 3468 3587 3526 sed

1928 3563 2227 3631 quantum
2257 3556 2399 3613 satis
2429 3558 2541 3613 erit
2588 3563 2652 3612 ut
2694 3556 3000 3624 doceatur,
3046 3561 3339 3631 tanquam
3388 3561 3585 3630 tapete

1929 3646 2244 3720 perspicuo
2278 3646 2541 3703 velatum
2561 3661 2757 3720 neque
2778 3644 3144 3704 multitudini
3174 3646 3581 3705 manifestum.

1996 3916 2294 3982 Attamen,
2327 3912 2622 3988 quoniam
2650 3912 2780 3970 haec
2808 3912 3170 3986 principium
3196 3927 3405 3970 eorum
3443 3927 3581 3985 quae

1927 4006 2203 4059 secutura
2240 4007 2396 4075 sunt,
2426 4002 2881 4075 supposuimus,
2915 4001 3129 4074 hisque
3155 4017 3217 4057 se
3246 4001 3330 4059 ita
3353 4001 3581 4058 haben-

1928 4091 2102 4163 tibus,
2136 4091 2423 4147 ﬁduciam
2452 4091 2677 4147 habere
2715 4089 2893 4146 nobis
2939 4089 3091 4157 licet,
3124 4088 3205 4145 ad
3240 4088 3305 4145 id
3338 4089 3583 4148 tandem

1924 4181 2220 4251 venimus,
2254 4180 2419 4254 quod
2450 4195 2611 4236 nune
2639 4193 2902 4251 quaerere
2928 4178 3241 4235 debemus.
3286 4178 3441 4245 Quid
3470 4195 3577 4236 au-

1925 4272 2046 4326 tem
2065 4268 2211 4325 illud
2238 4274 2325 4325 est
2352 4269 2380 4324 ‘I
2408 4268 2577 4333 Quod
2603 4268 2677 4325 ad
2708 4266 2897 4324 Etiam
2928 4273 2984 4324 et
3022 4267 3299 4324 Elisteum
3330 4272 3582 4341 spectat,

1925 4374 2115 4415 unum
2146 4358 2390 4431 quidem
2406 4372 2477 4414 ac
2497 4355 2755 4428 difﬁcile,
2783 4357 2879 4413 cui
2899 4356 3073 4429 plura
3091 4361 3147 4414 et
3181 4358 3420 4430 majora
3439 4374 3583 4417 con-

1919 4447 2279 4518 junguntur,
2310 4463 2447 4519 quae
2468 4445 2681 4502 eodem
2704 4449 2884 4516 egent
2911 4446 3211 4516 examine,
3242 4461 3354 4505 nec
3375 4447 3579 4505 minus

1852 4522 1900 4576 Ῑ)
1926 4536 2193 4594 difﬁcilia
2232 4537 2526 4594 videntur.

1996 4626 2176 4683 Audit
2202 4625 2363 4683 enim
2416 4624 2567 4682 Elias
2610 4628 2798 4682 Deum
2849 4624 3147 4683 dicentem
3198 4629 3265 4683 ut
3302 4625 3576 4682 Eliszeum

1923 4716 2055 4774 loco
2087 4713 2273 4789 ipsius
2301 4714 2365 4771 in
2392 4713 2751 4787 prophetam
2777 4718 2967 4785 ungat
3003 4729 3017 4779 ;
3051 4717 3110 4770 et
3130 4713 3318 4783 ungit.
3348 4712 3571 4769 Deinde

1923 4805 2106 4863 ambo
2132 4804 2211 4862 ad
2232 4803 2556 4861 Jordanem
2576 4802 2991 4875 procedentes,
3024 4801 3177 4859 Elias
3200 4800 3428 4857 ﬂumen
3450 4800 3576 4873 pal-

1920 4894 2000 4950 lio
2029 4893 2271 4966 pelliceo
2300 4890 2637 4964 percutiens
2657 4890 2888 4952 dividit,
2913 4893 2969 4945 et
3004 4905 3111 4961 per
3145 4887 3374 4944 siccum
3411 4888 3567 4944 ince-

1922 4982 2094 5051 dunt,
2124 4981 2405 5037 ﬂuctibus
2434 4980 2505 5035 iis
2533 4977 2981 5035 obedientibus.
3020 4976 3243 5033 Deinde
3282 4976 3437 5034 Elias
3466 4976 3580 5033 Eli-

1923 5087 2045 5127 seeo
2074 5070 2358 5143 permittit
2376 5072 2442 5125 ut
2466 5084 2501 5122 a
2530 5082 2596 5123 se
2620 5064 2917 5139 Quidquid
2948 5065 3255 5137 placuerit,
3288 5065 3572 5141 postulet,

1922 5166 2217 5233 tanquam
2242 5157 2359 5229 ipsi
2387 5155 2756 5225 adfuturum,
2794 5152 3083 5211 efﬁciente
3128 5155 3269 5213 Elia.
3308 5155 3405 5213 llle
3434 5172 3578 5214 vero

1921 5247 2242 5324 postulavit
2270 5251 2334 5305 ut
2362 5244 2605 5319 spiritus
2634 5242 2772 5299 Elite
2792 5242 3016 5317 duplex
3038 5259 3218 5318 super
3243 5244 3449 5320 ipsum
3470 5245 3570 5303 ﬁe-

1996 5500 2069 5570 (4)
2108 5499 2176 5570 IV
2201 5499 2339 5570 Reg.
2366 5511 2429 5561 n,
2465 5496 2523 5550 8.

1974 5564 2073 5643 ζ(τι)
2114 5569 2202 5628 0b
2238 5564 2408 5628 Ἠλίας
2445 5564 2661 5623 melius
2686 5572 2779 5620 τοῦ
2804 5566 3006 5623 Ἠλίου.
