4054 6212
542 283 679 337 MCT

1886 276 2259 334 NICEPHORI
2292 279 2556 336 CHUMNI

3698 290 3798 345 1468

540 417 781 461 morum
802 401 1054 467 videtur,
1088 401 1137 457 si
1161 402 1370 467 homo,
1388 403 1449 456 in
1466 402 1600 474 ipsa
1613 400 1822 458 ultima
1848 401 1942 457 die
1967 403 2186 458 consti-

2302 401 2617 476 ἐπιστρέφειν
2672 401 2825 466 αὖθις
2880 404 2947 464 εἰς
2998 408 3245 477 μερίμνας
3297 409 3383 456 xui
3422 409 3635 469 τοιαύτας
3681 409 3807 483 ἄσχυ.

541 497 724 559 tutus,
737 508 860 548 non
868 493 995 562 jam
1008 506 1209 547 omnes
1228 490 1408 546 rebus
1429 490 1800 547 terrestribus
1812 492 2187 547 adhaerentes

542 582 932 653 cogitationes
964 580 1250 650 rejecerit,
1272 580 1402 649 sed,
1424 580 1643 647 adhuc,
1684 580 1761 635 de
1808 582 2190 652 propriorum

539 672 842 728 bonorum
866 668 1353 739 cogitationibus,
1385 669 1508 724 imo
1547 684 1688 724 vero
1716 668 1792 724 de
1814 670 1989 725 bonis
2044 670 2190 741 ipsis

543 758 826 815 sollicitus
864 758 956 825 sit,
987 761 1412 830 convertatque
1437 774 1499 812 se
1526 757 1607 813 ad
1630 772 1700 813 ea
1719 773 1855 829 quae
1877 758 2191 814 mundana

544 851 704 916 sunt,
730 846 879 902 dum
905 845 984 901 ad
1013 846 1131 901 alia
1154 846 1285 917 jam
1314 852 1583 911 vocatur,
1642 847 1916 902 nesciens
1936 847 1995 901 in
2028 863 2190 919 quae-

540 951 704 1001 nam,
746 940 949 990 utrum
982 936 1043 989 in
1070 934 1363 1004 jucunda,
1395 950 1474 990 an
1499 935 1561 990 in
1594 935 1801 1002 tristia,
1847 940 1905 991 et
1949 952 2085 1007 quae
2128 936 2189 991 in

543 1030 834 1080 aeternum
865 1023 1304 1095 protenduntur
1332 1042 1345 1089 ;
1376 1038 1571 1097 neque
1600 1023 1678 1079 ad
1709 1023 1853 1079 illud
1872 1028 2105 1080 tantum
2133 1029 2191 1080 et

542 1118 886 1170 constanter
912 1113 1184 1185 aspiciat,
1207 1128 1350 1186 quo,
1383 1114 1589 1168 anima
1627 1113 1820 1168 soluta
1845 1129 1881 1168 a
1918 1130 2187 1185 corpore,

543 1202 623 1257 ab
651 1202 1008 1258 ducentibus
1022 1201 1479 1257 transmittenda
1492 1207 1602 1266 est,
1615 1202 1888 1257 nesciens
1910 1203 2189 1273 quisnam

541 1292 737 1363 ipsam
763 1296 1115 1363 accepturus
1155 1290 1230 1344 sit
1286 1289 1479 1357 locus,
1533 1296 1733 1346 utrum
1786 1291 2059 1362 supplicii
2112 1306 2191 1346 an

541 1379 813 1451 quietis?
854 1382 1014 1437 Hanc
1080 1394 1260 1450 porro
1306 1378 1644 1434 doctrinam
1700 1384 1759 1434 et
1811 1379 2190 1450 disciplinam

540 1468 863 1537 habemus,
887 1473 952 1523 ut
979 1474 1335 1539 praesentem
1364 1468 1570 1531 vitam,
1604 1468 1811 1522 mortis
1859 1468 2191 1523 meditatio-

541 1572 681 1611 nem
713 1556 1038 1623 faciamus,
1059 1572 1195 1627 qum
1225 1556 1376 1610 bene
1400 1556 1666 1610 futurum
1698 1555 1987 1611 saeculum
2013 1556 2189 1611 nobis

541 1644 904 1715 praeparabit
938 1650 994 1699 et
1026 1643 1342 1698 commode
1399 1659 1510 1698 nos
1556 1644 1695 1698 huic
1748 1644 2079 1715 adaptabit.
2129 1647 2194 1699 Et

540 1730 699 1786 beati
728 1731 831 1803 qui
860 1731 953 1786 his
981 1729 1421 1786 hortationibus
1463 1734 1649 1786 totam
1697 1736 1959 1787 mentem
2015 1732 2191 1786 adhi-

541 1821 775 1885 bentes,
804 1824 991 1875 totam
1030 1819 1210 1874 vitam
1238 1818 1308 1873 iis
1330 1818 1696 1884 submittere,
1720 1834 1857 1874 cum
1888 1818 2081 1891 iisque
2103 1820 2189 1874 vi-

540 1924 675 1965 vere
704 1914 1016 1964 conantur.

2297 492 2414 553 λίας
2459 490 2624 565 μηδεν
2691 494 2821 566 αὐτῇ
2872 498 3247 568 προσηκούσας
3288 514 3301 526 ο
3343 494 3368 545 ὃ
3394 490 3455 551 δή
3496 514 3576 566 μοι
3614 502 3808 552 minuive

2298 600 2351 634 τι
2399 583 2682 653 θαυμάζειν
2765 585 2981 647 ἔπεισεν,
3034 582 3079 634 εἰ
3125 583 3407 653 ἄνθρωπος,
3461 582 3508 634 ἐν
3551 585 3662 657 αὐτῇ
3705 596 3809 658 γενό-

2297 688 2443 742 μενος
2496 678 2559 741 τῇ
2620 673 2891 745 ὑστεραία,
2982 671 3112 742 οὐχὶ
3156 676 3247 723 καὶ
3309 672 3493 731 πάντας
3542 674 3669 733 εὐθὺς
3724 683 3812 739 τοὺς

2298 766 2409 820 τοῖς
2497 768 2751 834 παροῦσιν
2837 759 3167 832 ἐνεχομένους
3249 757 3495 811 ἀπόλλυσι
3571 760 3810 834 λιηνισμοὺις⁹

2300 846 2428 915 ἀλλ’,
2488 851 2565 900 ἔτι
2617 856 2734 910 ταῖς
2802 854 2919 921 περὶ
2973 858 3075 900 τῶν
3166 852 3457 922 προσόντων
3517 856 3811 921 φροντισιν,ἠ

2299 936 2487 1008 μᾶλλον
2570 938 2638 989 ὧν
2718 935 2852 1009 εἶχε,
2938 941 3350 1009 συνεσχημένος,
3429 945 3706 1010 επιστροφήν
3737 959 3815 993 τινα

2298 1034 2398 1076 τῶν
2436 1025 2485 1077 ἐν
2527 1034 2599 1095 τῷ
2652 1025 2754 1098 βίῳ
2783 1035 3028 1091 ποιεῖται,
3074 1026 3127 1078 ἐν
3169 1025 3341 1086 ἄλλοις
3389 1021 3453 1083 δή
3493 1045 3594 1077 τισι
3644 1034 3814 1097 pirac-

2298 1113 2560 1185 λούμενος,
2620 1115 2714 1166 ούκ
2770 1112 2924 1177 εἰδὼς
2958 1111 3014 1167 δ’
3069 1114 3118 1166 ἐν
3175 1116 3321 1179 οἱοις,
3376 1110 3527 1171 ἡδέσι
3582 1111 3815 1174 δηλονότιὶ

2301 1205 2650 1275 σκυθρωποῖς,
2725 1204 2777 1265 ἐς
2850 1202 3133 1277 ἀπέραντον
3188 1200 3241 1255 δ’
3318 1204 3452 1274 ὅμως
3510 1212 3818 1276 παρεκτεινομίο

2299 1310 2423 1356 νοις,
2490 1289 2612 1344 οὐδὲ
2678 1296 2807 1365 πρὸς
2871 1290 3031 1344 ἐκεῖνο
3083 1296 3236 1364 μόνον
3285 1290 3533 1350 παντελῶς
3580 1289 3820 1364 ἁνεπιστρό-

2302 1399 2403 1449 φως
2426 1378 2625 1451 βλέπει,
2660 1382 2779 1432 ὅποι
2828 1377 3092 1447 δηλονότι,
3151 1380 3371 1432 λυθεῖσα
3427 1387 3512 1431 τοῦ
3562 1384 3819 1451 asparagi

2299 1467 2455 1538 ψυχὴ
2488 1474 2779 1540 μετασταίη
2831 1471 2931 1522 ύπό
2985 1478 3085 1520 τῶν
3134 1467 3362 1539 ἀγόντων
3429 1468 3720 1532 ὣκυσθείσα,
3760 1476 3822 1520 καί

2301 1564 2443 1617 ποῖος
2506 1558 2668 1615 αύτην
2746 1554 3083 1629 μεταδέξεται
3153 1565 3355 1629 χῶρος,
3398 1556 3614 1618 κολάζων
3662 1557 3686 1614 ἦ
3742 1555 3824 1608 ἆσαι

2301 1648 2500 1699 παύων.
2568 1645 2798 1718 ’Ἐχομεν
2856 1643 2915 1698 δε
2978 1651 3066 1698 xui
3143 1648 3337 1702 ταύτην
3403 1647 3590 1705 πάντως
3641 1642 3825 1696 παιδείαν

2302 1738 2391 1785 xui
2442 1737 2735 1801 νουθεσίαν,
2784 1737 2917 1787 πάνυ
2965 1754 3014 1786 τι
3089 1736 3147 1786 τὸ
3218 1733 3397 1806 μέλλον
3476 1736 3592 1805 ἡμῖν
3671 1718 3713 1784 εὖ
3763 1740 3825 1785 καὶ

2301 1822 2469 1883 καλῶς
2508 1823 2879 1896 οἰκονομοῡσαν
2946 1828 3035 1875 xui
3099 1822 3518 1895 καταρτίζουσαν
3565 1820 3679 1896 πρὸς
3718 1830 3825 1874 τοῦτο

2304 1916 2683 1983 συμφερόντως,
2734 1912 2946 1985 μελέτην
2995 1912 3098 1964 αἰεὶ
3157 1914 3380 1963 θανάτου
3462 1914 3546 1962 τὸν
3592 1907 3702 1982 τῇδε
3746 1909 3826 1981 βίον

542 1998 942 2068 ποιεῖσθαι
1009 2002 1110 2049 Καὶ
1184 1999 1435 2070 μακάριοι
1500 2015 1558 2066 γε
1606 1999 1655 2047 οἱ
1722 2000 1884 2069 ταύτῃ
1938 2005 2198 2068 νουνεχῶς
2252 2005 2578 2070 προσχόντες
2617 2000 2697 2071 (2)
2753 2008 2815 2071 τῇ
2875 2001 3138 2072 νουθεσίᾳ,
3193 2003 3284 2051 καὶ
3330 2003 3424 2057 τὴν
3483 1996 3681 2050 ἐνταῦθα
3722 1997 3827 2049 πολι-

538 2092 678 2140 τείαν
709 2086 830 2145 ὃλην
856 2082 1247 2145 σπουδάσαντες
1284 2087 1576 2137 ὑποθέσθαι
1605 2093 1667 2157 τῇ
1693 2089 2013 2157 παραινέσει,
2045 2088 2319 2158 καὶταύτῃ
2357 2091 2610 2149 συζῆσαι.

610 2174 863 2240 Quando
893 2182 1093 2230 autem
1126 2175 1257 2245 quis
1286 2190 1389 2229 eas
1443 2174 1505 2228 in
1560 2173 1858 2229 oblivione
1904 2174 2185 2245 posuerit,

538 2268 914 2336 mortemque
964 2262 1161 2335 ipsam
1212 2270 1502 2334 tanquam
1553 2263 1687 2317 vitae
1745 2262 1927 2333 hujus
1989 2276 2191 2317 rerum

538 2352 993 2408 meditationem
1024 2352 1245 2420 fecerit,
1279 2342 1370 2406 his
1404 2348 1925 2407 adhortationibus
1957 2354 2191 2407 contra-

538 2439 765 2507 dicens,
791 2454 909 2501 me,
945 2443 1006 2495 ut
1031 2438 1331 2503 dicebam,
1356 2436 1449 2492 ille
1475 2437 1537 2491 in
1580 2437 2076 2509 stupefactionem
2107 2438 2191 2492 in-

533 2526 677 2597 jicit,
721 2542 858 2581 cum
887 2526 1003 2581 hoc
1030 2525 1213 2580 modo
1242 2524 1465 2580 ultimis
1479 2525 1691 2580 diebus
1722 2531 1777 2580 et
1804 2526 1866 2580 in
1896 2527 2030 2597 ipso
2072 2524 2191 2580 ﬁne

539 2619 757 2669 utatur.
794 2614 1020 2669 Etenim
1052 2613 1100 2667 si
1129 2613 1300 2680 velis,
1331 2612 1479 2668 dum
1499 2617 1631 2682 jam
1661 2619 1717 2668 te
1742 2614 1955 2684 pungit
2004 2629 2187 2679 mors,

538 2705 895 2758 testamenta
924 2701 1235 2765 conﬁcere,
1263 2700 1505 2756 aliunde
1539 2716 1681 2756 vero
1713 2717 1836 2757 non
1860 2702 2122 2757 sustines
2155 2718 2191 2758 a

536 2790 714 2846 bonis
744 2790 1036 2860 decidere,
1079 2789 1291 2861 quidni
1321 2805 1500 2844 omne
1526 2789 1661 2845 vitae
1694 2793 1933 2862 tempus
1980 2791 2191 2845 mortis

543 2883 780 2951 tempus
811 2884 1072 2951 reputes,
1103 2884 1161 2933 et
1189 2878 1697 2950 priusquamvere
1728 2876 1866 2933 ﬁnis
1887 2878 2189 2947 adveniat,

537 2967 617 3023 ad
646 2968 845 3040 ipsum
869 2966 1215 3040 respiciens,
1245 2966 1473 3023 scribas
1503 2967 1531 3020 ?

612 3232 841 3290 Etenim
872 3249 967 3289 res
992 3234 1073 3289 ita
1103 3249 1166 3289 se
1200 3232 1381 3289 habet
1413 3251 1427 3288 :
1465 3249 1606 3289 cum
1636 3234 1762 3289 nati
1810 3233 1998 3289 simus
2039 3249 2196 3289 mor-

539 3322 710 3390 tales,
741 3339 865 3379 una
888 3323 1207 3379 nobiscum
1241 3323 1501 3393 gignitur
1530 3340 1665 3395 quae
1693 3323 1879 3379 vitam
1920 3322 2197 3377 dissolvit

541 3412 842 3483 corruptio
868 3417 926 3467 et
952 3411 1171 3467 ﬂuxus.
1203 3414 1267 3467 Et
1298 3427 1440 3467 sane
1472 3411 1646 3467 nobis
1667 3412 1728 3466 in
1759 3413 1921 3467 viam
1949 3417 2006 3466 et
2060 3411 2194 3466 vitae

541 3516 787 3556 cursum
817 3500 1215 3555 incidentibus
1244 3516 1365 3554 non
1396 3500 1579 3555 modo
1608 3500 1742 3555 licet
1772 3500 1849 3555 ab
1876 3500 2041 3555 initio
2059 3516 2199 3555 con-

544 3593 768 3644 stanter
796 3589 1271 3644 animadvertere
1298 3604 1480 3659 quem
1511 3589 1588 3644 ad
1614 3588 1795 3643 ﬁnem
1826 3588 2196 3659 requiescere

540 3676 893 3745 debeamus,
927 3677 1029 3731 sed
1035 3680 1166 3746 jam
1182 3677 1241 3730 in
1269 3677 1359 3731 his
1380 3693 1513 3748 quae
1529 3681 1909 3748 prietereunt,
1925 3677 2195 3747 aspicere

545 3782 872 3838 possumus
918 3765 1263 3835 adjunctam
1322 3766 1785 3837 corruptionem.
1844 3766 1976 3821 Vita
2035 3765 2193 3819 enim

542 3860 750 3911 nostra
776 3860 1069 3926 tanquam
1100 3854 1161 3909 in
1188 3854 1448 3924 vestigiis
1476 3860 1601 3910 tota
1647 3855 1884 3924 incedit,
1916 3860 1974 3909 et
2033 3870 2195 3909 mors

543 3959 864 4000 accurrens
893 3959 962 3999 ac
990 3943 1282 3999 comitans
1312 3943 1371 3997 id
1403 3944 1568 4015 quod
1606 3943 1726 3998 vita
1750 3948 2049 3999 transacta
2069 3942 2196 3998 reli-

542 4035 691 4107 quit,
724 4033 783 4089 id
806 4033 1005 4089 statim
1030 4032 1244 4103 accipit
1270 4032 1861 4103 comprehenditque,
1905 4032 1959 4087 et
2002 4031 2195 4087 omni-

541 4123 657 4179 bus
713 4123 847 4178 vitae
900 4122 1171 4194 partibus
1217 4121 1543 4176 ﬂuentibus
1627 4122 2195 4192 transeuntibusque

544 4212 898 4275 occidimur,
920 4226 1177 4282 quaeque
1216 4211 1343 4280 jam
1374 4211 1551 4265 morti
1580 4209 1960 4279 adjiciuntur.
1992 4212 2077 4264 lta
2106 4215 2190 4278 ut,

544 4301 594 4355 si
625 4316 787 4354 mors
819 4306 870 4355 te
927 4300 988 4353 in
1043 4300 1318 4354 timorem
1371 4299 1667 4369 injiciens,
1726 4298 1938 4354 ultima
1990 4299 2087 4354 die
2138 4304 2191 4353 te

544 4393 970 4443 testamentum
1009 4386 1303 4443 conﬁcere
1334 4387 1509 4455 cogit,
1536 4388 1745 4457 quidni
1785 4393 1841 4442 et
1865 4387 2063 4442 hodie.
2089 4386 2190 4442 illa

2302 4409 2373 4459 τῳ
2415 4394 2896 4461 προσγιγνομένοις,

543 4480 831 4545 regnante
882 4480 961 4541 (et
1017 4481 1245 4545 quanta
1292 4476 1617 4546 possideat,
1677 4475 1926 4531 omnino
1981 4474 2190 4546 vides),

544 4568 901 4621 testamenta
915 4562 1144 4623 scribis,
1166 4578 1384 4634 corpus
1398 4563 1639 4635 quidem
1658 4563 1925 4619 validum
1938 4563 2190 4628 habens,

543 4657 743 4709 mente
756 4668 896 4707 vero
908 4651 1180 4707 nondum
1198 4648 1456 4707 violento
1474 4652 1689 4707 morbo
1710 4651 1969 4718 turbata,
1999 4668 2193 4723 neque

543 4760 615 4799 ea
630 4741 987 4812 cogitatione
1001 4757 1139 4796 cum
1155 4739 1473 4795 formidine
1485 4740 1760 4811 agitatus,
1779 4740 1943 4812 quod
1975 4756 2193 4812 nempe

536 4833 667 4902 jam
696 4830 967 4887 moreris.

544 4926 791 4994 κραταιᾶς

543 5029 633 5066 νην
663 5026 677 5074 ;

611 5151 689 5219 (t)
743 5147 967 5204 Gobilis
1028 5154 1116 5205 est
1171 5149 1463 5205 Ciceronis
1506 5149 1674 5204 locus
1723 5150 1893 5204 Tusc.
1969 5163 2009 5217 1,
2081 5154 2185 5205 30:

543 5242 571 5270 ‹‹
605 5223 748 5276 Tota
777 5220 1274 5290 philosophorum
1305 5221 1434 5285 vita,
1486 5226 1550 5275 ut
1597 5221 1677 5274 ait
1734 5220 1893 5274 idem
1951 5219 2186 5289 (Plato),

541 5292 967 5348 commentatio
1000 5293 1322 5346 mortisest.
1357 5292 1544 5346 sVide
1572 5291 1891 5361 \Vyttenb.
1923 5291 2000 5347 ad
2032 5293 2192 5347 Phai-

540 5363 686 5419 don.
717 5378 774 5434 p.
806 5365 931 5429 207,
964 5367 1019 5416 et
1050 5362 1107 5414 in
1142 5361 1387 5417 Philom.
1424 5368 1461 5417 t.
1520 5363 1611 5427 lll,
1679 5379 1738 5432 p.
1790 5366 1875 5417 96.
1936 5364 2193 5434 Joannes

542 5432 783 5490 Climac.
845 5449 902 5505 p.
978 5436 1246 5505 145zAKui
1287 5435 1483 5505 -νθανμα
1528 5435 1713 5505 λόντως,
1788 5442 1892 5493 πῶς
1926 5452 2027 5505 ,και
2088 5432 2194 5485 Ἐλ-

538 5506 684 5569 ληνές
732 5525 783 5557 τι
840 5502 1068 5556 τοιοῦτον
1128 5502 1627 5576 ἐφθέγξαντο,ῗέπεί
1702 5524 1791 5555 και
1866 5504 2194 5576 φιλοσοφίαν,

538 5586 690 5630 τοῦτο
745 5576 873 5629 εἶναι
968 5576 1253 5648 οριζονται,
1365 5575 1594 5648 μεχέτην
1626 5576 1846 5628 θανάτου
1876 5575 1909 5647 νδ
1969 5576 2197 5632 Seneca

2370 2175 2530 2227 Ὀταν
2591 2174 2650 2228 δέ
2714 2197 2794 2238 τις
2845 2181 2916 2247 μὴ
2968 2181 3121 2248 μόνον
3182 2179 3383 2235 ταύτης
3460 2173 3829 2246 κατωλιγωρηκὼς

2302 2269 2503 2335 φανείη,
2547 2264 2675 2316 ἀλλά
2720 2269 2809 2316 xui
2861 2269 2948 2316 τόν
3007 2266 3224 2316 θάνατον
3264 2264 3478 2336 μελέτην
3520 2266 3689 2314 ὡσανεὶ
3721 2264 3829 2318 τιθε-

2299 2371 2388 2404 ται
2440 2354 2516 2421 (3)
2564 2360 2664 2403 τῶν
2722 2350 2769 2403 ἐν
2824 2350 2926 2424 βίῳ
2983 2356 3327 2425 πραγμάτων,
3395 2355 3524 2426 πρὸς
3606 2350 3830 2402 τούναντίον

2301 2439 2556 2498 παντελῶς
2612 2448 2704 2492 τοῦ
2786 2439 3217 2512 παραγγελματος

2301 2530 2445 2599 ἔφην,
2478 2528 2537 2579 ού
2589 2527 2764 2602 πόρρω
2807 2530 3069 2599 θαύματος
3096 2529 3121 2579 0
3161 2535 3421 2593 τοιοῦτος,
3474 2533 3641 2578 τοῦτον
3688 2522 3743 2582 δὴ
3774 2528 3832 2575 τὸν

3308 2442 3468 2507 ἥκων,
3532 2441 3701 2509 ἔμοιγε,
3746 2440 3830 2506 ὃπςρ

2301 2622 2488 2690 τρόπον
2541 2625 2645 2677 τοῖς
2694 2619 2938 2677 ὑστάτοις
3010 2625 3099 2668 xui
3142 2624 3204 2688 τῇ
3290 2616 3497 2687 τελευτῇ
3562 2618 3831 2686 κεχρημένος.

2304 2711 2403 2759 Καὶ
2475 2708 2600 2779 γὰρ,
2671 2706 2715 2758 εἰ
2774 2704 2971 2778 βούλει,
3020 2708 3292 2766 νύττοντός
3368 2723 3425 2757 σε
3499 2713 3585 2756 τοῦ
3649 2704 3831 2767 θαιάτου,

2299 2797 2512 2867 γράφειν
2595 2790 2871 2859 διαθήκας,
2957 2792 3122 2854 ἄλλως
3205 2790 3257 2845 δ’
3323 2793 3421 2845 οὐκ
3493 2792 3641 2864 ἁνεχη
3711 2788 3833 2843 δοκεῖν

2302 2881 2566 2934 ἐκπίπτειν
2626 2890 2723 2933 τῶν
2778 2888 3095 2954 προσόντων,
3154 2887 3206 2934 τί
3273 2886 3349 2954 μὴ
3418 2887 3506 2933 καὶ
3574 2883 3719 2933 πάντα
3778 2898 3835 2929 τον

2304 2972 2441 3031 ζωῆς
2466 2976 2656 3043 χρόνον
2716 2973 2936 3023 θανάτου
2967 2976 3159 3045 χρόνον
3184 2990 3243 3042 ’γε
3273 2971 3492 3043 λογίζῃ,
3543 2976 3642 3040 καὶ,
3700 2970 3831 3040 πρὶνὴ

2304 3062 2547 3129 καθαρῶς
2603 3062 2661 3111 τό
2715 3059 2856 3121 τέλος
2934 3058 3233 3131 ἀφικέσθαι,
3294 3064 3426 3133 πρὸς
3502 3059 3618 3111 αὐτὸ
3681 3058 3837 3130 γράφεις

2306 3145 2509 3220 βλέπων
2540 3165 2553 3213 ;

2377 3242 2478 3290 Καὶ
2531 3240 2633 3311 ’γὰρ
2690 3237 2851 3298 οὕτως
2912 3240 3024 3308 ἔχει
3058 3259 3071 3269 ·
3123 3238 3330 3298 θνητοῖς
3390 3239 3515 3308 ἡμῖν
3569 3255 3623 3306 γε
3654 3238 3837 3306 γεννωμέ-

2302 3346 2410 3386 νοις
2468 3331 2897 3378 συναποτίκτεταί
2954 3346 3064 3388 πως
3126 3332 3215 3379 xui
3278 3329 3311 3384 ἠ
3377 3330 3471 3384 τὴν
3551 3325 3676 3386 ζωὴν
3723 3323 3838 3377 αὐτὴν

2303 3415 2502 3467 λύουσα
2557 3417 2723 3488 φθορὰ
2775 3419 2862 3467 xui
2921 3416 3123 3488 ῥεῦσις.
3175 3420 3276 3468 Καί
3337 3434 3398 3487 ’γε
3454 3417 3591 3489 παρὰ
3634 3418 3714 3470 τὴν
3752 3408 3837 3462 όὸσι

2305 3503 2590 3576 ἐμπεσοῦσι
2621 3507 2826 3555 καὶτὸν
2882 3501 3076 3576 δρόμον
3120 3512 3211 3556 τού
3279 3503 3407 3576 βίου
3441 3510 3509 3573 μὴ
3560 3507 3695 3576 μόνον
3740 3503 3837 3552 ἔστιν

2304 3595 2429 3664 ημῖν
2489 3593 2542 3655 ἐξ
2598 3592 2773 3665 ἀρχῆς
2831 3591 3125 3653 ἀπταίστως
3183 3592 3361 3663 ἐνορᾷν
3429 3597 3551 3667 πρὸς
3597 3594 3621 3643 ὀ
3665 3587 3721 3647 δὴ
3776 3607 3836 3637 καί

2305 3684 2709 3753 καταπαύσομεν
2750 3681 2912 3749 τέλος,
2947 3680 3051 3732 ἀλλ’
3084 3679 3191 3740 ἤδη
3224 3686 3317 3734 xui
3376 3682 3426 3733 ἓν
3481 3690 3585 3742 τοῖς
3607 3680 3707 3732 καθ’
3739 3680 3836 3751 ὧραι

2307 3770 2494 3841 ζῶμεν,
2544 3772 2593 3821 ἓν
2668 3772 2874 3831 τούτοις
2930 3772 3042 3821 ἔστι
3098 3776 3318 3844 πνορᾴν
3379 3777 3469 3823 xui
3531 3775 3617 3827 τὴν
3695 3770 3838 3839 φθορὰν

2306 3859 2455 3919 εὐθύς
2496 3858 2914 3931 παρεζευγμένην
2976 3878 2989 3891 ’
3041 3860 3108 3919 ως
3151 3862 3251 3932 γὰρ
3307 3858 3358 3910 ἐν
3394 3862 3571 3931 ἰχνεσί
3611 3876 3707 3909 τισι
3747 3853 3837 3925 βαι-

2302 3950 2496 4008 νούσης
2581 3952 2674 4008 τῆς
2742 3948 2882 4008 ζωῆς
2929 3950 3073 4019 ἡμῶν
3126 3947 3340 4007 ἁπάσης
3387 3954 3478 3999 xui
3529 3956 3613 3999 τού
3672 3947 3839 3997 θανάτου

2301 4037 2645 4110 παραθέοντος
2703 4040 2792 4087 xui
2874 4044 3463 4110 συμπαρομαρτούντος,
3530 4039 3641 4108 ὅπερ
3714 4033 3837 4083 ἐκείνη

2301 4133 2501 4198 παρῆκε
2550 4121 2805 4190 διαϐᾶσα,
2854 4127 2995 4176 τοῦτ’
3052 4126 3203 4184 εὐθὺς
3277 4126 3433 4185 αὐτὸς
3497 4121 3839 4198 μεταδεξάμενος

2302 4213 2487 4284 ὑφεῖλε,
2521 4217 2609 4263 καὶ
2648 4214 2997 4285 νενεκρὼμεθα
3034 4212 3217 4264 λοιπὸν
3272 4220 3407 4266 πᾶσι
3462 4222 3566 4273 τοῖς
3615 4220 3699 4272 τῆς
3742 4214 3839 4270 Chii;

2303 4305 2482 4375 μέρεσι
2518 4301 2699 4374 ῥέουσι
2727 4306 2816 4352 xui
2865 4306 3295 4373 παρερχομένοις,
3350 4307 3441 4353 καί
3506 4321 3564 4372 γε
3612 4309 3675 4370 τῷ
3731 4299 3840 4349 θανά·

2974 4389 3150 4451 "Qa-1”,

2303 4473 2668 4549 δεδιττόμενος
2709 4478 2791 4529 ἐπὶ
2831 4485 2924 4538 τῆς
2978 4478 3271 4537 τελευταίας
3336 4477 3576 4550 βιάζεται
3629 4473 3838 4530 διαθηκῶν

3228 4394 3367 4463 εἴπερ
3437 4391 3463 4441 0
3536 4392 3731 4446 θάνατός
3801 4400 3839 4432 σε

2302 4567 2620 4637 μεμνῆσθαι,
2678 4570 2728 4617 τί
2781 4570 2851 4637 μὴ
2886 4571 2974 4618 xui
3006 4571 3099 4624 τὴν
3142 4572 3385 4641 σήμερον,
3448 4563 3839 4619 ἐνδυναπεᾶοντος

2300 4657 2487 4705 τούτου
2549 4656 2658 4725 (και
2717 4653 2919 4727 βλέπεις
2976 4656 3182 4717 πάντως
3236 4658 3428 4708 ὁπόσον
3508 4647 3839 4726 ἐγκαταλαμϐά-

2300 4742 2413 4814 τη),
2462 4745 2677 4816 ’γράφεις
2754 4746 2847 4803 τὰς
2905 4739 3183 4807 διαθηκας,
3255 4743 3548 4818 ἐρρωμένως
3740 4741 3839 4808 ἔχων

2300 4838 2392 4882 τού
2433 4837 2692 4903 σώματος,
2735 4837 2805 4902 μή
2875 4851 2955 4883 πω
2998 4828 3057 4883 δὲ
3113 4836 3196 4884 τὸν
3257 4840 3374 4884 νοῦν
3438 4823 3838 4903 διεφθαρμένοςά

882 4920 1274 4977 κατασεισάσης
1361 4922 1540 4988 νόσου,
1619 4914 1757 4989 μηδὲ
1819 4923 1911 4976 τὴν
1996 4914 2231 4971 διάνοιαν
2282 4920 2527 4992 οὐμενοῦν
2581 4922 2681 4972 ὑπὸ
2732 4917 2883 4981 δέους
2938 4924 3076 4992 ἔχων
3131 4923 3212 4973 ὃτι
3264 4924 3501 4980 θνήσκεις
3545 4916 3838 4987 τεθορυϐημέ-

2371 5149 2549 5220 Epist.
2568 5154 2635 5205 26
2663 5169 2725 5205 :«
2753 5148 3032 5205 Meditare
3050 5157 3319 5206 mortem.
3342 5173 3366 5198 ››
3386 5150 3549 5205 Adde
3573 5149 3835 5217 Diogenem

2303 5221 2479 5292 Epist.
2524 5225 2584 5276 ιο
2616 5223 2720 5276 init
2768 5223 2827 5276 in
2861 5223 3033 5277 Notit.
3066 5224 3200 5276 Mss.
3236 5227 3275 5279 t.
3304 5224 3362 5276 x.

2376 5293 2449 5361 (2)
2466 5292 2665 5366 Codex
2690 5296 2773 5347 sic
2802 5310 2815 5353 ;
2850 5293 2956 5347 sed
2996 5292 3139 5348 olim
3169 5293 3278 5349 fuit
3306 5298 3668 5366 προσσχόντες.
3707 5281 3835 5344 Conf.

2301 5368 2425 5417 not.
2459 5368 2511 5427 9,
2536 5365 2647 5418 col.
2686 5366 2841 5419 1386.
3348 5365 3351 5366 ⁷
3802 5423 3809 5430 ,

2375 5435 2451 5501 (3)
2482 5434 2771 5507 Relinque
2834 5436 2954 5486 ὅταν
3012 5440 3186 5507 φανείη
3240 5440 3330 5487 xui
3358 5437 3585 5507 τιθῆται,
3625 5443 3743 5507 cum
3772 5440 3835 5477 Vl‘

2302 5502 2562 5631 {legitur
2589 5502 2777 5563 sic—ab
2810 5502 3049 5563 auctore
3080 5507 3232 5579 ipso,
3298 5522 3417 5563 non
3448 5522 3477 5561 θ
3518 5502 3751 5562 librario,
3776 5509 3837 5549 re-

2346 5591 2377 5630 c
2448 5618 2461 5631 .

2346 5591 2461 5632 ota.
