4054 6212
210 266 352 320 1469

1631 269 2158 328 TESTAMENTUM.

3433 280 3572 335 {470

285 389 408 442 Οἷον
446 390 545 462 γὰρ
578 384 646 446 δή
692 393 782 440 καὶ
828 396 1000 453 τοῦτο,
1057 393 1178 444 ὅταν
1219 413 1442 470 πυρετος
1495 394 1678 469 λάϐρος
1733 399 1781 462 ('l

1995 397 2296 463 Quidnam
2349 403 2594 473 patieris
2641 401 2892 474 quando
2961 406 3017 458 te
3071 402 3334 459 adurens
3387 402 3570 459 febris

211 477 556 550 ἀναφλεχθεὶς
643 475 858 550 ἐκτήκη,
930 486 1144 554 κρείττω
1224 489 1314 535 καὶ
1369 483 1555 558 ἰατρῶν
1618 488 1811 555 τέχνης

208 572 299 620 καὶ
331 570 504 628 πάσης
537 564 690 628 ἄλλης
733 576 982 638 μηχανῆς
1007 575 1098 628 τήν
1151 570 1323 644 ἀκμήν
1363 576 1520 644 ἔχων,
1575 579 1665 624 καὶ
1717 578 1810 631 τήν

207 659 402 731 φθορὰν
454 660 547 708 καὶ
589 655 738 708 λύσιν
794 659 1236 732 κατεργαζόμενος
1303 662 1536 733 εὐτόνως,
1610 667 1700 714 καί
1751 681 1811 733 γε

203 749 294 798 τὸν
335 743 531 817 δεσμὸν
560 743 837 819 παραλύων
863 750 949 798 τὸν
988 757 1079 809 τῆς
1108 748 1296 821 ψυχῆς
1350 756 1441 803 καὶ
1484 758 1574 803 τοῦ
1624 757 1808 822 σώμα-

205 854 310 901 τος,
341 835 370 892 ἧ
403 835 524 885 ὅταν
597 833 749 907 ῥῖγος
791 833 1147 910 ἐπεισφρῆσαν
1203 842 1290 890 τὸν
1359 839 1473 892 ὅλον
1551 839 1805 912 συγκλονῇ

209 925 506 994 σωματικὸν
563 925 738 993 ὄγκον,
800 928 892 976 καὶ
956 928 1021 977 τα
1067 929 1253 979 τούτου
1292 930 1494 1000 πέρατὰ
1545 928 1805 1000 καταλαμ-

205 1010 334 1084 ϐάνῃ
409 1014 713 1084 νεκροποιὸν
783 1011 981 1084 ψῦχος,
1058 1022 1150 1066 τοῦ
1239 1016 1463 1076 ζωτικοῦ
1519 1021 1808 1089 πνεύματος

207 1098 613 1171 συστελλομένου
692 1105 781 1152 καὶ
858 1100 956 1174 βίᾳ
1002 1108 1120 1176 περὶ
1177 1108 1270 1162 τὴν
1320 1101 1545 1178 καρδίαν
1596 1103 1805 1176 ἀναχω-

200 1195 435 1261 ροῦντος,
485 1185 598 1239 εἶτα
662 1194 898 1261 προσιών
955 1210 1032 1252 τις
1091 1188 1400 1264 διαλέγηται
1453 1198 1570 1265 περὶ
1631 1213 1804 1266 γραμ-

199 1279 376 1348 μάτων
429 1279 524 1334 τὴν
566 1276 748 1328 οὐσίαν
805 1280 1253 1352 καταμεριζοντων
1322 1286 1413 1332 καὶ
1492 1281 1804 1334 ἀποταττόν-

197 1385 299 1416 των
338 1364 558 1439 κλήρους
606 1372 710 1426 τοῖς
767 1368 844 1418 ἔτι
903 1377 976 1438 τῷ
1041 1367 1144 1440 βίῳ
1197 1375 1600 1443 περιεσομένοις,
1656 1376 1745 1424 καὶ
1774 1373 1801 1423 ὁ

196 1457 482 1525 μενταῦτα
510 1452 859 1528 συμϐουλεύῃ,
919 1457 944 1508 ὁ
995 1454 1072 1522 δὲ,
1119 1477 1250 1530 προς
1294 1463 1387 1516 τήν
1437 1458 1597 1518 ἀκοήν
1647 1460 1801 1522 εὐθὺς

195 1545 494 1614 παταχθεὶς
557 1539 734 1604 δεινῶς
797 1547 889 1600 τὸν
928 1541 1172 1619 καρδίαν,
1228 1546 1405 1599 ἑαυτὸν
1452 1556 1543 1608 τῆς
1595 1555 1800 1623 μακρᾶς

196 1630 396 1692 πλάνης
444 1636 536 1683 καὶ
587 1640 682 1693 τῆς
732 1632 926 1695 πολλῆς
987 1637 1183 1696 ἐκείνης
1235 1641 1588 1708 ματαιότητος
1643 1637 1797 1689 ταλα-

195 1723 340 1792 νίζη,
371 1719 456 1792 ὑφ’
486 1721 546 1782 ἧς
573 1721 744 1791 ἠγνόει
772 1725 859 1774 τὸν
917 1728 1086 1774 πάντα
1131 1733 1227 1785 τῆς
1284 1725 1425 1788 ζωῆς
1472 1730 1663 1798 χρόνον
1705 1746 1796 1778 κα-

195 1808 547 1880 τειλημμένος,
611 1815 700 1862 καὶ
772 1807 1022 1884 διελέγχη
1069 1809 1139 1870 δὴ
1214 1818 1330 1866 τότε
1389 1834 1447 1866 το
1523 1819 1795 1888 παρεστὼς

197 1900 381 1968 αἴφνης
432 1905 529 1958 τῆς
583 1895 858 1960 ἀπλανοῦς.
932 1902 1322 1962 συναισθήσεως
1371 1907 1489 1963 τοὺς
1557 1905 1793 1975 μόχθους

191 1982 418 2046 ἐκείνους
471 1989 560 2037 καὶ
625 1993 800 2039 πᾶσαν
875 1988 1016 2058 αὐτῷ
1070 1994 1164 2047 τήν
1231 1995 1483 2064 προτέραν
1551 1989 1790 2050 σπουδήν

190 2072 302 2132 εἰκῆ
370 2079 461 2125 καὶ
503 2077 673 2146 μάτην
727 2074 1109 2134 ἐκπεπονῆσθαι
1153 2082 1241 2130 καὶ
1303 2083 1434 2154 πρὸς
1471 2077 1620 2132 οὐδὲν
1669 2085 1788 2152 ὄφε-

189 2161 277 2224 λος
321 2161 621 2221 ἀπαντῆσαι
670 2180 686 2231 ;
731 2166 852 2216 ὅταν
932 2174 1056 2236 γοῦν
1127 2175 1316 2235 ταῦτα,
1386 2174 1476 2220 καὶ
1532 2172 1788 2230 τοιούτοις

188 2249 619 2323 ἐνασχολουμένῳ
647 2249 784 2323 τῷδε
825 2250 928 2314 τοῖς
978 2253 1250 2327 λογισμοῖς
1313 2259 1786 2328 προσεπιτιθῶνται

185 2343 278 2390 καὶ
304 2348 402 2391 τῶν
454 2345 684 2411 γνησίων
735 2341 866 2394 εἰσὶν
917 2342 965 2394 οἳ
1004 2348 1094 2394 καὶ
1148 2352 1248 2396 τῶν
1291 2343 1462 2413 ξένων,
1507 2347 1576 2409 οἱ,
1626 2349 1784 2418 χρέος

185 2428 361 2502 ὥσπερ
451 2429 629 2492 αὐτοῖς
710 2428 938 2502 ἀνάγκης
1006 2431 1062 2494 ἐξ
1113 2431 1324 2494 ἁπάσης
1401 2433 1780 2506 ἐπωφλημένον,

184 2521 443 2591 χρήματα
507 2516 697 2571 ἐκείνου
773 2524 862 2571 καὶ
916 2523 1201 2594 πράγματα
1273 2519 1540 2574 διαλαϐεῖν
1624 2522 1782 2584 ἐκζη-

184 2613 410 2672 τοῦντες,
459 2612 546 2660 καί
583 2628 642 2679 γε
688 2606 994 2682 βιαζόμενοι
1049 2613 1479 2683 συμμερίσασθαι
1520 2614 1614 2674 τὰς
1661 2617 1784 2671 κτή-

187 2712 314 2761 σεις,
347 2695 454 2747 οἷον
509 2691 576 2754 δή
627 2702 717 2756 καὶ
768 2697 1051 2767 τοῦτο;’0
1103 2701 1193 2770 μὲν
1248 2701 1347 2774 γὰρ
1403 2695 1598 2774 διαιρεί
1651 2704 1784 2753 κατὰ

183 2788 278 2841 τήν
341 2785 554 2851 οἰκείαν,
609 2785 667 2837 ού
703 2790 806 2858 μὴν
859 2783 919 2838 δὲ
974 2791 1109 2839 κατὰ
1167 2793 1261 2846 τήν
1300 2787 1499 2840 ἐκείνων
1560 2787 1779 2842 ἑκάστου

184 2870 432 2930 ϐούλησιν
490 2870 615 2927 ούδέ
669 2893 728 2945 γε
781 2877 918 2926 κατὰ
971 2879 1060 2932 τήν
1119 2875 1387 2934 ἄπληστον
1445 2877 1636 2949 ἔφεσιν·
1689 2882 1780 2930 καὶ

186 2959 338 3014 αὐτοὶ
401 2961 578 3015 λοιπὸν
645 2960 1166 3036 δυσανασχετοῦντες
1225 2963 1633 3039 ἀποστρέφονται
1683 2971 1778 3023 τὴν

185 3043 424 3122 χάριν,ὂ
601 3050 750 3104 πλέον
804 3052 1126 3125 εἰσπράττων
1175 3053 1204 3110 ἣ
1265 3054 1386 3104 ὁσον
1424 3052 1611 3114 ἐκὲῐνος
1650 3059 1778 3106 ἑκὼν

185 3143 318 3188 εῖναι
370 3134 610 3206 δίδωσιν,
666 3141 693 3192 ὁ
747 3137 807 3192 δὲ
867 3145 960 3198 τὴν
1008 3143 1131 3198 ἴσην
1180 3149 1368 3214 μοῖραν
1414 3139 1778 3214 δυσχεραίνων

183 3224 276 3276 καί
342 3229 414 3298 μή
459 3229 591 3279 πάνυ
637 3247 690 3280 τι
749 3225 1212 3300 καταδεδεγμένος·
1279 3233 1417 3282 ἔστιν
1481 3235 1535 3293 ὅς
1599 3236 1777 3285 καὶτὸ

179 3315 396 3386 νεμηθὲν
466 3315 577 3368 ὅλον
655 3316 910 3370 ἀπείπατο
974 3317 1169 3388 τελέως,
1245 3324 1336 3370 καὶ
1403 3320 1433 3377 ἡ
1517 3325 1778 3393 πρόφασις

178 3403 437 3478 εὐπρεπής
491 3409 581 3458 καὶ
627 3409 686 3458 το
739 3403 1009 3479 δικαίωμα
1068 3414 1322 3479 γενναῖον·
1353 3429 1380 3458 ››
1431 3409 1598 3479 πολλῷ
1671 3412 1774 3486 γὰρ

176 3491 368 3560 πλεῖον,
443 3517 462 3543 ι
526 3499 678 3567 φησί,
741 3516 769 3545 ››
832 3500 1073 3568 νομίσας,
1143 3495 1381 3569 βεϐαίαις
1445 3501 1494 3550 ἐν
1570 3498 1773 3552 ἐλπίσιν

1921 494 2250 560 consumet,
2278 491 2642 548 medicorum
2677 495 2799 548 arte
2827 496 2888 546 et
2915 489 3035 546 alia
3059 492 3272 563 quavis
3295 491 3565 558 validior,

1921 589 1993 628 ac
2019 575 2300 633 violenter
2335 581 2781 653 corruptionem
2806 579 3387 652 dissolutionemque
3429 596 3568 653 ope-

1919 663 2166 732 rabitur,
2198 666 2510 740 solvetque
2539 670 2758 725 animae
2777 674 2834 724 et
2883 668 3152 740 corporis
3207 669 3514 726 vinculum
3547 687 3561 736 ;

1919 757 2022 806 aut
2059 754 2308 824 quando
2329 757 2516 829 frigus
2541 758 2762 813 sensim
2801 757 3133 829 procedens
3170 772 3416 814 omnem
3443 759 3566 827 agi-

1918 838 2066 896 tabit
2093 843 2360 913 corporis
2385 844 2627 912 molem,
2650 851 3066 918 extremasque
3085 849 3280 917 partes
3304 861 3565 917 occupa-

1915 926 2002 982 bit
2029 929 2394 1003 ubicumque
2421 939 2674 990 mortem
2695 934 2888 990 ferens
2921 931 3205 1008 ;quando
3252 934 3565 989 viviﬁcans

1917 1015 2158 1086 spiritus
2189 1020 2557 1076 coercebitur
2583 1028 2642 1076 et
2665 1021 2724 1076 in
2751 1037 2856 1077 cor
2883 1021 3125 1078 tandem
3181 1021 3437 1089 recedet,
3491 1038 3564 1078 ac

1915 1105 2130 1161 deinde
2155 1107 2370 1180 aliquis
2397 1110 2713 1177 accedens,
2763 1115 2962 1166 tecum
2996 1115 3133 1180 aget
3159 1111 3235 1166 de
3275 1110 3562 1167 codicillis

1911 1190 2077 1248 bona
2106 1200 2211 1249 tua
2239 1195 2641 1252 dividentibus
2659 1197 3158 1270 haereditatesque
3183 1201 3318 1254 tuas
3348 1198 3418 1253 iis
3455 1198 3562 1270 qui

1913 1289 2267 1352 supererunt
2297 1285 2769 1355 assignantibus,
2803 1291 3008 1359 tuque,
3029 1287 3226 1343 statim
3247 1301 3318 1341 ac
3348 1285 3560 1342 audie-

1910 1369 1990 1424 ris
2021 1371 2199 1426 corde
2225 1373 2604 1429 vehementer
2624 1374 2924 1442 turbatus,
2974 1375 3236 1446 teipsum
3292 1390 3330 1430 a
3375 1375 3560 1446 longo

1909 1473 2105 1514 errore
2135 1465 2193 1515 et
2221 1467 2509 1532 perpetua
2534 1462 2634 1517 illa
2659 1463 2918 1518 vanitate
2963 1467 3212 1532 avertes,
3269 1479 3393 1535 qua
3435 1468 3561 1520 tota

1906 1545 2029 1601 vita
2052 1546 2338 1619 deceptus
2364 1564 2428 1604 es
2457 1551 2749 1611 nesciens,
2815 1551 3306 1622 convincerisque
3357 1551 3558 1606 statim

1907 1640 2068 1690 certo
2093 1635 2390 1692 intellectu
2431 1653 2640 1694 omnes
2693 1638 2824 1694 illos
2881 1638 3121 1695 labores
3190 1654 3556 1710 omnemque

1904 1723 2163 1794 priorem
2197 1741 2405 1781 curam
2435 1742 2589 1782 vane
2628 1727 2966 1798 impensam
3007 1727 3189 1783 fuisse
3217 1743 3328 1782 nec
3384 1728 3556 1799 quid-

1902 1827 2088 1884 quam
2117 1813 2255 1869 utile
2275 1814 2562 1870 habuisse
2593 1815 2620 1870 ?
2642 1815 2898 1881 Quando
2909 1815 3228 1886 haecigitur
3239 1815 3334 1885 agi
3357 1830 3553 1888 caepe«

1901 1901 2034 1973 rint,
2068 1908 2124 1957 et
2151 1904 2400 1975 quando
2424 1904 2509 1960 illi
2545 1905 2760 1961 talibus
2790 1911 3084 1978 occupato
3127 1905 3552 1978 supervenient

1898 1991 1990 2046 vel
2020 1993 2302 2063 extranei,
2349 1995 2454 2066 qui
2484 1999 2774 2068 tanquam
2795 2011 2868 2051 ex
2918 1995 3266 2052 necessitate
3315 1993 3550 2050 debitas

1896 2079 2055 2134 illius
2075 2096 2170 2135 res
2199 2097 2269 2136 ac
2293 2082 2532 2138 divitias
2559 2083 3068 2155 comprehendere
3088 2083 3371 2149 nitantur,
3404 2098 3544 2154 pro-

1897 2167 2147 2240 priaque
2177 2170 2364 2242 ipsius
2386 2171 2552 2227 bona
2578 2171 2689 2227 sibi
2725 2173 2872 2245 ipsis
2902 2172 3259 2228 distribuere
3303 2176 3544 2242 cogant,

1894 2257 2041 2329 quid
2104 2257 2245 2314 inde
2315 2260 2566 2315 evenit?
2622 2261 2726 2316 Hic
2791 2261 2953 2317 enim
3016 2260 3224 2316 dividit
3277 2277 3386 2334 pro
3432 2277 3544 2317 sua

1896 2345 2216 2418 voluntate,
2273 2365 2394 2404 non
2423 2349 2594 2420 juxta
2613 2350 3091 2423 uniuscujusque
3129 2365 3339 2405 eorum
3362 2349 3542 2406 bene-

1893 2435 2198 2507 placitum,
2240 2453 2434 2510 neque
2476 2439 2648 2509 juxta
2721 2439 3083 2512 inexpletam
3131 2439 3539 2510 cupiditatem.

1893 2526 1959 2579 Et
1987 2523 2070 2580 illi
2093 2524 2474 2596 indignantes
2500 2527 2754 2596 gratiam
2795 2532 3076 2596 renuunt,
3108 2527 3263 2590 alius
3292 2527 3541 2600 quidem

1890 2612 2066 2683 plura
2093 2619 2446 2686 exspectans
2475 2631 2661 2686 quam
2685 2631 2822 2688 quas
2849 2615 2945 2672 ille
2969 2615 3180 2671 volens
3228 2631 3300 2670 ac
3343 2613 3539 2670 libens

1889 2701 2103 2767 tradit;
2131 2702 2281 2758 alius
2315 2719 2449 2759 vere
2492 2704 2788 2776 aequalem
2844 2708 3075 2760 tantum
3127 2703 3242 2760 sibi
3306 2709 3540 2776 partem

1888 2789 2102 2846 donari
2131 2806 2254 2846 non
2293 2791 2424 2858 fert,
2474 2808 2584 2848 nec
2623 2795 2889 2865 seipsum
2918 2809 3042 2850 non
3073 2793 3208 2865 plus
3247 2792 3535 2866 accipere.

1889 2880 1986 2934 Est
2005 2879 2108 2950 qui
2136 2885 2330 2936 totum
2377 2881 2545 2952 quod
2590 2881 2706 2953 ipsi
2748 2897 3106 2937 concessum
3151 2886 3240 2937 est
3287 2881 3532 2952 rejiciat,

1887 2973 2362 3040 praetextumque
2388 2969 2714 3026 decendem
2737 2970 2956 3042 jusque
2985 2984 3345 3039 generosum
3368 2970 3536 3026 adhi—

1884 3053 2112 3111 beat:«
2150 3057 2327 3112 Multo
2379 3057 2632 3127 majora,
2685 3057 2896 3130 inquit,
2964 3056 3406 3129 exspectabam,
3477 3063 3536 3114 et

1883 3141 2062 3200 ﬁrma
2089 3159 2194 3216 spe
2252 3145 2502 3200 nitebar.
2541 3166 2560 3194 ι
2599 3146 2714 3201 Sed
2778 3151 3002 3214 tamen,
3098 3161 3247 3200 num
3297 3150 3534 3218 tempus

1887 3232 1964 3288 ad
1993 3232 2256 3289 lamenta
2313 3249 2384 3289 ac
2448 3233 2705 3303 gemitus
2769 3234 2997 3304 invitat,
3068 3233 3167 3288 alii
3233 3249 3305 3290 eo
3365 3234 3532 3308 quod

1885 3337 2003 3378 non
2032 3322 2103 3377 iis
2140 3337 2250 3394 pro
2305 3328 2501 3379 mente
2548 3322 2894 3378 successerit
2935 3323 2996 3378 in
3035 3337 3274 3396 pugnas
3309 3324 3530 3395 saepius

1884 3411 2126 3482 abeunt,
2159 3409 2460 3485 lacrymas
2491 3411 2882 3484 doloremque
2914 3412 3266 3483 omittentes,
3308 3412 3531 3469 doloris

1883 3505 2144 3572 tempus,
2166 3500 2305 3556 belli
2332 3517 2402 3556 ac
2429 3499 2623 3556 litium
2654 3507 2890 3573 tempus
2922 3489 3332 3572 designantes.

173 3588 441 3664 ἐθάρρουν
475 3613 497 3642 α
531 3592 590 3644 ού
634 3597 738 3664 μὴν
787 3591 934 3658 ἀλλὰ,
982 3613 1072 3644 και
1125 3602 1214 3645 τοῦ
1263 3602 1447 3666 καιροῦ
1498 3595 1778 3658 καλοῦντος
1823 3600 1954 3671 πρὸς
1998 3597 2232 3670 οἰμωγὰς
2297 3617 2387 3649 και
2441 3600 2682 3672 θρήνους,
2745 3604 2795 3650 οί
2845 3595 2925 3666 δὲ,
2973 3618 3186 3670 ’γνωμης
3239 3597 3526 3672 ἀπληστίᾳ,

172 3675 385 3750 δάκρυα
438 3682 606 3733 πάντα
645 3700 737 3732 και
781 3685 838 3733 τὸ
889 3683 1087 3733 πενθεῖν
1138 3685 1526 3756 παρωσάμενοι,
1585 3689 1634 3760 ἐς
1691 3686 1872 3755 μάχας
1927 3685 2175 3746 πολλάκις
2212 3706 2302 3738 και
2338 3691 2464 3760 πρὸς
2492 3686 2738 3748 ἀλλήλους
2777 3696 3041 3760 χωροῦσι,
3073 3692 3161 3740 τὸν
3206 3695 3299 3740 τοῦ
3327 3690 3528 3750 πάθους

169 3761 354 3841 καιρὸν
383 3766 555 3842 ἔριδος
579 3772 767 3822 ὡσανεί
795 3773 974 3844 καιρὸν
1004 3790 1094 3822 και
1123 3770 1345 3843 πολέμου
1379 3757 1625 3834 τιθίντεςί

247 3863 347 3910 Και
399 3861 465 3910 τὰ
549 3861 774 3916 ἐντεῦθεν
839 3860 1109 3926 τίνα;Ὀ,
1202 3864 1390 3932 τρόπον
1450 3865 1502 3911 ὅν
1559 3864 1768 3933 ἔφημεν,

168 3951 583 4019 κατηπειγμένος
646 3951 778 4021 πρὸς
854 3951 948 4006 τὴν
1013 3945 1294 4020 ἐκδημίαν,
1384 3951 1451 4000 τὰ
1507 3953 1597 4020 μὲν
1656 3957 1772 4012 ταῖς

165 4039 370 4086 ἐκείνων
425 4039 718 4107 χαυνωθεὶς
781 4055 872 4087 και
935 4036 1298 4107 μαλακισθείς,
1372 4037 1484 4109 αἷμα
1549 4033 1608 4090 δὲ
1678 4059 1768 4090 και

165 4124 410 4194 καθυφείς
495 4123 865 4195 λογομαχίαις,
927 4125 993 4174 τὰ
1083 4120 1140 4176 δὲ
1205 4123 1517 4196 βουλόμενος
1583 4125 1765 4178 ἑαυτὸν

165 4208 481 4282 ἀπαλλάξαι,
539 4211 982 4283 ἀπαλλαττόμενον
1037 4208 1145 4270 ἤδη
1213 4219 1298 4265 τοῦ
1352 4213 1488 4278 ϐίου,
1542 4234 1632 4265 και
1669 4223 1765 4276 τῆς

161 4302 385 4350 ἐκτόπου
431 4302 625 4361 ταύτης
672 4303 914 4372 ἐπηρείας
967 4319 1057 4350 και
1107 4305 1225 4374 περί
1271 4301 1427 4354 αὐτόν
1465 4321 1519 4353 τε
1562 4323 1651 4354 και
1702 4307 1760 4355 τὸ

160 4383 337 4438 δίκιον
411 4386 806 4460 ἀγνωμοσύνης,
875 4386 1015 4459 ἀφείς
1079 4393 1144 4440 τὰ
1225 4392 1360 4441 κατὰ
1436 4395 1644 4462 γνώμην
1710 4396 1758 4442 ἐν

159 4471 446 4538 διαθήκαις
487 4479 718 4552 γράφειν,
773 4478 961 4551 γράφει
1025 4480 1092 4528 τὰ
1117 4485 1213 4537 τῆς
1261 4475 1588 4550 τυραννίδος.
1633 4476 1759 4531 Εἶτα

156 4569 228 4618 τὰ
271 4568 558 4640 γράμματα
602 4567 894 4620 τελευταίαν
946 4571 1074 4638 φασί
1132 4566 1386 4638 βούλησιν
1440 4587 1528 4618 και
1581 4567 1759 4626 ἀκίνη-

155 4661 246 4708 τόν
283 4675 402 4710 τινα
447 4653 729 4723 διαθήκην,
787 4676 877 4708 και
927 4659 996 4716 ὡς
1069 4656 1264 4718 ἔξεστιν
1317 4653 1493 4708 ούδενί
1560 4656 1758 4710 ἀθετεῖν

155 4763 250 4797 και
293 4755 620 4818 παραποιείν·
675 4766 766 4798 και
821 4752 1038 4798 τοιαῦτα
1085 4747 1135 4796 οἶ
1187 4743 1497 4816 ϐιασάμενοι
1555 4745 1758 4818 ἰσχυρά

154 4853 250 4885 και
304 4843 513 4905 γενναῖα
579 4842 688 4896 τοῖς
744 4836 1104 4909 ἀπροαιρέτως
1169 4853 1260 4885 και
1324 4840 1758 4908 κατηναγκασμὰ

155 4943 265 4984 νοις
323 4923 748 4996 ἐπιψηφίζονται.

229 5012 372 5066 Ἀλλ’
464 5013 559 5065 οὐκ
643 5017 744 5082 ἐγὼ
808 5015 988 5072 οὕτως’
1048 5010 1176 5078 ἀλλ’,

155 5104 352 5173 τρόπον
409 5095 702 5173 δοκιμάσας
755 5104 803 5154 ἐν
850 5107 955 5160 τοῖς
1010 5102 1262 5160 τοιούτοις
1318 5101 1534 5173 ἄριστον
1575 5104 1756 5171 ἔγνων,

153 5189 295 5244 τοῦτ’
321 5186 396 5250 ἥδ
399 5210 428 5248 η
457 5210 547 5242 και
574 5194 658 5242 ἐπί
681 5197 788 5248 τοῖς
824 5188 1047 5261 ἐμαυτοῦ
1079 5188 1275 5261 πράξω.
1301 5194 1370 5242 Τὸ
1402 5185 1462 5241 δέ
1490 5193 1604 5241 ἐστι
1631 5191 1707 5262 (2)
1741 5212 1753 5262 ;

223 5287 354 5347 Νῦν,
397 5281 480 5332 ὅτε
515 5284 671 5332 νόσου
725 5275 890 5351 μηδὲν
941 5277 1162 5349 ἐνοχλεῖ,
1212 5286 1320 5344 νῦν,
1351 5283 1432 5330 ὅτε
1478 5283 1548 5351 μὴ
1599 5299 1756 5334 κατα-

226 5389 272 5454 tt
289 5399 305 5456 )
337 5387 483 5444 Cod.
513 5386 721 5460 λαῦρος.

225 5452 301 5531 (2)
333 5460 424 5516 Sic
455 5452 662 5515 codeit.
698 5459 920 5514 Forsan
945 5461 1008 5509 Τί
1031 5453 1090 5508 δέ
1115 5460 1228 5509 ἐστι
1251 5474 1264 5525 ;
1297 5453 1420 5509 τόδε
1447 5452 1506 5508 δέ
1531 5475 1643 5510 εστι
1668 5461 1749 5536 ri;

1255 5015 1378 5083 ὅπερ
1445 5015 1500 5064 ἐκ
1565 5015 1757 5074 παντὸς

1953 3865 2016 3920 Et
2044 3879 2180 3935 quae
2213 3870 2423 3937 postea
2448 3870 2782 3938 sequuntur
2803 3867 2833 3922 ?
2863 3866 2994 3932 Qui,
3022 3881 3144 3937 quo
3174 3865 3358 3922 modo
3373 3865 3525 3921 dixi-

1878 3967 2036 4014 mus,
2068 3952 2148 4007 ad
2174 3959 2424 4009 mortem
2458 3954 2538 4008 ita
2567 3953 2863 4008 adductus
2891 3951 3233 4020 est,‘eorum
3274 3953 3524 4024 quidem

1875 4040 2047 4094 vanis
2078 4042 2456 4097 sermonibus
2486 4041 2825 4096 debilitatus
2850 4057 2920 4097 ac
2953 4041 3214 4096 mollitus
3237 4048 3289 4097 et
3311 4041 3523 4098 subac-

1873 4133 1988 4196 tus,
2030 4128 2440 4200 seipsumjam
2479 4129 2599 4184 vita
2631 4128 2966 4193 liberatum,
3030 4127 3234 4184 volens
3278 4145 3521 4202 quoque

1870 4215 2125 4272 liberare
2164 4217 2471 4273 abinsana
2495 4218 2606 4273 hac
2619 4217 2953 4284 insolentia,
2977 4217 3174 4272 nonin
3199 4221 3519 4274 testamen-

1873 4306 1944 4360 tis
1961 4321 2069 4378 pro
2081 4306 2249 4362 libitu
2263 4307 2543 4378 disponit,
2562 4306 2664 4362 sed
2674 4307 2848 4376 juxta
2861 4322 3088 4361 meram
3113 4307 3517 4379 tyrannidem.

1872 4394 2094 4450 Deinde
2113 4394 2365 4450 codicilli
2384 4395 2656 4451 ultimam
2685 4393 3277 4451 dicuntvoluntatem
3307 4402 3366 4452 et
3410 4397 3518 4452 im-

1869 4483 2087 4539 mobile
2119 4484 2432 4556 quoddam
2471 4489 2922 4552 testamentum,
2965 4490 3021 4540 et
3058 4484 3171 4540 tale
3201 4490 3267 4539 ut
3292 4487 3518 4542 nemini

1869 4571 2041 4628 liceat
2069 4572 2216 4627 illud
2241 4577 2506 4627 avertere
2519 4579 2574 4628 et
2602 4574 3171 4630 contemnere.Talia
3198 4574 3377 4644 igitur
3389 4574 3516 4644 jus-

1869 4666 2072 4716 serunt
2108 4660 2256 4729 ﬁeri,
2281 4665 2337 4716 et
2366 4661 2564 4717 valida
2589 4677 2659 4717 ac
2683 4667 2815 4717 rata
2853 4661 3181 4718 decernunt
3201 4677 3337 4734 quae
3392 4677 3515 4717 non

1865 4748 2215 4815 voluntarie,
2247 4748 2356 4805 sed
2379 4754 2584 4806 coacte
2623 4749 2780 4806 facta
2809 4755 2968 4807 sunt.

1935 5015 2062 5069 Non
2094 5014 2196 5078 ita,
2230 5029 2363 5084 ego.
2393 5014 2564 5080 Quod
2593 5011 2946 5070 omnimodo
2975 5011 3270 5084 optimum
3299 5028 3432 5070 esse
3449 5015 3511 5070 in

1864 5101 2084 5157 talibus
2114 5107 2392 5174 expertus
2418 5119 2572 5167 sum,
2602 5102 2660 5157 id
2676 5103 2804 5172 jam
2849 5101 2910 5156 in
2955 5100 3212 5172 propriis
3268 5101 3507 5159 faciam.

1864 5191 2016 5257 Quid
2049 5195 2247 5247 autem
2275 5190 2422 5247 illud
2452 5197 2543 5247 est
2572 5191 2600 5245 ‘I

1935 5284 2123 5350 Nunc,
2155 5297 2294 5337 cum
2315 5280 2514 5338 nullus
2535 5297 2632 5338 me
2657 5281 2904 5356 impedit
2916 5282 3190 5353 morbus,
3219 5298 3358 5338 cum
3385 5299 3510 5343 non
