4054 6212
581 287 710 341 1471

1906 282 2280 342 NICEPHORI
2319 283 2606 343 CHUMNI.

3729 307 3837 366 14⁸72

580 408 642 465 in
680 408 832 466 lecto
861 409 1088 467 solutus
1113 412 1422 482 recumbo,
1444 429 1640 487 neque
1658 414 1733 471 de
1751 414 1875 471 vita
1898 427 2023 469 non
2044 410 2228 468 modo

2341 407 2471 462 λύων
2538 410 2622 464 ἐπί
2669 411 2843 473 κλίνης
2899 412 3027 481 εἰπέ,
3089 410 3228 486 μηδὲ
3284 418 3393 490 περί
3439 419 3579 490 ζωῆς,
3626 429 3685 495 μὴ
3729 433 3839 499 μόνον

579 497 870 553 incertum
898 502 987 555 est
1014 514 1161 554 num
1200 500 1380 571 hujus
1410 501 1608 559 futura
1640 502 1714 558 sit
1777 500 2038 558 crastina
2080 498 2229 566 dies,

584 586 691 642 sed
711 588 837 658 jam
864 591 920 642 et
948 587 1021 643 de
1049 587 1339 645 hodierna
1361 589 1641 647 differunt
1664 591 1817 647 inter
1846 605 1907 646 se
1948 587 2235 644 mediciet

582 678 873 747 pugnant,
914 674 1059 731 dum
1090 676 1190 733 alii
1212 678 1486 750 spiritum
1530 695 1726 752 usque
1787 678 1865 735 ad
1913 691 2231 750 vesperam

584 763 803 819 iturum
833 779 964 819 esse
995 767 1388 837 contandunt,
1416 768 1514 825 alii
1551 784 1693 825 vero
1706 769 2104 825 circasextam
2130 769 2234 822 aut

582 866 809 908 nonam
831 856 936 909 aut
962 870 1149 927 quam
1199 856 1381 912 aliam
1433 873 1505 913 ex
1536 861 1660 914 arte
1713 861 1815 914 aut
1891 853 2234 926 ignorantia

584 943 920 998 statuerunt
955 943 1192 1009 horam,
1232 944 1683 1002 dissolvendam
1700 961 1831 1002 esse
1853 944 2122 1001 animam
2143 942 2230 998 di-

584 1034 726 1084 cunt
754 1034 866 1086 eta
904 1046 1152 1104 corpore
1174 1039 1521 1106 erupturam
1551 1052 1563 1090 :
1588 1051 1727 1091 cum
1764 1033 1915 1090 nihil
1968 1032 2092 1089 veri
2130 1034 2233 1088 aut

585 1117 883 1175 manifesti
913 1120 1058 1192 ipsis
1069 1121 1402 1179 dicentibus
1417 1129 1473 1180 et
1498 1123 1941 1181 afﬁrmantibus
1962 1124 2228 1195 apparet,

582 1220 779 1279 neque
816 1223 1057 1265 rursum
1113 1210 1797 1285 interrogantibus;sed
1842 1227 1983 1267 cum
2040 1212 2233 1265 totum

584 1310 801 1368 corpus
826 1298 1001 1370 valet,
1050 1299 1329 1373 valetque
1382 1301 1532 1358 ratio
1579 1301 1824 1374 propria
1878 1299 2113 1373 operari
2177 1300 2235 1354 et

580 1388 738 1441 recte
769 1385 1103 1445 discernere
1134 1407 1145 1457 ;
1170 1405 1329 1446 nunc
1360 1406 1498 1446 cum
1525 1406 1702 1446 nemo
1730 1405 1826 1445 me
1892 1388 2095 1445 turbat
2132 1389 2234 1442 aut

583 1474 785 1545 agitat,
823 1479 1000 1532 statui
1019 1481 1443 1535 testamentum
1457 1494 1662 1536 meum
1689 1477 2075 1545 conﬁeere,et
2096 1490 2234 1531 con-

582 1561 803 1620 fectum
834 1569 940 1635 est,
966 1566 1113 1622 nihil
1138 1567 1327 1624 coacti
1375 1571 1478 1625 aut
1529 1566 1855 1624 inconsulti
1898 1564 2233 1622 continens.

656 1836 723 1889 Et
750 1834 1044 1905 optimum
1071 1838 1163 1892 est
1197 1835 1343 1891 illud
1383 1835 1630 1892 omnino
1660 1838 1716 1891 et
1746 1833 2039 1891 universis
2069 1832 2235 1905 apud

582 1937 793 1980 omnes
813 1922 1047 1994 judices
1071 1925 1392 1991 sententiis,
1410 1929 1770 1997 etquantum
1794 1923 1939 1980 mihi
1984 1922 2233 1995 quidem

582 2013 835 2080 videtur,
852 2014 1017 2086 apud
1046 2013 1305 2087 reliquos
1320 2016 1497 2071 etiam
1509 2014 2035 2071 bomines.0mnes
2072 2011 2234 2069 enim

581 2102 743 2173 leges
774 2106 831 2159 et
856 2103 1227 2175 legislatores
1251 2104 1313 2160 id
1342 2109 1478 2160 ante
1509 2105 1737 2171 omnia,
1782 2108 1848 2160 ut
1905 2104 1986 2159 ita
2011 2102 2230 2171 dicam,

583 2192 843 2249 examini
874 2193 1209 2265 subjiciunt,
1246 2198 1302 2250 et
1359 2209 1547 2268 quam
1597 2193 1929 2250 maximam
1981 2192 2061 2248 rei
2118 2192 2235 2247 hu-

577 2280 677 2352 jus
731 2282 1027 2339 rationem
1073 2282 1318 2349 habent,
1390 2287 1751 2339 testamenta
1839 2282 2021 2337 fuisse
2085 2295 2233 2337 con-

583 2369 757 2435 fecta,
780 2370 929 2427 dum
966 2372 1261 2427 testatoris
1286 2387 1458 2428 mens
1494 2372 1557 2428 in
1615 2371 1888 2437 sanitate,
1942 2375 2235 2443 tanquam

582 2459 644 2515 in
674 2458 865 2515 solido
886 2459 1301 2530 fundamento,
1334 2460 1595 2518 stabilita
1624 2464 1769 2517 erat.
1798 2461 1883 2515 Ac
1920 2459 2074 2515 bene
2100 2458 2234 2531 qui-

583 2547 723 2603 dem
770 2547 833 2603 id
893 2553 1252 2606 curaverunt
1310 2547 1537 2619 legiferi
1587 2553 1645 2605 et
1694 2547 1946 2619 judices,
2010 2546 2235 2620 quippe

583 2632 750 2707 quod
782 2636 1183 2706 justissimum
1255 2637 1530 2693 omnium
1578 2637 1669 2692 sit.
1729 2638 1800 2692 Ut
1853 2651 1886 2691 e
1938 2635 2235 2692 contrario

584 2724 664 2780 im
672 2724 841 2796 pium
853 2740 1103 2797 prorsus
1117 2729 1224 2795 est,
1254 2727 1304 2783 si
1315 2726 1452 2800 quis
1471 2724 1698 2799 aliquid
1710 2727 1956 2781 econtra
1993 2722 2237 2781 violenti

584 2811 888 2870 adhibeat.

656 2902 712 2959 Si
739 2902 918 2973 igitur
935 2902 1064 2960 haec
1086 2904 1165 2959 ita
1214 2919 1276 2960 se
1324 2902 1551 2961 habent
1602 2903 1692 2974 (ac
1737 2917 1984 2976 prorsus
2033 2901 2116 2958 ita
2171 2917 2234 2958 se

580 2991 846 3062 habent).
891 2993 1289 3066 quandonam
1337 2994 1533 3063 magis
1582 2992 1752 3049 decet
1818 2992 2231 3049 examinantes

2342 498 2622 571 ἀμφίϐολος
2648 502 2678 559 ἡ
2741 501 2920 577 αύριον
2975 502 3019 555 εἰ
3062 506 3255 566 ταύτης
3311 507 3468 573 ἔσται,
3517 507 3612 561 ἀλλ’
3656 498 3741 573 ἤδη
3777 539 3835 573 και

2338 608 2458 663 περι
2508 598 2605 651 τῆς
2653 596 2900 665 σήμερον,
2956 592 3126 666 ἰατροί
3179 589 3501 667 διαφέρονται
3542 618 3621 651 και
3670 603 3837 677 qm“.

2339 685 2553 749 χοῦσιν,
2608 676 2663 732 οἷ
2713 683 2802 752 μὲν
2870 677 2937 739 δὴ
2988 702 3080 735 και
3140 685 3265 755 πρός
3328 684 3532 759 ἑσπέραν
3605 668 3739 752 ᾖξαν.
3773 668 3836 750 και

2342 767 2576 842 ἀρκέσειν
2619 773 2709 831 τὰς
2760 769 3019 834 ἀναπνοὰς
3067 773 3475 845 φιλονεικοῦντες,
3542 780 3587 829 οἱ
3647 777 3696 834 δε
3760 796 3835 845 περί

2342 859 2493 916 ἕκτην
2551 859 2581 918 ἣ
2638 857 2870 930 έννάτην,
2913 862 2943 921 ἡ
3002 863 3184 922 ἣντινα
3230 862 3282 915 ἐκ
3343 871 3435 926 τῆς
3479 870 3645 937 τέχνης
3700 873 3724 928 ἡ

2342 944 2570 1019 ἀμαθίας
2590 953 3013 1016 κατεσκόπησαν,
3078 951 3214 1026 ὥραν
3261 951 3477 1012 λυθῆναί
3524 975 3637 1027 φασι
3676 964 3750 1018 τήν
3775 963 3838 1033 ψ).

2341 1040 2449 1107 χὴν
2490 1044 2584 1089 τοῦ
2660 1043 2903 1111 σώματος
2950 1038 3347 1116 ἀποῤῥογεῖσαν,
3404 1049 3619 1114 γδωστόν
3663 1044 3704 1100 δ’
3740 1048 3837 1105 ούδα

2341 1128 2427 1177 ἐπί
2456 1133 2548 1178 τοῦ
2605 1130 2745 1190 ὄντος
2794 1124 2919 1182 οὐδὲ
2973 1125 3132 1188 δῆλον
3177 1131 3285 1183 οὔτ’
3341 1132 3505 1193 αὐτοῖς
3557 1142 3653 1196 τοῖς
3694 1136 3839 1210 λέγουσι

2341 1233 2430 1266 και
2475 1213 2589 1267 λίαν
2654 1216 3097 1291 ἰσχυριζομένοις,
3164 1218 3273 1273 οὔτ’
3332 1220 3397 1273 αὖ
3471 1229 3570 1284 τοῖς
3630 1228 3841 1299 memin-

2340 1321 2461 1363 νοις·
2524 1302 2632 1356 ἀλλ’
2676 1305 2869 1360 εύεκτεῖ
2912 1310 3002 1379 μὶν
3053 1307 3165 1360 ὅλον
3214 1312 3274 1361 τό
3326 1318 3494 1382 σῶμα,
3547 1316 3697 1387 κύριοι
3732 1312 3769 1369 δ’
3814 1322 3843 1370 οἱ

2338 1389 2583 1465 λογισμοί
2632 1391 2764 1469 δρᾷν
2802 1398 2863 1448 τὸ
2911 1396 3107 1450 ἑαυτῶν
3155 1417 3246 1450 και
3297 1397 3461 1473 ὀρθῶς
3520 1406 3703 1476 κρίνειν·
3771 1415 3842 1472 νὴ,

2340 1483 2423 1534 ὅτε
2468 1489 2656 1549 ταῦτα,
2706 1481 2935 1556 μηδενός
2987 1489 3131 1548 ὄντος
3178 1494 3272 1539 τοῦ
3326 1490 3641 1561 ταράττοντος
3680 1511 3750 1544 και
3792 1497 3846 1546 69-

2338 1570 2634 1646 ρυϐοῦντος,
2670 1568 2777 1625 δεῖν
2800 1575 2953 1645 ἔγνων
2992 1572 3352 1647 ἀπειργάσθαι
3395 1597 3483 1649 μοι
3530 1582 3617 1637 τὴν
3663 1576 3845 1641 διαθήκῃ

2339 1661 2455 1730 (και
2510 1658 2907 1734 ἀπείργασται),
2981 1659 3148 1735 μηδὲν
3189 1662 3367 1737 βίαιον
3433 1673 3494 1739 τῇ
3566 1666 3700 1740 ψυχῇ
3760 1668 3846 1742 μηδ’

2268 1752 2313 1806 Β
2342 1744 2532 1807 ἀϐούλη
2541 1768 2624 1801 τον
2654 1752 2782 1822 έχου
2790 1770 2906 1806 σαν.

2415 1841 2514 1890 Καὶ
2560 1839 2841 1912 κράτιστόν
2883 1858 2944 1911 γε
2989 1848 3143 1894 τοῦτο
3189 1844 3394 1903 πάντως
3450 1863 3538 1896 και
3594 1848 3717 1920 παρὰ
3768 1867 3847 1921 κρι-

2340 1930 2451 1984 ταῖς
2504 1928 2637 1977 πᾶσι
2690 1924 2883 1997 ψήφοις
2926 1925 3173 1994 ἀπάσαις,
3263 1945 3355 1981 και
3432 1929 3550 2003 παρ’
3616 1930 3842 2006 ἀνθρώπω,

2340 2014 2513 2085 ἶμοιγε
2550 2010 2740 2082 δοκεῖν,
2793 2022 2904 2079 τοῖς
2947 2015 3144 2078 λοιποῖς
3188 2017 3410 2074 ἅπασιν.
3448 2019 3630 2073 Αὐτίκα
3668 2024 3747 2096 γὰρ
3787 2043 3845 2073 ιιι

2341 2106 2489 2174 νόμοι
2538 2104 2720 2165 πάντες
2767 2123 2858 2156 και
2910 2107 3181 2177 νομοθέται
3228 2107 3397 2175 τοῦθ’,
3451 2110 3519 2171 ὡς
3566 2111 3668 2170 ἔπος
3726 2110 3847 2175 εἰπεῖν,

2340 2193 2441 2265 πρό
2492 2194 2680 2252 παντός
2726 2191 2881 2245 ἄλλον
2937 2190 3376 2263 διασκοποῦνται,
3435 2202 3550 2273 περί
3601 2200 3755 2250 τούτου
3792 2219 3849 2249 και

2342 2283 2427 2332 τόν
2457 2278 2567 2332 ὅλον
2618 2288 2888 2334 ποιοῦνται
2937 2282 3108 2354 λόγον,
3173 2285 3252 2337 ἐπ’
3308 2283 3608 2357 ἀκραιφνοῦς
3645 2306 3752 2347 τινος
3790 2295 3850 2348 τῆς

2341 2375 2433 2422 τοῦ
2477 2370 2843 2431 συντάττοντος
2892 2377 3126 2445 γνώμης,
3177 2375 3242 2434 ὡς
3304 2374 3384 2426 έπ⁹
3454 2373 3691 2447 ἀσφαλοῦς
3748 2395 3852 2443 τινος,

2344 2453 2598 2532 ἱδρῦσθαι
2633 2462 2699 2511 τὰ
2720 2455 3074 2532 διατάγματα.
3134 2466 3237 2515 Καί
3297 2462 3468 2525 καλῶς
3520 2482 3577 2534 γι
3625 2470 3749 2516 τοῦτο
3794 2468 3853 2514 σξη

2340 2553 2450 2607 τοῖς
2491 2549 2793 2621 νομοθέταις
2845 2568 2934 2601 και
2981 2558 3088 2611 τοῖς
3136 2547 3427 2614 δικασταῖς
3484 2549 3851 2619 δνεσπούδαστιι,

2342 2634 2429 2687 ἅτε
2481 2631 2549 2693 δὴ
2602 2655 2691 2688 και
2750 2632 2955 2689 δίκαιον
3002 2638 3057 2690 ὃν
3106 2642 3299 2701 παντός
3335 2639 3542 2712 μᾶλλον
3590 2643 3653 2703 ὡς
3713 2641 3854 2693 τούνο-

2341 2727 2448 2775 τίον
2485 2724 2739 2786 παντελῶς
2795 2725 3021 2798 ἀνόσιον,
3073 2730 3119 2779 εἰ
3168 2747 3221 2781 τι
3282 2724 3525 2786 δηλονότι
3579 2732 3704 2803 παρὰ
3748 2737 3851 2782 tein

2342 2820 2619 2888 κραταιοῦν
2644 2833 2720 2875 τις
2752 2813 3017 2888 βιάζεται.

2410 2902 2471 2955 Εἰ
2542 2908 2667 2974 γοῦν
2734 2906 2859 2957 τουθ
2937 2906 3099 2966 οὕτως
3141 2906 3278 2977 (ἔχει
3353 2903 3416 2959 δέ
3492 2907 3715 2977 πάντως),
3774 2910 3854 2957 τότε

2339 2989 2530 3061 μᾶλλον
2552 2990 2684 3052 εἰκός
2720 2995 2833 3045 έστι
2883 3000 2988 3055 τοῖς
3031 2993 3345 3057 έξοτάζουσι
3389 3001 3506 3070 περί
3556 3003 3647 3049 τῶν
3693 3014 3853 3067 γεγραμ-

579 3081 763 3139 ﬁdem
795 3083 1030 3156 scriptis
1059 3082 1340 3140 arhibere
1365 3082 1628 3149 ﬁrmam,
1671 3097 1869 3155 neque
1928 3080 2229 3148 dubitare,

2340 3084 2499 3152 μένων
2570 3079 2788 3153 βεϐαίας
2838 3080 3068 3154 ἀφῖχθαι
3113 3084 3207 3144 τὰς
3252 3088 3480 3153 πίστεις,
3541 3089 3625 3137 καί
3669 3079 3855 3157 μηδαμῶς

580 3187 767 3244 quam
794 3188 934 3229 cum
964 3172 1297 3229 ambulanti
1327 3188 1401 3229 ac
1444 3171 1661 3229 valenti
1707 3176 1763 3228 et
1814 3171 1938 3227 vim
1985 3170 2233 3227 habenti

580 3260 876 3333 quidquid
901 3262 1205 3331 agendum
1237 3260 1561 3331 sit,agenti,
1593 3276 1663 3317 ac
1702 3260 1807 3317 toti
1835 3260 1896 3315 in
1932 3275 1995 3315 se
2053 3263 2111 3316 et
2168 3260 2231 3316 in

580 3348 701 3404 suis
732 3349 1189 3420 cogitationibus
1217 3349 1373 3406 bene
1403 3349 1717 3422 disposito,
1746 3365 1883 3423 qum
1938 3346 2055 3420 ipsi
2101 3347 2232 3405 visa

580 3442 740 3507 sunt,
771 3440 1108 3511 composita
1128 3439 1291 3495 fuere
1319 3440 1348 3495 ?
1380 3442 1444 3495 Et
1475 3454 1620 3495 sane
1673 3438 1773 3511 qui
1834 3437 1896 3493 in
1952 3438 2230 3493 extremis

579 3531 933 3584 testamenta
960 3534 1172 3585 curant
1221 3527 1681 3599 conﬁciuntque,
1726 3525 1873 3582 illud
1920 3530 1978 3581 et
2018 3530 2232 3583 curant

579 3620 715 3671 ante
745 3615 863 3671 alia
889 3631 1076 3689 quam
1090 3617 1352 3672 maxime
1368 3616 1682 3672 ostendere
1707 3629 1848 3670 eum
1868 3627 2091 3686 nempe
2127 3629 2231 3671 va-

576 3703 767 3760 lidum
793 3704 974 3760 fuisse
1003 3720 1142 3761 cum
1162 3709 1520 3761 testamenta
1548 3703 1819 3768 confecit,
1861 3703 1969 3759 etsi
2020 3718 2231 3761 revera

576 3797 778 3849 mente
808 3808 879 3848 ac
900 3791 1108 3863 lingua
1162 3792 1480 3861 defecerit;
1532 3792 1708 3864 quasi
1761 3790 1908 3846 nihil
1978 3792 2227 3849 omnino

575 3881 1077 3954 praetendentibus
1104 3886 1459 3959 testamenta
1488 3880 1938 3949 auxiliarentur,
1972 3880 2021 3936 si
2078 3879 2228 3952 quid

577 3971 877 4043 ejusmodi
903 3970 1172 4029 defuerit.

648 4149 810 4206 Habe
842 4149 1020 4221 igitur
1070 4153 1127 4206 et
1159 4148 1289 4206 haec
1340 4148 1500 4205 circa
1557 4163 1673 4205 ea:
1708 4150 1764 4203 et
1820 4146 2226 4204 animadverte

577 4244 838 4295 mentem
867 4241 923 4293 et
948 4237 1220 4308 linguam
1232 4236 1504 4306 valentis,
1523 4242 1579 4292 et
1599 4234 1944 4306 aegrotantis
1972 4234 2223 4305 robusti,

575 4331 633 4382 et
657 4325 942 4381 membris
972 4325 1319 4389 deﬁcientis,
1341 4326 1545 4395 vigore
1590 4324 1899 4381 dissoluto.
1954 4323 2227 4381 Eximius.

577 4420 633 4472 et
662 4415 1080 4484 cogitationem
1110 4413 1728 4487 minimeimpeditam
1786 4416 1842 4469 et
1886 4414 2044 4469 circa
2090 4428 2224 4485 pro-

574 4504 737 4578 prios
766 4508 965 4559 motus
993 4503 1247 4559 liberam
1278 4518 1471 4575 neque
1516 4501 1638 4558 ullo
1678 4502 1893 4559 morbo
1940 4502 2225 4574 agitatam

575 4598 632 4650 et
658 4607 1023 4666 perversam,
1058 4596 1115 4648 et
1138 4591 1540 4660 aegrotationis
1573 4591 1839 4663 pondere
1870 4608 1941 4647 ac
1985 4598 2225 4664 torpore

573 4684 836 4740 vinctam
868 4700 880 4739 :
915 4680 1190 4737 etadhuc
1219 4696 1405 4752 quam
1436 4680 1701 4736 maximo
1715 4679 2224 4737 timorelaborau-

573 4777 691 4830 tem
720 4772 988 4831 animam
1022 4775 1079 4827 et
1107 4769 1279 4836 valde
1313 4768 1637 4835 turbatam,
1673 4769 1801 4839 jam
1848 4784 1913 4823 se
1973 4767 2223 4824 dissolvi

574 4861 942 4929 sentientem,
974 4864 1032 4917 et
1058 4875 1096 4916 a
1124 4858 1401 4915 sensibus
1448 4857 1826 4914 recedentem
1870 4871 2222 4929 organaque

572 4949 1027 5022 relinquentem,
1050 4948 1151 5006 vix
1171 4963 1317 5004 voce
1330 4948 1722 5019 respirantem
1748 4962 1818 5002 ac
1852 4945 2218 5019 loquentem,

572 5045 629 5095 et
659 5040 707 5095 si
749 5039 949 5095 minus
969 5039 1224 5095 obscure
1238 5036 1652 5108 etinterruptis
1674 5036 1896 5107 verbis,
1924 5036 2033 5093 sed
2054 5051 2220 5109 pror-

573 5145 677 5184 sus
706 5128 951 5185 invitam
981 5132 1343 5184 etcoactam.
1378 5129 1509 5181 Haac
1532 5126 1733 5197 itaque
1764 5126 2175 5182 animadverte
2202 5143 2216 5181 :

573 5221 629 5273 et
652 5216 768 5272 nisi
786 5216 930 5272 velis
950 5216 1194 5272 veritate
1244 5213 1493 5285 offendi,
1553 5213 1676 5270 vim
1720 5215 1910 5271 tribue
1966 5215 2037 5270 iis
2084 5232 2219 5287 quae

570 5305 885 5364 manifeste
905 5320 977 5359 ex
996 5304 1229 5360 entibus
1241 5319 1447 5360 revera
1471 5306 1528 5358 et
1572 5304 2005 5375 apparentibus
2028 5303 2218 5361 stabi-

572 5398 794 5455 liuntur
829 5413 843 5465 ;
873 5398 1255 5465 etomnes,tu
1270 5409 1415 5452 sane
1443 5392 1748 5465 legislator
1776 5398 1833 5452 et
1848 5398 2009 5452 recto
2044 5398 2217 5452 utens

2338 3168 2528 3230 αύτούς
2605 3167 2958 3241 ἀμφιϐάλλειν,
3039 3172 3069 3231 ἦ
3134 3174 3254 3224 ὅταν
3320 3174 3601 3245 ὑγιαίνοντι
3641 3193 3716 3225 και
3751 3168 3857 3245 βαδί-

2340 3257 2503 3323 ζοντι,
2560 3277 2649 3309 και
2704 3258 2817 3330 μετ’
2867 3259 3060 3331 ἰσχύος
3110 3263 3326 3333 σύμπαν
3386 3265 3445 3315 τό
3491 3266 3718 3335 πρακτέον
3760 3261 3857 3312 καθι-

2340 3351 2467 3417 στᾷν
2498 3348 2693 3418 ἔχοντι,
2742 3367 2832 3400 και
2871 3348 2969 3419 ὅλῳ
3003 3368 3063 3421 γε
3091 3357 3164 3421 τῷ
3226 3346 3569 3424 διατιθεμένῳ
3613 3351 3766 3404 ἑαυτοῦ
3801 3366 3859 3399 και

2334 3443 2432 3487 τῶν
2503 3435 2768 3509 λογισμῶν
2850 3436 2981 3502 ὂντι,
3033 3439 3288 3495 τάττηται
3362 3442 3430 3493 τά
3481 3437 3754 3511 δεδογμένα·
3796 3442 3860 3488 Καί

2336 3527 2438 3595 μὴν
2495 3525 2544 3576 οἱ
2585 3528 2635 3577 έν
2682 3531 2789 3587 τοῖς
2837 3524 3148 3589 τελευταίοις
3196 3524 3539 3582 απουδασταί
3584 3548 3664 3581 και
3698 3544 3860 3597 συγγρα-

2337 3619 2438 3685 φεῖς
2499 3621 2599 3664 τῶν
2687 3617 3087 3686 συνταγμάτων,
3181 3622 3338 3669 τοῦτο
3419 3638 3507 3669 και
3572 3612 3860 3674 σπουδάζουσι

2334 3700 2523 3774 μᾶλλον
2575 3705 2674 3774 πρό
2718 3710 2819 3754 τῶν
2859 3703 3023 3755 ἄλλων
3071 3699 3360 3772 δεικνύναι,
3412 3706 3685 3781 έῤῥωμένως
3726 3707 3861 3775 ἔχοντα

2334 3792 2421 3841 τὸν
2481 3789 2800 3843 καταλύοντα
2870 3794 2987 3854 νοός
3045 3811 3135 3844 και
3193 3792 3437 3864 γλώττης
3495 3796 3639 3866 ἷχθαι
3679 3794 3761 3865 πρὸ
3797 3791 3859 3846 τὰς

2336 3873 2615 3945 διαθήκας,
2675 3881 2739 3941 ὡς
2786 3886 2879 3932 τοῦ
2932 3884 2993 3952 γέ
3044 3899 3182 3942 τινος
3230 3884 3431 3935 τούτων
3478 3883 3627 3943 αύτάς
3674 3877 3859 3933 ἀπολελεῖ-

2334 3970 2459 4041 φθαι
2514 3964 2680 4040 μηδὲν
2756 3965 2886 4021 εἶναι
2928 3977 3201 4032 ποιοῦντος
3264 3971 3381 4034 τοῖς
3422 3973 3782 4046 προῖσχομένοις

2332 4076 2492 4109 κιστα
2521 4056 2588 4117 εἰς
2619 4061 2956 4130 συμμαχίαν.

2402 4143 2534 4218 Ἔχε
2557 4146 2635 4217 (1)
2677 4142 2745 4204 δὴ
2769 4150 2939 4199 τοίνυν
2976 4152 3094 4220 περί
3133 4154 3304 4200 ταῦτα
3352 4169 3446 4202 και
3477 4155 3560 4221 σὺ,
3606 4168 3687 4201 και
3728 4149 3855 4198 σκόπει

2330 4240 2448 4287 νοῦν
2519 4253 2610 4286 και
2658 4233 2890 4306 γλῶτταν
2945 4236 3262 4307 ὑγιαίνοντος
3300 4241 3360 4290 τό
3404 4238 3537 4309 ὅλον,
3587 4257 3669 4290 και
3703 4249 3855 4288 κατανθ-

2333 4330 2567 4391 σοῦντος,
2649 4323 3045 4397 εύρωστοῦντος,
3097 4345 3187 4377 και
3236 4329 3301 4378 τὰ
3364 4327 3491 4399 μέλη
3570 4323 3854 4380 δίαπεπτωιὸ·

2329 4431 2438 4481 τος,
2513 4419 2603 4465 τοῦ
2651 4411 2891 4485 ψυχικοῦ
2946 4417 3094 4466 τόνου
3116 4413 3554 4489 παραλελυμένον·
3611 4419 3767 4468 Σκόπει
3797 4426 3855 4482 pot

2329 4522 2420 4555 και
2480 4499 2714 4555 διάνοιαν
2788 4500 3048 4556 ἀκώλυτον
3129 4506 3436 4558 παντάπασι
3521 4504 3609 4558 κὰι
3661 4504 3855 4573 ι’λενθέρτι

2329 4595 2447 4666 περί
2509 4594 2600 4653 τάς
2654 4588 2796 4652 ἰδίας
2838 4598 3089 4663 κινήσεις,
3140 4590 3306 4666 μηδὲν
3337 4596 3426 4647 ὑπ’
3466 4592 3663 4656 οὐδενός
3716 4591 3853 4644 πάθους

2328 4677 2585 4754 μηδαμῶς
2641 4679 2985 4753 σαλευομένην
3057 4700 3147 4733 και
3184 4688 3635 4757 περιτρεπομένην,
3684 4700 3755 4732 και
3798 4680 3853 4727 νό-

2330 4788 2425 4823 σου
2486 4765 2847 4842 πεπεδημένην
2910 4768 3173 4845 βαρύτητι
3250 4791 3340 4825 και
3401 4774 3555 4846 νάκη.
3616 4764 3853 4825 Ἐτιδεκαι

2325 4863 2418 4918 τὴν
2443 4860 2542 4911 ὑπό
2575 4854 2727 4921 δέους
2765 4860 2841 4911 ὅτι
2875 4857 3119 4912 πλείστου
3169 4859 3474 4933 ἀγωνιῶσαν
3524 4865 3691 4915 σκόπει

2326 4967 2412 5000 και
2497 4946 2636 5020 μάλα
2714 4966 2764 4999 τι
2837 4946 3274 5020 τεθορυϐημένην,
3356 4949 3599 5007 αἱσθονην
3658 4942 3747 5004 ἤδη
3794 4946 3852 4994 τὶς

2324 5036 2539 5105 λύσεως,
2620 5055 2709 5087 και
2789 5043 2888 5087 τῶν
2951 5038 3041 5108 μεν
3110 5037 3469 5110 αἰσθητηρίων
3548 5037 3850 5109 ἀναχῶρονσο

2324 5145 2413 5179 και
2473 5123 2930 5200 ἀπορῥηγνυμένην
2991 5125 3243 5198 ὁργάνων,
3306 5135 3411 5188 τοῖς
3468 5123 3528 5180 δέ
3614 5122 3851 5197 omnemi;

2324 5215 2496 5287 ὀλίγον
2566 5214 2883 5287 ἐμπνέουσαν
2946 5234 3036 5267 και
3109 5220 3422 5288 ένηχοῦσαν,
3491 5236 3604 5284 και,
3657 5212 3694 5266 εἰ
3728 5212 3781 5283 μὲ
3815 5206 3850 5254 τὸ

2324 5304 2472 5359 πλέον
2542 5305 2750 5376 ἄσημον
2826 5322 2918 5355 και
2985 5310 3461 5378 παρακεκομμένον,
3530 5303 3631 5357 ἀλλ’
3700 5296 3770 5352 οὖν
3813 5298 3850 5343 τό

2326 5394 2439 5448 ὅλον
2478 5392 2829 5468 ἀποτρόπαιον
2886 5412 2977 5445 και
3034 5399 3548 5469 κατηναγκασμένον.
3604 5394 3759 5446 Σκόπει
3803 5378 3845 5435 δέ

639 5610 723 5684 (1)
752 5612 940 5679 Quem
964 5606 1279 5681 compellet
1306 5606 1510 5665 nescio
1538 5623 1552 5674 ;
1593 5622 1668 5665 ex
1694 5608 2082 5682 sequentibus
2107 5583 2533 5683 imperatorem
2561 5608 2809 5683 adloqui
2830 5584 3120 5681 suspicari
3150 5623 3286 5682 quis
3315 5574 3543 5682 poterit.
