4054 6212
185 273 322 333 i473
1593 267 1847 325 TESTAN

1952 270 2117 327 TUM.
3408 279 3545 334 1474

178 406 350 453 ταῦτα
383 418 396 432 ο
420 399 532 464 καὶ,
554 397 676 467 εἴγε
713 397 784 467 μὴ
853 392 1030 468 βούλει
1084 395 1434 470 λυμαίνεσθαι
1481 399 1596 457 ταῖς
1651 391 1784 452 ἆλη-
1814 397 1847 449 Α

1956 393 2134 463 dicio,
2207 395 2354 469 jube
2424 397 2658 457 validos
2734 401 2794 456 et
2848 414 3095 472 corpore
3154 415 3226 458 ac
3293 402 3546 460 sanitate

179 491 364 558 θείαις,
423 482 518 548 δὸς
579 487 639 536 τὸ
699 486 888 558 κράτος
950 491 1055 546 τοῖς
1107 491 1198 538 καὶ
1249 481 1523 562 προδήλως
1573 481 1633 536 ἐκ
1685 489 1784 534 τῶν

1952 482 2175 540 ὡῑιεΐοε
2212 501 2334 543 non
2363 503 2508 545 vero
2533 487 2946 560 frangentibus
2977 504 3048 546 ac
3082 488 3548 546 disSolventibus

176 578 336 630 όντων
398 580 489 628 καὶ
564 577 876 647 φαινομένων
930 579 1376 648 κραταιουμένοις,
1424 577 1513 626 καὶ
1562 571 1782 637 πάντας,

1952 573 2121 629 :orbis
2134 572 2474 634 laborantes
2490 582 2547 634 et
2568 578 3210 648 agitatos,testamenta
3229 578 3547 637 conﬁcere.

179 668 284 739 ὃγε
324 663 533 726 δίκαιος
578 666 640 716 σό
693 665 972 736 νομοθέτης
1027 669 1118 718 καὶ
1171 673 1272 718 τῶν
1325 665 1489 739 ὀρθῶν
1537 679 1786 735 μεταποιο-

1952 679 1978 718 c
2006 662 2186 721 simul
2209 665 2516 736 judicibus
2539 669 2700 738 juste
2730 667 2991 740 praecipe
3021 671 3086 724 ut
3114 667 3336 725 talibus
3366 672 3550 727 testa-

179 758 396 830 ούμενος
478 753 687 826 ψήφων,
769 755 922 806 τάττε
953 752 1212 828 ἰσχυροὺς
1242 758 1387 815 ὄντας
1416 756 1506 804 καί
1531 749 1790 825 ἀκμαίους

1952 753 2115 809 lentis
2155 755 2484 826 praesertim
2523 755 2870 814 adhtereant
2915 771 2988 813 ac
3033 772 3098 813 se
3117 761 3272 814 totos
3322 758 3552 831 impen-

183 843 232 898 έν
306 845 456 919 ῥώμῃ
527 847 770 914 σώματος
820 846 911 895 καὶ
969 843 1192 915 ὑγείαις,
1248 841 1378 895 ἀλλὰ
1427 845 1500 914 μή
1553 858 1788 893 καταπα-

1952 845 2064 908 ant,
2085 842 2330 900 minime
2356 845 2651 902 rationem
2673 845 2952 902 eamdem
2975 861 3184 903 eorum
3205 863 3341 920 quae
3383 847 3554 905 aliter

183 933 464 995 λαιούσαις
551 935 725 994 νόσοις
777 936 866 984 καὶ
923 930 1320 1006 παραλυούσαις
1367 938 1461 984 τοῦ
1510 930 1607 1003 ζῇν
1657 928 1792 1002 ἁγωο

1952 935 2071 998 unt,
2103 930 2414 989 habentes.
2439 936 2603 990 Hanc
2624 933 2818 1006 legem
2841 934 3018 1005 feras,
3037 935 3194 992 bene
3211 936 3552 1006 consulens,

183 1029 396 1082 νιῶντας
460 1024 549 1073 καὶ
638 1023 1112 1094 κατατεινομένους,
1172 1017 1441 1079 διαθηκῶν
1470 1021 1789 1094 μεμνῆσθαι,

1952 1035 2102 1076 '.non
2130 1020 2315 1078 modo
2339 1021 2656 1094 justitiam,
2687 1023 2792 1080 sed
2821 1027 2880 1080 et
2897 1023 3206 1081 utilitatem
3234 1024 3554 1082 intendens

191 1116 295 1166 Καὶ
330 1110 442 1184 ἅμα
488 1106 770 1171 δικασταῖς
816 1105 1033 1171 ἐνδίκως
1091 1107 1328 1185 ἐπίτρεπε
1377 1115 1492 1170 τοῖς
1540 1111 1793 1169 τοιούτοις

1952 1125 2029 1166 im
2058 1110 2378 1181 testatoris,
2414 1115 2544 1167 tum
2570 1111 2884 1169 haeredum
2916 1113 3205 1185 ipsorum.

191 1199 379 1274 μᾶλλον
453 1206 554 1252 τῶν
635 1195 1007 1270 διαταγμάτων
1081 1201 1426 1274 προσανέχειν
1495 1201 1585 1250 καὶ
1659 1197 1803 1259 ὃλους
1876 1197 2091 1261 ἑαυτοὺς
2164 1197 2435 1273 ἐπινέμειν,
2521 1209 2621 1254 τῶν
2723 1201 2906 1278 ἑτέρως
2961 1206 3272 1276 γιγνομένων
3338 1209 3410 1277 μὴ
3468 1208 3556 1258 τὸν

191 1307 306 1358 ῖσον
353 1288 506 1362 λόγον
563 1291 760 1347 ήκιστα
812 1291 1207 1361 πεποιημένους.
1263 1293 1445 1342 Ταῦτα
1487 1282 1553 1345 δή
1617 1287 1904 1361 νομοθέτει,
1967 1287 2138 1351 καλῶς
2210 1287 2607 1363 ἐπεσκεμμένος,
2661 1295 2752 1343 καὶ
2809 1298 2902 1344 τοῦ
2960 1288 3169 1346 δικαίου
3252 1297 3324 1366 μή
3381 1298 3555 1367 μόνον,

193 1377 321 1431 ἀλλά
383 1397 436 1431 τι
519 1381 610 1431 καὶ
671 1385 764 1430 τοῦ
837 1381 1187 1452 συμφέροντος
1251 1384 1324 1448 τῷ
1407 1395 1462 1430 τε
1535 1372 1936 1450 κληροδοτοῦντι
2001 1383 2092 1432 καὶ
2178 1385 2282 1440 τοῖς
2327 1378 2758 1455 κληρονομοῦσιν,
2787 1383 2856 1444 ὡς
2905 1381 3056 1453 εἰκός,
3109 1385 3556 1458 προμηθούμενος,

267 1475 383 1530 Πῶς
466 1475 560 1520 τοῦ
635 1470 984 1541 συμφέροντος
1055 1482 1068 1521 :
1145 1475 1348 1541 πρῶτον
1415 1469 1504 1538 μὲν
1561 1467 1643 1518 ὅτι
1689 1470 1847 1522 κατἸ

1971 1467 2288 1536 Quomodo
2319 1467 2551 1526 utilitati
2580 1470 3048 1536 consules?0uia
3075 1472 3325 1529 omnino
3351 1473 3557 1544 libere,

197 1555 436 1621 ἐξουσίαν
459 1563 658 1626 πᾶσαν,
711 1558 834 1630 ὅπερ
891 1557 1039 1628 ἔφην,
1079 1551 1247 1629 μηδεν
1301 1552 1487 1617 ἐκεῖνος
1537 1552 1802 1628 βιασθεὶς,

1952 1563 1978 1613 t
1997 1556 2296 1624 dicebam,
2327 1571 2524 1629 neque
2553 1563 2817 1626 coactus,
2846 1574 3044 1632 neque
3073 1560 3194 1616 ullo
3222 1561 3406 1618 modo
3440 1564 3563 1634 agi-

199 1642 328 1720 μηδ’
359 1645 445 1699 ὑπ’
470 1641 682 1708 οὐδενὸς
718 1647 856 1716 ἔχων
918 1648 1358 1720 σπαρασσομένην
1408 1648 1503 1703 τήν
1555 1641 1803 1719 καρδίαν,

1952 1649 2104 1702 itum
2141 1660 2245 1702 cor
2280 1644 2498 1713 ferens,
2532 1647 2639 1703 sed
2664 1646 2916 1704 libenter
2943 1663 3016 1704 ac
3041 1647 3244 1717 libere,
3283 1666 3419 1722 quae
3446 1651 3567 1723 ipsi

202 1735 309 1789 ἀλλ’
363 1733 546 1796 ἆνέτως
599 1735 841 1808 πράττων
907 1738 998 1788 καὶ
1053 1733 1327 1809 ἐλευθέρως
1371 1736 1439 1797 τὰ
1490 1729 1802 1807 δεδογμένα,

1952 1749 2072 1790 0Πᾶ
2099 1732 2378 1790 videntur
2406 1733 2651 1804 faciens,
2686 1735 2872 1792 scitet
2930 1734 3194 1793 dividere
3241 1742 3299 1794 et
3343 1754 3566 1810 procu-

202 1822 316 1878 οἶδε
379 1829 469 1878 καὶ
509 1820 727 1898 διαιρεῖν
775 1828 866 1877 καὶ
917 1826 1248 1898 πρυτανεύειν
1296 1827 1662 1898 προσηκόντως
1716 1828 1806 1876 καὶ

1952 1839 2048 1880 are
2079 1823 2520 1890 convenienter,
2553 1823 2851 1898 quidquid
2879 1825 3019 1882 utile
3047 1825 3155 1884 erit
3175 1831 3302 1883 tum
3322 1827 3566 1899 viventi,

204 1916 273 1977 ὡς
349 1915 486 1985 αὐτῷ
564 1917 796 1966 συνοίσει
875 1918 966 1966 καὶ
1041 1914 1196 1975 ζῶντι
1269 1918 1359 1966 καὶ
1423 1911 1756 1986 ἀποιχομένῳ
1790 1931 1805 1946 ο

1952 1929 2044 1970 nm
2063 1911 2346 1969 defuncto
2376 1930 2390 1980 ;
2423 1912 2798 1986 deindequia
2822 1913 2928 1986 qui
2951 1919 3153 1987 partes
3182 1915 3567 1988 obtinuerint,

201 2003 366 2058 ἔπειθ’
390 2003 470 2056 ὅτι
499 2007 586 2056 καὶ
613 2004 663 2055 οἱ
695 2005 789 2065 τὰς
815 1999 1032 2076 μερίδας
1068 2001 1415 2074 λαγχάνοντες
1466 1997 1616 2055 οὐδεν
1667 2001 1809 2072 αὐτῷ

1952 2016 2112 2074 ιοσαθ
2135 2001 2197 2057 in
2216 2000 2418 2074 ipsum
2465 2000 2700 2058 infenso
2751 2003 2956 2060 animo
3013 2009 3205 2075 erunt,
3254 2020 3452 2079 neque
3516 2006 3572 2063 ei

204 2091 625 2168 προσκόψουσιν,
666 2088 783 2145 οὐδ’
827 2090 1080 2165 ἐπαχθεῖς
1131 2109 1264 2154 τινες
1317 2094 1523 2146 ἔσονται
1573 2094 1663 2144 καὶ
1713 2088 1811 2164 βοια

1952 2091 2247 2163 mportuni
2275 2094 2332 2145 et
2360 2089 2614 2162 molesti,
2644 2107 2770 2148 una
2793 2107 2932 2148 cum
2973 2091 3188 2150 morbo
3245 2109 3385 2151 eum
3439 2111 3572 2169 pre-

207 2189 330 2255 ρεῖς,
407 2183 845 2254 συνεπιτιθέμενοι
913 2183 1046 2254 μετὰ
1106 2188 1198 2242 τῆς
1257 2184 1436 2249 νόσου,
1492 2183 1584 2234 καί
1636 2183 1811 2252 γετὸν

1952 2183 2172 2248 nentes,
2202 2182 2259 2235 et
2274 2179 2473 2252 ipsum
2487 2180 2848 2238 calamitatis
2875 2185 3111 2258 tempus
3141 2184 3485 2258 cupiditatis
3517 2190 3574 2243 et

207 2280 300 2332 τῆς
366 2273 720 2345 περιστάσεως
793 2273 975 2344 καιρόν
1061 2273 1192 2344 πρὸς
1235 2274 1330 2330 τήν
1389 2269 1676 2333 πλεονεξίαν
1723 2272 1815 2322 καὶ

1952 2267 2100 2325 nalae
2135 2267 2477 2326 ambitionis
2498 2269 2876 2327 auxiliarium
2893 2271 3244 2330 adhibentes
3273 2292 3286 2343 ;
3311 2274 3416 2330 sed
3436 2290 3577 2332 con-

213 2365 380 2420 κακὴν
452 2359 731 2434 έπιθυμίαν
797 2359 1278 2433 προσλαμϐάνοντες
1331 2362 1638 2433 σύμμαχον,
1689 2357 1818 2411 ἀλλὰ

1952 2357 2158 2414 ributis
2185 2358 2446 2414 contenti
2499 2362 2692 2426 erunt,
2747 2358 2902 2416 bene
2957 2360 3210 2418 scientes
3263 2363 3413 2420 nihil
3463 2363 3579 2420 sibi

213 2449 491 2525 στέρξουσι
541 2457 648 2510 τοῖς
714 2451 1003 2523 νεμηθεῖσι,
1067 2458 1244 2522 σαφῶς
1301 2445 1497 2510 εἰδότες
1547 2450 1613 2510 ὡς
1667 2444 1818 2500 οὐδὲν

1952 2445 2071 2520 psis
2095 2445 2356 2518 amplius
2383 2446 2676 2514 futurum,
2729 2447 2782 2503 si
2832 2447 2959 2504 vim
3005 2449 3355 2519 adhibeant,
3409 2450 3580 2508 simul

213 2540 392 2603 αὐτοῖς
469 2539 720 2614 αὐμενοᾶν
794 2542 942 2593 ἔσται
999 2538 1146 2592 πλέον
1210 2537 1567 2612 βιασαμένοις,
1613 2537 1724 2611 ἅμα
1762 2534 1822 2590 δὲ

1952 2550 2068 2591 rero
2097 2538 2426 2591 metuentes
2455 2551 2531 2591 ne
2573 2534 2652 2592 ab
2711 2535 2997 2593 omnibus
3051 2537 3471 2610 destituantur,
3531 2539 3582 2595 si

214 2635 303 2684 καὶ
364 2626 598 2692 δεδιότες
655 2633 728 2703 μή
777 2636 870 2682 τοῦ
921 2632 1109 2690 παντὸς
1165 2627 1512 2687 ἐκστήσονται
1542 2623 1823 2680 διαπεσόν-

1952 2627 2198 2695 ngratos
2228 2639 2290 2680 se
2319 2637 2432 2696 pro
2462 2623 2718 2694 gratuito
2751 2623 2990 2681 donatis
3047 2627 3384 2685 ostendant.
3430 2629 3586 2685 Licet

214 2739 316 2787 τες,
368 2723 687 2793 οχαριστίαν
746 2716 830 2771 ἐπὶ
894 2725 1005 2780 τοῖς
1062 2713 1260 2792 δωρεὰν
1319 2720 1513 2777 ἧκουσι
1555 2735 1826 2784 καταγνω-

1952 2712 2095 2769 inim
2125 2712 2325 2770 statim
2351 2711 2519 2769 aliud
2551 2716 2978 2771 testamentum
3007 2715 3320 2789 conﬁcere,
3349 2721 3407 2774 et
3430 2733 3586 2775 exeo

219 2811 436 2870 σθέντες.
497 2805 706 2871 Ἔξεστι
793 2809 895 2882 γὰρ
957 2806 1109 2870 εὐθύς
1197 2811 1290 2860 καὶ
1362 2803 1828 2860 ἐπιδιατάττεσθαι

1952 2803 2184 2860 >ωιιὶηο
2206 2802 2474 2874 ingratos
2495 2801 2831 2872 excludere,
2856 2805 3037 2876 gratis
3057 2821 3199 2863 vero
3219 2807 3586 2863 immobilem

217 2902 309 2951 καὶ
377 2905 473 2961 τῆς
537 2894 804 2958 διαθήκης
857 2895 1114 2958 παντελῶς
1163 2900 1256 2949 τοὺ
1313 2894 1613 2968 ἀγνώμονας
1669 2893 1828 2970 ἐξορί-

1952 2897 2199 2949 statuere
2229 2891 2618 2948 donationem
2651 2907 2664 2959 ;
2692 2891 2915 2965 quibus
2939 2897 2995 2949 et
3041 2895 3291 2951 contulit
3339 2895 3588 2951 omnino

229 2987 357 3054 ζειν,
423 2991 534 3048 τοῖς
614 2981 664 3038 δ’
749 2985 1158 3058 εὐγνωμονοῦσιν
1240 2986 1610 3057 ἀμετακίνητον
1663 2989 1828 3036 ποιεῖν

1952 2980 2170 3054 absque
2197 2979 2296 3038 lite
2327 2995 2397 3036 ac
2420 2981 2828 3037 controversia
2856 2984 2914 3037 et
2959 2985 3097 3038 ante
3152 2983 3471 3040 tribunalia
3519 2999 3590 3039 ac

226 3075 440 3129 ἑστάναι
470 3079 564 3134 τήν
588 3077 750 3148 χάριν
785 3094 798 3108 ·
839 3074 918 3136 οἷς
981 3079 1072 3126 καὶ
1130 3078 1408 3145 συνήνεγκε
1465 3073 1687 3140 πάντως,
1720 3088 1831 3144 χω-

1952 3069 2270 3140 adjudices
2315 3067 2612 3134 citatione,
2652 3069 2980 3140 praestituto
3031 3069 3127 3126 die
3181 3070 3591 3128 haereditatem

226 3167 310 3238 ρὶς
339 3161 512 3236 ἔριδος
537 3162 748 3226 ἀπάσης
775 3168 866 3217 καὶ
899 3163 1207 3237 φιλονεικίας
1252 3166 1342 3215 καί
1395 3169 1486 3222 τῆς
1541 3161 1628 3214 ἐπὶ
1682 3156 1833 3213 δικα-

1952 3155 2388 3230 accipientibus,
2411 3155 2602 3212 multo
2622 3159 2760 3213 ante
2780 3156 3182 3230 distributam,
3200 3163 3364 3230 tunc,
3386 3164 3452 3216 ut
3468 3159 3593 3216 dis-

231 3259 426 3329 στήρια
496 3257 585 3306 καὶ
666 3249 924 3314 δικαστὰς
998 3251 1197 3318 ἕλξεως,
1271 3249 1609 3323 ἆπειληφόσιν
1663 3247 1713 3300 έν
1764 3255 1828 3321 τῇ

1952 3245 2214 3304 tributori
2241 3244 2486 3318 placuit,
2515 3259 2618 3301 eas
2643 3260 2784 3302 suas
2813 3245 3043 3303 fecisse.

227 3343 522 3418 προθεσμίᾳ
589 3344 707 3404 τούς
767 3342 1015 3419 κλήρους,
1080 3339 1251 3412 πολλῷ
1329 3343 1421 3413 μεν
1483 3341 1729 3413 πρότερον
1805 3334 2292 3408 ἂπονενεμημένους,
2371 3337 2489 3386 τότε
2541 3330 2615 3404 δ’,
2674 3337 2744 3396 ὡς
2793 3330 2942 3397 ἔδοξε
2982 3342 3057 3407 τῷ
3115 3332 3359 3408 διελόντι,
3413 3342 3595 3412 σφίσιν

229 3431 408 3494 αὐτοῖς
442 3431 650 3490 εἰσποιη
660 3433 850 3493 θέντας.

304 3525 403 3574 Καὶ
429 3524 600 3573 τοίνυν
632 3517 789 3584 δόξαν
839 3519 1260 3594 μεγαλοψυχίας,
1317 3518 1430 3592 ἅμα
1481 3513 1542 3572 δε
1578 3519 1668 3570 καὶ
1697 3511 1834 3590 φιλο-

2014 3515 2208 3588 Atque
2237 3511 2416 3584 igitur
2455 3509 2968 3584 magnanimitatis
3033 3519 3090 3572 et
3129 3515 3377 3573 honoris
3426 3519 3484 3574 et
3536 3516 3600 3573 in

235 3622 417 3692 τιμίας
465 3623 556 3671 καὶ
605 3626 704 3680 τῆς
753 3622 873 3693 περὶ
926 3621 986 3671 τὸ
1037 3621 1289 3693 παρέχειν
1349 3615 1658 3690 ἐλευθερίας,
1715 3618 1839 3668 πότε

1952 3603 2148 3662 dando
2165 3601 2906 3693 liberalitatis‘opinionem
2929 3603 3045 3661 sibi
3065 3605 3336 3679 acquiret
3357 3606 3601 3679 justius,

232 3714 422 3790 μᾶλλον
480 3711 703 3780 δικαίως
761 3717 1036 3769 ἀποίσεταί
1088 3733 1184 3786 τις,
1233 3715 1289 3768 ἐκ
1348 3720 1446 3767 τῶν
1489 3712 1696 3766 ἐνόντων
1748 3715 1839 3765 καὶ

1952 3693 1998 3750 si
2026 3708 2099 3749 ex
2127 3691 2210 3748 eis
2239 3707 2376 3765 quae
2405 3690 2518 3764 ipsi
2547 3690 2804 3748 liberum
2835 3697 2924 3749 est
2959 3693 3103 3751 dare
3141 3699 3199 3751 et
3235 3695 3460 3768 quibus
3489 3695 3606 3752 frui

231 3813 299 3866 ὧν
353 3811 625 3867 ἀπολαύειν
682 3815 796 3886 ἔχει
867 3809 1037 3866 δοκῶν
1095 3807 1384 3884 ἀπονέμειν,
1447 3811 1476 3870 ἦ
1537 3817 1634 3862 τῶν
1701 3806 1844 3862 ἀλλο-

1952 3785 2163 3857 potest,
2184 3781 2328 3839 dare
2348 3781 2605 3850 videtur,
2635 3796 2823 3854 quam
2855 3781 2904 3836 si
2931 3782 3048 3854 ipsi
3071 3783 3200 3854 jam
3224 3788 3470 3842 externa
3497 3789 3552 3842 et
3572 3801 3605 3841 e

1949 3870 2173 3944 quibus
2202 3869 2475 3926 excidere
2491 3869 2673 3927 invite
2695 3869 2970 3926 creditur.
2997 3873 3222 3928 Etenim
3244 3873 3306 3928 in
3326 3873 3606 3930 extremis

1951 3959 2097 4016 nihil
2127 3959 2353 4033 proprii
2377 3975 2583 4016 secum
2612 3958 2763 4015 ferre
2799 3951 3027 4029 valens,
3063 3961 3469 4034 omnibusque
3503 3962 3608 4019 des

1953 4049 2441 4122 nudatus,eaque
2461 4047 2857 4104 distribuendi
2877 4064 3072 4122 capax
3094 4051 3271 4123 quasi
3290 4067 3608 4124 nunquam

1878 4162 1922 4218 ι)
1957 4138 2036 4197 ad
2057 4154 2118 4194 se
2139 4137 2582 4210 pertinuissent,
2601 4136 2708 4194 etsi
2733 4138 2938 4194 omnia
2953 4138 3333 4210 cupientibus
3353 4139 3609 4210 cederet,

1956 4243 2083 4284 non
2115 4227 2311 4298 magis
2337 4225 2581 4299 propria
2601 4225 2830 4282 donare
2849 4225 3104 4296 videtur,
3135 4243 3324 4301 quam
3356 4228 3554 4287 aliena
3594 4245 3609 4296 ;

241 4309 418 4378 τέχειν
473 4305 594 4357 ὅσον
673 4307 764 4356 καὶ
839 4311 940 4356 τῶν
1012 4299 1277 4376 μηδέποτε
1341 4304 1847 4374 προσγεγενημένων,

1959 4332 2096 4391 quas
2124 4315 2286 4372 enim
2313 4314 2440 4386 jam
2469 4327 2594 4370 non
2621 4312 2780 4370 valet
2829 4299 3173 4383 continere;
3197 4314 3430 4373 dimisit.
3483 4319 3614 4374 Non

245 4401 344 4456 κᾶν
411 4403 582 4456 πάντα
639 4407 848 4476 προοῖτο
905 4406 1016 4464 τοῖς
1064 4399 1419 4474 βουλομένοις,
1473 4395 1624 4452 οὐδὲν
1666 4397 1847 4472 μᾶλλον

1962 4404 2124 4462 enim
2161 4407 2304 4461 tunc
2356 4401 2453 4459 vel
2501 4401 2973 4474 generosissimis
3021 4409 3291 4461 remanet
3330 4403 3488 4461 ullus
3535 4404 3617 4462 ad

251 4494 418 4548 οἰκεῖα
447 4487 596 4544 δοκεῖ
621 4491 650 4550 ἦ
692 4493 819 4545 νόθα
868 4491 1329 4564 καταχαρίζεσθαι
1361 4506 1376 4523 ο
1407 4489 1443 4540 ἃ
1483 4490 1585 4564 γὰρ
1645 4492 1716 4561 μή
1775 4483 1847 4540 δε-

1964 4492 2350 4569 praasentium
2405 4489 2714 4564 quodlibet
2767 4490 3036 4550 aﬂ‘ectus.
3095 4494 3408 4560 Quomodo
3456 4493 3617 4550 enim

254 4584 478 4647 δύνηται
502 4591 761 4660 κατέχειν,
825 4589 1038 4662 μεθῆκε.
1091 4591 1194 4640 Καὶ
1247 4592 1373 4659 γοῦν
1415 4581 1534 4638 οὐδ’
1583 4587 1695 4638 ἔστι
1746 4587 1847 4638 τότε

1964 4581 2353 4642 remaneret?
2377 4579 2601 4647 Quibus
2619 4579 2754 4654 jam
2783 4595 2906 4638 non
2934 4581 3119 4639 modo
3171 4583 3516 4639 divitiarum
3544 4597 3617 4638 ac

255 4673 382 4731 οὐδέ
421 4697 479 4750 γε
515 4685 624 4741 τοῖς
674 4677 1084 4752 ἓμπαθεστάτοις
1146 4679 1278 4752 πρὸς
1332 4671 1484 4729 οὐδεν
1526 4682 1626 4728 τῶν
1673 4693 1847 4751 παρον·

1967 4687 2175 4747 opum,
2203 4669 2310 4727 sed
2335 4674 2393 4728 et
2413 4669 2680 4743 corporis
2707 4669 3018 4728 dissolutio
3070 4671 3137 4727 ﬁt
3189 4676 3248 4727 et
3295 4670 3616 4743 depositio.

254 4781 354 4820 των
411 4762 634 4840 οὐδεμία
688 4769 1020 4843 προσπάθεια
1072 4786 1088 4801 ο
1141 4773 1250 4827 πῶς
1295 4767 1396 4840 γάρ
1433 4780 1447 4831 ;
1480 4760 1558 4826 οἷς
1619 4759 1728 4824 ήδη
1787 4767 1847 4836 μῆ

1967 4763 2190 4821 Idcirco
2249 4775 2375 4817 non
2433 4759 2651 4817 ardent
2696 4759 2801 4832 qui
2843 4759 3009 4816 bona
3060 4760 3189 4831 ejus
3262 4758 3616 4831 percipiunt,

255 4860 412 4930 μόνον
466 4858 744 4930 κτημάτων
809 4861 900 4910 καὶ
951 4873 1290 4931 πραγμάτων,
1351 4851 1480 4906 ἀλλά
1513 4871 1565 4905 τι
1626 4857 1716 4905 καὶ
1771 4859 1847 4904 τοί

1969 4850 2054 4907 illi
2085 4849 2306 4920 gratias
2331 4862 2508 4919 agere
2531 4848 2781 4920 ejusque
2818 4845 3164 4902 meminisse
3191 4863 3210 4917 ;
3272 4845 3379 4903 sed
3421 4845 3500 4903 ab
3556 4845 3621 4902 id

260 4949 499 5018 σώματος
577 4945 725 5008 λύσις
787 4951 878 4999 καὶ
939 4944 1184 5007 ἀπόθεσις
1250 4945 1510 5016 γίγνεταί.
1576 4943 1673 4994 Διά
1716 4946 1847 4994 τοῦτε

1971 4937 2211 4996 mellem
2241 4935 2566 4994 ostendunt
2591 4938 2880 4998 mentem,
2901 4949 2972 4991 eo
2997 4932 3164 5006 quod
3182 4933 3300 5005 ille,
3353 4950 3495 4991 cum
3524 4949 3620 4992 sa-

257 5039 349 5089 καὶ
371 5031 494 5088 οὐδὲ
526 5036 705 5112 θερμοί
739 5039 871 5099 τινές
929 5036 1060 5089 εἰσιν
1107 5037 1156 5088 οἱ
1201 5041 1304 5086 τῶν
1361 5031 1552 5086 ἐκείνου
1608 5030 1847 5105 μεταλαγ·

1971 5027 2154 5083 nitate
2183 5025 2474 5081 frueretur
2498 5027 2556 5080 et
2579 5022 2826 5086 deliciis,
2855 5036 2980 5079 non
3011 5023 3302 5094 statuerit,
3350 5039 3428 5080 ne
3479 5025 3624 5082 scri-

258 5126 510 5198 χάνοντες
555 5125 820 5199 ὁμολογεῖν
858 5124 1024 5197 ῗαῦτῷ
1090 5127 1182 5176 καὶ
1237 5122 1372 5176 πάνυ
1454 5141 1506 5174 τι
1552 5124 1648 5180 τήν
1695 5121 1847 5196 χάριν

1983 5117 2086 5188 pto
2119 5113 2386 5199 quidem,
2417 5112 2580 5170 bona
2610 5126 2723 5167 sna
2750 5110 2900 5182 ipsis
2933 5110 3307 5199 distribuere.

261 5197 727 5288 ἆπομνημονεύειντ
761 5234 776 5250 ο
828 5213 934 5268 ἀλλ’
1029 5211 1351 5286 ἀμϐλυτέραν
1425 5213 1613 5264 ὡσανεὶ
1685 5212 1814 5284 πρὸς
1879 5210 2032 5259 τοῦτο
2125 5198 2420 5255 δείκνυνται
2487 5204 2579 5260 τὴν
2643 5204 2876 5274 γνώμην,
2935 5197 3011 5273 ἔφ’
3077 5207 3153 5264 οῖς
3210 5201 3383 5267 αὐτοῖς
3439 5201 3626 5268 ἐκεῖνος

260 5303 510 5376 ὑγιαίνων
597 5308 688 5358 καὶ
739 5311 944 5381 τρυφῶν
1011 5298 1144 5378 μηδ’
1204 5300 1378 5355 ἔϐαλεν
1452 5299 1524 5365 εἰς
1591 5307 1732 5368 νοῦν,
1811 5291 1942 5372 μηδ’
2025 5293 2146 5347 ὅσον
2211 5289 2260 5344 έν
2323 5296 2571 5366 γραφαῖς,
2621 5296 2722 5343 τῶν
2781 5293 3082 5366 προσόντων
3146 5288 3278 5365 μηδ’
3337 5295 3621 5349 ὁποσονοῦν

263 5411 562 5466 απονειμαι.

230 3916 388 3988 τρίων
439 3907 782 3986 μεταδιδοὺς,
858 3915 949 3964 καὶ
999 3911 1067 3963 ὧν
1117 3908 1258 3963 οἴκων
1335 3906 1598 3962 ἐκπίπτειν
1649 3911 1844 3980 νενόμι-

239 4025 362 4064 σται
410 4009 678 4073 καθάπαξ.
734 4013 833 4063 Καὶ
877 4011 978 4084 γὰρ
1046 4003 1094 4060 έν
1161 4015 1270 4071 τοῖς
1325 4006 1632 4067 τελευταίοις
1679 4000 1845 4078 μηδὲν

238 4116 341 4161 τῶν
414 4103 559 4161 ἰδίων
611 4110 748 4180 ἔχων
825 4107 938 4180 μεθ’
1022 4106 1207 4160 ἑαυτοῦ
1281 4109 1473 4181 φέρέιν,
1530 4106 1736 4158 πάντων
1799 4099 1847 4154 δ’

244 4207 570 4279 ἁπωσμένος,
622 4209 716 4257 καί
774 4211 1024 4258 τοσοῦτον
1085 4200 1369 4278 δυνάμενος
1434 4202 1603 4255 αὐτῶν
1657 4219 1853 4275 συμμε-

338 5487 440 5536 Kac
490 5485 608 5558 περὶ
651 5481 840 5558 ψυχῆς
916 5479 977 5536 δε
1024 5482 1206 5542 ἥντινα
1255 5482 1371 5535 τότε
1411 5481 1564 5554 μνίαν
1619 5480 1712 5532 καὶ
1759 5483 1847 5531 τῶπ

2041 5473 2110 5532 Et
2155 5471 2231 5530 de
2275 5470 2502 5542 anima,
2554 5483 2746 5545 quam
2770 5485 2936 5529 nunc
2980 5485 3212 5542 eorum,
3243 5487 3378 5547 quae
3431 5471 3627 5548 ipsam

267 5563 522 5646 δεομένων
577 5581 803 5629 ποιεῖται
877 5567 1089 5646 βοηθεῖν
1163 5569 1291 5645 αὐτῇ
1370 5559 1733 5643 δεδυνημένων
1788 5585 1847 5622 νε⁴

1969 5560 2257 5639 adjuvare
2277 5563 2522 5638 queant,
2583 5562 2953 5630 mentionem
3002 5561 3163 5638 facit,
3222 5579 3381 5636 eam,
3426 5568 3494 5628 ut
3545 5565 3630 5626 ita
