4054 6212
612 233 635 284 1
645 232 750 286 4⁸75

1939 224 2319 285 NICEPHORI
2354 224 2637 283 CHUMNI.

3739 256 3838 311 5576

608 355 808 410 dicam
834 363 1137 411 mortuam
1167 359 1224 410 et
1242 355 1481 410 inanem
1510 355 1668 422 facit,
1700 370 1897 427 neque
1925 353 2047 408 ullo
2074 350 2215 406 mod

2295 354 2339 405 Α
2369 352 2495 423 κράν
2521 371 2636 404 τινα
2673 358 2886 423 ταύτην,
2946 360 3018 419 ὡς
3068 358 3244 423 εἰπεῖν,
3296 366 3380 413 xui
3440 362 3606 437 ἀκερδῆ
3657 382 3837 432 ποιεῖται.

608 448 731 500 Deo
761 449 1014 515 gratam,
1047 460 1185 499 cum
1216 459 1410 515 neque
1439 444 1535 499 lex
1564 448 1733 499 vetus
1754 442 1975 498 inﬁrmi
2028 440 2256 513 aliquid

606 538 711 589 aut
755 534 1003 589 emortui
1054 533 1116 587 in
1161 532 1522 587 sacriﬁcium
1577 532 1905 587 adhiberet.
1956 530 2254 596 Quoniam

604 623 764 678 enim
793 622 854 676 id
883 624 1046 693 quod
1072 620 1336 689 offertur,
1370 622 1552 676 vitam
1576 636 1890 692 nunquam
1920 624 2253 675 cessantem

601 711 1145 767 remunerationem
1160 711 1363 779 habet,
1380 710 1689 781 quomodo
1702 711 1882 765 inane
1897 709 2210 764 offerretur
2224 707 2251 759 εἰ

598 800 907 872 quomodo
936 806 993 856 et
1017 799 1517 865 abominandum,
1546 803 1611 853 ut
1645 799 1761 869 jam
1815 798 2021 854 mortis
2073 797 2252 868 parti-

597 904 741 960 ceps
763 887 790 940 ?

646 982 712 1034 Et
742 994 888 1034 sane
913 979 1025 1034 etsi
1055 978 1191 1050 quis
1219 978 1460 1050 plurimi
1480 978 1700 1033 faceret
1728 982 2017 1048 tanquam
2044 976 2246 1030 viven-

594 1067 678 1123 tia
694 1074 923 1122 mortuo
936 1068 1098 1122 dona
1108 1082 1435 1127 remanere,
1453 1082 1647 1137 neque
1673 1081 1916 1137 prorsus
1929 1063 2242 1134 corrumpi,

593 1171 667 1211 eo
702 1156 867 1227 quod
900 1172 1023 1211 non
1046 1172 1154 1226 pro
1178 1160 1441 1226 tempore
1468 1171 1662 1226 neque
1692 1154 1939 1225 quando
1991 1154 2242 1221 dignum

593 1249 739 1308 erat,
763 1244 870 1300 sed
901 1250 964 1300 ut
983 1245 1063 1299 ita
1088 1243 1311 1313 dicam,
1336 1244 1652 1299 morticina
1702 1242 1858 1297 facta
1906 1243 2041 1311 sint,
2091 1258 2243 1314 quo-

589 1334 756 1390 niam
775 1333 849 1388 iis
885 1349 995 1405 pro
1024 1333 1230 1389 anima
1260 1337 1498 1403 tempus
1526 1331 1694 1387 adest
1746 1334 1833 1400 (ut
1874 1330 2241 1402 quibusdam

586 1423 806 1490 visum,
835 1427 891 1477 et
922 1422 1065 1476 mihi
1096 1437 1341 1493 quoque
1369 1419 1646 1488 videtur),
1673 1436 1811 1475 cum
1830 1419 2030 1475 adhuc
2068 1436 2240 1476 mens

588 1516 644 1567 et
674 1526 895 1582 corpus
922 1511 1136 1565 robore
1169 1525 1239 1566 ac
1266 1510 1517 1564 sanitate
1536 1508 1768 1567 ﬂorent.
1790 1508 1867 1562 ad
1891 1513 2241 1564 testamenta

586 1599 857 1655 eundum
884 1604 993 1664 est,
1029 1603 1084 1654 et
1107 1597 1273 1653 bona
1300 1596 1645 1664 dividenda,
1678 1600 1735 1651 et
1776 1596 2000 1667 quibus
2021 1596 2233 1667 placet,

2367 444 2456 490 καί
2478 459 2538 510 γε
2564 452 2636 512 μη
2673 448 3028 509 παντάπασιν,
3080 446 3196 518 ἐμοὶ
3250 444 3429 517 δοκεῖν,
3473 460 3570 525 Θεῷ
3598 473 3836 533 κεχαρισαέ,

2362 546 2474 589 νην,
2528 531 2605 580 ὅτι
2668 529 2801 603 μηδ’
2828 536 2853 585 ό
2892 534 3055 586 πάλαι
3120 540 3273 608 νόμος
3323 537 3564 611 ἄρρωστον
3608 520 3727 599 uide:
3760 520 3838 604 ὧδ’

2361 616 2554 704 οἶπνουν
2638 621 2717 689 (1)
2799 619 2917 693 ἦγεν
2970 624 3041 684 εἰς
3101 626 3303 681 θυσίαν.
3355 632 3495 689 Ζωῆς
3538 635 3625 703 γὰρ
3668 644 3722 704 μή
3758 659 3838 692 ποτε

2357 703 2621 775 ληγούσης
2660 714 2718 760 τὸ
2772 718 3238 784 προσενηνεγμένον
3289 713 3583 789 ἀπαλλαγήν
3627 703 3740 792 ἕχον,
3772 738 3838 789 κάς

2356 792 2416 843 ἀν
2484 794 2696 868 ἀχρεῖον
2760 804 2849 851 καὶ
2910 801 3205 873 ἀνενεχθείη
3252 819 3265 869 ;
3322 812 3424 865 πῶς
3494 825 3573 857 και
3612 807 3837 887 ﬁdelium,

2353 888 2658 956 νεκρότητος
2683 890 2903 958 μετέχον
2945 908 2957 955 ;

2427 970 2629 1042 Ἀμελει
2653 993 2733 1025 τοι
2772 996 2863 1027 και
2913 980 2957 1028 εἴ
3012 998 3086 1039 τις
3137 986 3335 1032 ποιοῖτο
3386 988 3497 1053 περί
3535 983 3737 1039 πλείστου
3779 992 3839 1049 ζόη

2355 1076 2447 1116 σας
2498 1063 2656 1113 ὡσαεί
2745 1083 2835 1114 και
2880 1068 3119 1118 τεθνεῶτι
3195 1070 3285 1127 τὰς
3327 1066 3511 1143 δωρεὰς
3556 1072 3677 1123 αὑτώ
3726 1084 3837 1146 μένειν

2351 1164 2442 1198 και
2490 1154 2561 1219 μὴ
2613 1154 2919 1205 παντάπασί
2982 1175 3042 1225 γε
3086 1152 3414 1231 διεφθάρθαι,
3465 1159 3545 1210 ἅτε
3593 1158 3651 1219 δὴ
3692 1184 3759 1215 και
3793 1176 3836 1236 μή

2351 1240 2483 1287 κατὰ
2537 1242 2719 1313 καιρόν
2790 1261 2881 1292 και
2929 1243 3004 1294 ὅτ’
3056 1243 3187 1303 εἰκός
3240 1242 3322 1313 ἧν,
3385 1248 3667 1319 θνησιμαίας
3708 1250 3761 1320 δ’,
3798 1259 3840 1316 ὡς

2350 1324 2529 1393 εἰπεὶν,
2556 1334 2885 1400 γιγνομένας,
2937 1330 3050 1382 ἀντί
3102 1332 3289 1404 ψυχῆς
3334 1336 3467 1394 δντος
3513 1344 3610 1397 τοῖς
3641 1343 3840 1413 7‘P‘E'IE‘M‘

2349 1421 2441 1465 τοῦ
2504 1427 2708 1489 καιροῦ,
2788 1422 2852 1479 ὧς
2925 1440 3065 1473 τισιν
3111 1420 3254 1484 ἔδοξε
3308 1422 3462 1496 κάμοί
3512 1424 3733 1489 συνδοκεῖ,
3771 1452 3840 1491 νιος

2349 1503 2493 1574 αὐτῷ
2565 1525 2654 1557 και
2733 1514 2973 1580 σώματος
3050 1516 3397 1583 τετονωμένών
3474 1534 3558 1567 και
3625 1516 3744 1589 ῥώμῃ
3786 1538 3841 1570 καί

2346 1591 2543 1661 ὑγείαις
2586 1597 2942 1667 ακμαζόντων,
3013 1598 3139 1652 ἰτέον
3209 1604 3336 1675 πρὸς
3389 1604 3475 1661 τὰς
3515 1600 3745 1668 διαθήκας,
3786 1628 3843 1661 ut

586 1687 991 1753 concedenda,
1028 1702 1098 1743 eo
1130 1686 1294 1758 quod
1334 1686 1438 1757 qui
1474 1686 1539 1740 in
1567 1686 1844 1741 extremis
1883 1685 2215 1740 constitutu:

2295 1707 2306 1754 ι
2348 1677 2635 1756 διαιρετέον
2670 1688 2766 1747 τὰς
2799 1687 3064 1758 ὑπάρξεις,
3136 1693 3227 1740 καὶ
3279 1697 3673 1763 προσαρμοστεον
3716 1697 3772 1755 οἷς
3804 1696 3841 1746 ἂν

583 1777 749 1833 bona
781 1776 1010 1841 dividit,
1042 1774 1272 1830 nullam
1305 1774 1419 1830 sibi
1451 1790 1489 1829 a
1542 1774 1779 1829 nemine
1832 1773 2077 1829 honoris
2134 1778 2238 1829 aut

583 1865 789 1935 gratiae
813 1863 1249 1919 confessionem
1276 1861 1559 1917 vindicat.
1584 1860 1696 1917 Sed
1718 1861 1916 1916 adhuc
1946 1860 2233 1929 gratiores

579 1953 722 2009 facit
758 1969 864 2009 eos
884 1969 988 2025 qui
1012 1952 1073 2006 in
1113 1951 1487 2007 hmreditates
1514 1950 1762 2005 veniunt
1790 1954 1845 2005 et
1875 1951 2041 2021 parvi
2072 1955 2229 2015 sunt,

579 2059 703 2115 quo
714 2042 936 2097 diutius
957 2040 1291 2109 etlongiore
1316 2043 1581 2110 tempore
1607 2048 1903 2093 noverunt
1934 2043 2230 2109 quantum

578 2131 731 2188 lucri
760 2131 971 2188 facturi
1000 2131 1118 2186 sint
1144 2145 1252 2202 per
1283 2144 1389 2184 eos
1405 2127 1512 2199 qui
1536 2132 1672 2182 ante
1712 2143 1774 2182 se
1796 2132 2226 2199 perceperunt;

578 2236 775 2294 neque
808 2221 872 2277 in
902 2221 1045 2285 ﬁne,
1077 2219 1189 2275 etsi
1218 2218 1421 2274 minus
1459 2215 1754 2272 desiderio
1802 2220 1859 2271 et
1908 2215 2226 2288 cupiditate

578 2310 846 2366 ferantur
864 2316 967 2364 aut
995 2309 1239 2378 indigne
1255 2312 1312 2363 et
1345 2321 1502 2375 aegre
1533 2305 1967 2361 sustinent.aut
1998 2306 2057 2361 in
2088 2322 2225 2362 con-

575 2399 885 2455 cedentem
924 2398 1344 2467 indignantur,
1374 2401 1433 2449 et
1490 2410 1600 2466 pro
1632 2394 1815 2457 gratis
1870 2393 2003 2449 irati
2051 2394 2220 2450 ﬁunt.

574 2488 706 2543 Abit
722 2503 865 2543 vero
886 2493 943 2542 et
957 2486 1211 2557 emigrat
1233 2482 1584 2556 tranquillus
1607 2483 1710 2554 qui
1728 2482 1998 2545 moritur,
2018 2484 2223 2555 quoad

570 2576 707 2631 illos
726 2576 957 2636 saltem,
974 2589 1169 2645 neque
1190 2573 1268 2629 ab
1292 2572 1412 2628 ullo
1432 2571 1700 2643 quolibet
1722 2570 1905 2626 modo
1925 2571 2218 2628 turbatur.

571 2667 796 2719 Etsane
851 2663 1214 2735 quicumque
1255 2677 1395 2716 cum
1450 2675 1527 2715 eo
1577 2659 1880 2727 conjuncti
1931 2666 2070 2715 sunt
2118 2662 2219 2718 toti

566 2753 754 2823 hujus
776 2752 961 2808 solius
992 2750 1281 2822 temporis
1300 2765 1370 2804 ac
1388 2748 1474 2804 rei
1491 2752 1649 2813 sunt,
1672 2746 1975 2819 soliusque
1996 2748 2218 2805 abeun-

567 2843 642 2898 tis
674 2858 744 2897 ac
774 2841 1043 2897 defuncti
1065 2840 1249 2910 hujus
1286 2854 1466 2910 quem
1500 2842 1727 2905 amant,
1759 2837 2106 2905 meminere,
2146 2854 2217 2894 ac

563 2931 640 2986 de
664 2932 794 3002 ejus
826 2936 1013 2986 morte
1044 2928 1267 2990 dolent,
1314 2926 1391 2982 ad
1440 2925 1585 2982 illud
1640 2940 1828 2981 unum
1882 2932 2216 2998 spectantes

2344 1772 2563 1841 αἱροῖτο,
2617 1775 2681 1832 ὡς
2751 1782 2841 1826 του
2891 1794 2949 1845 γε
3000 1779 3133 1850 πρὸς
3180 1786 3286 1837 τοῖς
3360 1782 3593 1850 εσχοὶτοις

2342 1859 2434 1919 τὰς
2456 1856 2713 1932 διανομὰς
2772 1860 3092 1925 σπουδάζειν
3136 1864 3448 1940 ἐμπαρέχειν
3493 1865 3708 1940 οὐδεμίαν
3752 1872 3843 1939 uitali

2339 1947 2460 2018 παρ’
2517 1945 2722 2010 οὐδενός
2765 1954 2980 2021 ἔχοντος
3037 1957 3155 2005 οὔτε
3210 1954 3501 2028 φιλοτιμίας
3541 1958 3644 2011 οὐτε
3689 1962 3843 2033 χάριτος

2339 2035 2635 2107 ὁμολογίαν.
2708 2038 2819 2093 Ἔτι
2905 2060 2961 2094 τι
3029 2047 3120 2095 καὶ
3192 2043 3343 2096 πλεον
3425 2045 3707 2118 vir/waiting;
3752 2056 3842 2099 τοιεῐ

2338 2128 2460 2186 τοὺς
2504 2127 2573 2186 εἰς
2608 2131 2730 2189 τοὺς
2767 2128 2993 2203 κλήρους
3047 2130 3384 2205 ἐρχομένους,
3440 2139 3526 2185 καὶ
3570 2140 3751 2208 μικροὺς
3782 2138 3842 2188 αν-

2336 2217 2453 2273 τοὺς
2523 2218 2694 2286 ὄντας,
2744 2220 2801 2268 τό
2850 2218 3108 2292 «appulsu
3165 2220 3347 2283 αὐτοῖς
3409 2226 3841 2296 προσιθισθῆναιιαὶ

2332 2300 2523 2355 πλείονι
2580 2312 2657 2355 τῶ
2730 2309 2925 2378 χρόνῳ,
3004 2313 3103 2358 πᾶν
3155 2309 3277 2360 ὅσον
3324 2306 3647 2382 κερδανοῦσιν
3691 2311 3737 2363 ἐκ
3776 2321 3841 2364 τὸν

2332 2392 2711 2464 προειληφότων
2748 2396 2939 2448 ἄνωθεν
2987 2394 3343 2468 ἐπεγνωκότας
3375 2421 3388 2432 ·
3441 2406 3528 2452 xui
3579 2398 3707 2454 οὐδέν
3755 2403 3842 2453 εἰσιν

2332 2481 2416 2531 ἐπὶ
2459 2481 2647 2551 τελους,
2734 2483 2828 2534 κᾶν
2875 2483 3084 2537 ἔλαττον
3147 2486 3502 2562 ἁποφέρωνται
3570 2499 3655 2550 τῆς
3692 2490 3840 2562 ὁριξεως

2330 2574 2562 2631 καὶτῆς
2643 2574 2938 2644 ἐπιθυμίας,
3022 2578 3139 2627 οὔτε
3237 2574 3722 2650 δυσανασχετοῦντες
3782 2584 3841 2631 καὶ

2328 2657 2748 2728 χαλεπαίνοντες,
2835 2662 2942 2713 οὔτ’
2998 2660 3063 2715 αὖ
3136 2675 3444 2736 νεμεσῶντες
3487 2675 3555 2736 τῷ
3596 2674 3839 2742 χορηγοῦντι

2327 2754 2413 2799 και
2452 2747 2557 2799 ἀντ’
2611 2749 2939 2822 εὐχαρίστων
2996 2757 3294 2825 γιγνόμενοι
3348 2755 3561 2831 ὀργίλοι.
3604 2756 3777 2810 "Amm
3802 2755 3839 2807 δι

2326 2842 2416 2888 καὶ
2447 2839 2472 2889 ό
2504 2842 2595 2895 τὴν
2626 2836 2883 2911 ἐκδημίαν
2918 2841 3243 2914 στελλόμενος
3294 2844 3539 2919 ἀτρέμας,
3576 2852 3627 2898 τό
3663 2864 3714 2915 γε
3752 2849 3839 2896 κατὰ

2323 2930 2562 2995 τούτους,
2622 2932 2765 3001 παρὰ
2829 2927 3054 3001 μηδενός
3117 2930 3289 3004 μηδεν
3353 2934 3736 3009 τεθορυϐημένος.
3774 2940 3838 2987 Καὶ

562 3036 759 3093 neque
786 3019 962 3075 ullius
990 3018 1233 3074 alterius
1263 3016 1349 3071 rei
1376 3017 1670 3071 rationem
1699 3014 1989 3070 habentes
2020 3031 2213 3087 neque

2323 3022 2493 3069 τοίνυν
2540 3020 2725 3079 πάντες
2795 3021 2845 3071 οἱ
2904 3024 3163 3083 συνιόντες
3201 3022 3367 3075 αὐτοῦ
3408 3021 3474 3082 δὴ
3526 3028 3692 3077 τουτου
3729 3028 3839 3093 μόνον

559 3110 896 3181 quidquam
922 3107 1085 3164 aliud
1116 3106 1443 3175 cogitantes
1473 3103 1640 3175 quod
1663 3102 1931 3159 dolorem
1962 3119 2032 3159 ac
2062 3120 2210 3176 prae-

563 3202 793 3253 sentem
812 3200 1035 3252 statum
1063 3195 1316 3250 deceret.

557 3287 902 3356 ποθουμένου,
994 3289 1083 3335 καὶ
1160 3289 1250 3337 τοῦ
1330 3301 1386 3351 γε
1467 3280 1550 3332 ἐπ’
1633 3280 1789 3332 αὐτόν
1865 3282 2101 3351 πένθους,

2320 3110 2410 3158 xui
2450 3110 2713 3176 γίγνονται
2770 3116 2863 3159 τοῦ
2914 3114 3168 3183 παρόντος
3220 3120 3415 3186 καιροῦ
3455 3119 3542 3167 xui
3592 3120 3674 3166 τοῦ
3725 3113 3838 3185 πρᾶγ·

2318 3212 2496 3263 ματος,
2538 3198 2628 3263 καὶ
2672 3202 2764 3246 τοῦ
2820 3205 3102 3269 χωρισμοῡ
3129 3203 3219 3250 καὶ
3270 3208 3373 3262 τῆς
3425 3201 3743 3272 ὑποχωόσεως
3779 3206 3840 3249 τοῦ

2212 3285 2341 3354 πρὸς
2400 3279 2550 3334 οὐδὲν
2612 3283 2732 3334 ἄλλο
2785 3283 3076 3354 βλέποντες,
3130 3284 3270 3359 μηδέ
3318 3294 3436 3363 περὶ
3484 3286 3687 3361 μηδενός
3717 3288 3839 3359 ἑτέρον

555 3379 854 3446 ποιούμενοι
929 3376 1015 3425 τὸν
1088 3372 1238 3442 λόγον
1307 3374 1397 3421 καὶ
1461 3372 1551 3429 τὰς
1616 3371 1840 3441 στροφὰς
1893 3378 1992 3419 τῶν
2046 3379 2306 3442 λογισμῶν
2357 3374 2565 3442 ἔχοντες
2618 3374 2727 3423 οὔτι
2781 3392 2840 3443 γε
2904 3380 3263 3445 προσήκοντος
3318 3387 3397 3447 τῷ
3452 3380 3599 3432 πάθει
3653 3383 3727 3431 xui
3765 3383 3837 3435 rei;

555 3481 803 3536 ορωμενοι
812 3483 853 3524 ς.

625 3552 867 3624 Absque
895 3549 1082 3606 dubio
1104 3548 1297 3620 quivis
1320 3563 1459 3602 eum
1486 3545 1830 3616 laudat,qui
1852 3546 2204 3618 priusquam

552 3639 695 3695 ﬁnis
719 3638 1019 3707 adveniat,
1051 3637 1129 3692 ad
1160 3635 1304 3691 illud
1335 3634 1567 3705 aspicit,
1596 3638 1752 3689 recte
1784 3649 1922 3689 sane
1949 3650 2019 3689 ac
2051 3635 2202 3690 bene

551 3727 905 3799 dispositus.
941 3726 1144 3783 Laudo
1172 3729 1227 3780 et
1260 3739 1371 3793 ego
1394 3727 1450 3779 et
1493 3722 1628 3794 plus
1675 3737 1863 3793 quam
1917 3722 2040 3788 alii,
2091 3739 2202 3779 nec

549 3817 669 3875 alio
692 3816 875 3873 modo
909 3819 1182 3887 oportere
1203 3813 1379 3869 statui
1418 3813 1494 3868 de
1523 3811 1675 3867 meis
1730 3826 1841 3882 pro
1892 3811 2200 3869 voluntate

547 3905 886 3978 disponere.
910 3906 978 3959 Et
1005 3903 1088 3958 sic
1118 3901 1393 3973 dispono.

618 4083 798 4153 Igitur
846 4080 909 4137 id
969 4081 1233 4153 primum
1272 4094 1483 4135 omnes
1525 4078 1673 4134 scire
1743 4094 1813 4134 ac
1850 4079 2003 4136 bene
2047 4079 2193 4135 scire
2232 4120 2273 4174 Β

542 4172 851 4237 volumus,
891 4176 949 4226 et
974 4171 1080 4242 qui
1115 4185 1277 4224 nunc
1312 4183 1447 4223 meo
1478 4171 1835 4223 testamento
1862 4167 2103 4233 adsunt,
2138 4172 2195 4223 et

542 4261 646 4333 qui
676 4261 873 4315 futuro
901 4258 1044 4314 illud
1066 4263 1332 4329 tempore
1356 4256 1570 4326 legent,
1620 4271 1731 4311 nos
1787 4256 1931 4311 nihil
1979 4272 2050 4311 ex
2101 4257 2191 4312 in-

538 4349 786 4420 justitia,
818 4354 1115 4420 quantum
1161 4347 1223 4402 in
1284 4345 1639 4401 memoriam
1695 4345 1868 4413 redit,
1920 4347 2191 4403 conscios

540 4454 675 4495 esse
697 4443 833 4510 post
882 4441 1189 4493 maturum
1237 4450 1490 4490 examen
1546 4434 1959 4506 laboremque,
2013 4434 2190 4491 bonis

538 4528 762 4585 nostris
782 4525 1255 4596 addidisse,qu&3
1282 4524 1471 4579 multa
1495 4527 1653 4589 sunt,
1666 4523 1761 4578 Dei
1784 4524 2190 4581 misericordia

538 4634 610 4675 ac
636 4613 1239 4687 dono;frequentibus
1262 4629 1504 4685 quoque
1528 4612 1712 4683 hujus
1732 4612 2058 4677 beneﬁciis,
2084 4614 2189 4685 qui

535 4709 716 4766 nobis
748 4724 885 4764 cum
914 4706 1119 4763 divina
1149 4704 1457 4759 sanctitate
1488 4703 1761 4774 imperat.
1795 4704 2018 4773 Neque,
2049 4719 2187 4759 cum

533 4798 722 4870 ipsius
746 4793 1159 4853 misericordia
1195 4792 1527 4865 plurimum
1571 4806 1748 4863 posse
1794 4790 1906 4845 visi
1954 4806 2184 4861 sumus,

532 4902 715 4944 nemo
744 4890 834 4943 est
865 4901 938 4942 ex
957 4885 1031 4940 iis
1051 4883 1155 4956 qui
1182 4887 1403 4937 nostrae
1441 4879 1719 4951 potestati
1751 4877 2001 4949 subjecti
2024 4887 2181 4953 sunt,

534 4976 638 5047 qui
665 4974 955 5031 violentas
976 4977 1081 5029 aut
1106 4970 1451 5043 tyrannicas
1481 4972 1585 5024 aut
1624 4966 1934 5037 aﬂigentes
1967 4984 2184 5025 manus

530 5066 766 5117 nostras
792 5065 1067 5133 expertus
1105 5055 1689 5127 sit,ingemueritque
1730 5071 1766 5110 a
1803 5054 1978 5110 nobis
2010 5057 2183 5127 quid-

530 5165 716 5222 quam
741 5148 886 5205 mali
910 5162 1254 5219 perpessus.
1285 5147 1489 5217 Neque
1503 5149 1923 5200 extraneorum
1954 5144 2182 5214 cupidi-

528 5244 649 5297 tate
666 5253 737 5295 ac
757 5237 1085 5294 mutatione
1100 5236 1361 5292 minores
1380 5233 1493 5290 visi
1513 5250 1741 5290 sumus.
1757 5232 1896 5289 Ideo
1908 5231 2054 5288 nihil
2065 5247 2178 5288 nos

2384 3548 2587 3620 Ἀμέλει
2653 3568 2736 3602 τοι
2800 3556 2891 3602 xui
2960 3557 3063 3614 πᾶς
3115 3573 3191 3614 τις
3234 3553 3469 3627 ἐπῄνησε
3518 3560 3600 3609 τόν
3642 3556 3753 3608 οὔτω
3794 3556 3837 3603 τὰ

2310 3636 2427 3688 καθ’
2486 3637 2684 3703 ἑαυτὸν,
2745 3644 2866 3713 πρὶν
2918 3644 2975 3691 τό
3023 3641 3166 3701 τέλος
3222 3640 3525 3715 ἀφικέσθαι,
3572 3648 3688 3719 πρὸς
3728 3650 3835 3693 τοῦτο

2309 3723 2570 3798 πόρρωθεν
2650 3724 2926 3793 ἀπιδόντα,
2995 3726 3049 3781 εὖ
3105 3750 3164 3801 γε
3216 3737 3307 3783 καὶ
3374 3733 3536 3795 καλῶς
3585 3731 3836 3804 διαθέμενον.

2311 3812 2557 3865 Ἐπαινῶν
2590 3810 2649 3867 δὲ
2670 3814 2815 3886 κάσγω
2857 3822 2946 3868 xui
2993 3817 3139 3870 πλέον
3178 3826 3279 3870 τῶν
3348 3821 3531 3891 ἄλλων,
3581 3821 3675 3893 οὐχ
3717 3822 3835 3891 ἕτερον

2307 3900 2338 3958 ἢ
2371 3910 2546 3954 τοῦτον
2579 3899 2646 3961 δὴ
2680 3908 2764 3955 τόν
2786 3910 2973 3977 τρόπον
3028 3903 3133 3958 δεῖν
3191 3910 3350 3979 ἔγνων
3394 3913 3461 3962 τὰ
3514 3914 3637 3963 κατὰ
3681 3914 3835 3979 γιώξιιῖν

2306 3990 2388 4041 ἐπὶ
2412 4000 2521 4053 τοῖς
2544 3991 2683 4064 ἐμοῖς
2710 3994 2953 4046 ἐκθέσθαι
2986 4016 2998 4027 ”
3035 4000 3123 4047 καὶ
3157 3992 3484 4071 διεκτέθημι.

2378 4086 2477 4132 Καὶ
2503 4086 2675 4133 τοίνυν
2704 4090 2852 4134 τοῦτο
2878 4092 3078 4158 πρῶτον
3126 4087 3324 4148 πάντας
3383 4085 3571 4141 εἰδέναι
3622 4091 3699 4139 καὶ
3742 4086 3835 4136 πάνυ

2302 4187 2353 4219 τι
2393 4170 2556 4243 ὀρθῶς
2588 4166 2779 4222 εἰδέναι
2844 4172 3160 4244 βουλόμεθα,
3216 4178 3337 4236 τούς
3398 4197 3455 4230 τε
3506 4186 3591 4228 νῦν
3644 4180 3835 4246 παρόντας

2302 4266 2373 4327 τῷ
2414 4255 2736 4331 διατάγματι
2780 4266 2869 4313 καὶ
2916 4267 3034 4322 τοὺς
3087 4271 3158 4333 τῷ
3201 4270 3382 4337 χρόνῳ
3440 4266 3647 4338 ὕστερον
3679 4279 3834 4316 mw

2300 4366 2498 4418 μενους,
2557 4351 2623 4410 ὡς
2672 4346 2831 4403 οὐδὲν
2880 4353 3027 4423 ἡμεῖς
3073 4351 3125 4415 ἐξ
3168 4351 3409 4422 ἀδικίας,
3462 4358 3580 4408 ὅσον
3620 4355 3694 4406 ἐπὶ

2299 4456 2399 4507 μης
2439 4440 2574 4506 ἣκει,
2652 4438 2855 4500 ἑαυτοῖς
2910 4444 3158 4513 σύνισμεν
3203 4447 3535 4516 πανταχόθεν
3592 4442 3832 4505 ὶξετάζαυσι

2298 4530 2387 4577 καὶ
2428 4524 2834 4597 βασανίζουσιν,
2871 4529 3115 4601 οὐμενοῦν
3162 4531 3236 4593 εἰς
3284 4536 3594 4608 προσθήκην
3637 4536 3711 4583 ἐπὶ
3756 4532 3833 4583 τοῖς

2297 4622 2585 4686 προσοῦσιν
2700 4614 3087 4687 ἐσπουδακόσι,
3211 4621 3419 4682 πολλοῖς
3521 4621 3678 4685 οὖσιν,
3755 4614 3831 4667 οὶκ-

2296 4710 2497 4776 τιρμοίς
2527 4711 2660 4756 Θεοῦ
2685 4710 2775 4757 xui
2808 4712 3111 4778 χορηγίαις,
3145 4711 3221 4761 ἔτι
3243 4706 3302 4762 δὲ
3331 4715 3423 4763 καὶ
3483 4716 3689 4780 συχναῖς
3730 4720 3831 4755 τισίν

2296 4790 2547 4852 εὐποιίαις
2593 4800 2685 4844 τοῦ
2745 4795 2986 4866 θεοφιλῶς
3055 4799 3199 4869 ἡμῶν
3280 4803 3369 4851 xui
3430 4800 3593 4860 ὁσίως
3635 4799 3831 4868 κρατοῦν·

2294 4900 2383 4941 τος
2620 4879 2751 4935 Οὐδ’
2817 4882 2997 4945 ἐπειδή
3049 4892 3139 4939 καὶ
3215 4883 3547 4948 δεδυνῆσθαι
3614 4887 3691 4939 ὑπ’
3731 4881 3831 4948 αὖτῷ

2294 4968 2513 5021 ἐλεοῦντι
2575 4969 2816 5025 πλεῖστον
2889 4971 3161 5047 ἐδόξαμεν,
3211 4974 3411 5038 οὐδένες
3455 4986 3554 5029 τῶν
3608 4973 3827 5045 ἀνθρώπων

2292 5060 2652 5134 τῆςὴμετέρας
2681 5080 2865 5136 χειρας
2915 5068 3005 5116 xui
3046 5060 3333 5137 δύναμεως,
3388 5070 3507 5119 οὔτέ
3544 5068 3671 5126 τινὸς
3694 5060 3829 5134 ﬂiam

2290 5151 2381 5198 xui
2430 5158 2738 5220 τυραννικῆς
2809 5151 2915 5203 οὔτ’
2981 5151 3326 5216 ἐκθλιϐούσης
3388 5152 3628 5227 οὐδαμῶς
3675 5144 3825 5217 ἐπειρά-

2294 5237 2479 5304 θησαν,
2508 5234 2624 5289 οὐδ’
2651 5236 2975 5303 ἐπεστέναξεν
3029 5238 3205 5304 οὐδεὶς
3252 5242 3331 5296 ἐπ’
3388 5240 3561 5297 οὐδενὶ
3614 5249 3707 5296 τῶν
3746 5234 3827 5287 ίαν·

3521 4621 3678 4685 οὖσιν,

595 5473 677 5543 (1)
696 5474 777 5528 De
796 5464 1265 5543 conditionibus
1268 5463 1602 5543 hostiarum
1629 5462 1693 5519 in
1731 5466 1927 5518 vetere
1950 5459 2082 5532 lege
2113 5462 2231 5518 vid.
2268 5464 2446 5535 Levit,
2477 5481 2530 5522 c.
2557 5482 2695 5521 χχιι.

592 5534 677 5616 ('2')
708 5537 1112 5616 Imperatoris,
1135 5534 1376 5593 seﬁeet.
