4054 6212
223 282 361 339 1477
1638 280 1824 337 TEST.

1985 281 2174 338 iTUM.
3449 292 3586 347 1478

220 410 334 466 τοῦ,
381 409 556 462 κακῶς
607 403 677 461 ὡς
713 402 980 463 πεπονθώς
1031 403 1112 474 ὑφ’
1164 405 1331 474 ἡμῶν.
1399 400 1542 456 Οὐδὲ
1586 423 1646 473 γε
1720 410 1820 454 τῶν

1987 404 2152 460 abere
2172 405 2431 463 dicimus
2474 423 2672 480 neque
2708 407 3042 480 quidquam
3063 413 3168 466 aut
3199 411 3453 484 simplex
3484 420 3588 470 aut

219 490 502 565 ἀλλοτρίων
553 489 834 560 ἐπιθυμίας
921 487 1171 562 οὐδεμιᾶς
1261 497 1350 543 καὶ
1432 495 1820 564 μεταποιήσεως

1987 492 2245 563 .ultiplex
2281 496 2528 552 reddere
2548 496 2726 552 nobis
2775 496 3088 563 incumbit,
3120 502 3186 554 ut
3203 501 3588 572 sycophantis

221 579 414 641 ἢττους
440 578 712 650 ἐφάνημεν.
743 577 839 631 Διά
897 586 1050 631 τοῦτο
1107 586 1197 632 καὶ
1246 580 1459 652 ὀφείλειν
1516 576 1668 632 οὐδέν
1727 600 1819 650 φα-

1984 579 2142 636 3cidit
2177 587 2234 637 et
2261 583 2334 642 iis
2357 585 2463 656 qui
2487 585 2779 640 violenter
2799 589 2857 640 et
2883 586 3102 656 injuste
3133 586 3362 658 aliquid
3387 589 3585 646 abstu-

217 688 308 741 μεν
336 667 448 720 οὔθ’
487 668 680 720 ἁπλοῦν
719 671 836 719 οὔτε
890 667 1212 720 πολλαπλοῦν
1269 669 1350 739 (1)
1395 665 1705 732 ἀποδοῦναι,
1755 671 1818 730 ὡς

1986 675 2145 727 runt.
2172 672 2468 742 lnjustitia
2487 674 2646 730 enim
2668 674 2844 730 nobis
2860 675 3001 730 odio
3020 675 3156 747 plus
3184 692 3370 748 quam
3394 679 3587 751 quod-

219 761 706 827 συκοφαντήσαντας
742 757 772 814 ἦ
836 754 933 828 βίᾳ
1020 761 1110 808 καὶ
1176 765 1416 828 πονηρῶς
1497 754 1817 828 ἀφελόμενοι,

1984 762 2070 812 oet
2116 759 2243 829 fuit,
2268 765 2324 817 et
2340 762 2640 834 quidquid
2667 779 2738 818 ex
2767 779 2839 820 ea
2859 763 3064 830 oritur,
3105 765 3585 824 abominandum

220 849 420 907 Παντὸς
447 847 549 920 γὰρ
575 845 764 917 μᾶλλον
813 848 871 896 τὸ
924 842 1127 897 ἀδικεῖν
1167 843 1360 918 ἐχθρὸν
1419 847 1545 916 ἡμῖν
1591 849 1644 896 ἄν
1700 842 1819 897 δια-

1986 845 2103 900 )bis
2134 847 2262 918 fuit,
2294 855 2358 904 ut
2389 851 2692 906 funestum
2719 855 2777 906 et
2804 851 3034 909 hostile.
3068 853 3196 909 Imo
3225 859 3282 910 et
3302 854 3432 911 aliis
3448 871 3587 912 con—

219 938 467 1009 φερόντως
505 933 754 1006 ἐμισήθη,
777 937 866 985 καὶ
921 939 1022 985 πᾶν
1071 936 1131 984 τὸ
1189 934 1245 996 ἐξ
1298 933 1458 986 αὐτοῦ
1521 931 1816 1004 ίϐδελύχθη

1982 933 2062 990 lia
2082 935 2538 1011 dedimus,quos
2555 939 2806 996 decebat
2821 957 2934 996 nos
2962 943 3336 999 consulentes
3354 945 3583 1014 audire;

221 1027 291 1086 ὡς
317 1021 572 1098 βλαϐερόν
595 1027 685 1076 καὶ
717 1021 980 1094 πολέμιον.
1037 1027 1137 1076 Καὶ
1192 1027 1289 1095 μὴν
1337 1027 1426 1078 καὶ
1481 1029 1590 1084 τοῖς
1646 1021 1820 1084 ἄλλοις

1983 1039 1986 1077 :
2029 1024 2372 1097 frequentes
2418 1043 2455 1086 a
2493 1028 2669 1086 nobis
2697 1029 2774 1086 de
2819 1029 2889 1086 iis
2936 1031 3236 1090 orationes
3265 1032 3584 1090 elaboratae

221 1108 562 1184 διε-γενόμεθα
614 1109 1072 1182 συμϐουλεύοντες,
1134 1107 1224 1172 οὖς
1279 1117 1369 1162 καὶ
1413 1118 1680 1183 προσῆκον
1758 1107 1818 1168 ἦν

1986 1113 2408 1178 mt,hortantes
2447 1119 2513 1173 ut
2546 1117 2842 1187 justitiam
2872 1119 3332 1192 amplectantur,
3356 1121 3587 1191 injusti.

220 1201 368 1271 ἡμῶν
425 1198 878 1257 συμϐουλευόντων
935 1201 1140 1252 ἀκούειν
1209 1221 1222 1234 ο
1273 1205 1362 1252 καὶ
1421 1203 1615 1270 συχνοί
1687 1218 1820 1261 τινες

1308 1205 1362 1252 αὶ
1421 1203 1615 1270 συχνοί
1687 1218 1820 1261 τινες
1928 1201 2072 1256 tiam
2103 1218 2243 1260 vero
2271 1204 2630 1266 omnimodo
2658 1205 2909 1275 fugiant.

222 1287 307 1340 ἐπὶ
366 1292 566 1348 τούτοις
625 1290 750 1360 ἡμῖν
804 1287 948 1359 λόγοι
1009 1288 1417 1353 ἐξεπονηθησαν,
1478 1292 1824 1362 προσανέχειν
1899 1289 1992 1362 μέν
2058 1289 2136 1343 ἀεὶ
2203 1289 2584 1364 δικαιοσύναις,
2655 1297 2852 1367 φεύγειν
2913 1293 2964 1347 δ’
3022 1299 3078 1348 ἐκ
3125 1301 3310 1358 παντὸς
3387 1305 3582 1374 τρόπου

222 1381 318 1435 τὴν
350 1373 591 1434 ἀδικίαν,
1900 1385 1907 1392 “

292 1469 386 1520 Διά
409 1472 566 1518 τοῦτο
586 1486 676 1518 και
714 1468 1088 1538 παραιτεῖσθαι
1116 1474 1204 1518 νῦν
1229 1467 1324 1520 οὐκ
1353 1463 1458 1519 οἶδ’
1515 1467 1596 1519 ὃτι
1655 1463 1739 1518 δεῖ
1787 1466 1818 1524 ἣ

2003 1470 2374 1543 Quapropter
2409 1487 2528 1528 non
2558 1473 2740 1531 credo
2776 1473 2923 1530 mihi
2967 1474 3416 1546 implorandam
3452 1493 3582 1533 esse

218 1574 311 1606 και
372 1559 491 1626 περί
551 1560 864 1626 συγγνώμης
919 1551 1148 1621 δεῖσθαι,
1183 1555 1512 1628 ἐγνωσμένων
1556 1552 1624 1614 δή
1671 1575 1819 1608 τινων

1980 1560 2034 1611 ut
2048 1557 2346 1616 orandam
2364 1561 2622 1632 veniam,
2637 1577 2776 1618 cum
2793 1561 2974 1618 nobis.
2994 1569 3346 1621 succurrant
3364 1581 3498 1636 quae
3521 1566 3581 1621 in

219 1647 344 1717 ἡμῖν
370 1644 548 1710 ὄντων,
574 1652 672 1696 τῶν
715 1663 774 1714 γε
821 1663 946 1716 προς
993 1643 1296 1716 ἀνθρώπους
1350 1665 1439 1697 και
1495 1647 1634 1698 κακὰ
1695 1647 1820 1716 ἡμῖν

1981 1647 2209 1703 omines
2227 1650 2333 1721 qui
2351 1649 2528 1708 malis
2545 1652 2893 1722 permagnis
2905 1667 3018 1708 nos
3027 1652 3369 1724 Opprimere
3379 1654 3582 1710 volue-

219 1732 422 1805 μεγάλα
479 1730 688 1805 σφόδρα
755 1731 1104 1804 βουληθέντας
1154 1733 1320 1794 καλῶς
1393 1732 1817 1806 ἐξειργασμένων,

1978 1750 2040 1796 ω
2047 1735 2246 1803 t,bene
2258 1738 2576 1807 egerimus.
2595 1739 2744 1798 Mihi
2755 1740 2915 1798 enim
2927 1739 3141 1796 accidit
3152 1746 3218 1796 ut
3227 1740 3394 1798 multi
3405 1741 3579 1800 valde

222 1821 414 1880 Συνέϐη
447 1824 548 1894 γὰρ
607 1821 721 1894 ἐμοί
775 1824 920 1896 παρά
963 1821 1162 1874 πολλῶν
1217 1843 1308 1876 και
1365 1831 1516 1875 τοῦτο
1569 1827 1701 1894 μέγα
1749 1819 1817 1880 δὴ

1978 1823 2342 1894 :plurimum
2372 1829 2708 1894 nocuerint,
2778 1829 2914 1886 dira
2981 1829 3210 1886 invidia
3264 1829 3579 1895 sollicitati,

221 1932 312 1964 και
367 1916 614 1983 μέγιστον
679 1914 943 1984 ἐπηρείας,
1030 1911 1246 1983 χαλεπῷ
1338 1932 1442 1965 τινι
1526 1911 1819 1985 βληθέντων

1982 1927 2126 1984 eque
2154 1913 2277 1970 ulla
2303 1915 2420 1974 alia
2454 1917 2708 1974 rationis
2745 1918 2974 1990 aliquid
3013 1918 3361 1991 pmferente
3399 1935 3583 1980 causa

220 2002 418 2072 φθονῳ,
445 1999 499 2064 ἐξ
518 1997 765 2073 οὐδεμιᾶς
796 1997 847 2053 δ’
878 2001 1038 2062 ἄλλης
1083 1997 1330 2074 οὐδαμῶς
1379 2001 1532 2072 λόγον
1588 2001 1819 2073 ἐχούσης

1980 2000 2193 2072 auulsi.
2220 2005 2328 2064 Pro
2359 2003 2672 2076 quibus.“
2699 2011 2848 2067 tunc.
2879 2007 3164 2068 dicebam
3219 2025 3240 2066 τ
3290 2029 3319 2062 (ς
3378 2007 3468 2068 Sis
3511 2007 3581 2067 iis

219 2090 388 2150 αἰτίοις
417 2094 758 2162 κεκινημένων
792 2112 804 2124 ·
839 2092 966 2164 ὑπέρ
998 2091 1066 2144 ὧν
1096 2111 1184 2144 και
1203 2091 1310 2144 τότ’
1367 2094 1512 2163 ἔφην,
1573 2113 1602 2141 ι(
1649 2091 1820 2152 Ἳλεως

1977 2089 2286 2156 iisericors,
2322 2093 2591 2160 Domine,
2622 2117 2651 2144 »
2679 2099 2735 2152 et
2785 2110 2948 2152 nunc
2998 2095 3134 2152 dico
3191 2113 3204 2162 ;
3260 2098 3578 2168 Nunquam

220 2177 401 2238 αὐτοῖς
441 2179 572 2246 εἰης,
607 2181 785 2251 Κύριε,
815 2200 846 2228 ››
899 2198 988 2231 και
1032 2187 1122 2230 νῦν
1174 2177 1233 2232 δέ
1295 2199 1450 2252 φημι,
1518 2202 1540 2230 ε
1593 2199 1683 2232 και
1725 2189 1821 2242 της

1983 2194 2084 2234 am
2123 2184 2290 2238 tuam
2330 2182 2734 2253 experiantur,
2775 2183 3106 2240 bonitatem
3143 2199 3286 2240 vero
3325 2183 3489 2240 illam
3525 2189 3583 2241 et

220 2266 376 2339 ὀργῆς
443 2275 539 2320 σοῦ
595 2264 876 2340 μηδαμῶς,
942 2277 1036 2330 τῆς
1099 2265 1149 2320 δ’
1216 2267 1299 2320 ἔπι
1364 2275 1526 2321 πᾶσιν
1605 2270 1682 2331 οἷς
1761 2269 1820 2320 ἂν

1979 2267 2406 2326 iisericordiam
2434 2272 2714 2341 sentiant,
2746 2288 2935 2344 quam
2963 2273 3024 2328 in
3056 2288 3268 2328 omnes
3297 2272 3398 2329 illa
3425 2273 3580 2329 indi-

219 2352 414 2410 δέοιντο
457 2360 828 2430 χρηστότητος
874 2363 1054 2430 πεῖραν
1100 2355 1302 2410 λάϐοιεν
1362 2377 1450 2411 και
1533 2357 1818 2432 φιλανθρω-

1981 2360 2136 2412 sntes
2166 2356 2444 2426 eﬁ‘undis,
2471 2375 2670 2432 neque
2694 2366 2923 2418 statuas
2970 2361 3082 2418 illis
3131 2365 3236 2417 aut
3290 2362 3425 2427 hoc,
3481 2367 3582 2418 aut

217 2448 362 2512 πίας,
394 2465 485 2498 και
545 2451 618 2518 μὴ
689 2450 912 2506 στὴσκις
970 2446 1152 2507 αὐτόῑς
1215 2452 1346 2517 μήτε
1418 2449 1636 2516 ταύτην,
1699 2446 1818 2518 μήθ’

1981 2444 2114 2514 Lind,
2155 2446 2563 2520 quodcunque
2599 2449 2662 2504 in
2691 2450 2976 2506 cordibus
3003 2465 3216 2506 eorum
3249 2449 3582 2519 inoleverit,

221 2532 394 2607 ἑτέραν
451 2534 760 2606 ἰσχύσασαν
814 2533 862 2592 ἐν
914 2531 1164 2608 καρδίαις
1216 2535 1402 2601 αὐτῶν,
1456 2534 1736 2608 ἁμαρτίαν.
1791 2556 1820 2584 ››
1931 2537 2267 2603 peccatum.
2309 2557 2338 2584 ››

292 2629 408 2683 Τοῖς
439 2621 719 2695 βασιλεῦσι
759 2619 810 2674 δ’
831 2624 998 2694 ἡμῶν,
1029 2623 1074 2675 εἰ
1102 2643 1190 2674 και
1237 2628 1308 2694 μη
1360 2629 1460 2676 πᾶν
1521 2628 1640 2676 ὅσον
1693 2623 1823 2684 εἰκὸς

2007 2623 2471 2691 lmperatoribus
2496 2640 2635 2679 vero
2671 2626 2910 2687 nostris,
2957 2625 3064 2681 etsi
3111 2641 3234 2680 non
3283 2628 3583 2696 quantum

234 2713 295 2768 ἦν
353 2731 440 2763 και
505 2715 633 2786 πρὸς
657 2715 817 2787 χρέος
857 2708 1062 2765 δίκαιον
1109 2714 1235 2771 ἧκον
1289 2711 1638 2786 ἀποχρώντως
1690 2712 1823 2766 ἀπο-

1984 2714 2161 2764 lstum
2194 2716 2320 2765 erat
2347 2726 2418 2766 ac
2458 2709 2756 2780 deditum,
2793 2711 3154 2768 sufﬁcienter
3188 2713 3585 2768 reddidimus.

226 2796 531 2873 δεδωκαμεν
551 2797 704 2873 (οὐδὲ
731 2803 832 2874 γὰρ
867 2797 1080 2868 ἧν,οὒτ’
1125 2803 1236 2858 ἔστι
1293 2805 1420 2875 πρὸς
1475 2803 1564 2862 τὰς
1621 2802 1824 2874 εὗεργε-

1986 2828 2002 2838 -
2025 2799 2156 2853 Non
2187 2798 2348 2854 enim
2375 2798 2592 2856 licebat
2620 2815 2820 2866 neque
2845 2800 2980 2858 licet
3001 2800 3305 2858 beneﬁciis
3334 2804 3587 2874 (quanta

226 2893 342 2950 σίας
372 2889 549 2964 (ὁρᾶτε
584 2885 634 2942 δ’
667 2889 830 2950 αὑτὰς
855 2891 1070 2956 ὁπόσαι,
1095 2909 1188 2942 και
1209 2892 1303 2950 τὰς
1327 2889 1612 2964 ὑπερϐολὰς
1671 2892 1824 2962 ὁρᾶτε

1984 2885 2094 2942 nim
2131 2886 2250 2944 sint
2275 2892 2330 2943 et
2355 2893 2504 2958 quot
2532 2903 2788 2945 numero
2826 2888 3086 2959 videtis),
3128 2890 3311 2960 digne
3338 2905 3585 2962 respon-

219 2985 312 3030 τοῦ
344 2979 610 3050 μεγέθους)
638 2982 696 3031 τὸ
731 2981 902 3040 ἱκανόν
959 2978 1258 3044 ἐκπλῆσαι),
1321 2977 1450 3030 ἀλλά
1503 2998 1562 3050 γε
1610 2982 1668 3030 τό
1724 2985 1820 3032 πᾶν

235 3069 246 3076 .
307 3071 315 3080 ,
479 3069 519 3082 ν.
681 3068 705 3082 ν
765 3067 778 3082 μ
900 3068 917 3082 ,
958 3075 978 3082 _
1165 3066 1210 3082 ,ν
1269 3067 1307 3082 ..ς
1465 3066 1476 3082 .
1580 3075 1601 3082 ..
1711 3067 1750 3082 η,

1985 2989 2096 3030 ere.
2127 2975 2241 3031 Sed
2265 2981 2584 3046 quantum,
2615 2977 2904 3048 quodque
2931 2977 3256 3043 valuimus,
3278 2978 3340 3033 id
3359 2993 3434 3034 ex
3461 2982 3586 3035 tota

225 3069 418 3119 ὁπόσον
451 3069 553 3120 οἶόν
593 3087 648 3120 τε
675 3068 736 3126 ἧν
757 3067 809 3128 ἐς
859 3068 1100 3120 πλεῖστον
1157 3066 1210 3130 ἐξ
1261 3067 1384 3128 ὅλης
1447 3066 1658 3138 ψυχῆς,
1704 3067 1826 3129 ὅλης

1984 3063 2158 3130 sima,
2188 3068 2312 3119 toto
2341 3063 2524 3120 corde
2582 3079 2654 3120 ac
2708 3069 2908 3120 mente
2961 3065 3382 3132 reddidimus;
3437 3071 3493 3122 et
3537 3065 3585 3124 si

224 3175 318 3208 και
351 3153 576 3229 καρδίας
601 3176 690 3208 και
722 3152 978 3221 διανοίας,
1012 3152 1332 3209 ἀποδεδώκα
1361 3175 1474 3228 μεν,
1517 3175 1608 3208 και
1656 3156 1700 3209 εἰ
1756 3160 1825 3228 μὴ

1983 3151 2134 3206 linus
2165 3151 2332 3222 quod
2355 3151 2609 3221 dignum
2640 3156 2785 3218 erat,
2819 3158 3132 3210 assecutus.
3157 3170 3314 3222 sum,
3348 3169 3473 3210 non
3501 3158 3584 3211 ta-

223 3251 316 3303 τῆς
375 3244 532 3307 ἀξίας
559 3243 914 3317 ἐφικνούμενον
960 3245 1138 3315 (τοῦτο
1190 3247 1293 3318 γὰρ
1369 3248 1560 3306 παντὸς
1634 3243 1824 3316 μᾶλλον

1982 3254 2076 3298 ten
2102 3254 2242 3296 mea
2279 3238 2578 3300 voluntate
2614 3239 2826 3296 defeci.
2870 3241 2929 3297 Si
2963 3241 3113 3314 quid
3150 3246 3208 3298 et
3245 3242 3583 3314 profuimur

227 3329 509 3404 ἀδύνατον)
557 3332 694 3392 ἀλλά
742 3342 840 3395 τῆς
895 3336 1144 3405 ἡμετέρας
1202 3333 1294 3390 οὐκ
1369 3332 1594 3386 ἐλλεῖπόν
1670 3329 1826 3386 δυνά-

1984 3346 2008 3384 Ξ
2036 3334 2156 3386 toto
2187 3328 2400 3390 ardore
2431 3329 2686 3400 publicis
2709 3329 2894 3386 rebus
2919 3335 2978 3387 et
3003 3331 3083 3388 ad
3111 3331 3387 3388 omnium
3424 3331 3585 3390 utili-

225 3440 381 3492 μεως.
434 3421 497 3476 Εἰ
562 3418 622 3476 δὲ
671 3442 722 3474 τι
771 3441 863 3476 και
925 3426 1391 3493 συνεισηνέγκαμεν
1439 3420 1496 3473 ἐκ
1549 3429 1642 3483 τῆς
1694 3425 1826 3474 πάνυ

1984 3423 2117 3474 item
2141 3417 2595 3490 pertinentibus,
2623 3418 2996 3491 sapientibus
3027 3419 3407 3492 imperatoris
3443 3435 3585 3478 con-

222 3513 420 3571 ταύτης
447 3513 737 3584 προθυμίας
763 3509 812 3572 ἐς
832 3513 898 3562 τὰ
970 3519 1115 3570 κοινῆ
1169 3515 1420 3585 χρήσιμα
1474 3531 1566 3564 και
1619 3507 1823 3570 πάνδη-

1982 3506 2082 3562 ιιίὶε
2106 3506 2532 3578 sententiisque
2579 3522 2701 3564 non
2751 3507 2930 3564 nimis
2972 3508 3189 3579 ignave
3243 3508 3583 3577 servientes,

225 3619 320 3670 μον
349 3604 445 3656 τὴν
490 3598 786 3651 λυστελειαν
847 3599 1063 3670 ἔχοντα,
1120 3606 1238 3660 ταῖς
1284 3606 1472 3671 σοφαῖς
1531 3608 1623 3652 τοῦ
1671 3598 1826 3672 βασι-

1988 3610 2057 3651 on
2079 3610 2285 3650 meum
2313 3601 2404 3650 est
2431 3593 2492 3649 id
2523 3593 2738 3662 dicere,
2773 3595 2881 3652 sed
2911 3596 3042 3666 ejus
3071 3597 3176 3670 qui
3233 3611 3348 3652 nos
3404 3597 3480 3655 ad
3525 3596 3589 3654 id

224 3688 348 3750 λέως
379 3687 845 3761 ἐξυπηρετούμενοι
891 3693 963 3760 μὴ
1024 3689 1137 3740 λίαν
1193 3687 1414 3760 ἀγεννῶς
1473 3687 1686 3761 βουλαῖς
1739 3709 1825 3742 και

1988 3684 2202 3739 ιιωετὶε
2230 3682 2528 3756 ofﬁciique
2559 3684 2972 3757 assumpserit.
3007 3685 3074 3740 Id
3101 3690 3159 3740 et
3187 3685 3468 3756 relinquo.
3492 3685 3589 3742 di-

224 3777 594 3850 μνώμαις,οὐκ
632 3777 754 3849 ἐμὸν
808 3779 870 3828 ἄν
917 3781 994 3836 εἴη
1054 3761 1256 3847 λέγειν,
1295 3786 1387 3829 τοῦ
1455 3773 1506 3830 δ’
1569 3782 1825 3850 ἐγκρίναν-

1993 3771 2196 3828 :ndum
2222 3777 2279 3827 et
2297 3771 2752 3844 affirmandum,
2797 3773 3029 3830 veritati
3091 3774 3230 3847 ipsi,
3272 3791 3408 3848 quae
3459 3773 3594 3846 plus

224 3885 310 3926 τος
339 3866 410 3926 εἰς
438 3873 596 3918 τοῦτο
623 3870 812 3938 μοίρας
856 3885 942 3917 και
998 3863 1269 3928 διακονίας
1318 3867 1459 3938 ἡμᾶς
1529 3884 1541 3895 ·
1599 3871 1825 3940 παρίημι

1995 3877 2126 3917 1am
2154 3861 2458 3918 calumnia
2483 3868 2587 3918 aut
2615 3863 3014 3934 sycophantia
3041 3869 3146 3920 aut
3180 3863 3407 3920 invidia
3435 3863 3596 3920 valet

225 3974 316 4006 και
371 3954 499 4026 αὐτῇ
556 3962 618 4026 τῇ
677 3953 900 4027 ἀληθείᾳ
951 3954 1114 4025 λέγειν
1169 3955 1249 4024 (2)
1299 3975 1390 4008 και
1465 3959 1826 4029 παριστάνειν,

1996 3951 2276 4022 ariusque
2306 3950 2544 4017 clamat,
2573 3951 2797 4024 quippe
2834 3968 2970 4024 quae
3009 3952 3216 4008 omnia
3251 3952 3488 4019 robore,
3532 3956 3597 4009 ut

229 4039 484 4104 διαϐολῆς
529 4062 620 4095 και
671 4048 1019 4115 συκοφαντίας
1067 4062 1158 4095 και
1197 4045 1384 4114 φθόνου
1444 4047 1638 4106 παντὸς
1709 4063 1830 4114 γεν-

1992 4041 2084 4096 ιὶὶιὶ
2108 4040 2360 4105 videtur,
2393 4044 2632 4112 superet
2655 4041 2892 4097 veritas.
2926 4040 3010 4096 lta
3035 4044 3118 4111 ut,
3153 4041 3203 4096 si
3231 4041 3368 4113 quis
3419 4044 3477 4096 et
3531 4041 3593 4098 in

226 4135 491 4205 ναιοτέραν
533 4136 634 4191 τὴν,
690 4131 849 4203 ἰσχὺν
898 4131 1100 4204 ἐχούσῃ
1133 4151 1222 4190 και
1253 4133 1347 4190 τὴν
1389 4137 1557 4204 φωνὴν
1637 4132 1827 4203 ὑψηλο-

1992 4144 2049 4184 as
2075 4128 2366 4194 viventes,
2394 4127 2533 4184 etin
2562 4143 2674 4184 nos
2722 4133 2992 4184 mortuos
3053 4127 3276 4184 frustra
3325 4144 3396 4185 ac
3464 4129 3593 4186 sine

226 4224 402 4294 τέραν,
428 4216 613 4278 ἐπειδὴ
657 4240 748 4272 και
799 4223 1002 4273 πάντων
1051 4221 1423 4296 ἰσχυρότερον,
1470 4220 1584 4292 ἐμοί
1636 4218 1827 4289 δοκεῖν,

1996 4218 2097 4274 :itu
2125 4215 2300 4272 vellet
2322 4217 2650 4288 insurgere,
2672 4215 2818 4272 nihil
2841 4215 3102 4288 amplius
3148 4215 3230 4272 illi
3276 4216 3404 4288 ﬁet,
3455 4232 3597 4281 cum

229 4311 268 4367 ἡ.
293 4307 511 4366 ἀλήθεια
694 4329 707 4341 ·
763 4309 912 4376 ὥστ’,
939 4312 986 4360 εἶ
1024 4329 1104 4370 τις
1147 4329 1240 4361 και
1291 4310 1474 4372 ζῶσιν,
1525 4309 1570 4362 εἰ
1614 4329 1696 4366 τις
1740 4329 1830 4362 και

1993 4323 2032 4360 ιε
2067 4306 2234 4379 ipsae,
2274 4309 2332 4364 et
2351 4320 2474 4360 una
2501 4305 2608 4378 qui
2630 4319 2732 4360 eas
2757 4303 3055 4378 profunde
3083 4303 3428 4376 intelligunt
3433 4305 3594 4376 judi-

229 4399 520 4468 τεθνεῶσιν,
586 4397 697 4454 εἰκῆ
752 4401 842 4454 καὶ
901 4399 1068 4468 μάτην
1114 4400 1240 4469 ἡμῖν
1295 4397 1595 4471 ἐπηρεάζειν
1649 4397 1828 4467 ἐθέλει,

1996 4400 2217 4468 tntque,
2286 4398 2496 4450 contra
2535 4392 2886 4450 reclament.
2946 4414 2976 4444 «
3020 4395 3231 4450 Muscas
3287 4393 3597 4466 putridum

229 4482 382 4539 οὐδὲν
437 4484 577 4536 αὐτῶ
633 4484 782 4538 πλέον
839 4488 1006 4556 ἔσται,
1066 4495 1168 4538 τῶν
1220 4489 1532 4559 πραγμάτων
1588 4486 1700 4554 οἶμα
1772 4483 1830 4540 δὲ

1990 4483 2201 4540 addunt
2227 4481 2450 4548 oleum,
2486 4504 2508 4531 ι
2543 4481 2685 4538 dicit
2715 4481 2978 4555 sapiens.
3007 4484 3073 4538 Et
3102 4481 3371 4556 pluchra,
3431 4481 3591 4538 volet

228 4593 320 4630 και
381 4581 481 4626 τῶν
545 4571 632 4628 ἐπί
681 4576 886 4636 τούτοις
935 4573 1136 4646 βαθέως
1194 4577 1464 4627 συνιέντων
1523 4593 1613 4626 και
1666 4575 1829 4649 ὀρθῶς

1993 4571 2188 4630 uidem
2207 4570 2455 4636 invidia,
2481 4585 2606 4628 non
2621 4570 2838 4642 poterit
2855 4586 2998 4627 vero
3024 4586 3407 4644 corrumpere
3428 4570 3594 4643 apud

231 4659 448 4721 εἰδότων,
469 4665 679 4733 κρίνειν,
743 4660 1177 4718 ἀντεπιϐοώντων.
1242 4683 1270 4710 ‹‹
1336 4668 1503 4719 Μυίαι
1557 4669 1832 4734 σαπριοῦ-

1990 4677 2044 4718 )S
2064 4660 2170 4734 qui
2191 4659 2418 4731 judicio
2447 4659 2712 4731 gaudent
2734 4666 2791 4716 et
2822 4660 2980 4731 iuste
3035 4659 3238 4718 volent
3291 4659 3591 4730 inquirere

233 4771 319 4810 σιν
377 4750 566 4812 ἔλαιον.
624 4773 653 4800 ››
715 4756 872 4822 φησίν
912 4753 938 4803 6
989 4751 1142 4806 εἰπὼν
1197 4750 1296 4823 (4),
1353 4769 1446 4804 και
1497 4753 1560 4802 τά
1609 4751 1742 4804 καλά
1805 4752 1832 4803 6

715 4756 872 4822 φησίν
912 4753 938 4803 6
989 4751 1142 4806 εἰπὼν
1197 4750 1296 4823 (4),
1353 4769 1446 4804 και
1497 4753 1560 4802 τά
1609 4751 1742 4804 καλά
1805 4752 1832 4803 6
1941 4755 2000 4807 et
2024 4749 2315 4822 judicare.

231 4842 413 4918 ςεθόνος
435 4837 754 4911 βουλὴσεται
777 4841 862 4910 (5),
887 4843 1000 4912 μὲν,
1050 4839 1110 4892 οὐ
1177 4836 1458 4896 δυνήσεται
1523 4835 1584 4892 δὲ
1647 4841 1793 4910 ποιρά
1851 4845 1956 4899 τοῖς
2028 4846 2146 4890 νοῦν
2210 4840 2402 4909 ἔχουσι
2473 4857 2564 4890 και
2631 4833 2849 4897 δικαίως
2907 4835 3160 4898 ἑξετάξειν
3223 4854 3315 4888 και
3380 4831 3592 4905 διαιτᾷν

233 4931 588 5006 αἱρουμένοις.

306 5016 383 5069 Οὐ
439 5020 541 5088 μὴν
581 5015 713 5083 ἀλλ’,
763 5021 846 5069 ἵνα
893 5023 962 5090 μὴ
1005 5022 1123 5091 περί
1184 5020 1369 5069 τούτου
1425 5015 1590 5068 πολλά
1670 5015 1835 5087 λέγειν

2010 5018 2306 5083 Attamen,
2334 5027 2410 5068 ne
2430 5027 2590 5076 cum,
2625 5011 2700 5066 de
2721 5027 2791 5066 eo
2815 5010 3003 5066 multa
3021 5009 3218 5066 dicere
3247 5010 3575 5082 possimus,

235 5109 468 5179 ἔχοντες,
509 5124 600 5158 και
667 5107 837 5158 πάντα
891 5105 1116 5168 καθεξῆς
1153 5110 1459 5179 πειρώμενοι
1495 5104 1679 5174 λέγειν,
1730 5103 1835 5158 ἐτί-

2011 5101 2246 5172 singula
2268 5100 2470 5159 dicere,
2503 5103 2884 5166 tentaremus,
2945 5099 3140 5158 aliam.
3186 5099 3350 5158 viam
3401 5116 3591 5174 quam

309 5231 384 5300 (1)
404 5230 612 5285 Vetere
640 5229 769 5302 lege
798 5230 1095 5302 sancitum
1125 5234 1252 5285 erat
1277 5221 1360 5297 ut,
1391 5245 1501 5302 pro
1557 5233 1834 5300 surrepto

1982 5228 2166 5300 ι’χυρὸν
2205 5223 2342 5302 ἐστιν
2408 5222 2645 5284 ἀλήθεια,
2699 5224 2833 5274 ὥστε
2869 5225 3072 5277 πάντων
3125 5223 3417 5302 ἐπικρατεῖν
3484 5234 3583 5278 τῶν

235 5294 393 5359 bove
405 5294 832 5374 uno,Aquin'que
846 5300 1252 5368 redderentur,
1270 5294 1528 5373 quatuor
1539 5315 1686 5356 oves
1720 5294 1832 5372 pro

995 5294 1686 5373 erentur,quatuoroves
1720 5294 1832 5372 pro
1940 5294 2270 5374 ἀνθρωπίνων
2308 5294 2594 5374 λογισμῶν.

238 5389 382 5430 una.
402 5366 755 5429 Exodfxxu:
778 5378 798 5427 1
1239 5366 1243 5368 ν
1288 5366 1312 5373 ’
1723 5366 1742 5372 ’

1239 5366 1243 5368 ⁷
1288 5366 1312 5373 ’
1723 5366 1742 5372 ’
2006 5366 2084 5440 (ii)
2111 5366 2328 5423 Eccles.
2359 5381 2418 5434 Χ,
2457 5371 2500 5420 l.

338 5449 392 5504 2)
419 5450 508 5498 An
539 5443 756 5499 excidit
783 5451 936 5496 τοῦτο
957 5449 986 5498 ?

2007 5435 2086 5511 (5)
2117 5445 2204 5494 An
2237 5435 2630 5511 repetendum
2669 5438 2942 5511 σαπρίςειν
2968 5439 3174 5496 animo
3202 5440 3231 5495 ?
3421 5442 3589 5510 puto.

339 5516 394 5591 ἒξ)
447 5513 718 5591 _Yeritas_
747 5518 1054 5591 παγκρατὴς
1322 5511 1434 5591 fuit
1466 5511 1830 5591 ‘Bacchxlidi
1935 5515 1940 5568 Ῑ

1986 5506 2506 5591 xcidisseverbum
2531 5506 2810 5579 videtur;
2851 5507 3140 5584 ἀμαυροῦν,
3186 5509 3354 5566 verbi
3382 5506 3587 5577 causa,

247 5579 413 5644 Stob.
441 5585 526 5652 tit,
551 5591 609 5640 7.
655 5579 960 5642 IEsch'in'es
1009 5589 1210 5642 orator
1253 5582 1400 5640 ibid.
1457 5587 1521 5639 16
1577 5603 1590 5642 :
1651 5579 1830 5647 όῦτως
1937 5583 2136 5640 simile
2165 5579 2350 5639 aliud.
