4054 6212
583 263 721 321 1479

1929 242 2301 306 NICEPHORI
2325 240 2591 300 CHUMNI

3728 269 3827 325 1480

581 386 954 462 propositam
980 395 1385 456 sequeremur,
1418 379 1547 437 haec
1567 391 1786 436 censeo
1815 374 1962 433 mihi
1982 369 2182 429 omnin

2264 375 2310 426 Α
2344 386 2438 439 ραν
2490 377 2582 430 τῆς
2637 374 2980 444 προκειμένης
3032 375 3203 446 εἴημεν
3262 380 3537 448 τραπέντες,
3582 390 3719 439 ταῦτα
3768 395 3832 461 μὲν

584 476 916 535 omittenda
937 490 1006 531 ac
1031 476 1148 529 Deo
1162 470 1521 527 confidenda
1531 470 1635 543 qui
1647 467 1853 526 omnia
1866 464 2095 521 novitet
2108 476 2233 517 ma-

584 566 803 623 nifesta
835 569 893 622 et
922 564 1203 633 obscura,
1241 564 1566 617 etmanum
1588 557 1818 616 veritati
1858 553 2107 630 porrigit
2133 565 2233 605 ne-

583 671 703 729 que
729 654 867 710 sinit
895 668 1031 710 eam
1062 666 1506 723 a'quocumque
1555 648 1711 704 vinci
1742 651 1844 704 aut
1874 638 2233 701 conculcari.

584 743 897 816 Reliquum
930 744 1019 799 est
1042 744 1107 798 ut
1125 740 1203 799 ad
1219 739 1597 813 propositum
1618 737 1862 795 redeam
1881 732 2064 805 idque
2095 743 2233 786 con-

582 833 806 890 ficiam.

656 1009 1013 1069 Volebamus
1026 1008 1202 1081 igitur
1212 1008 1376 1065 bona
1385 1011 1591 1064 nostra
1607 1005 1923 1079 disponere
1939 1002 2235 1057 nostram-

586 1116 705 1175 que
729 1100 804 1156 de
829 1100 901 1156 iis
923 1099 1289 1156 voluntatem
1314 1095 1661 1153 statuere.ld
1682 1089 2232 1166 igiturperﬁcimus,

585 1190 965 1263 propositum
988 1192 1266 1246 nostrum
1299 1185 1717 1260 adimplentes.

669 1367 735 1424 Et
766 1382 837 1425 ea
866 1369 1177 1424 estnostra
1199 1364 1498 1435 voluntas,
1529 1366 1793 1435 utsuper
1834 1357 2116 1417 omnibus
2134 1355 2239 1413 bo-

585 1455 680 1512 nis
709 1455 953 1521 nostris,
996 1457 1133 1511 vitm
1162 1459 1382 1511 nostrm
1422 1453 1587 1509 socia
1615 1457 1672 1509 et
1700 1465 1901 1507 comes
1927 1448 2006 1504 ad
2055 1446 2238 1516 hujus

589 1545 723 1601 vitm
752 1544 1091 1601 felicitatem
1140 1544 1217 1600 ab
1274 1544 1405 1615 ipso
1483 1544 1601 1598 Deo
1662 1537 1955 1597 conformi
2000 1550 2241 1592 mecum

588 1633 795 1689 anima
824 1638 1055 1706 parata,
1085 1632 1502 1701 constituatur,
1528 1635 1585 1686 et
1613 1634 1678 1685 ut
1703 1633 1838 1685 ante
1869 1626 1987 1682 alia
2023 1625 2239 1681 animm

2345 453 2485 510 δοκῶ
2513 479 2604 533 μοι
2630 460 2881 523 παντελῶς
2912 468 3185 535 παρήσειν,
3235 470 3320 518 καὶ
3380 487 3437 538 γε
3487 478 3551 541 τῷ
3608 480 3700 545 Θεῷ
3749 453 3838 551 6.αρ-

2340 548 2505 622 ρῆσαι
2570 551 2719 603 πάντ’
2785 548 2947 605 εἰδότι
3013 558 3105 606 καὶ
3151 558 3339 628 φανέρὰ
3378 563 3461 610 καὶ
3552 558 3709 631 ἀφανῆ,
3771 548 3837 620 κᾷὶ

2340 646 2500 713 χεῖρα
2567 640 2797 714 ὁρέγοντι
2844 650 2907 716 τῇ
2967 641 3185 717 ἀληθείᾳ
3234 649 3322 697 καὶ
3392 644 3545 719 μηδὲν
3590 655 3719 703 ταύτν
3775 658 3837 707 ὑπ’

2342 723 2553 790 οὐδενὸς
2578 734 2711 801 μήτε
2761 733 3069 804 κρατεῖσθαι
3130 738 3261 807 μήτε
3315 740 3689 791 καταπατεῖσθαι
3741 761 3838 814 συγ-

2342 824 2604 891 χωροῦντι
2645 838 2658 852 ·
2702 817 2880 872 λοιπὸν
2924 816 2974 873 δ’
3041 820 3101 873 ἂν
3167 822 3244 881 εἰη
3295 827 3420 899 πρὸς
3472 829 3526 878 τό
3584 835 3837 903 προκείμενον

2342 903 2599 959 ἐπανιέναι
2623 912 2714 961 καὶ
2738 910 2804 961 τὰ
2826 919 2918 970 τῆς
2941 913 3233 985 προθέσεως
3262 921 3623 989 συμπεραίνειν,

2414 999 2609 1059 Σκοπὸς
2633 1005 2757 1069 γοῦν
2779 1000 2841 1057 ἦν
2895 1000 3019 1072 ημῖν
3084 1005 3198 1075 περὶ
3260 1011 3359 1055 τῶν
3411 1006 3711 1078 ὑπαρχόντων
3751 1006 3842 1063 δια-

2346 1085 2529 1137 θέσθαι
2575 1090 2664 1138 καὶ
2718 1091 2813 1145 τὴν
2857 1087 2905 1139 έν
2952 1092 3152 1151 τούτοις
3205 1093 3449 1165 ἡμετέραν
3500 1104 3683 1168 γνώμην
3728 1096 3842 1156 r3613-

2344 1172 2429 1226 λον
2462 1176 2643 1231 θεῖναι.
2683 1180 2862 1229 Τοίνυν
2902 1182 2993 1231 καὶ
3018 1185 3428 1255 συμπεραίνομεν
3482 1180 3601 1251 ἢδη,
3647 1189 3717 1238 τόν
3757 1207 3843 1241 no-

2343 1265 2439 1316 πὸν
2471 1263 2777 1337 πληροῦντες
2800 1266 2876 1339 (1)

2421 1357 2521 1405 Καὶ
2553 1351 2851 1426 βουλήσεως
2880 1359 3040 1419 οὕτως
3074 1359 3282 1432 ἔχομεν,
3325 1358 3409 1413 ἐπὶ
3460 1367 3583 1414 πᾶσι
3628 1371 3721 1428 τοῖς
3762 1363 3844 1419 οὖσι

2348 1446 2442 1499 τὴν
2464 1450 2555 1494 τοῦ
2588 1441 2709 1516 βίου
2768 1450 3028 1500 κοινωνόν.
3069 1446 3147 1499 ἐπ’
3203 1445 3505 1522 εύδαιμονιᾳ
3558 1454 3715 1504 τούτου
3756 1460 3845 1528 πρὸς

2347 1530 2650 1605 ὀμοψυχίαν
2715 1533 2770 1586 έκ
2817 1540 2943 1588 Θεοῦ
3023 1543 3442 1613 συνηρμσμένην,
3526 1546 3685 1613 κυρίαν
3744 1546 3847 1596 καθει

2351 1622 2557 1688 στάναι,
2610 1625 2701 1673 καὶ
2753 1641 2813 1694 γε
2864 1626 2964 1697 πρὸ
3020 1632 3119 1675 τῶν
3178 1624 3341 1677 ἄλλων
3395 1633 3482 1686 τῆς
3531 1626 3644 1699 ἐμῆς
3715 1628 3848 1699 ψυχῆς

586 1739 740 1781 mem
770 1705 975 1779 curam
1000 1722 1240 1792 habeat,
1271 1720 1565 1794 quidquid
1590 1718 1949 1776 conveniens
1988 1718 2098 1786 est,
2130 1730 2187 1787 p1

2272 1712 2315 1765 B
2353 1705 2606 1782 φροντίδα
2680 1713 3020 1779 πεποιῆσθαι,
3094 1719 3195 1765 πᾶν
3261 1716 3355 1766 ὄσο
3431 1720 3697 1787 γιγνόμενόν
3752 1716 3848 1769 ἐστιν

589 1828 662 1869 ea
684 1817 951 1869 statuens
970 1828 1166 1884 neque
1196 1809 1595 1866 sollicitudine
1624 1823 1760 1880 qum
1809 1806 1921 1878 ipsi
1968 1804 2238 1869 debetur,

586 1900 848 1958 inferior.
883 1904 950 1957 Et
967 1917 1111 1957 sane
1138 1900 1354 1956 animm
1376 1915 1524 1954 mem
1552 1898 1814 1954 studium
1852 1890 2242 1950 habentilice-

585 1990 673 2050 bit
699 1990 950 2049 omnino
973 1989 1266 2064 quidquid
1282 1989 1399 2063 ipsi
1424 1987 1721 2046 videbitur
1760 2002 1833 2045 ex
1869 1983 2020 2043 meis
2068 1981 2246 2040 bonis

586 2081 953 2153 impendere,
969 2096 1166 2153 neque
1187 2080 1371 2135 ullam
1393 2080 1685 2135 rationem
1703 2078 1776 2134 de
1797 2074 2089 2147 impensis
2108 2072 2242 2128 red-

588 2171 749 2227 dere.
791 2170 986 2227 autde
1004 2170 1074 2226 iis
1101 2186 1238 2243 qum
1282 2169 1483 2239 egerit.
1538 2171 1606 2224 Et
1650 2167 1785 2223 ﬁliis
1832 2164 2236 2221 hmreditatem

588 2262 896 2335 praestabit
925 2266 981 2317 et
1002 2261 1131 2317 aliis
1153 2276 1368 2331 genere
1390 2258 1763 2332 propinquis.
1791 2260 1858 2313 Et
1874 2256 2056 2312 servis
2086 2254 2240 2311 bene

590 2351 780 2418 faciet,
814 2355 871 2408 et
904 2350 1020 2407 alia
1040 2351 1245 2406 omnia
1269 2365 1379 2422 pro
1403 2352 1694 2422 potestate
1710 2347 1905 2414 faciet,
1937 2350 2003 2401 ut
2057 2361 2093 2402 a
2134 2362 2240 2404 no-

589 2440 682 2496 bis
703 2440 965 2512 plurima
994 2455 1203 2495 eorum
1243 2438 1533 2504 dicentur,
1573 2442 1632 2494 et
1678 2437 1838 2495 dictu
1885 2436 2083 2507 magis
2140 2451 2241 2492 ne-

591 2530 855 2585 cessaria
883 2543 990 2601 per
1013 2532 1210 2600 partes
1227 2532 1621 2600 exponentur.

662 2800 838 2852 Porro
859 2793 1007 2851 mihi
1034 2794 1119 2850 sic
1136 2792 1357 2851 volenti
1383 2808 1453 2850 ac
1481 2792 1819 2866 disponenti
1849 2791 2016 2850 nulla
2042 2792 2240 2851 obstat

590 2884 686 2941 lex
717 2888 823 2940 aut
850 2883 1201 2954 refragatur,
1232 2898 1426 2956 neque
1450 2881 1800 2939 contradicit
1832 2901 1844 2951 ;
1869 2882 1974 2938 sed
2001 2898 2235 2951 omnes,

588 2977 657 3030 ut
676 2974 758 3030 ita
786 2973 1008 3040 dicam,
1032 2976 1161 3027 tum
1187 2970 1426 3040 divinae,
1451 2975 1575 3027 tum
1597 2971 1880 3027 humanm
1899 2970 2059 3041 leges
2080 2970 2158 3026 ad
2175 2970 2238 3026 id

2349 1798 2475 1871 ὑπὲρ
2543 1799 2708 1862 αὐτῆς
2769 1801 3007 1873 θεοφιλῶς
3077 1805 3431 1875 πράττουσαν,
3505 1810 3587 1857 καὶ
3647 1816 3721 1866 τῆς
3768 1814 3850 1881 περὶ

2350 1892 2544 1947 ταύτην
2618 1889 2902 1964 ἐπιμελείας
2967 1892 3061 1944 ούκ
3142 1891 3573 1967 ἀπαλλατομένην,
3645 1902 3726 1948 Καὶ
3779 1902 3850 1969 μὴν

2354 1977 2403 2031 έν
2430 1982 2595 2052 τούτῳ
2625 1985 2718 2038 την
2752 1978 2990 2041 σπουδὴν
3016 1985 3216 2056 εχούση
3260 1983 3462 2046 ἐξέσται
3704 1988 3851 2047 πάντως

2348 2073 2438 2122 καὶ
2503 2073 2559 2122 τό
2613 2067 2802 2122 δοκοῦν
2865 2074 3075 2144 σύμπαν
3120 2070 3175 2123 ἔκ
3219 2081 3319 2125 τῶν
3368 2077 3663 2147 πραγμάτων
3709 2073 3852 2126 ἀνώὼ-

2353 2178 2463 2226 σαι,
2500 2156 2640 2231 μηδέ
2691 2179 2792 2212 τινι
2845 2169 2945 2212 τῶν
3013 2159 3250 2213 ἁπάντων
3298 2159 3555 2235 μηδαμῶς
3596 2162 3723 2234 λόγον

2348 2251 2550 2321 χούση,
2587 2253 2718 2321 μήτε
2757 2258 2854 2311 τῆς
2910 2246 3169 2321 δαπάνης,
3224 2256 3359 2324 μήτε
3409 2260 3505 2304 τῶν
3553 2256 3853 2326 πραττομένων.

2352 2343 2454 2391 Καὶ
2488 2344 2641 2391 παισὶ
2673 2338 2897 2415 κλήρους
2924 2346 3225 2415 χορηγὰσει
3262 2345 3356 2394 καὶ
3405 2348 3509 2405 τοῖς
3556 2346 3753 2413 γνησίως
3797 2342 3853 2393 ἆλ-

2347 2427 2659 2501 λωςὲχουσι
2696 2432 2826 2501 πρὸς
2854 2433 3019 2501 γένος.
3056 2434 3156 2482 Καὶ
3194 2430 3399 2494 οἰκέτας
3429 2431 3481 2483 εὖ
3542 2437 3740 2489 ποιησει.
3789 2435 3854 2482 Καὶ

2347 2517 2509 2570 τᾶλλα
2564 2520 2734 2571 πάντα
2781 2519 2966 2592 πράξει
3023 2518 3136 2570 κατ’
3195 2520 3456 2590 ἑξουσιαν,
3508 2522 3573 2583 ὡς
3642 2525 3715 2572 καὶ
3773 2521 3853 2590 ἡμῖν

2348 2605 2613 2679 εἰρήσεται
2677 2609 2744 2659 τὰ
2807 2606 2965 2659 πλείω
3025 2610 3221 2661 τούτων
3260 2613 3355 2661 καὶ
3425 2608 3604 2682 μᾶλλον
3667 2606 3853 2679 ἀναγκαῖα

2346 2693 2597 2767 λεχθῆναι
2630 2698 2765 2749 κατὰ
2788 2701 2942 2770 μέρος
2980 2695 3263 2752 ἐκτεθέντα.

2418 2785 2577 2858 Ἀτάρ
2619 2784 2732 2859 ἐμοὶ
2772 2786 2907 2837 οὕτω
2956 2784 3343 2860 βεϐουλημένῳ,
3397 2787 3505 2861 ἅμα
3553 2784 3607 2840 δὲ
3661 2792 3734 2838 καὶ
3776 2781 3852 2837 δια·

2345 2876 2614 2948 τιθεμένῳ,
2655 2873 2979 2933 ἀντιτίθησιν
3028 2872 3197 2937 οὐδεὶς
3244 2879 3453 2938 πάντως
3505 2873 3610 2929 οὐδ’
3655 2874 3850 2944 ἀντεπῄει

2348 2972 2449 3016 τῶν
2479 2969 2669 3037 νόμων,
2696 2965 2941 3036 οὐμενοῦν
2978 2961 3095 3016 οὐδ’
3127 2964 3382 3037 ἀντιλέγει
3442 2986 3454 2999 ·
3502 2965 3620 3017 ἀλλὰ
3643 2970 3717 3016 καὶ
3748 2966 3848 3029 θεῖος,

591 3061 771 3119 simul
794 3061 1009 3128 ferunt,
1039 3060 1185 3117 mihi
1210 3076 1427 3133 nempe
1456 3064 1522 3116 ut
1546 3060 1720 3116 liceat
1758 3060 1832 3116 de
1870 3060 2019 3116 meis
2044 3060 2192 3115 facer

2270 3066 2311 3123 ο
2346 3058 2411 3115 ὡς
2437 3054 2613 3121 εἰπεῖν,
2659 3054 2792 3115 ἅπας
2858 3057 3049 3127 θεσμός
3098 3060 3187 3109 καὶ
3242 3056 3560 3128 ἀνθρώπινος
3609 3057 3715 3127 πρὸς
3758 3051 3849 3103 τοῦθ’

589 3149 885 3223 quidquid
906 3148 1060 3205 volo.
1086 3151 1169 3204 Ac
1190 3148 1366 3204 simul
1388 3149 1531 3221 quid
1544 3148 1763 3220 justius
1784 3153 2151 3221 esset,quam
2174 3154 2241 3206 ut

590 3255 662 3295 ea
685 3254 821 3310 qum
842 3239 1047 3294 omnia
1060 3252 1195 3310 qum
1217 3242 1452 3305 egomet
1473 3237 1620 3309 ipse,
1650 3238 1983 3310 participat,
2014 3254 2111 3294 me
2141 3239 2239 3295 de-

588 3327 814 3393 functo,
858 3341 1042 3399 super
1078 3326 1150 3382 iis
1180 3326 1356 3382 bonis
1392 3327 1805 3395 constituatur,
1845 3328 2069 3400 quippe
2103 3344 2239 3401 qum

589 3416 737 3472 nihil
762 3417 965 3472 minus
1002 3431 1187 3487 quam
1218 3415 1365 3487 ipse,
1387 3415 1466 3471 ad
1495 3430 1567 3472 ea
1596 3430 1846 3487 operam
1879 3417 2241 3473 contulerit?

591 3506 846 3576 Contigit
868 3505 1028 3562 enim
1057 3504 1255 3570 nobis,
1289 3509 1344 3560 et
1374 3505 1594 3560 mirum
1629 3505 1687 3560 in
1720 3506 1969 3561 modum
2000 3507 2242 3578 contigit

591 3595 837 3651 domum
886 3594 1207 3665 adaugere,
1261 3609 1384 3649 non
1422 3594 1608 3650 modo
1652 3595 1933 3651 metendo
1965 3596 2071 3651 ubi
2118 3611 2240 3652 non

586 3684 1120 3755 seminaveramus,
1137 3688 1194 3739 et
1216 3682 1553 3752 colligendo
1565 3684 1727 3740 unde
1740 3684 2238 3757 disperseramus,

587 3777 644 3830 et
672 3772 1153 3829 benedictionem
1185 3787 1308 3828 non
1340 3773 1524 3829 modo
1556 3772 1634 3829 ab
1692 3774 2117 3829 accedentibus
2147 3790 2241 3831 ac-

586 3862 885 3935 cipiendo,
919 3861 1025 3918 sed
1054 3865 1110 3917 et
1138 3860 1216 3917 ab
1242 3860 1313 3916 iis
1339 3861 1443 3934 qui
1464 3867 1807 3919 nostrorum
1829 3863 2050 3919 conscii
2071 3867 2241 3920 erant

585 3955 644 4008 et
677 3950 854 4009 nobis
878 3965 1235 4023 prosperum
1258 3966 1602 4007 successum
1630 3955 1687 4007 et
1708 3950 1824 4008 alia
1846 3950 2010 4008 bona
2032 3967 2238 4025 preca-

582 4041 806 4098 bantur
831 4061 843 4111 ;
869 4043 1025 4115 (qum
1042 4041 1171 4098 sola
1183 4040 1335 4097 ratio
1357 4056 1534 4110 agros
1548 4041 1695 4097 solet
1716 4041 1968 4114 pingues
1988 4042 2236 4100 reddere

584 4137 641 4189 et
659 4131 886 4188 fructus
909 4130 1259 4203 producere,
1294 4134 1352 4186 et
1390 4129 1604 4186 uberes
1649 4129 1872 4186 reditus
1931 4134 1987 4186 et
2039 4130 2237 4187 abun-

584 4221 854 4278 dantiam
880 4219 1266 4285 afferre;dum
1288 4220 1593 4276 contraria
1610 4219 1764 4276 ratio
1790 4219 1961 4275 valde
1984 4236 2054 4276 ac
2078 4222 2236 4291 juste

585 4309 842 4379 abradit,
874 4312 932 4365 et
962 4324 1158 4381 neque
1187 4325 1462 4377 manum,
1492 4324 1689 4381 neque
1712 4309 1911 4366 sinum
1950 4309 2238 4383 adimplet

2347 3143 2476 3215 ὁμοῦ
2544 3146 2811 3217 φέρουσιν,
2872 3141 3064 3205 ἐξεῖκαί
3111 3164 3202 3217 μοι
3264 3152 3432 3197 ποιεῖν
3491 3143 3569 3197 ἐπὶ
3620 3151 3711 3203 τοῖς
3759 3140 3852 3212 ἐμοῖς

2347 3238 2448 3285 πᾶν
2479 3234 2600 3285 ὅσον
2625 3230 2903 3305 βούλομαι.
2930 3232 3072 3306 Ἅμα
3120 3230 3181 3286 δε
3227 3237 3321 3287 καὶ
3375 3230 3573 3286 δίκαιον
3616 3237 3662 3285 τί
3700 3232 3748 3282 ἂν
3793 3234 3851 3300 τέε

2347 3341 2484 3375 νοιτο
2544 3325 2731 3375 τούτου
2772 3341 2832 3393 γε
2883 3322 3093 3395 μᾶλλον,
3136 3323 3166 3382 ἣ
3234 3328 3335 3382 τὴν
3386 3326 3580 3376 πάντων
3651 3323 3706 3373 ὧν
3750 3319 3852 3377 criti;

2349 3415 2555 3485 μετέχω
2610 3415 2698 3464 καὶ
2742 3413 2936 3469 ταύτην
2988 3412 3041 3475 ἐξ
3084 3413 3200 3464 ἴσου
3280 3417 3608 3485 μετέχουσιν,
3677 3410 3749 3461 ἁτε
3797 3412 3854 3457 καὶ

2349 3497 2514 3573 μηδὲν
2578 3501 2731 3558 ἧττον
2786 3500 2956 3552 αἰτίαν
3008 3500 3350 3574 γεγενημένην
3399 3498 3526 3575 μηδ’
3588 3501 3758 3553 ἔλαττον
3810 3498 3853 3554 εἰς

2348 3598 2513 3642 ταῦτα
2542 3588 2955 3662 συμϐαλομένην,
2989 3588 3065 3641 ἔπ’
3098 3589 3275 3652 αὐτοῖς
3337 3593 3557 3658 τούτοις,
3605 3590 3712 3661 ἐμοῦ
3756 3582 3854 3643 ams‘

2352 3680 2531 3747 ιόντος,
2598 3683 2688 3731 καὶ
2742 3678 2987 3741 καθάπαξ
3035 3677 3473 3749 ἐγκαταστῆναι;
3543 3678 3736 3749 Ἐγένετο
3786 3674 3852 3743 γὰρ

2349 3770 2495 3839 ἡμῖν,
2538 3771 2627 3819 καὶ
2652 3768 2785 3819 πάνυ
2824 3786 2877 3818 τι
2898 3766 3066 3828 καλῶς
3120 3765 3335 3838 ἐγένετο,
3398 3769 3484 3820 τόν
3538 3767 3661 3818 οἷκον
3698 3760 3854 3819 ἐπαυξὲ-

2351 3876 2462 3926 σαι,
2497 3856 2589 3909 οὐκ
2616 3860 2669 3908 ἐκ
2703 3863 2793 3909 τοῦ
2827 3856 3045 3931 θερίζειν
3074 3860 3226 3928 μόνον
3266 3857 3397 3909 ὅπου
3471 3859 3555 3908 καὶ
3604 3852 3851 3923 ἐσπείραμεν,

2346 3951 2433 4000 καὶ
2487 3947 2724 4018 συνάγειν
2777 3947 2889 3999 ὅθεν
2938 3942 3383 4019 διεσκορπίσαμεν
3433 3946 3530 4017 (2),
3572 3948 3652 3995 καὶ
3696 3958 3745 4013 γε
3791 3940 3851 3991 τήν

2347 4036 2582 4109 εὐλογίαν
2611 4039 2682 4107 μὴ
2729 4038 2882 4107 μόνον
2935 4033 2990 4086 έκ
3035 4042 3137 4087 τῶν
3195 4039 3507 4109 παριόντων,
3561 4031 3674 4085 ἀλλὰ
3717 4048 3756 4080 τι
3794 4028 3850 4076 καὶ

2345 4135 2444 4179 τῶν
2473 4119 2783 4178 συνειδότων
2826 4125 3029 4176 πάντων
3089 4127 3178 4176 καὶ
3232 4129 3328 4183 τήν
3387 4124 3611 4181 εὐθηνίαν
3654 4120 3755 4191 illi!
3793 4116 3849 4165 καί

2344 4215 2505 4268 τᾶλλα
2564 4222 2665 4267 τῶν
2718 4212 2927 4285 ἀγαθῶν
2977 4217 3391 4285 συνευχομένων,
3444 4211 3776 4288 καρποῦσθαι·
3815 4203 3847 4261 ὃς

2347 4302 2414 4362 δὴ
2439 4309 2529 4357 καὶ
2558 4307 2714 4376 μόνος
2741 4306 2931 4378 τρόπος
2959 4300 3184 4377 ἀρούρας
3214 4298 3327 4355 οἶδε
3379 4307 3590 4356 πιαίνειν
3642 4301 3716 4350 καὶ
3767 4310 3848 4365 καρ-

584 4398 852 4454 metentis
882 4402 939 4453 et
959 4397 1311 4470 colligentis)
1341 4416 1355 4466 ;
1388 4397 1495 4453 sed
1532 4402 1590 4453 et
1616 4397 1805 4454 ﬁrmis
1842 4398 2151 4456 laboribus
2180 4422 2185 4451 ι

2267 4421 2308 4475 D
2341 4399 2466 4455 ποὺς
2541 4393 2817 4469 ἐκτρέφειν,
2884 4397 2972 4444 καὶ
3049 4394 3446 4464 γεννιαίαςντὰς
3516 4385 3744 4445 ἐπιδόσεις
3793 4383 3848 4433 καὶ

585 4485 846 4543 consiliis
871 4486 1112 4557 optimm
1132 4485 1315 4557 hujus
1367 4500 1438 4541 ac
1482 4485 1775 4542 mirandae
1834 4487 2056 4543 uxoris.
2105 4490 2235 4544 Non

584 4575 645 4633 id
658 4573 1237 4645 dicendo'erubesco,
1259 4574 1547 4632 veritated
1558 4575 1839 4632 omnibus
1851 4592 2230 4650 praeponens.

584 4665 765 4724 Nobis
793 4666 915 4723 vita
928 4665 1129 4722 ﬂoruit
1154 4680 1224 4722 ac
1263 4663 1543 4723 multum.
1575 4669 1991 4739 quantumque
2020 4666 2236 4724 licebat

582 4756 868 4830 profudit,
900 4755 1031 4813 aliis
1060 4770 1133 4811 ex
1154 4769 1277 4812 non
1303 4753 1639 4811 minoribus
1668 4753 1867 4822 initiis,
1920 4754 2043 4812 imo
2090 4771 2233 4814 vero

584 4862 657 4903 ex
684 4845 1040 4918 majoribus,
1070 4859 1193 4902 non
1222 4843 1437 4901 eadem
1474 4842 1727 4916 adeptis.

2342 4489 2459 4546 τοὺς
2509 4483 2867 4556 πλεονασμούς
2918 4481 3187 4556 εἰσφέρειν,
3245 4484 3314 4544 ὡς
3382 4488 3475 4535 τοῦ
3554 4478 3748 4531 ἐναντίον
3814 4484 3850 4539 γε

2342 4577 2536 4636 παντός
2587 4581 2641 4626 εῦ
2694 4572 2834 4646 μάλα
2882 4575 2972 4623 καὶ
3030 4567 3253 4633 δικαίως
3306 4569 3754 4642 καταξηραίνοντος,
3793 4560 3848 4609 καὶ

2343 4669 2470 4737 μήτε
2506 4667 2601 4722 τὴν
2665 4670 2825 4737 χεῖρα
2875 4664 3006 4734 μήτε
3057 4662 3143 4712 τὸν
3203 4658 3393 4712 κόλπον
3448 4658 3730 4731 πληροῦντος
3791 4650 3848 4698 τθῧ

2346 4753 2635 4828 θερίζοντος
2667 4755 2757 4803 καὶ
2786 4752 3097 4822 συνάγοντος
3125 4770 3138 4783 ο
3169 4748 3297 4801 ἀλλά
3348 4768 3399 4801 τι
3450 4751 3537 4800 καὶ
3581 4751 3684 4805 ταῖς
3722 4737 3848 4837 καλξῖξ

2343 4826 2679 4917 φιλοπονίαις,
2731 4839 2841 4913 ἅμα
2897 4835 2956 4892 δε
3001 4841 3090 4891 κάι
3137 4842 3423 4913 περινοίαις
3475 4837 3540 4910 (3)
3597 4842 3681 4894 τῆς
3748 4826 3838 4917 πάπ

582 4916 807 5010 ἀρίστης
870 4937 1061 4996 ταύτης
1125 4938 1215 4988 καὶ
1285 4930 1590 5008 θαυμαστῆς
1664 4933 1949 5006 ὁμοζύγου.
2008 4935 2083 4988 Ού
2149 4937 2249 5012 γὰρ
2338 4916 2672 5007 ασχυνοίμην
2733 4929 2913 5002 λέγων,
2975 4931 3163 4990 παντὸς
3220 4927 3410 5001 μᾶλλον
3480 4928 3719 5001 προτιμῶν
3790 4916 3846 4969 τὶν

657 5114 751 5187 (l),
772 5114 864 5173 Sic
890 5113 1210 5187 vernacula
1250 5135 1281 5165 «
1320 5112 1704 5187 remplissant
1748 5113 1802 5170 le
1848 5113 1981 5172 but.
2048 5137 2076 5167 »
2128 5114 2243 5173 Sed

585 5184 691 5259 qui
719 5184 1030 5259 diligenter
1061 5184 1332 5259 scribunt
1360 5184 1539 5242 talem
1568 5185 1853 5259 loquendi
1875 5187 2128 5244 modum
2155 5189 2241 5244 fu-

587 5258 776 5328 giunt,
834 5258 1004 5329 cujus
1042 5258 1395 5331 metaphora
1435 5262 1521 5313 est
1574 5258 1975 5331 inconcinna;
2021 5273 2241 5331 scopus

587 5331 748 5386 enim
778 5328 1059 5399 tangitur,
1093 5328 1219 5402 non
1240 5328 1521 5402 impletur
1555 5348 1567 5397 ;
1603 5329 1679 5385 ad
1697 5328 2239 5402 scopumpervéni:

587 5417 745 5472 mus,
777 5398 915 5459 eum
946 5398 1068 5457 non
1110 5398 1455 5472 implemus.
1481 5401 1648 5472 _S_unt
1695 5398 1893 5457 tamen
1951 5398 2046 5457 vel
2091 5400 2238 5472 boni

590 5470 908 5547 scriptores
936 5472 1040 5547 qui
1078 5470 1159 5527 ad
1178 5470 1344 5547 hunc
1372 5470 1637 5547 lapidem
1656 5471 2058 5547 impegerunt,
2074 5471 2238 5528 aliud

589 5542 833 5620 agentes
861 5542 1145 5620 profecto:
1176 5542 1451 5620 Possem,
1475 5542 1524 5599 si
1551 5543 1645 5600 his
1686 5542 1885 5620 essent
1910 5543 2006 5600 hic
2042 5542 2233 5613 locus,

588 5618 809 5692 Harpii,
861 5614 1291 5691 'Campofortii,
1345 5614 1618 5674 vivorum
1669 5616 1850 5675 etiam
1906 5629 2235 5689 eorumque

2349 5111 2971 5172 excellentissimorum
2982 5107 3314 5179 hominum,
3330 5102 3651 5178 exemplain
3662 5093 3846 5156 medium

2348 5188 2629 5260 proferre.
2756 5259 2761 5260 ν
2893 5253 2953 5260 __
3199 5251 3212 5260 _
3335 5245 3572 5260 ﬂ
3689 5237 3842 5260 καί,

2420 5237 2810 5329 (villi—aspectu
2835 5254 2913 5311 ad
2938 5253 3066 5329 haec
3096 5251 3278 5329 verba
3329 5245 3575 5329 Matlhmi
3599 5259 3716 5307 xxv,

2348 5306 2569 5403 Σκληρός
2608 5306 2968 5403 εἷάνθρωπος,
3005 5324 3218 5399 θερίζων
3253 5325 3379 5376 ὅπου
3419 5321 3510 5374 ούκ
3545 5320 3766 5387 ἔσπειρας,
3788 5322 3843 5356 καί

2349 5394 2582 5473 συνάγων
2605 5402 2715 5473 ὅθεν
2742 5394 2800 5473 ού
2829 5394 3227 5473 διεσκόρπισας.
3418 5466 3461 5473 __
3535 5461 3545 5473 _

2520 5450 2701 5531 Conf:
2720 5450 2937 5528 similia
2965 5450 3132 5542 apud
3154 5450 3390 5540 G'regor.
3418 5461 3667 5529 Nazianz,
3694 5460 3722 5513 ι.
3749 5450 3780 5519 Ι,
3804 5460 3840 5518 Ρθ
