4054 6212
619 214 754 274 1483

1953 208 2333 273 NICEPHORI
2372 208 2639 266 CHUMNI

3734 226 3836 284 ωδ

615 341 721 397 sed
769 346 832 397 ut
859 356 1070 397 omnes
1098 358 1131 397 e
1162 357 1347 397 manu
1371 342 1619 412 maligni
1662 344 1915 414 eriperet
1943 347 1999 396 et
2029 337 2248 394 nullum

2372 332 2710 395 πλανηθέντος
2772 335 2854 406 (1)
2910 356 2999 388 και
3069 356 3259 397 πασαις
3338 338 3581 410 ἁμαρτίαις
3635 363 3705 396 και
3766 359 3841 410 τοῖς

616 445 825 485 eorum
853 431 956 501 qui
987 430 1064 485 ad
1096 430 1284 501 ipsius
1314 430 1645 501 imaginem
1677 432 1811 487 facti
1843 435 2011 485 erant
2041 428 2267 483 amitte-

614 523 724 573 ret.
756 522 839 573 lta
864 532 1007 572 sane
1036 518 1151 572 hoc
1179 522 1478 573 terrenum
1512 535 1729 590 corpus
1758 523 1846 574 tot
1873 514 2265 573 immunditiis

613 610 961 677 corruptum
985 606 1247 661 advoces
1274 611 1331 662 et
1352 610 1621 663 animam
1648 609 1720 663 iis
1741 612 1912 679 (quot
1941 613 1995 661 et
2019 602 2264 676 quantis

611 694 727 749 scis
774 694 930 766 ipsa)
972 694 1337 751 maculatam
1378 696 1637 765 benigne
1682 697 1942 769 accipias
1989 702 2044 749 et
2071 708 2260 755 cures,

608 797 805 854 neque
833 787 1067 838 avertas
1090 799 1125 839 a
1151 800 1340 856 puero
1372 790 1472 840 tuo
1492 791 1605 839 tuae
1626 784 2008 857 protectionis
2030 782 2262 837 vultum

607 871 952 929 salutarem.
968 872 1289 942 Oportebat
1306 874 1463 928 enim
1482 890 1591 929 nos
1603 891 1741 929 cum
1756 890 1825 930 eo
1844 884 2093 944 corpore
2114 886 2261 941 quo-

607 976 745 1015 cum
766 960 1069 1016 reformati
1092 977 1301 1016 sumus
1330 962 1537 1018 Christi
1561 963 1874 1034 sanguine,
1906 967 2027 1018 tota
2054 961 2175 1015 vita
2200 959 2261 1013 in

606 1054 711 1105 tua
740 1049 924 1105 domo
972 1050 1182 1119 projici
1232 1050 1431 1121 (idque
1470 1067 1584 1107 nos
1633 1054 1856 1123 optime
1885 1051 2209 1108 decuisset)
2243 1067 2256 1113 ;

605 1138 895 1208 quoniam
917 1153 1058 1193 vero
1106 1138 1455 1210 decipientis
1482 1146 1538 1195 et
1564 1140 1889 1196 occidentis
1942 1137 2178 1194 fallacia
2202 1143 2259 1192 et

604 1224 744 1280 dolo
792 1231 849 1281 et
869 1241 1057 1297 prava
1084 1226 1370 1282 electione
1412 1229 1616 1283 anima
1650 1228 1729 1283 ad
1768 1228 2031 1283 divinam
2060 1232 2258 1282 creata

602 1313 928 1384 imaginem
958 1315 1020 1370 in
1058 1316 1319 1371 tentoriis
1346 1324 1730 1388 peccatorum
1753 1317 1961 1372 maluit
1980 1315 2126 1370 illud
2152 1315 2256 1370 ha-

602 1402 791 1460 bitare
812 1403 1110 1473 (foetidum
1132 1405 1247 1460 hoc
1293 1407 1611 1462 tentorium
1639 1407 1816 1477 dico),
1855 1412 1912 1461 et
1939 1406 2140 1461 adhuc
2174 1406 2254 1460 vi-

600 1491 750 1547 dens
775 1493 939 1563 quod
962 1494 1127 1547 omni
1155 1493 1499 1565 impuritate
1528 1494 1888 1567 rapiebatur,
1910 1510 2070 1550 nunc
2092 1510 2254 1549 mor-

599 1584 770 1636 tuum
809 1581 1034 1637 dimisit
1087 1583 1341 1638 maculis
1401 1583 1647 1655 plenum
1691 1590 1747 1640 et
1797 1584 2131 1656 projectum
2186 1584 2247 1638 in

598 1668 832 1726 delubri
856 1671 941 1725 tui
970 1670 1173 1726 limen.
1198 1674 1279 1726 Tu
1308 1678 1510 1727 autem
1534 1673 1818 1742 benigna,
1836 1678 1893 1728 et
1908 1673 2243 1727 misericors
2274 1703 2314 1754 Β

598 1762 655 1813 et
677 1757 1065 1829 compatiens,
1091 1764 1148 1814 et
1160 1774 1368 1831 preces
1384 1760 1735 1825 exaudiens,
1764 1761 2095 1816 immundae
2115 1761 2244 1816 ani-

595 1860 711 1900 mae
732 1850 791 1901 et
810 1846 1048 1918 corpori
1078 1847 1415 1917 indulgeas,
1463 1864 1599 1920 quae
1638 1849 1915 1919 pessimis
1940 1848 2244 1904 desideriis

596 1939 651 1990 et
662 1933 1065 2007 voluptatibus
1085 1936 1328 2005 indigne
1350 1937 1614 2005 indignis
1630 1938 1975 2003 servierunt,
1995 1944 2051 1993 et
2069 1944 2240 1993 totam

592 2038 793 2078 meam
822 2029 1040 2079 terram
1072 2040 1107 2079 a
1138 2025 1407 2095 pessimo
1430 2025 1607 2080 Belial
1633 2032 1690 2080 et
1720 2027 1978 2097 peccatis
2006 2025 2241 2081 concul-

590 2116 788 2166 catam
821 2112 1144 2167 sanctuarii
1172 2113 1255 2168 tui
1293 2117 1463 2168 terrae
1495 2113 1747 2170 misceas
1774 2120 1830 2169 et
1858 2114 2037 2184 hujus
2074 2120 2240 2169 terrm

586 2198 801 2254 virtute
853 2199 1373 2267 salves;animam
1423 2216 1586 2266 vero,
1635 2218 2003 2274 quocunque
2053 2203 2235 2270 voles,

586 2291 690 2343 tuo
729 2287 889 2359 apud
935 2288 1144 2344 Filium
1189 2289 1526 2346 interventu
1570 2289 1845 2360 (ﬂectitur
1890 2290 2050 2345 enim
2096 2297 2153 2347 et
2184 2297 2235 2347 te

584 2376 1044 2431 intercedentem
1087 2378 1371 2448 exaudit).
1412 2379 1588 2447 longe
1609 2395 1645 2434 a
1674 2384 1963 2451 perpetuo
1986 2396 2231 2436 manen-

584 2464 745 2521 tibus
771 2465 1044 2534 ﬂagellis,
1073 2483 1142 2522 ac
1172 2469 1407 2523 aeternis
1439 2470 1743 2541 suppliciis
1774 2472 1991 2527 mittas.

2376 425 2628 493 εσχάτοις
2695 433 2877 486 κακοῖς
2932 425 3457 496 έγκατολισθήσαντος
3496 428 3756 502 πλάσματος,
3779 446 3841 489 καί

2374 531 2433 582 γε
2461 514 2555 573 τὰς
2593 520 2779 586 χεῖρας
2808 519 3058 574 τείναντος
3087 519 3137 566 έν
3184 525 3402 587 σταυρῷ,
3456 516 3548 588 οὐχ
3596 521 3663 570 ἱνα
3703 518 3753 579 δη
3783 544 3841 577 καί

2373 599 2627 674 ἀνελκύση
2685 622 2775 653 και
2824 600 3209 660 ἀνακαλέσηται
3263 622 3348 654 και
3414 610 3545 677 σώση
3601 613 3748 677 μόνους
3788 609 3842 664 δι.

2373 694 2549 750 καίους
2624 709 2715 741 και
2784 694 2904 752 τοὺς
2978 692 3131 748 ἧττον
3206 692 3587 764 ἡμαρτηκότας,
3645 695 3727 746 ἀλλ’
3789 702 3843 751 ἵνα

2373 780 2564 838 πάντας
2621 783 2675 831 εκ
2722 783 2904 851 χειρός
2955 779 3170 853 ἁρπάσῃ
3237 787 3325 831 τού
3377 790 3600 854 πονηροῦ,
3654 804 3726 836 και
3778 797 3841 838 τῶν

2371 869 2505 918 κατὰ
2525 872 2618 925 τὴν
2666 864 2807 919 ἰδίαν
2870 869 3040 920 εἰκόνα
3087 874 3422 940 γεγενημένων
3466 866 3674 942 οὐδαμῶς
3718 871 3843 926 οὐδένα

2372 955 2636 1028 ζημιωθῇ.
2688 962 2814 1023 Ναί,
2861 977 2952 1008 και
2998 961 3085 1009 τὸν
3137 964 3249 1018 ταῖς
3330 955 3557 1018 ἀσωτίαις
3617 964 3712 1031 ἐμόν
3764 965 3843 1034 φθε-

2368 1049 2519 1116 ρέντα
2577 1052 2711 1116 χοῦν
2778 1044 3111 1111 ἀνακάλεσαι,
3159 1065 3248 1097 και
3314 1051 3402 1103 τὸν
3477 1046 3641 1117 ψυχὴν
3692 1053 3842 1113 ταύταις

2366 1140 2771 1205 κατεστιγμένην
2817 1137 2956 1208 (ὁρᾷς
3024 1138 3236 1205 ὁπόσον)
3315 1135 3515 1206 εὐμενῶς
3578 1140 3740 1208 πρόσου
3789 1159 3845 1191 εει

2369 1224 2537 1288 ῖασαι,
2561 1242 2650 1275 και
2688 1227 2759 1295 μὴ
2820 1222 3155 1295 ἀποστρέψης
3212 1222 3312 1276 ἀπὸ
3365 1231 3451 1275 τού
3493 1221 3665 1286 παιδός
3701 1246 3771 1278 σου
3807 1234 3843 1279 τό

2364 1319 2453 1371 τῆς
2542 1320 2641 1372 σῆς
2735 1317 3026 1373 ἐπισκοπῆς
3127 1318 3539 1385 κοσμοσωτὴριον
3630 1318 3845 1385 πρόσωπον,

2364 1400 2511 1455 Ἔδει
2535 1407 2625 1475 μὲν
2656 1401 2758 1475 γάρ
2792 1405 2931 1473 ημᾶς
2987 1404 3100 1474 μεθ’
3164 1403 3225 1455 οὗ
3278 1423 3363 1455 και
3413 1401 3751 1475 ἀνεπλάσθημιν
3784 1425 3847 1456 σω-

2364 1511 2523 1562 ματος
2576 1492 2767 1563 αἵμασι
2825 1493 2979 1553 θείοις
3030 1499 3265 1565 Χριστοῦ
3330 1490 3612 1553 ἐκλέξασθαι
3674 1492 3850 1565 παραρρι-

2365 1581 2608 1632 πτεῖσθαι
2629 1579 2819 1652 μᾶλλον
2850 1577 2885 1632 δ
2892 1584 2944 1631 ιά
2983 1578 3107 1653 βίου
3136 1584 3328 1641 παντὸς
3352 1585 3398 1632 ἐν
3427 1583 3543 1650 οἶκῳ
3583 1588 3645 1650 τῷ
3690 1589 3749 1650 σῷ
3779 1588 3851 1651 (καί

2366 1671 2506 1740 εἶχεν
2535 1668 2595 1720 ἀν
2639 1670 2763 1741 ἡμῖν
2812 1677 2966 1721 τοῦτο
3014 1669 3231 1741 καλῶς).
3261 1673 3369 1721 έπεί
3419 1666 3475 1721 δέ
3524 1676 3622 1729 τοῖς
3664 1677 3736 1720 τοῦ
3767 1669 3851 1720 ἁπα-

2360 1767 2547 1820 τῶντος
2600 1777 2690 1809 και
2748 1763 3037 1819 κτείνοντος
3113 1762 3430 1830 έμπαιγμοίς
3495 1777 3577 1809 και
3642 1767 3852 1829 μηχαναῖς,

2359 1852 2449 1899 καί
2489 1866 2548 1917 γε
2601 1849 2855 1920 μοχθηρᾷ
2908 1854 2970 1918 τῇ
3024 1850 3349 1919 προαιρέσει,
3403 1848 3433 1903 ἡ
3482 1851 3600 1921 πρὸς
3644 1850 3718 1903 τήν
3764 1848 3854 1898 θείειν

2358 1936 2530 1989 εἰκόνα
2578 1931 3040 2007 δημιουργηθεῖσα
3089 1935 3244 2006 ψυχὴ
3304 1940 3597 2007 σκηνώματι
3645 1934 3855 2008 ἁμαρτωλῷ

2358 2024 2546 2097 μᾶλλον
2576 2026 2850 2094 ἠγαπησεν
2891 2023 3210 2095 ἐγκατοικεῖν
3234 2024 3384 2092 (αύτό
3440 2020 3504 2081 δὴ
3553 2024 3667 2094 λέγω
3713 2028 3758 2074 τό
3790 2020 3855 2074 δν-

2361 2109 2527 2174 σώδες
2560 2117 2792 2182 σκῆνος),
2823 2118 2911 2165 καὶ
2942 2115 3015 2164 ἔτι
3077 2113 3202 2174 ζῶν,
3252 2113 3341 2165 ἅτε
3390 2109 3455 2169 δὴ
3508 2118 3590 2163 καὶ
3630 2114 3773 2170 πάσης
3798 2116 3857 2180 γί-

2359 2221 2453 2272 μον
2493 2199 2839 2273 ἀκαθαρσίας,
2893 2208 2981 2251 νῦν
3038 2196 3142 2252 ὧδε
3197 2204 3376 2273 νεκρὸν
3436 2198 3591 2271 ἀφῆκε
3640 2201 3859 2270 στιγμάτων

2357 2295 2515 2361 γέμον
2571 2293 2660 2341 καὶ
2726 2287 3024 2363 ἐρριμμένον
3110 2286 3186 2340 ἐπ’
3274 2285 3495 2360 ἐδάφους
3566 2288 3857 2359 τεμενίσμάτων

2359 2387 2458 2431 τῶν
2519 2386 2642 2430 σῶν’
2701 2382 2766 2429 σὺ
2800 2373 2860 2429 δε
2914 2380 3113 2437 πάντως
3166 2377 3401 2449 εὐμενὴς,
3448 2379 3715 2449 συμπαθής,
3754 2374 3859 2439 ἵλεως,

2360 2489 2450 2521 και
2503 2471 2860 2541 γοργέπήκοος
2910 2471 3039 2541 πρὸς
3088 2470 3316 2532 ἱκεσίας,
3386 2471 3473 2518 καὶ
3530 2464 3861 2535 σπλαγχνίσθητι

584 2558 755 2605 τοίνυν
785 2552 870 2605 ἐπὶ
900 2552 1085 2625 ἀσώτῳ
1113 2554 1266 2627 ψυχῇ
1300 2562 1388 2608 καὶ
1413 2564 1635 2627 σώματι,
1666 2563 1755 2610 καί
1783 2578 1843 2628 γε
1866 2566 1980 2620 ταῖς
2010 2564 2290 2620 κακίσταις
2310 2557 2611 2628 ἐπιθυμίαις
2638 2561 2727 2607 καί⁵
2754 2552 2970 2615 ἡδοναῖς
3025 2554 3234 2615 ἀτόποις
3290 2554 3515 2617 ἐκτόπως
3564 2549 3862 2607 δεδουλευκόσι,

585 2646 675 2693 καὶ
698 2646 790 2700 τὴν
822 2640 947 2713 ἐμὴν
976 2650 1075 2713 γῆν
1100 2643 1221 2701 ὃλην
1245 2652 1317 2714 τῷ
1341 2654 1550 2717 πονηρῷ
1576 2645 1754 2717 Βελίαρ
1785 2653 1871 2699 καὶ
1902 2654 2011 2707 ταῖς
2039 2648 2211 2720 ἀμαρτ
2224 2666 2281 2701 ια
2306 2668 2351 2709 ις
2384 2648 2882 2716 καταπεπατημένην
2910 2651 2970 2716 τῇ
3002 2652 3094 2695 τοῦ
3118 2646 3255 2717 ἱεροῦ
3311 2644 3457 2716 μίξον
3504 2650 3589 2714 γῇ,
3636 2646 3711 2692 καὶ
3748 2647 3861 2690 σῶσον

581 2749 643 2803 γε
669 2738 731 2802 τῇ
760 2733 959 2793 ταύτης
980 2728 1219 2805 δυνάμει·
1248 2739 1343 2791 τὴν
1367 2730 1401 2785 δ
1405 2737 1427 2786 ε
1453 2733 1659 2805 ψυχὴν,
1694 2737 1813 2788 ὅποι
1835 2739 1899 2788 σὺ
1932 2735 2129 2807 βούλει,
2160 2757 2224 2789 τα
2246 2758 2287 2801 ες
2311 2739 2435 2809 πρὸς
2464 2738 2551 2786 τόν
2581 2735 2692 2785 υἱόν
2718 2738 3002 2804 μεσιτείαις
3029 2735 3282 2803 (πείθεται
3298 2735 3421 2805 γὰρ,
3451 2751 3537 2784 και
3563 2727 3864 2803 πρεσϐευούσης

584 2820 799 2892 ἑτοίμως
828 2819 1112 2893 ἐπακούει),
1139 2821 1316 2897 πόῤῥω
1335 2842 1435 2875 που
1472 2826 1652 2884 πάσης
1682 2823 1782 2877 ἀίεὶ
1812 2829 2071 2898 μενούσης
2103 2830 2361 2898 μάστιγος
2397 2829 2487 2876 καὶ
2519 2821 2919 2895 βασανιζούσης
2946 2820 3179 2874 ἀθάνατα
3202 2822 3429 2893 πέμψον.

651 2912 1248 2982 Attamen,quoniam
1272 2928 1344 2967 ea
1371 2914 1622 2984 (oporteat
1652 2920 1706 2968 et
1729 2929 1888 2969 nunc
1922 2920 1978 2970 et
2008 2931 2245 2986 semper

584 3004 784 3067 orare)
805 3004 861 3054 te
888 3000 1217 3070 oravimus,
1251 3005 1309 3056 et
1332 3002 1495 3057 exiis
1512 3002 1785 3074 plurimis
1812 3003 2245 3059 beneﬁciorum

582 3087 886 3143 miraculis
925 3104 1061 3159 qua;
1118 3105 1223 3160 per
1279 3095 1464 3146 Vitam
1516 3092 1742 3162 experti
1798 3108 2027 3160 sumus,
2079 3098 2133 3147 et
2171 3092 2246 3148 de

588 3175 802 3231 futuris
819 3177 1127 3248 possimus
1150 3177 1474 3246 conﬁdere,
1512 3195 1708 3252 neque
1729 3180 1804 3235 de
1826 3180 2015 3237 salute
2042 3189 2248 3237 nostra

591 3262 930 3335 desperare,
948 3267 1221 3337 permitte
1244 3283 1408 3324 nunc
1434 3269 1622 3323 nostri
1645 3268 2011 3325 valedictorii
2027 3286 2247 3326 sermo-

584 3352 678 3407 nis
708 3368 778 3409 ac
800 3355 1138 3410 testamenti
1160 3356 1389 3428 reliqua
1428 3356 1746 3413 conﬁcere.

661 3623 814 3688 Quid
843 3622 1023 3693 igitur
1053 3622 1082 3681 ?
1111 3622 1577 3696 Imperatoribus
1608 3626 1795 3682 nostri
1816 3626 2121 3699 quimulta
2150 3628 2248 3683 de-

589 3708 751 3780 dere,
782 3711 917 3768 licet
937 3712 1085 3768 nihil
1106 3713 1365 3769 invicem
1384 3714 1682 3770 reddidim
1692 3732 1983 3788 us,neque
2002 3717 2251 3773 reddere

586 3815 937 3872 possumus,
978 3802 1210 3858 etiamsi
1261 3807 1448 3859 totam
1480 3819 1732 3859 manum
1771 3804 2014 3875 plenam
2041 3806 2253 3861 affera-

590 3905 746 3960 mus,
780 3891 1088 3947 nuncideo
1104 3892 1353 3948 omnino
1375 3892 1549 3948 nobis
1570 3893 1861 3948 deﬁciend
1872 3911 1970 3949 um
2007 3910 2134 3949 esse
2147 3911 2254 3967 pu-

588 3978 852 4035 tabimus
881 3981 910 4037 7
934 3980 1047 4037 Sed
1069 3981 1327 4053 improbi
1343 3996 1591 4053 prorsus
1604 3997 1674 4036 ac
1698 3982 1919 4051 ingrati
1946 3984 2155 4039 merito
2168 3986 2239 4041 di-

590 4084 879 4124 ceremur.
900 4069 1085 4136 Unde,
1117 4069 1224 4124 etsi
1249 4070 1452 4125 minus
1494 4071 1742 4139 dignum
1790 4070 1863 4126 sit
1889 4072 2255 4143 decensque,

590 4157 697 4211 sed
730 4164 928 4213 tamen
978 4158 1554 4231 quomodocumque
1578 4159 1954 4215 reddendum
1978 4171 2087 4227 est,
2117 4177 2251 4231 gra-

588 4244 852 4299 titudinis
872 4246 1257 4301 ostendenda;
1285 4262 1489 4312 causa,
1510 4262 1725 4303 aureos
1752 4263 2036 4304 nummos
2194 4253 2253 4306 et

589 4346 662 4387 ex
698 4348 869 4404 aaquo
897 4332 1048 4388 inter
1071 4337 1299 4389 Patrem
1333 4340 1389 4390 et
1416 4335 1924 4407 imperatorem,et
1960 4337 2167 4394 Filium
2196 4344 2251 4395 et

587 4418 1012 4492 imperatorem
1064 4420 1371 4478 dividendi
1424 4428 1582 4480 sunt.

662 4512 873 4565 Postea
888 4524 1105 4581 pueros
1122 4516 1379 4576 nostros,
1398 4516 1459 4568 tu
1480 4528 1616 4584 quae
1632 4512 1785 4567 inter
1795 4528 2008 4569 omnes
2026 4520 2251 4571 matres

588 4598 743 4656 ﬁlios
799 4605 932 4655 tuos
974 4598 1196 4669 diligis.
1238 4600 1574 4664 considera,
1616 4601 1664 4656 si
1704 4600 1951 4672 quidem
1990 4608 2251 4675 quatuor

588 4689 763 4746 nobis
791 4688 894 4744 ﬁlii
929 4694 1085 4760 sunt,
1129 4693 1186 4744 et
1215 4688 1351 4744 duae
1380 4690 1542 4747 tiliae.

661 4782 725 4835 Et
752 4794 961 4835 earum
1000 4778 1281 4850 primam,
1331 4793 1618 4849 sponsam
1662 4781 1779 4834 Deo
1813 4780 2085 4835 omnium
2120 4796 2225 4849 reg

589 4868 874 4925 libentem
907 4867 1100 4924 libens
1134 4866 1452 4923 offerentes
1484 4867 1931 4938 conjunximus.
1968 4869 2241 4925 Utinuam

590 4958 796 5013 divino
820 4957 920 5014 illo
946 4956 1078 5028 conj
1089 4957 1229 5026 ugio
1244 4972 1315 5012 ac
1338 4955 1604 5012 thalamo
1620 4971 1958 5029 numquam
1979 4957 2240 5028 decidat,

590 5060 789 5117 neque
798 5045 850 5115 ej
861 5062 927 5100 us
940 5046 1325 5118 splendorem
1336 5045 1570 5102 amittat
1602 5044 1615 5099 l
1646 5045 1817 5112 Quod
1830 5052 2029 5103 autem
2044 5062 2235 5120 perse-

665 5368 738 5446 (l)
774 5368 1063 5454 Respectu
1093 5365 1170 5431 ad
1190 5366 1547 5454 parabolam
1577 5368 1721 5454 boni
1757 5376 2016 5454 pastoris
2038 5369 2233 5454 Matth.

589 5456 752 5512 XVIII,
786 5448 1076 5526 ἠε-Ἐὰν
1137 5451 1350 5526 γένηταί
1409 5469 1509 5501 τινι
1550 5448 1824 5526 Δἀνθρῴτξῳ
1888 5453 1936 5526 ρ’
2001 5450 2238 5526 πρόϐατα

590 5523 679 5570 καὶ
746 5517 980 5591 πλανηθῇ
1042 5520 1091 5569 ἓν
1154 5518 1205 5581 ἐξ
1262 5520 1445 5587 αὐτῶν,
1506 5517 1675 5593 οὐχὶ,’
1716 5517 1854 5596 ἀφεὶς
1888 5517 1966 5575 ’τὰ
2020 5517 2099 5583 ἦθ’
2153 5528 2235 5576 ἐπι

2426 2911 2501 2963 Oi}
2541 2914 2644 2981 μὴν
2679 2908 2813 2979 ἀλλ’,
2873 2906 3050 2968 ἐπειδὴ
3116 2918 3310 2977 ταῦτα,
3353 2906 3469 2962 δεον
3533 2907 3583 2960 ὃν
3639 2909 3679 2960 ἓν
3731 2924 3775 2976 γε
3818 2910 3865 2971 τῷ

2354 3019 2572 3073 παρόντι
2624 3004 2714 3051 καὶ
2758 2995 2851 3051 διὰ
2904 3002 3094 3061 παντὸς
3151 3000 3416 3065 ἱκετεύειν,
3494 2997 3860 3063 καθικετεύσαμεγ.

2354 3088 2455 3140 κάκ
2485 3097 2583 3140 τῶν
2614 3087 2662 3139 ἐν
2695 3083 2832 3156 τῷδε
2882 3096 2953 3157 τῷ
3015 3084 3115 3158 βίῳ
3155 3091 3271 3161 περὶ
3328 3088 3465 3159 ἡμᾶς
3514 3084 3736 3137 πλείστων
3777 3084 3865 3132 riam

2353 3180 2700 3249 γεγενημένων
2754 3175 2801 3226 ἐν
2860 3175 3180 3249 εὐεργεσίαις
3239 3177 3520 3247 θαυμάτων
3591 3176 3748 3243 ἔχομεν
3811 3173 3866 3217 καὶ

2355 3272 2471 3339 περὶ
2513 3274 2613 3317 τῶν
2678 3263 2954 3320 μελλόντων
3015 3262 3239 3338 θαρρεῖν,
3301 3270 3393 3316 καὶ
3449 3270 3545 3314 τῶν
3596 3264 3707 3336 πρός
3747 3276 3866 3311 σωτη-

2355 3359 2470 3426 ρίαν
2521 3354 2613 3405 ούκ
2669 3351 3045 3423 ἀπογινώσκειν
3102 3348 3355 3419 ἐλπίδων,
3415 3357 3529 3425 φέρε
3574 3348 3635 3407 δὴ
3684 3368 3757 3399 και
3796 3351 3868 3402 τοῖς

2356 3442 2476 3506 ἓξῆς
2510 3441 2812 3515 προσθῶμεν
2842 3450 2937 3493 τοῦ
2988 3446 3378 3512 συντακτηρίου
3436 3446 3525 3493 καὶ
3568 3436 3865 3508 διατάγματος.

2429 3628 2491 3679 Τί
2542 3624 2838 3697 γοΰνςτοίς
2889 3621 3030 3697 ἐμοῖς
3079 3618 3367 3697 βασιλεῦσι
3424 3622 3582 3677 πολλὰ
3656 3615 3870 3672 δεδωκόσιν

2360 3714 2466 3767 ἐπεὶ
2497 3712 2662 3786 μηδὲν
2709 3713 2943 3777 ἀντάξιον
3004 3710 3370 3784 ἀπεδώκαμεν,
3414 3714 3519 3766 οὔτ’
3582 3714 3744 3784 ἔχομεν
3788 3704 3873 3755 ἀπα·

2363 3801 2566 3869 δουναι,
2604 3803 2697 3855 κᾶν
2724 3803 2843 3861 ὅλην
2901 3807 2996 3860 τὴν
3044 3811 3203 3874 χεῖρα
3258 3808 3621 3874 προσοίσωμεν
3662 3811 3873 3869 γεμονσεο,
3962 3824 3963 3839 ι

2363 3891 2732 3963 ἀπολειφθῆναι
2764 3889 2859 3943 διὰ
2906 3899 3059 3942 τοῦτο
3120 3887 3227 3943 δεῖν
3290 3890 3427 3944 εἶναι
3476 3897 3564 3943 καὶ
3612 3896 3692 3941 τοῦ
3748 3882 3877 3936 παντὸς
3962 3904 3963 3953 j

2361 3978 2861 4052 ἡγησόμεθα;ἀλλὰ
2917 3984 3132 4051 πονηροί
3179 3998 3315 4041 τινες
3386 3980 3581 4037 πάντως
3647 3978 3723 4027 καὶ
3771 3970 3876 4040 ἀγνὼ-

2361 4089 2502 4140 μονες
2544 4066 2764 4130 δίκαίως
2804 4067 3110 4139 ἀκούσομεν,
3171 4066 3327 4120 ’Ὁθεν
3389 4068 3431 4119 εἰ
3485 4072 3572 4119 καὶ
3623 4070 3685 4137 μή
3731 4081 3774 4113 τι
3811 4053 3878 4109 οἷον

2318 4160 2330 4169 ’
2359 4165 2449 4211 καὶ
2505 4157 2814 4230 ἀξιόχρεων,
2866 4156 2974 4208 ἀλλ’
3025 4152 3309 4208 ἀποδοτέον
3370 4158 3663 4217 ὁποσονοῦν,
3715 4148 3877 4217 δείγμα-

2359 4266 2444 4309 τος
2467 4246 2859 4317 εὐγνωμοσύνης
2897 4247 3076 4311 ἔνεκεν,
3103 4250 3340 4318 χρυσίου
3391 4248 3681 4317 νομίσματα
3708 4281 3719 4294 .
3766 4281 3775 4291 .
3817 4277 3825 4287 .
3862 4273 3870 4282 .

2369 4377 2382 4391 .
2442 4379 2451 4390 .
2511 4376 2523 4388 .
2581 4377 2594 4389 .
2654 4377 2665 4388 .
2700 4338 2792 4385 καὶ
2834 4329 3115 4406 διαιρετέον
3141 4331 3193 4395 ἐξ
3217 4336 3340 4385 ῖσου
3371 4341 3445 4403 τῷ
3485 4352 3538 4384 τε
3558 4335 3704 4403 πατρὶ
3725 4330 3795 4378 καὶ
3815 4320 3877 4393 βα·

2363 4423 2513 4490 σιλες,
2546 4412 2635 4474 και
2664 4431 2735 4493 τῷ
2765 4423 2883 4492 υἱῷ,
2906 4426 2996 4473 καὶ
3027 4420 3237 4493 βασιλεῖ
3263 4426 3365 4491 (2).

2430 4516 2574 4566 Μετὰ
2601 4520 2771 4577 τοῦτο,
2822 4508 3020 4573 παῖδας
3065 4512 3231 4583 ἡμῶν,
3286 4513 3317 4570 ἡ
3373 4510 3609 4584 φιλόπαις
3660 4512 3716 4560 σὺ
3751 4508 3877 4556 πασῶν

2358 4601 2547 4674 μᾶλλον
2595 4607 2792 4673 μήτηρ,
2861 4598 3162 4670 ἐπίσκεψαι,
3212 4603 3262 4651 οἳ
3321 4596 3391 4657 δὴ
3450 4605 3537 4651 καὶ
3584 4591 3875 4669 τέτταρες

2284 4681 2325 4733 Ῑ)
2358 4693 2481 4763 ἡμῖν
2513 4693 2637 4757 υἱοὶ,
2672 4692 2945 4761 θυγατέρες
2980 4685 3038 4741 δὲ
3066 4685 3163 4740 δύο
3190 4692 3518 4760 γεγένηνται.

2429 4785 2529 4833 Καὶ
2558 4782 2751 4830 τούτων
2781 4782 2875 4835 τὴν
2914 4783 3144 4849 πρωτην,
3176 4780 3381 4849 νύμφην
3440 4784 3556 4848 Θεῷ
3612 4783 3679 4844 τῷ
3728 4765 3877 4843 βασιὶεῐ
3962 4782 3963 4845 ξ

3570 4865 3875 4935 ἑνηρμοσαμῦο

2354 4961 2452 5011 Καὶ
2500 4962 2695 5028 γένοιτο
2746 4958 2940 5013 ταύτην
2995 4959 3128 5026 μήτε
3182 4962 3273 5006 τοῦ
3328 4963 3600 5027 νυμφῶνος
3652 4956 3760 5024 μήτε
3814 4948 3874 4998 τῆς

2351 5049 2487 5107 θείας
2540 5040 2817 5104 παστάδος
2875 5043 3173 5109 ἀποπεσεῖν,
3237 5049 3369 5115 μήτε
3422 5051 3522 5106 τῆς
3575 5041 3747 5095 ἐκεῖθεν
3784 5034 3875 5101 ll?‘

2352 4871 2554 4921 πάντων
2643 4867 2861 4919 ἑκοῦσαν
2936 4866 3135 4927 ἑκόντες
3224 4871 3465 4938 φέροντες

2348 5372 2411 5431 τὰ
2478 5372 2569 5453 dior:
2654 5364 2941 5453 πορευθεὶς,
3031 5366 3177 5438 ζητεῖ
3247 5367 3305 5425 τό
3380 5346 3868 5443 πλανώμενονζίοιιίο

2347 5451 2484 5505 Luc.
2505 5451 2606 5516 'xv,
2640 5452 2693 5504 4.

2420 5503 2492 5590 (2)
2521 5503 2860 5575 andronico
2893 5517 3119 5575 Seniori
3147 5521 3207 5573 et
3231 5515 3580 5572 Andronico
3602 5503 3813 5568 Juniori,
