4054 6212
214 317 342 380 1486
1601 321 1815 384 TESTA

1960 321 2137 388 iTUM.
3415 326 3561 394 {486

207 450 477 522 πρὸτητος.
523 445 611 508 Ὠς
663 448 752 518 μὲν
815 441 902 496 οὖν
947 451 1035 499 καὶ
1085 452 1525 521 συμπαραμείνοι,
1581 453 1671 501 καὶ
1724 446 1795 501 δι’

1962 460 2179 509 eratura
2209 453 2283 510 sit
2309 459 2366 511 et
2389 456 2451 512 in
2479 459 2768 512 aeternum
2793 467 2933 510 cum
2959 469 3188 526 sponso
3239 457 3563 529 conjuncta

206 537 383 598 αἰῶνος
430 538 576 588 ἔσται
654 541 727 604 τῷ
799 539 1000 606 νυμφίῳ
1061 533 1431 609 συνδεδεμένη,
1485 534 1652 609 μηδεν
1709 537 1798 589 λυ-

1959 543 2107 611 itura
2145 543 2238 609 sit,
2258 559 2454 616 neque
2481 559 2751 616 unquam
2775 543 2938 598 hunc
2958 542 3340 614 splendorem
3379 548 3560 604 amis-

210 624 350 679 θεῖσα
406 631 496 684 τῆς
559 623 752 675 ἑκείνου
811 619 1184 696 φαίδρὸτητος,
1232 622 1432 678 δίδωσι
1482 625 1684 700 θαῤῥεῖν
1709 631 1799 678 καὶ

1958 645 2068 694 ira,
2093 630 2456 688 confidimus
2485 648 2558 688 ex
2589 632 2682 688 bis
2719 647 2856 703 quae
2891 630 3162 686 videmus
3195 639 3353 690 :tota
3401 636 3559 693 enim

204 721 305 776 τοῖς
359 717 705 786 φαινομένοις,
763 711 885 770 ὃλην
929 718 1024 770 τὴν
1086 713 1273 785 ψυχὴν
1326 713 1592 777 ἐξόπισθεν
1643 715 1800 766 αὐτοῦ

1958 717 2114 773 nima
2151 725 2286 791 post
2317 720 2485 777 Illum
2507 721 2706 787 currit,
2741 725 2798 776 et
2818 725 3010 776 totum
3036 735 3139 775 cor
3170 722 3321 778 miro
3351 740 3559 782 amore

204 806 543 876 πορευομένην
605 803 774 869 θεῖσα,
849 805 941 853 καὶ
1006 805 1100 858 τὴν
1161 799 1385 876 καρδίαν
1434 803 1554 860 ὃλην
1620 799 1802 864 δεινῶς

1958 806 2249 863 erculsum
2279 815 2336 864 et
2369 808 2744 865 vulneratum
2775 808 3042 864 ﬁrmiter.
3078 809 3159 864 illi
3199 811 3450 882 adunat,
3505 819 3559 874 et

204 899 273 943 τῶ
301 893 442 962 πόθῳ
477 888 798 962 βεϐλημένην
833 894 923 942 καὶ
972 894 1293 963 τετρωμένην
1352 889 1593 963 ἀσφαλῶς
1660 891 1802 963 αύτῷ

1959 898 2038 949 ωε
2067 895 2322 952 dexterae
2351 905 2648 969 pratense)
2693 896 2978 962 adhaeret,
3010 914 3145 969 quae
3179 900 3255 956 ad
3298 902 3560 972 quietem

203 979 660 1056 προσιολλήσασα,
735 983 826 1030 καί
898 996 958 1049 γε
1043 987 1141 1041 τῆς
1192 978 1384 1034 ἔκείνου
1443 976 1618 1044 δεξιᾶς
1664 979 1801 1033 αντι-

1959 988 2199 1040 :ternam
2226 986 2425 1058 ipsam
2455 987 2644 1042 ducit.
2681 987 2826 1042 Huic
2852 999 2998 1042 sane
3035 988 3245 1058 paucis
3269 989 3560 1060 indigenti

202 1067 580 1140 λαμϐανομένης
619 1065 878 1138 ἐξημμένη
943 1071 1032 1118 καὶ
1085 1070 1212 1140 πρὸς
1246 1072 1340 1126 τὴν
1395 1067 1444 1120 ἄν
1489 1069 1630 1140 αύτῷ
1681 1088 1802 1140 χιι-

1958 1089 2100 1144 sque
2131 1075 2272 1130 solis
2301 1091 2438 1148 quae
2479 1075 2846 1148 corruptibili
2902 1075 2997 1133 isti
3049 1077 3184 1132 vitae
3222 1081 3559 1136 necessaria

201 1160 534 1231 ραγωγούσης
623 1159 978 1210 κατάπαυσιν.
1061 1159 1234 1230 Ταύτῃ
1321 1175 1402 1209 τοι
1488 1163 1576 1210 καὶ
1652 1158 1802 1230 ὀλίγα

1959 1167 2068 1229 int,
2099 1179 2288 1234 pauca
2313 1168 2371 1219 et
2393 1179 2504 1219 nos
2520 1164 3112 1238 relinquimus,quod
3142 1165 3560 1225 nobisvidetur

199 1249 354 1319 ταύτῃ
410 1241 626 1317 δεομένη
706 1253 806 1296 τῶν
857 1245 1020 1310 κάτω,
1081 1245 1162 1296 ὅτι
1207 1250 1280 1317 μὴ
1355 1251 1443 1299 καὶ
1488 1251 1655 1318 μόνων
1701 1255 1800 1300 τῶν

1081 1245 1162 1296 ὅτι
1207 1250 1280 1317 μὴ
1355 1251 1443 1299 καὶ
1488 1251 1655 1318 μόνων
1701 1255 1801 1300 τῶν
1910 1248 2182 1307 sufﬁcere
2211 1253 2629 1309 concedentes.

202 1335 487 1406 ἀναγκαίων
539 1340 606 1404 τῇ
693 1334 996 1407 φθίιρομὲνη
1058 1333 1187 1406 ζωῇ,
1241 1334 1390 1406 ὀλίγα
1452 1340 1543 1388 καὶ
1603 1337 1755 1407 ἡμεῖς
1802 1334 2246 1412 ἀπιμερισάμεθα,
2304 1346 2362 1394 τὸ
2435 1338 2594 1404 δόξαν
2653 1343 2825 1394 ἱκανὸν
2883 1343 3068 1405 ἱκανῶς
3125 1348 3544 1418 χορηγήσαντας.

265 1428 366 1482 Τὴν
397 1421 522 1494 ἐμὴν
561 1420 814 1494 μεγάλαις
858 1425 948 1494 μεν
998 1428 1133 1475 Θεοῦ
1181 1419 1424 1497 δωρεαῖς,
1485 1423 1796 1498 ὑπερϐολαῖς

1973 1431 2180 1493 Meam,
2213 1431 2312 1485 Dei
2341 1430 2589 1502 quidem
2603 1429 2989 1497 dono,nimia
3015 1437 3217 1487 autem
3247 1433 3550 1507 Hujusqui

201 1508 258 1565 δέ
289 1529 426 1564 τισιν
465 1510 745 1584 οἰκτιρμῶν
782 1517 875 1562 τοῦ
929 1506 1003 1562 δι’
1053 1510 1213 1562 αὐτοῦ
1271 1509 1652 1584 βασιλεύοντος,
1715 1513 1793 1566 εὖ.

1959 1531 2008 1571 er
2037 1519 2223 1573 Deum
2252 1518 2531 1590 imperat,
2554 1517 2986 1584 misericordia,
3002 1519 3437 1577 faustissimam
3465 1506 3560 1578 ffe-

200 1597 610 1672 δαιμονεστάτην
644 1602 728 1651 καὶ
787 1597 1180 1670 εὐτυχεστάτην
1223 1598 1544 1672 βασίλισσαν
1613 1604 1710 1672 (1),
1764 1603 1791 1654 ὁ

1954 1604 2369 1678 sissimamque
2408 1605 2870 1678 imperatricem,
2903 1605 3030 1678 ipse
3056 1607 3400 1678 imperator,
3470 1608 3555 1664 sic

197 1690 342 1750 αὐτὸς
375 1687 641 1762 βασιλεὺς,
672 1687 806 1739 ούτω
831 1705 922 1739 του
963 1695 1096 1741 Θεοῦ
1149 1693 1460 1750 κινήσαντος
1520 1687 1790 1754 καὶδόξαν

1952 1708 2019 1748 eo
2050 1700 2329 1750 movente
2345 1693 2512 1768 quod
2533 1693 2648 1750 sibi
2659 1693 2939 1768 placeret,
2959 1709 3253 1766 sponsam
3269 1695 3372 1750 uni
3403 1693 3553 1751 ﬁlio-

195 1779 352 1850 αύτῷ,
401 1776 724 1850 νύμφηνέςΐ
775 1777 814 1846 ᾧ
872 1774 942 1836 δὴ
991 1783 1080 1831 καὶ
1106 1779 1264 1832 είλετο
1319 1789 1421 1834 τῶν
1467 1783 1615 1834 υἱέων
1663 1782 1791 1853 ἠγά-

1953 1795 2032 1836 ιω
2059 1797 2228 1854 quem
2256 1782 2464 1850 voluit,
2485 1784 2716 1854 optimo
2746 1797 2818 1838 ac
2835 1783 3240 1856 pulcherrimo
3269 1783 3463 1852 elegit.
3487 1785 3554 1840 Et

193 1887 326 1938 γετο,
370 1866 569 1940 ἀρίστῳ
623 1868 689 1919 τὰ
716 1868 886 1918 πάντα
913 1872 1002 1919 καὶ
1040 1867 1300 1940 καλλίστῳ
1347 1869 1444 1940 (2).
1508 1875 1607 1924 Καὶ
1641 1872 1790 1943 ὑμεῖς

1950 1884 2004 1924 )s
2035 1869 2228 1925 videte
2255 1871 2505 1926 omnino
2529 1876 2588 1926 et
2613 1887 2751 1926 cum
2782 1876 3022 1942 stupore
3046 1887 3286 1926 morum
3311 1871 3551 1928 bonita-

193 1958 340 2027 ὁρᾶτε
376 1958 582 2016 πάντως
633 1960 723 2007 καὶ
778 1954 900 2026 μετί
964 1953 1249 2018 ἐκπλήξεως
1295 1959 1484 2010 ὡσανεὶ
1515 1964 1608 2016 τὴν
1643 1977 1786 2030 χρη-

1954 1973 2016 2014 m
2054 1959 2455 2025 admiremini,
2489 1959 2660 2031 cujus
2677 1975 2926 2016 excessu
2941 1964 3129 2016 totum
3143 1974 3348 2016 meum
3385 1975 3551 2017 amo-

193 2049 419 2104 στότητα
495 2051 594 2096 τῶν
657 2048 859 2116 τρόπων
932 2045 1241 2116 θαυμάζετε,
1308 2049 1373 2108 ἦς
1408 2054 1526 2109 ταῖς
1578 2067 1787 2122 περιου-

1948 2062 2021 2101 2m
2053 2046 2132 2102 ad
2164 2063 2224 2102 se
2247 2049 2488 2104 attraxit
2517 2054 2575 2104 et
2595 2047 2898 2120 corripuit.
2956 2046 3092 2114 Sed,
3133 2062 3170 2102 ο
3227 2047 3549 2120 pulcherri-

192 2145 326 2202 σίαις
355 2145 562 2194 καὶτὸν
593 2139 712 2214 ίμὸν
747 2139 860 2193 ὁλον
922 2143 1082 2194 πόθον
1143 2147 1270 2215 πρὸς
1324 2142 1504 2197 ἑαυτὸν
1568 2145 1788 2208 ἑλκύσας

1952 2151 2065 2190 ,ιιω
2088 2135 2440 2206 conjugium
2471 2151 2542 2191 ex
2575 2141 2830 2208 utroque
2860 2150 3008 2190 sexu
3038 2135 3302 2190 virorum
3331 2151 3403 2191 ac
3425 2151 3553 2192 mu-

190 2229 272 2303 ἇμε
317 2238 539 2282 κενῶσαι
595 2233 892 2287 πεποίηκεν.
954 2230 1114 2298 Ἀλλ’,
1189 2231 1229 2282 ὦ
1281 2251 1372 2303 μοι
1423 2237 1488 2286 σύ
1531 2233 1783 2294 καλλίστη

1950 2239 2105 2278 arum
2138 2223 2374 2295 egregie
2394 2223 2740 2289 formatum,
2754 2229 2812 2280 et
2825 2221 3254 2282 admirandum
3274 2239 3406 2296 par,
3427 2240 3551 2280 non

187 2319 412 2390 συζυγία
446 2317 500 2382 ἐξ
528 2318 841 2393 ἀμφωτέρων
871 2326 971 2369 τῶν
1004 2327 1163 2390 γενῶν
1224 2317 1428 2394 ἀνδρῶν
1457 2327 1544 2374 καὶ
1606 2344 1788 2395 γυναι-

1948 2312 2080 2368 ιοᾱο
2103 2313 2232 2368 aliis
2263 2311 2548 2368 omnibus
2573 2328 2610 2368 a
2638 2328 2735 2368 me
2764 2316 3104 2384 prmlatum,
3149 2312 3256 2368 sed
3314 2318 3370 2369 et
3413 2329 3549 2369 meo

185 2415 282 2459 κῶν
343 2407 457 2459 κατ’
512 2406 726 2478 ἔκλογην
789 2407 820 2464 ἡ
883 2423 1170 2480 ρμοσμενη,
1229 2414 1318 2461 καὶ
1372 2412 1782 2484 θαυμασιωτάτη

1950 2401 2125 2456 uritui
2155 2417 2227 2457 ac
2259 2402 2415 2470 vitae,
2453 2402 2538 2458 tui
2569 2417 2754 2457 causa
2783 2417 2947 2456 mors
2983 2416 3122 2473 quas
3156 2401 3302 2458 mihi
3357 2401 3551 2457 immi-

187 2493 413 2571 ξυνωρὶς,
439 2501 510 2568 μὴ
554 2503 654 2548 τῶν
687 2492 851 2546 ἄλλων
885 2497 1088 2548 πάντων
1145 2500 1297 2568 μόνον
1328 2496 1461 2569 ἐμοὶ,
1511 2499 1638 2552 ἀλλὰ
1696 2505 1786 2554 καὶ

1946 2503 2015 2558 et,
2045 2495 2183 2561 post
2213 2488 2443 2562 primus
2482 2489 2614 2546 illos
2659 2503 3038 2561 magnosque
3065 2488 3328 2558 timores,
3386 2505 3547 2545 mor-

188 2585 352 2645 αύτῆς
393 2587 757 2657 προτιμωμένη
799 2591 962 2644 πνοῆς
995 2589 1080 2636 καὶ
1110 2585 1264 2655 ζωῆς,
1297 2589 1392 2638 σοῦ
1429 2589 1608 2664 χάριν⁹
1635 2594 1725 2642 καὶ
1759 2590 1784 2642 ὀ

1945 2578 2100 2634 acior
2146 2579 2520 2650 amariorque
2556 2577 2642 2647 ﬁt,
2697 2592 2768 2633 eo
2805 2576 2972 2649 quod
3014 2581 3068 2634 te
3110 2592 3233 2633 non
3281 2577 3413 2648 jam
3463 2576 3546 2633 vi-

191 2674 404 2734 θάνατος
434 2671 545 2745 ἐμοὶ
579 2671 970 2745 μνηυόνεμθεὶς,
1002 2677 1134 2745 μετὰ
1197 2678 1316 2737 τούς
1367 2682 1607 2751 πρώτους
1659 2677 1786 2731 ἑκεί-

1950 2666 2070 2734 abo,
2101 2681 2318 2739 neque,
2352 2667 2400 2723 si
2447 2666 2594 2739 quid
2649 2666 2712 2721 in
2760 2664 2967 2721 inferis
3006 2665 3290 2722 horrendi
3339 2681 3410 2722 ac
3461 2665 3551 2722 fu-

186 2781 302 2823 νους
329 2765 419 2814 καὶ
457 2761 709 2833 μεγάλους
740 2759 948 2833 φόϐους,
985 2763 1062 2814 ἔτι
1127 2758 1509 2840 δηκτικώτερος
1556 2771 1646 2819 καὶ
1694 2787 1784 2819 πι-

1950 2755 2046 2810 Ξειιί
2075 2755 2146 2811 sit
2197 2754 2346 2825 (imo
2402 2770 2545 2811 vero
2601 2769 2726 2810 non
2796 2769 2986 2810 unum
3049 2759 3318 2822 tantum;
3375 2759 3551 2811 erunt

183 2855 423 2926 κρότερος
449 2855 706 2926 γίγνεται,
737 2853 817 2903 ὅτι
839 2869 896 2904 σε
943 2851 1037 2903 ούκ
1077 2853 1144 2905 ἔτ’
1176 2853 1374 2927 ἅψομαι
1419 2860 1517 2926 (3),
1573 2853 1711 2926 οὐδ’,
1743 2861 1784 2910 εῖ

1950 2859 2056 2912 aro,
2087 2843 2212 2898 scio
2255 2842 2556 2915 equidem,
2611 2843 2805 2898 multa
2855 2858 2926 2898 ac
2977 2842 3109 2899 dira
3171 2842 3234 2898 in
3289 2857 3393 2898 eos
3443 2842 3551 2914 qui

181 2946 234 2993 τί
269 2960 326 3012 γε
353 2939 449 2992 κᾶν
479 2947 657 3012 τοῖςδεν
686 2937 820 3010 ᾅδου
857 2944 1069 3012 φρικτὸν
1095 2947 1184 2994 καὶ
1236 2941 1398 3006 ἀηδὲς
1456 2945 1668 3017 (μᾶλλον
1703 2942 1781 3012 δε,

1944 2933 1986 2985 is
2016 2932 2079 2987 in
2153 2931 2320 2987 terris
2376 2931 2536 2986 male
2599 2930 2892 3000 vixerint),
2991 2935 3053 2985 tu
3127 2929 3246 2985 sub
3337 2929 3545 2986 oculo

183 3029 288 3102 οὐχ
314 3029 370 3082 ἔν’
392 3037 544 3082 τοῦτο
565 3031 769 3082 ἔσονται
800 3025 834 3081 δ
837 3033 881 3099 ε,
915 3026 1057 3098 οἶδα,
1085 3031 1248 3084 πολλὰ
1275 3038 1366 3086 καὶ
1394 3034 1603 3104 χαλεπὰ
1627 3035 1784 3098 ἀξίως

1945 3019 2155 3089 aniens,
2197 3019 2257 3074 id
2289 3017 2629 3089 dissipabis,
2657 3023 2762 3074 aut
2786 3017 3014 3073 leviora
3037 3017 3220 3072 facies
3239 3017 3370 3072 base
3411 3017 3546 3072 tris-

185 3119 258 3181 εἰς
291 3115 446 3176 δίκην
478 3125 578 3170 τῶν
617 3117 856 3170 ἐνταυθοί
888 3125 1061 3180 κακῶς
1116 3120 1477 3193 Βεϐιωμένων),
1536 3126 1600 3174 σύ
1656 3126 1786 3196 πρὸς

1944 3123 1976 3163 a
2001 3122 2073 3162 ac
2094 3107 2416 3172 horrenda,
2457 3112 2520 3162 ut
2549 3121 2733 3173 nunc,
2760 3104 2866 3161 ubi
2895 3120 3180 3177 appares,
3207 3120 3450 3160 omnem
3473 3120 3545 3161 ex

185 3210 302 3260 θέαν
343 3207 496 3280 ἰοῦσα
547 3203 833 3272 διαλύσεις,
889 3207 918 3264 ἢ
987 3211 1045 3259 τό
1095 3227 1158 3279 γε
1209 3206 1443 3283 δεύτερον
1503 3216 1786 3284 κουφότερα

1946 3195 2127 3250 ιίεθτὶε
2173 3193 2488 3250 eventibus
2571 3197 2770 3250 ortum
2821 3208 3139 3250 maerorem
3195 3191 3434 3264 mitigas
3475 3208 3547 3250 ac

179 3299 423 3356 ποιήσεις
448 3297 513 3346 τὰ
544 3297 743 3366 στυγνὰ
779 3302 946 3346 ταῦτα
972 3299 1063 3348 καὶ
1093 3299 1402 3370 σκυθρωπὰ,
1463 3301 1532 3360 ὡς
1571 3299 1620 3350 ἐν
1681 3308 1780 3360 τοῖς

1946 3284 2142 3338 mnino
2173 3281 2412 3353 aufers;
2444 3287 2501 3338 et
2528 3297 2672 3338 sane
2703 3281 2900 3336 cordis
2925 3286 3128 3337 motus
3159 3281 3334 3336 sedas
3363 3287 3422 3337 et
3451 3296 3547 3337 ex-

179 3391 410 3458 παρούσι
459 3389 631 3435 πᾶσαν
689 3382 742 3446 ἐξ
814 3382 1038 3456 ἀνιαρῶν
1095 3385 1450 3459 συμϐαμάτων
1523 3393 1780 3460 κουφίςεις

1948 3373 2166 3442 inguis,
2199 3377 2256 3428 et
2279 3372 2521 3428 vulnera
2545 3369 3063 3440 sanas,etaﬁlicta:
3089 3371 3308 3426 animm
3328 3371 3549 3442 cogita-

177 3478 270 3525 καὶ
320 3472 497 3533 τελέως
554 3470 776 3546 ἐξαίρεις
825 3478 1040 3545 πικρίαν
1094 3479 1246 3546 μόνον
1297 3477 1516 3548 ὀφθεῖσα
1546 3497 1558 3510 ο
1601 3481 1691 3529 καί
1727 3495 1778 3549 γι

1944 3477 2248 3532 onumque
2261 3461 2584 3517 tumultum
2595 3460 2771 3517 lenis.
2786 3460 2956 3526 Quod
2969 3459 3180 3514 durius
3191 3458 3545 3531 supplicium

179 3560 424 3636 βρασμὸν
452 3560 768 3620 καταπαύεις
790 3558 1020 3635 καρδίας
1066 3562 1342 3633 σϐωνύσα,
1386 3570 1475 3618 καὶ
1518 3567 1780 3638 θραυσμόν

1947 3569 2081 3608 nam
2111 3569 2148 3607 a
2171 3559 2224 3608 te
2257 3552 2524 3624 separari
2557 3551 2586 3606 ‘I
2615 3551 2930 3616 Quomodo
2980 3551 3336 3618 sustineam,
3391 3555 3548 3622 post‘

179 3652 494 3723 θεραπεύεις,
554 3654 644 3702 καὶ
701 3653 958 3722 κοιμίζεις
1021 3650 1210 3723 ψυχῆς
1260 3655 1641 3726 παθαινομένης
1697 3659 1780 3707 καὶ

1948 3659 2079 3697 nam
2110 3641 2316 3698 oculos
2328 3641 2618 3712 clausero,
2643 3641 2767 3697 imo
2805 3655 2946 3696 vero
2981 3645 3134 3697 totos
3165 3655 3268 3696 eos
3295 3639 3549 3696 eﬂluxos

174 3739 442 3811 λογισμῶν
491 3740 752 3810 τάραχον.
799 3743 862 3790 Τί
922 3747 1014 3791 τοῦ
1065 3748 1160 3792 σοῦ
1206 3750 1491 3817 χωρισμού
1537 3747 1669 3818 πρὸς
1702 3749 1775 3796 κό.

1946 3731 2174 3792 misero,
2199 3737 2363 3786 tuam
2388 3729 2894 3803 pulchritudinem
2919 3729 3182 3785 etvultus
3214 3728 3300 3785 tui
3335 3729 3547 3785 ﬂorem

174 3827 330 3880 λασιν
417 3823 836 3900 δραστικώτιρον
880 3845 894 3893 ;
945 3835 1050 3888 πῶς
1106 3833 1256 3899 οἴσω,
1315 3835 1437 3893 τοὺς
1492 3831 1775 3904 ὀφθαλμούς

1949 3817 2777 3891 imquefortunmsplendorem
2785 3817 2908 3890 jam
2953 3816 3480 3888 noncontemplari
3521 3820 3550 3870 ?

174 3919 374 3987 μύσας,
435 3914 626 3987 μᾶλλον
696 3911 748 3966 δ’
821 3915 964 3976 ὅλους
1021 3915 1335 3992 ἐῤῥυηκότας
1384 3919 1775 3992 ἀποϐαλὸμενος,

1951 3907 2038 3962 uis
2092 3922 2203 3979 pro
2233 3907 2428 3972 vobis,
2472 3906 2684 3962 mediis
2710 3906 2770 3961 in
2803 3905 3046 3961 coatibus
3071 3905 3178 3960 erit
3231 3905 3467 3962 leniens
3491 3911 3548 3960 et

174 4008 236 4057 τὸ
294 4008 385 4056 σόν
441 4003 628 4066 κάλλος
676 4009 766 4056 καὶ
812 4009 871 4058 τὸ
910 4003 1000 4058 τού
1057 4013 1340 4081 προσώπου
1391 4009 1540 4069 ἄνθος
1596 4015 1685 4061 καὶ
1727 3979 1775 4062 τὲ

1966 3995 2184 4052 ﬂictum
2219 3996 2540 4052 consolans
2571 3994 3156 4052 etadhortansvestri
3169 3994 3546 4064 separatione

177 4101 280 4154 τῆς
336 4099 534 4164 μορφῆς
586 4095 775 4166 ὡραῖον
812 4091 1024 4146 ἀθέατον
1063 4080 1204 4161 (Τίς
1253 4096 1366 4150 ἀνθ’
1404 4099 1544 4170 ὑμῶν
1581 4097 1628 4149 ἓν
1673 4099 1778 4170 ὁμι-

1945 4101 1952 4140 ;
1981 4085 2192 4140 futurm
2222 4085 2353 4140 vitae
2382 4084 2578 4154 poenis
2611 4083 3031 4140 vulneratum?
3059 4081 3220 4138 Eheu
3241 4080 3254 4136 Ξ
3277 4097 3371 4137 me
3390 4085 3546 4152 teget

176 4179 322 4240 λίαις
367 4178 560 4233 ἐσεῖται
625 4181 916 4252 γλυκαίνων
961 4189 1052 4236 καὶ
1117 4189 1478 4256 στυγνάζοντα
1549 4206 1777 4260 raporum

1942 4173 2090 4230 ravis
2117 4173 2293 4244 lapis,
2333 4177 2390 4228 et
2419 4171 2682 4227 tumulus
2709 4186 2804 4226 me
2833 4170 3058 4242 operiet
3096 4188 3111 4237 ;
3143 4175 3200 4226 et
3237 4185 3376 4225 cum
3433 4186 3543 4226 vos

175 4269 279 4322 λῶν
353 4272 444 4320 καὶ
502 4270 982 4342 παραμυθούμενος,
1024 4280 1098 4343 τῷ
1156 4283 1422 4348 χωρισμῷ
1456 4275 1487 4333 ἡ
1526 4258 1632 4328 καὶ.
1669 4284 1776 4337 ταῖς

1940 4278 2100 4318 more
2121 4259 2282 4317 ducti
2314 4260 2627 4330 accedetis,
2653 4264 2708 4316 ct
2737 4258 2898 4316 dulci
2933 4274 3074 4314 voce
3121 4263 3350 4330 patrem
3378 4273 3541 4315 com-

174 4356 348 4408 ἐκεῖσε
398 4357 644 4428 μάστιξιν
723 4355 1046 4432 ὀδυνώμενον
1083 4378 1097 4427 ;
1137 4365 1315 4434 Οῖμοι,
1394 4365 1476 4414 ὅτι
1510 4383 1573 4434 με
1641 4364 1775 4425 λίθος

1941 4350 2213 4418 ellabitis,
2237 4365 2350 4420 ego
2397 4349 2546 4405 cinis
2603 4349 2803 4404 inanis
2843 4352 2901 4406 et
2946 4363 3085 4404 ossa
3136 4346 3303 4422 omni
3365 4363 3542 4404 carne

173 4445 404 4516 καλύψει
440 4444 614 4518 βαρὺς
650 4451 740 4499 καὶ
795 4451 952 4520 τάφος
1003 4451 1315 4524 συγκρύψει,
1386 4456 1499 4516 καὶ,
1536 4453 1678 4524 ὑμῶν
1713 4462 1774 4525 τᾷ

1938 4441 2124 4496 udata
2150 4443 2208 4495 et
2236 4455 2439 4508 sensu,
2471 4453 2584 4508 ego
2608 4438 2714 4510 qui
2737 4453 2901 4494 nunc
2953 4443 3038 4493 tot
3080 4436 3266 4493 verba
3313 4438 3539 4505 emitto,

173 4533 376 4607 φίλτρῳ
455 4539 794 4606 κεκινημένων
855 4542 946 4589 καὶ
997 4543 1336 4612 προσιόντων,
1405 4544 1496 4592 καὶ
1577 4550 1774 4614 γοεραῖς

1941 4544 2088 4601 eque
2105 4543 2316 4584 vocem
2343 4532 2624 4582 vestram.
2645 4541 2841 4597 neque
2859 4530 3082 4581 vestros
3111 4539 3418 4581 sermones
3435 4541 3542 4580 au-

173 4621 370 4696 φωναῖς
421 4621 843 4696 ἀνακαλουμένων
904 4629 992 4678 τὸν
1047 4632 1264 4698 πατέρα,
1302 4632 1446 4690 κόνις
1503 4628 1571 4681 ὢν
1636 4636 1774 4703 κωφή

1940 4617 2057 4673 iam
2091 4615 2233 4671 lSed
2263 4615 2488 4671 forsam
2520 4619 2608 4670 est
2661 4613 3032 4686 superﬂuum
3085 4614 3168 4668 sic
3181 4612 3398 4668 talibus
3431 4613 3541 4668 im-

168 4716 268 4764 καὶ
327 4711 459 4764 ὀστᾶ
542 4717 675 4785 μόνα
769 4719 1136 4788 γεγυμνωμένα
1212 4720 1389 4780 πάσης
1451 4737 1640 4790 σαρκος
1695 4702 1769 4772 κα]

1940 4704 2138 4771 ιοιοᾶτί,
2169 4703 2459 4776 quoniam
2485 4702 2582 4758 hic
2614 4718 2809 4774 neque
2837 4707 3046 4758 cantus
3074 4706 3166 4757 est
3195 4716 3390 4772 neque
3426 4704 3541 4755 tra-

172 4802 494 4863 αἰσθήσεως,
533 4803 559 4852 ὁ
593 4804 657 4853 τὰ
699 4803 862 4854 πολλὰ
898 4813 986 4855 νῦν
1013 4805 1111 4877 ἐγὼ
1179 4805 1362 4873 λαλῶν,
1400 4803 1608 4879 οὐδαμῆ
1669 4811 1773 4861 οὔτε

1937 4793 2225 4859 mdia,sed
2240 4792 2371 4848 sola
2387 4792 2593 4847 mortis
2607 4791 2977 4858 memoria,et
2989 4795 3050 4844 ut
3062 4789 3270 4860 paucis
3282 4787 3538 4856 dicatur,

168 4896 275 4948 τῆς
298 4897 472 4960 φωνῆς
537 4891 679 4962 ὑμῶν
737 4893 853 4944 οὔτε
908 4901 997 4954 τῆς
1057 4893 1236 4956 λαλιᾶς
1291 4893 1482 4948 ἐπαΐων
1539 4878 1769 4967 γνωσθή-

1942 4888 1957 4936 t
1986 4898 2112 4936 rem
2139 4887 2495 4953 praesentem
2513 4880 2700 4950 decet,
2715 4895 2851 4950 quae
2864 4878 3145 4933 humana
3160 4880 3389 4931 naturae
3404 4880 3543 4934 sunt

169 4997 343 5050 σομαι
384 4977 398 5032 Ῑ
447 4978 602 5031 Ἀλλὰ
651 4985 883 5052 περιττὸν
937 4985 1064 5045 ἴσως
1099 4982 1182 5037 ἐπὶ
1232 4991 1342 5047 τοῖς
1392 4962 1644 5048 τοιουτοις
1685 5005 1770 5059 μη.

1937 4969 2258 5035 ecessario,
2289 4974 2352 5024 ut
2380 4972 2516 5040 pote
2539 4966 2791 5037 mortali,
2819 4966 3032 5020 vincta.
3066 4963 3230 5018 Unde
3258 4967 3316 5018 et
3343 4963 3422 5019 ab
3442 4962 3538 5019 his

1891 5056 2196 5122 recedens,
2215 5056 2430 5127 longos
2458 5069 2653 5110 annos
2679 5051 3178 5122 vivas,etlaateris,
3199 5057 3258 5108 et
3283 5050 3541 5110 exsultas

243 5281 331 5359 (t)
385 5289 716 5366 Annotator
737 5284 1210 5366 recentissimus,
1247 5301 1430 5366 quem
1466 5287 1777 5350 Boivinum
1933 5290 2050 5366 ,(3),
2069 5284 2304 5366 Similes
2334 5281 2636 5359 querelas,
2681 5287 2745 5338 ut
2774 5279 3152 5366 pbilosophis
3181 5286 3239 5340 et
3265 5279 3541 5366 christia:

165 5352 320 5414 esse
353 5361 645 5432 suspicor.
678 5362 757 5418 ad
794 5363 1127 5432 marginem
1179 5352 1402 5421 codicis
1434 5382 1448 5432 ;
1488 5387 1514 5413 ‹‹
1551 5368 1776 5431 Irenen,
1887 5352 1981 5419 nis
2017 5352 2487 5432 indignam-aq
2515 5369 2762 5432 prorsus
2805 5352 3178 5432 _i_qdecoras,_
3241 5354 3541 5432 vituperat

167 5439 319 5557 qua:
361 5423 568 5510 postea
620 5435 866 5504 Eulogia
921 5423 1234 5492 nominata
1289 5441 1392 5491 est.
1430 5423 1460 5484 ἱ»
1487 5423 1782 5507 Nupserat
1886 5437 2145 5518 Jpannes
2168 5423 2646 5516 Tibi-yst.‘Eclo’g.
2679 5442 2739 5497 p.
2800 5428 2902 5512 22,9
2951 5443 2964 5480 :
3010 5423 3070 5478 Εἰ
3121 5428 3222 5498 γὰρ
3268 5423 3538 5511 ἐπίστευον

204 5515 399 5556 oanni
435 5501 796 5557 Palwolozo.
1901 5523 1981 5557 οτι
2028 5523 2054 5557 ο
2114 5501 2478 5557 τετελευτηκως
2540 5517 2600 5550 ου
2675 5515 3220 5557 τιτικιυτηκεν,.....
3292 5513 3389 5546 ουκ
3478 5511 3538 5544 αν

204 5501 414 5574 oanni
435 5501 796 5574 Palwologo'.
1172 5573 1177 5574 ί
1581 5501 1600 5507 ’

1938 5523 1981 5557 τι
2028 5506 2054 5557 ὁ
2114 5501 2478 5559 τετελευτηκὼς
2540 5501 2600 5550 οὐ
2675 5501 3220 5574 τιτικιύτηκεννηῇη
3292 5501 3389 5546 οὐκ
3442 5501 3539 5574 Αᾶξν

255 5571 338 5641 (2)
359 5562 872 5650 ldengannoiator
898 5590 911 5631 :
943 5599 972 5629 α
1015 5573 1294 5640 Nondum
1329 5575 1531 5650 itaque
1564 5575 1795 5636 obierat

1938 5578 2143 5635 οιαύτας
2178 5573 2409 5650 ,ἀφῆκαν
2453 5571 2620 5642 φωνὰς
2694 5567 2942 5628 ἀπιστίας
3010 5569 3292 5639 γεμούσας,
3331 5587 3362 5618 ιι
3433 5562 3539 5639 Οὖέ

171 5643 450 5714 Βοεροιε
477 5645 735 5708 Chumni
759 5662 962 5718 gener.
998 5669 1022 5700 ι
1431 5643 1454 5650 “

815 5663 962 5710 mer.
998 5669 1022 5700 ι
1431 5643 1454 5650 ’
1901 5651 2014 5705 iam
2051 5665 2109 5700 σε
2134 5643 2352 5717 ὄψομαι.
2384 5663 2416 5695 ι
