4054 6212
588 271 733 329 44ὃῖ

589 406 787 464 neque
824 390 1159 464 quidquam
1203 388 1366 446 triste
1419 404 1689 464 unquam
1738 388 2084 463 experieris,
2123 386 2245 443 Deo

589 480 744 537 inter
768 496 1061 552 prospera
1092 479 1279 534 vitam
1304 483 1559 536 vestram
1586 480 1839 536 ducente
1868 483 1924 535 et
1983 479 2244 533 sinceras

591 568 825 624 divitias
850 571 1191 638 praastante,
1219 565 1368 623 dum
1440 584 1547 624 vos
1591 564 2141 641 irreprehensibiles
2182 564 2245 621 in

591 656 895 713 mandatis
924 655 1249 726 acjustitiis
1301 657 1431 726 ejus
1478 656 1892 724 ambulabitis,
1946 660 2003 711 et
2052 654 2114 710 in
2170 653 2242 709 iis

590 745 897 817 prmceptis
934 760 1071 816 quas
1109 744 1332 800 semitis
1365 746 1580 801 nostris
1624 746 1828 802 lumen
1888 744 2131 800 faciunt.
2181 746 2244 799 In

589 832 813 905 quibus
844 838 902 887 et
923 832 1141 902 jugiter
1163 832 1469 888 admei-ere
1497 838 1554 890 et
1582 849 1899 906 nunquam
1945 833 2243 889 declinare

590 926 693 976 aut
723 920 1288 994 transgredi,neque
1311 922 1494 994 pedes
1539 923 1617 978 ad
1642 921 2239 996 lapidemoil‘endere,

588 1008 804 1065 duram
818 1025 1036 1081 nempe
1055 1015 1111 1065 et
1139 1012 1432 1083 optimam
1469 1011 1896 1068 conscientiam
1926 1010 2240 1067 laedentem

588 1112 657 1152 ex
698 1102 875 1153 acuto
905 1102 962 1153 et
998 1097 1562 1155 infructuosocorde
1579 1104 1770 1155 ortam
1798 1099 2242 1169 cogitationem,

588 1190 851 1241 vestrum
889 1191 977 1241 est
1017 1186 1427 1257 gratissimum
1459 1203 1614 1259 opus
1636 1192 1692 1243 et
1715 1190 1988 1244 omnium
2025 1187 2244 1257 linguis

585 1275 1380 1348 jactatum,mirandumque
1393 1277 1736 1333 estomnino
1748 1281 2241 1333 votumvestrum.

589 1366 655 1418 Et
673 1364 851 1433 igitur
879 1379 991 1420 nos
1012 1379 1135 1420 non
1150 1364 1348 1420 solum
1367 1370 1556 1421 totum
1596 1382 1863 1422 amorem
1905 1370 2179 1423 nostrum
2193 1368 2249 1420 et

591 1451 987 1517 desiderium,
1013 1453 1117 1508 sed
1148 1468 1360 1509 omnes
1384 1453 1505 1509 fere
1561 1454 1798 1510 divitias
1840 1454 2249 1527 impertiemur

596 1556 707 1595 nec
725 1547 1046 1597 vestrorum
1059 1540 1383 1613 quidquam
1397 1541 1569 1598 vobis
1583 1542 1771 1599 deerit
1792 1562 1804 1610 ;
1824 1543 2248 1616 quodcumque

589 1633 789 1685 autem
821 1628 917 1685 vel
947 1629 1266 1685 minimum
1286 1645 1322 1685 a
1336 1635 1524 1686 matre
1543 1630 1863 1703 accipietis,
1880 1632 2029 1687 illud
2042 1631 2247 1687 scitote

588 1717 671 1773 ita
695 1717 843 1773 mihi
876 1718 1073 1774 visum
1097 1724 1153 1773 et
1177 1718 1563 1789 juxtameam
1584 1719 1955 1776 voluntatem
1993 1720 2241 1776 factum.

586 1802 795 1864 εἰδησιν
868 1808 1124 1880 θραύοντα
1212 1807 1462 1879 λογισμὸν
1564 1808 1619 1871 ἕξ

1936 256 2303 321 NICEPHORI
2340 251 2629 318 CHUMNI.

2353 388 2540 452 κῦνειν,
2570 384 2680 439 ἐπεὶ
2721 381 2861 460 μηδὲ
2915 376 3155 458 μονῳδία
3177 383 3239 435 τὰ
3266 385 3479 457 παρόντα
3523 387 3596 436 καὶ
3629 387 3834 461 τραγῳὸια

2354 480 2439 527 καὶ
2493 477 2675 551 θρῆνος
2737 474 3023 547 ἐπιτάφιος,
3077 478 3252 546 μνήμη
3286 467 3342 524 δὲ
3369 474 3485 544 μόνη
3517 475 3717 541 θανάτου,
3756 486 3832 548 καὶ,

2353 566 2423 625 ὡς
2455 566 2503 616 ἐν
2536 563 2774 639 βραχέσι
2801 566 2952 637 φάναι
2985 567 3077 615 καὶ
3105 563 3322 615 καθόσον
3358 566 3586 634 προσήκει
3622 571 3682 633 τῷ
3720 563 3831 637 λόγῳ,

2351 654 2417 705 τά
2444 650 2495 715 ἐξ
2534 650 2759 724 ἀνάγκης
2802 661 2864 726 τῇ
2900 651 3191 727 ἀνθρωπίνῃ
3246 652 3410 722 φύσει,
3463 650 3600 722 θνητῇ
3639 670 3688 721 γε
3727 657 3833 724 οὔσῃ,

2351 744 2760 815 παρεζευγμὲνα.
2830 740 2985 794 Ὅθεν
3056 744 3168 808 καὶ,
3236 738 3467 811 ἀφέμενος
3518 741 3695 803 τούτων,
3745 741 3834 810 ζῴης

2353 828 2401 891 ἐς
2427 835 2685 902 μήκιστα,
2736 835 2893 903 φημὶ,
2944 848 3150 905 χρόνων
3203 832 3459 901 μηκίστων
3500 832 3581 879 καὶ
3619 836 3837 900 mnu-ﬂm-

2350 923 2456 971 νοιό
2494 938 2553 991 γε
2608 924 2699 971 καὶ
2748 918 3111 991 συναγάλλοιο,
3152 921 3243 969 καὶ
3281 914 3452 976 λάϐοις
3500 912 3721 988 μηδεμίαν
3768 937 3837 988 μς-

2354 1003 2538 1061 δέποτε
2617 1015 2797 1083 πεῖραν
2876 1003 3099 1080 μηδενός
3168 1012 3267 1057 τῶν
3328 1003 3616 1071 λυπούντων,
3656 1010 3755 1057 Θεοῦ
3782 1002 3839 1057 διὰ

2352 1105 2452 1149 τῶν
2482 1096 2832 1173 εῦθυμοτέρων
2860 1095 2938 1149 ἀεὶ
2988 1098 3075 1147 τόν
3108 1092 3224 1167 βίον
3266 1094 3384 1164 ὑμῖν
3437 1094 3627 1165 ἄγοντος
3659 1097 3729 1144 καὶ
3765 1113 3841 1165 τρν.

2354 1190 2453 1259 φην
2510 1185 2761 1261 ἀκραιφνῆ
2822 1191 3205 1261 χορηγοῦντος,
3273 1180 3543 1254 ἀμέμπτοις
3594 1180 3637 1233 ἐν
3678 1188 3763 1241 ταῖς
3798 1180 3841 1231 ἓν·

2355 1274 2529 1336 τολαίς
2603 1276 2762 1327 αὐτοῦ
2825 1279 2915 1326 καὶ
2975 1280 3087 1334 τοῖς
3136 1268 3469 1343 δικαιώμοσι,
3523 1274 3603 1321 καὶ
3649 1277 3730 1329 τοῖς
3771 1278 3843 1330 ταῖς

2356 1362 2555 1438 τρίϐοις
2600 1365 2743 1436 ὑμῶν
2810 1371 2919 1435 φῶς
2970 1361 3252 1435 ἐμποιοῦσι
3307 1360 3652 1433 προστάγμασι
3693 1357 3750 1428 (1)
3790 1363 3845 1409 καὶ

2357 1456 2487 1527 πρὸς
2538 1452 2691 1505 αὐτόν
2745 1452 2905 1526 ὀρθῶς
2963 1447 3241 1522 ὁδηγοῦσι,
3313 1447 3757 1522 πορευομένοις·οἶς
3792 1451 3847 1496 καί

2354 1545 2411 1594 τό
2478 1540 2704 1615 ἐμμένειν
2775 1540 2874 1607 ἀεὶ,
2962 1545 3053 1592 καὶ
3109 1535 3333 1612 μηδαμῆ
3416 1535 3723 1609 παρεκκλίνειν
3757 1531 3847 1606 μηδί

2357 1633 2761 1704 παρενηνέχθαι,
2810 1626 2949 1703 μηδὲ
3006 1632 3128 1691 τοὺς
3189 1624 3356 1688 πόδας
3396 1631 3578 1685 ἣκιστα
3613 1628 3720 1699 πρὸς
3755 1622 3849 1675 λίθον

2360 1716 2511 1781 δόξαι
2538 1724 2863 1793 προσκόχαι,
2899 1718 3122 1792 σκληρὸν
3146 1720 3279 1777 ἴσως
3334 1720 3419 1768 καὶ
3465 1720 3552 1771 τήν
3598 1713 3730 1771 καλὴν
3773 1732 3850 1763 συν·

1681 1807 2010 1883 ἀκροστόμου
2083 1814 2171 1861 καὶ
2257 1805 2493 1882 ἀκάρπου
2539 1805 2762 1881 καρδίας
2821 1810 2921 1878 ('2),
2984 1810 3131 1881 ἔργον
3187 1807 3329 1878 ὑμῶν
3376 1802 3613 1876 ἐπιμελὶς,
3660 1806 3732 1854 καὶ
3777 1806 3851 1860 ταῖς

599 1894 837 1947 ἁπάντων
912 1900 1138 1969 κείμενον
1200 1895 1469 1967 γλώσσαις
1551 1901 1640 1949 καὶ
1724 1899 1858 1950 πάνυ
1936 1919 1983 1951 τι
2037 1897 2428 1971 θαυμαζόμενον
2501 1894 2847 1971 σπουδασμα.
2900 1901 3000 1950 Καὶ
3056 1902 3182 1967 γοῦν
3240 1896 3389 1967 ἡμεῖς
3437 1894 3550 1965 ὑμῖν
3596 1891 3647 1943 οὗ
3696 1893 3742 1942 τὸ
3787 1895 3852 1940 πᾶν

598 1984 751 2055 ἔσμεν
780 1987 934 2056 μόνον
991 1984 1198 2059 φίλτρον
1254 1990 1344 2038 καὶ
1393 1987 1551 2038 πόθον
1594 1989 1679 2038 τὸν
1732 1986 1865 2053 ὅλον,
1931 1985 2058 2038 ἀλλά
2102 2006 2153 2039 τι
2199 1991 2288 2039 καὶ
2340 1990 2427 2039 τόν
2476 1986 2588 2039 ὃλον
2636 1982 2834 2059 σχεδόν
2886 1984 3108 2038 πλοῦτον
3150 1989 3481 2051 κενώσαντες,
3536 1984 3617 2033 καὶ
3672 1976 3755 2031 δέει
3792 1985 3852 2029 τῶν

597 2073 853 2146 ὑμετέρων
946 2073 1066 2146 ὑμῖν
1149 2070 1361 2137 οὐδενὸς
1445 2078 1521 2127 ἔτι
1592 2095 1606 2109 ο

597 2166 687 2213 καὶ
716 2164 848 2214 κατὰ
875 2167 1088 2234 γνώμην
1110 2168 1464 2237 γεγενημένον.

664 2249 751 2306 Tu
778 2266 920 2308 vero
932 2252 1078 2307 mihi
1100 2251 1359 2309 ﬁliorum
1381 2253 1800 2326 primogenite,
1830 2269 1981 2311 mea;
2021 2253 2248 2311 deliciae
2280 2254 2324 2308 Β

582 2354 909 2411 meumque
922 2347 1344 2397 ornamentum
1354 2358 1525 2410 ,mea:
1539 2342 1741 2413 gloriae
1755 2342 2069 2416 splendida
2081 2359 2247 2401 coro-

580 2442 684 2492 na,
717 2428 911 2484 dulcis
938 2434 995 2485 et
1022 2429 1271 2486 omnino
1299 2431 1504 2487 suavis
1540 2437 1901 2504 aspectus,et
1921 2432 2097 2488 totius
2120 2432 2245 2489 ani-

583 2532 699 2571 mae
727 2532 876 2572 meas
924 2518 1247 2590 cordisque
1299 2518 1634 2576 ineffabiles
1674 2536 1913 2578 amores
1953 2521 2241 2592 excitans,

580 2603 716 2660 vide
740 2608 797 2661 et
820 2620 857 2661 a
876 2604 1211 2678 longinquo
1234 2611 1291 2663 et
1313 2606 1443 2678 jam
1475 2624 1636 2665 nunc
1657 2610 1760 2682 qui
1797 2615 1937 2683 post
1973 2611 2240 2667 metutu-

578 2708 685 2749 rus
713 2693 795 2749 sis
823 2698 882 2750 et
917 2700 1202 2766 quantus,
1236 2701 1441 2766 gratus
1481 2712 1699 2770 nempe
1725 2704 1781 2755 et
1808 2714 2046 2772 semper
2062 2699 2237 2755 matri

579 2780 827 2837 obedire
852 2787 1099 2854 paratus
1125 2788 1183 2838 et
1221 2782 1413 2840 facere
1442 2799 1580 2856 quae
1608 2785 1722 2858 ipsi
1766 2786 2100 2859 placuerint
2147 2786 2236 2859 ip-

579 2884 833 2943 samque
861 2870 1144 2942 juverint,
1175 2871 1372 2943 legem
1403 2874 1502 2930 Dei
1522 2873 1877 2942 observans.
1902 2875 2051 2932 Nihil
2071 2876 2232 2932 enim

582 2963 869 3029 praestare
894 2964 1065 3031 potes
1096 2959 1263 3031 quod
1292 2961 1471 3033 digne
1502 2962 1633 3033 ejus
1664 2963 1991 3035 doloribus,
2026 2969 2232 3020 cumte

576 3050 799 3118 genuit,
828 3050 1083 3121 autejus
1112 3050 1443 3117 curis,cum
1471 3051 1733 3120 tealeret,
1764 3058 1867 3109 aut
1890 3053 2041 3121 aliis,
2066 3070 2230 3126 quae-

577 3154 813 3211 cunque
852 3139 1088 3207 fuerint,
1126 3140 1432 3198 beneﬁciis
1476 3143 1859 3216 respondeat,
1911 3144 2142 3201 etiamsi
2174 3149 2229 3202 te

575 3232 767 3285 totum
791 3227 1133 3301 impendas,
1155 3231 1463 3303 vitamque
1478 3232 1832 3304 profundas.
1864 3233 2017 3300 Quid
2028 3234 2184 3290 enim
2199 3234 2228 3290 ?

578 3316 659 3384 Si,
688 3316 854 3390 quod
884 3318 1182 3391 accepisti,
1216 3320 1565 3388 reddideris,
1604 3324 1871 3394 corporis
1916 3323 1977 3378 in
2013 3329 2225 3380 mater-

573 3405 667 3462 nis
697 3406 1027 3464 visceribus
1068 3408 1511 3479 formationem,
1539 3409 1834 3484 simulque
1853 3411 2224 3468 auimuacum

572 3494 673 3552 illo
705 3496 1215 3566 conjunctionem,
1238 3502 1295 3554 et
1322 3515 1461 3555 cum
1486 3501 1660 3555 tantis
1687 3500 1997 3558 doloribus
2017 3500 2222 3557 nativi-

1699 2078 1886 2149 μικρὸν
1932 2072 1983 2128 δ’
2046 2077 2167 2128 ὅσον
2224 2079 2354 2151 πρὸς
2412 2079 2608 2150 μητρός
2654 2074 2902 2147 λήψεσθε,
2954 2073 3094 2126 τοῦτ’
3144 2076 3259 2125 ῖστε
3309 2076 3399 2123 καὶ
3462 2068 3568 2142 ἐμοὶ
3630 2064 3853 2138 ὃεδοῃιινον

2432 2256 2496 2304 Συ
2528 2249 2588 2305 δέ
2610 2271 2700 2325 μοι
2728 2259 2827 2304 τῶν
2857 2252 3006 2303 υἱέων
3042 2250 3068 2302 ὁ
3096 2256 3299 2324 πρῶτος
3342 2247 3438 2318 (3),
3494 2248 3550 2299 τὸ
3596 2244 3696 2316 ἐμὸν
3738 2242 3854 2315 ἕντρεῦ-

2359 2361 2507 2415 φημα
2543 2346 2632 2394 καὶ
2693 2339 3058 2412 καλλώπισμα,
3128 2339 3153 2390 ὁ
3202 2346 3297 2398 τῆς
3336 2334 3461 2409 ἐμῆς
3487 2337 3755 2406 καυχήσεως
3771 2330 3854 2401 λαμ-

2354 2433 2486 2504 πρός
2539 2432 2784 2502 στέφανος
2859 2426 2963 2499 (4),
3022 2428 3051 2484 ἡ
3108 2426 3329 2497 γλυκεῖα
3390 2428 3478 2476 καὶ
3540 2424 3765 2495 κατακρως
3807 2420 3857 2487 (5)

2356 2518 2612 2591 θέλγουσα
2641 2517 2870 2593 ἐρατεινὴ
2903 2515 3044 2587 ὄψις,
3083 2519 3174 2567 καὶ
3247 2522 3346 2576 τῆς
3394 2512 3517 2585 ἐμῆς
3561 2511 3666 2571 ὅλης
3712 2507 3853 2579 ψυχᾶς,

2350 2604 2572 2682 καρδίας
2614 2607 2758 2677 ὅλης,
2814 2612 3055 2681 στοργαῖς
3108 2602 3355 2679 ἀρρήτοις
3395 2600 3442 2664 ἐς
3498 2599 3648 2674 βάθος
3694 2597 3857 2669 iamet).

2347 2702 2494 2769 μένῃ,
2527 2702 2709 2750 σκόπει
2747 2715 2837 2767 μοι
2874 2699 2964 2747 καὶ
3015 2695 3273 2768 μακρόθεν
3335 2697 3424 2745 καὶ
3476 2689 3528 2743 ἐκ
3576 2697 3664 2741 τῶν
3708 2694 3774 2738 νῦν
3809 2692 3856 2742 τίς

2346 2786 2405 2839 ἂν
2437 2791 2526 2841 καὶ
2563 2787 2672 2860 μετ’
2696 2785 2784 2858 ἔμε
2831 2789 3000 2857 γένοιο
3047 2803 3137 2835 και
3194 2784 3339 2851 ὅσος,
3393 2781 3649 2854 εὐγνώμων
3678 2779 3764 2851 ἅμα
3800 2778 3858 2827 καὶ

2343 2880 2606 2950 πρόθυμος
2633 2878 2804 2929 πάντα
2831 2876 3160 2927 καθυπείκειν
3225 2876 3411 2947 μητρὶ,
3468 2876 3553 2923 καὶ
3608 2869 3712 2941 φῦα

2340 2985 2441 3019 τειν
2516 2966 2647 3038 αὐτῇ
2708 2969 2797 3017 καὶ
2854 2967 3233 3039 κεχαρισμένα,
3324 2968 3457 3016 Θεοῦ
3543 2967 3691 3012 ταῦτα
3741 2966 3857 3026 νομοις

2341 3055 2743 3128 κεκελευσμένος.
2826 3052 3005 3126 Ἔχεις
3068 3055 3168 3125 γὰρ
3242 3048 3400 3104 οὐδὲν
3484 3052 3644 3102 ἱκανὸν
3684 3046 3856 3117 οὐμενοῦν

2340 3141 2456 3198 οὐδ’
2481 3145 2646 3215 ἄξιον,
2689 3148 2803 3197 οὔτε
2834 3150 2934 3195 τῶν
2973 3141 3057 3195 ἐπὶ
3087 3146 3171 3194 σοὶ
3211 3136 3437 3211 ὠδίνων,
3492 3141 3601 3192 οὔτε
3658 3144 3739 3189 τῶν
3777 3151 3857 3206 τρο·

2339 3238 2507 3305 φείων,
2539 3238 2655 3286 οὔτε
2685 3241 2782 3285 τῶν
2825 3231 2989 3284 ἄλλων
3028 3231 3095 3282 ὧν
3152 3230 3346 3302 ἔτυχες
3411 3227 3595 3297 καλῶν,
3654 3223 3855 3283 ἐκπλῆσαι,

2335 3320 2431 3374 κᾶν
2472 3326 2684 3375 σεαυτὸν
2710 3321 2823 3374 ὅλον
2876 3324 3037 3395 πρόῃ,
3079 3320 3219 3382 ζωῆς
3279 3318 3621 3394 ὀλιγωρήσας·
3670 3318 3723 3368 Τί
3763 3325 3855 3385 7³Ρῖ

2335 3411 2397 3479 εἰ,
2458 3414 2579 3487 ὅπερ
2638 3410 2864 3483 εἴληφας,
2930 3404 3163 3479 ἀποδῷς,
3259 3403 3532 3481 σύμπηξιν
3588 3411 3783 3477 σώματος
3827 3417 3857 3448 ιν

2336 3500 2658 3573 σπλάγχνοις
2735 3506 3033 3574 μητρικοῖς,
3130 3498 3241 3571 οἶμα
3312 3494 3374 3551 δὲ
3443 3502 3531 3550 καὶ
3577 3494 3739 3567 ψυχῆς
3769 3490 3858 3562 πρὸς

572 3590 773 3648 tatem,
806 3585 997 3658 inquit
1031 3585 1161 3654 Job,
1189 3593 1247 3643 et
1274 3603 1651 3662 quaecunque
1678 3589 1797 3646 alia
1827 3590 1928 3647 tibi
1953 3591 2221 3647 nutriun-

2329 3598 2483 3643 τοῦτο
2532 3586 2749 3662 δεσμὸν,
2829 3592 2919 3641 καὶ
2979 3592 3071 3640 σὺν
3125 3588 3321 3659 μόχθῳ
3372 3591 3624 3659 γέννησιν,
3677 3579 3769 3635 Ἰὼϐ

573 3674 652 3731 do
685 3690 757 3729 ac
786 3674 1147 3744 adaugendo
1169 3683 1512 3741 evenerunt,
1546 3683 1601 3735 et
1630 3678 1710 3735 ad
1740 3679 1801 3736 id
1839 3680 2028 3735 tetatis
2066 3679 2221 3737 elato

573 3767 865 3836 (occurrat
892 3770 1091 3821 autem
1120 3769 1179 3822 et
1206 3764 1386 3837 longa
1406 3766 1663 3841 felixque
1696 3775 1990 3838 senectus,
2043 3775 2107 3826 ut
2164 3775 2221 3826 et

570 3869 764 3923 mens,
788 3853 960 3925 juxta
988 3869 1194 3927 preces
1221 3860 1476 3924 nostras,
1509 3856 1612 3913 tibi
1642 3858 1897 3914 occurrit
1920 3859 2220 3932 profunda

570 3948 626 4001 et
638 3943 857 4015 gravis,
871 3942 1165 4017 quidquid
1180 3949 1345 4001 tuam
1357 3950 1591 4003 aetatem
1605 3950 1792 4016 decet,
1841 3953 2217 4019 transgresso

569 4038 626 4090 et
665 4032 913 4090 senilem
946 4032 1311 4091 intellectum
1358 4034 1694 4109 dignasque
1746 4052 1887 4093 sene
1910 4037 2216 4109 cogitatio-

567 4138 674 4181 nes
698 4122 757 4179 in
782 4122 1032 4195 juvenili
1062 4123 1241 4180 corde
1291 4126 1579 4198 ponenti).
1628 4125 1685 4184 Si
1736 4125 1914 4197 igitur
1972 4132 2029 4184 et
2064 4127 2216 4184 exis-

568 4212 832 4275 tentiam,
858 4216 1069 4285 etquae
1092 4212 1308 4269 deinde
1336 4213 1440 4270 tibi
1469 4220 1795 4273 evenerunt
1840 4216 2002 4273 bona
2027 4232 2064 4273 a
2088 4232 2215 4274 ma—

566 4306 673 4363 tre.
706 4314 778 4357 ex
806 4301 934 4372 ejus
982 4302 1139 4357 curis
1193 4308 1248 4359 et
1290 4304 1570 4375 precibus
1618 4306 1922 4379 accepisti,
1961 4308 2108 4380 quid
2157 4312 2214 4364 et

565 4395 861 4465 quantum
892 4405 1001 4462 pro
1031 4392 1121 4446 his
1147 4392 1428 4449 omnibus
1459 4400 1572 4450 ate
1593 4396 1763 4451 reddi
1793 4401 2113 4468 oporteret,
2146 4402 2213 4453 ut

564 4479 860 4554 quidquid
888 4478 1057 4536 decet
1075 4485 1179 4535 ate
1211 4481 1508 4537 redditum
1526 4483 1709 4541 fuisse
1731 4486 2037 4542 videatur!
2066 4488 2209 4542 Cum

563 4587 685 4629 non
700 4570 913 4644 possis,
931 4569 1008 4627 da
1020 4576 1313 4643 quantum
1330 4578 1519 4644 potes,
1534 4573 1824 4631 honorem
1840 4592 2056 4649 nempe
2077 4577 2207 4633 abss

561 4676 680 4735 que
710 4675 1012 4728 mensura,
1031 4659 1136 4716 sed
1155 4660 1425 4732 quodam
1439 4678 1689 4719 excessu
1702 4665 2156 4737 superadditum
2192 4680 2205 4733 ;

559 4766 684 4824 quo
715 4749 898 4820 magis
928 4749 1090 4806 enim
1118 4749 1311 4821 dabis,
1342 4765 1413 4806 eo
1464 4751 1665 4820 maius
1710 4753 1943 4809 lucrum
2002 4754 2206 4812 facies.

559 4840 794 4899 Reddas
820 4840 998 4897 matri
1018 4838 1317 4913 quidquid
1335 4839 1411 4896 ad
1430 4855 1526 4896 me
1538 4841 1809 4915 pertinet,
1829 4849 1885 4902 et
1910 4843 2209 4919 quidquid

630 5034 706 5104 (Ι)
737 5033 905 5091 Conf.
934 5033 1152 5092 Psalm.
1185 5049 1381 5093 cxvm.
1408 5035 1510 5094 105

628 5106 706 5175 (2)
738 5106 936 5161 Sinon
968 5110 1126 5161 totus
1183 5112 1340 5165 esset
1392 5107 1720 5165 Chummus
1770 5109 1831 5168 in
1882 5112 2205 5171 Bibliorum

557 5175 917 5260 imitatione,
935 5192 1121 5248 quam
1141 5183 1198 5260 et
1216 5177 1529 5260 hicinesse
1550 5180 1631 5260 ob
1662 5182 2029 5260 adjectivum
2048 5188 2203 5260 ἀκρο-

554 5253 727 5329 τόμον.
753 5247 1075 5329 suspicgr,‘
1106 5247 1217 5329 ob.
1250 5249 1521 5329 alter_um_
1572 5247 1807 5329 ἀκάρπου
1867 5247 2205 5329 suspicarer

554 5317 891 5399 meminisse
925 5317 1223 5399 Escbylei
1254 5321 1523 5399 versiculi
1570 5324 1647 5399 in
1674 5317 2205 5399 'Septemtﬁebana

552 5394 626 5450 de
648 5391 1294 5466 Amphiarao:BaOaZm
1346 5392 1508 5446 ἄλοκα
1569 5391 1663 5448 διὰ
1729 5391 1903 5471 φρενὸς
1963 5402 2201 5474 καρποῦ⁴

594 5480 721 5531 ενος.

551 5486 1003 5610 eligi-Manus,
1043 5536 1209 5610 puto,
1247 5534 1578 5610 Chumnus,
1617 5537 1721 5610 qui
1756 5539 1865 5599 fuit
1897 5540 2198 5600 cubicula-

547 5606 695 5671 rius.
766 5608 908 5666 Huic
948 5606 1359 5686 parentavisse
1418 5608 1554 5666 vide
1604 5606 1846 5686 Niceph.
1905 5613 2198 5688 Gregoras

2328 3698 2408 3751 γει
2436 3680 2539 3750 (6),
2566 3684 2657 3731 καὶ
2686 3677 2846 3730 τάλλα
2874 3677 2977 3730 ὅσα
3030 3675 3251 3739 καθεξῆς
3316 3675 3378 3738 ἀς
3432 3674 3681 3734 ἀπήντησε
3728 3685 3854 3741 τριγο-

2329 3772 2462 3842 μένῳ
2485 3774 2574 3821 καὶ
2605 3767 2924 3839 αὐξανομένῳ
2958 3770 3049 3819 καὶ
3113 3768 3243 3837 πρὸς
3305 3765 3456 3818 τοῦθ’
3505 3763 3694 3823 ἡλικίας
3738 3759 3855 3815 καλῶς

2329 3856 2597 3914 ἐληλακότι
2626 3856 2941 3929 (ἀπαντήσοι
2992 3852 3052 3908 δὲ
3111 3859 3202 3907 καὶ
3255 3861 3426 3929 γῆρας
3467 3852 3599 3926 βαθὺ
3633 3855 3708 3903 καὶ
3758 3853 3852 3914 πῖον,

2328 3950 2397 4009 ὡς
2419 3951 2508 3999 καὶ
2536 3954 2676 4016 νοῦς,
2697 3948 2831 3998 κατά
2878 3947 2973 4005 τὰς
3020 3943 3187 4015 εὐχὰς
3235 3945 3411 4017 ἡμῶν,
3453 3940 3701 4002 ἀπήντησε
3734 3935 3854 4009 βαθὺς

2324 4040 2415 4089 καὶ
2480 4036 2676 4102 πολιὸς,
2756 4038 2948 4096 παντὸς
3017 4032 3402 4107 προανακυψεις
3466 4039 3557 4085 τοῦ
3614 4038 3677 4101 τῷ
3724 4028 3851 4099 χρόνῳ

2322 4131 2689 4199 προσήκοντος,
2740 4129 2829 4177 καὶ
2888 4123 3235 4196 πρεσϐυτικὴν
3300 4125 3512 4176 σύνεσιν
3566 4120 3613 4173 ἐν
3658 4118 3851 4183 νεαζονσῃ

2324 4217 2425 4276 θεὶς
2446 4212 2646 4290 καρδίᾳ
2682 4220 2772 4267 καὶ
2821 4216 3075 4288 γηραιοὺς
3129 4211 3443 4285 λογισμούς)
3478 4231 3489 4245 ·
3524 4210 3565 4264 εἰ
3616 4208 3759 4261 τοίνυν
3792 4204 3852 4252 καὶ

2320 4307 2387 4357 τὰ
2414 4307 2595 4380 πρῶτα
2626 4323 2709 4357 σοι
2738 4310 2829 4356 τοῦ
2876 4299 3006 4355 εἶναι
3034 4303 3178 4374 παρὰ
3232 4304 3452 4375 μητρὸς,
3519 4303 3605 4352 καὶ
3656 4299 3713 4350 τὰ
3750 4292 3855 4346 x196-

2322 4394 2415 4456 ξῆς
2444 4391 2503 4447 δε
2527 4399 2616 4447 καὶ
2654 4401 2746 4445 τοῦ
2787 4389 2838 4446 εὖ
2871 4389 2999 4445 εἶναι
3046 4394 3111 4444 τὰ
3163 4394 3254 4464 μεν
3313 4389 3620 4462 ἑπιμελειαις
3670 4382 3850 4441 συνῆλθεν

2319 4486 2385 4537 τὰ
2416 4481 2467 4537 δ’
2490 4484 2671 4556 εὐχαῖς
2697 4490 2995 4556 μητρικαῑς,
3048 4485 3098 4533 τὶ
3136 4478 3196 4532 ἃν
3250 4484 3342 4533 καὶ
3392 4483 3514 4533 ὅσον
3552 4478 3669 4551 ὑπερ
3703 4480 3851 4575 ab???

2318 4592 2512 4627 τουτων
2535 4568 2767 4635 ἀποδοὺς
2805 4578 2905 4625 πᾶν
2936 4573 3055 4624 ὅσον
3096 4577 3364 4646 προσῆκον
3397 4572 3605 4642 φανείης
3630 4565 3685 4618 ἂν
3717 4561 3853 4614 ἀποδς·

2319 4660 2501 4726 δωκὼς
2530 4680 2544 4730 ;
2582 4663 2722 4716 Ἐπεὶ
2763 4658 2821 4714 δί
2859 4665 2931 4734 μὴ
2975 4663 3134 4732 ἔχεις,
3161 4656 3255 4721 δὸς
3283 4661 3406 4712 ὅσον
3447 4661 3606 4731 ἔχεις,
3634 4656 3769 4727 τιμὴν
3790 4650 3851 4702 τὴν

2316 4758 2388 4828 μὴ
2419 4755 2552 4807 κατά
2612 4757 2817 4827 μέτρον,
2870 4748 2976 4803 ἀλλ’
3049 4747 3357 4824 ὑπερϐολαῖς
3418 4767 3530 4801 τισι
3578 4757 3851 4837 προσενηνεγς

2317 4849 2471 4919 μένην
2500 4865 2513 4878 ο
2546 4845 2667 4897 ὅσον
2696 4844 2798 4917 γὰρ
2830 4842 2891 4894 οἷν
2917 4837 3104 4902 δώσεις
3161 4839 3241 4912 (7)
3286 4837 3462 4909 πλέον,
3526 4842 3749 4890 τοσοῦτον
3790 4844 3849 4877 και

2315 5042 2604 5108 oratione,
2633 5039 2805 5114 cujus
2860 5037 3085 5095 lemma
3134 5032 3379 5110 protulit
3418 5030 3711 5092 Fabricius
3745 5018 3845 5083 Bibl.

2314 5117 2407 5172 Gr.
2440 5131 2477 5169 ι.
2513 5114 2628 5185 Vll,
2660 5128 2722 5185 p.
2755 5115 2878 5169 645.
2962 5180 2972 5185 ⁸
3028 5180 3039 5185 _
3307 5177 3321 5185 _
3580 5178 3608 5185 _
3650 5173 3664 5185 .
3766 5162 3826 5185 με

2385 5188 2458 5258 (4)
2495 5173 2741 5241 Videtur
2792 5180 3148 5258 meminisse
3200 5177 3530 5258 verborum
3576 5173 3848 5258 Salomonis

2312 5256 2481 5314 Prov.
2542 5268 2679 5326 xvu,
2719 5259 2752 5311 θ
2815 5267 2829 5309 :
2888 5256 3133 5325 Στέφανος
3186 5256 3443 5326 γερόντων
3500 5264 3648 5303 mm
3691 5256 3848 5299 τεκνων,

2310 5331 2571 5400 καύχημα
2591 5324 2649 5380 δὲ
2666 5324 2860 5400 ἀτέκνων
2899 5329 3115 5397 πατέρες
3143 5324 3330 5400 αὑτων.

2382 5382 2457 5472 (εὲ)
2478 5382 2548 5455 id
2583 5396 2955 5472 adverbium
2970 5382 3060 5472 est
3076 5382 3113 5453 ὁ
3142 5392 3497 5452 rarissimis.

2408 5406 2438 5456 5
2484 5406 2548 5455 ld
2583 5406 2940 5455 adverbium
2970 5406 3109 5453 este
3142 5408 3497 5452 rarnssxmis.

2402 5406 2462 5543 6)
2490 5469 2744 5548 andob.
2766 5483 2900 5548 μιν,
2941 5469 3019 5523 t?
3039 5534 3094 5548 L
3313 5535 3345 5548 Ν
3376 5533 3409 5548 η
3589 5538 3601 5548 ⁸
3646 5529 3693 5548 ,ε

2402 5475 2462 5543 6)
2490 5475 2576 5527 An
2606 5475 2744 5527 Job.
2778 5483 2900 5536 xxv,
2941 5475 2963 5523 1
2991 5475 3019 5523 γ
3376 5536 3387 5546 .
3683 5529 3693 5541 _

2378 5475 2453 5614 (7)
2486 5545 2637 5618 Puto
2666 5540 2974 5618 scripsisse
3027 5534 3197 5618 δῴνῃς
3230 5533 3716 5618 ;ι]ὶῙιιΙ“ωιιιρ,νε,
3747 5534 3847 5581 cum

2305 5603 2464 5674 esset
2482 5613 2635 5674 inter
2660 5603 2815 5673 duas
2841 5610 3037 5672 malas
3068 5603 3349 5671 lectiones
3390 5603 3743 5683 eligendum.
