4054 6212
245 247 385 305 1489

1657 245 2189 305 TESTAMENTUM.

3465 248 3606 310 M90

231 367 506 448 κερδανεῖς
547 367 718 427 πλέον.
781 367 1036 423 Ἐνταῦθά
1081 387 1172 444 μοι
1214 373 1436 425 κένωσον
1488 374 1579 425 καὶ
1629 373 1690 424 τὸ
1726 370 1832 444 έμοῖ

1947 371 2182 445 utrique
2220 371 2490 444 debetur,
2528 376 2664 448 post
2724 387 2920 432 meam
2959 377 3236 444 mortem,
3274 375 3448 431 matri
3485 380 3603 432 tuae

235 459 532 527 ἔπιϐοίλλον,
576 463 666 511 καὶ
721 463 821 511 πᾶν
880 461 938 512 τὸ
1000 479 1132 535 προς
1188 459 1530 534 ἀμφοτέρους,
1597 468 1689 513 τοῦ
1741 479 1841 512 πα-

227 551 352 628 τρὸς
397 548 766 614 ὑπεκστάντος,
820 555 882 620 τῇ
951 553 1114 622 μητρὶ
1161 549 1377 622 πρᾶξον,
1443 550 1838 622 εὐγνωμοσύνην

232 637 504 694 ἀνόθευτον
560 635 645 690 ἰπὶ
695 639 914 704 τούτοις,
973 639 1207 697 ὑπακοὴν
1263 640 1521 714 πρόσθες,
1578 637 1838 714 ἐκπλήρω-

240 748 324 783 σιν
393 725 739 800 ένταλμάτων,
798 729 855 778 τό
912 726 1064 780 πάνθ’
1150 727 1353 800 ἕτοιμον
1425 727 1554 781 εἶναι
1605 729 1832 800 τοσαύτῃ

235 822 329 872 καὶ
383 817 601 888 τοιαύτη
673 813 894 886 θεοφιλεῖ
955 819 1119 889 μητρὶ
1205 817 1512 889 πειθαρχεῖν
1559 819 1650 868 καὶ
1687 814 1836 887 φιλό-

234 901 416 969 παιδε,
462 907 547 956 σοὶ
585 909 786 978 πρῶτον
833 907 923 962 τὴν
962 907 1142 962 ὄνησιν
1190 906 1384 977 ἔχοντα
1433 904 1684 963 πλείστην
1747 907 1837 956 καὶ

233 999 514 1069 μεγίστην.
558 992 724 1046 Καλόν
765 1011 848 1045 σοι
900 997 991 1046 καὶ
1037 993 1178 1066 μάλα
1205 1013 1258 1046 τι
1296 1001 1536 1048 συνοῖσον
1575 992 1836 1048 εὐσέϐειαν

232 1089 497 1158 μητρικὴν
577 1081 926 1149 εὐλαϐεῖσθαι,
986 1088 1076 1136 καὶ
1160 1088 1254 1142 τὴν
1311 1085 1502 1144 πολλὴν
1565 1084 1726 1145 αὐτῆς
1788 1082 1836 1136 έν

234 1179 369 1226 πᾶσι
423 1173 722 1246 θεραπεύειν
759 1169 1044 1227 εὐλάϐειαν.
1099 1179 1279 1226 Ταῦτα
1331 1169 1398 1232 δὴ
1455 1179 1650 1246 πρᾶττε
1681 1193 1695 1207 ο
1745 1177 1836 1226 καὶ

233 1268 344 1324 τοῖς
411 1258 656 1334 ἀδελφοῖς
713 1259 827 1314 ἀντὶ
882 1265 1074 1335 πατρός
1124 1264 1234 1332 έσο,
1279 1261 1522 1335 φιλόπαις
1575 1265 1705 1336 ὁμοῦ
1743 1266 1834 1315 καὶ

233 1347 560 1426 φιλάδελφος,
636 1351 840 1424 εἰρήνην
919 1355 1014 1409 τήν
1071 1352 1183 1423 μετ’
1266 1351 1434 1405 αὐτων
1489 1357 1579 1406 καὶ
1629 1353 1832 1406 πάντων

229 1437 588 1514 μεταδιώκων,
651 1438 860 1512 ἀγάπην
918 1437 966 1492 έν
1019 1440 1264 1499 εύθύτητι
1327 1440 1510 1514 ψυχῆς
1587 1441 1648 1500 ἣν
1703 1445 1832 1502 Θεὸς

231 1527 572 1601 έγκελεύεται.
639 1529 1036 1604 ’Υπερηφανείας
1097 1531 1449 1605 ύπερφονητὴς
1494 1532 1629 1594 ἴσθι,
1716 1531 1831 1584 κατ’

231 1613 442 1680 οὐδενός
467 1621 558 1690 μεν
589 1625 689 1670 τῶν
735 1617 920 1681 ἄλλων,
951 1618 1063 1670 κατ’
1107 1617 1271 1680 αὐτῆς
1311 1615 1370 1672 δε
1393 1623 1483 1672 καὶ
1525 1622 1682 1692 μόνης
1711 1617 1832 1682 ὅλας

230 1708 327 1768 τὰς
376 1707 531 1779 ὀφρῦς
588 1704 884 1778 ἐπηρμένος,
944 1711 1032 1758 καὶ
1091 1711 1321 1779 γενναῖός
1375 1726 1452 1768 τις
1494 1710 1618 1783 πρός
1669 1707 1830 1767 αὐτὴν

233 1792 314 1846 ἀεὶ
395 1797 862 1869 παρατεταγμένος,
941 1797 1075 1848 ὥστε
1131 1800 1200 1868 μή
1261 1815 1312 1848 τι
1369 1804 1585 1869 φανῆναι
1663 1798 1828 1869 ταύτῃ

237 1878 648 1955 δεδουλωμένος,
681 1879 922 1936 Ἀδικίαν
951 1881 1004 1948 ἕξ
1049 1885 1167 1946 ὅλης
1220 1885 1403 1958 ψυχῆς
1454 1882 1830 1959 βδελυξάμενος

226 1975 484 2044 μίσησον.
547 1975 646 2024 Καί
670 1971 746 2044 γ’,
803 1975 854 2025 ἐν
900 1975 1101 2034 τούτοις
1153 1976 1290 2046 ἔχων
1340 1978 1430 2026 καὶ
1483 1977 1828 2042 κατευθύνων,

224 2064 387 2113 πᾶσιν
438 2057 488 2111 ἓν
519 2057 738 2132 ἀγαθοῖς
769 2061 914 2127 ζῆθι,
953 2065 1044 2114 καὶ
1089 2070 1188 2114 τῶν
1231 2070 1322 2115 τού
1378 2071 1606 2136 πονηροῦ
1643 2071 1827 2116 πασῶν

227 2155 482 2221 μηχανῶν
591 2145 839 2222 ἀνώτερος
931 2153 1022 2202 καὶ
1096 2149 1406 2224 ὑψηλότερος
1507 2154 1826 2225 περισὼζου,

226 2232 393 2309 μηδεν
436 2242 547 2298 τοῖς
595 2236 760 2300 ,αὐτοῦ
819 2241 1051 2313 κέντροις
1093 2243 1224 2311 μήτε
1269 2238 1650 2311 πλησσόμενος,
1705 2245 1829 2312 μήτε

225 2323 602 2398 βλαπτόμενος.
653 2325 850 2398 Βλάψοι
892 2346 949 2380 σε
1005 2323 1066 2380 δε
1122 2332 1212 2380 καὶ
1267 2325 1455 2400 μηδείς
1509 2330 1672 2404 ἕτρος,
1717 2335 1831 2390 ταῖς

226 2413 415 2468 ἐκείνου
445 2410 744 2487 μεθοδείαις
793 2414 868 2485 (l)
925 2420 1016 2468 καὶ
1071 2419 1282 2488 τέχναις
1332 2421 1675 2489 κεχρημένος,
1739 2422 1831 2470 καί

223 2522 285 2575 γε
335 2511 555 2579 φανερῶς
608 2501 950 2556 ἐπιϐουλεύων
1011 2505 1040 2564 ἦ
1117 2503 1320 2577 ἀφανῶς
1376 2504 1642 2578 βλάπτων.
1728 2511 1830 2559 Καί

231 2593 444 2644 ἕντειναι
509 2611 600 2644 και
664 2594 938 2666 κατόρθου,
1019 2592 1293 2646 ἐπιϐαίνων
1353 2613 1443 2646 και
1520 2603 1828 2647 καταπατῶν

230 2698 319 2732 και
371 2677 634 2755 δράκοντα
689 2684 780 2754 μεν
858 2681 1066 2735 σκολιὸν
1122 2681 1305 2736 σκολιά
1358 2702 1444 2736 σοι
1493 2684 1830 2757 σοφιζόμενον

231 2788 320 2821 και
364 2768 687 2840 ἐπινοοῦντα,
744 2769 873 2823 ἀλλά
922 2790 1012 2823 και
1053 2770 1230 2825 λέοντα
1275 2773 1350 2842 (2)
1408 2773 1694 2848 ὠρυόμενον
1740 2792 1831 2825 και

224 2857 479 2932 ἅρπαγμα
510 2879 600 2912 και
640 2858 843 2935 βρῶσιν
879 2865 973 2919 τὴν
1005 2865 1104 2920 σὴν
1132 2860 1318 2934 ψυχήν
1365 2860 1684 2923 ἕκζητοῦντα
1727 2862 1828 2932 (3).

226 2952 412 3023 Στέργε
466 2968 558 3001 και
609 2949 728 3002 ὅσον
782 2949 970 3022 ἔλαχες
1044 2950 1117 3012 εἰς
1163 2951 1372 3026 κλῆρον,
1423 2953 1568 3024 ἡμῶν
1638 2953 1831 3028 προῖκά

230 3053 317 3088 σοι
372 3055 463 3087 και
533 3037 854 3112 μερισάντων
911 3057 1002 3090 και
1066 3037 1245 3101 τελέως
1297 3037 1674 3094 ἀποτισάντων.
1733 3042 1831 3092 Καί

227 3130 321 3176 νῦν
377 3120 438 3177 δὲ
488 3123 778 3178 τελευταῖον
831 3130 988 3200 μέρος
1050 3125 1213 3202 χάριν
1275 3126 1448 3203 ἑτέραν
1505 3126 1794 3200 ἀπειληφὼς
1851 3129 1962 3200 ἔχε,
2029 3127 2329 3199 νομίσματα
2389 3128 2600 3197 χρυσοῦ

230 3219 333 3265 τῶν
364 3215 622 3287 ἡμετέρων
641 3221 891 3268 τοσοῦτον
916 3214 976 3266 ἂν
999 3213 1366 3288 ἀποτιμηθείη,
1396 3213 1609 3288 ἀγαπῶν
1631 3219 1680 3269 έν
1709 3219 1898 3288 τούτῳ.

1946 459 2223 518 tribuas:
2257 463 2552 521 sinceram
2616 464 3064 534 gratitudinem,
3132 479 3241 537 pro
3300 464 3604 522 beneficiis

1945 550 2123 606 tantis
2171 551 2576 610 obedientiam
2631 550 2874 626 quoque
2910 552 3126 618 addas,
3167 553 3596 611 mandatorum

1945 637 2435 712 adimpletionem
2463 659 2476 709 ;
2505 642 2567 698 in
2602 641 2894 698 omnibus
2910 645 3088 697 tantae
3110 657 3181 698 ac
3203 641 3325 710 tali,
3359 647 3602 716 tamque

1944 727 2058 801 piae
2095 733 2152 784 et
2183 728 2444 786 ﬁliorum
2469 731 2698 787 amanti
2733 730 2906 787 matri
2935 729 3180 786 obedire
3217 745 3456 804 semper
3487 748 3600 804 pa-

1943 820 2108 872 ratus
2147 817 2246 884 sis,
2286 823 2343 875 et
2373 818 2513 875 inde
2547 819 2870 892 plurimam
2906 834 2978 876 ac
3013 819 3346 876 maximam
3379 819 3598 877 utilita-

1945 907 2066 961 tem
2091 905 2402 980 percipies,
2424 906 2743 964 Pulchrum
2775 907 2878 964 tibi
2912 912 2999 964 est
3019 912 3076 963 et
3095 907 3270 964 valde
3298 908 3437 964 utile
3471 925 3601 966 ma-

1945 994 2048 1050 tris
2080 995 2362 1067 pietatem
2397 997 2687 1066 venerari,
2721 1000 2780 1052 et
2812 1012 2998 1070 quam
3029 997 3292 1053 maxime
3323 997 3383 1052 in
3406 997 3601 1054 omni-

1941 1082 2060 1140 bus
2109 1085 2290 1157 hujus
2317 1086 2713 1143 reverentiam
2766 1101 2996 1142 curare.
3061 1089 3190 1142 Hoec
3227 1087 3403 1157 igitur
3437 1102 3549 1156 age
3581 1105 3596 1143 :

1943 1178 2000 1230 et
2018 1172 2299 1230 fratribus
2325 1175 2403 1230 sis
2429 1190 2538 1246 pro
2561 1180 2728 1248 patre
2761 1193 2775 1231 :
2802 1179 3052 1248 paterno
3080 1174 3258 1230 stmul
3288 1190 3358 1232 ac
3385 1175 3596 1232 frater-

1941 1277 2022 1318 no
2059 1278 2265 1319 amore
2291 1262 2525 1335 plenus,
2556 1279 2771 1336 pacem
2800 1279 2939 1319 cum
2961 1262 3030 1318 iis
3066 1268 3123 1318 et
3148 1279 3288 1319 cum
3307 1264 3596 1320 omnibus

1938 1349 2193 1419 habens,
2222 1351 2651 1424 caritatemque
2687 1367 2823 1408 eam
2861 1351 2920 1407 in
2961 1351 3178 1407 animm
3217 1351 3600 1421 rectitudine,

1939 1443 2004 1496 ut
2033 1438 2205 1511 jubet
2239 1443 2413 1498 Deus.
2443 1439 2800 1512 Superbiam
2823 1443 3198 1506 contemnas,
3222 1446 3429 1495 contra
3451 1441 3596 1497 nihil

1939 1527 2122 1595 aliud,
2159 1532 2369 1584 contra
2401 1543 2536 1584 eam
2575 1544 2717 1585 vero
2752 1529 2943 1584 solam
2995 1532 3116 1584 tota
3151 1528 3468 1600 supercilia
3501 1535 3590 1587 at~

1937 1617 2170 1686 tollens,
2184 1631 2594 1690 generoseque
2609 1617 2668 1672 in
2687 1633 2822 1674 eam
2839 1623 3130 1688 tanquam
3149 1616 3275 1672 acie
3289 1632 3593 1688 pugnans,

1937 1706 2021 1763 ita
2075 1710 2140 1762 ut
2172 1721 2488 1778 nunquam
2539 1706 2590 1762 ei
2629 1707 2848 1762 servire
2885 1705 3162 1762 videaris.
3231 1705 3594 1775 lnjustitiam

1936 1799 2060 1852 toto
2089 1794 2268 1852 corde
2304 1793 2686 1851 abominatus
2707 1793 2828 1850 odi.
2861 1794 2994 1850 Haec
3027 1793 3360 1850 observans
3395 1799 3451 1850 et
3491 1794 3594 1851 ad-

1935 1883 2215 1957 implens,
2252 1883 2314 1940 in
2347 1882 2632 1940 omnibus
2669 1883 2843 1940 bonis
2876 1883 3030 1953 vive,
3069 1886 3126 1938 et
3161 1896 3346 1954 supra
3379 1897 3592 1938 omnes

1936 1972 2497 2044 malignimachinas
2513 1987 2857 2042 assurgens,
2877 1987 2948 2028 ac
2964 1970 3320 2028 excelsiorin
3337 1970 3584 2027 effectus

1937 2067 2074 2129 stes,
2093 2076 2291 2134 neque
2325 2063 2454 2131 ejus
2491 2060 2712 2117 aculeis
2746 2061 2946 2125 lmsus,
2974 2075 3170 2132 neque
3201 2059 3373 2116 ictus.
3409 2062 3594 2117 Nemo

1937 2155 2140 2208 autem
2193 2149 2346 2206 alius
2389 2153 2443 2206 te
2492 2148 2692 2215 laedat,
2721 2150 2893 2206 istius
2920 2148 3075 2205 dolis
3106 2153 3164 2204 et
3195 2145 3424 2204 artibus
3449 2163 3594 2203 usus

1939 2239 2059 2296 sive
2080 2242 2280 2312 aperte
2293 2237 2624 2305 insidietur,
2647 2239 2767 2294 sive
2780 2237 3034 2294 obscure
3050 2235 3365 2292 lasdat.Sed
3380 2235 3593 2292 firmus

1939 2343 2010 2384 ac
2021 2331 2215 2384 rectus
2233 2341 2502 2390 maneas,
2514 2342 2797 2399 premens
2815 2331 2870 2382 et
2882 2325 3246 2382 conculcans
3260 2324 3592 2381 draconem

1940 2416 2120 2473 istum
2146 2415 2462 2488 obliquum
2523 2415 2768 2488 obliqua
2834 2414 2939 2470 tibi
2995 2413 3399 2470 insinuantem
3456 2429 3596 2470 sua-

1939 2505 2321 2576 dentemque,
2339 2503 2445 2560 sed
2473 2508 2530 2560 et
2555 2503 2790 2560 leonem
2826 2503 3162 2574 rugientem
3185 2505 3243 2557 et
3276 2506 3442 2558 tuam
3469 2501 3594 2558 ani-

1941 2610 2108 2650 mam
2127 2608 2338 2665 rapere
2368 2608 2439 2648 ac
2465 2607 2678 2648 vorare
2705 2596 3095 2664 quaerentem.
3125 2593 3276 2646 Ama
3297 2589 3596 2662 quidquid

1939 2682 2003 2739 in
2037 2679 2447 2738 haereditatem
2469 2680 2711 2736 sortitus
2741 2696 2804 2734 es
2822 2695 2858 2735 a
2874 2677 3044 2735 nobis
3069 2677 3172 2752 qui
3198 2676 3304 2734 tibi
3322 2677 3382 2732 id
3413 2677 3598 2748 gratis

1939 2770 2377 2844 impertivimus
2411 2773 2468 2826 et
2489 2769 2744 2842 perfecte
2778 2767 3190 2840 rependimus.
3226 2769 3287 2822 Et
3311 2780 3472 2822 nunc
3486 2766 3599 2823 ult-

1939 2875 2107 2917 mam
2168 2862 2422 2931 partem,
2463 2857 2722 2928 gratiam
2782 2856 3029 2912 alteram
3066 2853 3270 2926 accipe
3306 2869 3376 2909 ac
3413 2854 3597 2910 retine

1940 2961 2225 3004 nummos
2247 2960 2464 3002 aureos
2621 2947 2686 3000 Et
2714 2944 2760 2999 si
2777 2943 2924 3015 quid
2947 2941 3110 2998 aliud
3129 2941 3433 2997 bonorum
3454 2955 3595 2996 nos.

1942 3041 2170 3095 trorum
2204 3034 2346 3091 tanti
2383 3035 2710 3089 aestimetur
2724 3031 2840 3088 hoc
2875 3033 3189 3086 contentus
3214 3028 3316 3087 sis.

3057 3159 3073 3185 ,
3122 3119 3153 3178 ἣ
3217 3120 3262 3170 εῖ
3313 3136 3367 3170 τι
3430 3116 3596 3192 ἕτερον

302 3301 378 3354 Οὐ
438 3307 537 3374 μήν
577 3301 686 3354 ἀλλ’
740 3307 1104 3379 έπιστρεπτέον
1159 3300 1266 3364 ἤδη
1315 3324 1405 3357 και
1452 3307 1580 3378 πρὸς
1617 3310 1674 3359 σέ
1736 3325 1826 3379 μοι

2009 3301 2124 3360 Sed
2176 3305 2379 3358 tamen
2431 3313 2594 3357 nunc
2647 3300 2883 3371 oportet
2922 3311 3019 3353 me
3057 3295 3136 3352 ad
3203 3297 3260 3352 te
3295 3293 3589 3362 converti;

231 3394 318 3444 τὸν
347 3387 588 3465 δεύτερον
617 3395 708 3465 μεν
741 3401 814 3464 τῷ
853 3398 1030 3468 χρόνῳ
1064 3437 1080 3464 ,
1118 3390 1285 3467 μηδεν
1343 3391 1396 3448 δ’
1443 3395 1595 3454 ἧττον
1643 3394 1828 3469 ἀποφε-

228 3483 440 3555 ρόμενον
501 3488 725 3552 στοργῆς
799 3483 944 3554 ἡμῶν
1005 3501 1096 3535 και
1166 3483 1398 3558 φίλτρου,
1478 3483 1568 3538 άτε
1616 3479 1684 3544 δὴ
1739 3503 1829 3536 και

225 3565 394 3643 μηδεν
466 3569 620 3627 ἧττον
671 3579 768 3634 τῆς
809 3579 1066 3645 πατρικῆς
1115 3576 1407 3645 μετέχοντα
1452 3577 1683 3646 σχέσεως
1739 3592 1830 3626 και

222 3666 322 3711 τῶν
385 3660 549 3731 ταύτῃ
604 3663 997 3735 προσηκόντων.
1049 3660 1138 3724 Ὠς
1194 3669 1320 3733 γοῦν
1370 3665 1497 3737 πρὸς
1551 3663 1831 3736 ὁμοτίμους

225 3749 366 3810 ὄντος
405 3766 496 3820 μοι
524 3755 617 3802 τοῦ
664 3747 842 3821 λόγου,
893 3753 988 3809 τὴν
1030 3750 1178 3823 ἴσηνῖ
1197 3770 1287 3802 και
1331 3755 1463 3826 πρὸς
1511 3750 1832 3826 ἀμφοτέρους

223 3839 516 3908 νουθεσίαν,
574 3841 697 3901 ἴσας
749 3834 809 3892 δὲ
885 3858 973 3890 και
1022 3841 1110 3901 τὰς
1172 3839 1332 3912 εύχάς
1378 3848 1648 3914 ποιοῦμαι.
1731 3847 1830 3895 Καί

225 3923 484 4000 βούλομαὶ
523 3945 608 3980 σοι
636 3946 725 3980 και
777 3930 1072 4001 έπεύχόμαι
1099 3929 1216 3981 ⁴όσα
1247 3925 1315 3988 δὴ
1362 3949 1453 3982 και
1500 3933 1704 4005 εἴρηται
1741 3950 1830 3983 και

226 4021 299 4084 τῷ
362 4017 462 4089 πρὸ
531 4023 627 4068 σοῦ
683 4018 974 4088 γεννηθέντι
1052 4017 1427 4091 συνταξάμενος
1462 4065 1470 4079 ,
1502 4018 1826 4091 ἐπηυξάμην.

235 4106 334 4156 Καί
382 4107 489 4166 ε’ίης
538 4103 588 4156 έν
649 4107 740 4178 μὶν
785 4111 892 4166 τοῖς
935 4104 1112 4169 καλοῖς
1162 4126 1251 4159 και
1318 4105 1553 4180 ἀμεινοσι
1608 4105 1830 4181 μηδενός

231 4193 371 4250 ᾖττω
411 4199 600 4265 μοῖραν
649 4192 1140 4268 ἀποκεκομισμένος,
1188 4203 1304 4264 τού⁸
1321 4193 1381 4250 δι
1409 4201 1646 4272 χείρονος
1695 4217 1829 4250 παν-

231 4283 323 4343 τός
357 4283 467 4344 εἰης
531 4286 798 4356 κρείττων,
853 4279 1074 4356 μηδενὸς
1120 4289 1374 4358 μετέχων,
1439 4306 1528 4338 και
1568 4305 1626 4339 σε
1670 4291 1831 4339 κακία

227 4365 468 4442 μηδεμία
517 4367 778 4444 μηδαμῶς
809 4375 859 4425 έν
912 4369 1086 4426 οὐδενί
1135 4378 1392 4448 κρατήσοι
1435 4380 1827 4449 χειρωσαμένη,

224 4459 272 4510 έν
321 4455 372 4513 δ’
435 4456 643 4532 ἀρεταῖς
716 4459 950 4524 ἀπάσάις
1032 4466 1118 4515 τόν
1188 4465 1397 4536 εὑρετὴν
1472 4468 1668 4528 ταύτης
1739 4486 1830 4518 και

227 4550 481 4621 σόφιστήν
536 4553 748 4620 νικῴης,
780 4569 870 4603 και
913 4557 1099 4623 νικῴης
1155 4559 1272 4616 ταῖς
1323 4561 1594 4628 μετρικαίς
1643 4554 1832 4628 εὐχαῖς

1935 3392 2041 3466 qui
2067 3390 2211 3448 mihi
2267 3393 2437 3446 aetate
2480 3387 2726 3462 quidem
2782 3385 3084 3443 secundus
3141 3400 3229 3452 es,
3291 3398 3416 3440 non
3491 3383 3601 3440 mi-

1937 3499 2050 3540 nus
2103 3485 2305 3538 autem
2387 3478 2717 3536 dilectionis
2779 3481 2837 3532 et
2902 3475 3126 3532 amoris
3194 3489 3231 3531 a
3295 3488 3393 3530 me
3451 3471 3601 3528 obti-

1937 3587 2067 3638 nes,
2108 3571 2332 3644 quippe
2362 3569 2465 3642 qui
2491 3583 2613 3624 non
2645 3566 2844 3623 minus
2866 3564 3095 3622 habeas
3133 3566 3448 3637 paternam
3477 3562 3594 3618 for-

1939 3677 2102 3718 mam
2125 3665 2180 3716 et
2199 3676 2334 3734 qure
2359 3659 2437 3716 ad
2462 3674 2595 3714 eam
2622 3657 2977 3731 pertineant.
3011 3656 3158 3712 Cum
3185 3652 3367 3724 igitur
3393 3653 3474 3708 ad
3495 3666 3596 3708 eos

1937 3751 2041 3824 qui
2069 3750 2200 3824 pari
2226 3749 2392 3824 apud
2420 3765 2517 3806 me
2542 3747 2756 3806 honori
2786 3750 2945 3813 sunt,
2971 3757 3290 3801 sermonen
3312 3741 3595 3812 habeam,

1938 3841 2017 3898 ad
2064 3845 2385 3912 utrumque
2432 3838 2648 3896 eadem
2682 3835 2930 3893 consilia
2976 3833 3342 3905 easdemque
3377 3845 3587 3904 preces

1937 3929 2214 4000 dirigam,
2239 3944 2309 3985 ac
2329 3927 2433 3984 tibi
2462 3931 2604 4000 opto
2635 3938 2966 3999 percorque
3000 3935 3400 3996 quascumque
3431 3919 3600 3975 dicta

1941 4022 2081 4075 sunt
2111 4022 2167 4075 et
2192 4019 2244 4073 ei
2297 4017 2401 4091 qui
2455 4016 2617 4090 prior
2645 4021 2696 4072 te
2733 4013 2966 4084 genitus
2993 4017 3101 4080 est,
3122 4013 3399 4083 precatus
3422 4023 3586 4065 sum.

1938 4111 2141 4180 Neque
2171 4105 2466 4162 minorem
2504 4105 2563 4160 in
2599 4101 2866 4176 pulchris
2901 4099 3200 4171 bonisque
3237 4101 3474 4170 partem
3509 4112 3598 4153 re-

1938 4197 2095 4254 feras
2125 4215 2137 4264 ;
2171 4193 2467 4269 quidquid
2488 4209 2630 4249 vero
2651 4191 2878 4248 malum
2901 4194 3012 4256 est,
3027 4202 3296 4262 superes,
3314 4185 3462 4243 nihil
3485 4185 3600 4242 tale

1938 4287 2268 4360 experiens,
2298 4300 2492 4357 neque
2515 4282 2637 4338 ulla
2659 4280 2888 4338 malitia
2909 4285 2962 4336 te
2982 4279 3184 4335 vincat
3203 4277 3600 4349 domitetque,

1938 4376 1996 4432 in
2024 4373 2306 4432 omnibus
2335 4388 2471 4429 vero
2492 4370 2813 4428 virtutibus
2850 4368 3091 4425 malitiae
3127 4369 3503 4424 inventorem
3539 4369 3602 4420 et

1940 4469 2246 4522 auctorem
2277 4463 2507 4529 vincas,
2541 4466 2598 4518 et
2626 4460 2834 4516 vincas
2856 4458 3066 4515 matris
3093 4455 3372 4530 precibus
3405 4467 3599 4510 arma-

1939 4557 2036 4611 tus
2074 4558 2131 4610 et
2157 4553 2446 4609 adversus
2473 4551 2604 4622 ejus
2639 4547 2915 4617 insidias,
2953 4547 3074 4602 sive
3099 4561 3208 4618 per
3228 4559 3290 4599 se
3320 4541 3598 4598 inimicus

226 4637 729 4712 έγκαθωπλισμένος,
808 4659 900 4693 και
945 4644 1076 4714 πρός
1154 4643 1243 4703 τάς
1326 4641 1622 4711 ἐπιϐουλὰς,
1673 4645 1702 4705 ἦ
1757 4641 1830 4698 δι’

1943 4646 2142 4714 tentet,
2179 4642 2302 4698 sive
2335 4656 2444 4716 per
2478 4639 2628 4696 alios
2663 4637 2915 4694 artificia
2967 4638 3173 4706 struat,
3213 4635 3498 4687 constans
3533 4641 3604 4716 ac

225 4725 408 4780 ἑαυτοῦ
505 4735 598 4781 τοῦ
689 4727 938 4802 πολεμίου
1009 4735 1324 4806 πειρωμένου
1402 4732 1431 4792 ἣ
1501 4729 1574 4785 δι’
1651 4732 1832 4807 ἑτέρων

227 4818 635 4890 μηχανωμένου,
705 4814 1072 4894 ἀπερίτρεπτός
1135 4838 1212 4880 τις
1280 4839 1369 4872 και
1436 4824 1682 4896 κραταιὸς
1725 4841 1834 4875 πα-

224 4903 545 4980 ρεμϐάλλων.
625 4906 926 4982 Ἐπαρὴξει,
1019 4903 1072 4961 εὖ
1171 4904 1313 4978 οἶδα,
1400 4913 1601 4986 μητρὸς
1669 4911 1830 4984 θερμὴ

223 4997 426 5062 πίστις,
493 4997 622 5049 Θεὸν
682 4995 906 5070 ἰσχυρόν
945 5015 1036 5048 και
1092 4996 1438 5061 ίξουσιαστήν
1485 5001 1620 5052 κατά
1654 4999 1834 5062 πάσης

227 5080 587 5156 ἀντικειμένης
644 5081 913 5157 δυνάμεως
967 5082 1168 5160 ἀρωγόν
1208 5086 1581 5161 ἐπικαλουμένη
1649 5092 1739 5141 καί
1774 5107 1834 5161 γε

225 5176 583 5247 παρεχομένη,
715 5169 783 5233 δὴ
834 5193 926 5227 και
974 5170 1125 5228 οὐδὲν
1182 5175 1345 5239 οὕτως
1384 5172 1537 5237 ἣδιον
1586 5179 1655 5240 ὡς
1722 5179 1836 5239 υἱος

229 5385 508 5513 Ἦ(Ἄθως
547 5384 832 5461 μεθοδείας
857 5387 1077 5446 diaboli
1107 5388 1254 5446 dixit
1303 5390 1522 5448 Paulus
1553 5391 1633 5448 ad
1682 5393 1834 5466 Eph.

297 5531 376 5600 (2)
449 5529 664 5588 Psalm.
730 5546 822 5601 xc,
875 5535 937 5588 13
981 5547 995 5587 :
1047 5537 1447 5596 Καταπατήσεις
1493 5533 1672 5589 λέοντα
1748 5555 1839 5588 και

231 5595 266 5652 δ
271 5595 520 5672 ρακοντα.

1941 4732 2106 4789 fortis
2150 4714 2425 4788 resistas!
2460 4729 2584 4786 Tibi
2647 4724 3055 4793 auxiliabitur,
3107 4725 3171 4777 ut
3207 4719 3351 4788 scio,
3391 4714 3600 4772 matris

1942 4821 2342 4889 ardenstides,
2359 4821 2545 4876 Deum
2568 4817 2777 4874 fortem
2794 4830 2862 4871 ac
2889 4812 3363 4884 omnipotentem
3381 4803 3590 4863 adver-

1943 4927 2048 4966 sus
2093 4925 2339 4967 omnem
2381 4907 2726 4982 oppositam
2763 4904 3122 4975 potestatem
3151 4892 3600 4982 adjutoremin-

1941 5013 2168 5055 vocans
2197 5004 2254 5055 et
2282 4981 2594 5070 prmstans,
2619 4992 2714 5049 cui
2751 5005 2898 5046 sane
2929 4986 3078 5044 nihil
3105 4991 3227 5044 tam
3258 4981 3600 5058 jucundum

1942 5091 2236 5158 estquam
2275 5085 2434 5142 ﬁlius
2463 5088 2720 5139 matrem
2763 5077 3098 5148 lmliticans,
3131 5079 3190 5132 et
3213 5073 3388 5146 juxta
3410 5070 3602 5146 ipsius

1943 5174 2236 5232 mandata
2271 5175 2428 5231 hanc
2463 5171 2612 5242 legis
2651 5174 2910 5242 partem,
2933 5181 3123 5240 quam
3181 5160 3600 5236 diligentissim

2015 5392 2096 5460 (3)
2157 5388 2570 5462 Petr._IEpist.
2634 5403 2690 5452 V,
2751 5389 2783 5442 8
2844 5384 2905 5438 Ὀ
2940 5367 3206 5462 ἀντίδικος
3257 5380 3407 5462 lipara
3480 5372 3600 5462 διά-

1948 5450 2112 5532 ϐολος,
2180 5463 2249 5524 ὡς
2312 5450 2457 5514 λέων“
2495 5450 2804 5532 ὠρυόμενος,
2885 5461 3179 5528 περιπατεῖ,
3253 5450 3425 5512 ζητῶν
3485 5450 3604 5498 τίνα

1947 5554 2177 5592 καταπιη
2189 5573 2204 5590 ο
