4054 6212
569 253 703 309 1491

1914 251 2286 306 NICEPHORI
2315 249 2581 307 CHUMNI

3722 261 3822 316 H92

569 377 922 442 ob=ervans,
939 379 1117 447 atque
1132 374 1414 445 deinceps
1424 375 1720 448 quidquid
1735 376 1906 432 decet
1922 376 2033 448 piae
2049 380 2169 430 mat

2258 390 2301 440 Α
2334 374 2619 447 εὐφραίνων
2671 377 2891 445 μητέρα,
2953 377 3041 424 καὶ
3101 376 3233 425 κατὰ
3285 377 3371 435 τὰς
3458 375 3623 429 ἐκείνου
3676 379 3826 447 ἐντολὰς

568 468 856 533 tribuens,
896 466 975 520 ita
1014 472 1092 533 ut,
1128 471 1370 536 propter
1415 468 1620 532 Deum,
1657 472 1714 522 et
1761 466 1911 523 meis
1947 466 2202 521 adhorta

569 558 836 615 tionibus
850 554 1119 621 obedias,
1132 554 1299 625 quod
1316 555 1568 611 volderit
1581 556 1859 628 mater,id
1878 553 2224 626 exsequaris

571 655 631 705 et
662 648 938 704 ardenter
991 659 1275 716 sequere;
1325 649 1385 702 Et
1416 646 1519 703 tibi
1548 647 1711 718 apud
1760 650 1944 702 Deum
1972 646 2079 700 erit
2118 660 2227 715 pro

574 736 847 793 mercede
868 734 1078 804 gloria,
1098 740 1155 789 et
1170 735 1335 806 apud
1348 752 1559 792 omnes
1580 736 1881 802 nomines,
1896 733 2226 809 praesertim

572 842 711 882 vero
749 824 912 897 apud
970 823 1125 895 pios,
1178 823 1494 895 splendida
1550 841 1622 881 ac
1675 824 2076 897 pulcherrima
2123 822 2226 878 tibi

572 913 960 985 adoptabitur
1019 912 1220 981 gloriae
1280 928 1524 981 corona,
1562 914 1768 969 dulces
1799 929 1871 969 ac
1893 928 2105 968 suaves
2136 911 2224 967 vel

573 1003 666 1059 his
691 1002 751 1058 in
812 1001 977 1057 terris
1040 1002 1127 1056 tui
1183 1002 1407 1057 amoris
1438 1002 1664 1058 fructus
1689 1002 1956 1074 carpenti
1992 1019 2008 1072 ;
2043 1000 2147 1055 sed
2170 1004 2227 1056 et

570 1092 633 1147 in
678 1092 872 1146 futura
923 1106 994 1145 ac
1043 1095 1267 1145 aaterna
1323 1090 1465 1156 vita,
1496 1091 1707 1161 quales
1758 1105 1953 1162 neque
2015 1088 2225 1145 oculus

572 1178 739 1249 vidit,
770 1194 966 1251 neque
1022 1178 1187 1233 auris
1238 1178 1466 1233 audivit
1509 1195 1703 1250 neque
1732 1180 1794 1234 in
1833 1194 1937 1234 cor
1966 1176 2225 1233 hominis

576 1268 972 1324 ascenderunt
1023 1267 1268 1322 sinceris
1327 1266 1553 1322 deliciis
1587 1267 1821 1324 frueris.
1846 1270 1893 1319 A
1926 1266 2099 1321 nobis
2126 1283 2225 1321 au-

575 1360 716 1422 tem,
776 1355 921 1427 quid
983 1354 1083 1410 tibi
1136 1354 1291 1410 bene
1328 1356 1582 1426 sapienti
1619 1354 1877 1426 amplius
1909 1355 2013 1409 erit
2041 1369 2227 1426 quam

575 1460 648 1501 ea
671 1461 808 1517 quae
834 1444 1000 1516 prius
1051 1444 1347 1513 accepisti,
1385 1450 1439 1498 et
1466 1460 1536 1499 ea
1568 1450 1704 1499 vota
1740 1460 1875 1515 qua:
1907 1459 2064 1499 nunc
2093 1442 2230 1497 faci-

576 1549 713 1589 mus
744 1534 770 1588 ‘I
803 1533 859 1589 Si
881 1532 1028 1604 quid
1068 1532 1329 1602 amplius
1354 1533 1424 1587 iis
1465 1532 1919 1602 addioporteat,
1954 1531 2226 1587 ultimum

577 1637 721 1679 sane
774 1622 1003 1677 donum
1058 1626 1115 1676 et
1165 1620 1415 1690 gratiam
1467 1620 1769 1687 addimus,
1808 1619 1954 1675 nihil
1983 1619 2227 1692 quidem

574 1725 800 1776 minus,
820 1708 922 1763 sed
947 1708 1152 1765 omnio
1180 1709 1576 1780 primogenito
1602 1709 1850 1780 aequale.

575 1805 663 1850 νῦν
717 1793 777 1850 δὲ
818 1805 919 1849 τῶν
963 1797 1154 1868 εὐχῶν,

2333 470 2421 514 και
2478 470 2630 514 τοῦτο
2676 458 2743 520 δὴ
2808 466 2867 514 τὸ
2914 466 3064 536 μέρος
3122 461 3202 514 ἐπὶ
3273 462 3499 516 πλεῖστον
3538 468 3639 518 ὅσον
3677 472 3826 524 πεπολι-

2333 556 2591 624 τευμένος.
2671 556 2770 605 Καὶ
2846 558 2970 622 γοῦν
3027 556 3085 603 τὸ
3157 552 3290 617 εἰκὸς
3338 560 3432 604 πᾶν
3479 555 3666 627 θεοφιλιι
3714 568 3829 634 μητρὶ

2334 640 2658 715 περισῴζων,
2683 643 2818 693 ὥστε
2856 646 2949 692 καὶ
2983 649 3115 695 Θεοῦ
3144 644 3303 714 χάριν
3353 662 3438 694 και
3498 651 3600 705 ταῖς
3639 644 3756 717 ἐμαῖς
3792 646 3829 702 δὲ

2334 734 2700 802 παραινέσεσιν
2767 732 2934 796 εἴκων,
2970 729 3117 781 πάντ’
3158 732 3260 795 ,ἔσο
3315 736 3471 804 μητρὶ
3504 734 3672 805 πρὸςᾶ
3700 732 3750 792 δὴ
3773 748 3831 790 καὶ

2337 817 2578 889 βούλοιτο
2641 819 3059 889 ὑποτασσόμενος
3120 824 3208 870 καὶ
3248 816 3538 892 ἐφεπόμενος
3586 824 3829 895 προθύμως·

2332 910 2423 959 καὶ
2447 912 2677 959 κείσεται
2704 911 2795 977 μέν
2835 926 2920 959 σοι
2951 903 3084 971 δοξα
3144 911 3284 982 παρὰ
3327 915 3455 973 Θεοῦ
3510 914 3623 982 πρὸς
3674 912 3833 982 ἀμοιϐήν

2332 1000 2629 1068 γιγνομένη,
2693 994 2821 1047 ἀλλὰ
2898 1001 2986 1047 καὶ
3055 999 3198 1071 παρὰ
3245 1003 3401 1049 πᾶσιν
3470 996 3733 1069 ἀνθρώποις,
3779 1008 3836 1061 καὶ,

2332 1083 2565 1155 μάλιστά
2602 1103 2659 1155 γε
2707 1091 2817 1145 τοῖς
2897 1083 3189 1153 εὐσεϐοῦσι,
3269 1084 3496 1159 λαμπρὸς
3552 1087 3681 1147 οὗτος
3726 1085 3836 1151 δόξης

2334 1176 2423 1224 καὶ
2479 1171 2757 1234 κάλλιστος
2815 1170 3264 1244 ἐναρμοσθὴσεται
3319 1178 3567 1245 στέφανος,
3620 1171 3737 1241 inciti;

2334 1264 2424 1312 καὶ
2451 1260 2657 1331 γλυκεῖς
2687 1259 2954 1312 κάνταῦθα
3008 1257 3164 1313 τοῦδε
3215 1268 3306 1313 τοῦ
3338 1258 3713 1333 σπουδάσματος
3760 1271 3839 1324 τοὺς

2335 1368 2431 1423 καρ
2440 1352 2536 1401 πού
2547 1369 2567 1409 ς
2615 1358 2873 1421 τρυγῶντι
2934 1370 2947 1381 ·

2334 1443 2425 1503 καὶ
2472 1436 2794 1511 ἀπιράντοις,

3006 1348 3131 1400 ἀλλά
3180 1354 3268 1402 καὶ
3321 1350 3367 1402 ἐν
3429 1358 3527 1410 τοῖς
3574 1350 3641 1403 αεὶ
3688 1356 3840 1423 μένουσι

2870 1440 2937 1499 ὡς
2991 1438 3107 1490 οὔτε
3177 1438 3433 1511 ὀφθαλμὸς
3497 1436 3615 1491 εἶδεν
3662 1443 3722 1509 (ί)
3765 1446 3841 1493 οὔτε

2335 1525 2424 1589 οὖς
2481 1530 2723 1596 ἤκουσεν,

2336 1616 2467 1668 οὕτω
2520 1619 2612 1673 τὴν
2660 1618 2857 1687 τρυφήν
2905 1614 3165 1690 ἀκήρατον
3222 1622 3520 1689 τρυγήσεις.
3585 1616 3693 1691 Παρ’
3746 1620 3845 1689 ἡμῶν

2338 1700 2418 1770 δὲ,
2471 1705 2538 1754 ὧν
2597 1708 2685 1755 καὶ
2737 1703 3006 1777 προλαϐὼν
3072 1706 3395 1777 πραγμάτων
3470 1704 3747 1776 ἀπειληφεις,
3790 1712 3847 1757 καὶ

2806 1530 2922 1579 οὔτε
2989 1526 3141 1585 ἀνέϐη
3201 1526 3285 1579 ἐπὶ
3351 1524 3564 1601 καρδίαν
3623 1527 3841 1599 ἀνθρώπου,

1236 1802 1288 1849 τί
1339 1797 1489 1850 πλέον
1567 1800 1679 1849 ἔστι
1736 1817 1821 1849 σοι
1871 1798 2275 1869 εύγνωμονοῦντι
2327 1812 2343 1865 ;
2402 1792 2461 1850 ἢν
2548 1789 2607 1845 δέ
2652 1813 2705 1844 τι
2762 1798 2852 1844 καὶ
2916 1793 3086 1845 πλεῖον
3141 1790 3234 1867 δέῃ
3283 1796 3637 1868 προστεθῆναι,
3678 1796 3845 1852 ὑστάτην

577 1882 819 1943 δηλονότι
849 1882 1048 1958 δωρεὰν
1069 1890 1156 1937 καὶ
1187 1888 1349 1960 χάριν
1387 1888 1729 1958 προστίθεμεν
1760 1883 1889 1955 ἤδη,
1924 1882 2088 1958 μηδὲν
2118 1888 2206 1958 μὲν
2236 1881 2493 1947 ἔλλαττον,
2520 1890 2590 1952 τῷ
2614 1887 2929 1955 πρωτοτοκῳ
2953 1882 3067 1934 κατ’
3099 1886 3236 1935 ἴσον.

584 2030 587 2031 ν
651 1976 716 2028 Et
757 1973 885 2028 haec
932 1973 1177 2045 quidem
1231 1974 1404 2029 nobis
1453 1974 1752 2030 vialentur.
1808 1974 2086 2046 Reliquus
2143 1978 2231 2029 est
2274 1974 2312 2027 Β

579 2062 842 2119 ﬁliorum
881 2069 1156 2133 quartus.

647 2151 758 2217 Qui
787 2151 947 2206 enim
969 2151 1027 2206 in
1044 2152 1244 2207 medio
1274 2157 1364 2207 est
1390 2167 1459 2207 ac
1492 2152 1719 2219 tertius,
1753 2151 2003 2208 libenter
2031 2150 2228 2217 omisi,

574 2255 771 2313 neque
793 2256 917 2311 qua
937 2254 1080 2309 erga
1114 2255 1254 2295 eum
1286 2240 1589 2296 voluntate
1621 2241 1754 2306 sim,
1779 2240 1903 2296 scio
1934 2246 1991 2295 et
2019 2256 2141 2312 quo
2172 2241 2232 2295 in

575 2328 784 2385 ordine
816 2343 1063 2400 ponam,
1092 2328 1320 2400 quippe
1355 2329 1458 2401 qui
1494 2329 1626 2385 vitae
1663 2337 2065 2385 monstrosam
2096 2344 2233 2383 con-

574 2417 873 2473 fusionem
920 2421 977 2472 et
1023 2417 1524 2473 inordinationem
1564 2416 1824 2486 elegerit,
1858 2433 1966 2490 pro
2002 2434 2073 2473 ea
2112 2417 2235 2471 vita

576 2522 713 2577 quas
762 2505 927 2576 prius
970 2504 1247 2560 ordinata
1294 2510 1420 2561 erat
1452 2511 1509 2560 et
1558 2506 1797 2576 sapiens
1821 2512 1878 2561 et
1903 2506 2076 2561 nobis
2108 2505 2234 2577 pla-

582 2609 727 2649 cens
754 2610 767 2661 ;
794 2600 991 2648 utrum
1052 2609 1188 2649 cum
1234 2594 1305 2648 iis
1347 2594 1451 2664 qui
1493 2594 1773 2650 eamdem
1824 2595 1954 2650 vita;
1976 2595 2231 2650 formam

587 2686 824 2751 gerunt,
857 2682 950 2737 cui
1007 2687 1061 2736 et
1091 2682 1219 2752 ipse
1247 2698 1281 2737 a
1318 2682 1534 2738 teneris
1567 2682 1760 2739 libens
1804 2699 1868 2737 se
1895 2684 2090 2755 ipsum
2121 2690 2232 2738 tra-

581 2758 778 2839 didit,
813 2770 947 2826 etin
970 2786 1094 2842 qua
1114 2770 1294 2827 etiam
1328 2785 1485 2826 nunc
1520 2777 1800 2838 versatur,
1835 2772 2079 2828 minime
2104 2772 2235 2845 qui-

580 2862 723 2915 dem
788 2858 1077 2925 moribus,
1128 2859 1227 2915 sed
1270 2859 1398 2915 solo
1436 2859 1644 2915 habitu
1698 2877 1769 2916 ac
1806 2861 2155 2917 vestimento
2178 2865 2234 2916 et

582 2963 724 3003 sane
750 2948 992 3019 invitus,
1028 2964 1064 3004 a
1090 2947 1264 3005 nobis
1292 2948 1521 3004 decoris
1548 2965 1730 3004 causa
1749 2950 1921 3022 quasi
1953 2957 2192 3006 coactus
2218 2967 2230 3016 ;

583 3052 661 3093 an
691 3036 797 3105 ibi,
829 3052 951 3111 quo
981 3038 1142 3094 mala
1171 3053 1241 3093 ac
1258 3053 1446 3109 prava
1466 3039 1595 3110 ejus
1620 3038 1824 3095 electio
1843 3039 2023 3107 ducti,
2057 3040 2232 3110 longe

585 3125 807 3181 scilicet
832 3140 867 3180 a
887 3128 1005 3181 Deo
1027 3130 1087 3189 et
1103 3143 1137 3180 a
1164 3126 1397 3182 virtute.
1418 3127 1677 3183 Accessit
1708 3128 1866 3183 enim
1900 3134 1955 3184 et
1981 3130 2231 3183 accurrit

585 3213 663 3268 ad
696 3220 1009 3269 vocantem
1035 3213 1352 3278 Christum,
1388 3220 1441 3269 ct
1479 3230 1716 3270 crucem
1755 3216 1882 3285 ejus
1910 3216 2145 3271 sustulit
2177 3223 2233 3272 et

2416 1975 2513 2022 Καὶ
2566 1978 2733 2023 ταῦτα
2786 1974 2877 2043 μὲν
2933 1972 3053 2042 ύμῖν
3106 1992 3119 2004 θ
3177 1970 3353 2032 λοιπὸς
3385 1967 3435 2022 δ’
3484 1973 3509 2023 ὁ
3558 1976 3849 2046 τέταρτοςτῦν

2341 2060 2508 2110 υἱέων.

2410 2150 2508 2199 Τὸν
2540 2149 2641 2219 γὰρ
2692 2146 2739 2197 ἐν
2795 2152 2937 2218 μέσῳ
2994 2152 3083 2199 καὶ
3136 2152 3309 2221 τρίτον
3364 2147 3487 2199 ἑκὼν
3544 2156 3743 2221 παρῆκα,
3783 2148 3851 2198 ἐπεὶ

2340 2232 2471 2310 μηδ’
2521 2239 2628 2307 ἓχω
2680 2239 2755 2295 τίς
2792 2242 2909 2310 περὶ
2968 2236 3125 2288 αὑτὸν
3168 2242 3398 2308 γένωμαι
3462 2242 3550 2307 τὴν
3582 2240 3851 2306 γνώμην,καὶ

2342 2326 2395 2377 οἶ
2427 2323 2589 2394 τάξω,
2644 2326 2912 2395 σύγχυσιν
2954 2323 3223 2376 ἀλλόκοτον
3256 2323 3382 2397 βίου
3433 2330 3519 2393 καὶ
3571 2324 3751 2386 ἀταξίαν
3781 2324 3850 2381 ιλι-

2339 2432 2508 2486 μενον,
2570 2411 2686 2463 ἀντὶ
2740 2420 2830 2466 τοῦ
2884 2419 3061 2486 πρώην
3106 2417 3333 2484 κοσμίου
3376 2418 3466 2465 καὶ
3522 2420 3746 2485 σώφρονος
3792 2418 3850 2462 καὶ

2342 2504 2466 2575 ἡμῖν
2512 2501 2819 2575 ἐπεράστου,
2878 2506 3090 2574 πότερον
3154 2504 3288 2573 μετὰ
3344 2511 3443 2554 τῶν
3498 2500 3575 2553 ἐπὶ
3628 2510 3705 2552 τοῦ
3741 2500 3851 2551 αὑτιὺ

2344 2594 2627 2663 σχήματος
2683 2589 2980 2657 τελούντων,
3122 2586 3190 2648 δὴ
3248 2595 3345 2643 καὶ
3434 2590 3578 2653 οὗτος
3622 2588 3669 2641 ἐκ
3720 2584 3850 2647 παιδὸς

2342 2678 2467 2731 ἑκὼν
2520 2674 2648 2730 εἶναι
2699 2683 2858 2751 φέρων
2925 2678 3102 2730 ἑαυτὸν
3160 2678 3310 2738 ἐνῆκε
3353 2682 3448 2748 (2),
3506 2683 3589 2730 καὶ
3636 2685 3709 2729 νῦν
3759 2675 3851 2728 ἐστιν

2342 2768 2598 2839 ὁρώμενος
2636 2766 2684 2819 ἐν
2710 2770 2899 2838 τούτῳ,
2933 2770 3129 2843 ἣκιστα
3176 2770 3268 2840 μεν
3328 2775 3438 2829 τοῖς
3495 2771 3701 2839 τρόποις,
3820 2760 3853 2814 δ’

2344 2855 2615 2929 ἀμπεχόνῃ
2649 2861 2738 2933 καὶ
2781 2864 2901 2918 ταῖς
2960 2856 3253 2929 περιϐολαῖς
3358 2861 3538 2928 μόναις
3592 2861 3669 2908 καὶ
3706 2858 3855 2909 ταύταις

2344 2941 2603 3003 δήπουθεν
2688 2943 2873 3014 ἀέκων,
2949 2944 3072 3019 παρ’
3125 2946 3271 3017 ἡμῶν
3357 2948 3541 3009 ὡσανεὶ
3609 2951 3687 2996 τοῦ
3750 2942 3855 2993 καλού

2340 3035 2503 3106 χάριν
2580 3037 3035 3109 ,τετυραννημένοα
3112 3035 3141 3092 ἦ
3192 3034 3342 3105 ,ὅποι
3411 3036 3605 3105 πονηρά
3670 3030 3856 3087 παντελῶς

2340 3127 2430 3174 καὶ
2485 3125 2739 3195 μοχθηρά
2812 3122 2983 3193 ἐξάγει
3066 3128 3396 3195 προαίρεσις,
3472 3122 3634 3198 πόρρω
3682 3118 3855 3179 δηλονότι

2343 3218 2476 3263 Θεοῦ
2529 3217 2618 3263 καὶ
2683 3215 2871 3273 παντὸς
2938 3218 3028 3263 τοῦ
3104 3213 3467 3283 καθήκοντος,
3508 3210 3743 3284 Ιιροσῆλθε

586 3318 650 3359 se
676 3302 844 3359 illum
865 3307 1210 3359 secuturum
1243 3318 1371 3358 esse
1403 3304 1715 3375 promisit;
1748 3304 2039 3360 deindein
2062 3312 2187 3361 rect:

2273 3318 2314 3373 ο
2342 3302 2443 3373 γὰρ
2474 3304 2563 3351 καὶ
2595 3300 2871 3373 προθύμως
2909 3296 3243 3373 προσέδραμε
3296 3308 3371 3371 τῷ
3427 3300 3653 3351 καλοῦντι
3684 3302 3855 3369 Χριστῷ.

585 3390 813 3451 semitis
842 3390 1218 3461 claudicavit,
1246 3397 1304 3447 et
1334 3397 1653 3464 postquam
1681 3392 1832 3448 bene
1870 3393 1944 3448 ad
1978 3394 2230 3450 cwlestis

584 3481 711 3550 agri
736 3483 1001 3536 aratrum
1033 3495 1281 3536 manum
1305 3479 1605 3552 misit,qui
1634 3481 1821 3536 multa
1849 3481 2009 3537 bona
2039 3483 2095 3537 in
2122 3499 2235 3538 cus-

586 3568 835 3625 lestibus
868 3569 1097 3625 horreis
1161 3568 1335 3633 collit,
1380 3570 1590 3625 avertit
1633 3585 1694 3623 se
1728 3576 1907 3636 retro,
1951 3571 2102 3626 eheu
2136 3572 2148 3626 l
2181 3576 2239 3626 et

584 3657 777 3714 malas
797 3656 1155 3729 cupiditates
1202 3657 1602 3730 libidinesque
1653 3658 1848 3714 cordis
1876 3660 1962 3714 sui
1992 3667 2234 3715 secutus

585 3752 693 3811 est,
726 3751 782 3802 et
807 3747 910 3818 qui
954 3746 1119 3817 prius
1146 3746 1302 3802 intra
1332 3746 1540 3802 Christi
1562 3747 1880 3804 Ecclesiam
1905 3749 2097 3804 vivere
2125 3750 2235 3806 ele-

584 3840 769 3911 gerat,
800 3849 961 3890 nunc
982 3834 1229 3904 maligni
1251 3835 1455 3907 praeda
1471 3842 1742 3907 apparet,
1758 3837 1980 3892 simula
1994 3837 2236 3895 salutari

584 3941 655 3981 ac
685 3939 854 3979 sacro
886 3922 1170 3994 expulsus
1216 3938 1413 3993 grege,
1468 3930 1623 3980 totus
1676 3925 1905 3981 scelesti
1934 3943 2003 3981 ac
2026 3926 2236 3998 perﬁdi

584 4013 876 4070 daemonis
894 4012 1145 4083 ﬂagellis
1177 4030 1245 4069 ac
1274 4012 1619 4069 vulneribus
1641 4018 1971 4086 contossus,
1988 4016 2089 4088 qui
2115 4033 2235 4072 non

584 4119 690 4174 per
720 4102 994 4171 januam,
1023 4102 1126 4157 sed
1153 4102 1395 4157 aliunde
1426 4103 1870 4175 perprascipitia
1891 4104 2158 4161 ascendit
2179 4106 2235 4160 in

583 4207 687 4248 eos
718 4191 938 4261 quibus
971 4190 1258 4245 insultare
1296 4190 1467 4255 solet,
1503 4190 1598 4246 ille
1635 4192 1868 4247 malitiae
1904 4200 2131 4257 auctor,
2183 4199 2239 4249 et

584 4275 730 4331 boni
760 4277 967 4339 fugam
996 4282 1049 4333 et
1073 4279 1246 4334 nobis
1261 4296 1506 4350 prorsus
1528 4280 1873 4335 electionem
1904 4280 2237 4337 infelicibus

584 4378 919 4436 proponere
952 4371 1134 4421 amat.
1170 4368 1298 4422 Non
1330 4368 1489 4422 enim
1511 4368 1926 4424 omnimodam
1958 4370 2235 4426 virtutem

584 4453 636 4507 ei
664 4452 1082 4522 concedamus,
1106 4469 1219 4509 nos
1247 4456 1495 4511 omnino
1522 4456 1699 4528 culpa
1725 4456 2063 4513 liberantes.
2090 4462 2152 4513 Et
2186 4460 2232 4513 si

583 4556 695 4597 nos
724 4540 786 4596 in
831 4540 991 4597 bono
1020 4540 1267 4599 ﬁrmiter
1292 4548 1445 4599 stare
1488 4544 1791 4607 vellemus,
1824 4546 2049 4615 fugeret
2072 4550 2234 4604 Sata-

580 4642 711 4722 nas
732 4634 786 4685 et
828 4634 990 4722 certo
1007 4629 1323 4695 recederet,
1352 4636 1409 4686 et
1436 4638 1573 4703 post
1622 4648 1734 4705 nos
1764 4633 2075 4704 ejiceretur
2096 4650 2231 4689 cum
2271 4670 2310 4722 ί)

582 4717 808 4774 Christo
830 4717 888 4773 in
907 4716 1029 4774 acie
1057 4723 1305 4783 stantes,
1325 4723 1427 4792 qui
1451 4725 1504 4775 et
1556 4720 1852 4776 mundum
1890 4722 2233 4777 universum

577 4811 635 4863 et
672 4808 856 4879 hujus
893 4807 1245 4880 principem,
1276 4812 1629 4865 tentatorem
1652 4809 1830 4864 istum
1856 4810 2092 4867 devicit.
2112 4811 2233 4867 Sub

600 5048 603 5051 _
652 4988 726 5053 (ί)
789 4987 899 5053 Pro
949 4988 1017 5048 ὡς
1074 4980 1410 5053 forsanoig.
1445 5016 1514 5025 ——
1576 4985 1792 5041 Paulus
1824 4985 1841 5038 l
1874 4984 1949 5042 ad
2003 4988 2131 5043 Cor.
2168 5004 2231 5053 ιι,

582 5050 614 5110 9
648 5050 751 5108 ΓΑ
790 5050 1045 5127 ὀφθαλμὸς
1073 5056 1166 5107 οὔκ
1216 5051 1349 5107 εἶδεν
1378 5096 1403 5127 .7
1444 5100 1455 5111 .
1515 5099 1526 5112 .

654 5128 730 5188 (‘2)
759 5129 834 5178 De
866 5126 1409 5200 monasticavitaid
1436 5133 1522 5182 est
1542 5126 2228 5200 intelligendum,quam

579 5206 843 5320 grpuero
884 5199 1072 5253 fuerat
1098 5196 1414 5269 amplexus
1446 5204 1591 5255 natu
1619 5200 1821 5255 tertius
1860 5200 1956 5257 ille
1979 5196 2232 5256 Chumni

650 5283 764 5320 ius.

650 5283 764 5322 lUS.

651 5338 725 5405 (3)
774 5336 993 5413 _Matth.
1033 5342 1298 5413 ΔΧξηιιήῇο
1327 5355 1340 5393 ε
1372 5343 1435 5393 Εἴ
1480 5360 1558 5403 τις
1610 5341 1739 5413 θελει
1803 5341 1971 5393 ὀπίσω
2030 5361 2130 5413 μου
2159 5340 2232 5392 ἐ)-

579 5409 701 5485 θείν,
763 5408 1160 5485 ἀπαρνησάσθω
1236 5408 1433 5485 ἑαυτὸν,
1490 5417 1578 5465 καὶ
1632 5412 1804 5485 ἀρὰτω
1867 5416 1949 5465 τοι
2011 5408 2232 5485 σταυρὸν

575 5481 756 5550 αὐτοῦ,
794 5478 884 5554 καὶ
914 5478 1257 5554 ἀκολουθείτω
1285 5500 1377 5554 μοι
1406 5482 1567 5554 Conf.
1617 5478 1748 5539 an.
1782 5501 1868 5550 xv,
1900 5488 1988 5539 '27.

645 5553 722 5626 (ι)
786 5553 925 5623 Sap.
985 5550 1211 5610 Sirach.
1264 5550 1427 5622 ivm,
1487 5553 1829 5610 30:‘0m‘m
1891 5564 1991 5608 τῶν
2053 5555 2228 5609 ἐπιθυ-

2344 3393 2432 3440 καὶ
2483 3391 2571 3440 τὸν
2640 3393 2863 3461 σταυρὸν
2922 3385 3013 3461 ἦρε
3059 3394 3148 3439 καὶ
3197 3388 3371 3440 ὀπίσω
3429 3386 3763 3441 κατακολουθεῖ
3797 3383 3857 3433 αὶ-

2343 3486 2433 3530 τοῦ
2464 3478 2543 3548 (3)
2572 3476 2910 3548 ἐπηγγεῦ-ατο
2946 3499 2957 3511 ·
2984 3475 3078 3551 εἷθ’
3126 3478 3267 3540 Sim;
3301 3487 3414 3538 ταῖς
3462 3478 3660 3536 εὐθείαις
3693 3473 3856 3546 animi

2343 3565 2560 3642 τρίϐοις,
2621 3572 2711 3619 καὶ
2748 3565 2927 3641 βαλὼν
2976 3571 3144 3639 καλῷς
3191 3566 3269 3620 ἐπ’
3304 3569 3523 3643 ἄροτρον
3567 3573 3705 3643 χεῖρα
3745 3562 3858 3633 οὐρα-

2342 3659 2453 3707 νίου
2518 3661 2774 3728 γεωργίας
2847 3661 2936 3727 καὶ
3017 3655 3191 3733 πολλα
3259 3656 3473 3729 τάγαθά
3522 3654 3590 3725 ¹ἐν
3646 3652 3857 3707 ἀποθήκας

2345 3744 2571 3806 αἰωνίοις
2632 3746 3080 3819 θησαυριζούσης,
3112 3743 3351 3818 ¹ἐστράφη
3392 3745 3556 3797 ὀπίσω
3592 3745 3711 3814 οἶμοι
3753 3738 3762 3791 ῑ
3794 3746 3858 3789 τῶν

2343 3840 2515 3883 κακῶν
2563 3832 2847 3905 ἐπιθυμιῶν
2931 3834 3010 3907 (4)
3057 3839 3146 3901 καὶ
3223 3832 3526 3907 θελημάτων
3579 3840 3663 3899 τῆς
3703 3823 3861 3901 καρδίας

2344 3920 2525 3987 αὐτοῦ,
2590 3927 2679 3973 καὶ
2726 3930 2820 3983 τῆς
2869 3929 3100 3995 Χριστοῦ
3174 3918 3414 3995 μάνδρας
3485 3921 3610 3980 ἐντὸς
3655 3918 3863 3989 ἀγαπήσας

2344 4018 2545 4084 πρῶτον
2624 4006 3008 4076 ἐνδιαιτᾶσθαι,
3099 4012 3313 4084 θήραμα
3397 4018 3483 4063 νῦν
3559 4009 3740 4060 ἐλεεινὸν
3810 4003 3860 4065 (5}

2346 4100 2547 4170 ὁρᾶται,
2589 4100 2718 4171 ὁμοῦ
2778 4107 2867 4159 τῆς
2916 4104 3180 4171 σωτηρίας
3235 4105 3327 4152 καὶ
3384 4109 3473 4160 τῆς
3528 4101 3649 4170 ἱερᾶς
3690 4092 3862 4157 ἐξωσθεὶς

2343 4193 2587 4260 ποίμνης,
2662 4194 2976 4261 στιγματίας
3044 4188 3155 4249 ὢος
3236 4196 3354 4252 ταῖς
3416 4196 3504 4241 τοῦ
3583 4187 3749 4259 λῃστοῦ
3804 4184 3860 4229 καὶ

2341 4276 2559 4329 κλέπτου
2594 4279 2669 4347 (6)
2700 4277 2915 4350 μάστιξι
2941 4282 3030 4329 καὶ
3077 4277 3326 4349 πληγαῖς,
3368 4282 3440 4351 μὴ
3501 4273 3589 4328 διὰ
3613 4281 3690 4333 τῆς
3728 4269 3858 4329 αῧτῆςς

2342 4364 2448 4418 ἀλλ’
2507 4364 2791 4438 ἀλλαχόθεν
2843 4368 2996 4419 ποθεν
3070 4363 3165 4418 διὰ
3214 4376 3457 4439 κρημνῶν
3514 4385 3651 4417 τινων
3702 4356 3858 4411 ἀναϐάν

2342 4475 2430 4517 τος
2472 4458 2563 4526 (7),
2625 4458 2701 4518 οἷς
2745 4460 2933 4516 ἐκεῖνος
2985 4458 3154 4509 εἴωθεν
3203 4453 3491 4527 επιπηὸᾁν,
3533 4457 3557 4506 ὁ
3608 4448 3860 4524 δημιουργὸς

2342 4553 2436 4605 τῆς
2467 4550 2669 4615 κακίας,
2696 4550 2785 4597 καὶ
2811 4550 2903 4603 την
2934 4544 3033 4598 ἀπὸ
3086 4554 3177 4597 τοῦ
3236 4545 3399 4598 καλοῦ
3449 4548 3608 4617 φυγὴν
3660 4544 3733 4592 καὶ
3777 4538 3859 4604 ἡμῖν

2342 4640 2453 4695 τοῖς
2507 4637 2570 4685 τὰ
2622 4635 2790 4686 πάντα
2841 4630 3138 4708 μοχθηροῖς
3185 4639 3277 4691 τὴν
3326 4638 3623 4707 προαίρεσιν
3670 4625 3859 4702 προξενεῖν

2342 4723 2735 4795 τεχναζόμενος.
2792 4723 2867 4775 Oti
2915 4726 3014 4796 γὰρ
3058 4727 3117 4775 τὸ
3157 4730 3255 4775 πᾶν
3332 4723 3474 4795 αύτῴ
3532 4718 3740 4790 δώσομεν
3800 4716 3859 4766 fi;

2347 4812 2557 4883 ἰσχύος,
2606 4812 2818 4875 ἑαυτοὺς
2866 4813 2954 4874 έξα
2998 4815 3237 4885 ροὺμενοι
3276 4812 3532 4872 παντελῶς
3577 4817 3661 4868 τῆς
3705 4804 3855 4857 αἱτίας“

2342 4995 2475 5060 μιῷν
2500 5006 2593 5039 σου
2623 4990 2969 5060 πορεύου.
3007 4986 3092 5044 Cf.
3117 4992 3155 5055 ΐ.
3194 4989 3254 5053 ll,
3286 5002 3344 5059 p.
3387 4988 3509 5055 124,
3542 4999 3599 5038 n.
3634 4987 3674 5037 l.
3705 5048 3717 5060 _
3784 5034 3807 5060 h

2414 5058 2491 5184 $5)
2526 5040 2748 5113 Excidit
2788 5040 2990 5113 iorsan
3019 5040 3358 5113 hdxﬁe’n'r‘os
3389 5040 3611 5117 πονηροῦ
3641 5048 3719 5105 vel
3756 5040 3857 5101 alius

2414 5154 2416 5177 ε
2445 5129 2576 5184 luas.
2610 5130 2782 5184 cuius
2814 5130 3019 5184 nrasda
3048 5128 3220 5184 fuerit
3246 5129 3497 5184 Chumni
3532 5126 3692 5181 ﬁlius.

2341 5126 2576 5192 belluas,
2610 5130 2782 5199 cujus
2814 5130 3019 5200 praeda
3048 5128 3220 5184 fuerit
3246 5129 3497 5185 Chumni
3532 5126 3692 5200 ﬁlius.

2413 5200 2490 5270 (6)
2522 5194 2731 5256 iuncta
2781 5194 2919 5255 sunt
2943 5216 3014 5256 ea
3058 5200 3304 5255 nomina
3330 5204 3383 5255 et
3422 5197 3580 5270 apud
3632 5194 3854 5247 Joannem

2342 5275 2475 5336 x,8.
3698 5332 3739 5336 ξ,
3807 5326 3835 5336 η

2412 5344 2486 5413 (7)
2516 5342 2829 5413 Gregorius
2862 5343 3134 5398 Nazianz.
3168 5343 3326 5413 Orat.
3360 5353 3630 5413 xxvmhp,
3661 5332 3741 5413 47}
3766 5348 3776 5381 ε
3797 5332 3853 5400 δῖ·

2343 5407 2498 5487 ὀοίκα
2531 5407 2738 5487 cierat);
2765 5413 2965 5487 ληστάς
3015 5417 3105 5487 καὶ
3131 5412 3369 5487 κλέπτας,
3418 5407 3661 5487 μή,’ῥ’ὶέι,
3682 5410 3757 5487 τῖς

2339 5483 2438 5545 λὼς
2461 5476 2846 5558 ὑπερϐάντες,’ἣ
2895 5482 3135 5557 ἀναιὸεὶᾳ
3185 5476 3505 5548 συλήσωσιν,
3534 5482 3561 5539 ἦ
3595 5476 3661 5531 δι’
3708 5476 3852 5524 ἀπαπί

2338 5554 2619 5626 κλιψωσιν,
2647 5558 2781 5609 ὥστε
2804 5557 2984 5610 θῦσαι.
