4054 6212
224 271 358 327 1493

1641 257 2165 319 ΤΕΒΤΛΜΕΝἹὍΜ.

3441 273 3579 328 1494

218 393 348 460 ἀλλ’,
374 395 418 446 εἰ
469 411 529 463 γε
567 396 719 464 μόνον
777 395 866 442 καὶ
931 391 1080 461 ἡμεῖς
1143 388 1522 462 βουληθείημεν
1579 385 1663 439 ἐπὶ
1723 391 1810 437 τοῦ

1924 399 2050 456 quo
2073 387 2366 446 salvatore
2398 397 2455 448 et
2489 391 2680 464 capite
2705 407 2844 448 eum
2872 396 2926 448 te
2982 407 3091 464 per
3153 395 3340 451 totam
3401 395 3580 452 vitam

216 482 379 536 καλοῦ
441 478 666 555 ἑδραίως
720 480 953 544 ἑστάναι,
1011 479 1244 550 φεύξεται
1303 481 1328 530 ό
1379 482 1624 540 Σατανᾶς,
1711 469 1814 526 οἷδ’

216 575 319 639 ὅτι,
354 576 442 624 καὶ
471 572 838 643 ὑποχωρήσει,
897 573 986 620 καὶ
1036 570 1182 640 ἡμῶν
1239 567 1406 620 ὀπίσω
1461 565 1816 636 καθυπαχθή-

217 681 368 716 σεται
419 663 548 732 μετά
597 663 830 730 Χριστοῦ
885 663 975 709 καὶ
1021 660 1341 728 τεταγμένων
1408 659 1497 707 καὶ
1573 671 1818 706 συνιστα-

215 755 401 824 μένων,
449 755 542 800 τοῦ
594 750 682 799 τόν
720 747 918 818 κόσμον
975 745 1110 812 ὃλον,
1167 765 1258 796 και
1331 744 1492 797 αὐτοῦ
1569 739 1638 800 δὴ
1731 744 1818 792 τόν

213 843 469 913 ἄρχοντα,
538 840 622 888 τὸν
687 839 975 908 πειραστὴν
1045 841 1245 900 τοῦτον,
1321 836 1660 894 νενικηκότος,
1711 829 1816 901 Ὑφ’

214 931 256 1000 ᾧ
285 926 353 987 δὴ
389 933 588 1001 σωτῆρι
620 945 710 977 και
733 924 924 996 κεφαλῇ
952 943 1044 975 και
1065 927 1122 976 σε
1171 920 1264 975 διὰ
1314 925 1505 983 παντὸς
1561 928 1652 973 τοῦ
1697 917 1816 991 βίου

211 1017 614 1072 πεπολιτεῦσθαι
669 1013 770 1084 ἐγὼ
822 1033 911 1066 και
957 1017 1178 1085 νομίσας
1223 1032 1313 1064 και
1359 1010 1646 1086 θαῤῥησας,
1728 1027 1819 1060 και

209 1126 270 1179 γε
331 1110 424 1164 τὴν
464 1108 594 1177 πρὸς
659 1103 813 1154 αὐτὸν
890 1106 1100 1174 πορείαν
1178 1099 1560 1172 ἀμεταστρεπτί
1635 1115 1819 1149 κατευ-

211 1199 396 1261 θύνειν,
426 1211 826 1247 καταπατουντα
855 1196 950 1249 τὴν
1007 1197 1100 1242 τοῦ
1162 1210 1251 1242 και
1301 1194 1395 1246 τὴν
1447 1187 1623 1261 ἀρχὴν
1673 1185 1814 1238 ἀπα-

208 1289 466 1344 τήσαντος
495 1285 654 1354 ὄφεως
704 1279 923 1352 κεφαλὴν
957 1299 1047 1331 και
1091 1286 1153 1351 τῇ
1229 1285 1320 1330 τοῦ
1371 1276 1526 1340 ξύλου
1582 1274 1817 1329 ἀποπλα-

207 1377 462 1432 νήσαντος
516 1389 606 1422 και
675 1370 1062 1427 θανατώσαντος
1127 1365 1349 1440 βρώσει,
1410 1384 1501 1418 και
1565 1363 1643 1416 ἀεί
1764 1359 1816 1414 δ’

209 1461 415 1531 ἀπατᾲν
469 1459 518 1512 ἐν
570 1461 828 1519 τοιούτοις
869 1460 1186 1529 πειρωμένου
1230 1462 1452 1530 τρυφαῖς
1531 1473 1621 1506 ναι
1687 1449 1817 1510 ἠδο-

208 1559 323 1612 ναίς
379 1567 466 1602 και
518 1551 696 1608 ἣτταις
751 1554 978 1619 σαρκῶς,
1035 1547 1138 1618 ὁρῶ
1189 1564 1246 1597 σε
1279 1552 1367 1596 νῦν
1405 1545 1468 1608 (ὡ
1518 1549 1680 1595 πόσον
1725 1549 1821 1592 και

211 1637 321 1694 οἷον
370 1641 527 1690 κακὸν
595 1636 645 1689 ἐν
695 1643 806 1696 τοίς
850 1634 990 1706 ἐμοῖς
1049 1633 1328 1706 ὀφθαλμοῖς
1381 1632 1422 1703 Ῑ)
1468 1638 1574 1692 τοῖς
1619 1631 1813 1684 ἐκείνου

1926 478 2200 532 acturum
2227 492 2358 534 esse
2391 484 2664 550 putarem
2703 485 2760 536 et
2793 479 3178 548 conﬁderem,
3208 486 3266 538 et
3298 483 3378 538 ad
3439 499 3580 540 eum

1925 569 2264 622 constanter
2319 584 2564 626 cursum
2611 575 2780 626 tuum
2832 570 3221 634 directurum.
3279 576 3580 645 caputque

1925 656 2216 724 serpentis
2250 656 2430 728 hujus
2463 659 2567 730 qui
2619 659 2698 714 ad
2740 659 2910 715 initio
2956 658 3208 730 decepit,
3257 669 3310 715 et
3353 660 3581 718 fructus

1925 745 2290 802 comestione
2337 747 2397 802 in
2459 763 2722 804 errorem
2769 749 2996 804 inducit
3051 749 3413 822 occiditque,
3458 756 3582 807 ten-

1927 837 2128 905 tatque
2198 852 2437 908 semper
2495 844 2551 892 et
2591 837 2817 894 deliciis
2871 844 2928 896 et
3007 838 3417 911 voluptatibus
3524 847 3582 898 et

1925 923 2121 977 carnis
2145 925 2496 982 remissione
2524 925 2818 998 decipere,
2843 927 3018 982 video
3031 933 3086 983 te
3100 942 3281 995 nunc,
3306 930 3364 999 (ο
3385 945 3580 1001 quan-

1925 1015 2052 1066 tum
2083 1016 2140 1068 et
2169 1014 2348 1086 quale
2387 1015 2448 1071 in
2477 1015 2666 1071 oculis
2703 1016 2851 1072 meis
2902 1016 3132 1073 malum
3187 1017 3225 1087 ι)
3283 1018 3578 1076 daemonis

1924 1100 2180 1170 pedibus
2212 1102 2530 1159 mortiferis
2549 1104 2964 1164 conculcatum
2992 1110 3049 1162 et
3068 1107 3408 1163 contritum.
3451 1108 3586 1166 Etsi

1924 1187 2052 1260 ipse
2072 1189 2132 1244 in
2163 1190 2384 1248 durum
2398 1192 2664 1264 lapidem
2681 1209 2783 1250 cor
2803 1199 2974 1250 tuum
2989 1199 3342 1251 convertens
3381 1211 3579 1268 neque

1924 1275 2224 1345 aﬁ'cctum,
2263 1296 2458 1352 neque
2488 1282 2907 1338 contritionem
2939 1287 3163 1340 sentias
3194 1289 3318 1340 tota
3378 1289 3578 1340 mente

1923 1371 2030 1421 tua
2059 1367 2310 1440 abrepta
2344 1374 2401 1426 et
2437 1370 2591 1426 male
2649 1370 2924 1443 decepta,
2986 1387 3184 1427 nonne
3238 1372 3576 1442 evigilabis,

1924 1459 1982 1510 et
2038 1455 2330 1526 intelliges
2370 1464 2428 1514 et
2477 1460 2723 1516 rationis
2781 1462 2984 1532 tuique
3030 1461 3225 1532 ipsius
3282 1461 3409 1533 ﬁes,
3472 1463 3579 1535 qui

1925 1545 2125 1602 adhuc
2154 1546 2214 1602 in
2244 1548 2462 1604 teneris
2498 1549 2674 1605 annis
2692 1554 2750 1605 et
2770 1551 2963 1622 prima
2985 1555 3125 1622 post
3139 1566 3243 1608 eos
3263 1551 3578 1622 juventute

1925 1635 2222 1706 sapienter
2243 1636 2599 1708 intelligens,
2655 1654 2818 1695 nunc
2882 1655 3025 1695 vero
3077 1639 3382 1696 dementia
3447 1655 3577 1696 cor-

216 1728 405 1796 μᾶλλον
463 1727 887 1797 συμπατούμενον
961 1742 1052 1775 και
1116 1719 1511 1794 συντριϐόμενον
1589 1722 1810 1776 θανατη-

1920 1729 2152 1795 reptus.
2188 1731 2262 1790 et,
2301 1742 2442 1782 cum
2473 1727 2672 1798 potius
2695 1727 3054 1800 oportuisset
3075 1732 3128 1784 te
3165 1728 3244 1784 ab
3300 1729 3579 1799 ignoran-

216 1821 395 1890 φόροις
457 1819 602 1868 ποσί.
672 1819 776 1866 Κάν
842 1831 932 1863 και
995 1810 1148 1870 αὐτὸς
1201 1810 1267 1870 εἰς
1327 1809 1550 1882 σκληρὸν
1624 1809 1813 1860 ὡσανεί

215 1905 357 1958 λίθον
381 1910 474 1962 τὴν
511 1899 734 1976 καρδίαν
799 1899 1100 1972 μεταϐαλών
1155 1898 1486 1962 ἀναισθήτως
1544 1900 1677 1970 ἔχῃς
1721 1904 1812 1950 τοῦ

211 1995 414 2054 πάθους
461 2011 550 2044 και
601 1999 691 2050 τῆς
745 1988 1047 2063 συντριϐῆς,
1105 1989 1226 2047 ὃλην
1289 1987 1634 2049 ἀποσυληθεις
1721 2005 1812 2038 και

211 2081 418 2142 κλαπείς
437 2087 612 2140 κακῶς
667 2082 760 2138 τὴν
818 2073 1080 2139 διάνοιαν,
1139 2076 1268 2128 ἀλλά
1332 2075 1444 2128 πότ’
1511 2071 1806 2146 ἀνανήψας,

212 2188 301 2222 και
341 2172 601 2227 συνέσεως
624 2185 714 2218 και
773 2164 1036 2236 λογισμῶν
1087 2183 1176 2216 και
1223 2170 1443 2216 σεαυτοῦ
1515 2168 1732 2234 γενήσῃ,
1783 2164 1810 2216 ό

210 2258 480 2318 ἑννηπιοις
518 2255 678 2308 ἔτ’ῶν
740 2253 818 2325 ti)
865 2273 954 2305 και
1029 2253 1093 2325 τῇ
1160 2259 1340 2326 πρώτη
1409 2271 1470 2322 γε
1543 2271 1632 2302 και
1697 2251 1806 2322 μετ’

208 2346 368 2404 αὐτὴν
418 2345 598 2416 ἡλικίᾳ
647 2347 836 2402 συνιείς
875 2341 1156 2414 ἐμφρόνως,
1235 2349 1322 2392 νῦν
1399 2335 1451 2392 δ’
1530 2340 1812 2412 ύποσυρείς

207 2441 322 2498 ταῖς
353 2433 690 2508 ἀφροσύναις,
714 2451 822 2500 και,
857 2432 941 2482 ὅτε
993 2429 1181 2502 μᾶλλον
1229 2425 1336 2481 ἔδει
1379 2447 1436 2482 σε
1484 2436 1583 2480 τῶν
1623 2427 1811 2498 ἀγνοη-

212 2526 386 2596 μάτων
448 2520 704 2582 παντελῶς
761 2519 1122 2590 ἀπηλλάχθαι,
1201 2521 1602 2589 νουνεχεστέρας
1699 2521 1809 2568 ἐπι-

215 2611 377 2664 ϐάντα
397 2619 487 2671 τῆς
512 2609 736 2677 ἡλικίας,
763 2612 876 2660 τότε
914 2611 1042 2681 πρὸς
1099 2609 1164 2658 τά
1224 2612 1390 2680 χείρω
1437 2608 1809 2678 μεταστραφείς

217 2701 286 2762 εἰς
344 2699 556 2757 ἐλεεινὴν
616 2703 710 2756 τὴν
774 2697 1126 2771 ταλαιπωρίαν
1182 2698 1262 2765 (2)
1330 2695 1380 2746 ἐν
1445 2704 1516 2764 τῲ
1582 2693 1816 2764 ἀκάνθας.

215 2788 509 2862 ἐμπαγῆναί
540 2807 624 2839 σοι
662 2789 728 2838 re
784 2788 949 2857 πικρὰ
1000 2789 1186 2858 κέντρα
1240 2791 1331 2835 τοῦ
1380 2791 1654 2856 πονηρούς
1711 2788 1811 2836 Καὶ

211 2883 314 2952 γὰρ
368 2886 600 2931 τοιοῦτον
660 2879 716 2928 τὸ
779 2873 1023 2927 ἐκκλίνειν
1085 2872 1187 2924 ἀπὸ
1257 2881 1357 2924 τῶν
1447 2871 1808 2943 ἐντεταλμένων

215 2965 402 3040 τρίϐων
439 2973 672 3040 Χριστοῦ
703 2985 714 2996 ·
760 2970 993 3016 τοιοῦτον
1051 2967 1142 3014 καὶ
1179 2965 1234 3013 τὸ
1288 2965 1375 3013 τὸν
1434 2961 1593 3030 ζυγὸν
1648 2959 1808 3012 αὐτοῦ

217 3055 605 3123 ἀποσείσασθαι
663 3056 750 3105 τὸν
805 3051 1019 3127 ἐλαφρὸν
1073 3055 1162 3118 xui
1227 3053 1468 3123 χρηστὸν
1547 3048 1644 3120 (3),
1718 3053 1806 3100 καὶ

215 3148 343 3216 πρὸς
370 3140 582 3203 ἀνοδίας
611 3145 702 3194 xui
735 3140 1002 3216 βάραθρα,
1063 3144 1151 3191 καὶ
1208 3141 1455 3198 τοιαύτας
1512 3136 1806 3208 ἀνωμάλους

211 3237 301 3284 xui
346 3237 726 3306 προσκόμμασι
766 3227 1161 3297 συνθλιϐούσας,
1219 3223 1562 3298 ἀποδραμεῖν,
1617 3223 1806 3295 ἀφέντα

211 3317 455 3394 βαδίζειν
519 3323 608 3391 μεν
664 3323 752 3370 καὶ
810 3316 1206 3390 ἐπιπορεύεσθαι
1261 3319 1353 3372 τὴν
1421 3313 1468 3365 ἐν
1548 3313 1806 3384 εὐλογίαις

208 3408 614 3480 ἐπηγγελέμενην
666 3415 764 3480 γῆν
817 3411 907 3458 καὶ
953 3409 1045 3463 τὴν
1107 3401 1180 3456 δι’
1235 3403 1394 3462 αύτης
1446 3406 1570 3476 πρὸς
1633 3403 1804 3475 παρά-

209 3494 391 3550 δεισαν
445 3498 556 3549 ὃθεν
619 3495 918 3566 ἐξεπέσομεν
974 3497 1252 3568 φέρουσαν,
1304 3498 1483 3544 πατεῖν
1560 3486 1618 3542 δὲ
1710 3495 1804 3548 τὴν

209 3586 431 3647 ἀκάνθας
482 3589 571 3637 καὶ
628 3583 894 3659 τριϐόλους
962 3581 1010 3633 ἐν
1065 3584 1320 3654 κατάραις
1377 3583 1516 3652 φύειν
1581 3575 1804 3631 καταδι-

208 3676 493 3727 κασθεῖσαν
526 3675 603 3745 (4)
649 3677 739 3724 καὶ
793 3678 1056 3744 γεωργεῖν.
1109 3669 1221 3723 Ἐτι
1274 3669 1414 3729 ἐλπὶς
1467 3668 1582 3740 ἐμοὶ
1629 3674 1696 3740 μὴ
1754 3671 1806 3718 τί

213 3783 269 3816 σε
293 3767 418 3838 πρὸς
446 3762 586 3822 τέλος
614 3764 702 3821 τὰς
733 3759 815 3813 ἐπὶ
846 3765 930 3812 σοὶ
995 3767 1091 3821 τῆς
1156 3761 1354 3832 μητρός
1406 3757 1565 3820 καλὰς
1612 3756 1808 3818 ἐκείνας

212 3848 429 3914 ἐλπίδας
481 3856 860 3921 καταισχῦναι,
919 3853 1009 3900 xui
1092 3866 1316 3919 ματαιας
1397 3845 1806 3917 ἀπεληλεγμένας

214 3939 400 4005 δεῖξαι.
446 3965 472 3990 α
531 3940 914 4013 Ἐπιστράφητε
961 3941 1090 4009 πρὸς
1143 3957 1225 4010 με,
1298 3942 1388 3989 καὶ
1477 3935 1805 4011 ἐπιστραφή-

219 4034 535 4105 σομαιπρός
559 4029 714 4098 ὑμᾶς,
771 4028 906 4097 λέγει
957 4029 1148 4100 Κύριος
1204 4029 1282 4094 (ὃ)
1341 4047 1353 4059 ·
1405 4049 1432 4076 ››
1496 4023 1805 4098 έπίστρεψον

216 4125 306 4170 καὶ
329 4123 412 4185 σὺ,
444 4124 531 4170 καὶ
561 4117 1009 4188 ἐπιστραφήσεταί
1044 4135 1160 4183 σου,
1191 4121 1280 4168 καὶ
1323 4134 1382 4187 γε
1434 4117 1500 4166 τὰ
1557 4118 1805 4187 συντρίμ-

214 4228 371 4280 ματα,
410 4212 498 4259 καὶ
555 4210 676 4268 τοὺς
733 4205 786 4268 ἐξ
847 4204 1144 4278 ἀφροσύνης
1192 4200 1461 4265 ὁδωδότας
1521 4207 1609 4256 καὶ
1669 4201 1808 4274 μάλά

213 4317 264 4350 τι
320 4299 791 4369 κατειργασμένους
843 4301 933 4346 xui
988 4299 1283 4354 σεσηπότας
1325 4293 1600 4364 μώλωπας,
1671 4293 1805 4354 ἐξιά-

1923 1813 2003 1870 tia
2020 1813 2279 1880 liberari,
2308 1815 2754 1886 prudentiorem
2793 1820 3026 1874 aetatem
3050 1817 3408 1888 ingressum,
3438 1822 3579 1874 tunc

1919 1901 1997 1956 ad
2058 1902 2263 1973 pejora
2324 1904 2384 1958 in
2451 1903 2863 1961 miserandam
2915 1903 3331 1977 infelicemque
3392 1905 3578 1964 vitam

1919 1990 2248 2056 cucurristi,
2287 1991 2433 2047 dum
2463 1996 2530 2048 ut
2545 1993 2731 2064 spinae
2748 1993 2809 2048 in
2827 1997 2881 2048 te
2903 1991 3234 2064 inﬁguntur
3253 1994 3443 2050 amari
3466 1993 3578 2050 ini-

1921 2079 2057 2134 mict
2087 2078 2280 2135 aculei
2313 2080 2340 2135 ?
2370 2082 2450 2138 Ea
2477 2081 2637 2136 enim
2659 2086 2891 2137 estsors
2915 2096 3124 2138 eorum
3148 2081 3308 2154 quia
3343 2081 3576 2139 Christo

1918 2167 2221 2224 declinant
2255 2187 2274 2238 ;
2309 2169 2413 2240 qui
2427 2169 2648 2239 jugum
2675 2170 2856 2226 Chisti
2882 2169 3010 2232 leve
3043 2186 3116 2226 ac
3166 2186 3348 2230 suave
3400 2186 3576 2228 excu-

1917 2255 2091 2310 tiunt.
2123 2261 2180 2311 et
2203 2256 2280 2312 ad
2301 2257 2462 2314 invia
2495 2263 2554 2313 et
2590 2258 2913 2330 profunda,
2945 2263 3002 2315 et
3035 2259 3409 2316 inordinatas
3466 2259 3575 2316 ob-

1919 2344 2281 2417 staculisque
2302 2344 2548 2401 refertas
2570 2346 2834 2412 semitas,
2848 2348 3181 2414 incurrunt,
3198 2347 3346 2404 dum
3360 2348 3573 2406 ambu-

1915 2431 2038 2488 lare
2060 2437 2117 2488 et
2150 2431 2421 2490 incedere
2453 2433 2512 2488 in
2538 2434 2714 2506 plena
2736 2434 3258 2494 benedictionibus
3308 2440 3466 2492 terra
3518 2441 3575 2494 et

1918 2520 1997 2575 ad
2032 2519 2404 2591 paradisum,
2432 2522 2593 2577 unde
2614 2522 2971 2590 decidimus,
2994 2523 3237 2588 ferente,
3262 2523 3570 2590 deberent,

1916 2608 2273 2664 conculcare
2304 2625 2446 2666 vero
2479 2625 2614 2666 eam
2636 2627 2773 2683 qua:
2800 2617 2859 2668 et
2880 2613 3086 2684 spinas
3111 2616 3169 2668 et
3200 2611 3442 2670 aculeos
3511 2611 3574 2666 in

1920 2695 2440 2752 maledictionibus
2463 2699 2706 2769 gignere
2723 2705 2781 2755 et
2803 2699 2956 2756 ferre
2985 2700 3275 2756 damnata
3291 2705 3399 2757 est.
3427 2701 3573 2772 Spes

1917 2784 2117 2840 adhuc
2139 2785 2285 2840 mihi
2323 2791 2410 2841 est
2441 2785 2563 2843 fore
2584 2788 2910 2852 uttandem
2928 2803 3052 2844 non
3077 2788 3406 2861 opprobrio
3423 2787 3571 2860 opti-

1919 2889 2049 2928 mas
2080 2873 2211 2928 illas
2256 2877 2463 2930 matris
2491 2882 2605 2931 ture
2630 2875 2704 2932 de
2764 2883 2816 2932 te
2857 2892 2993 2948 spes
3044 2878 3245 2933 fallere
3303 2877 3464 2940 velis,
3515 2881 3572 2935 et

1915 2977 2104 3016 vanas
2135 2962 2297 3016 abire
2325 2962 2722 3019 demonstres.
2766 2987 2787 3014 ‹
2825 2965 3246 3020 Convertimini
3267 2965 3344 3020 ad
3367 2980 3484 3036 me,
3509 2970 3568 3020 et

1835 3075 1879 3133 ο
1915 3057 2230 3106 convertar
2247 3051 2324 3106 ad
2347 3067 2470 3116 vos,
2494 3052 2635 3108 dicit
2653 3053 2957 3108 Dominus.
2983 3075 3004 3102 ι
3031 3056 3380 3110 Convertere
3403 3059 3460 3110 et
3482 3059 3566 3123 tu,

1915 3143 1972 3194 et
2007 3144 2380 3194 convertetur
2404 3139 2482 3195 ad
2509 3146 2582 3203 te,
2615 3145 2672 3196 et
2729 3141 3111 3197 contritiones
3183 3147 3336 3210 tuas,
3391 3147 3448 3198 et
3493 3157 3568 3198 ex

1915 3227 2218 3282 dementia
2248 3232 2378 3283 orta
2427 3232 2483 3284 et
2529 3228 2846 3300 producta-
2875 3235 2933 3285 et
2975 3236 3257 3304 corrupta
3314 3231 3566 3287 vulnera

1915 3315 2189 3371 sanando
2201 3315 2444 3372 auferet.
2467 3317 2782 3382 Quomodo
2795 3319 3230 3376 autemwleum
3243 3319 3567 3376 infundens

1914 3407 2176 3476 desuper
2192 3403 2554 3474 etligamina
2574 3405 2912 3478 imponens,
2927 3423 3063 3478 quae
3079 3423 3274 3480 neque
3287 3423 3360 3463 ea
3373 3407 3569 3464 sinent

1913 3509 1950 3550 a
1979 3494 2142 3548 bono
2173 3492 2448 3548 recedere
2478 3500 2581 3549 aut
2611 3510 2850 3550 sursum
2867 3493 3082 3566 frangi.
3107 3502 3187 3552 Ac
3207 3496 3373 3552 brevi
3395 3511 3567 3554 sana-

1913 3583 2001 3638 bit
2027 3587 2101 3648 te,
2135 3588 2192 3637 et
2245 3581 2604 3637 matutinum
2660 3582 2863 3639 lumen
2914 3585 3025 3640 has
3086 3585 3365 3641 tenebras
3430 3600 3565 3658 quae

1915 3687 2076 3726 nunc
2105 3679 2159 3725 te
2182 3669 2701 3742 comprehendunt
2725 3671 2978 3745 franget,
2999 3679 3057 3730 et
3083 3690 3330 3730 omnem
3357 3674 3565 3730 horro—

1915 3776 2042 3816 rem
2071 3759 2308 3833 repellet
2331 3767 2386 3815 et
2409 3759 2772 3828 deturbabit,
2805 3766 2864 3818 et
2885 3764 3117 3838 sanatio
3141 3763 3305 3820 carni
3337 3769 3453 3821 tuae
3509 3768 3566 3820 et

1914 3865 2059 3905 cura
2087 3849 2187 3904 fiet
2212 3849 2451 3904 ossibus
2481 3850 2614 3914 tuis,
2647 3855 2705 3905 et
2738 3851 2951 3908 animis
2981 3858 3092 3908 tua:
3119 3853 3274 3909 dicet
3307 3870 3368 3909 :«
3395 3853 3564 3911 Salus

1916 3943 2018 3994 tua
2043 3953 2156 4008 ego
2193 3954 2348 4006 sum,
2379 3961 2406 3986 ››
2437 3943 2644 3994 eteam
2674 3938 2947 3996 salvabit.
2990 3943 3054 3996 Et
3078 3945 3218 3997 tunc
3236 3957 3366 4009 nos,
3395 3948 3565 4014 pater

1915 4026 2116 4090 simul,
2153 4042 2224 4082 ac
2261 4032 2468 4092 mater,
2498 4025 2683 4082 teneri
2709 4033 2766 4084 et
2801 4029 2996 4097 mites,
3022 4029 3248 4085 nedum
3309 4029 3443 4086 duri
3493 4046 3564 4086 ac

1909 4115 2076 4186 justa
2111 4115 2200 4169 ira
2226 4114 2407 4186 pleni,
2443 4113 2547 4169 ﬁlii
2573 4121 2847 4172 amantes
2879 4116 3100 4172 erimus
3129 4136 3142 4186 ;
3176 4123 3233 4172 et
3257 4118 3422 4190 quod
3485 4118 3566 4174 ad

1916 4207 1970 4258 te
1997 4207 2244 4274 spectat,
2267 4201 2418 4258 bene
2457 4204 2868 4274 pmuitentiam
2901 4210 3177 4274 agentem
3208 4211 3265 4263 et
3285 4206 3362 4263 ad
3401 4206 3565 4280 prio-

1917 4308 2042 4347 rem
2077 4295 2312 4364 Deoque
2348 4291 2626 4348 dilectam
2687 4293 2868 4350 vitam
2919 4296 3293 4364 redeuntem,
3329 4296 3566 4370 providi

215 4403 401 4440 σεται·
432 4394 539 4447 πῶς
561 4389 652 4436 καὶ
717 4389 832 4436 τίνα
888 4388 1125 4456 τρόπον;
1180 4382 1384 4436 ’Ἑλαιον
1446 4381 1663 4452 ἐπιχέας
1719 4385 1807 4432 καὶ

1920 4381 2164 4448 erimus,
2195 4396 2268 4436 ne
2283 4396 2488 4436 eorum
2501 4397 2638 4454 quas
2653 4381 2732 4437 ad
2744 4397 2988 4440 cursum
3004 4385 3320 4442 conferunt
3332 4385 3566 4444 defectu

212 4476 402 4536 ἐπιθεὶς
455 4471 816 4546 καταδέσμους
863 4472 960 4542 (6),
1009 4475 1196 4544 μηκέτι
1286 4478 1376 4521 τοῦ
1451 4469 1609 4520 καλοῦ
1687 4468 1807 4540 μήτ’

214 4564 656 4631 ἀποσαλευθῆναι,
722 4563 838 4634 μήτ’
894 4562 1043 4620 αὐθις
1096 4558 1477 4633 ἀπορραγῆναι,
1545 4554 1806 4629 μηδαμως

214 4655 446 4714 ἀνιέντας
479 4675 491 4685 ο
525 4660 615 4704 xui
670 4657 785 4703 τότε
836 4653 901 4702 τὰ
961 4650 1156 4721 ἰάματά
1221 4667 1314 4700 σου
1363 4651 1504 4718 ταχὺ
1559 4645 1805 4708 ἀνατελεί,

212 4749 305 4796 καὶ
369 4748 604 4816 πρωίμον
663 4741 954 4815 ῥαγήσεταί
1019 4758 1104 4790 σοι
1167 4742 1223 4790 τό
1279 4745 1378 4809 φῶς
1441 4737 1517 4806 (7)
1580 4742 1672 4793 την
1719 4736 1807 4787 νύν

213 4837 545 4904 κατέχουσαν
615 4833 962 4902 σκοτόμαιναν
1015 4832 1104 4880 xui
1177 4825 1343 4898 ἀχλὺν
1418 4824 1536 4881 ὅλην
1605 4819 1805 4876 διωσά-

211 4941 361 4998 μενον
389 4925 478 4973 καὶ
532 4918 862 4980 ἀποτινάξαν,
922 4921 1009 4968 καὶ
1061 4918 1198 4976 ῐασις
1249 4922 1310 4986 τῇ
1378 4923 1442 4986 σῇ
1502 4918 1658 4986 σαρκὶ
1716 4919 1805 4966 καὶ
1863 4913 2126 4986 ἐπιμελεια
2180 4919 2462 4983 γενώσεται
2526 4920 2629 4972 τοῖς
2685 4917 2878 4974 ὀστέοις
2934 4915 3028 4982 (8),
3084 4919 3173 4966 καὶ
3249 4921 3311 4986 τῇ

1909 4470 2213 4540 dejiciaris
2239 4469 2592 4524 et'indolens
2622 4470 2924 4544 ofﬁciique
2953 4471 3290 4545 despiciens
3329 4474 3441 4532 tias
3469 4493 3482 4540 ;
3511 4477 3567 4531 et

1919 4559 2322 4616 concedamus
2358 4559 2520 4631 quod
2553 4559 2653 4615 tibi
2693 4561 2963 4618 sufﬁcere
3006 4563 3216 4635 possit,
3277 4571 3564 4636 quatuor-

1919 4649 2116 4705 decim
2147 4663 2365 4719 nempe
2398 4647 2527 4703 auri
2566 4646 2810 4718 talenta,
2848 4649 3000 4706 mille
3039 4667 3254 4707 aureos
3281 4665 3565 4706 nummos

1919 4737 2323 4808 adaequantia.
2345 4736 2595 4792 Tantam
2621 4737 2798 4806 igitur
2821 4739 3076 4794 dicimus
3098 4738 3223 4794 fore
3251 4743 3416 4794 tuam
3430 4752 3565 4809 par-

1921 4833 2057 4894 tem,
2085 4825 2201 4879 site
2219 4824 2447 4880 bonum
2471 4824 2851 4880 converteris.

3404 4914 3559 4988 ψυχῇ

215 5031 311 5065 σου
364 5015 625 5084 προσερεῖ,
683 5029 702 5056 ι
768 5010 1004 5078 Σωτηρία
1054 5007 1149 5057 σού
1203 5004 1310 5075 εἰμι
1355 5001 1454 5073 ἐγώ
1529 5007 1630 5072 (9),
1689 5025 1716 5052 ››
1783 5005 1873 5056 καί
1941 5008 2181 5062 σεσωκὼς
2252 5003 2413 5059 αὐτὴν
2489 5004 2656 5054 ἔσται.
2739 5006 2838 5054 Καὶ
2919 5006 3084 5052 τοίνυν
3154 5005 3319 5076 ἡμεῖς,
3391 5009 3562 5078 πατὴρ

287 5153 362 5223 (t)
391 5149 731 5223 Legendum
762 5145 1131 5223 for-sanitas.

287 5217 363 5295 ('2')
378 5222 620 5295 Videtur
639 5217 913 5295 nonpihil
937 5217 1167 5295 deesse.

391 5292 588 5350 Matth.
625 5307 696 5346 χι.
730 5291 844 5345 302
927 5295 969 5339 0
1025 5289 1126 5360 γάρ
1188 5291 1341 5358 ζυφός
1387 5305 1486 5358 μου
1545 5288 1806 5359 χρηστὸς,

217 5370 309 5418 xui
333 5385 389 5417 το
421 5369 627 5438 φορτίον
655 5381 754 5434 μου
777 5359 989 5438 ἐλαφρόν
1011 5359 1150 5410 ἐστιν

289 5438 368 5507 (4)
395 5427 602 5492 Cenes.
636 5427 713 5501 li],
787 5437 842 5507 t7
874 5427 1435 5507 ':'A'E1nxuru‘ouroiﬁ
1493 5433 1561 5496 γῆ
1599 5427 1659 5507 ’ἐν
1709 5433 1812 5507 τρῖς

791 5502 1014 5562 ἀκάνθας
1078 5505 1164 5553 xui
1211 5495 1515 5568 ’τριϐόλους
1589 5495 1814 5549 ἀνατελεί

215 5510 385 5580 ἔργοις
454 5525 548 5558 σου

217 5599 326 5648 σοι,
1497 5621 1520 5642 ,

2013 5147 2068 5208 5)
2108 5143 2353 5198 Zachar.
2391 5159 2428 5198 ι.
2447 5145 2500 5205 3,

2015 5213 2248 5292 6)_Lu§.
2321 5229 2376 5281 Χ,
2433 5215 2562 5292 ξΜέ
2622 5209 2896 5271 Κατεδησε
2958 5216 3023 5266 τὰ
3072 5218 3350 5288 τραύματα
3405 5218 3564 5271 αὐτοῦ

1919 5286 2148 5356 ἐπεχέων
2184 5284 2349 5335 auio»
2371 5288 2459 5334 xui
2484 5284 2636 5337 οἶνον.

1991 5355 2065 5423 (7)
2093 5355 2229 5409 lsai.
2259 5371 2386 5418 Lvu,
2409 5358 2462 5410 8.

1993 5430 2072 5497 (8)
2102 5425 2375 5481 Proverb.
2414 5440 2490 5491 ιιι,
2516 5427 2568 5484 8,

1993 5500 2064 5566 (9)
2087 5497 2304 5552 Psalm.
2324 5510 2522 5561 xum,
2552 5498 2604 5550 3.
