4054 6212
556 286 695 345 M95

1906 274 2285 338 NICEPHORI
2305 274 2571 335 CHUMN!

3713 296 3813 353 1496

554 410 689 485 όμοῦ
713 412 803 463 καὶ
823 412 1020 482 μήτηρ,
1046 410 1136 461 καὶ
1156 406 1265 480 μετ’
1289 406 1376 480 ἔμε
1406 403 1557 471 αὖθις
1599 410 1802 483 μήτηρ,
1845 404 2124 479 μειλίχιοι,
2169 409 2473 478 προσηνεῖς,
2529 400 2643 455 ἀντὶ
2697 408 2792 465 τῆς
2843 408 2932 456 νῦν
2983 401 3294 469 ἱπιπλήξιως
3336 425 3419 459 και
3455 404 3639 474 δικαίας
3684 415 3815 491 ὀργῇς,

558 496 812 574 φιλόπαιδ
815 518 864 560 ες
894 497 1117 570 ἐσόμεθα
1143 516 1233 550 και
1253 499 1313 550 τὸ
1340 497 1422 552 ἐπὶ
1446 502 1551 570 σοί,
1581 497 1746 560 καλῶς
1766 498 2108 572 μετεγνωκότι
2132 512 2223 548 και
2260 495 2386 565 πρός
2423 495 2516 551 τὴν
2554 496 2734 567 πρώην
2759 490 3022 546 πολιτείαν
3048 497 3144 553 τὴν
3164 512 3253 548 και
3277 502 3386 566 Θεῷ
3433 498 3567 570 φῦιην
3605 490 3814 573 ἕπανιόντι,

556 589 618 643 οὐ
671 594 773 662 μὴν
828 587 954 640 ἀλλὰ
1001 606 1091 639 και
1140 589 1449 661 προμηθεῖς,
1521 590 1603 640 ἵνα
1655 592 1727 660 μὴ
1786 596 1848 647 τῆ
1907 584 2128 656 ἐκλείψει
2178 590 2278 635 τῶν
2334 584 2692 636 συντεινόντων
2711 584 2842 657 πρὸς
2871 584 2959 635 τόν
2984 579 3182 658 δρόμον
3212 584 3398 655 ἐγκοπή
3431 605 3508 639 σοι
3556 592 3719 659 γένοιτο
3756 597 3815 650 xiii

556 680 813 755 ῥᾳθυμία,
856 695 947 728 και
993 695 1053 747 γε
1107 675 1201 728 τόῦ
1258 674 1675 749 σπουδασματος
1707 676 1975 750 ὀλιγωρία,
1999 694 2089 726 και
2117 675 2492 745 χορηγήσομεν
2552 667 2620 729 δὴ
2684 673 2744 723 τό
2804 669 3055 744 ἀποχρῶν
3116 674 3374 741 καθάπαξ,
3422 686 3611 748 χρυσοῦ
3666 677 3812 743 δηλαδὴ

557 766 782 819 τάλαντα
809 768 1034 838 τέτταρα
1050 765 1140 816 κοὶι
1171 761 1321 833 δέκα,
1345 765 1532 837 χιλίων
1557 764 1917 839 ἀπαρίθμησιν
1942 764 2277 836 νομισμάτων
2300 756 2581 820 δηλοῦντα.
2606 766 2867 815 Τοσοῦτον
2890 763 2989 835 γὰρ
3014 782 3177 836 φαμεν
3198 760 3324 817 εἶναι
3343 783 3427 817 και
3447 768 3501 818 τό
3530 766 3747 823 ἐπιϐάλλον
3765 792 3817 827 σοι

559 859 716 930 μέρος
743 854 846 925 (1),
879 852 928 906 ἐν
958 853 1243 927 ἐπιστροφῇ
1289 850 1531 912 δηλονότι
1550 862 1642 908 τοῦ
1670 854 1830 907 καλοῦ
1852 856 2109 925 γεγονότι.

629 946 705 1001 Te
728 958 893 1011 vero,
924 941 1204 999 ultimum
1226 947 1284 1000 et
1306 943 1621 1017 reliquum,
1644 948 1708 1000 ut
1733 942 2029 1013 dicebam,
2051 956 2210 998 meo-
2242 944 2288 997 Α

559 1048 699 1090 rum
718 1031 1001 1101 ﬁliorum,
1021 1030 1329 1088 Nicolaum
1349 1032 1782 1100 meum,nescio
1798 1047 1934 1104 quae
1948 1029 2212 1103 etqualis

560 1126 616 1180 te
641 1126 884 1180 maneat
908 1122 1168 1191 fortuna,
1199 1121 1304 1178 ubi
1337 1122 1458 1179 vita
1483 1138 1619 1179 mea
1659 1121 1845 1178 fracta
1878 1121 2007 1189 erit,
2072 1135 2211 1176 cum

563 1211 716 1270 adeo
749 1211 1111 1284 imperfecta:
1140 1210 1329 1267 astatis
1360 1211 1463 1280 sis,
1491 1226 1689 1283 neque
1746 1209 2211 1267 adolescentiam

561 1298 913 1359 absolveris.
927 1302 1203 1369 Magnam
1214 1314 1357 1356 vero
1368 1299 1652 1356 ﬁduciam
1669 1302 1951 1371 praestant
1962 1312 2212 1371 eamque

558 1388 823 1448 validam
852 1388 940 1445 tui
965 1403 1189 1457 mores,
1230 1389 1361 1459 jam
1417 1387 1496 1444 ad
1552 1386 1777 1444 bellum
1834 1386 2083 1444 accincti
2141 1401 2212 1442 ac

558 1478 753 1535 bonas
775 1492 915 1550 spes
938 1477 1115 1533 nobis
1138 1476 1381 1549 polliciti
1416 1496 1433 1549 ;
1458 1476 1668 1533 incutit
1698 1492 1839 1533 vero
1866 1475 2013 1532 mihi
2040 1475 2211 1532 timo-

560 1583 688 1625 rem
714 1582 880 1624 mors
899 1565 1256 1639 plerumque
1272 1565 2059 1638 improvisasuperveniens,
2074 1580 2211 1620 cum

560 1672 760 1729 neque
789 1655 951 1712 diem
981 1655 1307 1712 crastinam
1332 1656 1530 1711 videre
1544 1655 1682 1711 certi
1698 1655 1906 1711 simus.
1924 1654 2037 1711 Sed
2052 1653 2112 1710 id
2134 1654 2213 1710 ad

561 1761 660 1803 me
690 1745 895 1802 attinet
924 1789 937 1814 ,
957 1744 1060 1801 sed
1102 1747 1161 1801 et
1189 1748 1289 1801 tua
1300 1748 1661 1801 teneramtas
1674 1759 1770 1800 me
1782 1744 1857 1801 ad
1877 1742 2214 1800 timendum

560 1834 808 1901 inducit,
840 1848 977 1907 quae
996 1831 1270 1889 nondum
1306 1849 1401 1890 res
1458 1832 1615 1890 valet
1665 1832 1934 1905 accipere
1991 1847 2214 1905 easque

561 1938 766 1995 gerere
798 1941 814 1990 ι
854 1923 1036 1980 timeo
1055 1938 1133 1979 ne
1154 1923 1322 1994 forte,
1356 1938 1496 1979 cum
1518 1923 1599 1979 sis
1624 1923 1848 1993 junior,
1900 1926 2068 1994 patre
2108 1927 2211 1980 tuo

557 2016 817 2083 mortuo,
832 2026 1013 2068 nemo
1036 2015 1089 2068 te
1107 2014 1380 2084 protegat
1395 2025 1769 2084 manumque
1791 2010 1896 2067 tibi
1922 2013 2214 2083 porrigat,

558 2105 615 2159 te
641 2100 720 2160 ad
736 2100 987 2159 meliora
1021 2100 1223 2158 verbis
1250 2105 1307 2157 et
1330 2100 1620 2173 exemplis
1639 2100 1969 2168 ducturus;
2003 2116 2074 2157 ac
2115 2100 2216 2158 de-

558 2191 697 2249 inde
728 2207 803 2249 ne
831 2195 956 2248 tam
981 2190 1159 2248 bonae
1182 2189 1824 2261 indolisnihiljamtibi
1845 2189 2123 2263 supersit,
2163 2190 2215 2247 si

559 2280 808 2339 inimica
832 2280 1071 2338 fortuna
1090 2278 1371 2337 ﬂuctibus
1388 2279 1624 2337 latuerit
1639 2278 2002 2353 dmmonque
2019 2278 2214 2337 malus

558 2373 616 2428 te
636 2369 964 2428 tentaverit.

556 2460 706 2514 πλέον
814 2460 980 2531 ἔσται,

557 2570 657 2611 νος.

630 2638 745 2697 Sed
773 2636 922 2712 quid
942 2636 1089 2693 mihi
1106 2637 1236 2694 haec
1247 2640 1386 2693 sunt
1414 2637 1444 2694 ?
1466 2636 1554 2695 Sis
1582 2635 1918 2695 misericors
1940 2652 2010 2693 ac
2029 2635 2185 2694 bene

556 2727 745 2795 volus,
782 2726 889 2799 qui
917 2726 1163 2783 multam
1191 2726 1252 2783 in
1288 2726 1511 2783 Christo
1538 2726 1817 2783 virtutem
1853 2742 1923 2782 ac
1985 2730 2202 2798 poten-

556 2815 705 2874 tlam
731 2813 988 2887 adeptus
1008 2829 1092 2883 es,
1107 2812 1297 2870 multa
1328 2817 1657 2885 unguenta,
1679 2812 2204 2883 multasmiracula,

557 2906 762 2961 sancte
792 2918 863 2961 ac
891 2917 1110 2973 magne
1136 2901 1391 2971 Nicolae,
1415 2901 2049 2973 indigentiumardens
2072 2918 2206 2975 pro-

555 2997 762 3063 tector,
785 2992 865 3050 ad
894 3008 1079 3066 quem
1108 3007 1221 3064 ego
1259 3007 1464 3049 meum
1499 2992 1953 3049 dilectissimum
2014 2991 2207 3050 ﬁlium

554 3081 769 3146 ferens,
840 3098 873 3139 e
939 3082 1225 3138 maternis
1288 3080 1619 3138 visceribus
1690 3087 1981 3154 ereptum,
2045 3097 2205 3139 com-

554 3171 691 3229 misi
716 3175 773 3228 et
796 3170 1142 3228 consecravi
1170 3189 1187 3242 ;
1218 3174 1274 3227 et
1298 3169 1556 3227 multum
1581 3169 1717 3226 ideo
1738 3170 1973 3227 ﬁduciae
1994 3170 2203 3239 habui,

556 3259 723 3334 quod
748 3260 915 3333 prius
945 3259 1215 3316 maxima
1241 3274 1311 3316 ac
1333 3258 1552 3316 deinde
1580 3262 1692 3316 tute
1716 3275 1859 3333 erga
1889 3275 1986 3316 me
2032 3259 2208 3317 boni-

557 3349 691 3405 tatis
720 3348 1224 3423 protectionisque
1254 3347 1597 3406 testimonia
1616 3348 1807 3418 retuli,
1859 3348 1966 3405 etsi
2013 3350 2208 3419 ingra-

1086 2455 1376 2533 δυσμενοῦς
1466 2459 1642 2532 τύχης

1741 2456 2176 2538 ἕναποκρυϐείσης
2265 2461 2533 2535 κευθμῶσι
2628 2481 2717 2514 και
2805 2464 3142 2535 πειραθείσης

2395 943 2454 996 Σε
2519 938 2580 996 δι
2625 944 2714 995 τὸν
2765 942 2992 997 ὕστατόν
3044 962 3136 1017 μοι
3195 964 3285 997 και
3338 944 3525 1013 λοιπὸν,
3585 948 3687 1025 ὅπερ
3722 951 3818 1024 ἶγην,

2322 1038 2422 1083 τῶν
2468 1027 2693 1100 παίδων,
2756 1035 2844 1084 τόν
2892 1032 3010 1106 ἐμὸν
3061 1033 3333 1101 Νικόλαον,
3390 1035 3481 1088 οὐκ
3518 1032 3628 1090 οἶδα
3686 1046 3748 1102 τίς
3785 1044 3822 1094 ἂν

2323 1139 2412 1172 και
2440 1125 2568 1174 ποία
2623 1119 2943 1184 ύποδίξηται
2993 1125 3160 1195 τύχη,
3221 1133 3318 1185 τῆς
3374 1128 3505 1187 ζωῆς
3543 1125 3642 1198 ἐμοί
3672 1132 3825 1199 τμηθιίο

2327 1228 2445 1281 σης,
2505 1208 2554 1262 ἐν
2610 1209 2771 1272 οὑτως
2820 1209 2988 1265 ἀτελεῖ
3042 1231 3131 1264 σοι
3183 1215 3520 1271 καθεστηκότι
3569 1223 3623 1288 τῇ
3684 1216 3823 1290 ἡλικίᾳ,

2321 1318 2413 1351 και
2478 1303 2632 1371 μήπω
2696 1304 2791 1357 τὴν
2877 1305 3186 1376 μειρακικὴν
3252 1302 3639 1375 παραμείψαντι.
3686 1303 3828 1360 Δίδωοι

2322 1393 2412 1463 μὲν
2454 1393 2556 1461 γὰρ
2608 1388 2810 1464 θαρῥεῖν
2866 1410 2955 1444 και
3004 1391 3167 1444 πολλὰ
3221 1387 3416 1445 δίδωσι
3474 1392 3654 1469 θαρρεῖν
3691 1397 3712 1448 ό
3751 1405 3829 1471 τρία

2322 1499 2432 1541 πος,
2492 1481 2987 1555 παραγυμνούμενος
3038 1477 3145 1540 ἤδη
3232 1501 3320 1535 και
3399 1484 3488 1544 τὰς
3555 1491 3833 1559 χρηστοτέρας

2322 1568 2447 1643 ἡμῖν
2476 1573 2882 1642 μνηστευόμενος
2923 1579 3024 1621 ’ῶν
3081 1566 3306 1623 ἕλπίδων
3366 1587 3379 1604 ⁶
3436 1570 3569 1644 φοϐεῖ
3618 1570 3671 1626 δέ
3716 1593 3763 1647 με
3795 1581 3832 1627 τό

2323 1665 2414 1713 τοῦ
2457 1660 2678 1712 θανάτου
2731 1656 3038 1734 ἀπροόπτως
3093 1661 3158 1712 τὰ
3219 1659 3385 1713 πολλὰ
3434 1659 3583 1727 ἔπιόν,
3634 1682 3707 1715 και
3743 1663 3836 1736 μηδι

2324 1752 2441 1823 περί
2488 1755 2578 1809 τῆς
2632 1750 2809 1823 αὔριον
2890 1745 3161 1822 μηδεμιᾶς
3240 1749 3403 1812 ούσης
3474 1750 3667 1822 ἐγγύης.
3731 1752 3837 1806 Ἀλλὰ

2322 1838 2587 1910 τοῦτομὲν
2609 1836 2732 1909 ίμοῦ
2756 1839 2919 1913 χάριν
2951 1859 2965 1874 ο
2988 1837 3151 1891 πολλὰ
3207 1835 3269 1893 δέ
3324 1859 3412 1891 και
3466 1843 3523 1892 τό
3569 1846 3648 1893 σόν
3700 1841 3837 1895 ἁπαλὸν

2325 1923 2373 1979 ἕν
2426 1930 2602 2000 χρόνῳ
2652 1922 2964 1995 δεδίττεται,
3024 1947 3114 1980 και
3167 1931 3225 1981 τό
3281 1931 3413 2002 πρὸς
3454 1926 3718 2000 ἀντιλήψεις
3773 1940 3835 1983 τῶν

2324 2017 2644 2089 πραγμάτων
2694 2015 2800 2088 ούχ
2843 2016 2949 2069 οἶόν
2995 2036 3051 2070 τε
3119 2019 3195 2070 ἔτι
3270 2017 3439 2071 αὐτῶν
3510 2017 3777 2091 ἐφικνεῖσθαι
3827 2039 3837 2056 ο

2325 2122 2417 2156 και
2448 2099 2765 2173 δεδίττεται,
2797 2108 2870 2178 μή
2906 2108 3028 2158 ποτέ
3084 2124 3168 2158 σοι
3226 2111 3450 2181 νεωτέρῳ
3506 2110 3622 2174 ὄντι,
3674 2126 3744 2159 και
3777 2110 3839 2159 θα-

2324 2194 2460 2264 νάτῳ
2507 2195 2594 2245 τόν
2645 2198 2846 2269 πατέρα
2904 2192 3296 2269 ἁποϐαλομίνῳ,
3354 2195 3449 2249 ούκ
3502 2195 3720 2251 inuam
3767 2217 3836 2263 τις,

2322 2276 2446 2335 ούδε
2474 2300 2532 2353 γε
2562 2289 2723 2357 χεῖρα
2761 2282 2947 2357 ὁρέξοι,
3002 2283 3086 2337 ἐπι
3133 2286 3200 2337 τὰ
3256 2283 3446 2359 βελτίω
3493 2282 3749 2347 διαδεικνὺς
3780 2306 3837 2337 και

2318 2370 2786 2444 προσεμϐιϐάζωνο
2828 2374 2939 2426 εἶτα
2979 2381 3076 2436 τῆς
3132 2372 3336 2447 ἀγαθῆς
3385 2394 3579 2447 φύσεως
3634 2372 3754 2429 ούδίν
3784 2395 3839 2428 σοι

3240 2460 3487 2539 δαίμονος
3587 2462 3835 2537 κακοδαίμο-

2389 2638 2548 2693 Ἀλλᾰ
2610 2644 2663 2693 τί
2712 2642 2906 2694 τούτων
2954 2641 3110 2715 ἕμοί;
3171 2642 3318 2705 ἵλεως
3382 2663 3473 2716 μοι
3535 2664 3615 2698 και
3690 2644 3839 2716 εὐμενὲς

2318 2731 2426 2792 εἴης
2484 2730 2510 2781 ό
2562 2729 2717 2792 πολύς
2763 2733 2854 2804 μὶν
2898 2730 2946 2784 ἓν
3012 2739 3229 2807 Χριστῷ
3276 2729 3498 2806 δύναμιν
3540 2753 3621 2786 και
3692 2732 3841 2807 παῤῥηυ

2319 2822 2460 2888 σίαν,
2503 2818 2660 2882 πολύς
2708 2815 2767 2872 δι
2814 2838 2904 2871 και
2948 2822 3015 2873 τὰ
3067 2824 3231 2896 μύρα,
3290 2822 3447 2884 πολὺς
3498 2842 3582 2876 και
3638 2824 3693 2875 τὰ
3755 2824 3839 2874 Orio

2315 2926 2456 2981 ματα
2489 2908 2589 2980 (2),
2656 2909 2683 2961 ό
2746 2910 2932 2985 θερμός
2986 2916 3086 2962 τῶν
3128 2906 3472 2985 ἕπιδεομένων
3515 2912 3786 2987 προστάτης,
3824 2910 3841 2960 ὀ

2320 2997 2453 3071 ἱερός
2509 3016 2600 3049 και
2653 3001 2816 3070 μέγας
2905 2997 3185 3065 Νικόλαος,
3263 3004 3398 3076 πρὸς
3455 3002 3507 3054 ὃν
3574 3001 3661 3073 ἐγὼ
3733 3004 3843 3073 φέρων

2319 3085 2473 3138 αὐτόν
2502 3106 2593 3159 μοι
2626 3090 2710 3140 τὸν
2760 3086 3024 3160 φίλτατον,
3082 3087 3204 3164 ἄρτι
3252 3097 3354 3142 τῶν
3398 3098 3650 3166 μητρικών
3702 3086 3843 3141 ὠδίνων

2319 3174 2620 3248 ἐκραγέντα,
2669 3177 2866 3251 θερμῶς
2944 3180 3233 3242 πιστεύσας
3321 3179 3553 3239 ἱνέθῆκα.
3609 3199 3686 3231 και
3746 3177 3842 3250 μαλε

2316 3283 2370 3316 τι
2416 3272 2488 3335 τῷ
2538 3261 2768 3338 δόγματι
2824 3286 2913 3318 και
2971 3266 3188 3320 πλεῖστα
3216 3287 3309 3321 και
3357 3269 3553 3343 μεγάλα
3597 3266 3843 3342 τεθάρῥηκα,

2319 3358 2577 3427 τεκμήρια
2598 3357 2904 3427 παμμεγέθη
2966 3359 3210 3431 πρότερον
3260 3377 3355 3410 και
3417 3358 3627 3422 καθεξῆς
3677 3355 3743 3409 ἀεί
3783 3363 3844 3413 τῆς

556 3443 651 3494 tus
687 3438 815 3510 ipse
846 3436 1151 3494 miraculis
1190 3437 1352 3493 visus
1375 3453 1529 3509 sum,
1586 3436 1669 3493 ita
1713 3442 1779 3493 ut
1815 3437 2209 3494 metuendum

2324 3452 2423 3507 σῆς
2474 3449 2592 3519 περί
2648 3444 2736 3520 ἐμὲ
2785 3444 3168 3522 φιλανθρωπίας
3245 3468 3339 3501 και
3410 3455 3709 3521 προστασίας
3761 3445 3843 3497 inrt-

554 3527 755 3600 potius
774 3526 1027 3597 mihisit,
1046 3541 1121 3583 ne
1143 3541 1279 3582 mea
1300 3525 1579 3600 improba
1597 3530 1653 3583 et
1675 3542 1860 3600 prava
1882 3526 2004 3583 vita
2055 3526 2212 3583 ﬁlius

557 3631 681 3673 non
711 3617 773 3672 in
799 3616 1031 3673 bonum
1062 3620 1282 3674 utatur.
1320 3615 1481 3673 Unde
1507 3621 1565 3673 et
1588 3632 1624 3672 a
1646 3632 1741 3673 me
1763 3616 1858 3673 ille
1880 3617 2211 3689 sejunctas,

558 3710 616 3762 et
643 3711 749 3763 tua
778 3705 908 3763 sola
944 3706 1308 3777 protectione
1340 3706 1650 3763 conﬁdens
1678 3723 1748 3763 ac
1780 3707 1981 3764 vivens
2004 3713 2212 3781 etope-

556 3811 721 3863 rans,
751 3794 999 3852 meliora
1031 3794 1220 3853 multo
1246 3811 1429 3869 quam
1463 3811 1571 3869 pro
1604 3796 1820 3853 nostris
1847 3798 2123 3870 precibus
2143 3813 2213 3854 ac

556 3884 860 3942 voluntate
888 3884 1118 3941 referet.
1151 3887 1313 3941 Tunc
1343 3885 1539 3955 igitur,
1577 3886 1681 3958 qui
1721 3901 1860 3941 eum
1894 3886 1998 3943 tibi
2024 3886 2214 3943 infan-

556 3975 750 4033 tulum
778 3979 843 4031 ut
880 3990 1120 4032 servum
1150 3974 1471 4049 acceperis,
1494 3981 1549 4032 et
1579 3991 1762 4044 nunc,
1794 3982 1859 4033 ut
1879 3977 1961 4033 ita
1990 3976 2211 4046 dicam,

557 4069 661 4123 tua
690 4064 883 4138 gratia
918 4064 1132 4121 emeris
1157 4069 1214 4121 et
1244 4080 1280 4121 a
1336 4063 1512 4120 nobis
1572 4063 1859 4121 traditum
1907 4064 2211 4133 habueris,

556 4154 781 4224 adjuva
817 4168 957 4209 eum
988 4158 1043 4209 et
1062 4152 1251 4210 libera
1274 4153 1352 4209 ab
1384 4151 1667 4208 omnibus
1693 4151 1951 4219 insidiis,
1980 4155 2215 4226 tuisque

554 4242 664 4300 alis
694 4257 831 4298 eum
852 4241 1245 4308 obumbrans,
1267 4241 1320 4298 ei
1350 4242 1615 4315 requiem
1638 4241 1913 4314 praebeas
1947 4242 2072 4300 sole
2093 4242 2214 4301 diei

558 4335 712 4397 usto,
750 4333 806 4386 et
825 4331 1053 4401 sagittis
1081 4331 1142 4386 in
1167 4330 1262 4387 die
1319 4330 1660 4388 volantibus
1716 4331 2059 4396 vulnerato,
2110 4348 2213 4389 ne-

557 4435 676 4495 que
696 4419 1005 4492 permittas
1033 4435 1173 4477 eum
1201 4420 1348 4477 luna
1378 4436 1484 4493 per
1516 4428 1756 4478 noctem
1783 4427 1886 4478 aut
1911 4438 1947 4479 a
2003 4423 2214 4481 timore

557 4516 851 4569 nocturno
867 4516 925 4569 et
942 4528 978 4568 a
999 4512 1267 4585 qualibet
1292 4528 1354 4569 re
1371 4513 1836 4587 perambulante
1858 4516 1918 4571 in
1953 4514 2212 4571 tenebris

559 4600 787 4657 turbari
824 4604 881 4657 et
900 4601 1056 4674 capi.
1090 4602 1154 4658 Et
1180 4601 1297 4658 hoc
1336 4601 1520 4659 modo
1560 4617 1699 4658 eum
1733 4601 1811 4659 ab
1842 4604 2008 4659 omni
2045 4602 2211 4661 malo

554 4690 892 4747 immunem
912 4706 1132 4760 serves,
1155 4692 1342 4747 vitam
1366 4690 1495 4762 ejus
1516 4690 1577 4746 in
1590 4689 1765 4747 bonis
1782 4690 2028 4762 dirigas,
2050 4707 2214 4748 eum-

556 4794 675 4853 que
703 4784 998 4854 quantum
1026 4779 1161 4837 licet
1181 4778 1494 4837 defendas.
1536 4778 1757 4835 Deinde
1784 4779 1865 4835 ita
1923 4795 2031 4852 per
2081 4796 2212 4836 om-

557 4885 699 4926 nem
728 4869 1005 4927 virtutem
1035 4868 1307 4933 ductum,
1342 4872 1398 4924 te
1428 4867 1602 4936 duce,
1637 4872 1694 4924 et
1722 4866 1967 4924 ductore
1996 4872 2050 4924 et
2082 4885 2216 4941 pro~

558 4962 798 5026 tectore,
844 4958 1073 5014 Christo
1096 4961 1486 5030 repraesentes
1513 4955 1574 5011 in
1600 4960 1892 5013 aeternum
1917 4956 2217 5015 exsultan-

557 5049 678 5102 tem
708 5050 765 5102 et
788 5060 1061 5118 supernae
1092 5044 1479 5103 beatitudinis
1511 5043 1813 5101 hmredem
1866 5046 2213 5104 constituas.

638 5222 1026 5299 (l)l.uc,_xv,
1087 5225 1149 5277 l2
1201 5239 1214 5278 :
1268 5224 1457 5299 Πάτερ,
1522 5217 1611 5283 δός
1672 5242 1763 5295 μοι
1824 5224 1882 5276 τό
1946 5222 2216 5277 ἐπιϐάλλον

555 5299 721 5369 μέρος
874 5295 1077 5369 misria:-

638 5363 739 5439 (2).
791 5364 1040 5439 Nicolai‘
1072 5363 1176 5439 ﬁlii
1224 5370 1533 5439 patronus,
1593 5380 1777 5439 quem
1821 5365 2068 5439 invocat
2123 5365 2216 5437 pie

559 5435 845 5509 Chumys,
880 5438 937 5492 S.
979 5435 1696 5509 Nicolau's,‘Myrorum’in
1756 5436 1932 5509 ania
1977 5435 2215 5509 episco-

557 5524 693 5580 pus,
725 5506 1185 5580 cognominatus
1224 5506 1334 5580 fuit
1361 5506 1716 5580 Myroblytes
1738 5524 1807 5580 ac
1827 5506 2215 5580 'l‘haumatur-

560 5577 691 5648 gus.
716 5582 796 5637 De
812 5577 895 5637 'eo
922 5583 1115 5636 exstat
1152 5577 1459 5650 Lequienti
1509 5577 1849 5635 Dissertatio
1894 5579 1956 5635 id
2019 5578 2211 5636 Conti-

2320 3535 2647 3607 νεγκάμενος,
2690 3537 2732 3588 εἱ
2762 3555 2852 3587 και
2908 3535 3159 3609 ἀγνώμων
3206 3537 3365 3601 αὐτὸς
3418 3538 3593 3611 ἐφάνην
3638 3545 3725 3599 τοίς
3763 3536 3846 3588 9t}-

2320 3642 2505 3696 μασιν,
2558 3622 2691 3678 ὥστε
2750 3629 2869 3698 περί
2950 3629 3133 3679 τούτου
3203 3623 3324 3690 δέος
3399 3628 3600 3701 μᾶλλον,
3661 3632 3720 3699 μή
3782 3630 3846 3683 τῆς

2321 3711 2443 3785 ἐμῆς
2497 3713 2691 3786 φαύλης
2748 3734 2837 3766 και
2894 3722 3125 3791 πονηρᾶς
3180 3719 3442 3789 μενούσης
3479 3718 3610 3780 ζωῆς
3685 3717 3707 3768 ό
3762 3718 3846 3773 παῖς

2320 3800 2414 3854 οὐκ
2445 3801 2516 3863 εἰς
2544 3801 2697 3855 καλὸν
2727 3801 2975 3856 ἁπόναιτο
3010 3826 3022 3838 ο
3057 3804 3167 3858 ὃθεν
3226 3825 3319 3858 και
3375 3812 3546 3879 χωρίς
3587 3815 3714 3866 οῦτος
3742 3808 3845 3874 Ίτ¹⁶⁸

2320 3909 2487 3963 μενος,
2518 3911 2606 3943 και
2639 3890 2738 3944 ύπό
2782 3900 2843 3965 τῇ
2900 3900 2963 3965 σῇ
3020 3896 3183 3965 σκέπη
3236 3899 3368 3968 μόνη
3433 3916 3521 3948 και
3582 3895 3750 3969 θαρρῶν
3789 3909 3848 3941 καί

2322 3979 2423 4040 ζῶν
2473 4000 2560 4032 και
2612 3999 2971 4055 στρεοφμενος,
3021 3977 3123 4034 οἶδ’
3183 3984 3263 4035 ὄτι
3306 3982 3577 4057 ἀμεινόνων
3627 3983 3697 4036 ἐπί
3728 3978 3847 4044 πολλῷ

2320 4086 2410 4121 και
2458 4067 2728 4142 βελτιόνων
2782 4078 2882 4122 τῶν
2941 4070 3054 4123 κατ’
3109 4070 3273 4145 εύχήν
3338 4093 3430 4126 και
3478 4072 3707 4147 βούλῆσιν
3749 4070 3848 4139 ἡμῶν

2319 4160 2718 4231 πειραθήσετοιι.
2766 4165 2867 4212 Kal
2910 4168 3056 4231 γοῦν,
3101 4164 3170 4222 ὡς
3209 4180 3299 4215 και
3351 4167 3446 4222 τὴν
3507 4162 3666 4235 ἀρχὴν
3712 4157 3847 4231 ﬁam;

2322 4248 2476 4299 αὐτόν
2525 4247 2728 4306 οἰκέτην
2793 4248 3145 4322 παρειληφὼς,
3199 4269 3289 4303 και
3343 4259 3432 4304 νῦν
3481 4252 3679 4315 ὠνητὸν,
3720 4246 3847 4307 εἰπεῖν,

2320 4343 2415 4396 τῆς
2447 4344 2539 4396 σῆς
2579 4338 2802 4409 χάριτος
2846 4338 2970 4411 πάρ’
3021 4338 3166 4410 ἡμῶν
3222 4335 3618 4412 ἀποδιδόμενον,
3668 4337 3848 4389 εἰσποίῐ·

2322 4443 2431 4491 σαι,
2492 4444 2581 4476 και
2634 4426 2762 4500 ρύου
2807 4429 2895 4498 μὲν
2948 4425 3025 4478 ἀεί
3072 4428 3251 4488 πάσης
3299 4428 3357 4481 ἐκ
3405 4424 3628 4500 παγίδος
3667 4423 3847 4497 “prio”

2320 4531 2404 4575 τος
2434 4514 2648 4582 (3),ύπό
2672 4510 2730 4567 δὲ
2752 4514 2847 4577 τὰς
2896 4516 2990 4575 σὰς
3064 4520 3323 4589 πτέρυγας
3388 4520 3608 4577 σκιάσας
3677 4512 3847 4565 ἀνάπαυε

2320 4603 2445 4674 μήθ’
2485 4604 2679 4677 ἡμέρας
2753 4612 2825 4674 τῷ
2898 4603 3028 4675 ἡλίῳ
3104 4610 3479 4678 συγκαιόμενον
3556 4624 3639 4656 και
3721 4599 3845 4672 ᾠλγό-

2322 4709 2471 4763 μενον
2507 4710 2595 4743 και
2663 4699 2773 4754 τοὶς
2841 4692 2889 4745 ἐν
2951 4692 3082 4752 άύτῆ
3146 4714 3440 4768 πετομενοις
3508 4694 3845 4769 τιτρωσκόμενον

2324 4776 2521 4853 βελεσι,
2558 4784 2690 4851 μήτε
2724 4789 2787 4841 τῆ
2830 4781 3014 4840 σελὴνῆ
3052 4787 3144 4841 τὴν
3180 4788 3359 4852 νύκτα,
3398 4780 3531 4858 μηδ’
3596 4784 3685 4834 ύπό
3734 4774 3845 4849 φόϐου

2321 4876 2618 4942 νυκτερινοῦ
2652 4888 2741 4921 και
2798 4867 3113 4943 πράγμαδος
3175 4876 3393 4945 μητενός
3461 4872 3511 4925 ἐν
3571 4874 3724 4924 σκότει
3769 4860 3845 4917 δια·

2323 4962 2665 5032 πορευομένου
2726 4964 2858 5031 μήτε
2923 4965 3297 5034 ταραττόμενον
3366 4962 3492 5034 μήθ’
3558 4959 3841 5028 ἁλισκόμεναι

2328 5054 2424 5101 καί
2464 5055 2644 5100 τοῦτον
2675 5043 2743 5107 δὴ
2784 5051 2871 5101 τὸν
2907 5054 3094 5123 τρόπον
3165 5049 3319 5123 ἁθιγῆ
3390 5058 3553 5103 κακοῦ
3588 5049 3746 5104 παντὸς
3785 5057 3843 5092 πῖ·

2326 5224 2610 5281 nuatione
2636 5226 2877 5300 Memor.
2901 5223 3162 5300 Desmol.
3194 5231 3237 5286 t.
3269 5228 3336 5282 Vl
3368 5246 3393 5300 7;
3441 5242 3619 5300 quam
3665 5221 3845 5300 proptef

2325 5311 2546 5352 nomen
2574 5297 2826 5353 auctoris
2856 5312 2927 5353 ac
2946 5299 3251 5356 raritatem
3282 5292 3542 5355 indicare
3571 5292 3742 5351 visum
3770 5292 3841 5343 est

2326 5369 2568 5423 Exstant
2597 5373 2653 5423 et
2694 5368 2753 5423 in
2810 5367 2948 5424 cod.
2998 5371 3104 5425 400
3139 5369 3346 5426 inediti
3391 5370 3454 5426 in
3504 5370 3557 5424 S.
3606 5362 3843 5424 Nicolaum

2325 5438 2508 5494 Graeci
2535 5454 2766 5494 versus.

2396 5509 2715 5585 (‘5)APsalm.
2744 5526 2936 5585 CXXII},
2966 5517 2998 5567 7
3028 5529 3042 5580 ;
3078 5512 3136 5565 ’Π
3160 5511 3317 5583 ψυχὴ
3346 5514 3489 5585 ἡμῶν
3517 5513 3584 5574 ὡς
3628 5504 3841 5580 στρουθιω

2322 5578 2526 5653 ῥρύσθη
2547 5580 2601 5633 ίκ
2616 5589 2718 5658 ςῆς
2738 5578 2969 5653 παγίδος
2990 5578 3090 5637 τῶν
3116 5578 3449 5657 θηρευόντωῦι
