4054 6212
563 269 704 324 1499

1914 271 2217 329 ΝΙΟΕΡΗΟ

2327 272 2583 331 CHUMNI
3715 284 3812 337 {500

566 391 813 447 contulit
849 391 1159 457 beneﬁcia,
1218 409 1429 451 omnes
1474 396 1747 454 homines
1784 398 1973 471 probe
1996 396 2212 454 intelli-

2327 398 2553 471 ὑπερφυῆ
2628 402 2785 451 παντὶ
2866 406 2938 467 τῷ
2999 395 3103 469 βίῳ
3178 400 3458 468 παρέσχετο
3509 400 3666 459 πάντες
3717 403 3811 456 εἰσὶν

567 486 735 551 gunt,
767 484 823 536 et
844 481 1085 553 optimae
1136 482 1478 540 intentionis
1512 492 1650 543 sunt
1674 503 1886 544 omnes
1917 489 2021 559 qui
2075 486 2213 543 talia

567 568 835 625 conﬁteri
864 575 918 624 et
946 570 1272 642 praedicare
1286 575 1735 642 aggrediuntur.
1768 577 1994 632 Etenim
2014 575 2213 631 nullus

566 664 654 715 est
690 673 937 713 sensum
978 663 1033 715 et
1062 659 1356 717 rationem
1394 663 1623 720 habens
1658 666 1760 738 qui
1792 681 1914 721 non
1943 664 2088 721 illud
2118 680 2214 719 ve-

564 748 872 803 hementer
887 753 1142 820 exoptet.
1177 751 1395 807 Omnes
1420 758 1620 809 autem
1651 754 1837 827 probe
1864 754 2058 809 sciunt
2083 768 2212 808 esse

566 850 704 891 vere
734 851 913 907 super
933 852 1176 894 omnem
1194 839 1471 896 virtutem
1496 848 1899 915 naturamque
1921 842 2213 897 sermonis

567 924 641 979 de
667 923 780 979 hoc
810 926 1225 983 convenienter
1256 929 1419 1000 loqui
1460 931 1550 986 vel
1579 947 1786 1002 parem
1832 932 2088 1001 gratiam
2128 945 2213 985 re-

568 1013 717 1069 ferre
728 1029 906 1084 posse
919 1019 1303 1086 quantumvis
1321 1020 1755 1076 zelantissimos
1780 1040 1791 1087 ;
1824 1036 1944 1076 non
1960 1020 2145 1074 solum
2165 1018 2213 1073 si

568 1102 982 1174 unusquisque
1028 1120 1138 1159 sua
1164 1120 1303 1161 voce
1335 1112 1389 1162 et
1418 1107 1624 1176 lingua
1664 1108 1803 1164 talia
1832 1109 2049 1164 nitatur
2074 1123 2213 1163 con-

570 1190 831 1258 cinnare,
870 1207 1079 1247 verum
1129 1200 1186 1249 et
1226 1194 1268 1249 si
1295 1211 1505 1251 omnes
1528 1198 1588 1252 in
1639 1214 1826 1252 unum
1859 1197 2216 1252 conveniant

569 1277 647 1333 ad
677 1277 841 1345 illud,
867 1280 1211 1353 quicunque
1232 1299 1392 1339 nunc
1416 1291 1553 1341 sunt
1583 1292 1639 1340 et
1659 1288 2005 1357 quicunque
2037 1291 2214 1340 antea

570 1366 688 1421 vita
725 1366 911 1423 functi
940 1376 1077 1424 sunt
1109 1388 1121 1425 :
1158 1387 1278 1426 non
1310 1379 1482 1431 certe.
1514 1390 1709 1447 neque
1741 1375 1789 1429 si
1816 1375 1963 1431 foret
1987 1373 2213 1428 labium

570 1471 760 1510 unum
809 1472 997 1530 osque
1056 1475 1242 1515 unum
1291 1477 1412 1533 quo
1459 1479 1668 1519 omnes
1718 1470 2098 1534 erumperent
2155 1462 2213 1516 in

571 1559 756 1599 unam
788 1560 1021 1614 vocem,
1044 1563 1119 1602 ne
1149 1550 1460 1619 paululum
1500 1552 1745 1623 quidem
1784 1552 1866 1606 sic
1899 1550 2216 1622 aptissima

572 1632 750 1687 etiam
783 1634 1147 1707 symphonia
1178 1638 1464 1707 attingere
1499 1640 1760 1696 valerent
1785 1640 1861 1695 ad
1896 1639 2215 1694 sublimem

2321 487 2583 560 ἄνθρωποι
2625 495 2800 559 σαφῶς
2863 483 3071 556 εἰδότες,
3132 490 3218 538 καὶ
3276 490 3474 557 γνώμης
3522 483 3567 538 εὖ
3595 488 3681 540 εἰσι
3719 495 3814 542 πιέν-

2320 594 2403 636 τες
2440 578 2642 646 ἔχοντες
2701 574 3029 647 ἀνομολογεῖν
3090 579 3176 627 καὶ
3213 575 3472 646 κηρὺττειν
3514 596 3525 607 ·
3551 581 3627 627 καὶ
3653 597 3700 648 γε
3744 590 3810 632 τὼν

2320 662 2554 715 ἁπάντων
2634 666 2773 716 ἔστιν
2822 660 3014 730 οὐδεὶς,
3066 656 3357 724 αἰσθήσεως
3409 670 3520 733 γοῦν
3600 671 3674 717 καὶ
3718 666 3813 739 lo":-

2322 760 2467 822 σμὼν
2503 757 2757 824 μετέχων,
2796 757 2867 826 μὴ
2918 761 3072 805 τοῦτο
3105 748 3309 824 σφόδρα
3372 750 3718 823 βεϐουλημένος.
3765 758 3814 808 Οὐ

2320 844 2423 912 μὴν
2472 841 2602 894 ἀλλὰ
2660 846 2749 894 καὶ
2805 843 2987 905 πάντες
3055 837 3108 893 εὖ

2320 931 2388 989 ὡς
2437 932 2578 982 ἔστιν
2672 928 2872 992 ἀληθῶς
2925 931 3051 1005 ὑπὲρ
3108 936 3280 982 πᾶσαν
3329 928 3475 999 λόγου
3531 949 3610 980 και
3659 927 3818 1001 δύναμιν

3186 840 3286 892 εἱσι
3331 846 3417 892 καὶ
3468 839 3613 902 καλῶς
3660 839 3815 911 εἰδότες,

2320 1024 2410 1070 καὶ
2464 1022 2618 1089 φύσιν
2695 1019 2767 1092 ἐφ’
2851 1022 3022 1072 ἱκανὸν
3088 1027 3257 1071 ταῦτα
3318 1018 3586 1089 ἐξισχύσαι
3639 1018 3821 1083 λαλήσει,

2323 1107 2352 1164 ἦ
2412 1112 2504 1165 τὴν
2544 1106 2790 1178 ἀνάλογον
2851 1114 2940 1161 καὶ
2976 1110 3112 1161 πάνυ
3170 1128 3222 1160 τι
3289 1110 3723 1180 προτεθυμημίνους
3772 1111 3823 1161 εὶς

2322 1201 2610 1267 χαριστίαν
2672 1197 2888 1269 πρᾶξαι,
2948 1201 3020 1269 μὴ
3086 1200 3166 1249 ὅτι
3226 1215 3283 1267 γε
3317 1196 3433 1248 καθ’
3493 1197 3571 1247 ἕνα
3619 1198 3825 1268 φθεγγομέ-

2322 1303 2436 1345 νους
2465 1290 2553 1336 καὶ
2607 1289 2742 1337 κατὰ
2788 1291 2912 1357 μίαν
2966 1285 3214 1357 γλῶσσαν
3250 1286 3463 1337 ἕκαστον
3518 1284 3828 1358 ἐπιχειροῦντας

2325 1372 2613 1445 ἀπονέμειν,
2670 1372 2776 1426 ἀλλ’
2813 1370 2929 1427 οὐδ’
2974 1374 3019 1426 εἰ
3080 1378 3268 1435 πάντες
3316 1373 3387 1434 εἰς
3436 1372 3609 1425 ταύτόν
3652 1375 3714 1442 (l)
3750 1394 3830 1425 σνν-

2327 1467 2505 1530 ιόντες,
2538 1465 2652 1515 ὅσοι
2687 1483 2740 1516 τε
2786 1463 3017 1516 νῦν.εἰσι
3070 1468 3160 1515 καὶ
3221 1466 3338 1516 ὅσοι
3381 1462 3533 1515 πάλαι
3579 1468 3829 1533 γεγόνασιν*

2324 1550 2589 1622 οὐμενοῦν,
2630 1548 2745 1603 οὐδ’
2783 1553 2828 1604 εἰ
2886 1552 3064 1623 χεῖλος
3119 1552 3167 1604 ἓν
3220 1557 3311 1603 καὶ
3348 1553 3396 1603 ἓν
3427 1558 3585 1622 στόμα
3630 1555 3734 1624 πρὸς
3764 1573 3831 1622 7o-

2322 1643 2414 1697 την
2463 1644 2587 1711 μίαν
2639 1642 2713 1708 (2)
2770 1645 3059 1713 γεινόμενοι,
3117 1637 3233 1693 οὐδ’
3288 1640 3446 1701 οὕτως
3490 1638 3546 1690 ἂν
3602 1636 3705 1691 οὐδὲ
3740 1646 3833 1691 κατὰ

571 1720 729 1775 hanc
751 1726 863 1777 tam
886 1724 1341 1792 magnificorum
1378 1728 1737 1784 mirabilium
1773 1728 2215 1783 confessionem

2327 1731 2508 1802 μικρὸν
2566 1731 2727 1800 ἔσχον
2776 1727 2928 1800 ὶγγὺς
2976 1729 3103 1781 ἰέναι
3158 1736 3251 1781 τοῦ
3289 1748 3403 1781 τινα
3465 1730 3640 1784 ταύτην
3681 1747 3818 1799 ways

572 1824 709 1881 quae
758 1810 1050 1867 excedens
1094 1821 1306 1870 cuncta
1334 1816 1411 1871 ad
1436 1817 1673 1873 infirma
1692 1817 1943 1889 deprimi
1971 1816 2215 1872 minime

572 1901 789 1970 potest.
814 1902 909 1954 Est
935 1899 1112 1969 igitur
1135 1904 1330 1959 omnis
1350 1910 1567 1961 natura
1586 1906 1898 1961 hominum
1920 1920 2054 1960 vere
2076 1904 2216 1959 infe-

571 1986 692 2041 rior
717 1992 773 2042 et
800 1989 1100 2061 impotens
1118 1992 1194 2046 ad
1217 1992 1396 2062 hujus
1413 1995 1641 2050 virtutis
1659 1994 2131 2065 indagationem,
2154 1997 2219 2048 ut

568 2074 820 2145 dignum
842 2078 985 2149 quid
1019 2078 1093 2135 de
1109 2085 1190 2136 tot
1215 2084 1460 2139 ettantis
1481 2083 1964 2156 beneﬁciisloqui
1981 2084 2172 2156 possit
2200 2098 2213 2136 :

569 2161 676 2217 sed
706 2168 763 2219 et
786 2163 1085 2236 impotens
1117 2184 1357 2241 quoque
1379 2170 1528 2227 foret
1562 2188 1749 2243 quam
1780 2173 2045 2243 accipere
2079 2186 2215 2243 pos-

567 2256 653 2307 set
671 2244 909 2323 linguas
930 2254 1094 2326 ipsas
1114 2258 1477 2326 Angelorum
1504 2265 1559 2315 et
1585 2259 2096 2329 Archangelorum
2124 2258 2217 2315 vel

567 2340 746 2413 siqui
797 2341 913 2397 sint
967 2344 1221 2401 aliorum
1284 2348 1599 2420 spirituum
1660 2349 1720 2403 in
1773 2349 1873 2404 Dei
1933 2347 2218 2403 laudibus

565 2436 854 2502 perpetuo
911 2439 1205 2502 assuetas,
1234 2428 1293 2491 et
1324 2440 1617 2508 acciperet
1650 2453 1749 2492 eas
1780 2442 1837 2491 et
1865 2435 2218 2506 adimpleret

566 2519 801 2576 cantica
822 2523 1146 2591 gratiarum
1174 2524 1534 2581 creberrima
1569 2544 1580 2580 :
1605 2541 1727 2581 non
1750 2526 1907 2581 enim
1939 2525 2217 2580 homines

566 2613 820 2673 tantum,
854 2627 1061 2667 verum
1095 2612 1272 2669 etiam
1295 2619 1617 2685 potestates
1644 2614 1915 2669 caelestes
1931 2614 2216 2686 obstupe-

566 2696 707 2751 facit
736 2698 1101 2756 mirabilium
1126 2702 1474 2758 excellentia
1491 2708 1547 2758 et
1576 2702 1911 2758 sublimitas
1941 2719 2077 2776 quae
2107 2718 2216 2775 pro

567 2784 743 2841 nobis
771 2792 1005 2858 patrata
1043 2788 1283 2845 fuerunt
1312 2791 1609 2861 hodieque
1646 2792 2079 2863 producuntur.

565 2873 780 2945 λογικὴν
875 2879 1028 2947 φύσιν
1131 2876 1259 2929 ἀλλὰ
1335 2883 1423 2930 καὶ

1515 2882 1607 2940 τὰς
1684 2878 2018 2953 ἇπουρανίους
2097 2876 2366 2952 δυνάμεις,

2324 1822 2436 1868 νίαν
2532 1823 2860 1897 παγκόσμιον
2934 1822 3061 1892 πρὸς
3124 1816 3531 1889 ἀνθομολογησιν
3611 1810 3728 1887 ἆραι,
3772 1824 3833 1869 τοῦ

2325 1913 2424 1956 τῶν
2486 1908 2760 1977 θαυμάτων
2813 1906 3088 1979 μεγαλείου
3136 1911 3209 1979 μὴ
3275 1905 3416 1957 κάτω
3472 1911 3730 1957 πίπτουσαν
3775 1910 3834 1955 ut

2326 2002 2417 2046 τοῦ
2475 2000 2665 2057 παντὸς
2731 1995 3152 2067 ἀπολειπομένην.
3216 1994 3351 2046 Ἀλλ’
3417 1997 3523 2046 ἔστι
3728 1998 3833 2054 ὅντως

2326 2086 2490 2158 μικρὰ
2558 2092 2707 2137 πάσα
2775 2088 2926 2157 φύσις
2999 2084 3280 2159 ἀνθρώπων
3362 2089 3450 2135 xui
3499 2082 3694 2140 ἀσθενής
3750 2086 3834 2153 πρὸς

2324 2177 2474 2225 τοῦτό
2530 2192 2590 2244 γε
2639 2170 2907 2246 δυνάμεως
2982 2173 3342 2245 ἐξεταζομένη,
3395 2174 3514 2224 ὥστ’
3578 2174 3698 2242 ἔχειν
3741 2171 3837 2233 ἄξιον

2324 2280 2377 2312 τι
2455 2270 2555 2313 τῶν
2654 2266 2913 2315 τοσούτων
3014 2267 3104 2314 xui
3187 2266 3435 2314 τοιούτων
3508 2260 3838 2333 εὐεργετημάτων

2326 2348 2453 2424 ἐρεῖν
2479 2372 2492 2383 ο
2517 2353 2631 2403 ἔστι
2663 2348 2721 2404 δε
2750 2356 2839 2404 xui
2883 2351 3030 2412 αὐθις
3086 2353 3332 2417 ἀσθενὴς,
3407 2350 3449 2402 εὶ
3506 2354 3590 2401 καὶ
3627 2351 3705 2408 τὰς
3737 2346 3840 2419 ἀτμ-

2325 2438 2472 2502 λίκὰς
2562 2441 2723 2501 αὐτας
2804 2443 2833 2500 ἡ
2903 2447 2992 2492 xui
3037 2439 3453 2515 ἀρχαγγελικὰς,
3508 2442 3549 2490 εῖ
3599 2443 3711 2499 τινές
3754 2438 3841 2489 εἰσιν

2326 2526 2491 2580 ἀῦλων
2558 2530 2796 2601 γλῶσσαι
2846 2534 2971 2603 πρὸς
3047 2526 3301 2590 διηνεκεῖς
3374 2528 3556 2599 ὕμνους
3624 2527 3843 2597 εἰθισμέναι

2328 2624 2482 2685 Θεοῦ,
2532 2617 2813 2690 βουληθείη
2869 2618 3179 2692 προσλαϐεῖν
3237 2623 3332 2669 καὶ
3392 2615 3678 2691 προσλάϐοι,
3722 2618 3843 2666 ἔπειτα

2329 2708 2697 2779 συνεργάζοιτο
2756 2712 2875 2769 τοὺς
2953 2708 3404 2782 εὐχαριστηρίους
3469 2705 3840 2778 ἁποπληροῠσα’

2326 2795 2384 2846 οὐ
2418 2799 2518 2869 γὰρ
2585 2794 2885 2867 ἀνθρώπους
2943 2800 3095 2868 μόνον
3152 2800 3243 2847 καὶ
3287 2800 3382 2853 τὴν
3418 2794 3531 2846 καθ’
3574 2797 3694 2865 ἡμᾶς
3721 2798 3842 2845 πᾶσαν

2456 2883 2760 2958 ὑπερϐαῖνον
2820 2884 3095 2942 ἐκπλήττει
3181 2892 3283 2936 τῶν
3372 2886 3658 2945 θαυμασίων
3728 2876 3843 2931 τῶνδε

565 2966 623 3015 τὸ
645 2966 881 3034 μέγεθος,
909 2967 1035 3037 ὑπὲρ
1072 2968 1218 3038 ἡμῶν
1246 2966 1469 3041 ἀπείρων
1492 2970 1626 3020 ὅσων
1648 2970 2124 3039 καταπραχθέντων
2150 2973 2239 3020 καὶ
2264 2978 2350 3022 νῦν
2382 2970 2767 3045 ἐνεργουμένων.

636 3055 909 3109 Attamen
941 3055 1105 3126 quod
1136 3056 1263 3111 haec
1302 3073 1542 3129 semper
1567 3058 1896 3129 ordineque
1931 3056 2219 3113 celebrari
2251 3060 2290 3114 C

565 3141 826 3198 debeant
864 3143 1023 3214 pleni
1067 3144 1431 3218 ﬁrmiterque
1459 3162 1793 3213 censemus,
1826 3151 2004 3219 atque
2035 3145 2220 3201 conﬁ-

565 3230 785 3286 dimus.
839 3235 990 3301 Ergo
1044 3240 1107 3288 ut
1145 3251 1484 3290 sermonem
1538 3236 1727 3290 obiter
1762 3240 2222 3306 opportuneque

566 3320 877 3377 ordiamur
916 3322 994 3377 ab
1033 3324 1148 3379 hoc
1199 3325 1361 3397 quod
1418 3325 1525 3379 fuit
1581 3324 1638 3378 in
1672 3324 1963 3396 principio
1998 3324 2221 3378 :homo

564 3410 900 3482 plasmatus
944 3428 1129 3468 manu
1178 3413 1274 3469 Dei
1316 3413 1528 3468 divinae
1576 3429 1826 3469 consors
1867 3411 2112 3468 effectus
2135 3419 2221 3468 est

566 3498 870 3568 imaginis,
902 3500 1041 3556 inde
1063 3517 1240 3571 super
1265 3517 1477 3556 omnes
1498 3502 1758 3558 visibiles
1788 3507 2094 3557 creaturas
2115 3501 2220 3556 ho-

567 3602 713 3643 nore
759 3594 1100 3644 coronatus.
1159 3595 1323 3645 tanto
1380 3592 1609 3659 majore
1663 3590 1850 3660 gloria
1896 3595 1952 3644 et
2006 3590 2221 3645 decore

568 3675 847 3741 donatus,
896 3680 1124 3748 quanto
1176 3676 1547 3734 formationis
1589 3678 1723 3749 eius
1756 3678 2003 3733 verbum
2044 3677 2222 3733 altius

570 3763 949 3830 efferebatur,
970 3782 1108 3821 cum
1130 3768 1360 3840 accepit
1388 3770 1547 3824 unde
1569 3768 1893 3837 imaginem
1908 3784 2097 3840 quam
2126 3783 2222 3837 ge-

569 3852 739 3910 rebat
772 3861 1175 3924 conservaret,
1222 3857 1269 3911 si
1300 3858 1584 3913 custodiri
1643 3863 1944 3929 praecepta
1975 3856 2219 3913 curarit.

570 3943 897 4015 Postquam
939 3949 1138 4001 autem
1173 3961 1279 4018 per
1310 3946 1666 4017 voluptatem
1705 3947 1966 4002 nudatus
2001 3950 2108 4011 est,
2141 3951 2215 4010 et,

572 4037 872 4104 praecepta
918 4034 1382 4106 parvipendens,
1437 4035 1867 4106 decipientibus
1899 4034 2082 4089 ﬁdem
2114 4034 2219 4089 ad-

570 4120 780 4177 hibuit:
826 4123 1023 4178 statim
1047 4123 1284 4189 decidit,
1329 4124 1386 4178 in
1420 4124 1548 4195 ipso
1583 4124 1714 4179 loco
1744 4124 1839 4177 ubi
1866 4123 2220 4179 constitutus

571 4209 765 4266 fuerat
801 4212 863 4266 in
914 4214 1216 4284 voluptate
1256 4216 1324 4269 ‘et
1367 4213 1640 4268 fruitione
1673 4213 1995 4268 multorum
2035 4212 2220 4267 maxi-

575 4314 936 4372 morumque
992 4301 1313 4367 bonorum,
1371 4302 1667 4374 simulque
1700 4302 1900 4358 amisit
1944 4302 2220 4356 meritum

574 4530 870 4603 integrum
940 4547 975 4585 a
1040 4533 1308 4603 θεσπισμα
1378 4533 1455 4587 ad
1509 4537 1735 4603 περαίνει
1792 4531 1975 4587 fuisse
2033 4532 2222 4586 serius

574 4601 787 4657 lineola
825 4610 1161 4657 transversa
1217 4601 1661 4670 inductum,ab
1716 4604 1846 4673 ipso
1887 4615 1948 4657 ut
1993 4602 2225 4657 videtur

576 4673 836 4753 librario,
862 4673 1030 4753 abeo
1064 4674 1279 4753 saltem
1304 4675 1546 4753 homine
1577 4675 1690 4753 qui_
1709 4674 2144 4753 opusculorum
2163 4674 2223 4727 in

575 4745 779 4799 codice
796 4750 1211 4801 contentorum
1268 4746 1524 4799 indicem
1552 4744 1817 4799 ocnfecit.
1856 4747 1916 4798 In
1947 4760 2017 4799 eo
2049 4744 2225 4812 igitur

575 4815 769 4887 indice
813 4816 1095 4886 generali,
1135 4832 1325 4887 quum
1371 4816 1631 4887 primum
1680 4816 1862 4870 hocce
1895 4815 2223 4887 scripsisset

574 4886 819 4956 lemma,
885 4896 977 4939 τοῦ
1044 4886 1200 4940 αὐτου
1267 4886 1534 4958 θέσπισμα
1598 4891 1680 4937 ἐπὶ
1745 4893 1806 4943 τῆ
1876 4886 2071 4957 μεγάλη
2134 4889 2224 4936 καὶ

575 4958 842 5033 τελευταίᾳ
896 4960 1042 5033 ἑορτῇ
1094 4967 1186 5011 τοῦ
1228 4961 1363 5009 κατὰ
1408 4966 1633 5033 Χριστόν
1673 4961 1863 5033 παντός
1902 4962 2218 5029 μυστηρίου,

576 5043 647 5083 eo
674 5010 1153 5094 deleto,novum
1186 5010 1507 5093 substituit,
1544 5029 1702 5083 hisce
1739 5012 1959 5083 scilicet
2016 5010 2221 5083 co‘nce:

576 5104 748 5173 ptum
811 5100 1005 5155 verbis
1039 5110 1173 5156 11’on
1223 5101 1383 5153 αὐτου
1441 5101 1586 5171 λόγος
1655 5104 1792 5173 ὅπως
1846 5096 1928 5151 δεῖ
1963 5099 2223 5173 ἑορτάζειν

575 5174 669 5227 τὴν
728 5171 903 5242 ἑορτὴν
965 5180 1060 5234 τῆς
1136 5178 1418 5243 κοιμήσεως
1487 5181 1579 5232 τῆς
1656 5172 1915 5243 ὑπραγίας
1986 5171 2222 5243 θεοτόκου

578 5243 677 5293 ἀπὸ
708 5240 800 5303 τῆς
838 5248 1044 5314 πρώτης
1075 5253 1163 5296 τοῦ
1197 5240 1492 5312 α·3γούστου
1524 5247 1680 5314 μηνός
1713 5240 1891 5315 μέχρι,
1930 5250 2024 5301 τῆς
2055 5240 2220 5315 ἐσχά-

573 5332 684 5375 της.
728 5316 890 5370 Nova
946 5315 1045 5370 illa
1102 5315 1420 5370 Andronici
1449 5316 1560 5383 lex,
1597 5330 1674 5370 an
1715 5314 1817 5369 diu
1844 5314 2095 5384 viguerit
2121 5328 2221 5367 ne-

575 5386 700 5441 scio
730 5401 743 5450 ;
778 5400 886 5439 nec
928 5386 1173 5442 Strozzue
1208 5386 1415 5441 lucrum
1458 5386 1531 5440 de
1559 5386 1975 5455 Assumptione
2001 5398 2222 5455 consu-

573 5456 690 5511 lere
720 5458 906 5529 potui,
934 5460 991 5513 in
1022 5474 1143 5529 quo
1169 5456 1366 5529 forsan
1393 5457 1440 5510 is
1470 5452 1893 5527 antiquitatum
1926 5452 2222 5529 liturgica-

573 5525 925 5585 rumlocum
962 5525 1242 5585 tractatus
1278 5528 1402 5583 fuit.
1428 5558 1493 5566 —
1524 5525 1840 5599 Apponam
1867 5540 1990 5582 non
2020 5525 2223 5599 intem-

576 5600 801 5669 pestive
850 5615 882 5655 e
920 5598 1125 5658 codice
1152 5599 1315 5667 regio
1344 5601 1505 5667 1630,
1546 5594 1687 5670 pag.
1721 5598 1807 5667 6t,
1841 5601 1931 5668 63,
1963 5600 2080 5664 133,
2112 5594 2225 5652 tria

2401 3062 2476 3113 Οὐ
2522 3065 2613 3135 μεν
2670 3061 2799 3114 ἀλλὰ
2863 3066 2951 3115 xui
3009 3061 3226 3123 καθεξῆς
3314 3061 3394 3114 ἀεὶ
3445 3069 3602 3113 ταῦτα
3654 3058 3844 3112 τελεῖσθαι

2331 3148 2550 3221 βεϐαίας
2622 3152 2769 3222 ἡμεῖς
2846 3152 2934 3210 τὰς
2998 3154 3197 3210 πίστεις
3277 3164 3370 3201 και
3433 3148 3658 3220 ἀσφαλεῖς
3713 3149 3846 3217 ἔχομεν

2328 3240 2413 3297 τὰς
2480 3236 2716 3300 ἐλπίδας.
2803 3244 2922 3306 Καὶ,
2993 3239 3055 3289 ἶν’
3113 3240 3237 3309 ἡμῖν
3303 3239 3329 3289 ὅ
3380 3237 3541 3309 λόγος,
3610 3239 3753 3306 ὥσπερ
3802 3232 3847 3289 εἰς

2329 3325 2503 3399 ἀρχὴν
2545 3326 2780 3390 ἀνελθὼν,
2831 3328 3016 3381 ἐκεῖθεν
3079 3326 3197 3379 καθ’
3260 3323 3388 3379 ὀδόν
3441 3329 3624 3401 προΐοι,
3676 3323 3845 3376 ἐπλάσθη

2328 3418 2417 3486 μεν
2480 3418 2747 3490 ἄνθρωπος
2797 3422 2943 3488 χειρὶ
2984 3424 3139 3479 Θεοῦ,
3188 3421 3279 3467 καὶ
3338 3420 3560 3488 μετέσχε
3612 3416 3726 3471 θείας
3765 3410 3850 3462 εἰκο-

2328 3524 2406 3564 νος
2478 3506 2577 3572 (3),
2637 3512 2725 3557 καί
2793 3508 2959 3575 τούτῳ
3019 3504 3175 3575 πλείῳ
3241 3509 3520 3577 τετίμηται
3572 3506 3748 3555 πάντων
3788 3506 3852 3548 τῶν

2330 3592 2594 3665 ὁρωμένων
2629 3614 2641 3626 ο
2683 3591 2793 3665 εἶχε
2829 3590 2878 3645 δ’
2921 3592 2979 3644 ἂν
3041 3599 3129 3644 καὶ
3176 3592 3328 3645 πλέον
3398 3592 3712 3663 ἀπειληφέναι
3748 3594 3852 3657 τιμῆς

2328 3686 2416 3733 xui
2460 3678 2641 3745 δόξης,
2669 3683 2853 3756 πρόςὸ
2890 3687 2979 3734 καὶ
3022 3681 3213 3753 μᾶλλον
3250 3683 3274 3732 ὅ
3328 3690 3422 3744 τῆς
3470 3680 3578 3732 κατ’
3626 3680 3749 3730 αὐτὸν
3783 3671 3851 3729 δε·

2327 3776 2604 3842 μιουργίας
2672 3774 2811 3845 ἔφερε
2886 3771 3055 3841 λόγος,
3138 3775 3227 3822 καὶ
3276 3768 3525 3824 ἀπέλαϐεν
3575 3768 3650 3835 ἂν,
3704 3766 3755 3827 εἰ,
3791 3769 3851 3819 τὴν

2329 3860 2499 3910 εἰκόνα
2581 3867 2901 3933 περισώσας,
2982 3862 3108 3931 μετὰ
3185 3866 3277 3919 τῆς
3352 3858 3557 3919 ἐντολῆς
3622 3854 3849 3927 ἐφυλάχθη.

2316 3953 2468 3999 "Emi
2496 3944 2547 3999 δ’
2594 3948 2678 4019 ὑφ’
2728 3944 2919 4007 ἡδονῆς
2967 3946 3184 4014 ἐκλάπη,
3243 3952 3358 4007 καὶ,
3417 3956 3516 3999 τῶν
3568 3942 3852 4016 προσταχθέν-

2329 4055 2427 4087 των
2468 4036 2817 4110 ὅλιγωρωσας,
2880 4033 3204 4087 ἐνεπίστευσε
3259 4042 3370 4095 τοῖς
3427 4034 3670 4089 ἀπατῶσι,
3724 4033 3850 4081 πίπτει

2328 4128 2418 4195 μεν
2459 4125 2604 4185 εὐθὺς
2657 4123 2842 4176 ἐκεῖθεν
2896 4124 2995 4180 ὅπη
3049 4128 3138 4175 xui
3196 4132 3392 4196 τρυφῆς
3455 4123 3532 4191 (4)
3576 4119 3751 4191 ἐτάχθη
3792 4118 3851 4164 καὶ

2328 4212 2523 4265 πολλῶν
2560 4218 2647 4265 καὶ
2711 4212 2940 4285 μεγάλων
2989 4211 3196 4283 ἀγαθῶν
3230 4217 3510 4284 μετουσίας
3568 4251 3579 4262 .
3636 4209 3851 4260 ἀποπίπτει

2331 4297 2382 4353 δ’
2408 4304 2537 4374 όμοῡ
2590 4307 2679 4355 xui
2737 4302 2800 4363 ἧς
2857 4301 3005 4363 ἀξίας
3060 4301 3256 4373 ἔμελλεν
3289 4301 3551 4373 ἀμείνονος
3591 4298 3851 4371 πειραθῆναι,

2332 4527 2789 4599 epigrammata,
2825 4528 2893 4588 εἷς
2922 4533 3018 4586 τήν
3048 4533 3298 4599 κοίμησιν
3320 4537 3417 4590 τῆς
3449 4531 3709 4581 Θεοτόκου,
3734 4551 3785 4561 —-

2331 4587 2402 4669 Ζῇ
2418 4587 2464 4659 ςυ
2483 4604 2571 4650 καὶ
2624 4601 2852 4650 θανοῦσα
2885 4616 2897 4628 ⁸
2951 4600 3099 4659 ζῶσα
3135 4587 3346 4660 ’τίκτεις
3404 4601 3661 4670 παρθένος.
3692 4622 3760 4673 _—-

2334 4666 2448 4730 Σάῖς
2487 4669 2770 4739 ἡγκαλίζου
2828 4675 2950 4742 πρίν
3001 4688 3069 4744 με
3115 4675 3296 4743 χερσὶ,
3346 4666 3581 4744 παρθένε,
3616 4666 3768 4723 Θηλῆς

2336 4749 2428 4801 σῆς
2466 4744 2673 4792 ἔσπασα
2700 4740 2951 4813 μητρικόν
2986 4740 3139 4811 γάλα.
3184 4740 3266 4793 -Τὸ
3302 4740 3501 4814 πνεῦμά
3540 4759 3627 4791 σου
3675 4744 3747 4787 νῦν
3790 4751 3851 4814 αξ·

2332 4816 2414 4873 τὸς
2490 4811 2881 4883 ἠγκαλισμένος,
2954 4816 3024 4864 Τό
3114 4820 3267 4885 σῶμα
3312 4811 3499 4885 πέμπω
3551 4814 3667 4884 πρὸς
3714 4811 3850 4879 τρυῖἐς

2332 4887 2638 4955 τὸνχωρίρν·
2671 4913 2731 4921 “·’
2756 4886 2830 4954 γ’-
2866 4888 2964 4940 Γῆν
2994 4887 3048 4935 ἐκ
3085 4883 3244 4935 πόλου
3278 4883 3387 4955 μοι,
3436 4890 3536 4955 γῆς
3690 4895 3757 4953 σοι
3795 4889 3850 4922 τον

2331 4938 2647 5007 πόλῖνὶῐδόυ
2671 4938 2869 5029 τίθημι,
2903 4963 3064 5026 μῆτερ
3087 4938 3325 5026 παρθένέο
3443 4938 3457 4955 1
3536 5024 3553 5029 _
3589 4938 3602 4953 υ
3692 4946 3718 5029 ..
3769 5014 3807 5029 ..ο

2404 5026 2481 5093 (1)
2506 5017 3121 5083 Ροιθιιυῑιῑάἀὼονιὲτὶ,
3153 5017 3199 5080 si
3226 5028 3367 5081 tanti
3391 5031 3495 5093 est,
3524 5019 3749 5093 Joannis
3768 5017 3835 5068 Dia

2334 5090 2469 5151 coni
2492 5096 2715 5167 similes
2737 5095 3083 5167 hyperbolae
3101 5113 3171 5152 ex
3197 5098 3358 5152 initio
3376 5090 3715 5152 laudationis
3729 5090 3847 5144 Joan-

2332 5166 3430 5243 nisAPaltnologitVidetqm.CLVIII).
3635 5236 3648 5243 _
3733 5230 3745 5243 ,
3840 5226 3841 5231 η

2404 5240 2715 5307 ('2)Genes.
2775 5255 2849 5303 XI,
2911 5246 2925 5292 l
2995 5236 3107 5297 εῆν
3153 5246 3301 5291 πᾶσα
3347 5243 3374 5297 ἠ
3434 5246 3498 5309 γῆ
3552 5236 3709 5309 χεῖλος
3733 5236 3769 5282 ἓν
3792 5242 3847 5275 καί

2335 5314 2471 5381 φωνὴ
2497 5314 2592 5380 μία
2615 5315 2769 5365 πᾶσι,

2405 5372 2713 5450 (3)]ἰιηιθε.
2764 5395 2821 5448 ιι,
2875 5385 2904 5432 7
2969 5398 2982 5447 ;
3041 5381 3255 5434 ἔπλασεν
3318 5383 3344 5433 ό
3413 5383 3541 5440 Θεὸς
3602 5381 3679 5429 τὸν
3707 5372 3846 5439 £2999-

2333 5471 2447 5503 πον.
2489 5451 2626 5505 Vide
2656 5456 2782 5523 eti,
2812 5454 2899 5505 27.
3116 5521 3127 5523 _
3328 5522 3333 5523 γ
3506 5521 3537 5523 μ
3581 5520 3589 5523 _
3703 5516 3710 5523 .
3824 5506 3829 5513 ι

2405 5526 2477 5590 (4)
2499 5526 2559 5578 In
2590 5521 2786 5578 Bibliis
2802 5537 2923 5577 non
2951 5521 3135 5578 semel
3153 5522 3469 5595 paradisus
3484 5520 3845 5578 diciturbxaP"

2335 5590 2510 5655 δεισος
2538 5602 2626 5654 τῆς
2644 5600 2862 5667 τρυφῆς.
