4054 6212
229 251 362 336 15m

1294 263 1386 320 DE
1422 243 1640 321 re'sro
1683 257 2130 317 oonumoms
2192 262 2248 320 s.
2295 263 2554 322 mem.

3458 271 3596 324 I502

225 380 316 427 καὶ
351 381 556 449 στρέφει
637 378 789 432 πάλιν
857 381 923 442 εἰς
977 391 1075 454 γῆν
1126 389 1418 462 συντριϐεὶς
1465 397 1528 462 τῇ
1573 388 1804 461 ἁμαρτίᾳ

1939 390 2185 456 propter
2207 387 2372 458 quod
2402 387 2630 444 meliori
2659 387 2816 446 bono
2836 387 3013 460 potiri
3035 388 3096 444 in
3127 389 3472 462 proximum
3491 392 3594 448 ha-

224 463 352 534 μηθ’
405 465 526 539 ὅπερ
581 461 642 524 ἧν
713 465 960 538 φυλάξας,
1021 477 1154 544 μήτε
1203 461 1468 548 γενόμενος
1505 461 1642 550 πρὸς
1692 477 1716 528 ὃ
1759 473 1826 534 δὴ

222 559 456 624 κρεῖττον
539 559 628 607 καὶ
717 554 1032 636 ὑψηλότερον
1121 561 1628 640 παιδαγωγουμένος
1712 565 1829 618 ἐκα-

222 639 385 697 λεῖτο.

297 825 399 872 Καὶ
451 821 476 872 ό
555 825 645 893 μὲν
713 823 876 888 οὕτως
947 827 1155 898 ὤλισθε,
1239 841 1373 886 Θεοῦ
1415 840 1505 886 καὶ
1551 841 1648 897 τῆς
1688 837 1828 897 θείας

223 907 497 962 ἀποπεσὼν
534 915 722 987 μοίρας
750 935 763 946 ·
797 915 824 966 6
877 911 930 968 δ’
974 914 1126 982 αὖθις
1173 920 1413 993 βούλεται
1464 927 1590 996 πρὸς
1645 924 1826 976 ἑαυτὸν

220 999 453 1054 ε’λκῦσαι.
507 1001 748 1055 Βούλεται
801 1012 976 1076 τοῦτο,
1020 1015 1106 1060 καὶ
1166 1021 1350 1065 σκοπεῖ
1397 1021 1489 1075 τῆς
1541 1013 1824 1088 φιλανθρω-

184 1093 348 1163 φπίας
400 1092 459 1141 τὸ
514 1093 750 1164 μέγεθος.
807 1093 1018 1149 Ἑαυτὸν
1075 1099 1186 1152 ὅλον
1245 1101 1315 1164 εἰς
1373 1104 1515 1175 ἡμᾶς
1557 1103 1650 1156 οὐκ
1694 1101 1823 1154 ἀπαο

222 1175 324 1240 ξιοί
360 1187 583 1232 κενῶσαι
629 1180 731 1252 (1),
777 1187 868 1236 καί
918 1205 976 1256 γε
1023 1185 1299 1260 βαστάσαι
1351 1197 1691 1254 πεπτωκότας
1734 1200 1822 1244 καὶ

220 1265 532 1352 προσλαϐεῖν
600 1274 878 1344 κειμένους,
955 1275 1049 1329 οὐκ
1127 1278 1199 1342 εἰς
1273 1282 1394 1354 ὅπερ
1449 1278 1576 1354 ἦμεν
1646 1286 1821 1355 μόνον,

221 1353 351 1408 ἀλλὰ
420 1361 508 1410 καὶ
573 1363 705 1432 πρὸς
771 1359 797 1412 ὃ
841 1369 1118 1439 παρήγαγε
1164 1353 1372 1431 πλάσας
1416 1353 1570 1433 αὖθις
1619 1353 1822 1424 ἀνασώ-

221 1442 343 1510 ζων,
422 1449 611 1517 μηκέτι
680 1454 813 1521 μήτε
898 1457 1042 1527 παρὰ
1109 1465 1200 1509 τοῦ
1266 1461 1572 1530 φθονοῦντος
1616 1459 1822 1513 ἐπιϐου-

215 1530 538 1620 λευομένους,
609 1542 742 1610 μήτε
816 1543 1118 1610 πίπτοντας,
1174 1548 1300 1618 μήτ’
1357 1545 1509 1611 αὖθις
1566 1547 1819 1622 ἀχρειου-

212 1641 367 1693 μενον
376 1643 416 1686 ς.

1937 471 2120 528 bebat
2153 492 2165 529 :
2198 481 2254 530 et
2289 491 2524 532 rursum
2547 477 2606 532 in
2623 483 2839 532 terram
2866 492 3195 532 conversus
3231 481 3320 533 est
3355 479 3590 535 attritus

1938 567 2184 640 peccato
2211 581 2222 631 ;
2249 578 2442 638 neque
2511 565 2676 638 quod
2713 569 2839 620 erat
2872 565 3216 621 custodiens
3272 582 3472 640 neque
3512 567 3593 624 ad

1937 649 2050 704 hoc
2075 651 2287 707 melius
2323 657 2550 710 erectus
2568 653 2646 710 ad
2663 653 2829 728 quod
2864 653 3268 710 instruebatur
3321 660 3378 711 et
3404 665 3591 713 voca-

1936 737 2133 796 batur.

2009 828 2102 885 Ille
2131 847 2272 885 vero
2307 831 2390 887 sic
2415 831 2693 888 titubavit
2728 835 2792 888 ut
2824 848 2860 888 a
2901 835 3015 888 Deo
3052 837 3108 888 et
3143 849 3179 888 a
3215 833 3420 891 divina
3470 835 3592 892 feli-

1935 916 2106 973 citate
2141 919 2430 976 excideret
2468 938 2482 988 ;
2515 919 2624 976 sed
2652 921 2865 976 iterum
2903 920 2980 976 ad
3029 924 3214 977 Deum
3274 938 3590 993 assurgere

1935 1006 2148 1062 studet.
2191 1007 2396 1064 Studet
2432 1014 2631 1064 autem
2692 1025 2831 1065 cum
2880 1011 3161 1066 bonitatis
3214 1011 3588 1068 altitudinem

1933 1094 2218 1163 recogitet
2237 1096 2365 1167 ejus
2393 1098 2495 1170 qui
2523 1099 2785 1170 seipsum
2818 1099 3066 1154 omnino
3099 1115 3204 1172 pro
3261 1101 3435 1156 nobis
3466 1103 3586 1158 exi—

1932 1186 2204 1250 naniens,
2233 1193 2294 1242 ut
2331 1187 2646 1243 sustineret
2690 1183 2894 1260 lapsos
2944 1193 2999 1244 et
3040 1193 3367 1244 assumeret
3392 1191 3586 1260 erige-

1929 1277 2136 1345 retque
2161 1272 2239 1330 ad
2266 1290 2328 1330 se
2351 1274 2691 1348 prolapsos,
2717 1291 2840 1332 non
2887 1275 3086 1332 solum
3120 1275 3377 1333 reddens
3418 1279 3586 1351 quod

1929 1367 2106 1417 antea
2131 1377 2390 1431 eramus,
2433 1364 2540 1420 sed
2574 1363 2653 1420 ad
2682 1364 2848 1437 quod
2895 1380 3008 1420 nos
3059 1365 3339 1437 perduxit
3367 1366 3582 1423 iterum

1929 1447 2221 1506 salvando
2248 1450 2606 1520 reformans,
2638 1457 2704 1508 ut
2727 1468 2922 1525 neque
2951 1453 3029 1509 ab
3048 1454 3225 1509 invidi
3250 1454 3435 1510 hostis
3456 1471 3582 1510 ma-

1928 1536 2370 1594 chinationibus
2419 1554 2790 1612 caperemus,
2821 1557 3017 1613 neque
3047 1543 3260 1598 iterum
3309 1559 3583 1615 peccare-

1928 1643 2084 1698 mus,
2114 1645 2310 1700 neque
2339 1628 2540 1685 denuo
2579 1627 2810 1702 absque
2840 1629 3120 1686 fructibus
3155 1647 3449 1688 essemus.

283 1719 464 1766 Ταῦτα
548 1717 680 1776 Θεὸς
747 1714 1012 1788 βούλεται,
1094 1728 1183 1776 καὶ
1259 1729 1388 1800 πρὸς
1453 1727 1616 1786 αὐτὴν
1670 1726 1804 1787 εὐθὺς

1999 1717 2129 1772 Hiec
2151 1717 2363 1774 eadem
2393 1718 2556 1790 cupit
2589 1721 2761 1784 Deus,
2795 1723 2852 1773 et
2879 1733 2986 1790 per
3015 1718 3262 1792 antiqua
3307 1724 3581 1794 tempora

211 1799 394 1874 βλέπει
467 1805 558 1861 τὴν
633 1801 712 1855 ἐπ’
771 1805 1013 1878 ἐσχάτων
1056 1819 1156 1862 τῶν
1217 1818 1418 1885 χρόνων
1472 1815 1657 1868 ἑαυτοῦ
1705 1823 1816 1876 Μη-

211 1892 352 1963 τὲρα,
412 1895 532 1966 πρὶν
584 1887 612 1952 ἦ
666 1897 754 1947 καὶ
813 1899 902 1948 τόν
955 1897 1068 1950 ὅλον
1116 1912 1433 1975 παραγαγεῖν
1468 1909 1664 1977 κόσμον
1714 1904 1814 1957 ἀπὸ

205 1986 389 2030 πασῶν
421 1978 584 2050 ἐαυτῷ
621 1991 802 2053 γενεῶν
851 1983 1074 2049 ἐκλέξας.
1131 1995 1226 2042 Καὶ
1284 1996 1483 2063 γίνεται
1531 1989 1599 2050 δή
1659 2002 1814 2047 τοῦτο

206 2073 340 2118 Θεοῦ
419 2073 710 2145 μυστήριον
788 2077 889 2135 πρὸ
941 2076 1116 2137 πάσης
1165 2084 1400 2148 κτίσεως,
1451 2081 1628 2148 εἰπεῖν,
1689 2081 1814 2134 ἁπο-

205 2161 550 2230 κεκρυμμένον
612 2181 625 2192 ι
675 2157 805 2230 εἶτα,
884 2167 1020 2216 κατὰ
1089 2171 1265 2238 γενεὰς
1342 2173 1658 2242 τυπούμενον
1723 2175 1812 2224 καὶ

211 2247 364 2305 σκιὰς
417 2244 696 2318 λαμϐάνον,
773 2255 930 2315 σώζει
981 2253 1267 2323 κάνταῦθα,
1317 2260 1434 2310 ὅποι
1492 2255 1734 2317 δηλονότι
1785 2262 1810 2312 6

204 2335 367 2394 τύπος
423 2335 502 2406 ('2)
582 2337 746 2388 αὐτοῦ
813 2339 843 2398 ἦ
914 2344 1040 2394 σκιὰ
1090 2340 1444 2418 παρεδείχθη.
1494 2353 1593 2400 Καὶ
1651 2345 1809 2407 δῆλον

202 2429 295 2473 τοῦ
303 2441 357 2474 το
375 2434 624 2496 πανταχῆ
669 2434 1024 2503 σκοπουμένῳ.

273 2598 554 2654 Δουλοῦται
591 2603 668 2672 (3)
871 2609 972 2680 γὰρ
1023 2607 1098 2670 εἰς
1141 2612 1402 2681 Αἴγυπτον
1456 2613 1670 2686 Ἰσραὴλ
1717 2620 1807 2668 καὶ

201 2687 301 2739 ὑπὸ
351 2693 538 2762 Φαραὼ
611 2701 934 2766 τυραννεῖται
1009 2706 1217 2772 πικροῖς
1295 2699 1590 2776 ἐκπιεσμοῖς
1641 2724 1805 2778 προσ-

197 2775 559 2850 ταλαιπωρῶν,
636 2786 725 2834 καὶ
803 2789 1250 2859 καταπονούμενος
1324 2789 1424 2842 ύπὸ
1505 2790 1806 2864 βαρύτητος

198 2863 378 2945 ἔργων,
435 2873 526 2918 καί
570 2888 630 2942 γε
676 2873 804 2946 πρός
866 2873 1000 2925 αύτὰ
1055 2871 1120 2933 δὴ
1170 2885 1331 2930 ταῦτα
1384 2863 1802 2954 κατασυρόμενος

197 2952 298 3005 ὅσα
335 2957 425 3007 καὶ
467 2953 644 3024 βίϐλοι
695 2963 908 3032 φέρουσι
964 2966 1050 3014 καὶ
1122 2966 1351 3040 ἱστορίαι
1397 2952 1629 3020 παλαιῶν
1657 2952 1802 3042 *περὶ

200 3039 392 3093 ἐκείνου
460 3040 800 3118 διηγημάτων
844 3071 856 3082 ·
931 3049 1182 3125 ἐγείρεται
1244 3050 1302 3106 δὲ
1359 3063 1576 3124 Μωσῆς,
1635 3039 1800 3120 ζηλῶν
1835 3085 1876 3140 C

201 3129 329 3204 ὑπὲρ
410 3140 508 3183 τῶν
581 3136 918 3209 πασχόντων,
1004 3145 1094 3191 καὶ
1140 3144 1314 3214 φεύγει
1369 3147 1458 3216 μὲν
1515 3148 1796 3215 Αἴγυπτον,

199 3227 508 3293 προσχωρεῖ
565 3217 623 3275 δὲ
699 3232 832 3295 Θεῷ.
918 3226 1135 3282 Κάκεῐνο
1203 3228 1380 3302 βλέπει
1423 3236 1480 3284 τό
1529 3237 1662 3306 μὲγα
1709 3239 1799 3287 καὶ

200 3308 501 3380 θαυμαστόν
558 3313 729 3385 ὅραμα
774 3314 853 3386 (4)
927 3324 1032 3389 πῦρ
1072 3317 1122 3369 ἐν
1174 3327 1236 3392 τῇ
1289 3317 1454 3392 βάτῳ,
1502 3331 1605 3396 πῦρ
1655 3331 1801 3378 καῖον

197 3399 289 3447 καὶ
326 3393 587 3472 μηδαμῶς
626 3409 908 3455 κατακαῐον
950 3405 1050 3474 (5),
1111 3405 1187 3458 ὅτι
1243 3404 1372 3480 μηδ’
1421 3393 1636 3484 ὕστερον
1691 3412 1716 3462 6
1748 3411 1802 3464 ἐκ

194 3487 390 3547 ταύτης
467 3488 692 3551 καλέσας
767 3491 922 3544 αύτόν
967 3489 1062 3564 (6).

196 3575 314 3626 οὔτε
391 3577 707 3650 κατέφλεξεν,
775 3580 882 3632 οὔτ’

1159 3495 1332 3548 εἰσιὼν
1384 3504 1476 3556 τὴν
1528 3502 1799 3574 παρθένον,

965 3579 1115 3635 οὐδὲν
1200 3583 1447 3658 οὐδαμῶς
1489 3587 1800 3660 ἐλυμήνατο.

191 3667 372 3715 Ταῦτα
409 3671 603 3727 Μωσῆς
632 3673 764 3732 τότε,
793 3675 883 3722 καὶ
911 3679 1091 3724 πατεῖν
1128 3683 1227 3744 γῆν
1254 3674 1406 3746 ἁγίαν
1449 3676 1602 3746 ἁγίαν
1651 3678 1801 3741 εὐθὺς

189 3749 390 3823 ἆκούει,
442 3759 530 3806 καὶ
586 3758 651 3807 τὰ
703 3755 1021 3832 ύποδὴματα
1074 3769 1172 3813 τῶν
1227 3759 1404 3814 ποδῶν
1451 3764 1610 3817 λῦσαι
1782 3790 1794 3800 -

188 3844 283 3892 καὶ
331 3840 438 3893 λύει
506 3847 595 3896 καὶ
650 3843 977 3906 ἀποτίθεται.
1042 3855 1192 3912 Τίνος
1242 3854 1403 3925 χάριν
1436 3869 1450 3920 ;
1481 3851 1601 3905 Ὀτι
1659 3852 1798 3927 μηδὲ

186 3931 332 4002 θέμις
382 3933 513 3992 ἴσως
583 3938 758 4010 νεκρὸν
836 3933 988 3990 οὐδὲν
1063 3937 1165 3990 ἐκεῖ
1238 3939 1444 4012 ψαύειν,
1495 3943 1613 3994 ὅποι
1664 3951 1796 3996 Θεοῦ

181 4023 474 4092 παρουσία,
516 4025 605 4073 καὶ
663 4024 820 4085 τύπος
873 4022 1029 4098 Ἐδὲμ
1062 4035 1158 4088 τῆς
1201 4027 1487 4102 ἀφθάρτου,
1548 4035 1676 4104 πρὸς
1734 4033 1794 4090 ἣν

182 4107 213 4156 ὁ
297 4111 417 4160 τότε
489 4113 660 4182 φανεὶς
739 4113 880 4185 ἡμᾶς
937 4111 1083 4176 αὖθις
1150 4116 1434 4170 εἰσοικίσαι
1485 4123 1791 4193 προμηνύει,

179 4199 275 4247 καὶ
322 4197 389 4248 τὰ
419 4197 658 4270 σύμϐολα
715 4197 942 4255 δίδωσιν
995 4225 1006 4236 ·
1063 4203 1093 4264 ἡ
1147 4208 1296 4277 τάχα
1337 4211 1428 4258 καὶ
1484 4207 1794 4284 ἁπερῥίφθαι

180 4285 513 4364 προστάσσει
583 4293 687 4350 πᾶς
767 4292 887 4343 ὅσον
964 4290 1020 4356 ἐξ
1073 4295 1328 4368 ἅμαρτίας
1387 4294 1640 4369 βοήθημα
1698 4305 1793 4360 τῆς

183 4371 437 4438 ἀσθενοῦς
521 4381 714 4450 σαρκὸς
800 4380 1017 4456 ἥρμοσε,
1105 4388 1194 4436 καὶ
1260 4389 1380 4447 τοὺς
1431 4390 1655 4458 γυμνούς
1701 4396 1792 4440 τοῦ

183 4459 369 4516 λοιποῦ
406 4465 608 4542 θαρρεῖν
656 4471 792 4542 ἡμᾶς
845 4467 1016 4534 πόδας
1073 4472 1157 4525 ἐπὶ
1205 4483 1302 4526 τῶν
1351 4479 1506 4546 ὄφεων
1562 4475 1794 4550 βησομέ-

184 4571 302 4612 νους
329 4558 418 4606 καὶ
465 4563 562 4618 τῆς
598 4558 823 4630 κεφαλῆς
852 4567 943 4612 τοῦ
993 4557 1275 4635 δράκοντος
1335 4563 1432 4634 (8),
1494 4565 1545 4626 ὸς
1606 4565 1792 4628 αὐτούς

181 4639 466 4705 ἀπατήσας
547 4642 828 4704 ύπέδησεν.
891 4645 1013 4701 Εἷδε
1082 4657 1248 4701 ταῦτα
1303 4657 1498 4712 Μωσῆς
1555 4659 1642 4706 καὶ
1695 4659 1788 4714 τὴν

182 4728 472 4803 ελευθερίαν
535 4731 760 4788 ἐντεῦθεν
849 4737 1063 4811 Ἰσραὴλ
1136 4746 1439 4809 πιστοῦται,
1485 4745 1576 4792 καὶ
1631 4741 1788 4818 ἀπέρ-

178 4838 342 4890 χεται
404 4821 602 4896 θυρῥῶν
676 4832 738 4898 τῇ
803 4821 1022 4898 δυνάμει
1070 4836 1164 4888 τῆς
1220 4827 1399 4898 ὄψεως,
1474 4833 1788 4901 καταμαθὼν

180 4906 373 4961 ἐκεῖθεν
437 4915 525 4963 καὶ
602 4917 698 4972 τὴν
752 4919 928 4972 κοινὴν
989 4917 1190 4968 πάντων
1249 4915 1535 4990 ἐλευθερίαν
1592 4917 1787 4992 ἀνθρώ-

175 5013 311 5062 πων,
356 5000 424 5061 ὡς
489 4998 589 5053 ἀπό
647 5007 834 5077 Φαραώ
891 5001 1196 5078 τυραννίδος
1245 5009 1358 5058 τότε
1409 5011 1498 5058 τόν
1548 5007 1783 5082 Ἰσραὴλ,

247 5137 522 5218 (tl‘Paul,
551 5143 730 5214 Epist.
775 5143 850 5199 ad
896 5143 1150 5218 Philipp.
1201 5161 1258 5218 η,
1302 5152 1354 5218 7,
1389 5146 1462 5203 de
1509 5147 1780 5216 Christo;

177 5205 399 5291 Ἑαυτὸν·
443 5205 922 5291 ἐκένωσε,ᾐ.μορφὴν
973 5205 1162 5269 δούλόυ
1225 5205 1412 5272 λαϐών.
1463 5218 1547 5273 Cf.
1687 5205 1775 5276 50:

250 5280 331 5352 (2)
370 5283 417 5334 A
458 5283 585 5352 sine
615 5280 889 5341 articulo.

250 5349 326 5409 (3'1
357 5351 420 5410 B.
447 5349 719 5411 δηλοῦται.
756 5356 842 5412 Ad
871 5373 997 5412 rem
1027 5358 1162 5414 vide
1197 5360 1464 5416 Exodum
1493 5375 1543 5415 c.
1578 5377 1614 5417 ι.

251 5421 330 5492 (4)
381 5425 562 5506 Exod.
619 5443 697 5492 In,
741 5432 782 5506 _3
817 5445 851 5506 :_
881 5425 1003 5482 Εἶπε
1049 5426 1108 5482 δε
1167 5437 1396 5492 Μωῦσῆς
1439 5453 1450 5464 -
1510 5431 1782 5506 Παρελθὼν

179 5492 401 5571 ὅψομαί
417 5499 474 5547 τό
505 5498 675 5571 ᾆραμα
701 5503 757 5550 τὸ
789 5504 920 5571 μέγα
964 5508 1136 5556 τοῦτο.

249 5563 327 5636 (5)
361 5563 548 5632 Exod,
578 5563 656 5640 ιίι,
683 5572 717 5624 2
751 5563 898 5644 ε’ὅρα
926 5573 1006 5624 ὅτι
1041 5573 1067 5624 6
1125 5570 1288 5645 βάτος
1342 5578 1542 5627 καίεται
1604 5580 1731 5650 πυρί
1765 5595 1776 5608 ο

1828 4431 1868 4484 D

1923 1803 1983 1859 in
2033 1821 2206 1861 suam
2279 1809 2521 1862 Matrem
2577 1805 2802 1863 directo
2858 1807 3118 1879 respicit,
3169 1809 3394 1879 eligens
3441 1825 3579 1866 eam

1923 1899 2246 1966 antequam
2265 1895 2564 1952 ordinaret
2580 1896 2789 1952 orbem
2807 1896 3152 1951 universum
3165 1912 3236 1952 ex
3251 1897 3577 1955 omnnibus

1922 1997 1960 2038 a
1988 1998 2050 2037 se
2080 1985 2290 2039 creatis
2339 1984 2847 2055 generationibus.
2904 1985 3116 2058 Sicque
3156 1985 3436 2058 apparuit
3459 1986 3576 2042 hoc

1925 2074 2270 2142 mysterium
2307 2075 2403 2129 Dei
2434 2079 2571 2129 ante
2589 2089 2832 2130 omnem
2850 2074 3211 2129 creationem
3243 2073 3569 2143 decretum,

1921 2159 2046 2228 sed,
2075 2167 2135 2218 ut
2150 2163 2230 2218 ita
2249 2163 2470 2233 dicam,
2495 2163 2920 2219 absconditum
2945 2181 2958 2219 :
2978 2162 3194 2218 deinde
3215 2163 3572 2221 secumdum

1919 2241 2332 2319 generationes
2363 2251 2686 2321 ﬁguratum
2743 2255 2799 2308 et
2857 2251 2972 2307 sub
3025 2251 3253 2307 umbris
3303 2251 3566 2324 positum

1917 2336 1998 2392 ibi
2030 2339 2283 2394 salutem
2314 2345 2611 2412 operatur,
2641 2341 2744 2397 ubi
2797 2345 2976 2414 typus
3024 2340 3152 2412 ejus
3207 2339 3297 2397 vel
3350 2340 3568 2398 umbra

1915 2428 2200 2499 quaedam
2226 2428 2669 2485 demonstratur
2707 2435 2764 2486 et
2793 2429 3100 2502 accipitur.
3158 2427 3225 2486 Et
3270 2429 3386 2486 hoc
3439 2429 3566 2487 evi-

1914 2513 2122 2570 denter
2149 2516 2310 2572 novit
2339 2517 2441 2589 qui
2460 2533 2586 2572 rem
2625 2522 2844 2573 attente
2875 2517 3236 2575 considerat.

1984 2605 2195 2659 Servus
2226 2605 2416 2662 factus
2439 2605 2612 2662 Israel
2641 2606 2702 2662 in
2757 2607 3022 2680 Egypto
3079 2606 3196 2663 sub
3236 2600 3562 2664 Pharaonis

1913 2687 2229 2764 tyrannide
2277 2695 2660 2766 premebatur
2692 2714 2704 2763 ;
2731 2697 2962 2752 acerbis
3013 2695 3304 2768 pressuris
3351 2696 3564 2751 misere

1911 2769 2226 2838 lacessitus
2252 2783 2562 2858 fessusque
2590 2784 2854 2858 pondere
2895 2790 2952 2840 et
2991 2783 3367 2841 multitudine
3399 2781 3562 2841 labo-

1912 2885 2067 2938 rum,
2101 2872 2178 2928 ad
2218 2873 2347 2928 haec
2386 2880 2651 2929 extrema
2703 2871 3097 2944 dejiciebatur
3137 2890 3272 2947 quae
3330 2873 3404 2930 de
3461 2873 3562 2928 illo

1911 2966 2158 3015 narrant
2182 2961 2370 3016 Biblia
2391 2969 2725 3017 etveterum
2754 2962 3016 3017 historiae
3047 2980 3059 3017 :
3087 2961 3339 3016 surrexit
3357 2965 3560 3016 autem

1909 3051 2095 3104 Moses
2123 3049 2323 3104 zelans
2351 3066 2530 3121 super
2575 3051 2886 3122 patientes,
2947 3049 3300 3121 fugiensque
3346 3053 3559 3121 Egyp-

1911 3141 2035 3191 tum
2067 3153 2193 3192 sese
2258 3139 2374 3192 Deo
2421 3137 2876 3210 approximavit.
2931 3137 3218 3209 Videtque
3264 3137 3558 3191 visionem

1909 3223 2065 3281 hanc
2081 3241 2363 3296 magnam
2379 3231 2433 3281 et
2447 3226 2827 3298 stupendam,
2855 3227 3056 3296 ignem
3092 3225 3150 3281 in
3171 3226 3342 3294 rubo,
3357 3225 3557 3295 ignem

1912 3321 2198 3384 urentem,
2225 3315 2468 3371 minime
2493 3331 2630 3370 vero
2650 3319 3125 3382 consumentem,
3168 3314 3312 3387 quia
3333 3313 3428 3370 illc
3450 3317 3557 3386 qui

1908 3405 2169 3476 Moysem
2198 3421 2269 3460 ex
2291 3405 2442 3460 rubo
2465 3406 2712 3469 vocavit,
2737 3407 2947 3477 postea
2963 3405 3338 3461 descendens
3351 3404 3428 3460 ad
3441 3405 3557 3460 vir-

1909 3493 2283 3564 ginem,ejus
2322 3494 2719 3565 virginitatem
2772 3511 2880 3549 nec
2935 3491 3179 3550 abstulit
3233 3507 3428 3566 neque
3467 3493 3559 3550 vel

1909 3583 2229 3638 minimum
2250 3584 2610 3640 obscuravit.
2643 3587 2922 3657 Tuncque
2945 3582 3173 3638 audivit
3227 3585 3456 3654 Moyses
3490 3598 3554 3637 se

1908 3671 2137 3728 calcare
2169 3677 2383 3728 terram
2414 3677 2705 3736 sanctam,
2734 3678 2791 3728 et
2813 3674 3018 3743 jussus
3073 3672 3299 3728 solvere
3325 3671 3556 3728 calcea-

1907 3765 2109 3816 menta
2135 3761 2358 3833 pedum
2390 3778 2658 3833 suorum,
2687 3761 2856 3817 solvit
2893 3767 2950 3818 et
3002 3761 3271 3816 accessit.
3329 3762 3557 3827 Quare-

1905 3866 2045 3906 nam
2076 3850 2103 3904 ἱ)
2125 3849 2274 3917 Quia
2304 3866 2423 3905 non
2469 3849 2600 3906 licet
2635 3851 2972 3922 quidquam
3003 3856 3304 3905 mortuum
3355 3847 3555 3904 locum

1906 3943 2148 4007 tangere
2178 3939 2276 3994 ubi
2309 3942 2459 3994 Deus
2493 3955 2756 4011 praesens
2789 3943 2894 3994 est.
2927 3941 3124 4010 Typus
3163 3953 3406 4010 quoque
3436 3936 3552 3992 im-

1904 4027 2219 4083 maculatie
2252 4028 2548 4099 (Virginis)
2594 4035 2654 4082 ut
2684 4029 2887 4088 Edem,
2942 4027 3018 4081 ad
3077 4042 3257 4098 quem
3310 4041 3420 4080 nos
3465 4041 3552 4080 re-

1903 4131 2213 4186 gressuros
2239 4115 2755 4171 etinhabitaturos
2801 4113 3094 4187 symbolis
3148 4113 3350 4169 multis
3404 4129 3552 4185 prae-

1838 4213 1840 4216 '
1902 4203 2195 4259 nuntiavit
2225 4203 2315 4258 ille
2345 4204 2450 4274 qui
2501 4204 2560 4258 in
2618 4203 2850 4271 Virgine
2891 4202 3218 4273 apparuit:
3251 4207 3307 4257 et
3352 4201 3551 4258 statim

1896 4293 2067 4363 jubet
2093 4309 2204 4348 nos
2230 4292 2469 4363 rejicere
2498 4291 2793 4364 quidquid
2831 4291 2891 4346 in
2941 4291 3271 4346 remedium
3305 4295 3361 4346 et
3389 4290 3551 4346 auxi-

1899 4381 2042 4437 lium
2075 4390 2281 4436 contra
2312 4386 2625 4453 peccatum
2654 4380 2908 4436 inﬁrmae
2960 4382 3124 4436 carni
3153 4381 3471 4452 coaptavit,
3496 4383 3552 4436 et

1901 4472 1985 4526 sic
2014 4470 2230 4526 liberos
2245 4470 2322 4526 ab
2347 4469 2631 4525 omnibus
2649 4469 3018 4525 conﬁdenter
3037 4469 3295 4542 pedibus
3321 4469 3551 4526 calcare

1898 4565 2221 4632 serpentes,
2252 4565 2307 4615 et
2327 4563 2508 4631 caput
2552 4558 2831 4614 draconis
2868 4560 2970 4631 qui
3024 4575 3136 4614 nos
3195 4558 3550 4630 decipienda

1897 4649 2262 4704 indumentis
2308 4664 2510 4704 carere
2567 4647 2804 4704 fecerat.
2867 4650 2994 4704 llaec
3056 4647 3196 4703 vidit
3237 4649 3463 4718 Moyses
3491 4649 3548 4700 et

1896 4739 2216 4795 crediditin
2243 4737 2572 4794 libertatem
2602 4737 2780 4794 Israel
2810 4743 2865 4793 et
2897 4737 3317 4792 abiitconfisus
3338 4737 3398 4790 in
3431 4735 3544 4788 vir-

1896 4833 2019 4884 tute
2049 4827 2316 4897 visionis,
2352 4828 2429 4882 ita
2455 4825 2678 4881 docens
2700 4841 3082 4881 communem
3132 4823 3404 4878 omnium
3435 4823 3543 4877 ho-

1896 4917 2126 4971 minum
2149 4916 2500 4985 libertatem,
2523 4918 2706 4970 Deum
2728 4915 2950 4985 quippe
2974 4913 3343 4968 nasciturum
3367 4926 3545 4983 prop-

1894 5007 1981 5059 ter
2009 5020 2120 5060 nos
2155 5020 2225 5062 ex
2256 5007 2431 5060 Matre
2471 5003 2716 5072 virgine,
2753 5006 2814 5056 ut
2851 4999 3370 5072 quemadmodum
3403 5005 3544 5056 tunc

1893 5147 1918 5197 6
1951 5143 2008 5198 δὲ
2032 5145 2191 5218 βάτος
2229 5145 2288 5196 οὐ
2326 5148 2646 5197 κατεκαίετο.

1963 5213 2041 5284 (ὂὶ
2079 5215 2237 5272 Exod
2269 5231 2350 5284 in,
2387 5219 2460 5272 ξιτ
2518 5213 2787 5266 Ἐκάλεσεν
2837 5213 2992 5266 αὐτόν
3031 5215 3057 5265 6
3112 5215 3300 5287 Κύριος
3352 5215 3407 5268 ἐκ
3482 5223 3541 5269 οῦ

1893 5287 2082 5361 βάῗθγυτ

1985 5360 2039 5428 7}
2070 5358 2225 5413 Exod
2258 5373 2337 5423 111,
2372 5361 2402 5410 5
2436 5375 2448 5412 :
2481 5357 2637 5428 λῦσαι
2689 5360 2746 5407 τό
2800 5352 3054 5428 ὑπόδημα
3114 5355 3166 5408 ἐκ
3201 5365 3303 5410 τῶν
3359 5355 3536 5428 πόδῶν

1893 5427 1986 5483 σου
2029 5451 2043 5464 ο
2077 5431 2102 5481 6
2131 5433 2230 5501 γὰρ
2263 5434 2434 5490 τόπος,
2476 5427 2524 5479 ἐν
2673 5431 2737 5479 σὺ
2795 5427 3040 5494 ἕστηκας,
3074 5436 3142 5499 γῆ
3217 5429 3343 5500 ἁγία
3405 5427 3537 5482 ἐστί.

1962 5501 2040 5574 (8)
2073 5499 2359 5573 Respectu
2391 5499 2466 5554 ad
2500 5502 2589 5556 Ps.
2630 5513 2713 5566 xc,
2744 5502 2824 5554 t3.
