4054 6212
566 272 708 328 1499

1919 274 2296 333 NIOEPHORI
2322 275 2587 334 CHUMNI
3716 287 3814 340 15m

570 394 816 450 contulit
852 395 1163 461 beneﬁcia,
1222 413 1433 454 omnes
1477 399 1751 457 homines
1788 401 1977 475 probe
2000 399 2171 457 intelli

2211 407 2297 461 -Α
2326 401 2558 475 ὑπερφυῆ
2632 404 2789 453 παντὶ
2870 408 2941 470 τῷ
3003 398 3106 472 βίῳ
3179 403 3460 471 παρέσχετο
3511 402 3667 462 πάντες
3718 406 3812 459 εἰσὶν

570 488 739 554 gunt,
771 488 827 539 et
848 484 1088 556 optimae
1140 486 1481 543 intentionis
1516 495 1654 546 sunt
1679 507 1889 547 omnes
1920 492 2024 562 qui
2078 489 2217 546 talia

571 572 839 628 conﬁteri
868 578 923 627 et
950 573 1277 645 praedicare
1289 578 1739 646 aggrediuntur.
1771 580 1997 635 Etenim
2018 578 2216 634 nullus

571 667 658 718 est
694 677 942 717 sensum
982 666 1037 718 et
1066 662 1359 721 rationem
1398 666 1627 723 habens
1661 670 1765 741 qui
1797 684 1917 725 non
1946 668 2093 724 illud
2123 684 2218 723 ve-

569 751 877 806 hementer
891 756 1146 823 exoptet.
1181 754 1400 811 Omnes
1424 762 1624 812 autem
1654 757 1840 830 probe
1868 757 2062 812 sciunt
2086 771 2215 812 esse

570 854 708 894 vere
738 854 917 910 super
936 856 1181 896 omnem
1198 843 1475 899 virtutem
1500 850 1903 918 naturamque
1925 846 2217 901 sermonis

571 927 645 983 de
670 926 785 983 hoc
814 929 1229 986 convenienter
1260 932 1423 1004 loqui
1464 935 1555 989 vel
1583 951 1791 1005 parem
1836 935 2092 1004 gratiam
2131 948 2217 988 re-

572 1016 721 1072 ferre
733 1032 910 1088 posse
923 1022 1307 1090 quantumvis
1325 1022 1758 1079 zelantissimos
1784 1044 1795 1089 ;
1826 1039 1949 1079 non
1964 1023 2149 1077 solum
2168 1022 2216 1076 si

572 1105 987 1177 unusquisque
1033 1123 1142 1162 sua
1168 1124 1307 1163 voce
1339 1116 1394 1166 et
1422 1110 1628 1180 lingua
1668 1111 1807 1168 talia
1835 1112 2052 1167 nitatur
2077 1126 2216 1166 cou-

574 1193 835 1262 cinnare,
875 1210 1085 1250 verum
1132 1203 1191 1251 et
1230 1197 1273 1252 si
1299 1214 1509 1255 omnes
1532 1200 1593 1255 in
1642 1217 1829 1256 unum
1863 1200 2219 1256 conveniant

573 1281 651 1336 ad
681 1280 845 1348 illud,
871 1283 1216 1356 quicunque
1236 1302 1396 1342 nunc
1420 1295 1557 1343 sunt
1587 1294 1643 1344 et
1662 1291 2009 1361 quicunque
2041 1293 2218 1343 antea

575 1369 692 1424 vita
730 1368 915 1426 functi
945 1379 1081 1427 sunt
1114 1392 1125 1429 :
1162 1390 1283 1429 non
1315 1382 1486 1435 certe.
1518 1393 1712 1450 neque
1745 1378 1793 1432 si
1820 1378 1968 1433 foret
1991 1376 2217 1431 labium

574 1474 764 1514 unum
814 1475 1001 1532 osque
1060 1478 1246 1518 unum
1295 1480 1416 1536 quo
1462 1482 1672 1521 omnes
1723 1473 2102 1537 erumperent
2159 1465 2217 1519 in

576 1562 761 1603 unam
793 1564 1025 1618 vocem,
1048 1566 1123 1605 ne
1153 1553 1464 1622 paululum
1503 1555 1749 1627 quidem
1789 1555 1870 1609 sic
1903 1554 2220 1625 aptissima

576 1636 754 1690 etiam
788 1638 1151 1710 symphonia
1182 1641 1468 1710 attingere
1503 1643 1764 1699 valerent
1789 1642 1866 1699 ad
1900 1642 2219 1697 sublimem

2324 490 2588 563 ἄνθρωποι
2629 498 2803 562 σαφῶς
2867 486 3075 559 εἰδότες,
3135 493 3221 541 xui
3279 494 3476 560 γνώμης
3524 486 3681 543 εὖείσι
3720 498 3815 546 πάν-

2324 597 2407 639 τες
2443 580 2646 649 ἔχοντες
2706 577 3033 650 ἀνομολογεῖν
3094 582 3178 629 xui
3216 578 3474 649 κηρύττειν
3516 599 3527 609 ·
3553 584 3628 630 καὶ
3654 600 3701 651 γι
3746 594 3813 635 τῶν

2323 665 2557 718 ἁπάντων
2637 669 2777 719 ἔστιν
2826 662 3019 732 οὐδεὶς,
3070 660 3360 727 αἰσθήσεως
3411 673 3522 736 γοῦν
3602 674 3675 720 καὶ
3719 669 3815 741 λόγι’

2326 764 2470 826 σμῶν
2506 760 2762 828 μετέχων,
2800 760 2871 829 μὴ
2922 764 3075 808 τοῦτο
3109 751 3312 827 σφόδρα
3375 752 3719 826 βεϐουλημένος.
3766 760 3815 811 Οὐ

2323 847 2426 915 μὴν
2475 844 2606 897 ἀλλὰ
2664 850 2753 896 καὶ
2809 847 2991 907 πάντες
3059 840 3112 896 εὖ
3188 843 3289 895 εἱσι
3333 848 3419 895 καὶ
3470 842 3616 904 καλῶς
3661 842 3817 914 εἰδότες,

2324 934 2391 992 ὡς
2441 935 2581 984 ἔστιν
2675 932 2876 995 ἀληθῶς
2929 935 3054 1007 ὑπὲρ
3111 938 3282 984 πᾶσαν
3331 931 3478 1001 λόγου
3533 952 3612 983 και
3661 930 3819 1005 δύναμιν

2855 1025 3026 1075 ἱκανὸν
3092 1029 3260 1074 ταῦτα
3321 1020 3588 1093 ἐξισχῦσαι
3641 1021 3822 1087 λαλῆσαι,

2326 1110 2356 1168 ᾖ
2415 1114 2508 1168 τὴν
2548 1109 2794 1181 ἀνάλογον
2855 1116 2945 1164 καὶ
2980 1112 3115 1163 πάνυ
3172 1130 3225 1163 τι
3292 1112 3724 1182 προτεθυμημένους
3772 1114 3823 1164 εὐ-

2325 1204 2614 1270 χαριστίαν
2676 1200 2892 1272 πρᾶξαι,
2952 1204 3024 1272 μὴ
3090 1202 3170 1252 ὅτι
3230 1218 3286 1269 γε
3320 1198 3435 1251 καθ’
3494 1200 3573 1250 ἕνα
3620 1201 3826 1271 φθεγγομέ-

2326 1306 2439 1348 νους
2468 1292 2556 1339 καὶ
2611 1292 2745 1340 κατὰ
2792 1293 2915 1360 μίαν
2971 1288 3218 1360 γλῶσσαν
3253 1289 3465 1340 ἕκαστον
3520 1287 3829 1360 ἐπιχειροῦντας

2329 1374 2618 1448 ἀπονέμειν,
2673 1376 2779 1429 ἀλλ’
2817 1373 2933 1429 οὐδ’
2978 1377 3023 1429 εἰ
3083 1381 3271 1438 πάντες
3318 1376 3389 1436 εἰς
3438 1375 3610 1427 ταύτὸν
3653 1376 3715 1445 (1)
3751 1397 3831 1428 συν·

2331 1469 2508 1532 εόντες,
2542 1468 2655 1517 ὅσοι
2690 1486 2744 1518 τε
2790 1466 3021 1519 νῦνεὶσι
3073 1471 3164 1518 xui
3225 1467 3341 1518 ὅσοι
3384 1465 3535 1517 πάλαι
3581 1471 3831 1536 γεγόνασινο

2327 1552 2592 1625 οὐμενοῦν,
2634 1551 2749 1607 οὐδ’
2787 1555 2831 1607 εἰ
2889 1554 3067 1625 χεῖλος
3123 1554 3171 1606 ἓν
3224 1560 3314 1606 καὶ
3351 1553 3399 1605 ἓν
3430 1559 3587 1625 στόμα
3630 1557 3735 1626 πρὸς
3766 1575 3834 1625 φωρ

2325 1646 2417 1700 τὴν
2467 1648 2591 1714 μίαν
2643 1645 2716 1711 (2)
2773 1648 3063 1715 γεγόμενοι,
3121 1639 3237 1695 οὐδ’
3291 1642 3449 1703 οὕτως
3493 1641 3548 1692 ἂν
3603 1639 3706 1694 οὐδέ
3741 1650 3835 1694 κατὰ

2323 1026 2413 1073 xui
2467 1025 2622 1093 φύσιν
2698 1022 2771 1095 ἐφ’

576 1723 733 1779 hanc
756 1729 868 1780 tam
890 1727 1345 1795 magniﬁcorum
1382 1732 1741 1787 mirabilium
1777 1731 2177 1787 confessione!

2254 1734 2298 1786 B
2328 1733 2512 1805 μικρὸν
2570 1734 2731 1803 ἔσχον
2780 1730 2931 1803 ἐγγὺς
2980 1732 3106 1784 ἰέναι
3161 1738 3255 1783 τοῦ
3292 1750 3406 1783 τινα
3468 1733 3642 1787 ταύτην
3682 1750 3819 1802 συμῗω

576 1827 713 1884 quae
762 1814 1054 1870 excedens
1098 1823 1309 1873 cuncta
1338 1820 1415 1874 ad
1441 1820 1677 1876 inﬁrma
1697 1820 1947 1892 deprimi
1975 1819 2219 1874 minime

578 1904 793 1974 potest.
818 1905 913 1958 Est
939 1904 1115 1972 igitur
1140 1907 1335 1961 omnis
1355 1913 1572 1964 natura
1591 1909 1902 1964 hominum
1925 1924 2057 1963 vere
2080 1907 2219 1962 infe-

576 1989 697 2044 rior
721 1995 778 2045 et
804 1992 1104 2064 impotens
1121 1995 1199 2049 ad
1220 1995 1400 2066 hujus
1417 1998 1645 2052 virtutis
1664 1998 2135 2067 indagationem,
2158 2000 2223 2050 ut

573 2077 825 2148 dignum
846 2081 990 2152 quid
1023 2082 1097 2138 de
1114 2088 1194 2139 tot
1219 2087 1464 2142 ettantis
1485 2086 2175 2159 beneﬁciisloquipossit
2204 2101 2217 2138 :

574 2164 682 2220 sed
710 2172 767 2222 et
790 2167 1089 2239 impotens
1121 2187 1361 2243 quoque
1383 2173 1533 2229 foret
1566 2190 1753 2246 quam
1784 2175 2049 2246 accipere
2082 2188 2219 2246 pos-

572 2259 658 2310 set
676 2250 913 2326 linguas
934 2258 1097 2329 ipsas
1117 2261 1482 2330 Angelorum
1508 2268 1564 2318 et
1589 2262 2099 2331 Archaugelorum
2128 2261 2222 2317 vel

572 2342 750 2416 siqui
801 2344 917 2401 sint
972 2347 1225 2404 aliorum
1288 2351 1605 2422 spirituum
1664 2351 1725 2406 in
1778 2352 1876 2407 Dei
1937 2349 2221 2406 laudibus

570 2440 859 2505 perpetuo
915 2442 1209 2505 assuetas,
1240 2444 1297 2494 et
1328 2442 1622 2511 acciperet
1654 2456 1754 2495 eas
1785 2445 1840 2494 et
1869 2438 2221 2510 adimpleret

571 2520 806 2579 cantica
827 2514 1150 2593 gratiarum
1178 2528 1539 2584 creberrima
1573 2546 1585 2584 :
1610 2545 1731 2584 non
1753 2529 1912 2584 enim
1943 2528 2220 2583 homines

571 2616 825 2676 tantum,
858 2630 1066 2670 verum
1099 2615 1276 2672 etiam
1300 2622 1621 2688 potestates
1649 2617 1919 2672 cmlestes
1935 2617 2219 2688 obstupe-

570 2699 711 2755 facit
740 2701 1105 2759 mirabilium
1131 2705 1479 2783 excellentia
1495 2712 1551 2760 et
1581 2705 1914 2761 sublimitas
1945 2721 2080 2779 quae
2110 2722 2220 2778 pro

572 2788 747 2844 nobis
776 2794 1009 2861 patrata
1047 2791 1287 2848 fuerunt
1315 2794 1614 2864 hodieque
1652 2794 2083 2865 producuntur.

570 2876 784 2947 λογικὴν
879 2882 1033 2950 φύσιν
1135 2879 1264 2933 ἀλλὰ
1338 2886 1427 2933 καὶ

1519 2885 1611 2943 τὰς
1688 2881 2021 2956 ἕπουρανίους
2100 2878 2370 2955 δυνάμεις,

2327 1824 2439 1871 νίαν
2536 1826 2864 1901 παγκόσμιον
2938 1824 3063 1894 πρὸς
3128 1818 3533 1892 ἀνθομολόγησιν
3612 1813 3729 1890 ἆραι,
3773 1828 3834 1871 τον

2329 1916 2428 1959 τῶν
2490 1910 2765 1980 θαυμάτων
2817 1909 3092 1981 μεγαλείου
3141 1914 3214 1981 μὴ
3280 1908 3419 1960 κάτω
3475 1913 3731 1959 πίπτουσαν
3776 1912 3836 1958 καὶ

2330 2004 2421 2049 τοῦ
2477 2003 2669 2060 παντὸς
2734 1998 3156 2070 ἀπολειπομένην.
3222 1996 3355 2050 Ἀλλ’
3419 1998 3525 2049 ἔστι
3604 2000 3680 2068 μὲν
3729 2000 3834 2057 ὄντως

2329 2089 2493 2161 μικρὰ
2562 2095 2711 2140 πᾶσα
2778 2091 2930 2159 φύσις
3002 2087 3284 2162 ἀνθρώπων
3365 2092 3452 2138 xui
3501 2085 3693 2143 ἀσθενὴς
3750 2088 3834 2157 πρὸς

2327 2180 2478 2228 τοῦτό
2533 2195 2593 2246 γε
2643 2173 2911 2249 δυνάμεως
2986 2176 3346 2247 ἐξεταζομένη,
3398 2176 3516 2226 ὥστ’
3580 2176 3698 2245 ἔχειν
3741 2174 3838 2235 ἐξιόν

2329 2283 2381 2315 τι
2459 2272 2559 2315 τῶν
2657 2268 2917 2318 τοσούτων
3018 2270 3109 2317 καὶ
3191 2267 3437 2317 τοιούτων
3510 2264 3838 2335 εὐεργετημάτων

2330 2351 2457 2426 ἐρεῖν
2483 2374 2496 2385 ·
2520 2356 2635 2406 ἔστι
2666 2351 2725 2406 δὲ
2754 2359 2843 2406 καὶ
2887 2354 3033 2415 αὐθις
3090 2356 3336 2419 ἀσθενὴς,
3410 2352 3452 2404 εἰ
3508 2356 3592 2403 καὶ
3627 2353 3705 2411 τὰς
3737 2349 3840 2421 ἀγκι-

2329 2440 2475 2504 λίκὰς
2566 2442 2727 2503 αὐτὰς
2808 2445 2836 2502 ἡ
2907 2449 2996 2495 xui.
3041 2441 3454 2517 ἀρχαγγελικὰς,
3509 2444 3551 2492 εἰ
3600 2445 3712 2502 τινές
3754 2439 3841 2491 εἰσιν

2330 2528 2495 2582 ἁῢλων
2562 2532 2800 2603 γλῶσσαι
2850 2536 2975 2605 πρὸς
3051 2529 3305 2592 διηνεκεῖς
3377 2530 3558 2602 ὕμνους
3625 2529 3843 2598 εἰθισμέναι

2332 2628 2485 2688 Θεοῦ,
2536 2620 2816 2692 βουληθείη
2872 2620 3184 2694 προσλαϐεῖν
3244 2626 3336 2672 xui
3395 2618 3678 2694 προσλάϐοι,
3721 2620 3843 2668 ἔπειτα

2332 2711 2702 2781 συνεργάζοιτο
2760 2714 2879 2772 τοὺς
2956 2710 3407 2785 εὐχαριστηρίους
3470 2707 3840 2780 ἀποπληρονσα’

2330 2797 2388 2849 οὐ
2422 2802 2522 2872 γὰρ
2588 2798 2889 2870 ἀνθρώποῦς
2947 2802 3099 2870 μόνον
3156 2802 3250 2850 xui
3292 2803 3386 2856 την
3421 2796 3533 2848 καθ’
3576 2799 3693 2867 ἡμᾶς
3721 2800 3840 2846 πᾶσαν

2460 2886 2763 2960 ὑπερϐαῐνον
2824 2886 3099 2945 ἐκπλήττει
3186 2896 3289 2939 τῶν
3375 2889 3659 2947 θαυμασίων
3728 2878 3841 2933 τῶνδε

570 2970 628 3017 τὸ
649 2969 885 3037 μέγεθος,
914 2969 1040 3040 ὑπὲρ
1077 2971 1222 3041 ἡμῶν
1250 2968 1473 3044 ἀπείρων
1496 2973 1630 3023 ὅσων
1652 2973 2127 3042 καταπραχθέντων
2154 2976 2242 3023 καὶ
2268 2981 2353 3024 νῦν
2386 2972 2771 3047 ἐνεργουμένων.

640 3057 914 3111 Attamen
945 3058 1110 3129 quod
1140 3059 1267 3114 haec
1306 3076 1546 3132 semper
1571 3060 1900 3132 ordineque
1935 3059 2223 3115 celebrari
2255 3062 2294 3116 C

569 3144 830 3201 debeant
870 3146 1027 3217 pleni
1072 3147 1437 3220 ﬁrmiterque
1463 3164 1798 3214 censemus,
1830 3154 2008 3222 atque
2039 3147 2224 3203 conﬁ-

569 3232 789 3289 dimus.
843 3237 994 3305 Ergo
1047 3242 1110 3291 ut
1149 3253 1488 3293 sermonem
1542 3238 1731 3293 obiter
1766 3241 2226 3309 opportuneque

570 3324 881 3379 ordiamur
919 3324 998 3380 ab
1036 3327 1152 3381 hoc
1203 3328 1365 3399 quod
1422 3328 1530 3382 fuit
1584 3327 1643 3381 in
1676 3327 1967 3398 principio
2002 3326 2225 3380 :homo

569 3412 903 3485 plasmatus
947 3430 1133 3470 manu
1180 3416 1280 3471 Dei
1320 3416 1533 3471 divinae
1581 3432 1830 3472 consors
1871 3414 2116 3470 effectus
2139 3421 2224 3470 est

569 3501 873 3571 imaginis,
906 3502 1045 3558 inde
1067 3520 1245 3574 super
1270 3519 1481 3559 omnes
1501 3504 1762 3560 visibiles
1793 3510 2099 3560 creaturas
2117 3503 2224 3559 ho-

572 3605 718 3645 nore
764 3596 1105 3653 coronatus.
1163 3597 1327 3648 tanto
1384 3594 1613 3661 majore
1667 3593 1855 3662 gloria
1900 3598 1956 3647 et
2010 3592 2225 3648 decore

572 3677 851 3745 donatus,
900 3683 1129 3750 quanto
1181 3679 1551 3737 formationis
1593 3680 1727 3752 eius
1758 3680 2007 3736 verbum
2048 3680 2225 3736 altius

575 3766 953 3833 efferebatur,
975 3785 1113 3824 cum
1134 3770 1363 3843 accepit
1394 3771 1552 3826 unde
1573 3770 1899 3839 imaginem
1913 3786 2101 3843 quam
2130 3785 2226 3840 ge-

573 3855 743 3912 rebat
776 3864 1179 3927 conservaret,
1226 3860 1273 3914 si
1304 3860 1587 3915 custodiri
1647 3866 1949 3931 praecepta
1979 3858 2222 3915 curarit.

574 3945 902 4018 Postquam
944 3952 1143 4003 autem
1178 3964 1283 4020 per
1312 3948 1669 4020 voluptatem
1710 3949 1970 4004 nudatus
2006 3952 2112 4013 est,
2145 3954 2219 4012 et,

576 4040 877 4107 praecepta
922 4037 1387 4109 parvipendens,
1440 4037 1872 4109 decipientibus
1904 4036 2087 4091 ﬁdem
2118 4036 2223 4091 ad-

574 4123 784 4179 hibuit:
830 4126 1028 4181 statim
1052 4126 1289 4191 decidit,
1333 4127 1391 4180 in
1422 4127 1552 4198 ipso
1586 4127 1718 4181 loco
1749 4126 1843 4180 ubi
1871 4126 2224 4181 constitutus

576 4212 770 4268 fuerat
806 4214 868 4268 in
918 4217 1220 4287 voluptate
1261 4218 1328 4271 'et
1371 4216 1645 4271 fruitione
1677 4216 1999 4271 multorum
2040 4214 2224 4270 maxi-

580 4317 941 4375 morumque
997 4303 1318 4369 bonorum,
1376 4304 1672 4376 simulque
1705 4304 1904 4360 amisit
1946 4304 2224 4359 meritum

579 4532 875 4604 integrum
944 4548 980 4587 a
1045 4534 1313 4604 θεσπισμα
1383 4534 1461 4588 ad
1513 4538 1740 4604 περαίνει
1797 4533 1980 4590 fuisse
2037 4534 2226 4588 serius

578 4603 792 4659 lineola
828 4612 1165 4659 transversa
1222 4603 1666 4671 inductum,ab
1720 4606 1850 4675 ipso
1892 4616 1953 4659 ut
1996 4604 2229 4658 videtur

580 4674 840 4740 librario,
866 4675 943 4730 ab
965 4691 1035 4730 eo
1068 4675 1279 4730 saltem
1309 4676 1550 4730 homine
1581 4677 1683 4746 qui
1714 4675 2138 4746 opusculorum
2168 4676 2227 4730 in

580 4747 783 4802 codice
800 4752 1216 4802 contentorum
1273 4746 1528 4800 indicem
1556 4746 1822 4801 confecit.
1859 4749 1921 4800 ln
1952 4762 2022 4801 eo
2052 4746 2228 4814 igitur

579 4817 774 4873 indice
818 4817 1100 4888 generali,
1140 4833 1330 4888 quum
1375 4817 1635 4888 primum
1684 4818 1867 4872 hocce
1900 4817 2227 4888 scripsisset

578 4887 836 4958 lemma,
889 4897 981 4941 τοῦ
1048 4887 1205 4941 αὑτοῦ
1272 4887 1538 4960 θέσπισμα
1602 4893 1685 4940 ἐπὶ
1749 4896 1811 4946 τῆ
1880 4887 2075 4959 μεγάλη
2138 4891 2229 4939 xui

579 4960 847 5032 τελευταίᾳ
900 4962 1047 5035 ἐορτῇ
1098 4967 1190 5012 τοῦ
1232 4963 1367 5011 κατὰ
1413 4968 1637 5042 Χριστόν
1676 4963 1868 5042 παντὸς
1907 4964 2222 5030 μυστηρίου,

580 5045 651 5085 eo
678 5030 889 5096 deleto,
931 5030 1158 5087 novum
1191 5030 1511 5093 substituit,
1548 5031 1705 5085 hisce
1743 5030 1965 5085 scilicet
2020 5045 2226 5085 conce-

580 5106 753 5175 ptum
813 5101 1010 5157 verbis
1044 5121 1055 5157 :
1086 5111 1178 5155 τοῦ
1228 5102 1387 5154 αὐτου
1445 5103 1591 5172 λόγος
1659 5106 1796 5175 ὅπως
1850 5098 1932 5153 δεῖ
1968 5101 2226 5175 ἑορτάζειν

580 5176 673 5229 τὴν
732 5172 907 5244 ἑορτὴν
970 5181 1065 5235 τῆς
1140 5179 1423 5245 κοιμήσεως
1491 5182 1583 5234 τῆς
1660 5174 1919 5245 ὐπραγίας
1990 5172 2226 5245 θεοτόκου

582 5244 682 5294 ἀπὸ
712 5251 805 5304 τῆς
842 5249 1049 5315 πρώτης
1080 5253 1169 5296 τοῦ
1201 5243 1496 5313 αὐγούστου
1528 5247 1685 5316 μηνός
1717 5243 1881 5316 μέχρι
1936 5252 2029 5303 τῆς
2060 5243 2225 5315 ἐσχά-

578 5334 689 5375 της.
734 5317 894 5370 Nova
946 5314 1049 5387 illa
1108 5316 1425 5387 Andronici
1453 5314 1565 5385 lex,
1602 5332 1679 5371 an
1718 5314 2226 5387 diu'vigueritnc-

581 5387 705 5441 scio
735 5402 747 5451 ;
782 5400 891 5440 nec
933 5386 1189 5457 Strozzze
1213 5386 1421 5441 licrum
1462 5388 1536 5441 de
1561 5388 1980 5457 Assumptione
2005 5400 2226 5457 consu-

578 5458 695 5512 lere
726 5458 911 5529 potui,
938 5459 997 5512 in
1027 5472 1148 5529 quo
1171 5456 1372 5529 forsan
1399 5457 1444 5510 is
1474 5454 1897 5529 antiquitatum
1930 5454 2227 5529 liturgica-

578 5545 713 5584 rum
730 5528 930 5585 locum
967 5528 1246 5597 tractatus
1282 5528 1407 5583 fuit.
1432 5560 1498 5567 —
1528 5528 1843 5600 Apponam
1872 5543 1994 5584 non
2024 5528 2228 5600 intem-

580 5601 805 5672 pestive
854 5616 886 5656 e
924 5600 1129 5659 codice
1157 5600 1319 5669 regio
1349 5603 1509 5669 1630,
1550 5596 1691 5671 pag.
1725 5600 1812 5669 61,
1845 5603 1935 5671 63,
1967 5602 2084 5667 133,
2117 5596 2229 5653 tria

2405 3065 2480 3115 Οὐ
2526 3067 2617 3137 μὲν
2674 3063 2803 3116 ἀλλὰ
2866 3069 2954 3116 καὶ
3013 3064 3232 3125 καθεξῆς
3318 3063 3397 3115 ἀεὶ
3448 3070 3605 3115 ταῦτα
3654 3060 3843 3113 τελεῖσθαι

3283 3166 3373 3204 και
3435 3150 3659 3223 ἀσφαλεῖς
3713 3152 3845 3218 ἔχομεν

2807 3247 2926 3309 Καὶ,
2996 3241 3059 3292 ἶν’
3117 3242 3244 3312 ἡμῖν
3309 3242 3333 3292 ὁ
3384 3240 3542 3311 λόγος,
3612 3242 3752 3309 ὥσπερ
3801 3234 3845 3291 εὶς

2332 3328 2507 3401 ἀρχὴν
2548 3329 2784 3392 ἀνελθὼν,
2835 3330 3021 3383 ἐκεῖθεν
3083 3329 3202 3382 καθ’
3268 3326 3391 3381 ὀδόν
3442 3330 3625 3403 προῖοι,
3675 3325 3844 3378 ἐπλάσθη

2331 3421 2421 3488 μὲν
2483 3420 2751 3493 ἄνθρωπος
2801 3424 2947 3491 χειρὶ
2988 3426 3143 3479 Θεοῦ,
3192 3424 3285 3470 xui
3343 3422 3567 3493 μετέσχεὲ
3613 3418 3725 3473 θείας
3764 3412 3849 3464 εἰκο-

2331 3526 2410 3566 νος
2482 3510 2580 3577 (3),
2640 3514 2729 3559 καὶ
2797 3511 2963 3578 τούτῳ
3023 3506 3179 3578 πλείῳ
3248 3511 3521 3579 τετίμηται
3574 3507 3747 3556 πάντων
3786 3507 3850 3550 τῶν

2334 3150 2553 3223 βεϐαίας
2626 3154 2773 3223 ἡμεῖς
2850 3155 2939 3212 τὰς
3002 3157 3202 3213 πίστεις

2332 3242 2417 3300 τὰς
2484 3239 2719 3302 ἐλπίδας.

2334 3594 2598 3669 ὁρωμένων
2633 3617 2645 3628 ·
2686 3594 2797 3667 εἶχε
2834 3592 2882 3649 δ’
2924 3595 2984 3647 ἂν
3045 3601 3134 3647 xui
3180 3595 3332 3648 πλέον
3402 3594 3711 3665 ἀπειληφέναι
3747 3594 3851 3658 τιμῆς

2332 3689 2421 3735 καὶ
2464 3681 2644 3748 δόξης,
2672 3685 2857 3758 πρὸςό
2894 3689 2983 3736 xui.
3026 3684 3218 3756 μᾶλλον
3257 3686 3282 3736 ὅ
3333 3692 3425 3745 τῆς
3473 3681 3578 3734 κατ’
3625 3680 3747 3732 αὑτὸν
3781 3672 3849 3731 δη·

2331 3778 2608 3845 μιουργόας
2676 3776 2815 3848 ἔφερε
2891 3774 3058 3844 λόγος,
3142 3778 3233 3824 xui.
3284 3770 3526 3826 ἀπελαϐεν
3575 3770 3649 3838 ἂν,
3703 3768 3752 3827 εἰ,
3788 3769 3849 3821 τὶν

2333 3862 2503 3913 εἰκόνα
2583 3868 2905 3936 περισώσας,
2986 3864 3112 3933 μετὰ
3190 3869 3284 3922 τῆς
3356 3860 3557 3921 ἐντολῆς
3622 3855 3846 3929 ἐφυλάχθη-

2332 3955 2472 4002 Ἐπεὶ
2500 3947 2551 4002 δ’
2598 3950 2682 4022 ὑφ’
2732 3946 2923 4009 ἡδονῆς
2970 3948 3189 4017 έκλάπη,
3248 3954 3363 4009 xui,
3420 3958 3517 4001 τῶν
3569 3944 3849 4019 προσταχθέν-

2333 4058 2431 4089 των
2472 4038 2821 4113 ὀλιγωρώσας,
2884 4036 3207 4089 ἐνεπίστευσε
3265 4045 3375 4098 τοῖς
3430 4036 3669 4089 ἀπατῶσι.
3722 4034 3847 4081 πίπτει

2332 4129 2421 4197 μὲν
2463 4128 2609 4187 εὐθὺς
2661 4125 2846 4178 ἐκεῖθεν
2900 4127 2998 4183 ὅπη
3053 4130 3142 4177 xui
3200 4134 3396 4199 τρυφῆς
3459 4125 3533 4193 (4)
3577 4121 3748 4191 ἐτάχθη
3790 4118 3848 4165 καὶ

2332 4215 2527 4267 πολλῶν
2564 4221 2652 4267 καὶ
2714 4214 2944 4287 μεγάλων
2994 4214 3200 4287 ἀγαθῶν
3235 4220 3512 4287 μετουσίας
3569 4251 3580 4262 .
3635 4209 3848 4261 ἀποπίπτει

2334 4299 2386 4355 δ’
2413 4305 2541 4376 ὁμοῦ
2594 4309 2683 4358 καὶ
2740 4305 2803 4365 ἧς
2861 4302 3009 4366 ἀξίας
3065 4303 3262 4375 ἔμελλεν
3295 4303 3552 4376 ἀμείνονος
3591 4299 3848 4372 πειραθῆναι,

2336 4529 2794 4601 epigrammata,
2829 4530 2898 4590 εἰς
2926 4535 3022 4588 τὴν
3051 4536 3304 4602 κοίμησιν
3326 4540 3421 4592 τῆς
3453 4533 3706 4583 Θεοτόκου.
3732 4552 3784 4561 -

2335 4587 2469 4672 Ζῇςυ
2488 4605 2576 4652 xui
2628 4603 2857 4673 θανοῦσα
2890 4619 2901 4630 ·
2955 4602 3103 4662 ζῶσα
3139 4587 3352 4663 Ιτίκτεις
3409 4602 3659 4673 παρθένος.
3690 4622 3757 4673 ,στ’

2338 4666 2452 4732 Σαῖς
2490 4672 2775 4741 ἠγκαλίζου
2832 4677 2955 4745 πρίν
3006 4692 3073 4747 με
3119 4678 3301 4747 χερσὶ,
3351 4666 3581 4747 παρθένε,
3616 4666 3765 4747 Graii;

2340 4752 2432 4803 σῆς
2470 4746 2678 4795 ἓσπασα
2704 4747 2955 4816 μητρικόν
2990 4744 3144 4815 γάλα.
3189 4744 3271 4796 ’Τό
3307 4744 3504 4816 πνεῦμά
3541 4760 3626 4793 σου
3674 4744 3743 4788 νῦν
3788 4751 3847 4814 ας

2336 4818 2419 4875 τὸς
2495 4814 2886 4886 ἡγκαλισμέν-ος,
2959 4814 3028 4867 Τὸ
3118 4824 3272 4887 σῶμα
3318 4814 3500 4887 πέμπω
3552 4814 3666 4885 πρὸς
3712 4816 3847 4881 τρυφξξ

2337 4889 2642 4957 τόνχωρίον.
2676 4917 2736 4924 —
2761 4888 2835 4956 γ’.
2870 4891 2968 4943 Γῆν
2998 4890 3053 4938 ἐκ
3089 4886 3248 4937 πόλου
3282 4886 3393 4957 μοι,
3439 4892 3537 4957 γῆς
3562 4888 3652 4953 ἐγώ
3687 4896 3754 4953 σοι
3792 4889 3847 4922 7”

2336 4936 2652 5009 πόλῖνδῐδοὺ
2676 4936 2873 5029 τίθημι,
2908 4966 3068 5028 μῆτερ
3091 4940 3330 5029 παρθένε.
3380 4936 3393 4951 ’
3446 4936 3462 4957 Ι
3537 5026 3554 5029 _
3590 4936 3602 4953 '
3690 4948 3715 5029 Ι,
3765 5012 3804 5029 η,

2408 5027 2485 5102 (1.)
2510 5017 3127 5102 Poterunt'admovéri,
3157 5017 3212 5102 si
3229 5020 3745 5102 tantiest,_Jo_annis'
3765 5017 3831 5102 Di?

2338 5090 2475 5153 coni
2496 5098 2719 5170 similes
2741 5098 3087 5170 hyperbole:
3105 5115 3175 5154 ex
3202 5100 3362 5155 initio
3381 5090 3713 5154 laudationis
3727 5090 3843 5143 Joan-

2336 5171 2428 5244 nis
2468 5169 2777 5244 Palaeologi
2806 5169 2979 5237 (Vide
3006 5176 3145 5244 to_m.
3178 5171 3433 5238 CLVIII).
3623 5235 3649 5244 ί,
3731 5228 3744 5244 η
3816 5223 3839 5244 _,

2408 5240 2485 5311 (‘2)
2514 5235 2747 5295 Genesi
2780 5235 2853 5305 xi,
2915 5247 2929 5294 l
3000 5258 3011 5295 :
3051 5239 3111 5299 ἦν
3158 5248 3305 5293 πᾶσα
3350 5235 3407 5299 ἠγ
3437 5247 3499 5311 γῆ
3552 5235 3708 5309 χεῖλος
3731 5235 3767 5280 ἓν
3789 5238 3845 5273 και

2339 5316 2475 5383 φωνὴ
2500 5317 2597 5382 μία
2619 5317 2773 5367 πᾶσι,
3110 5383 3114 5384 ν
3638 5381 3644 5384 Α
3718 5372 3733 5384 .

2409 5370 2717 5453 (3)ἶί81185.
2768 5398 2825 5451 ιι,
2879 5388 2909 5435 7
2974 5401 2986 5451 ;
3046 5383 3259 5437 ἔπλασεν
3321 5385 3347 5436 ό
3416 5385 3541 5441 Θεὸς
3601 5381 3677 5429 τὸν
3705 5370 3845 5438 ἀνθρνο

2337 5473 2451 5505 πον.
2493 5453 2630 5508 Vide
2660 5458 2715 5507 et
2750 5470 2787 5519 1,
2816 5456 2903 5507 27.
3509 5523 3512 5524 ν
3581 5522 3588 5524 _
3700 5516 3708 5524 ,
3821 5504 3826 5512 .

2409 5526 2481 5591 (4)
2502 5528 2563 5581 In
2595 5524 2790 5579 Bibliis
2808 5539 2928 5580 non
2956 5524 3139 5581 semel
3158 5524 3471 5598 paradisus
3486 5522 3677 5579 dicitur
3691 5522 3712 5565 ο
3726 5524 3842 5577 παρα-

2339 5592 2514 5657 δεισος
2542 5604 2630 5656 τῆς
2649 5602 2867 5669 τρυφῆς.
