4054 6212
237 237 372 306 1.501

1303 249 1395 306 DE
1432 227 1649 307 πετο
1689 243 2140 304 DORMITIONIS
2201 248 2257 306 s.
2304 250 2563 310 mm.

3466 259 3604 313 4502

233 366 324 413 καὶ
359 366 564 435 στρέφει
646 363 798 416 πάλιν
865 366 932 428 εἰς
985 376 1084 440 γῆν
1135 375 1428 448 συντριϐεὶς
1474 384 1536 448 τῇ
1580 374 1812 448 ἁμαρτίᾳ

1946 377 2194 442 propter
2217 374 2383 446 quod
2411 375 2638 431 meliori
2667 375 2825 432 bono
2845 375 3022 448 potiri
3044 375 3106 432 in
3137 377 3479 450 proximum
3499 380 3603 437 ha-

231 448 360 520 μήθ’
413 451 534 524 ὅπερ
590 447 650 510 ἦν
721 451 969 524 φυλάξας,
1029 463 1162 530 μήτε
1211 447 1477 535 γενόμενος
1515 447 1651 535 πρὸς
1696 447 1724 514 ὃ
1767 459 1834 521 δὴ

230 545 464 610 κρεῖττον
547 545 636 593 καὶ
726 540 1040 622 ὑψηλότερον
1129 547 1637 626 παιδαγωγοὺμενος
1720 551 1837 604 ἐκα-

229 624 393 683 λεῐτο.

307 810 407 857 Καὶ
459 807 484 858 6
563 810 654 879 μεν
721 809 885 874 οὕτως
955 813 1164 883 ὤλισθε,
1247 826 1380 872 Θεοῦ
1423 825 1513 872 καὶ
1559 827 1656 883 τῆς
1696 823 1836 884 θείας

231 892 505 946 ἀποπεσὼν
543 901 730 972 μοίρας
758 920 772 932 ο
805 899 832 951 6
886 896 938 953 δ’
982 899 1135 967 αὖθις
1181 905 1422 978 βούλεται
1472 913 1599 982 πρός
1653 910 1833 962 ἑαυτὸν

227 983 461 1039 ἑλκύσαι.
514 986 756 1040 Βούλεται
810 997 984 1062 τοῦτο,
1028 1000 1114 1046 καὶ
1174 1006 1358 1051 σκοπεῖ
1406 1008 1497 1060 τῆς
1549 999 1832 1074 φιλανθρω-

226 1077 355 1135 πίας
407 1076 467 1126 τό
523 1078 759 1149 μέγεθος.
815 1078 1026 1134 Ἑαυτὸν
1083 1084 1195 1137 ὅλον
1253 1087 1324 1150 εἰς
1382 1091 1522 1161 ἡμᾶς
1565 1089 1658 1142 οὐκ
1702 1088 1831 1142 ἀπαο

229 1157 332 1225 ξιοῑ
367 1172 591 1216 κενῶσαι
638 1165 739 1236 (1),
784 1173 876 1221 καί
925 1189 984 1242 γε
1031 1171 1307 1245 βαστάσαι
1360 1157 1698 1240 πεπτωκότας
1742 1186 1830 1231 καὶ

228 1250 540 1324 προσ)αϐεῖν
608 1259 886 1329 κειμένους,
963 1259 1058 1314 ούκ
1135 1264 1208 1328 εἰς
1282 1267 1403 1340 ὅπερ
1457 1264 1584 1340 ἦμεν
1654 1272 1829 1341 μόνον,

228 1338 358 1392 ἀλλὰ
427 1347 516 1395 καὶ
581 1347 713 1417 πρός
778 1345 805 1398 ὃ
850 1354 1126 1424 παρήγαγε
1172 1338 1382 1417 πλάσας⁷
1425 1338 1579 1419 αὖθις
1626 1338 1830 1410 ἀνασώ-

229 1428 350 1496 ζων,
429 1435 620 1503 μηκέτι
687 1440 821 1506 μήτε
906 1442 1050 1512 παρὰ
1118 1451 1209 1495 τοῦ
1274 1447 1580 1515 φθονοῦντος
1624 1445 1830 1499 ἐπιϐου-

223 1516 545 1590 λευομένους,
616 1527 750 1594 μήτε
824 1529 1127 1596 πίπτοντας,
1182 1533 1309 1603 μήτ’
1366 1530 1517 1596 αὖθις
1573 1533 1826 1607 ἀχρειου-

219 1611 424 1678 μένους.

1945 457 2129 515 bebat
2161 479 2174 516 :
2207 468 2262 516 et
2298 479 2533 519 rursum
2557 465 2615 520 in
2630 470 2846 520 terram
2874 479 3204 520 conversus
3239 469 3328 520 est
3364 467 3598 524 attritus

1947 553 2194 618 peccato
2220 567 2232 618 ;
2257 565 2451 624 neque
2521 551 2684 624 quod
2721 555 2848 608 erat
2881 553 3225 608 custodiens
3281 569 3480 628 neque
3521 557 3601 612 ad

1946 635 2058 691 hoc
2084 637 2297 694 melius
2332 645 2560 697 erectus
2577 641 2655 697 ad
2671 640 2838 714 quod
2873 641 3277 698 instruebatur
3329 647 3386 698 et
3413 639 3600 701 voca-

1944 723 2142 782 batur.

2015 815 2110 872 ille
2141 833 2282 872 vero
2316 817 2399 873 sic
2425 818 2701 874 titubavit
2736 822 2800 874 ut
2833 835 2869 875 a
2909 821 3024 876 Deo
3061 823 3116 875 et
3151 836 3187 876 a
3223 819 3428 878 divina
3479 824 3600 880 feli-

1943 903 2114 959 citate
2150 906 2439 962 excideret
2477 925 2491 975 ;
2525 907 2632 962 sed
2661 908 2874 963 iterum
2912 908 2987 963 ad
3037 911 3222 965 Deum
3283 926 3598 980 assurgere

1943 993 2156 1048 studet.
2200 994 2404 1050 Studet
2440 1000 2639 1051 autem
2700 1012 2839 1052 cum
2887 997 3170 1054 bonitatis
3222 999 3596 1057 altitudinem

1940 1081 2226 1148 recogitat
2246 1082 2374 1154 ejus
2401 1085 2503 1156 qui
2531 1086 2792 1156 seipsum
2826 1086 3074 1140 omnino
3107 1101 3212 1158 pro
3269 1088 3444 1143 nobis
3475 1089 3595 1145 exi-

1939 1172 2212 1237 naniens,
2242 1179 2302 1228 ut
2339 1174 2653 1230 sustineret
2697 1171 2902 1247 lapsos
2952 1180 3008 1230 et
3048 1181 3375 1232 assumeret
3401 1179 3595 1247 erige-

1937 1263 2144 1332 retque
2169 1259 2247 1316 ad
2275 1277 2337 1316 se
2360 1261 2698 1336 prolapsos,
2725 1278 2848 1318 non
2896 1261 3093 1319 solum
3128 1265 3385 1320 reddens
3427 1267 3594 1338 quod

1937 1353 2114 1404 antea
2139 1364 2399 1417 eramus,
2441 1350 2547 1406 sed
2581 1350 2660 1407 ad
2689 1351 2856 1424 quod
2903 1367 3015 1408 nos
3067 1353 3348 1424 perduxit
3377 1353 3590 1411 iterum

1937 1433 2228 1492 salvando
2257 1436 2614 1508 reformans,
2645 1443 2712 1494 ut
2734 1455 2930 1512 neque
2959 1439 3037 1496 ab
3056 1440 3234 1496 invidi
3259 1441 3444 1497 hostis
3464 1458 3590 1498 ma-

1935 1523 2378 1581 chinationibus
2427 1541 2798 1599 caperemus,
2829 1543 3025 1600 neque
3055 1529 3269 1584 iterum
3317 1546 3590 1602 peccare-

1936 1629 2092 1685 mus,
2122 1631 2317 1687 neque
2347 1615 2547 1672 denuo
2586 1615 2818 1689 absque
2847 1616 3129 1672 fructibus
3163 1634 3458 1674 essemus.

290 1705 472 1750 Ταῦτα
556 1703 687 1762 Θεὸς
755 1699 1020 1774 βούλεται,
1102 1713 1191 1762 καὶ
1267 1715 1397 1785 πρὸς
1460 1713 1624 1771 αὐτὴν
1677 1712 1812 1773 εὐθὺς

2007 1703 2138 1758 Haec
2158 1703 2370 1760 eadem
2400 1705 2563 1777 cupit
2596 1708 2768 1772 Deus,
2802 1710 2859 1761 et
2887 1721 2994 1777 per
3023 1705 3270 1779 antiqua
3316 1711 3589 1782 tempora

217 1785 400 1859 βλέπει
473 1791 566 1846 τὴν
640 1787 720 1841 ἐπ’
778 1791 1021 1863 ἐσχάτων
1064 1804 1164 1848 τῶν
1224 1804 1426 1872 χρόνων
1481 1800 1664 1853 ἑαυτοῦ
1713 1809 1824 1862 Μη-

217 1877 359 1948 τερα,
419 1879 538 1951 πρὶν
591 1877 620 1936 ἦ
673 1883 762 1933 καὶ
819 1885 909 1933 τόν
963 1882 1076 1936 ὅλον
1123 1897 1441 1960 παραγαγεῖν
1475 1895 1672 1964 κόσμον
1721 1889 1822 1944 ἀπὸ

212 1971 396 2015 πασῶν
427 1963 591 2036 ἐαυτῷ
627 1976 809 2038 γενεῶν
859 1967 1080 2034 ἐκλέξας.
1139 1980 1233 2028 Καὶ
1291 1982 1490 2048 γίνεται
1539 1974 1606 2036 δή
1666 1988 1821 2032 τοῦτο

213 2058 347 2104 Θεοῦ
426 2059 718 2130 μυστήριον
795 2063 896 2120 πρό
948 2062 1123 2122 πάσης
1173 2069 1407 2133 κτίσεως,
1459 2067 1636 2134 εἰπεῖν,
1696 2067 1822 2120 ἁπο-

213 2147 558 2215 κεκρυμμένον
619 2166 632 2177 ο
682 2143 812 2216 εἶτα,
891 2153 1026 2202 κατὰ
1096 2156 1273 2224 γενεὰς
1349 2159 1665 2228 τυπούμενον
1730 2162 1820 2210 καὶ

218 2232 370 2290 σκιὰς
422 2229 702 2304 λαμϐάνον,
781 2241 937 2301 σώζει
988 2239 1274 2309 κάνταῦθα,
1324 2246 1442 2296 ὅποι
1500 2241 1740 2303 δηλονότι
1791 2248 1818 2299 6

210 2319 373 2378 τύπος
430 2319 510 2392 (2)
588 2322 754 2374 αύτού
821 2325 850 2384 ἦ
921 2329 1047 2380 σκιὰ
1097 2326 1451 2404 παρεδείχθη.
1501 2338 1601 2386 Καὶ
1658 2331 1816 2393 δῆλον

209 2413 363 2458 τοῦτο
381 2419 630 2482 πανταχῆ
677 2420 1030 2488 σκοπουμένῳ.

281 2584 560 2639 Δουλοῦται
727 2591 818 2662 μὲν
877 2594 979 2666 γὰρ
1031 2593 1105 2656 εἰς
1149 2598 1409 2667 Αἴγυπτον
1463 2599 1678 2672 Ἰσραὴλ
1725 2607 1814 2653 καὶ

208 2673 307 2724 ὑπὸ
357 2679 544 2748 Φαραὼ
618 2687 941 2751 τυραννεῖται
1016 2691 1224 2757 πικροῖς
1301 2684 1598 2762 ἐκπιεσμοῖς
1649 2710 1812 2764 προσ-

205 2760 565 2844 ταλαιπωρῶν,
642 2771 731 2819 καὶ
809 2775 1257 2845 καταπονούμενος
1331 2775 1431 2827 ὑπὸ
1513 2776 1813 2850 βαρύτητος

205 2847 384 2928 ἔργων,
441 2857 532 2904 καί
576 2873 636 2926 γε
683 2859 810 2930 πρός
873 2859 1007 2911 αὐτὰ
1061 2857 1126 2919 δὴ
1176 2870 1338 2915 ταῦτα
1391 2871 1810 2940 κατασυρόμενος

204 2937 304 2990 ὅσα
342 2941 431 2992 καὶ
474 2939 651 3008 βίϐλοι
701 2949 915 3018 φέρουσι
970 2952 1057 2999 καὶ
1129 2951 1358 3025 ἱστορίαι
1404 2953 1636 3006 παλαιῶν
1693 2961 1809 3028 περὶ

208 3024 400 3126 έκείνου
466 3026 807 3104 διηγημάτων
851 3056 863 3068 ·
938 3035 1188 3112 ἐγείρεται
1247 3024 1309 3092 δὲ
1365 3049 1582 3110 Μωσῆς,
1643 3024 1808 3106 ζηλοῦν
1842 3072 1883 3126 C

209 3114 335 3190 ὑπὲρ
417 3125 515 3168 τῶν
587 3127 925 3194 πασχόντων,

207 3213 515 3288 προσχωρεῖ
571 3203 629 3261 δὲ
706 3218 838 3282 Θεῷ.
925 3212 1141 3268 Κάκεῐνο
1209 3214 1386 3288 βλέπει
1429 3223 1487 3270 τὸ
1535 3223 1670 3292 μὲγα
1716 3225 1806 3273 καὶ

208 3293 508 3365 θαυμαστὸν
564 3298 736 3372 ὅραμα
780 3300 859 3372 (4)
933 3310 1037 3376 πῦρ
1077 3303 1128 3356 ἐν
1179 3313 1242 3377 τῆ
1295 3303 1461 3378 βάτῳ,
1507 3317 1611 3382 πῦρ
1662 3318 1808 3364 καῖον

205 3385 295 3432 καὶ
332 3379 594 3458 μηδαμῶς
631 3395 914 3441 κατακαῖον
956 3391 1056 3460 (5),
1116 3393 1192 3444 ὅτι
1249 3391 1378 3466 μηδ’
1428 3379 1643 3470 ὕστερον
1698 3398 1723 3449 6
1755 3397 1809 3450 ἐκ

202 3472 397 3532 ταύτης
474 3473 697 3536 καλέσας
773 3476 927 3530 αὐτόν
973 3477 1069 3549 (6).

204 3559 320 3611 οὔτε
397 3562 713 3636 κατέφλεξεν,
781 3566 888 3618 οὔτ’

1010 3131 1100 3178 καὶ
1147 3131 1320 3200 φεύγει
1375 3133 1465 3202 μὲν
1520 3134 1804 3200 Αἴγυπτον,

1164 3481 1338 3534 εἰσιὼν
1389 3489 1482 3542 τὴν
1533 3488 1806 3559 παρθένον,

971 3565 1121 3622 οὐδὲν
1205 3569 1452 3644 οὐδαμῶς
1495 3573 1783 3646 ἐλυμήνατο
1795 3618 1808 3631 .

200 3653 379 3722 Ταῦτα
415 3656 609 3712 Μωσῆς
638 3657 771 3716 τότε,
799 3660 889 3708 καὶ
917 3665 1097 3710 πατεῖν
1133 3669 1232 3731 γῆν
1259 3661 1412 3732 ἁγίαν
1454 3663 1608 3732 ἁγίαν
1657 3665 1809 3728 εὐθὺς

199 3733 396 3808 ἀκούει,
449 3743 537 3791 καὶ
592 3744 657 3792 τὰ
710 3740 1027 3817 ύποδὴματα
1080 3755 1177 3799 τῶν
1232 3745 1410 3801 ποδῶν
1457 3750 1616 3803 λῦσαι
1789 3776 1801 3786 ·

198 3829 288 3877 καὶ
336 3825 444 3878 λύει
512 3831 602 3881 καὶ
657 3827 983 3891 ἀποτίθεται.
1048 3840 1196 3898 Τίνος
1247 3840 1408 3912 χάριν
1442 3855 1455 3906 ;
1487 3838 1606 3891 Ὀτι
1665 3839 1805 3914 μηδὲ

197 3915 338 3986 θέμις
388 3919 519 3978 ἴσως
590 3923 764 3994 νεκρόν
842 3918 993 3975 οὐδὲν
1069 3922 1170 3976 ἐκεῖ
1243 3925 1449 3997 ψαύειν,
1501 3930 1618 3980 ὅποι
1670 3937 1803 3982 Θεοῦ

192 4009 480 4076 παρουσία,
522 4011 612 4058 καὶ
669 4009 826 4070 τύπος
878 4007 1034 4082 Ἐδὲμ
1068 4020 1164 4074 τῆς
1207 4012 1492 4088 ἀφθάρτου,
1553 4021 1682 4090 πρὸς
1741 4019 1800 4076 ἣν

193 4091 218 4142 6
303 4097 423 4145 τότε
494 4099 665 4166 φανεὶς
745 4098 886 4170 ἡμᾶς
943 4095 1089 4161 αὖθις
1155 4101 1439 4156 εἰσοικίσαι
1491 4109 1797 4179 προμηνύει,

190 4184 281 4232 καὶ
328 4183 394 4233 τὰ
425 4183 663 4255 σύμϐολα
721 4181 947 4240 δίδωσιν
1001 4210 1012 4222 ·

189 4271 519 4342 προστάσσει
589 4279 692 4335 πᾶς
773 4277 892 4328 ὅσον
970 4275 1025 4340 ἐξ

1069 4189 1099 4248 ἦ
1153 4193 1301 4262 τάχα
1343 4197 1432 4244 καὶ
1489 4193 1800 4270 ἀπεῤῥίφθαι

1078 4279 1334 4354 ἁμαρτίας
1391 4280 1645 4355 βοήθημα
1704 4292 1799 4346 τῆς

192 4355 442 4423 ἀσθενοῦς
526 4366 719 4435 σαρκὸς
805 4365 1023 4442 ἥρμοσε,
1110 4373 1200 4422 καὶ
1265 4375 1385 4432 τοὺς
1437 4377 1661 4444 γυμνούς
1707 4382 1798 4426 τοῦ

191 4444 374 4501 λοιποῦ
411 4451 614 4527 θαῤῥεῖν
661 4455 798 4527 ἡμᾶς
850 4453 1021 4518 πόδας
1079 4457 1162 4510 ἐπὶ
1210 4468 1308 4511 τῶν
1357 4464 1512 4532 ὄφεων
1567 4461 1799 4537 βησομέ-

193 4556 307 4598 νους
334 4543 423 4591 καὶ
471 4548 567 4604 τῆς
603 4542 828 4615 κεφαλῆς
857 4552 948 4598 τοῦ
998 4542 1280 4621 δράκοντος
1341 4549 1438 4621 (8),
1500 4551 1550 4611 ὃς
1612 4551 1797 4614 αύτούς

189 4623 472 4690 ἀπατήσας
552 4627 833 4690 ύπέδησεν.
894 4631 1018 4686 Εἴθε
1088 4642 1254 4687 ταῦτα
1308 4643 1503 4698 Μωσῆς
1560 4645 1647 4692 καὶ
1701 4646 1794 4700 τὴν

190 4713 477 4788 ελενθερίαν
540 4717 765 4774 ἐντεῦθεν
854 4722 1068 4797 Ἰσραὴλ
1141 4732 1445 4794 πιστοῦται,
1491 4732 1581 4779 καὶ
1636 4728 1793 4804 ἀπέρ-

185 4822 347 4875 χεται
409 4806 607 4881 0υρρὠ
681 4817 743 4883 τῇ
808 4807 1026 4885 δυνάμει
1075 4821 1170 4874 τῆς
1225 4813 1405 4884 ὅψεως,
1481 4820 1793 4888 καταμαθὼν

185 4890 378 4945 ἐκεῖθεν
443 4900 532 4948 καὶ
608 4902 703 4957 τὴν
757 4904 933 4958 κοινὴν
994 4903 1195 4954 πάντων
1254 4901 1540 4976 ἐλευθερίων
1597 4903 1792 4978 ἀνθρώ-

181 4999 316 5048 πων,
361 4985 429 5046 ὡς
495 4983 594 5038 ἀπὸ
653 4993 839 5063 Φαραὼ
897 4987 1201 5064 τυραννίδος
1251 4995 1364 5043 τότε
1415 4997 1504 5044 τὸν
1554 4993 1788 5068 Ἰσραὴλ,

251 5122 527 5204 (tipaul.
557 5129 736 5198 Epist.
779 5129 854 5184 ad
900 5129 1156 5204 Philipp.
1206 5148 1263 5204 ιι,
1307 5139 1360 5204 7,
1393 5132 1468 5189 de
1515 5133 1784 5202 Christo;

181 5191 404 5277 Ἑαυτὸν
447 5191 926 5277 ἐκένωσεημορφὴν
978 5191 1167 5255 δούλόυ
1229 5191 1418 5258 λαϐών.
1468 5204 1552 5259 Cf.
1600 5221 1658 5277 p.
1693 5191 1780 5261 5οί

254 5265 336 5338 (2)
375 5269 423 5320 A
463 5269 590 5338 sine
621 5265 893 5327 articulo.

255 5335 332 5396 (3i
361 5337 424 5396 Β.
451 5335 724 5397 δηλοῦται.
761 5341 846 5398 Ad
876 5359 1000 5398 rem
1032 5343 1166 5399 vide
1203 5345 1468 5402 Exodum
1498 5361 1548 5401 c.
1583 5363 1620 5404 ι.

255 5407 335 5477 (4)
387 5410 566 5493 Exod.
623 5428 702 5478 nl,
746 5411 1007 5493 _3:_Ei1rs
1054 5411 1112 5468 δὲ
1172 5423 1400 5477 Μωῦσῆς
1444 5439 1456 5450 υ
1515 5418 1786 5493 Παρελθὼν

180 5477 404 5556 ὅψομαί
422 5484 477 5533 τό
509 5477 762 5556 ᾆραμαντὸ
793 5489 924 5556 μέγα
969 5494 1141 5541 τοῦτο.

252 5549 332 5623 (5)
366 5549 552 5618 Exod,
582 5549 660 5626 Ill,
687 5557 722 5609 2
755 5549 902 5629 ε’ὅρα
931 5557 1010 5609 ὅτι
1045 5558 1071 5608 ὁ
1130 5556 1292 5630 βάτος
1348 5563 1547 5612 καίεται
1609 5566 1736 5636 πυρί
1769 5582 1781 5594 ι

1931 1789 1990 1844 in
2040 1807 2214 1848 suam
2288 1795 2528 1849 Matrem
2583 1793 2808 1850 directo
2863 1795 3126 1866 respicit,
3178 1795 3402 1866 eligens
3449 1813 3586 1852 eam

1930 1885 2253 1953 antequam
2273 1881 2572 1938 ordinaret
2587 1883 2796 1938 orbem
2814 1883 3159 1939 universum
3173 1900 3244 1939 ex
3259 1884 3585 1941 omnnibus

1929 1983 1967 2024 a
1996 1985 2058 2024 se
2088 1971 2297 2026 creatis
2347 1971 2854 2042 generationibus.
2911 1973 3123 2046 Sicque
3164 1972 3444 2045 apparuit
3467 1973 3583 2030 hoc

1932 2060 2278 2130 mysterium
2315 2060 2412 2115 Dei
2442 2066 2578 2116 ante
2596 2077 2839 2116 omnem
2856 2061 3220 2117 creationem
3250 2060 3577 2131 decretum,

1929 2146 2053 2214 sed,
2082 2149 2238 2205 utita
2257 2149 2477 2219 dicam,
2503 2149 2927 2206 absconditum
2952 2169 2964 2206 :
2985 2149 3201 2206 deinde
3223 2151 3580 2208 secumdum

1927 2237 2339 2304 generationes
2370 2237 2694 2308 ﬁguratum
2750 2242 2806 2294 et
2864 2239 2978 2294 sub
3033 2237 3260 2294 umbris
3310 2239 3573 2312 positum

1924 2323 2006 2379 ibi
2037 2325 2290 2381 salutem
2321 2331 2618 2398 operatur,
2648 2327 2750 2384 ubi
2805 2332 2982 2400 typus
3031 2327 3160 2398 ejus
3214 2325 3304 2384 vel
3359 2327 3575 2386 umbra

1922 2415 2206 2485 quaedam
2232 2415 2677 2472 demonstratur
2715 2422 2771 2473 et
2801 2416 3106 2489 accipitur.
3165 2419 3232 2472 Et
3278 2417 3394 2473 hoc
3446 2417 3574 2474 evi-

1921 2500 2129 2556 denter
2155 2503 2318 2559 novit
2345 2503 2448 2576 qui
2468 2520 2594 2560 rem
2633 2509 2851 2560 attente
2881 2505 3243 2562 considerat.

1991 2591 2202 2646 Servus
2233 2591 2619 2649 factuslsrael
2649 2593 2709 2649 in
2765 2583 3028 2666 Egypto
3085 2593 3203 2650 sub
3242 2593 3570 2650 Pharaonis

1919 2680 2236 2752 tyrannide
2283 2682 2666 2753 premebatur
2699 2684 2968 2748 ;acerbis
3019 2683 3310 2755 pressuris
3358 2683 3572 2740 misere

1917 2755 2232 2824 lacessitus
2257 2769 2570 2846 fessusque
2596 2771 2860 2844 pondere
2902 2778 2958 2828 et
2997 2771 3374 2829 multitudine
3407 2769 3571 2829 labo-

1918 2871 2074 2924 rum,
2107 2859 2183 2914 ad
2225 2860 2353 2914 haec
2393 2867 2658 2917 extrema
2711 2861 3103 2932 dejiciebatur
3143 2878 3278 2934 quae
3337 2861 3411 2916 de
3469 2860 3569 2916 illo

1919 2953 2166 3002 narrant
2189 2948 2378 3003 Biblia
2397 2955 2733 3004 etveterum
2761 2949 3022 3004 historia:
3054 2967 3066 3005 :
3093 2949 3345 3004 surrexit
3365 2951 3568 3004 autem

1916 3037 2102 3090 Moses
2130 3036 2330 3091 zelans
2359 3053 2538 3109 super
2581 3039 2892 3110 patientes,
2952 3037 3306 3108 fugiensque
3352 3041 3567 3110 Egyp-

1917 3127 2042 3178 tum
2074 3140 2200 3179 sese
2266 3127 2381 3179 Deo
2428 3125 2882 3197 approximavit.
2937 3125 3224 3196 Videtque
3270 3125 3566 3180 visionem

1915 3209 2072 3266 hanc
2088 3229 2369 3283 magnam
2385 3213 2833 3285 etstupendam,
2861 3214 3062 3283 ignem
3098 3212 3156 3268 in
3177 3213 3348 3283 rubo,
3364 3214 3564 3283 ignem

1919 3307 2205 3370 urentem,
2233 3303 2475 3358 minime
2499 3318 2637 3357 vero
2657 3307 3131 3369 consumentem,
3174 3302 3319 3374 quia
3341 3296 3436 3358 illc
3457 3317 3563 3374 qu:

1916 3391 2176 3463 Moysem
2205 3407 2275 3446 ex
2298 3391 2449 3446 rubo
2470 3393 2718 3454 vocavit,
2743 3397 2954 3464 postea
2970 3392 3344 3448 descendens
3359 3392 3435 3448 ad
3447 3393 3564 3448 vir-

1916 3479 2289 3550 ginem,ejus
2327 3481 2726 3551 virginitatem
2778 3497 2886 3536 nec
2941 3479 3185 3537 abstulit
3241 3495 3435 3553 neque
3473 3480 3565 3536 vel

1917 3569 2235 3625 minimum
2257 3571 2616 3626 obscuravit.
2649 3573 2929 3644 Tuncque
2951 3569 3180 3626 audivit
3234 3572 3463 3641 Moyses
3497 3585 3560 3625 se

1915 3657 2143 3714 calcare
2175 3663 2390 3714 terram
2420 3665 2711 3723 sanctam,
2741 3665 2798 3715 et
2819 3661 3025 3730 jussus
3079 3659 3306 3715 solvere
3332 3659 3562 3716 calcea-

1915 3752 2115 3802 menta
2141 3747 2365 3819 pedum
2397 3765 2664 3819 suorum,
2694 3748 2863 3804 solvit
2900 3755 2957 3805 et
3009 3749 3278 3804 accessit.
3335 3750 3562 3814 Quare-

1911 3851 2052 3891 nam
2083 3836 2110 3890 ‘?
2131 3835 2280 3904 Quia
2310 3852 2428 3892 non
2476 3836 2607 3893 licet
2642 3838 2979 3910 quidquam
3009 3844 3310 3893 mortuum
3361 3835 3560 3891 locum

1913 3930 2154 3994 tangere
2184 3925 2282 3980 ubi
2314 3929 2465 3980 Deus
2499 3942 2762 3997 premens
2795 3929 2901 3981 est.
2934 3929 3130 3998 Typus
3169 3939 3412 3997 quoque
3441 3923 3558 3978 im-

1911 4013 2225 4070 maculata;
2257 4014 2554 4084 (Virginis)
2600 4021 2660 4069 ut
2689 4015 2894 4072 Edem.
2948 4014 3024 4068 ad
3083 4029 3263 4086 quem
3316 4028 3425 4068 nos
3470 4028 3558 4068 re-

1909 4117 2220 4172 gressuros
2245 4102 2761 4158 etinhabitaturos
2809 4101 3100 4174 symbolis
3154 4101 3355 4157 multis
3409 4117 3557 4172 prae-

1843 4201 1845 4204 ‘
1909 4189 2201 4246 nuntiavit
2231 4190 2321 4244 ille
2351 4190 2455 4261 qui
2508 4190 2566 4244 in
2625 4190 2857 4258 Virgine
2897 4189 3224 4260 apparuit:
3256 4193 3312 4244 et
3357 4188 3555 4244 statim

1902 4279 2072 4349 jubet
2100 4295 2210 4334 nos
2236 4278 2475 4348 rejicere
2504 4278 2800 4350 quidquid
2838 4278 2898 4332 in
2948 4277 3278 4334 remedium
3310 4281 3366 4333 et
3393 4277 3556 4334 auxi-

1905 4367 2048 4424 lium
2081 4377 2287 4423 contra
2319 4373 2631 4439 peccatum
2660 4367 2914 4423 inﬁrmte
2966 4369 3128 4422 carni
3159 4367 3476 4440 coaptavit,
3501 4369 3557 4424 et

1907 4458 1990 4512 sic
2019 4457 2236 4512 liberos
2250 4456 2327 4512 ab
2352 4455 2636 4512 omnibus
2655 4455 3025 4512 conﬁdenter
3044 4455 3300 4529 pedibus
3327 4455 3556 4512 calcare

1903 4551 2227 4620 serpentes,
2257 4551 2313 4602 et
2333 4550 2514 4618 caput
2557 4545 2838 4602 draconis
2874 4547 2976 4618 qui
3031 4562 3142 4600 nos
3201 4544 3555 4617 decipienda

1902 4635 2268 4691 indumentis
2313 4651 2515 4691 carere
2573 4633 2810 4691 fecerat.
2874 4637 3002 4690 Haec
3061 4633 3201 4689 vidit
3242 4637 3469 4706 Moyses
3496 4635 3553 4688 et

1901 4725 2222 4782 crediditin
2249 4724 2579 4781 libertatem
2607 4725 2786 4781 Israel
2815 4730 2871 4780 et
2902 4725 3322 4779 abiitconﬁsus
3345 4723 3404 4778 in
3437 4721 3550 4776 vir-

1901 4820 2024 4871 tute
2054 4814 2322 4884 visionis,
2358 4815 2434 4869 ita
2461 4813 2684 4868 docens
2705 4828 3088 4868 communem
3138 4811 3410 4865 omnium
3441 4809 3548 4863 ho-

1901 4904 2131 4958 minum
2154 4903 2505 4971 libertatem,
2529 4905 2712 4958 Deum
2734 4901 2956 4972 quippe
2981 4899 3348 4954 nasciturum
3372 4913 3550 4969 prop-

1899 4995 1986 5045 ter
2015 5007 2124 5046 nos
2159 5007 2230 5048 ex
2262 4994 2437 5046 Matre
2476 4989 2721 5059 virgine,
2759 4993 2820 5044 ut
2857 4986 3375 5058 quemadmodum
3408 4991 3548 5044 tunc

1897 5133 1923 5183 6
1955 5129 2013 5184 δὲ
2037 5131 2196 5204 βάτος
2235 5131 2293 5182 ού
2331 5135 2651 5204 κατεκαίετο,

1967 5200 2046 5270 (6)
2084 5201 2242 5257 Exod
2275 5217 2356 5270 Ill,
2393 5207 2465 5258 42
2523 5200 2792 5252 Ἐκάλεσεν
2843 5200 2998 5253 αὐτὸν
3038 5201 3064 5252 ό
3118 5203 3304 5275 Κύριος
3357 5202 3412 5254 ἐκ
3487 5211 3546 5256 οῦ

1897 5273 2064 5347 βάτου
2075 5315 2087 5327 .

1989 5346 2044 5414 ’7)
2074 5345 2230 5400 Exod
2264 5359 2342 5410 ιιι,
2377 5347 2407 5397 5
2441 5361 2454 5398 :
2487 5343 2642 5416 λῦσαι
2694 5347 2752 5394 τό
2805 5339 3059 5416 ύπόδημα
3119 5343 3171 5395 ἐκ
3207 5353 3307 5396 τῶν
3366 5343 3541 5416 ποδῶν

1897 5413 1991 5470 σού
2029 5413 2048 5450 νο
2081 5418 2107 5467 6
2136 5419 2236 5488 γὰρ
2268 5413 2529 5488 τόποςηέν
2679 5419 2742 5466 σύ
2800 5413 3045 5482 ἕστηκας,
3079 5424 3147 5486 γῆ
3222 5417 3348 5487 ἁγία
3411 5414 3542 5468 ἐστί.

1967 5488 2044 5561 (8)
2078 5486 2364 5560 Respectu
2396 5486 2470 5542 ad
2505 5489 2594 5543 Ps.
2635 5501 2718 5553 xc,
2749 5489 2830 5541 t3.
