4054 6212
598 287 733 345 1503

1946 279 2327 342 NICEPHORI
2368 281 2633 340 CHUMNI

3753 300 3852 355 150i

593 409 1000 469 exemitlsrael
1028 424 1099 467 ex
1111 408 1427 482 tyrannide
1448 408 1803 479 Pharaonis,
1818 408 2023 465 itanos
2041 406 2194 463 adun

2285 404 2524 468 Αούτως
2596 409 2736 482 ἡμᾶς
2802 408 2881 483 ἐφ’
2934 411 3137 483 ἡμερῶν
3196 409 3426 483 ἐσχάτων
3482 412 3551 484 (1)
3600 422 3676 468 τοῦ
3716 432 3851 495 πικροῦ

590 500 812 558 brabat
832 516 903 556 ex
922 498 1180 571 antiquis
1207 497 1422 554 diebus
1454 498 1533 555 ab
1564 498 1784 555 acerbo
1834 502 2116 570 tyranno,
2145 494 2250 568 qui

592 592 684 646 est
713 591 914 654 Satan,
939 586 1283 644 liberandos
1305 602 1455 644 esse.
1490 587 1689 659 Igitur,
1760 590 1825 642 ut
1884 584 2031 655 dixi,
2076 584 2253 640 solvit

594 692 805 735 omnes
824 675 985 733 malo
1008 675 1354 743 servientes,
1381 680 1436 733 et
1456 676 1623 749 quod
1642 674 1982 731 liberaverit
2007 689 2037 729 e
2063 689 2252 729 manu

591 765 730 824 forti
771 766 1194 839 JEgyptiorum
1248 765 1443 836 ﬁgura
1490 770 1578 821 est
1634 763 1900 838 mysterii
1961 763 2168 820 salutis
2194 767 2250 820 et

593 855 942 928 symbolum
967 854 1393 913 salvandorum
1425 854 1486 911 in
1515 854 1718 912 tinem.

665 1032 779 1090 Sed
802 1033 1013 1090 iterum
1041 1032 1302 1106 Egyptii
1326 1034 1850 1108 tentantpersequi
1885 1049 1987 1090 eos
2013 1033 2117 1106 qui
2140 1047 2250 1088 ser-

589 1121 839 1179 vitutem
866 1121 1178 1193 fugiebant
1216 1140 1230 1190 ;
1256 1123 1576 1179 currebant
1602 1127 1736 1195 post
1760 1138 1860 1179 eos
1892 1139 2030 1178 cum
2062 1121 2252 1179 omni-

592 1210 708 1267 bus
726 1212 896 1285 equis
925 1215 981 1268 et
1004 1211 1279 1268 curribus
1303 1212 1555 1269 nitentes
1575 1212 1637 1268 in
1681 1228 1785 1268 eos
1821 1212 2042 1267 irruere
2073 1231 2083 1265 :
2114 1212 2253 1268 cito-

590 1315 709 1375 que
724 1305 1119 1373 occupassent
1133 1305 1185 1357 et
1209 1303 1585 1372 redegissent
1600 1302 1661 1359 in
1682 1317 1906 1358 novam
1920 1306 1976 1357 et
1988 1302 2253 1358 acerbio-

590 1405 720 1446 rem
749 1390 1109 1461 servitutem,
1143 1391 1261 1447 nisi
1291 1390 1489 1448 subito
1525 1390 1890 1448 circumfusa
1939 1390 2248 1457 salvasset,

591 1478 786 1535 nubes
817 1478 1040 1535 scilicet
1071 1495 1208 1551 quae
1253 1479 1659 1537 obumbrabat
1707 1495 1814 1551 per
1870 1484 2056 1536 totam
2091 1479 2251 1535 diem

591 1572 649 1626 et
681 1568 1098 1626 abscondebat
1126 1585 1229 1626 eos
1261 1587 1275 1623 :
1307 1570 1500 1626 nubes
1530 1569 1875 1642 symbolum
1897 1569 2139 1625 evidens
2164 1573 2254 1626 est

593 1657 745 1714 sicut
778 1664 835 1714 et
860 1658 1050 1714 vellus
1078 1658 1390 1716 Gedeonis.
1444 1659 1639 1715 Velius
1684 1658 1829 1716 illud
1870 1659 2126 1716 imbrem
2150 1676 2251 1717 os-

2360 498 2522 548 Σατάν
2570 499 2842 572 ῥύσασθαι
2896 502 3169 577 τυράννου,
3226 505 3350 554 Θεὸν
3392 501 3442 555 ἐκ
3498 510 3665 579 μῆτρός
3714 515 3850 583 παρθξ.

2356 604 2444 637 νου
2522 587 2639 639 καθ’
2725 591 2867 661 ἡμᾶς
2942 595 3218 661 γεγονότα.
3284 595 3383 643 Καὶ
3431 599 3563 662 γοῦν,
3615 596 3716 669 ὅπερ
3752 601 3847 670 ἔφην.

2359 675 2517 736 σώζει
2557 674 2709 730 κάκεῖ
2741 681 2860 739 τοὺς
2914 683 3372 755 τυραννουμένους,
3419 685 3503 733 καὶ
3563 689 3643 743 τῆς
3698 682 3850 757 βαρέίις

2356 764 2656 836 Αἰγυπτίων
2719 772 2901 844 χειρός
2980 768 3195 822 ἀπολύει
3266 770 3293 821 ὁ
3338 776 3428 823 τοῦ
3481 777 3708 846 σωτηρίου
3749 775 3850 830 τοῦδε

2354 859 2649 929 μυστηρίου
2687 860 2848 920 τύπος
2886 862 2977 912 καὶ
3032 859 3100 912 τὰ
3161 857 3396 932 σύμϐολα
3439 866 3533 911 τῶν
3563 860 3744 936 ὕστερον
3784 885 3849 918 τωρ

2358 941 2603 1014 ζομένων.

2429 1032 2505 1084 Ού
2529 1037 2633 1105 μήν
2667 1032 2797 1087 ἀλλά
2849 1044 3131 1109 πειρῶνται
3187 1036 3339 1089 πάλιν
3385 1037 3644 1109 Αἰγύπτιοι
3684 1048 3763 1093 τῶν
3796 1048 3851 1102 τὴν

2358 1117 2594 1174 δουλείαν
2657 1128 2944 1195 φευγόντων
3024 1122 3370 1179 καταδιώκειν
3459 1128 3614 1180 ὀπίσω
3681 1130 3758 1199 (2),
3798 1140 3853 1184 καὶ

2357 1207 2674 1265 κατεδίωκον
2758 1211 2989 1286 ἅρμασιν
3040 1214 3196 1283 ὅλοις,
3258 1216 3451 1283 ἵπποις,
3515 1215 3760 1280 ἐλαύνοντες
3805 1224 3853 1289 (3)

2358 1299 2437 1353 ἔπ’
2493 1300 2698 1363 αύτούς.
2758 1308 2856 1356 Καὶ
2926 1304 3053 1376 τάχ’
3100 1304 3159 1356 ἂν
3215 1304 3488 1357 κατέλαϐον
3548 1312 3628 1359 καὶ
3687 1307 3785 1360 εἷλον
3819 1310 3855 1361 ἂν

2358 1386 2506 1450 αὖθις
2534 1392 2740 1462 ἄγοντες
2790 1390 2875 1445 ἐπὶ
2915 1396 3107 1467 πικράν
3147 1390 3404 1461 δουλείαν,
3462 1394 3505 1447 εἰ
3549 1400 3612 1468 μὴ
3667 1394 3857 1451 κάνταῦθα

2357 1487 2645 1553 περιφανῶς
2683 1482 2712 1539 ἠ
2775 1488 2865 1533 τοῦ
2913 1482 3179 1555 μέλλοντος
3229 1485 3356 1536 σκιά
3417 1485 3691 1558 περιίσωζε,
3735 1487 3855 1558 vesti:

2358 1575 2455 1629 τῆς
2507 1570 2700 1642 ημρας
2780 1569 2900 1632 ὅλης
2947 1569 3337 1633 ἐπισκιάζουσα
3392 1571 3467 1644 (4)
3518 1577 3600 1625 καὶ
3645 1577 3861 1648 συγκρύπτ·

2360 1676 2512 1727 ουσα,
2570 1658 2745 1731 νεφέλη
2824 1659 3080 1732 σύμϐολον
3136 1659 3364 1735 ἐναργὲς,
3410 1665 3476 1724 ὡς
3523 1663 3548 1714 ὁ
3606 1669 3687 1715 τοῦ
3730 1660 3861 1716 Γεδεὼν

591 1745 783 1803 tendit
810 1746 1210 1804 viviﬁcantem
1238 1748 1313 1805 de
1335 1747 1485 1804 cmlo
1517 1753 1761 1820 propter
1805 1764 1915 1806 nos
1960 1748 2159 1804 aridos

2280 1755 2321 1810 Β
2359 1743 2510 1809 αὖθις
2539 1751 2696 1800 πόκον
2728 1746 2825 1821 (5).
2862 1752 2961 1802 Τὸν
2994 1751 3095 1825 γὰρ
3138 1753 3357 1815 ζωτικὸν
3401 1751 3542 1813 οὗτος
3573 1749 3734 1826 ὄμϐρον
3782 1759 3862 1827 πρὸς

593 1849 744 1908 pene
772 1839 1041 1894 mortuos
1055 1836 1369 1893 cadentem
1396 1854 1408 1903 ;
1425 1836 1617 1893 nubes
1634 1841 1837 1893 autem
1853 1837 2151 1907 Virginem
2174 1837 2251 1893 si-

591 1922 833 1996 gniﬁcat
852 1940 989 1997 quae
1009 1925 1187 1983 nobis
1210 1925 1509 1998 praebetur
1532 1930 1594 1982 ut
1645 1925 2071 1984 umbraculum
2122 1926 2251 1984 uni-

590 2028 765 2070 versa
795 2016 950 2072 terra
980 2017 1037 2072 et
1060 2014 1344 2072 omnibus
1369 2014 1533 2073 caalis
1562 2014 1937 2072 immensius.

663 2190 777 2248 Sed
792 2193 1033 2265 propter
1044 2191 1190 2265 quid
1207 2190 1371 2249 aliud
1404 2207 1571 2248 mare
1592 2191 1861 2249 Rubrum
1879 2191 1940 2249 in
1954 2190 2251 2249 mirabilia

590 2280 813 2337 elatum
826 2285 882 2338 et
896 2281 993 2337 Dei
1010 2281 1304 2354 populum
1330 2281 1589 2339 multum
1616 2281 1887 2353 salvavit,
1929 2282 2251 2339 submersit

588 2385 729 2427 vero
758 2369 943 2428 robur
959 2370 1291 2428 Pharaonis
1322 2375 1379 2428 et
1406 2371 1706 2444 principes
1730 2371 2069 2443 JEgyptios,
2104 2386 2249 2444 quo-

588 2459 773 2517 modo
803 2464 967 2517 tanta
999 2460 1192 2533 potuit
1226 2461 1461 2533 operari
1488 2461 1605 2517 nisi
1634 2460 1781 2533 quia
1809 2460 1888 2517 ad
1918 2460 2085 2517 Illam
2110 2476 2247 2517 vere

590 2547 948 2606 efferebatur
980 2565 1117 2621 quae
1146 2549 1283 2605 ﬁnis
1310 2554 1436 2606 erat
1465 2565 1672 2605 earum
1731 2564 1884 2623 quas
1942 2549 2247 2606 Abraham

591 2638 857 2710 suscepit
874 2638 1365 2711 promissionum,
1392 2642 1567 2709 etper
1588 2654 1775 2711 quam
1805 2637 1965 2695 facta
1984 2642 2076 2694 est
2098 2638 2248 2695 mul-

589 2725 876 2798 tiplicatio
950 2726 1193 2783 seminis
1258 2726 1537 2793 Abrahae,
1602 2725 1767 2799 quod
1820 2726 2250 2797 multiplicatur

590 2829 664 2871 ex
683 2814 815 2887 ipsa
846 2818 1216 2886 generatum,
1250 2814 1459 2871 orbem
1493 2814 1845 2872 universum
1858 2830 2245 2889 regenerans,

588 2907 645 2960 et
672 2903 734 2959 in
764 2903 960 2975 seipso
986 2903 1263 2960 adunans
1298 2919 1509 2960 omnes
1544 2903 1692 2959 dum
1734 2904 1859 2976 ipse
1922 2909 2248 2977 congregat

586 3008 761 3051 veros
795 2992 1053 3049 Abrahae
1074 2992 1295 3050 liberos
1327 2993 1355 3049 ?

659 3081 881 3139 Deinde
902 3085 1070 3155 petra
1100 3082 1377 3155 producit
1396 3098 1644 3156 aquam,
1684 3083 2019 3140 maximum
2067 3084 2246 3141 mira-
2284 3109 2325 3166 ρ

586 3171 883 3239 culum,et
900 3172 1126 3245 spargit
1140 3172 1406 3245 undique
1420 3172 1642 3231 ﬂuenta
1688 3189 1823 3247 quae
1845 3174 1905 3229 in
1929 3174 2246 3231 continuos

586 3260 804 3317 ﬂuvios
822 3260 1073 3318 efﬂuunt
1105 3278 1118 3317 :
1152 3264 1209 3317 et
1233 3260 1496 3334 populus
1529 3261 1622 3317 siti
1649 3265 1927 3333 perustus
1967 3262 2027 3319 in
2050 3262 2247 3319 deser-

587 3352 647 3408 to
672 3348 824 3406 bibit
849 3365 1039 3423 usque
1073 3349 1152 3406 ad
1180 3350 1738 3414 satietatemJPetra
1768 3356 1971 3407 autem
2002 3367 2142 3423 pars
2158 3356 2250 3409 est

586 3440 809 3498 montis
829 3440 935 3513 qui
966 3445 1182 3514 typum
1210 3440 1392 3498 habet
1421 3441 1672 3511 Virginis
1730 3457 1802 3497 ex
1867 3457 1990 3514 qua
2031 3442 2247 3514 prodiit

588 3528 858 3586 Christus
918 3529 1091 3602 Lapis
1165 3529 1472 3600 angularis
1520 3535 1576 3586 et
1629 3530 1822 3586 vitalis
1872 3536 2060 3603 petra,
2126 3531 2247 3587 sive

586 3633 726 3678 cum
752 3633 789 3673 a
821 3620 939 3674 Deo
962 3618 1141 3688 longe
1162 3633 1433 3675 essemus
1464 3634 1576 3675 nos
1600 3619 2003 3690 congregavit,
2036 3624 2093 3675 et
2130 3625 2248 3677 sta-

587 3706 774 3764 tuitin
802 3704 1183 3777 intrangibile
1203 3706 1512 3762 vinculum
1541 3722 1746 3763 secum
1772 3724 1785 3775 ;
1820 3708 1941 3763 sive
1962 3709 2106 3780 quia
2134 3724 2246 3765 nos

584 3794 1070 3868 potavitaquaex
1085 3796 1284 3869 seipso
1315 3795 1590 3853 efﬂuente
1622 3802 1679 3853 et
1715 3796 1959 3855 saliente
1983 3798 2044 3853 in
2060 3798 2244 3855 vitam

584 3898 721 3956 quae
747 3899 1063 3957 nunquam
1094 3884 1347 3941 deficiet.

658 3972 813 4039 Quid
849 3973 1111 4046 amplius
1140 3973 1404 4031 ?famem
1425 3973 1734 4046 patiuntur
1753 3974 1813 4030 in
1831 3974 2087 4045 deserto,
2105 3992 2242 4049 quas

585 4066 674 4118 est
698 4062 1126 4119 acerbissimus
1151 4063 1324 4120 dolor
1347 4080 1360 4118 :
1382 4062 1463 4119 illi
1482 4079 1624 4134 ergo
1648 4063 1865 4121 iterum
1889 4064 1948 4119 in
1977 4067 2241 4139 Moysem

583 4150 958 4209 concitantur
977 4152 1057 4208 ad
1080 4152 1253 4220 iram,
1272 4152 1377 4225 qui
1400 4151 1564 4208 nullo
1585 4151 1765 4207 modo
1792 4157 2000 4209 exorto
2024 4154 2242 4210 tumul-

584 4243 649 4295 tu
682 4241 1047 4312 perterritus,
1071 4242 1219 4297 dixit
1253 4243 1337 4297 eis
1372 4259 1439 4298 :«
1474 4242 1530 4299 Si
1567 4241 1727 4298 enim
1765 4258 1903 4299 cum
1952 4244 2243 4316 percussit

584 4331 816 4399 petram
844 4328 1015 4385 ﬂuxit
1030 4345 1211 4402 aqua,
1233 4345 1435 4387 nonne
1456 4335 1512 4387 et
1531 4346 1750 4404 panem
1774 4332 2143 4404 poteritdare
2163 4332 2190 4388 ?
2212 4355 2238 4382 »

588 4415 699 4481 Qui
735 4416 819 4471 eis
849 4416 1133 4489 produxit
1156 4418 1360 4474 cibum
1385 4434 1506 4475 non
1539 4435 1611 4474 ex
1641 4423 1814 4486 terra,
1841 4421 2240 4494 etquipatens

583 4507 674 4561 est
695 4519 885 4576 panes
898 4506 1081 4563 etiam
1094 4522 1166 4562 ex
1186 4506 1491 4579 lapidibus
1508 4508 1793 4579 proferre,
1809 4509 1870 4564 in
1894 4525 2119 4566 novum
2136 4510 2241 4566 mi-

582 4593 859 4650 raculum
877 4599 1107 4652 mutata
1123 4596 1389 4669 potentia
1410 4614 1422 4664 ;
1444 4595 1601 4652 unde
1621 4612 1761 4667 ergo
1776 4596 1907 4654 illos
1922 4599 2242 4656 enutrivit?

581 4682 657 4742 de
692 4682 856 4741 ccelis
891 4699 994 4741 eos
1034 4684 1269 4743 satiavit
1310 4688 1452 4742 tunc
1490 4685 1815 4742 ostendens
1858 4701 2239 4760 perseverare

648 4898 725 4970 (1)
756 4896 994 4973 Phrasis
1024 4900 1111 4956 est
1139 4895 1367 4956 biblica
1393 4895 1470 4951 ἔπ’
1508 4899 1751 4969 ἐσχάτων
1783 4900 1986 4973 ἡμερῶν
2030 4915 2043 4968 ;
2077 4899 2241 4958 conf.

576 4984 722 5043 pag,
749 4972 872 5043 ιιο,
912 4971 996 5043 l7.

651 5038 733 5110 (2)
768 5039 952 5095 Exod.
989 5056 1089 5105 xu,
1123 5044 1154 5096 8
1195 5057 1208 5096 :

579 5112 702 5163 υἱῶν
736 5110 964 5183 Ἰσραήλ.

676 5183 730 5249 3)
762 5182 980 5238 FOrsan
1011 5183 1219 5252 ἵππους,
1246 5182 1338 5238 vel
1370 5185 1559 5247 ἱππεῖς,
1602 5183 1912 5246 ἐλαύνοντες.

676 5254 732 5324 5)
774 5254 872 5324 Ex,
900 5258 1108 5324 xui,2t
1150 5256 1373 5309 :Num.
1402 5271 1460 5324 x,
1504 5258 1596 5313 34.

650 5322 727 5398 (5)
759 5322 1238 5398 Yide‘Judicrw,
1261 5329 1348 5393 37,
1377 5322 1510 5398 sqq.
1543 5357 1613 5367 --
1647 5329 1685 5381 Β
1736 5326 1863 5383 sine
1902 5327 2157 5398 articulo
2190 5329 2239 5385 ὁ.

649 5393 728 5465 (6)
767 5393 969 5473 Εξρςὶ.Δ
997 5411 1086 5464 xv,
1115 5397 1158 5473 4_
1185 5393 1642 5473 εάρματαηιῖαραω
1710 5403 1801 5473 καὶ
1858 5404 1949 5458 τήν
1987 5395 2240 5473 Δδύναμιν

579 5464 766 5542 αὐτοῦΔ
832 5464 1035 5542 ξόριψεν
1118 5465 1189 5542 είς
1240 5464 1536 5542 θάλασσαν,
1625 5468 1919 5532 ἐπιλέκτους
1976 5464 2243 5534 ἀναϐάτας

577 5538 860 5614 τριστάτας
885 5538 905 5572 ⁷·
931 5539 1297 5614 κατεπόθησαν
1329 5538 1376 5591 έν
1424 5540 1652 5613 Ἐρυθρᾷ
1683 5540 1949 5614 θαλάσση.

648 5612 727 5681 (7)
753 5611 893 5671 Vide
916 5612 1125 5669 Genes.
1156 5624 1252 5676 xv,
1293 5614 1349 5669 5.

1252 5036 1562 5104 κατεδίωξεν
1617 5041 1853 5114 (Φαραὼ)
1903 5036 2072 5095 ὀπίσω
2139 5052 2241 5096 τῶν

2359 1835 2546 1910 ξηροὺς
2607 1838 2742 1909 ἡμᾶς
2807 1837 2896 1891 ἅτε
2950 1843 3043 1890 καὶ
3091 1842 3301 1912 νεκρούς
3352 1838 3495 1901 ὅλους
3542 1839 3803 1912 καταϐάντι,
3844 1845 3861 1899 ὲ

2360 1921 2419 1978 δὲ
2499 1925 2674 1998 νεφελη
2756 1931 2844 1985 τὴν
2927 1929 3177 2001 παρθένον
3253 1937 3433 2001 σαφῶς
3499 1932 3764 2004 προγράφει,
3808 1937 3864 1981 τοῦ

2356 2018 2557 2088 κόσμου
2609 2017 2811 2077 πάντως
2844 2020 3041 2076 σκέπην
3086 2022 3177 2071 καὶ
3243 2018 3450 2071 πάντων
3502 2025 3718 2091 φανεῖσαν
3763 2018 3866 2091 οὔρει

2355 2111 2452 2154 νῶν
2483 2102 2824 2177 πλατυτέραν.

2428 2191 2504 2244 Ού
2532 2197 2635 2265 μὴν
2667 2191 2795 2246 ἀλλὰ
2819 2202 2969 2247 τοῦτο
3004 2195 3095 2267 μὲν
3159 2190 3227 2253 δὴ
3304 2202 3568 2249 τοσοῦτον.
3613 2196 3796 2268 Ἐρυθρὰ
3832 2191 3866 2247 δι

2355 2290 2779 2358 τερατουργοῦσα
2838 2288 2929 2336 καὶ
2995 2281 3348 2346 διασῴζουσα
3404 2288 3491 2358 μεν
3545 2293 3611 2356 τῷ
3663 2293 3752 2355 θεῷ
3789 2284 3866 2335 λαὸν

2353 2374 2670 2445 περιούσιον,
2722 2371 3026 2445 βυθίζουσα
3085 2370 3144 2427 δὲ
3200 2370 3426 2448 δύναμιν
3474 2379 3644 2449 Φαραὼ
3688 2379 3757 2425 καὶ
3796 2392 3865 2445 τρι-

2357 2463 2547 2522 στάτας
2630 2461 2947 2534 Αἰγυπτίους
3019 2463 3118 2533 (6),
3180 2466 3339 2516 πόθεν
3389 2464 3585 2517 ἄλλοθεν
3634 2464 3690 2515 τὰ
3733 2462 3866 2534 μεγάλε

2353 2556 2523 2602 ταῦτα
2544 2546 2849 2616 δεδύνηται,
2884 2552 2912 2610 ἧ
2946 2554 3075 2625 πρὸς
3136 2551 3304 2611 αὐτὴν
3342 2548 3410 2611 δή
3459 2552 3639 2609 ταύτην
3697 2551 3865 2621 καθαρῶς

2797 2642 2924 2716 πρὸς
3015 2639 3074 2698 ἣν
3128 2645 3217 2692 καὶ
3277 2643 3338 2693 τό
3400 2640 3535 2702 τέλος
3575 2648 3665 2693 τῶν
3700 2637 3865 2712 ’Δϐραὰρ

2355 2727 2760 2800 ἐπηγγελμένων,
2834 2733 2924 2781 καὶ
2994 2730 3021 2781 ὁ
3096 2728 3412 2803 πληθυσμός
3498 2737 3583 2782 τοῦ
3651 2732 3862 2800 σπέρματος

2354 2824 2446 2870 τοῦ
2474 2817 2527 2880 ἐξ
2580 2817 2745 2880 αὐτῆς
2798 2819 3128 2890 γεννηθέντος
3180 2820 3278 2890 (7),
3341 2823 3531 2891 κόσμον
3587 2817 3683 2870 ὅλον

2353 2911 2603 2969 νήσαντος
2656 2911 2745 2958 καὶ
2818 2906 3219 2980 οἰκειωσαμένου
3289 2910 3380 2981 μὲν
3438 2907 3614 2979 ἑαυτῷ,
3674 2906 3863 2958 οἰκείωσι-

2353 2999 2506 3070 μίνου
2535 2992 2594 3048 δε
2612 3000 2863 3067 γνησίους
2894 3004 2967 3068 τῷ
2993 2995 3231 3072 Ἀϐραάμ
3266 3014 3281 3065 ;

2427 3081 2555 3137 Εἶτα
2605 3088 2769 3160 πέτρα
2824 3088 3052 3157 πηγάζει
3100 3086 3178 3159 (8)
3224 3089 3322 3139 καὶ
3385 3088 3442 3139 τὸ
3498 3085 3635 3138 πλέον
3678 3090 3749 3136 τοῦ
3792 3082 3867 3132 6οώ-

2355 3193 2538 3248 ματος,
2598 3176 2679 3227 ὅτι
2767 3178 3148 3249 μεταφερομένη
3220 3176 3411 3250 ῥεῖθρα
3476 3172 3722 3246 προϐάλλει
3766 3171 3869 3239 (κατὰ

2353 3266 2619 3335 ποταμοὺς
2679 3261 2920 3324 ἀεννάους
2972 3265 3050 3333 (9)
3105 3284 3120 3298 ο
3159 3265 3208 3316 οἱ
3268 3260 3333 3317 0":
3374 3269 3604 3317 πίνουσιν
3657 3262 3715 3323 εἰς
3754 3262 3868 3331 κόρον,

2357 3348 2503 3422 δίψει
2560 3353 2837 3425 κάμνοντες
2906 3350 2954 3404 ὲν
3008 3348 3239 3428 ἀνύδρῳ.
3290 3358 3393 3406 Καὶ
3445 3355 3474 3412 ἠ
3537 3352 3682 3426 πέτρα
3729 3349 3867 3405 πάντως

2355 3439 2407 3504 ἓξ
2436 3442 2581 3514 ὅρους
2630 3442 2793 3493 τύπον
2859 3444 3075 3513 ἔχοντος
3130 3445 3223 3500 τὴν
3284 3444 3555 3516 παρθένον,
3615 3439 3662 3502 ἐξ
3696 3439 3746 3498 ἧς
3787 3442 3868 3505 X91-

2357 3532 2477 3592 στός
2509 3528 2801 3606 ἀκρόγωνος
2827 3529 2969 3592 λίθος
3026 3532 3141 3601 (10)
3189 3535 3280 3583 καὶ
3334 3532 3470 3592 ζωῆς
3529 3533 3691 3604 πέτρα,
3736 3528 3780 3577 τὸ

2357 3621 2628 3671 συνάπτων
2676 3621 2815 3691 ἡμᾶς
2884 3617 2984 3671 ἀπὸ
3073 3626 3206 3672 Θεοῦ
3262 3621 3637 3694 μακρυνθέντας
3684 3619 3755 3666 καὶ
3791 3630 3866 3662 σνν-

2354 3706 2489 3779 ἕχων
2520 3707 2591 3771 εἰς
2653 3706 2854 3782 ἀρραγῆ
2912 3705 3226 3781 σύνδεσμον,
3290 3712 3350 3763 τὸ
3415 3705 3473 3761 δε
3535 3705 3731 3767 ποτίζων
3773 3696 3866 3769 ὕδωρ

2354 3794 2543 3861 ἀῑδίως
2604 3796 2848 3859 ἑκϐλύζον
2905 3802 2994 3851 καὶ
3051 3803 3121 3871 μή
3188 3817 3316 3852 ποτε
3367 3798 3624 3871 λήγουσαν
3667 3796 3774 3858 (ubi?
3809 3789 3869 3859 ἐμ·

2354 3890 2616 3962 παρέχον.

2422 3980 2485 4029 Τί
2516 3978 2589 4028 ἔτι
2628 3992 2641 4032 2

2349 4064 2637 4118 λεπὼτατον
2674 4063 2796 4137 λιμὸ
2827 4064 3012 4126 αὐτοὺς
3069 4064 3457 4138 καταλαμϐάνει
3509 4086 3523 4098 ο

2352 4138 2589 4228 φέρονται
2668 4136 2802 4205 κατά
2873 4158 3125 4222 Μωσέως,
3197 4136 3467 4228 μηδεμιᾶς
3529 4148 3747 4226 μηδαρῶς
3785 4136 3869 4215 μηδ’

2352 4242 2399 4295 ἐν
2431 4242 2604 4295 ἐλπίσι
2638 4251 2887 4315 μηχανῆς
2928 4248 3234 4316 φαινομένης
3275 4266 3290 4278 ι
3342 4266 3370 4296 ι(
3433 4243 3492 4297 Εἰ
3532 4244 3623 4315 γάρ
3674 4231 3867 4292 Eximi”

2354 4336 2482 4404 φασὶ
2514 4354 2541 4381 ‹‹
2572 4335 2781 4406 πέτραν,
2820 4336 2910 4383 καὶ
2945 4328 3088 4407 ὕδωρ
3121 4330 3298 4408 ἐρρύη,
3355 4337 3427 4405 μή
3482 4335 3567 4383 καὶ
3600 4330 3733 4403 ἄρτον
3766 4319 3868 4374 5M-

2353 4440 2440 4473 ται
2469 4416 2985 4491 δοῦναι(11);››’0
3041 4416 3090 4473 δ’
3138 4418 3239 4473 ἀπὸ
3290 4430 3394 4492 γῆς
3455 4424 3541 4493 μεν
3594 4416 3746 4473 αὐτοῖς
3789 4423 3865 4477 τρε·

2355 4512 2452 4582 quin
2506 4507 2599 4560 οὐκ
2682 4512 2883 4579 ἤνεγκε,
2939 4512 3029 4560 καὶ
3076 4508 3222 4562 ταῦτ’
3299 4508 3410 4572 ἐξὸν
3471 4508 3649 4580 ἄρτους
3692 4502 3764 4552 καὶ
3796 4495 3867 4547 τοὺς

2352 4597 2527 4660 λίθους
2552 4598 2792 4669 γενέσθαι
2824 4596 2963 4669 (12),
2991 4605 3087 4658 τῆς
3128 4597 3291 4658 αὐτῆς
3319 4605 3392 4669 τῷ
3441 4598 3659 4670 προτέρῳ
3710 4587 3864 4670 θαύμαῖι

2353 4689 2738 4763 μεταποιούσης
2789 4683 3051 4762 δυνάμεως
3107 4708 3119 4722 ·
3178 4687 3412 4760 ψωμίζεὶ
3466 4682 3524 4740 δε
3569 4682 3703 4738 πόθεν
3727 4675 3772 4738 ἓξ
3809 4688 3863 4723 ’ν’

2356 2636 2701 2711 ἀναφέρουσα,

2701 3983 2942 4029 πεινῶσιν
3008 3974 3056 4028 ἐν
3101 3975 3371 4051 ἐρημίαις,
3422 3982 3509 4029 καὶ
3553 3976 3700 4033 πάθος
3740 3972 3871 4037 T51“

3577 4065 3621 4115 οἱ
3668 4058 3717 4113 δὲ
3765 4055 3866 4107 mlta

2423 4903 2499 4976 (8)
2528 4900 2711 4976 Exod.
2744 4917 2882 4968 xvu,
2923 4904 2976 4958 6.
3079 4974 3087 4976 _
3471 4965 3528 4976 Α
3657 4963 3668 4976 θ
3765 4962 3773 4973 ,

2422 4963 2497 5046 (9)
2531 4971 2679 5030 Psal.
2752 4963 2967 5038 Lxx'vu,
3032 4969 3409 5097 ίϐείξήόγαγεν
3462 4965 3599 5041 ὕδωρ
3651 4963 3862 5028 ἀπέτρίῦ

2423 5050 2439 5097 ὶ
2469 5048 2764 5097 κατήγαγεν
2800 5047 2867 5097 ὡς
2902 5047 3165 5097 ποτααοὺς
3198 5044 3228 5095 ὗ
3274 5062 3393 5097 ατα.
3853 5088 3860 5097 .

2349 5044 2441 5097 καὶ
2469 5048 2764 5116 κατήγαγεν
2800 5047 2867 5106 ὡς
2902 5047 3165 5116 ποταμοὺς
3198 5044 3393 5116 ὕδατα.

2416 5088 2825 5197 ξιῖιῖόᾗῖίεῇᾳε
2847 5088 3465 5197 ’ἠκρόγτξινίάῐεςᾱίονέιις
3494 5110 3599 5197 fuit
3620 5088 3863 5197 nonjumf}

2350 5176 2813 5260 in'ga'postolicis
2850 5176 3134 5259 epistolis.
3180 5176 3338 5243 Fons
3381 5179 3678 5241 locutionis
3718 5176 3784 5229 est
3825 5176 3859 5218 ιη

2351 5258 2731 5329 Ιειιίδξχχνιιι.
2769 5261 2853 5313 t6.
3291 5327 3301 5329 μ
3464 5324 3476 5329 ,
3541 5324 3550 5329 ,
3617 5320 3640 5329 _
3744 5318 3751 5329 .

2420 5328 2769 5397 (ll)Psalm.
2802 5343 3019 5397 Lxxvu,
3077 5332 3145 5384 2O
3209 5346 3223 5385 :
3284 5327 3391 5380 έπεὶ
3458 5320 3667 5397 ἐπάταξε,
3703 5320 3853 5397 πέτρην

2350 5404 2440 5452 καί
2492 5386 2643 5474 ἐρρυη
2654 5420 2748 5452 σαν
2773 5467 2791 5474 Δ
2811 5395 2986 5452 ὕδατα
3005 5386 3018 5397 ’
3035 5404 3126 5474 δια-ἱ
3176 5398 3458 5473 χείμαρροι
3512 5386 3853 5448 κατειιλνσθιςσε1⁷

2350 5467 2554 5545 μήγκαῖ
2582 5470 2734 5545 ἄρτον
2761 5467 3046 5545 δυνήσεται
3085 5467 3276 5545 ᾅουναι
3302 5488 3314 5537 ;
3341 5467 3351 5473 ’
3375 5467 3385 5472 ’
3531 5539 3572 5545 __
3733 5539 3772 5545 __
3812 5521 3847 5545 θ’

2384 5521 2850 5627 ξ’(βὲίῐῖέέρᾲέίυ
2877 5521 3171 5627 adverbii
3194 5521 3197 5522 ν
3219 5521 3470 5627 gaianas,
3529 5533 3701 5595 Matth.
3731 5539 3787 5591 Iv,
3811 5521 3848 5573 3:

2272 5634 2275 5637 ί
2355 5603 2462 5667 εἰπὲ
2493 5603 2576 5667 ἱνα
2612 5603 2823 5668 οἰλίθοι
2843 5620 2987 5667 οὗτοι
3015 5614 3167 5686 ἄρτοι
3193 5604 3457 5686 γένωνται.
