4054 6212
209 228 349 288 1505

1257 230 1348 286 DE
1395 229 1614 286 FESTO
1655 225 2104 288 DORMITIONIS
2145 230 2204 287 S.
2245 231 2506 288 MARl/E.

3439 238 3575 294 {506

197 361 391 430 ρανιῶν
461 355 633 428 τρέφει
686 351 785 424 (1),
845 351 1035 406 ἐκεῖθεν
1094 349 1223 407 εἶναι
1298 350 1500 415 δεικνὺς
1589 358 1680 406 καὶ
1746 355 1801 407 τό

1921 369 2058 427 quae
2085 355 2252 427 prius
2282 355 2493 413 effecta
2513 355 2768 413 fuerant.
2793 357 2860 414 Et
2879 353 2982 430 qui
3002 370 3191 431 panes
3215 370 3336 415 non
3377 356 3572 417 habe-

198 449 383 519 πρώην
445 442 742 516 τελούμενα.
804 447 905 495 Καὶ
971 445 1022 496 οἱ
1073 451 1174 496 τῶν
1231 445 1400 519 ἄρτων
1461 442 1813 516 ἀπεγνωκότες

197 540 468 610 τρώγουσι
517 533 706 607 μάννα,
761 537 944 592 καινήν
1001 552 1118 586 τινα
1186 538 1380 607 τροφήν
1471 537 1562 586 καὶ
1641 531 1811 605 πολλῷ

195 631 292 677 τοῦ
348 625 673 697 ζητουμένου
741 621 1084 699 τιμιωτέραν,
1146 621 1258 696 ἃμα
1315 618 1374 676 δὲ
1421 627 1512 676 καὶ
1571 623 1809 695 ἄφθονον,

196 720 291 767 καὶ
386 711 580 790 ῥᾳδίαν
655 719 790 766 πᾶσι
850 721 961 775 τοῖς
1060 713 1372 786 κομίζεσθαι
1456 709 1808 786 βουλομένοις.

198 786 398 857 ’Δνεῖτο
448 805 549 879 γὰρ
627 801 1032 875 ἀπολαμϐάνειν,
1123 807 1196 875 μὴ
1262 801 1377 854 καθ’
1455 804 1575 854 ὅσον
1657 804 1811 874 μόνον

202 891 491 966 ἐπαρκέσαι
531 899 593 965 τῇ
645 896 807 965 χρείᾳ
863 890 993 945 ἀλλὰ
1054 897 1145 944 καὶ
1196 894 1432 968 περιττὸν
1491 891 1630 964 έχειν
1685 896 1810 943 κτᾶ-

204 984 351 1050 σθαι,
403 981 448 1034 εἰ
491 986 582 1034 καὶ
638 981 802 1044 ἄλλως
872 977 934 1039 ἦν
1026 985 1084 1034 τό
1165 988 1458 1054 περιττεῦον
1543 979 1802 1039 ἀνόνητονο

201 1073 372 1143 ἕτερον
435 1067 684 1128 δηλονότι
740 1073 917 1143 θαῦμα
969 1079 1263 1145 καταργοῦν
1332 1075 1422 1130 τὴν
1488 1068 1801 1137 ἀπληστίαν,

199 1160 314 1234 οἶμα
363 1156 422 1213 δε
477 1165 567 1212 καὶ
606 1163 701 1218 τὴν
759 1157 1008 1212 ἀπιστίαν
1067 1156 1456 1234 διορθούμενον,
1507 1159 1551 1212 εἰ
1615 1162 1802 1214 τούτου

199 1251 364 1326 χάριν
386 1252 442 1302 τό
471 1247 622 1302 πλέον
663 1247 954 1316 ἀπετίθουν,
1015 1247 1140 1301 ὥστ’
1195 1248 1344 1310 αὖθις
1391 1250 1554 1321 ἔχειν,
1608 1248 1804 1301 ἀπιλεί-

197 1357 382 1398 ποντος
429 1345 520 1390 τοῦ
573 1333 875 1410 διδομένου,
921 1345 994 1407 τῷ
1038 1336 1351 1411 προλαϐόντι
1533 1339 1800 1412 χρῆσθαι,

196 1431 291 1480 καὶ
333 1431 405 1499 μὴ
458 1434 530 1498 τῷ
593 1433 918 1500 χορηγοῦντι
967 1425 1272 1501 θαρροῦντες
1352 1423 1486 1485 ἦσαν
1559 1426 1637 1480 ἀεὶ
1715 1430 1800 1479 καὶ

199 1513 463 1575 πλουσίως
524 1518 774 1586 παρέχειν
837 1509 1193 1586 δεδυνημένῳ·
1243 1521 1359 1576 Τοῖς
1435 1517 1526 1588 μὲν
1603 1515 1691 1567 οὖν
1765 1517 1795 1574 ἡ

199 1601 408 1679 βρῶσις
460 1602 764 1676 ἐπεστήριξε
820 1604 913 1661 τὴν
969 1599 1214 1677 καρδίαν,
1261 1607 1449 1676 μηκέτι
1501 1600 1799 1658 διαπιστεῖν

1918 443 2067 500 bant
2085 444 2606 503 manducaverunt
2627 462 2870 515 manna,
2894 461 3118 504 novum
3139 446 3452 521 quoddam
3473 449 3578 506 ali-

1919 537 2211 602 mentum,
2227 534 2417 592 multo
2433 551 2616 609 quam
2631 534 3017 609 postulabant
3033 537 3366 610 pretiosius,
3397 538 3578 596 simul

1920 621 2242 680 abundans
2271 630 2328 681 et
2364 624 2520 682 lectu
2549 625 2718 682 facile
2743 625 2836 682 his
2861 625 2966 699 qui
2994 625 3140 682 illub
3168 627 3574 699 requirebant.

1923 711 2160 769 Licebat
2196 713 2357 770 enim
2395 730 2701 771 assumere
2732 730 2855 772 non
2892 715 3089 772 solum
3136 720 3432 790 quantum
3469 733 3576 775 ne-

1919 802 2522 875 cessitatisuﬁiceret,
2576 803 2680 861 sed
2731 809 2910 862 etiam
2968 805 3191 862 habere
3257 806 3423 879 quod
3479 823 3580 864 su-

1919 890 2217 962 perﬂuum
2248 892 2616 965 perderetur,
2657 892 2983 966 inutileque
3032 894 3110 950 ad
3154 910 3576 969 quemcunque

1917 995 2117 1036 usum.
2149 980 2411 1038 Alterum
2442 986 2598 1038 certe
2648 981 2733 1039 sic
2797 981 3137 1050 habebatur
3186 982 3575 1052 miraculum,

1915 1069 2081 1142 quod
2099 1069 2529 1128 excludebatur
2551 1070 2905 1128 insatiabilis
2930 1072 3292 1146 appetentia,
3319 1078 3376 1129 et
3396 1072 3575 1129 simul

1914 1158 2736 1230 corrigebaturincredulitas,
2758 1160 2904 1216 dum
2929 1162 2974 1216 si
2996 1167 3239 1234 propter
3255 1161 3575 1218 abundan-

1912 1247 2056 1304 tiam
2083 1247 2217 1320 plus
2249 1264 2435 1321 quam
2463 1248 2603 1306 satis
2633 1253 2760 1306 erat
2788 1247 3179 1320 colligeretur,
3215 1249 3294 1306 ad
3317 1265 3568 1307 servan-

1911 1335 2057 1393 dum
2084 1337 2144 1393 in
2174 1336 2462 1410 futurum,
2521 1338 2624 1402 sic,
2679 1338 2988 1396 deﬁciente
3044 1339 3247 1396 forsan
3291 1338 3571 1410 donante,

1910 1424 2210 1497 accipiens
2241 1426 2556 1493 frueretur,
2593 1443 2716 1484 non
2748 1427 3034 1501 possibile
3084 1428 3252 1496 foret,
3311 1429 3456 1502 quia
3491 1429 3573 1484 sic

1909 1529 2032 1570 non
2067 1514 2456 1572 conﬁdedant
2483 1515 2622 1572 duci
2648 1531 2760 1572 suo
2807 1516 2979 1589 quasi
3020 1533 3144 1573 non
3171 1517 3379 1574 valens
3417 1521 3575 1574 esset

1909 1603 1988 1660 ad
2036 1602 2310 1661 dandum
2339 1609 2397 1662 et
2430 1621 2667 1678 semper
2705 1610 2760 1662 et
2805 1604 3240 1663 adundantius.
3283 1605 3400 1662 Illis
3429 1622 3572 1678 ergo

198 1691 278 1745 ἔπ’
309 1689 486 1745 οῦδενὶ
539 1699 640 1744 τῶν
700 1689 927 1764 ἀπόρων,
985 1694 1055 1753 ὡς
1102 1691 1230 1765 οὐχὶ
1280 1699 1556 1766 γενήσεται
1598 1696 1798 1756 τούτοις

1916 1692 2078 1749 cibus
2111 1692 2206 1749 ille
2249 1693 2600 1751 refocillavit
2635 1710 2758 1764 cor,
2798 1709 2874 1750 ne
2912 1695 3118 1752 animo
3159 1694 3576 1766 frangerentur

201 1779 576 1854 ἐπιστρέφουσι
621 1784 750 1855 πρὸς
797 1783 924 1833 Θεὸν
975 1786 1068 1833 καὶ
1140 1787 1368 1854 γνησίως
1453 1781 1798 1856 ἐπικαλουμέ-

200 1887 331 1938 νοις,
359 1869 498 1921 καθα
518 1864 755 1926 δηλονότι
807 1873 898 1921 καὶ
953 1877 1147 1932 Μωσῆς
1201 1871 1277 1942 (3)
1322 1873 1348 1924 ό
1407 1876 1566 1945 μέγας
1606 1870 1797 1926 έκείνου

204 1958 440 2033 θεράπων
517 1961 725 2028 γνήσιος
785 1957 923 2029 αὐτῷ
985 1963 1247 2033 γενόμενος
1297 1962 1428 2032 μετὰ
1498 1958 1799 2035 παρρησίας

201 2043 515 2113 ἐπεκαλεῖτο,
574 2050 665 2098 καὶ
724 2045 873 2099 πάντ’
924 2049 1063 2120 εἶχεν
1111 2049 1262 2112 εὐθὺς
1315 2048 1620 2103 ἀπαντῶντα
1668 2052 1798 2124 πρὸς

199 2137 292 2196 τὰς
317 2134 571 2196 αἰτήσεις·
607 2133 910 2212 ἐπεστήριξε
955 2133 1006 2190 δ’
1051 2137 1242 2211 ὁμοίως
1284 2139 1342 2192 οὐ
1385 2143 1505 2200 τοὺς
1561 2140 1642 2212 (4)
1685 2143 1798 2193 τότε

199 2228 383 2297 μονόνς
429 2231 529 2276 τῶν
615 2221 918 2300 ἀνθρώπων,
1003 2224 1131 2280 ἀλλὰ
1207 2232 1297 2281 καὶ
1383 2233 1498 2289 τοὺς
1576 2227 1798 2292 καθεξῆς

198 2312 430 2375 ἅπαντας
454 2316 555 2385 μὴ,
583 2316 655 2386 μὴ
691 2308 986 2368 διαπιστεῖν
1015 2314 1259 2388 οὐμενοῦν
1299 2322 1364 2378 ὡς
1405 2317 1464 2370 οῦ
1503 2315 1798 2376 καταϐήσε-

197 2421 284 2455 ται
321 2405 450 2478 πρός
478 2400 620 2474 ἡμᾶς
649 2400 702 2465 ἕξ
732 2402 957 2477 οὐρανῶν
1005 2407 1160 2482 ἄρτος
1215 2406 1353 2470 ζωῆς
1533 2412 1622 2460 καὶ
1675 2425 1795 2479 τρυ-

200 2501 266 2565 φῆ
280 2512 301 2554 ς
320 2500 419 2545 τῶν
441 2491 660 2545 αἰωνίων
701 2499 1030 2568 παρεκτικός.

277 2674 374 2724 Καὶ
402 2667 470 2732 δὴ
519 2669 700 2724 λοιπόν
753 2672 783 2730 ἡ
825 2681 1007 2744 χρυσῆ
1063 2675 1386 2727 καθίσταται
1433 2675 1661 2749 στάμνος
1710 2675 1799 2727 καὶ

203 2756 417 2834 δέχεται
445 2763 505 2814 τό
544 2763 710 2834 μάννα
749 2761 846 2834 (6),
906 2767 995 2815 καὶ
1037 2765 1131 2821 τήν
1179 2763 1350 2817 εἰκόνα
1399 2771 1490 2817 τοῦ
1533 2763 1796 2838 μέλλοντος

199 2847 247 2902 έν
279 2849 433 2923 ἑαυτῇ
470 2849 720 2924 λαμπρῶς
750 2854 906 2924 φέρει.

272 2942 340 2991 Σὺ
361 2935 422 2992 δέ
448 2959 540 3012 μοι
573 2943 662 2992 καὶ
713 2942 806 3002 τὰς
856 2936 1052 3002 πλάκας
1111 2936 1267 3014 βλέπε
1322 2945 1412 2994 καὶ
1467 2944 1552 2994 τόν
1610 2939 1658 2994 έν
1707 2941 1797 2995 αῦο

1907 1782 1967 1838 in
1997 1797 2362 1856 quacunque
2385 1782 2784 1855 tribulatione,
2819 1783 3157 1841 difﬁdentes
3183 1801 3220 1842 a
3238 1787 3359 1841 Deo
3387 1801 3568 1843 exau-

1907 1871 2023 1930 diri
2038 1888 2178 1928 cum
2201 1877 2687 1931 converterentur
2703 1873 2778 1930 ad
2793 1889 2932 1930 eum
2944 1878 3010 1930 ut
3024 1878 3393 1944 invocarent,
3416 1877 3570 1932 sicut

1907 1965 2067 2018 certo
2100 1961 2370 2019 sciebant
2395 1963 2745 2020 exauditum
2775 1961 2958 2019 fuisse
2988 1965 3248 2036 Moysem
3279 1979 3567 2035 magnum

1907 2057 1965 2110 et
1986 2051 2320 2123 legitimum
2352 2053 2452 2110 Dei
2486 2069 2724 2110 servum
2757 2069 2895 2110 cum
2923 2053 3042 2110 ﬁde
3073 2051 3483 2127 postulantem
3509 2059 3568 2111 et

1905 2140 2308 2210 invocantem,
2339 2140 2443 2214 qui
2471 2146 2528 2198 et
2548 2141 2755 2199 omnia
2779 2143 2979 2200 statim
3003 2143 3260 2200 obtinuit
3283 2141 3453 2214 juxta
3474 2159 3573 2215 pe-

1907 2229 2163 2287 titiones.
2201 2231 2314 2287 Sed
2346 2234 2402 2287 et
2427 2230 2510 2286 sic
2533 2229 2880 2288 refocillavit
2918 2246 3045 2288 non
3093 2235 3328 2288 tantum
3385 2231 3571 2288 corda

1905 2318 2216 2377 hominum
2247 2321 2351 2394 qui
2374 2325 2513 2378 tunc
2543 2327 2730 2390 erant,
2763 2337 2975 2379 omnes
3009 2326 3212 2378 autem
3243 2322 3422 2378 simul
3467 2337 3570 2378 eos

1905 2411 2011 2484 qui
2041 2416 2253 2485 postea
2285 2411 2423 2469 facti
2464 2416 2620 2480 sunt,
2668 2427 2744 2468 ne
2778 2413 3028 2470 omnino
3058 2411 3397 2470 difﬁderent
3424 2411 3571 2485 quin

1904 2507 2152 2576 propter
2171 2517 2284 2559 nos
2313 2502 2388 2559 de
2415 2502 2568 2560 coelo
2595 2502 2832 2560 caderet
2852 2503 3027 2577 panis
3049 2503 3182 2561 vitae
3210 2508 3266 2560 et
3287 2502 3569 2576 volupta-

1905 2591 1978 2648 tis
2006 2594 2300 2664 praastans
2330 2596 2553 2649 mterna
2575 2590 2758 2648 bona.

1977 2683 2289 2748 Caeterum,
2327 2680 2390 2736 in
2454 2679 2844 2738 tabernaculo
2877 2681 3142 2754 positum
3186 2681 3296 2740 fuit
3320 2697 3430 2739 vas
3462 2698 3570 2739 au-

1904 2785 2076 2827 reum
2105 2769 2420 2827 includens
2451 2785 2698 2841 manna,
2713 2769 2886 2844 Tquod
2907 2771 2970 2827 in
2998 2787 3062 2828 se
3093 2771 3406 2845 splendide
3437 2787 3571 2845 pro-

1905 2857 2016 2915 fert
2043 2858 2375 2929 imaginem
2403 2858 2762 2916 futurorum.

1979 2946 2094 3004 Sed
2123 2962 2364 3003 mecum
2389 2947 2711 3004 considera
2738 2961 2944 3004 sacras
2973 2945 3244 3005 Tabulas
3276 2953 3333 3006 et
3360 2948 3423 3004 in
3455 2944 3568 3004 illis

202 3024 320 3088 ταῖς
348 3029 626 3102 θεόγραφον
647 3032 800 3102 νόμον
839 3034 914 3100 (7)
969 3035 1041 3100 μὴ
1103 3038 1213 3091 τοῖς
1264 3029 1410 3093 έκτός
1453 3035 1607 3104 μόνον
1667 3029 1794 3105 βοη·

1916 3035 2184 3108 scriptam
2213 3035 2408 3108 legem
2440 3036 2540 3090 Dei
2571 3031 2996 3104 viviﬁcantem,
3022 3052 3159 3108 quae
3203 3051 3326 3093 non
3367 3036 3567 3093 solum

205 3118 410 3182 θοῦντα,
469 3118 717 3190 σωμάτων
791 3121 980 3172 ὡσανεὶ
1061 3115 1460 3172 κινδυνευόντων
1536 3123 1796 3173 σωστεκόν

201 3205 344 3272 ὂντα,
374 3205 500 3258 ἀλλά
523 3225 604 3260 τοι
659 3211 749 3260 καὶ
798 3206 990 3281 ψυχῶν
1047 3206 1402 3282 ἐφικνούμενον
1457 3214 1548 3264 καὶ
1598 3205 1795 3263 παιδα-

198 3303 470 3368 γωγοῦντα
500 3298 712 3368 ταύτας,
762 3301 852 3350 καί
900 3316 958 3370 γε
1016 3297 1274 3372 σφαλερᾶς
1319 3300 1498 3363 πάσης
1555 3299 1796 3373 εξαιροῦ-

194 3403 344 3456 μενον
374 3390 495 3462 περὶ
535 3393 668 3440 Θεοῦ
724 3381 908 3450 δόξης.
967 3386 1124 3441 Βλέπε
1190 3384 1257 3446 δὴ
1324 3397 1510 3460 ταῦτα,
1549 3393 1662 3456 καὶ,
1710 3392 1796 3441 τόν

193 3482 313 3527 νοῦν
383 3482 494 3536 τοῖς
539 3476 816 3551 ὁρωμένοις
867 3475 1032 3538 καλῶς
1074 3481 1352 3553 προσέχων
1419 3481 1643 3552 μάνθανε
1709 3482 1797 3531 τόν

193 3564 539 3617 έννπόστατον
599 3563 750 3638 λόγον
808 3561 1050 3638 δακτύλῳ
1115 3574 1270 3636 Θεοῦ,
1327 3570 1580 3642 πνεύματι
1657 3569 1795 3640 θείῳ,

192 3661 255 3726 τῇ
317 3655 553 3727 παρθένῳ
603 3658 886 3730 γραφέντα,
943 3659 1033 3708 καὶ
1093 3664 1193 3707 τῶν
1269 3666 1531 3730 πατρικῶν
1599 3656 1800 3710 κόλπων

195 3744 482 3796 κενωθέντα
527 3745 640 3817 μεν,
695 3744 790 3796 οῦκ
842 3743 1141 3798 ἃποστόντα
1192 3740 1270 3813 δε,
1349 3750 1569 3819 μόνοντα
1636 3744 1687 3800 δ’
1752 3746 1800 3799 έν

199 3831 381 3893 αὐτοῖς
443 3837 533 3885 καὶ
597 3832 894 3908 πληροῦντα
973 3836 1164 3904 πάντα,
1233 3839 1480 3909 χωρητόν
1562 3838 1802 3908 γενέσθαι

199 3927 314 3981 τοῖς
360 3924 552 3995 μητρός
590 3921 818 3992 κόλποις,
866 3927 954 3976 καὶ
1025 3931 1206 3976 τοῦτον
1294 3920 1362 3983 δὴ
1443 3928 1532 3978 τόν
1615 3930 1802 4001 τρόπον

206 4009 545 4064 ἑπανασῶσαε
595 4015 792 4085 κόσμον
855 4011 988 4084 ὅλον,

211 4095 424 4170 ἀγνοίας
449 4118 624 4154 σκότει
651 4106 742 4154 καὶ
773 4107 899 4174 σκιᾴ
925 4104 1146 4156 θανάτου
1171 4104 1249 4177 (8)
1288 4109 1661 4178 κατεχομένας.

284 4189 360 4243 Ou’
387 4195 490 4264 μὴν
517 4191 645 4245 ἀλλὰ
684 4201 852 4246 ταῦτα
910 4198 1012 4267 μὴν
1055 4197 1209 4247 οῦτωο
1268 4201 1359 4248 καὶ
1415 4195 1571 4258 οὓτως
1618 4195 1806 4251 ἀνωθεν

206 4280 276 4333 τὰ
333 4283 470 4333 κατά
523 4285 616 4342 τὴν
677 4285 927 4356 παρθένον
978 4291 1112 4336 Θεοῦ
1173 4289 1370 4358 μητέρα
1446 4281 1538 4340 διὰ
1611 4286 1806 4340 πολλῶν

205 4374 296 4423 καὶ
347 4369 578 4443 μεγάλων
623 4374 815 4431 ἧκοντα
865 4381 964 4425 τῶν
1010 4371 1300 4446 συμϐόλων,
1374 4384 1620 4448 πανταχῆ
1667 4386 1807 4450 παρ-

203 4465 399 4533 έχοντα
441 4458 663 4535 δύναμιν
713 4463 990 4537 θαυμάτων
1047 4464 1318 4538 ὑπερφυῶν
1389 4465 1642 4539 εὑρήσεις,
1697 4466 1808 4539 ἅμα

204 4545 266 4602 δε
313 4554 404 4602 καὶ
462 4555 724 4624 σωτηρίαν
770 4570 871 4604 των
924 4550 1168 4624 ἐσχάτως
1216 4548 1638 4609 κινδυνευόντων.
1703 4562 1804 4611 Καὶ

201 4641 270 4691 τὰ
290 4637 448 4692 πλείω
497 4636 744 4703 διεξιέναι
796 4649 1029 4714 παρῆκεν
1086 4641 1113 4692 ό
1161 4639 1332 4713 λόγος,
1381 4643 1461 4694 ὅτι
1515 4639 1654 4716 μηδε
1713 4649 1804 4698 πέ-

203 4747 333 4798 φυκε
356 4733 429 4802 μὴ
457 4732 536 4781 ὅτι
559 4747 620 4801 γε
649 4725 744 4783 διὰ
785 4731 988 4785 πάντων
1047 4730 1219 4802 (τοῦτο
1281 4733 1383 4806 γαρ
1431 4734 1623 4794 παντὸς
1677 4733 1803 4806 μᾶλ-

201 4814 291 4870 λον
329 4813 629 4891 ἀδύνατον),
671 4816 796 4871 ἀλλὰ
844 4814 974 4893 μηδ’
1024 4817 1099 4892 ἐφ’
1155 4821 1326 4872 ἱκανόν
1380 4820 1547 4874 αὐτῶν
1599 4822 1804 4876 ἱκέσθαι

207 4904 520 4967 δυνηθῆναι·
586 4916 691 4970 πῶς
739 4908 1034 4988 γὰρ;όπον
1099 4927 1159 4980 γε
1199 4913 1288 4962 καὶ
1343 4917 1511 4964 ταῦτα
1575 4911 1643 4964 ὧν
1715 4911 1804 4986 ἁρ-

271 5150 360 5241 .(1)
387 5151 529 5211 Vide
551 5153 734 5213 Exod.
760 5169 948 5213 xvr.—
976 5155 1206 5215 Denter.
1247 5160 1363 5228 vt'u,
1388 5161 1417 5215 3
1446 5176 1458 5216 :
1484 5155 1719 5234 ἐψώμισέ
1746 5161 1804 5215 σέ

249 5245 394 5282 αννα.

207 5246 394 5299 μαννα.

281 5299 359 5438 (ἓξ
390 5303 447 5354 Β.
476 5296 845 5384 προσλαϐόντι.

280 5373 332 5438 (3
390 5375 448 5438 Β,
475 5375 723 5432 Νωνσῆς,

303 5375 358 5438 3)
390 5375 448 5438 Β,
475 5375 723 5432 Νωϋσῆς.

303 5373 358 5438 3)
390 5375 448 5438 Β,
475 5375 723 5432 Νωϋσῆς.

277 5373 358 5513 (4)
383 5447 445 5514 7B,
479 5442 665 5514 ὁμοίως
691 5441 895 5514 αὐτούς.

279 5513 669 5595 (ὄξξῖθερθοιιι
688 5513 769 5572 ad
786 5514 959 5595 δοριξ.
996 5515 1198 5595 v1,.33
1245 5517 1448 5595 sq.:6-
1493 5519 1592 5592 γὰρ
1642 5517 1799 5595 ἄρτος

207 5589 300 5638 τοῦ
329 5590 410 5638 Θῦ
465 5584 580 5640 στιν
629 5587 657 5640 ό
703 5584 1028 5644 καταϐαίνων
1089 5584 1146 5642 έκ
1194 5584 1340 5643 εοτόῦ
1391 5584 1524 5666 οὖρα
1561 5584 1797 5664 ὀῦ,’καὶ

1069 4019 1160 4066 καὶ
1236 4012 1422 4087 ψυχὰς
1512 4016 1850 4090 ῥύσασθαι,

1905 3128 2144 3182 externo
2165 3123 2454 3182 auxilium
2469 3128 2728 3196 praestat,
2745 3124 2922 3198 quasi
2950 3124 3304 3198 corporibus
3333 3125 3393 3182 in
3419 3125 3568 3198 peri-

1907 3213 2041 3270 culo
2057 3212 2432 3270 versantibus
2455 3211 2707 3270 salutem
2720 3213 3002 3286 proferat,
3021 3213 3126 3271 sed
3138 3230 3273 3288 quas
3295 3214 3474 3271 etiam
3489 3214 3568 3271 ad

1906 3303 2132 3361 animas
2152 3301 2384 3374 attingit
2403 3307 2462 3359 et
2480 3301 2654 3359 docet
2675 3301 2827 3369 illas,
2843 3307 2900 3360 et
2916 3303 2994 3360 ab
3013 3303 3180 3360 omni
3201 3319 3360 3361 vana
3380 3303 3570 3375 gloria

1905 3395 2148 3450 revocat
2166 3392 2246 3448 ad
2279 3393 2484 3448 Deum.
2511 3393 2644 3447 Haac
2669 3391 2988 3449 considera
3015 3391 3411 3449 attentissimo
3450 3393 3573 3465 spi-

1906 3481 2045 3548 ritu,
2067 3480 2352 3554 disceque
2380 3495 2721 3538 sermonem
2753 3479 2940 3552 digito
2987 3480 3090 3537 Dei
3146 3479 3570 3538 subsistentem

1908 3571 2129 3646 Spiritu
2157 3571 2341 3643 Dei,in
2366 3570 2598 3642 Virgine
2625 3570 2934 3644 scriptum,
2989 3587 3020 3627 e
3052 3571 3189 3627 sinu
3240 3570 3427 3627 Patris
3473 3586 3569 3628 ex-

1911 3666 2153 3718 euntem
2182 3659 2447 3733 quidem,
2477 3659 2584 3716 sed
2609 3675 2734 3717 non
2766 3659 3225 3733 relinquentem,
3261 3659 3364 3717 sed
3395 3659 3456 3716 in
3498 3675 3569 3716 eo

1910 3754 2256 3808 manentem
2273 3753 2330 3806 et
2340 3749 2670 3822 replentem
2683 3750 2910 3817 omnia,
2927 3755 3278 3806 contentum
3308 3748 3489 3806 simul
3509 3749 3570 3805 in

1913 3839 2049 3896 sinu
2076 3838 2292 3905 Matris,
2332 3841 2398 3895 ut
2429 3838 2512 3896 ita
2533 3837 2792 3895 salvaret
2811 3837 3164 3894 universum
3193 3837 3490 3895 mundum
3513 3841 3571 3894 et

1913 3929 2149 3986 animas
2167 3926 2445 3984 liberaret
2463 3941 2696 3984 mersas
2719 3927 2781 3982 in
2811 3925 3070 3984 tenebris
3091 3927 3306 3983 erroris
3325 3931 3382 3983 et
3403 3926 3570 3997 igno-

1913 4017 2124 4074 rantite
2159 4020 2216 4074 et
2247 4015 2310 4072 in
2345 4014 2564 4072 umbra
2597 4015 2809 4073 mortis
2845 4014 3147 4072 sedentes.

1987 4196 2120 4252 Haec
2139 4196 2342 4251 autem
2363 4190 2516 4250 adeo
2540 4194 2679 4249 sunt
2698 4207 2861 4262 vera,
2884 4194 2950 4248 ut
2969 4190 3018 4248 si
3044 4207 3080 4249 a
3099 4189 3391 4265 principio
3406 4206 3572 4265 qure-

1914 4300 2015 4342 ras
2049 4300 2186 4357 quae
2217 4283 2292 4340 de
2326 4287 2510 4340 Mater
2527 4282 2628 4338 Dei
2648 4297 2755 4355 per
2774 4281 2965 4340 multa
2990 4287 3047 4338 et
3067 4281 3394 4352 singularia
3410 4298 3576 4355 sym-

1913 4372 2057 4432 bola
2073 4371 2502 4443 signiﬁcantur,
2527 4385 2765 4444 semper
2787 4375 2845 4428 et
2870 4370 3094 4444 ubique
3127 4371 3394 4427 invenies
3418 4370 3575 4427 ines-

1916 4478 1979 4518 se
2013 4463 2368 4534 potestatem
2403 4458 2773 4516 mirabilium
2807 4458 3355 4532 supernaturalium
3393 4459 3572 4516 simul

1916 4555 2096 4624 atque
2126 4547 2471 4606 salvationis
2498 4564 2708 4606 eorum
2743 4550 2848 4622 qui
2881 4548 2943 4604 in
2978 4548 3255 4606 extremis
3293 4547 3569 4620 periculis

1912 4643 2254 4698 versantur.
2287 4641 2354 4695 Et
2389 4653 2588 4695 sermo
2627 4637 2984 4711 plerumque
3017 4653 3157 4694 cum
3177 4638 3290 4694 ista
3307 4636 3572 4708 loquitur

1911 4729 2099 4803 liquet
2131 4733 2342 4802 aqtum
2380 4741 2504 4785 non
2533 4741 2660 4783 esse
2690 4741 2814 4783 non
2835 4725 3018 4783 modo
3039 4725 3116 4782 ad
3137 4725 3343 4782 omnia
3375 4723 3569 4795 expri-

1911 4818 2225 4888 mendum,
2238 4815 2406 4892 quod
2418 4815 2598 4890 plane
2609 4813 2982 4888 impossibile
2995 4817 3100 4880 est,
3117 4812 3223 4870 sed
3233 4828 3308 4869 ne
3329 4811 3568 4886 quidem

1912 4908 1993 4968 ad
2010 4907 2323 4982 quoddam
2351 4905 2772 4979 exponendum
2803 4902 2968 4976 quod
2992 4901 3335 4960 conveniret
3356 4917 3566 4960 earum

1914 5159 2052 5222 ζωὴν
2080 5151 2267 5218 διδοὺς
2317 5162 2390 5226 τῷ
2437 5158 2690 5226 κόσμῳ...
2740 5153 2864 5208 Εἰπι
2925 5148 2984 5208 δε
3013 5147 3192 5218 αὐτοῖς
3235 5149 3260 5208 ὁ
3305 5152 3507 5218 Ἰησοῦς
3547 5173 3560 5191 ⁸

1911 5230 2012 5304 έγὼ
2037 5229 2143 5302 εἶμι
2172 5230 2198 5281 ό
2227 5230 2385 5355 diem;
2405 5235 2497 5286 τῆς
2529 5229 2633 5287 ζωὴ
2649 5241 2689 5288 ς.

1981 5302 2058 5372 (6)
2085 5299 2227 5356 Vide
2301 5296 2442 5355 xod.
2481 5311 2606 5372 1m,
2631 5301 2698 5356 33

2003 5303 2058 5372 6)
2085 5302 2227 5356 Vide
2257 5302 2442 5355 Exod.
2481 5311 2600 5366 κη,
2631 5302 2720 5356 33.

1979 5302 2064 5446 (7)
2089 5371 2674 5448 peuteron._v,_3_2:__
2844 5443 2854 5448 _
2945 5440 2960 5448 _
3167 5443 3201 5448 _
3281 5439 3296 5448 _
3427 5439 3440 5448 ο

1979 5439 2054 5517 (⁷8)
2086 5446 2388 5517 Frequens
2406 5439 2710 5517 _in’Bi_bliis
2738 5440 3116 5517 metaphora.
3156 5439 3320 5517 _Psal.
3356 5439 3464 5506 cvi,
3500 5441 3566 5498 14

1910 5509 2158 5590 ἐξάγαγεν
2183 5509 2369 5575 αὖτοὺς
2398 5509 2454 5566 ἐκ
2479 5511 2699 5577 σκότους
2724 5517 2816 5568 καὶ
2847 5509 2996 5576 σκιᾶς
3036 5515 3276 5569 θανάτου.
