4054 6212
577 296 599 347 1
609 289 713 347 507

1902 269 2277 331 NICEPHORI
2314 271 2403 329 CH
2409 276 2551 333 UMN
2556 272 2595 332 Ῐ.

3726 300 3826 355 1508

569 430 799 470 rerum.
832 414 947 469 Nec
982 410 1225 466 mirum.
1272 408 1417 462 Cum
1451 421 1593 475 ergo
1619 404 1692 459 de
1711 401 1838 459 istis
1866 398 2050 456 modo
2072 396 2211 451 dixi-

2327 403 2449 461 τέως
2498 399 2846 477 ἐμνήσθημεν,
2909 406 3013 478 οὐχ
3067 404 3201 459 ὥστε
3251 410 3338 459 καὶ
3392 403 3531 481 ὀλίγα
3582 410 3629 464 ἐκ
3678 416 3825 472 πολλῶν

572 520 733 569 mus,
771 517 894 557 non
929 504 993 555 ut
1026 497 1309 573 quaedam
1342 495 1655 566 seligentes
1680 492 1829 548 inter
1855 488 2042 545 multa
2072 485 2216 573 deli-

570 591 716 648 bare
744 587 1044 645 narrando
1080 585 1544 647 conﬁderemus,
1591 582 1696 637 sed
1742 584 1805 635 ut
1834 572 2217 633 solummodo

572 697 679 753 per
713 680 1060 736 strictiorem
1086 676 1530 742 indicationem,
1564 674 1721 728 dicta
1742 685 1933 742 nuper
1971 667 2217 721 demon-

572 775 916 833 straremus,
943 767 1162 822 scilicet
1182 763 1472 820 salutares
1504 778 1635 819 esse
1657 774 1893 831 semper
1915 762 1968 811 et
1989 754 2215 825 ubique

569 859 796 927 ﬁguras
832 861 888 911 et
922 857 1170 911 umbras
1209 870 1420 909 eorum
1445 869 1580 925 quae
1602 854 1809 923 postea
1832 847 2060 917 absque
2086 841 2214 895 velo

569 947 645 1002 de
679 946 910 1015 Virgine
939 945 1198 1000 revelata
1233 948 1288 998 et
1323 947 1565 997 ostensa
1600 939 1854 994 fuerunt.
1898 938 2214 1003 Postquam

567 1038 728 1091 enim
782 1034 1122 1105 adimpletze
1162 1036 1302 1087 sunt
1334 1030 1541 1100 ﬁgurae
1581 1035 1637 1084 et
1683 1025 1911 1081 umbra:
1948 1019 2213 1093 depulsae

570 1124 907 1195 veritasque
944 1124 1096 1177 inter
1132 1120 1409 1175 homines
1446 1118 1670 1173 sincere
1705 1114 1912 1175 illumt,
1960 1108 2215 1176 gloriam

568 1211 822 1266 afferens
860 1211 1080 1280 Virgini
1117 1226 1252 1281 quae
1290 1207 1607 1281 splendore
1645 1221 1755 1260 suo
1786 1202 1968 1258 caelos
2006 1212 2217 1254 omnes

567 1300 1263 1371 obscurat,ccelestesque
1276 1302 1521 1353 cunctas
1537 1295 1833 1350 claritates
1847 1292 2025 1359 longe
2036 1286 2219 1343 vincit

567 1396 745 1463 atque
800 1390 933 1461 ipsa
962 1388 1273 1459 Seraphim
1310 1392 1365 1441 et
1402 1384 1725 1441 Cherubim
1761 1390 2020 1454 superat,
2079 1376 2216 1449 quis

570 1494 769 1533 sermo
804 1478 897 1533 vel
926 1494 1061 1549 quae
1090 1477 1300 1545 lingua
1328 1480 1411 1530 tot
1443 1480 1499 1529 et
1526 1477 1825 1528 tantorum
1856 1465 2217 1523 mirabilium

565 1570 782 1636 poterit
816 1581 1113 1637 exponere
1146 1563 1577 1635 plenitudinem
1610 1561 1637 1614 ‘?
1664 1563 1783 1629 Ego
1811 1558 1985 1627 igitur
2015 1568 2222 1609 vereor

567 1668 642 1707 ne
668 1669 847 1725 pinna
873 1653 1094 1721 dignus
1112 1652 1400 1715 inveniar,
1431 1648 1534 1721 qui
1558 1664 1678 1703 non
1698 1648 1822 1716 jam
1847 1659 2094 1700 manum
2115 1640 2218 1695 sed

2327 486 2465 558 ἡμᾶς
2527 488 2934 565 ἀπολεξαμένους
2995 492 3142 565 ἐρεῖν,
3203 497 3382 547 τούτου
3430 500 3574 569 χάριν
3626 505 3824 573 ἐμνήσθη.

2323 594 2434 646 μεν,
2475 576 2582 629 ἀλλ’
2618 584 2752 634 ὥστε
2803 587 2957 654 μόνον
3004 583 3263 653 ἅψασθαι,
3318 590 3404 635 καὶ
3449 590 3501 637 τό
3535 585 3689 659 λιχθὲν
3734 594 3821 646 ὑπο-

2326 661 2512 737 δεῖξαι,
2587 675 2844 734 σώζοντας
2903 670 3032 725 εἶναι
3081 670 3321 731 δηλονότι
3370 687 3621 747 πανταχοὺ
3656 686 3747 741 τοὺς
3767 688 3826 735 τύ.

2322 774 2471 821 πους,
2504 762 2718 822 καὶτὰς
2748 764 2896 821 σκιὰς
2948 772 3048 815 τῶν
3104 762 3317 835 ὕστερον
3369 761 3447 815 ἐπὶ
3506 773 3593 826 τῆς
3633 772 3821 843 παρθένου

2324 839 2463 916 δίχα
2514 852 2703 909 παντὸς
2768 849 3191 923 ἐπικαλύμματος
3253 851 3489 926 λαμπρῶς
3536 839 3821 925 έκφανθξντω,⁸

2325 933 2467 988 Ἐπεὶ
2540 933 2589 989 δ’
2640 942 2689 990 οἱ
2734 942 2889 992 τύποι
2986 942 3249 1013 παρῆλθον
3314 948 3401 994 καὶ
3465 944 3765 1020 ὑπεχώρησαν
3800 970 3821 1000 α

2326 1030 2493 1091 σκιαὶ,
2548 1032 2636 1079 καὶ
2690 1031 2933 1102 καθαρῶς
2984 1032 3015 1088 ἡ
3078 1029 3293 1088 ἀλήθεια
3348 1035 3539 1103 γέγονεν
3594 1031 3635 1084 ἐν
3690 1033 3828 1103 ἀνθρὼ-

2322 1132 2460 1179 ποις,
2529 1112 2686 1179 δόξαν
2740 1123 2966 1190 φέρουσα
3029 1127 3092 1192 τῇ
3144 1122 3376 1193 παρθένῳ
3431 1124 3608 1181 πάντας
3652 1124 3831 1196 οὐρανούς

2325 1203 2759 1278 ἀποκρύπτουσαν
2864 1215 2951 1261 καὶ
3040 1207 3542 1284 ὑπεραναϐαίνουσαν
3628 1216 3699 1276 μὲν
3772 1217 3831 1275 τὰς

2327 1295 2429 1345 οἰνω
2507 1295 2890 1367 λαμπρότητας,
2969 1298 3103 1350 αὑτά
3174 1296 3233 1351 δὲ
3307 1300 3385 1368 (1)
3456 1302 3659 1352 κάτωθεν
3704 1301 3832 1362 ἑαυτῆς

2327 1388 2553 1455 Σεραφὶμ
2626 1390 2714 1436 καὶ
2794 1385 3063 1460 Χερουϐὶμ
3117 1386 3375 1459 ἀφιεῖσαν,
3436 1393 3505 1450 τίς
3564 1388 3617 1440 ἀν
3669 1389 3830 1461 λόγοςῆ

2326 1477 2452 1522 ποία
2508 1472 2727 1544 γλῶσσα
2790 1485 2888 1527 τῶν
2945 1479 3205 1528 τοσούτων
3254 1482 3345 1529 καὶ
3400 1482 3623 1530 τοιούτων
3675 1480 3835 1552 ἀπείρων

2327 1567 2411 1611 καί
2498 1570 2723 1634 φρικτῶν
2767 1566 3040 1636 θαυμάτων
3099 1563 3461 1638 ἐκδιηγεῖσθαι
3510 1571 3840 1640 κατισχὺεοιτὰ

2328 1647 2499 1706 πλήθη
2537 1667 2549 1716 ;
2584 1651 2714 1722 Ἐγὼ
2743 1655 2831 1724 μὲν
2863 1654 2951 1705 οὖν
2983 1650 3203 1706 δέδοικα
3228 1659 3302 1727 μή
3330 1660 3453 1708 ποτέ
3487 1676 3571 1727 μοι
3619 1664 3694 1709 καὶ
3732 1666 3839 1709 τοῦτο

565 1742 806 1813 impura
827 1740 987 1796 labia
1013 1744 1089 1795 ad
1110 1756 1312 1795 arcam
1333 1742 1448 1793 Deo
1469 1737 1707 1809 plenam
1722 1732 2211 1795 admoverim,ve-

2329 1741 2629 1813 κατάκριμα
2699 1747 2899 1812 γένοιτο
2986 1748 3133 1816 φέρον
3200 1744 3435 1811 εὐθύνην,
3502 1747 3562 1812 εἰ,
3622 1750 3682 1816 μὴ
3729 1752 3842 1817 χερσὶ

566 1832 708 1887 teris
736 1830 892 1885 illius
912 1829 1183 1885 miraculi
1213 1828 1521 1883 iteratione
1550 1826 1692 1881 mihi
1711 1822 2037 1896 proposita,
2057 1818 2220 1892 quod

565 1935 842 1975 monerer
863 1919 1163 1993 prohiberi
1184 1935 1286 1973 eos
1308 1917 1411 1989 qui
1432 1933 1554 1971 non
1581 1920 1718 1969 sunt
1749 1913 1977 1985 absque
2012 1926 2222 1965 macu—

564 2010 644 2076 la,
669 2025 742 2063 ne
764 2008 1326 2064 audeantaccedere
1346 2006 1433 2061 vel
1453 2005 1527 2060 ad
1551 2004 1801 2059 umbras
1826 2018 1975 2056 arcae
1996 2018 2007 2051 :
2032 2005 2090 2055 et
2109 2000 2222 2055 hoc

567 2113 604 2153 a
634 2099 751 2153 Deo
781 2098 911 2167 ipso
937 2096 1084 2151 mihi
1118 2094 1369 2150 videbar
1406 2093 1612 2149 audire
1653 2108 1665 2146 :
1708 2113 1734 2141 «
1769 2092 1960 2155 Quare
1989 2092 2044 2143 te
2081 2102 2218 2141 cum

565 2188 771 2242 sordes
820 2202 940 2241 non
978 2184 1400 2257 expurgaveris
1455 2181 1697 2238 salutari
1748 2174 2029 2241 carbOne,
2068 2177 2222 2231 sicut

566 2275 701 2331 fecit
727 2276 926 2340 Isaias,
955 2289 1151 2347 neque
1172 2274 1443 2345 linguam
1469 2271 1751 2327 exemeris
1782 2266 2047 2340 pondere
2083 2280 2217 2320 ma-

564 2363 761 2420 lorum
795 2380 930 2436 qua:
966 2378 1037 2418 ea
1071 2362 1359 2430 irretiunt,
1396 2360 1693 2416 mirabilia
1748 2356 2004 2411 sustines
2041 2369 2217 2409 enar—

566 2468 696 2508 rare
731 2454 952 2526 quibus
984 2451 1181 2523 impar
1215 2455 1305 2506 est
1338 2450 1518 2506 etiam
1576 2446 1927 2516 angelorum
1980 2448 2215 2512 natura,

565 2559 699 2616 quae
734 2543 920 2599 haeret
953 2557 1075 2613 prae
1111 2540 1468 2611 ignorantia,
1518 2536 1851 2606 intelligens
1914 2533 2215 2589 celsitudi-

565 2648 706 2687 nem
740 2633 768 2687 ‘I
803 2654 831 2679 »

634 2809 733 2864 His
750 2808 982 2863 territus
1012 2805 1491 2876 cogitationibus,
1508 2819 1627 2859 non
1655 2816 1907 2874 possum
1931 2799 2084 2855 ultra
2111 2814 2212 2855 ac—

561 2898 794 2953 cedere.
827 2896 940 2952 Sed
965 2912 1103 2951 cum
1138 2911 1175 2951 a
1210 2901 1264 2950 te
1286 2894 1553 2949 salvatus
1585 2893 1719 2955 sim,
1753 2908 1789 2946 o
1825 2892 2003 2945 Mater
2036 2889 2151 2944 Dei.
2178 2905 2214 2944 a

560 2986 779 3042 tedum
811 2984 1150 3051 ceciderim,
1191 2990 1442 3051 erectus,
1473 2981 1614 3035 dum
1648 2980 1911 3048 frangor,
1939 2976 2210 3037 refectus.

2328 1830 2501 1897 μόνον,
2536 1827 2661 1880 ἀλλά
2700 1836 2788 1882 καὶ
2817 1831 3049 1902 χείλεσιν
3078 1831 3322 1904 ἀνάγνοις
3493 1830 3704 1905 θεοδόχῳ
3732 1840 3840 1906 πρόσ-

2329 1934 2434 1987 ειμι
2520 1915 2744 1988 κιϐωτῷ,
2828 1919 3087 1993 πόῤῥωθεν
3163 1922 3317 1983 αὖθις
3398 1921 3564 1996 ἐτέρου
3653 1924 3845 1993 θαύματος

2329 2003 2677 2071 ἀπειλοῦντος,
2710 2006 2820 2078 ἅμα
2846 2005 2906 2060 δὲ
2959 2014 3048 2060 καὶ
3086 2007 3420 2083 ἀπείργοντος
3482 2019 3575 2062 τῶν
3639 2015 3698 2083 μὴ
3734 2014 3841 2063 καθα-

2325 2102 2427 2166 ρῶν
2498 2091 2700 2165 μηδένα
2779 2095 2970 2167 τολμᾷν
3055 2100 3456 2172 προσάπτεσθαι
3519 2096 3645 2171 μηδι
3698 2107 3769 2159 τῆς
3813 2100 3843 2150 ἓν

2325 2189 2438 2256 τρῖς
2470 2191 2642 2243 σκιαῖς
2668 2183 2891 2236 κιϐωτοῦ
2922 2186 3002 2255 (2)
3055 2206 3068 2218 ·
3123 2185 3327 2238 κάκεῖνο
3377 2194 3467 2239 τοῦ
3520 2195 3641 2241 Θεοῦ
3687 2184 3844 2248 δικαίως

2327 2268 2615 2343 ἀκούσαιμι
2677 2271 2907 2343 λέγοντος
2950 2295 2962 2307 ·
3013 2273 3173 2327 «Ἵνα
3227 2281 3282 2327 τί
3335 2278 3421 2343 σύ,
3488 2282 3610 2348 μήτε
3643 2279 3843 2347 καθαρτιῳ

2324 2368 2422 2411 τῶν
2475 2361 2649 2434 ῥύπων
2717 2365 3054 2435 χρησάμενος
3110 2365 3354 2437 ἄνθρακι,
3409 2366 3524 2418 καθ’
3566 2365 3751 2417 Ἠσαίαν
3792 2366 3843 2433 (3)

2326 2449 2467 2507 ἴσως,
2491 2452 2617 2518 μήτε
2644 2454 2738 2505 τὴν
2796 2449 3058 2520 γλῶττταν
3117 2449 3252 2512 ἀνεὶς
3312 2460 3405 2503 τοῦ
3461 2455 3740 2524 ἐπικειμένου
3780 2450 3843 2522 βά-

2321 2553 2443 2606 ρους
2536 2543 2637 2586 τῶν
2717 2533 3011 2589 πεδούντων
3086 2547 3282 2601 κακῶν,
3351 2535 3567 2612 ἐκδιηγῇ
3621 2541 3841 2611 θαυμάσια,

2321 2627 2451 2697 πρός
2503 2623 2537 2674 ἆ
2581 2621 2711 2696 μηδ’
2771 2625 2997 2696 ἀγγέλών
3048 2625 3251 2701 ἐξαρκεῖ
3316 2631 3468 2700 φύσις
3523 2645 3535 2695 ;
3592 2628 3744 2699 ἀπορεῖ
3782 2632 3842 2677 καὶ

2319 2714 2421 2783 γὰρ
2445 2712 2576 2769 αὕτη
2608 2722 2937 2765 κατανοοῡσα
2965 2717 3022 2766 τό
3053 2716 3286 2787 μέγεθος.
3320 2735 3352 2769 ›

2390 2803 2596 2851 Τούτων
2649 2820 2712 2873 με
2765 2801 3059 2873 φοϐούντων
3143 2813 3244 2855 τῶν
3322 2804 3600 2878 λογισμων,
3649 2806 3725 2857 οὐκ
3770 2808 3842 2874 ἔχω

2319 2888 2615 2961 προσϐῆναι
2674 2898 2781 2941 τοῖν
2830 2890 3033 2962 ἐφεξης.
3094 2891 3256 2961 Πλὴν,
3315 2895 3395 2946 ὅτι
3456 2890 3546 2946 διὰ
3603 2901 3685 2945 σοῦ
3725 2898 3842 2944 σέσω-

2323 2996 2474 3048 σμαι,
2500 2986 2663 3053 μῆτερ
2723 2986 2878 3046 Θεοῦ,
2933 2985 3022 3033 καὶ
3066 2987 3237 3033 πεσὼν
3312 2981 3631 3057 ἀνωρθώθην,
3692 2986 3842 3033 atatim

558 3073 858 3147 numquid
893 3072 1135 3129 tandem
1163 3072 1438 3127 virtutem
1489 3070 1780 3125 sermonis
1839 3067 2113 3138 adeptus,
2159 3071 2211 3120 et

2320 3064 2512 3138 τριϐεὶς
2570 3064 2988 3138 ἀναπέπλασμαι,
3072 3076 3178 3129 πῶς
3231 3068 3295 3121 ἃν
3354 3070 3499 3141 ὅλως,
3555 3071 3693 3141 λόγου
3740 3066 3847 3119 δανα-

560 3162 895 3236 quamdam
929 3161 1190 3216 emittere
1223 3175 1434 3215 vocem
1470 3157 1821 3230 permissus,
1854 3171 1975 3210 non
2007 3161 2212 3226 potero

559 3251 766 3307 conari
796 3255 858 3305 ut
886 3250 1102 3320 loquar
1125 3248 1153 3302 Ῡ
1176 3248 1409 3304 Minime
1441 3262 1582 3318 ergo
1614 3245 1822 3302 tacebo
1858 3243 2210 3315 mysterium

560 3340 789 3410 salutis,
827 3339 931 3394 sed
958 3344 1022 3393 ut
1055 3337 1251 3393 licebit
1276 3336 1578 3392 eructabo.

632 3519 747 3572 Nos
784 3515 898 3571 sub
927 3515 1078 3585 jugo
1105 3528 1214 3568 suo
1250 3527 1453 3567 servos
1482 3508 1723 3565 tenebat
1750 3508 1844 3563 ille
1866 3514 1967 3581 qui
1996 3523 2031 3563 a
2054 3508 2209 3579 prin-
2268 3538 2271 3541 -

558 3607 715 3678 cipio
751 3604 969 3660 erravit
1002 3608 1058 3657 et
1095 3602 1450 3674 apostatavit
1482 3616 1518 3655 a
1565 3601 1699 3662 Deo,
1736 3612 1968 3670 nosque
2005 3597 2206 3666 gloria)

556 3695 688 3765 ejus
714 3709 750 3747 a
763 3708 886 3764 qua
898 3688 1441 3746 deciditetavulsus
1455 3687 1818 3743 esthaeredes
1830 3685 2062 3741 futuros
2086 3692 2208 3741 ten-

557 3779 879 3838 tationibus
914 3779 1267 3847 lacessebat,
1312 3782 1553 3849 propter
1592 3776 1876 3847 antiquan
1936 3774 2206 3829 rebellio-

554 3886 696 3927 nem
726 3870 786 3925 in
814 3869 1123 3941 passiones
1155 3882 1265 3921 nos
1296 3865 1676 3937 praecipitans
1698 3864 1872 3936 quasi
1904 3863 2205 3934 compedi-

551 3959 669 4015 bus
704 3958 1002 4014 vinciebat
1030 3954 1561 4017 inextricabilibus,
1616 3970 1689 4008 ne
1722 3955 1933 4007 iterum
1970 3952 2048 4007 ab
2076 3952 2206 4021 ejus

554 4048 869 4121 tyrannide
895 4046 1147 4114 liberati,
1173 4060 1491 4117 possemus
1514 4042 1591 4099 ad
1624 4041 1927 4097 Dominum
1951 4041 2205 4110 regredi,

553 4143 629 4203 et,
655 4142 845 4192 morte
862 4134 1035 4190 nobis
1058 4149 1166 4205 pro
1191 4132 1438 4188 custode
1461 4131 1799 4198 constituta,
1826 4131 1885 4185 in
1908 4130 2204 4185 infernum

552 4224 883 4279 includeret
925 4227 981 4277 et
1037 4220 1362 4276 custodiret
1413 4219 1525 4274 sub
1565 4218 1749 4290 portis
1800 4217 2203 4273 tenebrarum.

552 4315 671 4367 Nos
704 4327 842 4365 vero
865 4310 995 4381 ejus
1014 4309 1325 4381 potestatis
1353 4308 1674 4380 tyrannicae
1690 4306 1853 4361 triste
1867 4310 2202 4373 servientes,

551 4415 749 4471 neque
777 4398 953 4453 tantis
974 4398 1034 4452 iu
1056 4397 1271 4469 quibus
1294 4396 1686 4451 versabamur
1726 4394 1897 4450 malis
1924 4395 2198 4466 permoti,

554 4488 974 4559 gaudebamus
994 4487 1068 4541 de
1088 4487 1282 4551 ruina,
1309 4485 1715 4555 gloriabamur
1737 4486 1796 4540 in
1815 4485 2201 4556 passionibus

553 4593 689 4650 quae
710 4593 820 4632 nos
841 4577 919 4632 ad
938 4581 1192 4630 mortem
1214 4590 1401 4646 usque
1423 4573 1758 4639 trahebant,
1784 4580 2027 4645 propter
2048 4589 2203 4628 erro-

550 4683 679 4723 rem
709 4671 765 4721 et
792 4669 1017 4721 tantam
1050 4663 1442 4733 dejectionem
1480 4661 1890 4717 misericordia
1918 4661 2103 4730 digni.
2138 4664 2204 4716 Et

550 4756 761 4829 quales
792 4761 959 4811 erant
982 4753 1083 4827 qui
1116 4752 1253 4808 talia
1282 4752 1662 4825 patiebantur
1690 4752 1717 4805 ?
1750 4751 2075 4823 imaginem
2105 4752 2203 4807 Dei

551 4851 845 4917 gerentes,
878 4844 1208 4900 miserrime
1235 4842 1502 4913 jacentes
1531 4841 1590 4896 in
1646 4842 1924 4896 servitute
1981 4846 2037 4896 et
2090 4841 2203 4896 sub

549 4934 865 5007 tyrannide
894 4932 1139 5001 inimici,
1170 4930 1605 5001 miserrimique
1638 4929 1834 4997 magis
1857 4933 2101 5000 propter
2116 4929 2202 4983 in-

550 5022 1017 5088 sensibilitatem,
1051 5022 1215 5095 quia,
1242 5019 1540 5076 factorem
1579 5018 1943 5084 deserentes,
1974 5018 2201 5089 seipsos

549 5110 706 5167 hosti
736 5110 1070 5177 tradebant,
1093 5109 1198 5181 qui
1217 5124 1404 5164 manu
1433 5107 1587 5163 dura
1612 5110 1838 5173 tenens,
1888 5111 2202 5178 sequentes

616 5380 704 5470 (1).
737 5378 920 5470 Codd.
955 5372 1170 5470 αιξτάδε.
1195 5382 1258 5445 in
1293 5382 1339 5445 Α
1369 5374 1695 5470 praesertim
1746 5373 2088 5470 conjunctio
2139 5370 2198 5445 δὲ

546 5460 773 5542 passim
790 5461 868 5518 ad
889 5460 1298 5517 encliticarum
1316 5460 1565 5518 m'Odum
1580 5469 1668 5518 est
1679 5460 1920 5537 scripta,
1947 5470 2197 5520 accentu

543 5540 1045 5675 reiggtleercussus
1070 5607 1159 5660 est
1180 5619 1219 5661 a
1234 5606 1354 5661 Deo
1376 5604 1524 5674 Oxa,
1545 5604 1712 5676 quod
1730 5621 1936 5665 arcam
1954 5603 2194 5663 fcederis

2319 3174 2407 3226 μιν
2446 3156 2583 3226 ἔχων
2612 3160 2701 3206 καὶ
2763 3162 2929 3227 φωνήν
2986 3176 3103 3208 τινα
3165 3155 3456 3231 δυνάμενος
3510 3158 3709 3231 ἀφιέναι,
3760 3156 3843 3209 ἀλλο

2319 3263 2369 3295 τι
2455 3240 2823 3315 σπουδάσαιμι
2867 3248 2967 3319 πρὸ
3037 3253 3129 3297 τοῦ
3182 3255 3355 3299 ταῦτα
3396 3248 3845 3323 κηρύπεινςοῦκονν

2317 3329 2442 3384 οὐδὲ
2513 3336 2598 3384 τὸν
2670 3342 2760 3394 τῆς
2813 3339 3075 3407 σωτηρίας
3127 3342 3475 3410 σιωπήσομαι
3522 3341 3709 3410 τρόπον,
3754 3332 3843 3401 ἀλλ’,

2318 3425 2387 3483 ὡς
2425 3425 2552 3490 ἐνόν,
2586 3424 2718 3494 ὑμνὴ
2730 3442 2824 3479 σω,

2386 3507 2516 3582 Εἶχε
2570 3515 2661 3583 μὲν
2741 3513 2880 3583 ἡμᾶς
2929 3508 3329 3587 δουλωσάμενος
3377 3517 3403 3568 ό
3455 3521 3541 3567 καὶ
3581 3520 3665 3572 τὴν
3713 3511 3841 3585 ἀρχὴν

2314 3598 2576 3660 πλανήσας
2601 3604 2687 3652 καὶ
2727 3600 3032 3662 ἀποστήσας
3072 3610 3225 3667 Θεοῦ,
3277 3612 3371 3657 καὶ
3420 3602 3569 3667 δόξης
3628 3606 3704 3676 μὲν
3745 3601 3838 3652 ἐκεί·

2314 3709 2406 3751 νης
2488 3690 2599 3742 ὅθεν
2674 3690 2823 3750 αὐτὸς
2908 3690 3174 3753 ἐκϐληθεὶς
3251 3692 3509 3769 ἀπερρίφη
3580 3693 3843 3765 κληρονομεῖν

2313 3777 2586 3849 μέλλοντας
2640 3777 2689 3830 ἐν
2737 3787 3002 3850 μηχαναῖς
3054 3780 3419 3853 ἀπωσάμὲνος.
3470 3786 3588 3855 πρὸς
3644 3778 3687 3833 δ’
3718 3779 3842 3849 ἐσχά-

2314 3886 2409 3927 της
2475 3864 2686 3939 ἀτιμίας
2741 3870 2882 3924 πάθη
2933 3876 3270 3939 κατενεγκὼν,
3338 3877 3429 3922 καὶ
3485 3869 3617 3942 εἶχεν
3658 3868 3844 3940 ἀφύκτοις

2314 3958 2496 4008 ὡσονεὶ
2561 3951 2746 4017 πέδαις
2825 3952 3121 4028 δεσμεύσας
3201 3961 3265 4019 ὡς
3334 3956 3464 4031 μηδ’
3541 3962 3668 4031 ἔχειν
3740 3957 3845 4011 αὐθις

2314 4046 2473 4116 ἡμᾶς,
2522 4043 2821 4106 ἐκλυθέντας
2878 4052 2973 4106 τῆς
3037 4046 3197 4098 αὐτου
3248 4045 3585 4122 πυραννίδος,
3642 4049 3747 4119 πρὸς
3783 4046 3844 4094 τόν
3958 4108 3959 4111 η

2317 4130 2577 4189 δεσπότην
2665 4130 3002 4205 ἀναδραμεῖν,
3066 4140 3156 4187 καὶ
3208 4137 3430 4189 θάνατον
3487 4140 3603 4209 ἡμῖν
3649 4134 3846 4188 ἐπέστησε
3958 4152 3959 4201 ἦ

2315 4222 2536 4289 φύλακα,
2577 4227 2666 4273 καὶ
2694 4222 2958 4296 καθεῖρξεν
3024 4222 3075 4273 ἐν
3142 4221 3276 4294 ᾅδου
3328 4231 3418 4278 καὶ
3465 4226 3637 4285 πύλαις
3679 4228 3842 4277 σκότους

2315 4309 2763 4381 κατησφαλίσατο.
2828 4316 2927 4363 Καὶ
3011 4313 3163 4384 ἡμεῖς
3220 4310 3349 4382 ἦμεν
3413 4322 3472 4386 τῇ
3527 4316 3694 4366 τούτου
3731 4308 3841 4362 Juva-

2316 4404 2462 4470 στείᾳ
2544 4403 2630 4450 καὶ
2693 4397 2964 4473 τυραννίδι
3021 4396 3369 4473 δουλεύοντες,
3430 4400 3558 4475 μηδ’
3610 4401 3749 4453 αὐτῶν
3797 4393 3841 4451 δή

2313 4490 2506 4540 τούτων
2573 4488 2623 4539 ἐν
2689 4489 2761 4547 οἷς
2826 4487 2977 4560 ἐσμεν
3036 4485 3278 4547 δηλονότι
3323 4500 3477 4543 κακοί
3524 4491 3841 4560 αἰσθανόμενοι,

2309 4584 2370 4649 τῇ
2438 4572 2485 4628 δ“
2568 4574 2794 4648 ἀπωλείᾳ
2869 4584 3377 4653 συνευφραινόμεναι,
3465 4581 3601 4637 πάθη
3652 4583 3841 4649 τιμῶντες

2312 4662 2437 4737 ἧμεν
2476 4664 2528 4727 ἐξ
2584 4666 2649 4715 ὧν
2707 4664 2783 4717 ἐπ’
2832 4665 2987 4718 αὐτόν
3036 4664 3314 4740 ἕτρέχομεν
3376 4671 3604 4735 θάνατον,
3665 4666 3838 4717 ἐλλεεινοὶ

2308 4762 2399 4813 τῆς
2454 4752 2659 4813 ἀπάτης
2707 4759 2797 4806 καὶ
2841 4764 2933 4815 τῆς
2988 4759 3252 4818 τοσαύτης
3304 4754 3541 4821 ἀδοξίας·
3588 4761 3669 4808 καὶ
3720 4758 3841 4805 ταῦτα

2309 4847 2486 4912 τίνες;
2541 4844 2589 4893 οἰ
2641 4851 2736 4903 τῆς
2800 4842 2992 4905 εἰκόνος
3049 4852 3204 4912 Θεοῦ,
3268 4844 3585 4920 ἐλεεινότεροι
3628 4853 3710 4903 τῆς
3755 4837 3839 4891 δον·

2309 4929 2447 4992 λείας
2506 4936 2596 4981 καὶ
2673 4939 2764 4990 τῆς
2829 4951 2921 4984 του
2977 4932 3176 5005 ἐχθροῦ
3254 4932 3575 5009 τυραννίδος,
3611 4932 3756 5000 πολλῷ
3800 4923 3838 4976 δι

2309 5018 2457 5072 πλέον
2504 5019 2677 5071 ἄθλιοι
2722 5027 2818 5081 τῆς
2876 5020 3247 5092 ἀναισθησίας,
3310 5026 3391 5076 ὅτι
3441 5028 3526 5075 τόν
3580 5019 3835 5093 δημιουργὸν

2310 5107 2751 5181 ἐγκαταλιπόντες,
2829 5112 3058 5181 φέροντες
3128 5111 3344 5173 ἑαυτοὺς
3398 5121 3471 5184 τῷ
3524 5110 3727 5182 πολεμίῳ
3772 5122 3835 5156 πα·

2305 5390 2493 5446 manu
2520 5378 2965 5461 cenirectasset,
2999 5379 3065 5447 ut
3096 5390 3186 5447 est
3209 5374 3272 5447 in
3305 5384 3347 5447 ll
3368 5375 3513 5461 Heg.
3549 5392 3597 5444 ὁ.
3632 5401 3694 5441 η.
3726 5372 3830 5439 Sunt

2304 5468 2363 5518 et
2390 5462 2507 5518 alia
2532 5462 2804 5534 exempla
2833 5462 3068 5518 similia.

2375 5535 2456 5605 (3)
2484 5535 2626 5591 Vide
2645 5536 2779 5591 lsai.
2817 5550 2895 5606 γι,
2922 5538 2975 5603 6,
3007 5539 3063 5591 Ἰ.
