4054 6212
209 281 232 335 l
243 279 346 336 509

1259 275 1351 330 DE
1391 271 1606 328 FESTO
1646 261 2098 327 DORMITIONIS
2137 273 2194 328 S.
2235 269 2499 331 MARUE.

3429 277 3568 335 1810

203 399 582 478 ραδεδώκαμεν
613 415 628 430 ·
672 400 699 451 ὁ
739 391 799 451 δε
822 397 1212 473 χειρωσάμενος
1263 397 1412 458 ὅλους
1477 395 1638 448 εἷλκεν
1687 390 1806 443 ἀκο-

1937 392 2200 452 trahebat
2218 397 2547 466 gaudenter
2566 398 2626 453 in
2656 396 2981 466 infernum,
3003 399 3169 471 quod
3196 398 3210 454 ι
3241 404 3328 455 est
3348 399 3568 456 domus

202 493 516 550 λουθοῦντας
570 489 854 563 προθύμως
930 487 997 547 εἰς
1053 485 1300 562 βάραθρα
1350 489 1409 538 τὸ
1471 483 1657 537 ἑαυτὸν)
1719 500 1810 531 κα-

202 585 470 652 ταγώγιον
480 621 493 634 .

278 686 354 739 Ού
387 689 490 759 μὴν
521 683 648 737 ἀλλὰ
682 679 925 758 παρεδείν
998 688 1160 756 μέχρι
1215 685 1406 742 παντὸς
1468 680 1563 732 οὐκ
1614 679 1676 735 ἧν
1719 680 1812 727 τοῦ

202 781 322 836 ταῖς
377 777 538 848 χερσὶ
585 771 872 832 πλάσαντος
938 776 1026 823 καὶ
1113 780 1208 831 τῆς
1278 767 1414 829 ἰδίας
1506 761 1812 840 μεταδόντος

205 863 400 924 εἰκόνος
447 867 536 915 καὶ
557 870 649 922 τῆς
678 869 835 932 τιμῆς
866 882 878 893 ·
953 859 1137 913 ούκουν
1191 856 1315 912 οὐδὲ
1376 853 1640 934 παρεῖδεν,
1697 851 1814 907 οὐδ’

207 951 375 1024 ἀφῆκε
405 955 594 1024 τρόπον
624 949 677 1002 ὃν
706 949 896 1022 ἔφημεν
946 946 1164 1010 δούλους
1227 949 1531 1021 ἀγομένους,
1595 944 1682 1006 οὓς
1740 948 1810 1016 μὴ

205 1045 360 1113 μόνον
391 1039 706 1114 ἐλευθέρους,
773 1037 903 1090 ἀλλά
969 1044 1058 1091 καὶ
1110 1047 1209 1090 τῶν
1275 1036 1358 1090 ἐπὶ
1418 1045 1514 1107 γῆς
1579 1033 1815 1086 ἀπάντων

207 1127 394 1203 ἄρχειν
424 1132 758 1204 προκρέκρινε
810 1149 823 1161 ο
881 1135 1050 1202 χωρεῖ
1106 1123 1154 1179 δ’
1209 1126 1255 1187 ἐς
1317 1126 1527 1190 αὐτούς,
1584 1127 1671 1175 καὶ
1725 1127 1816 1174 τοῦ

207 1226 515 1290 κρατοῦντος
563 1216 862 1292 ἐξαιρεῖται,
939 1216 1237 1276 καταλύσας
1303 1220 1398 1273 τήν
1483 1211 1814 1280 δυναστείαν,

208 1309 319 1378 ἅμα
349 1303 406 1359 δὲ
435 1309 600 1358 καὶτὸ
649 1315 746 1368 τῆς
808 1303 1019 1376 ἀγνοίας
1079 1302 1333 1364 διαλύσας
1395 1307 1574 1362 σκότος
1645 1299 1727 1372 ὑφ’
1778 1294 1818 1370 ᾧ

209 1403 424 1467 κατεῖχε
453 1393 813 1468 πλανωμένους
842 1397 982 1467 ἡμᾶς
1011 1416 1022 1427 ·
1067 1401 1236 1470 χωρεῖ
1265 1389 1323 1446 δὲ
1350 1401 1462 1455 πῶς
1495 1409 1508 1458 ;
1542 1423 1611 1431 —
1675 1388 1816 1444 Ἀλλ’

210 1481 430 1536 ἐνταῦθά
481 1504 572 1556 μοι
610 1489 698 1536 καὶ
744 1485 768 1534 ὁ
819 1489 922 1545 πᾶς
984 1483 1152 1554 λόγος,
1203 1479 1384 1540 ἐπειδὴ
1463 1486 1548 1534 καὶ
1632 1481 1816 1540 πάντες

211 1576 389 1640 τύποι,
415 1578 505 1625 καὶ
548 1571 804 1646 σύμϐολα,
873 1577 963 1624 καὶ
1023 1574 1073 1624 οἱ
1117 1574 1558 1645 προκηρύττοντες
1606 1568 1815 1643 πόρῥω-

216 1663 316 1729 θεν,
377 1659 599 1714 ἐνταῦθα
655 1659 938 1736 πληροῦσι,
1000 1661 1139 1722 τέλος
1183 1663 1391 1732 ἔχοντες
1450 1664 1544 1718 τὴν
1627 1658 1814 1733 παρθέ-

1919 482 1970 554 ej
1981 500 2066 538 us.

1994 674 2118 728 Non
2155 680 2388 748 poterat
2411 684 2610 752 autem
2633 696 2743 736 nos
2757 679 3004 739 omnirio
3040 682 3312 740 deserere
3329 686 3430 758 qui
3453 701 3566 743 ma-

1922 762 2100 818 nibus
2121 781 2232 821 nos
2249 766 2668 840 plasmaverat,
2698 772 3001 844 propriam
3035 773 3360 845 imaginem
3376 775 3568 844 etglo-

1897 851 2074 906 -riam
2106 853 2371 910 tribuens
2404 874 2416 912 :
2443 859 2620 926 igitur
2653 875 2848 932 neque
2862 860 3328 934 deseruitneque
3346 864 3571 920 amovit

1924 947 2228 998 creaturas
2259 960 2412 1016 quas
2447 947 2798 1003 dicebamus
2837 949 2897 1004 in
2966 951 3306 1007 servitutem
3360 953 3568 1008 mortis

1924 1027 2270 1096 destinatas,
2293 1033 2438 1089 dum
2472 1050 2574 1090 eas
2595 1051 2716 1092 non
2745 1038 2927 1093 modo
2952 1037 3170 1096 liberas
3200 1039 3435 1107 fecerat,
3461 1037 3568 1097 sed

1926 1117 2170 1191 insuper
2205 1126 2270 1175 ut
2303 1127 2499 1178 essent
2528 1139 2707 1197 super
2725 1127 2930 1183 omnia
2956 1144 3092 1200 qua:
3129 1135 3267 1184 sunt
3295 1129 3356 1185 in
3377 1134 3559 1186 terra.

1928 1207 2098 1262 V'enit
2127 1215 2326 1264 autem
2356 1210 2433 1265 ad
2465 1227 2566 1266 eos
2604 1219 2657 1268 et
2689 1230 2758 1269 ex
2805 1221 3044 1287 potente
3065 1217 3257 1290 eripit,
3295 1219 3423 1288 ejus
3455 1219 3573 1275 sol-

1927 1313 2074 1352 vens
2105 1301 2452 1371 potentiam,
2490 1309 2545 1358 et
2579 1303 2880 1376 dissipans
2909 1306 3189 1364 umbram
3219 1309 3570 1381 ignorantia;

1925 1401 2049 1458 qua
2069 1403 2182 1443 nos
2218 1388 2548 1468 involverat
2584 1391 2864 1465 deceptos
2901 1401 2954 1450 et
2988 1401 3274 1452 errantes.
3314 1400 3569 1464 Quomo-

1925 1473 2004 1530 do
2036 1481 2239 1532 autem
2274 1479 2432 1533 venit
2460 1479 2626 1535 ?Huc
2660 1481 2809 1536 enim
2846 1483 3128 1540 tendebat
3180 1490 3335 1541 totus
3397 1503 3570 1542 meus

1926 1579 2142 1630 sermo,
2181 1565 2332 1621 sicut
2355 1570 2410 1623 et
2432 1583 2642 1624 omnes
2665 1569 2871 1638 ﬁgurae
2898 1577 2954 1627 et
2970 1575 3174 1630 omnia
3195 1574 3492 1646 symbola,
3515 1579 3569 1632 et

1925 1667 2137 1708 omnes
2175 1669 2210 1708 a
2244 1661 2398 1710 retro
2437 1656 2761 1729 prophetiae
2782 1659 2898 1714 huc
2929 1661 3334 1734 adimplentur
3386 1663 3571 1717 ﬁnem

212 1769 314 1802 νον.
351 1749 514 1812 Αὐτὸς
577 1755 667 1802 καὶ
717 1753 818 1824 γὰρ
877 1753 908 1801 ὅ
955 1755 1264 1825 προαιώνιος
1309 1756 1400 1801 τοῦ
1459 1755 1592 1800 Θεοῦ
1648 1751 1815 1816 Λόγος

1937 1756 2113 1796 unum
2154 1742 2443 1798 habentes
2482 1745 2803 1814 Virginem.
2853 1751 3049 1821 Ipsum
3071 1749 3232 1805 enim
3282 1753 3569 1806 aeternum

215 1837 447 1900 καταϐὰς
484 1837 532 1890 ἐν
563 1839 716 1914 αὐτῇ,
756 1840 964 1913 καθαρᾷ
1019 1838 1150 1910 ούση
1201 1843 1283 1890 καὶ
1351 1837 1570 1910 ἀμώμῳ,
1618 1839 1708 1887 καὶ
1764 1839 1815 1886 τί

219 1924 271 1980 δ’
289 1926 410 1980 ἄλλο
463 1928 492 1985 ἣ
578 1935 668 1980 τοῦ
728 1928 1056 1988 κατελθόντος
1115 1926 1254 1999 ἀξίᾳ,
1311 1927 1444 2002 σὰρξ
1489 1931 1686 1998 γίνεται
1741 1921 1814 1977 δι’

216 2019 382 2086 ἠμῶς,
418 2035 640 2089 φορρσας
676 2018 866 2074 ταύτην
923 2015 978 2068 ἐκ
1022 2025 1122 2069 τῶν
1175 2016 1341 2078 αὐτῆς
1401 2017 1674 2087 ὺχοάντων
1727 2020 1817 2066 καὶ

218 2107 488 2178 πανάγνων
560 2107 815 2178 αἱμάτων,
883 2112 992 2177 καὶ,
1043 2112 1137 2164 τὴν
1191 2107 1308 2159 κατ’
1365 2105 1537 2158 εἰκόνα
1591 2103 1816 2179 προσλα-

220 2195 320 2246 ϐών
375 2197 528 2267 φύσιν
581 2194 704 2254 ὅλην
767 2197 1071 2270 φθαρεῖσαν,
1136 2199 1384 2267 μίγνυται
1469 2197 1650 2267 ταύτῃ,
1729 2197 1817 2244 καὶ

221 2281 526 2336 ἀναπλάττει
588 2291 649 2356 τῇ
702 2290 962 2357 κοινωνίᾳ,
1016 2287 1137 2346 τούς
1211 2281 1375 2344 ἰδίους
1433 2280 1582 2345 αὖθις
1631 2281 1816 2334 ἐπανα-

222 2372 402 2432 σώξων
454 2375 585 2444 πρὸς
639 2371 837 2443 ἑαυτὸν,
886 2379 975 2426 καὶ

223 2462 430 2522 σθέντας
570 2462 819 2536 ἁμαρτίᾳ.

1071 2373 1412 2445 οἰκειούμενος
1486 2376 1606 2434 τούς
1680 2373 1817 2424 ἀπωο

292 2586 457 2648 Οὗτος
489 2589 515 2640 ό
572 2586 666 2648 τῆς
723 2589 971 2661 ἡμετέρας
1026 2591 1292 2661 σωτηρίας
1343 2592 1533 2660 τρόπος
1595 2605 1608 2617 '
1669 2595 1820 2640 τοῦτο

229 2678 286 2728 τό
352 2675 516 2727 πάλαι
580 2681 670 2728 καὶ
733 2678 1152 2748 προτυπούμενον
1227 2680 1316 2728 καὶ
1379 2681 1817 2749 προμηνυόμενον,

220 2769 312 2818 καὶ
387 2771 494 2826 τοῖς
555 2769 846 2838 προφήταις
893 2764 1220 2838 λαλούμενον,
1282 2770 1491 2839 φρικτόν
1536 2771 1623 2818 καὶ
1688 2770 1822 2836 μέγα

220 2857 530 2926 μυστήριον,
581 2857 705 2914 Θεὸς
749 2858 1022 2926 μεγόγενος
1051 2855 1342 2927 ἄνθρωπος,
1404 2855 1486 2906 ἵνα
1539 2860 1683 2928 σώσῃ
1735 2858 1821 2907 τὸν

222 2943 513 3016 ἄνθρωπον,
555 2945 680 3002 Θεὸς
732 2941 781 2993 ἂν
837 2947 1015 3017 μήτρᾳ
1059 2945 1320 3018 Παρθένου
1395 2949 1484 2995 καὶ
1543 2946 1821 3015 σωματού-

225 3049 374 3102 μενος
425 3035 514 3083 καὶ
558 3031 926 3104 πλαττόμενος,
996 3037 1083 3084 καὶ
1141 3037 1396 3106 χρονικην
1452 3028 1820 3103 καταδεχόμε-

225 3138 307 3179 νος
358 3123 614 3190 γέννησιν,
666 3125 757 3172 καὶ
806 3121 876 3182 ὡς
924 3118 1108 3193 βρέφος
1151 3122 1404 3193 ὁρώμενος
1465 3125 1554 3173 καὶ
1617 3119 1823 3192 βαστα-

230 3209 437 3280 ζομενος
484 3206 731 3280 ἀγκάλαις
797 3213 1020 3282 μητρὸς,
1067 3211 1092 3260 ό
1149 3211 1217 3260 τὰ
1261 3212 1430 3262 πάντα
1479 3209 1686 3282 πληρῶν
1733 3213 1824 3260 καὶ

227 3291 480 3368 μηδαμοῦ
535 3292 782 3368 μηδόλως
857 3299 1211 3369 χωρούμενος.
1275 3301 1411 3372 Πρός
1475 3304 1642 3349 ταῦτα
1692 3301 1826 3358 τίνες

226 3381 473 3456 ἀγγέλων,
551 3389 678 3446 τίνες
761 3383 1127 3459 ἀρχαγγέλων,
1211 3385 1270 3437 ού
1349 3386 1752 3456 κατεπλάγησαν
1807 3402 1821 3452 ;

224 3479 353 3524 ποῖα
437 3478 682 3550 Σεραφὶμ,
780 3481 906 3526 ποῖα
974 3472 1262 3547 Χερουϐὶμ,
1343 3474 1437 3526 ούκ
1509 3473 1824 3546 ἐθαύμασεν,

225 3564 424 3636 ὁρῶντα
477 3568 562 3621 τὴν
619 3565 878 3621 τοσαύτην
959 3571 1052 3616 τοῦ
1135 3573 1269 3618 Θεοῦ
1315 3569 1529 3618 κένωσιν
1594 3571 1683 3618 καὶ
1739 3567 1826 3626 τός

223 3659 472 3703 τοσοῦτον
527 3647 675 3712 αὖθις
731 3656 883 3723 ὄγκον
917 3661 1014 3713 τῆς
1077 3658 1198 3726 περὶ
1248 3657 1388 3726 ἡμᾶς
1445 3654 1826 3728 φιλανθρωπίας

222 3745 313 3792 καὶ
341 3749 432 3801 τῆς
458 3739 688 3793 ἐπέκεινα
711 3743 888 3803 πάσης
915 3740 1171 3803 ύπεϐολῆς
1201 3741 1537 3814 ἀγαθοτητος.

293 3854 580 3920 Τοιγαροῦν
649 3853 739 3900 καὶ
820 3855 990 3902 πᾶσαι
1088 3857 1189 3902 τῶν

225 3937 373 3997 εὐθὺς
441 3935 638 4010 ἀνύμνη
647 3956 763 4004 σαν,

1287 3850 1514 3922 οὐρανῶν
1578 3847 1824 3923 δυνάμεις

857 3943 946 3990 καὶ
1021 3938 1134 4010 μεθ’
1200 3939 1347 4010 ἡμῶν
1427 3935 1535 3992 δεῖν
1601 3939 1828 4011 ἔγνωσαν

230 4033 420 4084 στῆναι
494 4033 690 4098 γενεαῖς
745 4023 973 4088 ἀπάσαις
1019 4031 1111 4085 τὴν
1192 4029 1447 4099 Παρθένον
1515 4027 1806 4100 μακαριζόν

233 4133 357 4179 των,
391 4118 480 4168 καὶ
517 4115 910 4190 μακαριζὸντων
968 4116 1097 4188 όμοῦ
1292 4115 1458 4168 αύτών
1515 4113 1580 4174 δὴ
1637 4119 1832 4169 τούτων

237 4202 399 4254 ἕνεκεν
466 4210 564 4254 τῶν
644 4203 805 4265 οὕτως
860 4205 1129 4276 ὑπερφυῶν
1202 4203 1332 4276 αύτῇ
1405 4205 1684 4276 μεγαλείων
1741 4224 1832 4278 γε-

235 4294 546 4363 γενημένων,
602 4293 738 4364 ὁμοῦ
793 4288 843 4344 δ’
890 4293 970 4344 ὅτι
1026 4298 1117 4344 καὶ
1186 4297 1280 4351 τὴν
1327 4299 1498 4352 κοινὸν
1550 4293 1835 4364 ἐλευθερίαν

239 4376 312 4432 δι’
345 4380 510 4444 αὐτῆς
533 4382 657 4453 ἡμῖν
701 4381 924 4454 ὑπῆρξεν
964 4379 1261 4447 ἀπολαϐεῖν,
1316 4381 1428 4454 ἅμα
1480 4379 1539 4435 δὲ
1585 4388 1674 4435 καὶ
1735 4392 1836 4436 τῶν

241 4468 463 4530 καθεξῆς
504 4469 806 4542 εὐεργεσιῶν
870 4471 1055 4544 χάριν,
1105 4467 1166 4532 ἃς
1223 4470 1281 4521 ού
1339 4467 1566 4524 διέλιπεν
1615 4469 1732 4524 οὐδ’
1778 4473 1837 4525 ού

239 4562 444 4630 μήποτε
525 4555 648 4629 λίπῃ
707 4554 798 4610 διὸ
863 4561 1057 4620 παντὸς
1138 4559 1582 4632 κατεργαζομένη.
1655 4567 1838 4635 Παρα-

238 4644 475 4698 λαϐούσα
535 4651 625 4698 καὶ
678 4649 778 4721 γὰρ
825 4648 959 4719 ἡμᾶς
1023 4643 1162 4700 ἰδία)
1219 4649 1405 4700 ὡσανεὶ
1470 4655 1837 4722 κληρονομίαν,

239 4741 346 4793 τοῖς
370 4742 462 4786 τοῦ
489 4736 612 4788 Υίού
651 4734 807 4795 αὐτῆς
838 4737 1054 4807 αἱμασιν
1103 4734 1204 4788 ἀπὸ
1261 4743 1356 4798 τῆς
1407 4740 1683 4810 μοχθηρᾶς
1747 4746 1838 4794 καὶ

239 4822 435 4895 φαύλης
493 4820 726 4883 δουλείας
778 4822 1243 4899 έξηγορασμένους,
1293 4824 1459 4879 ἐκεῖνα
1512 4832 1601 4878 καὶ
1655 4832 1837 4881 πεποί-

237 4930 360 4969 ηκεν
389 4914 516 4988 ὑπὲρ
564 4914 710 4985 ἡμῶν
749 4917 839 4964 καὶ
881 4920 1036 4983 ποιεῖ,
1093 4914 1160 4965 ὧν
1194 4920 1284 4967 καὶ
1340 4918 1486 4987 γέμει
1546 4918 1754 4988 σύμπας
1809 4919 1836 4970 ό

237 4999 375 5074 βίος,
408 5000 647 5064 ἐξαισίων
675 5000 758 5054 ἀεὶ
787 5000 1117 5074 τελουμένων.

311 5105 524 5168 Ἐπειδὴ
555 5111 658 5182 γὰρ
707 5107 743 5160 ό
771 5111 906 5162 κατὰ
959 5117 1056 5170 τῆς
1097 5115 1308 5183 πρώτης
1364 5112 1509 5184 ἡμῶν
1565 5110 1834 5187 ἐπιχειρή-

237 5217 338 5260 σας
413 5197 722 5273 ὶλευθερίας,
799 5203 888 5251 καὶ
936 5206 1104 5259 κακῶς
1148 5199 1310 5258 αὐτὴν
1367 5198 1686 5273 ἀφελόμενος,
1739 5206 1834 5261 τὴν

233 5288 358 5346 ὅλην
396 5288 543 5360 ἡμῶν
597 5285 910 5360 καθύϐρισεν
961 5287 1127 5354 ἀξίαν,
1188 5286 1564 5342 ἀπαλλάττεται
1627 5287 1680 5342 δ’
1717 5287 1834 5344 οὐδ’

233 5365 382 5438 αὖθις
469 5380 559 5430 καὶ
633 5378 770 5429 κατὰ
849 5385 948 5429 τῶν
1026 5373 1275 5450 δευτέρων
1324 5377 1402 5430 ἀεὶ
1456 5384 1837 5452 μηχανώμενος

232 5462 512 5536 ἀμεινόνων
574 5464 660 5518 ἰπὶ
695 5463 864 5534 πολλῷ
927 5469 1059 5537 πρὸς
1110 5461 1268 5527 δόξαν
1331 5471 1700 5539 γεγενημένων,
1750 5469 1836 5520 ού·-

234 5550 464 5625 δαμόθεν
503 5553 712 5607 ἄλλοθεν
765 5554 915 5624 ἡμεῖς
971 5551 1190 5615 ἕξάντεις
1234 5563 1331 5606 τῶν
1375 5555 1536 5608 αὐτοῦ
1590 5557 1833 5610 ποικίλων

1925 1829 2027 1886 Dei
2063 1831 2320 1887 Verbum
2347 1832 2721 1890 descendens
2759 1835 2818 1891 in
2858 1837 2961 1894 llla
2987 1854 3124 1911 quae
3161 1845 3290 1894 erat
3322 1855 3473 1911 pura
3517 1845 3572 1894 et

1924 1920 2536 1990 irreprehensibilis,et
2561 1925 2634 1978 de
2647 1930 2857 1981 caetero
2878 1927 3338 1998 quodammodo
3363 1928 3566 1998 digna.

1926 2010 2006 2064 Eo
2032 2009 2135 2080 qui
2172 2009 2462 2077 veniebat,
2495 2011 2716 2068 factum
2753 2019 2840 2070 est
2875 2031 2982 2088 pro
3017 2016 3192 2072 nobis
3227 2017 3572 2084 caro;hanc

1926 2113 2168 2153 carnem
2208 2114 2530 2156 assumens
2569 2117 2640 2157 ex
2675 2103 2990 2160 innocente
3060 2111 3116 2162 et
3181 2105 3570 2162 immaculato

1927 2186 2174 2256 Virginis
2211 2189 2523 2258 sanguine,
2554 2191 2850 2263 acciplens
2879 2198 3065 2250 totam
3086 2200 3363 2250 naturam
3408 2194 3573 2251 vitia-

1927 2279 2052 2330 tam
2083 2277 2142 2331 in
2169 2277 2432 2348 imagine
2458 2279 2574 2346 Dei,
2613 2297 2741 2336 sese
2769 2281 2848 2336 illi
2874 2283 3128 2354 miscuit,
3153 2289 3208 2340 et
3232 2283 3574 2340 reformavit

1927 2364 2081 2420 illam
2095 2365 2208 2420 hac
2221 2368 2462 2432 unione,
2481 2384 2624 2424 suos
2636 2370 2843 2425 iterum
2861 2372 3100 2428 salvans
3117 2379 3168 2428 et
3183 2373 3260 2429 ad
3273 2377 3326 2428 te
3340 2373 3575 2442 erigens

1925 2453 2262 2526 uniensque
2275 2472 2410 2526 quos
2423 2462 2759 2514 vastaverat
2769 2465 2824 2515 et
2839 2459 3234 2517 exinaniverat
3246 2466 3572 2534 peccatum.

1998 2579 2152 2636 Talis
2189 2584 2276 2635 est
2301 2585 2521 2636 nostrae
2543 2583 2749 2639 salutis
2769 2583 2918 2640 ordo
2944 2601 2958 2640 :
2983 2584 3099 2641 tale
3133 2590 3222 2642 est
3245 2585 3413 2658 quod
3431 2584 3575 2641 olim

1932 2666 2381 2739 prmﬁguratum
2403 2674 2510 2737 est,
2546 2672 3014 2741 praenuntiatum
3048 2679 3106 2729 et
3123 2688 3228 2744 per
3251 2673 3577 2746 prophetas

1931 2757 2310 2828 praedictum,
2329 2758 2706 2815 tremendum
2730 2776 3140 2834 magnumque
3179 2763 3534 2834 mysterium
3560 2779 3574 2818 :

1933 2847 2087 2900 Deus
2104 2861 2322 2918 nempe
2341 2846 2513 2901 homo
2528 2847 2718 2904 factus
2734 2849 3110 2905 uthominem
3124 2850 3398 2917 salvaret,
3425 2853 3580 2906 Deus

1931 2934 1991 2988 in
2029 2940 2194 2988 utero
2218 2935 2475 3004 Virginis
2498 2935 2913 3008 incorporatus
2933 2942 2989 2992 et
3019 2937 3329 3008 formatus,
3350 2943 3407 2994 et
3434 2943 3579 2994 tem-

1932 3023 2201 3093 poralem
2231 3024 2528 3094 accipiens
2546 3025 3012 3092 gcnerationem.
3034 3025 3201 3080 visus
3216 3031 3274 3082 et
3309 3031 3576 3096 gestatus

1933 3116 1996 3165 ut
2029 3126 2178 3182 puer
2206 3110 2359 3166 inter
2398 3111 2605 3166 matris
2649 3111 2917 3183 brachia,
2982 3112 3131 3170 dum
3183 3115 3311 3186 ipse
3371 3115 3578 3170 omnia

1931 3199 2113 3270 replet
2129 3205 2186 3254 et
2209 3198 2420 3254 nullibi
2441 3199 2834 3256 omninoloco
2852 3202 3069 3257 mutari
3091 3209 3305 3274 potest.
3330 3203 3422 3258 Ad
3448 3203 3578 3260 haec

1933 3288 2182 3360 quinam
2219 3287 2572 3358 angelorum
2608 3297 2665 3344 et
2695 3289 3194 3359 archungelorum
3224 3307 3349 3347 non
3375 3291 3579 3348 obstu-

1933 3382 2193 3448 puerunt
2209 3376 2238 3431 ?
2261 3380 2401 3442 Quae
2415 3377 2738 3450 seraphim,
2753 3394 2886 3450 quae
2899 3379 3210 3436 cherubim
3231 3396 3354 3436 non
3366 3382 3582 3440 mirata

1934 3470 2092 3532 sunt,
2131 3470 2360 3522 tantam
2395 3482 2533 3521 cum
2555 3473 2862 3523 cernerent
2889 3468 2987 3523 Dei
3001 3468 3489 3535 exinanitionem,
3525 3474 3583 3526 et

1935 3554 2113 3610 simul
2150 3559 2378 3611 tantam
2409 3555 2884 3624 exuberantiam,
2903 3556 3126 3612 amoris
3165 3558 3282 3628 Dei,
3319 3563 3373 3614 et
3403 3572 3584 3630 super

1935 3643 2319 3701 eminentiam
2359 3643 2696 3700 excellentis
2724 3644 3006 3702 bonitatis
3044 3645 3072 3700 ‘2

1998 3844 2208 3901 Omnes
2221 3845 2422 3916 itaque
2435 3843 2677 3899 virtutes
2691 3843 2970 3900 cmlorum
2983 3849 3341 3918 propensius
3353 3849 3414 3905 in
3425 3849 3591 3922 hym-

1939 3950 2050 3989 nos
2084 3937 2411 4004 eruperunt
2444 3936 2502 3987 et
2534 3931 2851 3988 nobiscum
2874 3941 3249 4006 agnoverunt
3271 3937 3350 3992 ab
3399 3937 3595 3992 omni-

1937 4023 2053 4078 bus
2081 4019 2567 4091 generationibus
2596 4019 3074 4078 benedicendam
3115 4039 3246 4079 esse
3283 4024 3591 4097 Virginem

1941 4117 2068 4165 tum
2107 4117 2348 4183 propter
2373 4125 2443 4165 ea
2462 4124 2597 4180 quae
2619 4108 2732 4180 ipsi
2760 4109 2979 4166 collata
2991 4117 3133 4167 sunt
3149 4127 3373 4182 magna
3399 4118 3456 4170 et
3481 4130 3589 4170 su-

1931 4199 2366 4274 ‘pernaturalia;
2393 4204 2507 4254 tum
2525 4199 2668 4269 quia
2687 4213 2792 4269 per
2810 4199 2964 4254 illam
2980 4200 3154 4256 nobis
3166 4202 3366 4258 datum
3382 4208 3472 4260 est
3492 4204 3604 4261 de--'

1945 4303 2128 4360 super
2161 4287 2430 4358 accipere
2469 4301 2858 4340 communem
2894 4286 3249 4357 libertatem,
3289 4291 3592 4364 simulque

1945 4384 2186 4452 propter
2212 4381 2426 4433 caetera
2443 4375 2735 4432 beneﬁcia
2753 4391 2888 4448 qua
2921 4392 3237 4451 nunquam
3257 4379 3588 4454 intermisit,

1946 4469 2092 4540 quin
2126 4467 2186 4524 in
2208 4481 2320 4522 nos
2339 4480 2523 4537 supra
2560 4463 2809 4520 modum
2836 4465 3076 4522 abunde
3101 4469 3429 4540 perfecerit.
3455 4473 3593 4528 Sus-

1946 4559 2087 4629 cipit
2119 4557 2280 4612 enim
2313 4570 2425 4610 nos
2491 4555 2663 4626 quasi
2698 4555 3008 4626 propriam
3034 4557 3471 4615 hmreditariam
3508 4560 3592 4616 fa-

1947 4645 2174 4702 miliam
2200 4643 2428 4717 proprii
2451 4633 2577 4699 Filii
2601 4642 2695 4698 sui
2731 4645 3025 4713 sanguine
3087 4647 3470 4703 redimendos
3517 4663 3592 4704 ex

1944 4734 2292 4791 miseranda
2315 4732 2724 4805 vilissimaque
2749 4734 3044 4804 servitute,
3088 4741 3330 4807 propter
3345 4751 3456 4791 nos
3475 4736 3592 4792 ista

1945 4825 2078 4881 fecit
2097 4828 2154 4880 et
2180 4838 2344 4878 nunc
2370 4837 2613 4894 quoque
2647 4821 2808 4890 facit,
2851 4822 3074 4893 quibus
3127 4824 3323 4878 omnis
3383 4829 3592 4881 nostra

1942 4913 2239 4986 repleatur
2272 4911 2390 4967 vita
2416 4910 2594 4966 bonis
2622 4909 3002 4965 faustissimis
3037 4915 3094 4967 et
3127 4913 3383 4968 (sternis.

2015 5113 2161 5170 Cum
2195 5113 2394 5166 autem
2421 5105 2516 5162 ille
2536 5105 2640 5179 qui
2667 5105 2833 5178 prius
2861 5111 3070 5165 contra
3104 5114 3373 5168 nostram
3415 5112 3591 5172 liber-

1940 5206 2126 5258 tatem
2144 5197 2459 5255 insurrexit
2469 5210 2724 5268 eamque
2748 5195 2922 5252 nobis
2939 5197 3156 5254 misere
3183 5199 3427 5270 ademit,
3443 5203 3590 5261 inte-

1943 5305 2113 5362 gram
2143 5293 2409 5344 uestram
2438 5284 2672 5340 foedans
2705 5284 3077 5355 dignitatem,
3109 5303 3234 5345 non
3269 5295 3464 5348 cesset
3486 5308 3589 5364 po-

1943 5377 2288 5435 sterioribus
2313 5375 2472 5430 hisce
2498 5378 2556 5429 et
2583 5373 3027 5446 pretiosissimis
3057 5393 3294 5450 semper
3316 5380 3588 5437 insidiari

1941 5468 2117 5525 bonis
2150 5482 2286 5538 quae
2317 5463 2588 5536 proxime
2622 5462 2702 5519 ad
2741 5462 2994 5533 gloriam
3030 5481 3141 5522 nos
3201 5471 3441 5531 ornant,
3478 5485 3586 5541 per

1945 5556 2176 5614 nullum
2209 5553 2414 5621 alium,
2451 5567 2487 5608 ο
2518 5551 2713 5624 Virgo,
2755 5552 3092 5623 ejusvarias
3116 5555 3474 5628 effugiemus
3499 5573 3586 5616 se-
