4054 6212
578 226 711 284 1511

1898 214 2271 277 NICEPHORI
2308 215 2602 280 CHUMNI.
3733 240 3831 299 1512

570 351 881 409 ductiones
902 362 1087 421 quam
1120 361 1225 421 per
1262 350 1317 404 te
1354 362 1541 420 quam
1570 347 1814 405 heroem
1835 344 2053 438 ducem
2085 340 2219 438 belli

2334 350 2757 420 μηχανημάτων,
2791 352 2821 410 ἧ
2885 353 2961 424 σε,
3034 353 3279 426 Παρθένε,
3332 356 3585 427 πρόμαχον
3637 362 3713 411 καὶ
3748 381 3839 438 προ·

572 438 912 497 invenimus
951 441 1007 494 et
1029 440 1332 511 potentem
1356 441 1696 510 patronam,
1731 436 1999 509 undique
2034 432 2222 507 ipsius

575 529 950 601 frangentem
989 526 1247 583 fervidos
1297 526 1577 599 impetus.
1636 528 1733 585 ille
1789 526 1950 583 enim
2001 523 2224 596 duplex

578 615 1081 684 suscitatbellum,
1098 616 1220 672 sive
1240 621 1479 673 nostras
1501 617 1782 674 saucians
1797 615 2031 672 animas
2046 611 2222 685 ipsis-

576 722 694 781 que
731 704 961 765 occulte
985 703 1297 772 insidians,
1327 706 1451 762 sive
1480 706 1610 762 illas
1636 704 1951 779 impellens
2002 700 2081 757 ad
2127 715 2221 756 res

576 802 873 866 externas,
898 800 963 852 ut
996 794 1079 851 sic
1115 795 1426 853 manifeste
1457 813 1628 854 suam
1650 795 1947 868 compleat
1995 794 2056 848 in
2112 790 2225 847 illis

574 885 862 943 invidiam
919 889 977 941 et
1025 883 1337 941 malitiam.
1409 888 1494 942 Tu
1562 901 1704 942 vero
1778 884 1943 940 fortis
2016 885 2225 937 contra

574 980 896 1047 utrumque
912 972 1135 1029 bellum
1152 978 1363 1047 potens
1378 978 1631 1048 praestas
1646 974 1926 1030 omnibus
1945 968 2223 1029 auxilium

574 1080 686 1121 nec
708 1063 905 1120 solum
924 1079 1268 1120 succurrere
1294 1062 1618 1130 desideras,
1644 1062 1749 1120 sed
1765 1068 1821 1119 et
1846 1061 2015 1118 facile
2031 1063 2221 1133 potes.

576 1153 754 1211 Nobis
780 1152 999 1209 idcirco
1014 1153 1308 1209 succurris
1321 1158 1373 1209 et
1391 1153 1700 1226 praecedis,
1715 1156 1780 1208 ut
1793 1166 2025 1225 pugnes
2044 1154 2224 1221 atque

575 1248 640 1300 ut
668 1243 834 1318 prius
864 1242 1028 1299 mala
1065 1242 1402 1314 ingruentia
1433 1242 1698 1313 corrigas
1730 1247 1785 1298 et
1815 1240 2060 1297 innoxia
2084 1237 2222 1294 red-

576 1331 686 1389 das
706 1348 892 1405 quam
922 1331 1000 1388 ab
1030 1331 1113 1387 eis
1144 1332 1391 1388 omnino
1423 1331 1817 1388 inﬁrmemur.
1874 1334 2074 1403 Neque
2108 1328 2223 1384 hoc

577 1422 793 1479 solum.
830 1421 943 1478 Sed
966 1436 1102 1476 cum
1128 1421 1416 1477 adversus
1476 1422 1606 1494 ejus
1666 1421 1936 1490 insidias,
1982 1423 2223 1489 agentes

575 1509 725 1567 nihil
750 1510 1095 1584 proficimus
1109 1509 1809 1583 etdiﬁicillimeimpetum
1834 1508 2219 1573 sustinemus,

575 1600 752 1674 quasi
780 1599 1132 1656 voluntariis
1158 1599 1330 1655 malis
1367 1599 1825 1656 succumbentes
1879 1598 1990 1669 (ille
2062 1596 2221 1653 enim

576 1704 690 1747 nos
728 1688 1061 1745 voluntarie
1093 1693 1404 1761 corruptos
1432 1689 1796 1761 impugnans
1818 1687 1998 1744 libere
2020 1688 2142 1758 agit
2162 1686 2219 1741 in

2328 1690 2503 1766 ληφὼς
2569 1693 2775 1756 ἑκόντας
2847 1696 3209 1771 φθειρομένους

576 1780 639 1837 id
656 1776 824 1853 quod
850 1777 1149 1835 desiderat
1180 1795 1193 1833 :
1221 1778 1342 1834 vult
1368 1783 1567 1835 autem
1600 1779 1860 1853 pessima
1890 1783 1943 1835 et
1983 1777 2061 1834 ad
2099 1777 2222 1833 haec

576 1868 865 1942 impellit),
897 1868 1441 1939 etindignationem
1455 1869 1775 1926 Deicontra
1803 1884 1912 1924 nos
1938 1882 2221 1940 provoca-

575 1974 733 2025 mus,
762 1959 883 2031 qui,
895 1956 1057 2029 justa
1069 1958 1333 2013 concitus
1347 1957 1456 2026 ira,
1476 1962 1755 2014 statutam
1773 1957 2221 2031 paratinﬂigere

574 2062 842 2120 pcenam,
874 2051 936 2104 tu
960 2047 1071 2103 cito
1096 2048 1391 2119 praevenis
1422 2052 1477 2103 et
1504 2047 1666 2120 apud
1698 2046 1864 2103 illum
1891 2047 2051 2103 facta
2098 2062 2220 2104 me-

574 2137 805 2204 diatrix,
838 2137 999 2192 hunc
1031 2137 1315 2192 maternis
1342 2136 1617 2209 precibus
1631 2136 1990 2210 juribusque
2011 2134 2217 2208 ﬂectis;

572 2241 717 2283 nam
744 2240 921 2299 super
945 2225 1188 2298 propria
1213 2226 1352 2298 jura
1384 2242 1591 2299 preces
1625 2225 1984 2299 protendens
2039 2230 2095 2282 et
2140 2225 2221 2282 illi

574 2330 1014 2372 commemoras
1039 2314 1205 2387 quod
1231 2315 1439 2371 similis
1462 2316 1544 2372 tui
1573 2331 1645 2372 ex
1666 2319 1880 2373 natura
1919 2319 2021 2373 tua
2079 2331 2218 2389 par-

574 2402 858 2477 ticipavit,
899 2409 954 2460 et
975 2404 1139 2475 quod
1160 2403 1221 2460 in
1253 2404 1369 2460 tuis
1391 2404 1723 2461 visceribus
1756 2403 1925 2461 illum
1957 2404 2217 2476 gestasti,

573 2509 646 2552 ex
684 2493 970 2550 uberibus
1006 2493 1119 2550 tuis
1139 2492 1232 2549 lac
1263 2493 1345 2549 illi
1367 2494 1695 2566 praebuisti,
1727 2494 1966 2568 etquod
1989 2495 2223 2567 passio-

572 2582 666 2639 nis
686 2599 809 2638 suae
841 2583 1025 2638 ﬁnem
1055 2597 1294 2639 cernere
1307 2583 1647 2656 prtestolata
1663 2584 1829 2655 juxta
1854 2600 2093 2640 erucem
2116 2584 2219 2640 ubi

573 2670 941 2728 moriebatur
971 2670 1219 2737 steteris,
1260 2672 1465 2728 omnia
1486 2676 1542 2728 et
1609 2672 1742 2744 ipsa
1795 2673 2028 2745 patiens
2085 2689 2220 2746 quae

571 2758 703 2833 ipse
731 2775 841 2833 pro
870 2758 1048 2816 nobis
1084 2759 1198 2816 reis
1228 2764 1284 2815 et
1320 2760 1620 2817 damnatis
1652 2760 1833 2817 subiit
1856 2765 1920 2817 ut
1956 2776 2068 2818 nos
2099 2761 2220 2817 sol-

570 2852 733 2906 veret
762 2866 798 2906 a
821 2848 1068 2921 judicio.
1103 2848 1272 2906 Illum
1293 2864 1435 2921 ergo
1464 2849 1727 2906 converti
1772 2849 1916 2907 facis
1973 2852 2071 2923 pia
2121 2866 2220 2909 ne-

570 2938 848 3009 gotiatrix
874 2950 886 3005 ;
910 2938 1159 3011 insuper
1178 2937 1415 2994 donans
1433 2942 1499 2995 ut
1523 2938 1709 2995 Deum
1730 2939 1955 2996 nedum
1977 2940 2215 3009 iratum,

2338 439 2518 490 στάτιν
2547 442 2799 514 κραταιὰν
2841 446 3165 516 κεκτημένοι,
3211 446 3523 517 πανταχόθεν
3572 446 3692 517 αύτῷ
3733 471 3839 524 πιρι.

2334 530 2624 601 τρέπουσαν
2673 533 2766 594 τὰς
2827 533 3013 609 ὁρμάς.
3085 531 3145 586 Ὀ
3180 536 3266 606 μεν
3321 538 3418 609 γαρ
3484 531 3673 588 διπλοῦν
3710 542 3838 616 ἐγείρει

2333 620 2419 668 τόν
2457 618 2695 693 πόλεμον,
2750 625 2836 674 τὸν
2876 625 2987 695 μὲν,
3056 622 3245 695 ψυχῶν
3307 623 3467 675 αὐτῶν
3521 627 3837 701 καθικνούμενος

2333 711 2422 759 καὶ
2491 705 2695 781 ἀφανῶς
2760 713 2973 773 ταύταις
3027 709 3385 779 ἐπιϐουλεύων,
3438 717 3517 765 τόν
3567 711 3636 781 δε,
3691 714 3835 787 βαλλων

2333 798 2463 869 πρὸς
2500 800 2565 850 τὰ
2594 796 2739 861 ἐκτὸς
2794 805 2899 854 καὶ·
2941 804 3158 875 φανερὰν
3224 800 3274 853 ἐν
3336 804 3531 864 τούτοις
3572 802 3744 876 πληρῶν
3780 812 3840 866 τὴν

2335 883 2619 958 ἀπέχθειαν
2682 909 2694 922 ·
2740 893 2806 942 σὺ
2865 886 2917 943 δ’
2966 890 3074 943 ἀλλ’
3132 889 3359 962 ἁπαντᾷς
3416 888 3729 964 ἀμφοτέρωθεν
3770 894 3840 948 ἐπί-

2332 993 2513 1049 κουρος
2543 981 2788 1051 κραταιὰ,
2820 980 2988 1032 πάντα
3037 977 3248 1053 βοηθεῖν
3301 984 3371 1052 μὴ
3430 985 3571 1053 μόνον
3617 1000 3669 1053 γε
3715 981 3841 1055 βουλο-

2332 1068 2479 1137 μένη,
2504 1064 2631 1118 ἀλλὰ
2654 1073 2742 1121 καὶ
2795 1065 2998 1143 ῥᾳδίως
3058 1066 3093 1122 δ
3097 1065 3404 1142 εδυνημένη.
3459 1072 3619 1144 Ταύτη
3675 1091 3740 1123 τοι
3783 1082 3842 1126 καὶ

2334 1150 2543 1227 βοηθεῖς
2571 1162 2923 1231 προῖσταμένη
2965 1163 3055 1211 καὶ
3105 1167 3480 1234 προμαχοῦσα,
3528 1163 3625 1225 καὶ,
3679 1165 3774 1234 πρὶν
3820 1163 3838 1220 ᾖ

2331 1245 2571 1319 καθαρῶς
2599 1248 2739 1319 ἡμᾶς
2768 1248 3049 1301 αἰσθέσθαι
3078 1256 3177 1301 τῶν
3235 1248 3477 1301 ἐπιόντων
3546 1257 3710 1316 κακῶν,
3761 1257 3842 1323 τρί-

2330 1352 2444 1394 πεις
2474 1340 2752 1388 ταῦτακαὶ
2795 1345 3091 1412 καταργεῖς.
3150 1337 3226 1390 Ού
3283 1346 3433 1391 τοῦτο
3489 1334 3544 1390 δε
3590 1343 3736 1411 μόνον,
3788 1339 3844 1391 ἀλ-

2331 1421 2395 1474 λὰ
2449 1428 2537 1475 καὶ
2594 1428 2720 1498 πρὸς
2767 1429 2861 1489 τὰς
2905 1425 3183 1487 ἐπιϐουλὰς
3239 1426 3430 1480 ἐκείνου
3506 1425 3547 1480 εἰ
3623 1447 3673 1500 γε
3731 1426 3847 1501 pndis

2331 1512 2478 1585 ἡμεῖς
2533 1511 2957 1589 ἁντιπράττομεν,
3020 1525 3404 1590 συμμαχοῦμεν
3463 1513 3518 1569 δὲ
3565 1516 3743 1589 μᾶλλον,
3788 1519 3847 1569 ar}-

2335 1603 2587 1677 θαιρέτοις
2624 1607 2809 1657 ὡσανεὶ
2847 1611 3029 1667 κακοῖς
3079 1611 3468 1681 περιπίπτοντες
3525 1606 3568 1677 (ό
3622 1601 3672 1659 δε
3724 1624 3848 1682 παρει-

3303 1694 3420 1767 ἆγει
3500 1695 3605 1747 κατ’
3674 1694 3849 1758 ἐξουσίαν

2328 1784 2454 1856 πρὸς
2479 1783 2574 1835 ὅτι
2612 1788 2702 1836 καὶ
2723 1781 2965 1856 βούλοιτο
3010 1804 3023 1818 ·
3059 1782 3302 1857 βούλεται
3354 1780 3413 1837 δὲ
3476 1788 3561 1836 καὶ
3619 1782 3717 1856 ἆγει
3758 1786 3846 1836 πάνυ

2329 1890 2427 1934 τως
2458 1869 2541 1925 ἐπὶ
2612 1875 2677 1925 τὰ
2725 1875 3020 1948 χείριστα),
3067 1880 3258 1947 νεμεσᾷ
3319 1877 3409 1947 μεν
3461 1876 3573 1934 Θεὸς
3624 1874 3745 1945 ἡμῖν,
3787 1878 3848 1924 καὶ

2329 1964 2458 2036 πρὸς
2488 1963 2649 2035 ὁργην
2694 1958 2904 2015 δικαίαν
2963 1968 3313 2036 κεκινημένος,
3368 1960 3605 2035 βούλεται
3638 1964 3714 2023 τὰς
3790 1961 3848 2013 r5-

2332 2052 2486 2112 θύνας
2514 2048 2743 2113 ἐνδίκους
2799 2052 3203 2128 εἰσπράττεσθαι
3266 2073 3279 2086 ι
3331 2056 3397 2105 σὺ
3460 2048 3517 2105 δε
3560 2053 3733 2124 οθάνεις
3767 2053 3847 2101 κάν-

2329 2142 2497 2194 ταύθα
2555 2146 2831 2215 γιγνομένη
2890 2160 3095 2215 μεστις,
3152 2148 3262 2204 ταῖς
3346 2148 3618 2217 μητρικαῖς
3682 2137 3850 2192 καταόν-

2332 2239 2585 2284 σωπούσα
2609 2230 2951 2307 παρρησίαις,
3018 2235 3109 2284 καὶ
3176 2234 3248 2294 ὡς
3296 2233 3423 2307 ὑπερ
3484 2228 3622 2284 ἰδίων
3668 2234 3849 2283 κατατεί-

2328 2325 2430 2382 νέις
2490 2324 2610 2382 τούς
2685 2321 2992 2396 ἱκετηρίους,
3058 2324 3116 2373 τὸ
3204 2329 3295 2382 τῆς
3389 2324 3583 2393 φύσεως
3674 2321 3850 2392 συγγενὲς

2328 2408 2737 2484 προϐαλλομένη,
2776 2411 2887 2484 οἶμα
2939 2408 2988 2463 δ’
3061 2414 3186 2474 ἴσως
3239 2412 3456 2464 κάκεῖνα
3513 2408 3845 2487 προϐαλλομένη,

2329 2499 2396 2560 ὡς
2454 2498 2607 2552 αὑτὸν
2681 2498 3007 2571 σπλάγχνοις
3068 2496 3282 2563 ένεδέξω
3325 2503 3416 2553 καὶ
3471 2499 3643 2572 μαζοῖς
3687 2497 3848 2569 ίθρεύας

2331 2592 2419 2640 καὶ
2457 2588 2593 2660 γάλα
2676 2587 2922 2650 ίπὸτισας
2968 2593 3053 2641 καὶ
3106 2590 3275 2652 πάθος
3329 2585 3487 2641 αὐτοῦ
3540 2592 3593 2641 τὸ
3637 2586 3848 2640 τελευταῖον

2327 2674 2559 2730 κατιδεῖν
2589 2682 2680 2730 καὶ
2736 2680 2961 2751 σταυρὸν
2991 2678 3222 2750 ἠνέσχου
3283 2679 3362 2749 (1)
3417 2682 3505 2730 καὶ
3547 2676 3750 2741 θάνατον,
3790 2675 3848 2724 καὶ

2328 2766 2480 2819 πάνθ’
2534 2769 2634 2819 ὅσα
2691 2766 2815 2819 ἑκὼν
2874 2766 3059 2830 ἐκεῖνος
3098 2763 3173 2820 δι’
3231 2769 3376 2840 ἡμᾶς
3436 2768 3553 2830 τούς
3586 2768 3850 2838 κατακρίτους

2328 2857 2583 2929 ὑπέμεινε,
2646 2864 2739 2919 τῆς
2813 2853 3129 2920 καταδίκης.
3207 2854 3655 2932 ἁπολυτρούμενος.
3724 2858 3848 2907 Τοίνυν

2326 2951 2416 3000 καὶ
2473 2948 2729 3020 κάμπτεις
2780 2945 3145 3021 πρεσϐεύουσα
3182 2967 3194 2980 ·
3235 2944 3353 3000 εἶτα
3401 2943 3560 3009 δίδως
3613 2948 3735 3020 ἡμῖν,
3776 2939 3845 2994 ἀντ’

570 3027 694 3085 imo
720 3027 1066 3098 diligentem
1093 3032 1149 3083 et
1170 3026 1345 3084 bonis
1376 3026 1784 3085 cumulantem
1799 3029 2214 3101 experiamur;

2328 3035 2688 3109 ὀργιζομένου,
2742 3035 3291 3112 φιλανθρωπευόμενον
3374 3037 3641 3112 πειρᾶσθαι
3705 3040 3846 3087 Θεοῡο

569 3118 806 3175 donans
849 3122 911 3175 ut
941 3117 1018 3174 ab
1047 3132 1119 3174 eo
1154 3117 1319 3174 bona
1346 3117 1631 3191 donaque
1665 3119 2063 3192 suscipiamus
2108 3135 2216 3193 pro

570 3207 745 3264 malis
774 3224 911 3280 quae
943 3207 1275 3279 suscepturi
1306 3223 1580 3264 ereamus
1616 3212 1669 3266 et
1700 3208 1894 3281 pomis
1926 3224 2079 3281 quas
2107 3208 2217 3266 sol-

568 3313 707 3354 vere
727 3297 1168 3354 debuissemus.
1205 3296 1359 3353 Nihil
1381 3297 1541 3353 enim
1558 3302 1645 3355 est
1672 3298 1919 3354 omnino
1957 3298 2123 3371 quod
2152 3303 2217 3355 tu

569 3386 917 3444 desiderans
931 3401 1040 3459 pro
1061 3390 1264 3443 nostra
1281 3385 1674 3444 beneﬁcentia
1691 3404 1727 3444 a
1749 3390 1867 3443 Deo
1886 3402 2007 3444 non
2022 3389 2216 3460 possis

568 3474 922 3548 impetrare:
963 3475 1085 3531 imo
1115 3479 1285 3547 potes
1315 3476 1521 3531 omnia
1549 3480 1702 3532 certe
1742 3481 1798 3532 et
1824 3476 2215 3534 donasmulto

568 3566 763 3635 magis
793 3568 850 3620 et
870 3564 1103 3621 facilius
1120 3580 1306 3637 quam
1324 3564 1470 3620 forte
1483 3580 1593 3620 nos
1605 3565 1666 3621 in
1683 3565 1833 3621 votis
1846 3565 2067 3622 habere
2080 3581 2216 3638 pos-

570 3670 799 3711 sumus.
832 3656 1146 3726 Propterea
1175 3654 1396 3709 videris
1421 3658 1477 3710 et
1529 3654 1841 3727 petitiones
1887 3655 2214 3727 prmvenire

570 3748 627 3801 et
653 3758 765 3800 nos
796 3741 1286 3815 quasidonajam
1316 3750 1561 3815 accepta
1586 3743 1985 3815 eﬂlagitamus
2010 3745 2215 3802 omnia

570 3831 790 3906 quibus
809 3830 1171 3901 indigemus,
1204 3836 1261 3887 et
1280 3846 1416 3904 qua:
1430 3835 1566 3888 ante
1583 3832 2010 3905 postulationes
2032 3849 2137 3906 per
2160 3838 2214 3891 te

567 3921 745 3979 nobis
771 3921 941 3977 ﬁunt.
975 3922 1123 3978 Cum
1144 3925 1345 3977 autem
1391 3920 1719 3993 aliquando
1752 3922 1812 3977 in
1842 3922 2021 3978 rebus
2067 3922 2216 3979 utili-

568 4011 684 4068 bus
694 4026 1000 4084 perperam
1012 4009 1437 4075 desideramus,
1456 4025 1893 4083 perperamque
1905 4011 2215 4067 studemus

570 4104 628 4157 et
667 4099 927 4171 agimus,
963 4103 1024 4154 tu
1050 4098 1183 4170 ipsa
1211 4097 1341 4153 haec
1373 4098 1596 4171 optime
1626 4098 1886 4169 dirigens
1916 4104 1973 4155 et
2007 4114 2211 4171 agens,

568 4187 631 4243 in
652 4188 766 4244 hoc
795 4186 1056 4243 maxime
1072 4184 1337 4241 ostendis
1356 4184 1643 4242 bonitatis
1667 4186 2039 4258 thesaurum,
2070 4187 2217 4260 quia

571 4277 727 4334 circa
755 4291 891 4349 qua:
904 4290 1025 4332 non
1050 4276 1386 4345 cogitamus
1408 4290 1605 4347 neque
1628 4276 1905 4349 petimus,
1920 4276 2015 4333 vel
2035 4278 2216 4333 etiam

571 4381 711 4423 cum
739 4364 1154 4421 desideramus
1182 4369 1238 4420 et
1264 4363 1566 4420 tendimus
1598 4364 1676 4421 ad
1699 4366 1927 4438 pejora,
1945 4382 2057 4423 nos
2085 4367 2214 4424 istis

570 4454 857 4514 violenter
889 4452 1065 4526 eripis
1091 4452 1397 4509 autetiam
1431 4453 1577 4509 facis
1612 4458 1677 4510 ut
1727 4455 1982 4511 multum
2027 4456 2214 4528 proﬁ-

571 4544 750 4614 ciant,
781 4559 921 4600 cum
941 4542 1003 4598 in
1043 4541 1192 4614 ipsis
1255 4556 1393 4598 vere
1458 4546 1653 4614 potest
1714 4543 1906 4601 inesse
1954 4545 2210 4605 utilitas:

570 4634 742 4709 quasi
774 4632 986 4691 invitos
1009 4629 1372 4688 benevolens
1398 4630 1461 4686 in
1487 4630 1644 4688 hanc
1677 4648 1785 4690 nos
1817 4634 1999 4691 trabis
2028 4635 2212 4706 viam,

569 4730 627 4783 et
648 4723 865 4783 deinde
888 4737 1133 4779 sensum
1161 4723 1219 4776 et
1241 4719 1550 4778 scientiam
1578 4721 1798 4795 adepti,
1831 4724 1953 4780 vim
2007 4724 2214 4796 diliga-

567 4828 839 4887 musqua
866 4807 1369 4884 inexperientiam
1383 4806 1528 4864 boni
1554 4808 1946 4867 introivimus.
1984 4812 2070 4870 Ita
2098 4828 2213 4870 nos

569 4920 603 4962 θ
630 4904 780 4962 vitiis
817 4901 1017 4976 eripis,
1057 4898 1159 4956 illa
1188 4898 1365 4968 longe
1385 4896 1711 4971 depellens,
1734 4915 1809 4956 ne
1844 4900 2109 4973 primum
2150 4902 2215 4961 in

569 4992 684 5051 ista
710 4991 1120 5065 impingamus
1151 5004 1289 5046 cum
1309 4987 1638 5060 improviso
1659 4989 1991 5063 periculum
2032 4992 2216 5051 instat

571 5080 827 5140 cadendi
858 5096 871 5145 ;
905 5084 961 5137 et
995 5078 1044 5135 si
1080 5079 1228 5137 forte
1255 5076 1637 5135 inciderimus
1664 5079 1903 5138 ruinam
1933 5085 1991 5139 et
2016 5083 2213 5155 perni-

570 5172 722 5229 ciem
751 5170 1041 5227 reformas
1075 5173 1165 5227 :et
1188 5167 1238 5224 si
1270 5167 1419 5241 quid
1446 5168 1663 5226 horum
1689 5175 1961 5242 potenter
1989 5188 2213 5245 praeva-

568 5260 762 5330 luerit,
798 5263 861 5316 tu
879 5262 1147 5315 nostram
1186 5261 1429 5330 experta
1458 5257 1765 5331 ﬁduciam,
1794 5265 1852 5317 et
1880 5262 2213 5334 periculum

568 5351 874 5411 evidenter
886 5347 1101 5421 aperis,
1126 5349 1181 5403 et
1204 5346 1588 5419 potissimum
1613 5349 1947 5407 remedium
1978 5352 2212 5424 praebes

2327 3122 2489 3186 δίδως
2515 3130 2604 3177 καὶ
2635 3127 2864 3198 πάσχειν
2919 3121 2973 3179 εὖ
3026 3125 3151 3201 παρ’
3202 3126 3369 3179 αὐτοῦ
3407 3131 3494 3178 καὶ
3542 3121 3712 3201 δωρεὰς
3758 3120 3849 3191 λαμ·

2325 3213 2492 3267 ϐάνιιν
2522 3214 2628 3268 ἀνθ’
2679 3215 2746 3266 ὧν
2813 3212 3076 3288 ἐμέλλομεν
3129 3223 3301 3278 κακῶς
3348 3218 3572 3288 πάσχειν
3622 3218 3697 3265 καὶ
3743 3207 3850 3269 δίκας

2326 3301 2539 3368 δικαίας
2594 3303 2945 3360 ἁποτινιύναι.
3013 3301 3152 3359 Οὐδὲ
3198 3308 3304 3380 γάρ
3379 3305 3516 3359 ἐστιν
3566 3300 3675 3357 οὐδὲ
3726 3299 3850 3372 σύμεν·

2324 3403 2433 3457 οῦν,
2512 3397 2538 3447 ὅ
2593 3413 2649 3466 γε
2717 3398 2781 3446 σὺ
2836 3392 3122 3467 βουλομένη
3184 3400 3257 3467 μή
3348 3415 3401 3447 τι
3480 3399 3565 3446 καὶ
3628 3387 3849 3446 δεδύνησαι

2322 3486 2454 3557 πρὸς
2501 3482 2795 3557 εὐεργεσίαν
2848 3484 2990 3555 ὴμῶν
3049 3481 3104 3535 έκ
3156 3489 3294 3535 Θεοῦ
3359 3482 3710 3535 κατατίθεσθαι
3740 3470 3847 3527 ’ἀλλ’

2327 3572 2531 3644 ἰσχύεις
2567 3575 2734 3624 πάντα
2779 3572 3102 3643 πάνταπασι,
3158 3576 3248 3624 καὶ
3304 3576 3468 3646 νέμεις
3516 3569 3667 3641 πολλῷ
3711 3565 3847 3639 μᾶλλον

2321 3666 2413 3714 καὶ
2437 3660 2618 3736 ῥᾷονῆ
2674 3663 2742 3722 ὡς
2784 3658 2843 3712 ἆν
2885 3662 3030 3734 ἡμεῖς
3088 3659 3459 3733 ἑπευξαίμεθα.
3493 3662 3580 3713 Διὰ
3630 3663 3755 3709 τοῦτο
3788 3656 3848 3703 καὶ

2321 3756 2574 3823 χορηγεῖς
2656 3748 3237 3824 προκαταλαμϐάνουσα
3322 3752 3417 3814 τὰς
3506 3749 3727 3813 αἰτήσεις,
3788 3744 3847 3793 καὶ

2323 3841 2472 3911 ἡμεῖς
2538 3840 2692 3891 οἱονεὶ
2752 3843 2969 3891 κατόπιν
3021 3846 3120 3891 τῶν
3171 3835 3381 3913 δωρεῶν
3422 3842 3599 3911 ἥκομεν
3634 3835 3845 3895 αἰτοῦντες,

2625 3928 2692 3979 ὧν
2745 3929 2807 3979 ἄν
2854 3926 2902 3979 ἐν
2984 3932 3145 4002 χρείᾳ
3194 3930 3493 4001 γενοίμεθα,
3535 3931 3618 3980 καὶ
3662 3926 3743 3997 πρὸ
3779 3926 3846 3972 τῶν

2323 4017 2573 4075 αἰτήσεων
2616 4019 2741 4089 ἡμῖν
2773 4013 2868 4069 διὰ
2899 4025 2994 4069 σού
3031 4021 3373 4090 γιγνομὲνων,
3433 4023 3531 4070 Καὶ
3583 4018 3729 4068 τοίνυν
3765 4011 3846 4082 περὶ

2321 4114 2418 4158 τῶν
2492 4109 2854 4180 συμφερόντων
2929 4108 3066 4158 ἔστιν
3122 4108 3204 4158 ὅτε
3260 4116 3440 4168 κακῶς
3493 4108 3627 4177 ἡμῶν
3665 4098 3846 4175 βουλευθ-

2322 4200 2504 4268 μένων,
2554 4195 2642 4247 οἱτε
2702 4198 2792 4246 καὶ
2871 4202 3045 4255 κακῶς
3105 4193 3466 4267 έπεγνωκότων
3534 4196 3618 4245 καὶ
3660 4204 3844 4265 πραγμα-

2322 4287 2622 4357 τευομένων,
2695 4283 2825 4342 αύτή
2904 4290 3070 4336 ταῦτα
3130 4288 3371 4357 πράττεις
3452 4282 3661 4358 ἁρίστως
3707 4276 3846 4330 οἰκονο·

2323 4380 2515 4445 μοῦσα,
2563 4377 2652 4425 καί
2712 4390 2772 4444 γε
2822 4375 2907 4425 τὸν
2987 4372 3203 4426 πλοῦτον
3278 4382 3372 4435 τῆς
3430 4372 3766 4446 φιλανθρωπίας
3812 4360 3843 4412 θ’

2323 4464 2487 4533 τούτῳ
2556 4461 2705 4514 πλέον
2759 4460 3075 4534 ἀποφαίνεις,
3158 4463 3238 4514 ὅτι
3299 4466 3419 4537 περὶ
3470 4460 3536 4511 ὧν
3600 4460 3729 4530 ἡμεῖς
3770 4446 3843 4504 οὔτ’

2324 4546 2559 4625 οῖδαμεν,
2596 4550 2706 4603 οὔτ’
2766 4546 2918 4603 οὐδὲν
2956 4549 3218 4623 αἰτοῦμεν,
3273 4552 3388 4603 ἔστι
3426 4551 3514 4623 μὲν
3560 4543 3640 4599 οὖν
3678 4546 3747 4596 ὅτε
3784 4542 3843 4589 καὶ

2325 4639 2621 4714 βουλόμεθα
2675 4642 2741 4692 τὰ
2790 4644 2975 4713 χείρω,
3044 4639 3103 4692 ού
3173 4641 3377 4702 τούτοις
3438 4640 3567 4711 ἡμᾶς
3602 4633 3744 4708 βιάζῃ
3784 4628 3842 4678 καὶ

2322 4731 2456 4784 πάνυ
2510 4748 2563 4782 τι
2616 4736 2777 4789 ποιεῖς
2835 4730 3155 4804 κεχρῆσθαι,
3238 4727 3555 4781 λυσιτελέσιν
3624 4719 3747 4776 οὖσιν
3796 4718 3842 4775 ὡς

2323 4817 2521 4881 όληθώς
2576 4819 2899 4891 κεχρῆσθαι,
2977 4819 3196 4879 ἄκοντας
3271 4820 3495 4890 ὡσπερεὶ
3559 4817 3639 4867 τὸν
3704 4811 3839 4882 τρόπω

2322 4915 2501 4962 τοῦτον
2528 4906 2889 4983 εύεργετοῠσα,
2921 4906 2964 4959 εἰ
3000 4910 3089 4960 καὶ
3117 4909 3247 4980 μετὰ
3302 4912 3397 4966 τὴν
3455 4904 3687 4961 αἴσθησιν
3735 4898 3838 4968 ἐμάς

2323 4996 2602 5071 ἀγαπῶμεν
2664 4996 2715 5050 ἐν
2773 5000 2929 5072 πείρᾳ
2989 5004 3081 5049 τοῦ
3139 4996 3299 5050 καλοῦ
3362 5000 3605 5068 γεγὸντες.
3662 4992 3743 5044 Καὶ
3786 5000 3836 5033 νο·

2325 5090 2571 5163 σημάτων
2651 5090 2821 5140 τοίνυν
2886 5084 3249 5155 ἀπαλλάττεις,
3344 5087 3411 5138 τὰ
3485 5086 3573 5157 μὲν
3643 5073 3833 5151 πόῤῥωθα

2322 5176 2630 5253 ἀναιροῦσα,
2670 5178 2741 5239 ὡς
2792 5171 2922 5249 μηδ’
2979 5173 3031 5229 έν
3085 5175 3262 5238 αὐτοῖς
3313 5176 3452 5247 ἡμᾶς
3505 5167 3642 5246 μηδή
3689 5184 3736 5238 γε
3772 5164 3833 5216 τὴν

2323 5261 2497 5337 ἀρχὴν
2545 5263 2756 5333 ἁλῶναι,
2817 5262 3085 5337 μέλλοντας
3135 5259 3243 5322 ἤδη
3306 5264 3601 5335 ἁπροόπτως
3639 5253 3830 5308 ἁλῶναιο

2321 5362 2419 5408 τῶν
2469 5350 2527 5408 δε
2578 5359 2668 5408 καὶ
2743 5358 3107 5428 συμπεσόντων
3161 5355 3221 5407 τὸ
3288 5350 3535 5427 βλαϐερόν
3583 5345 3830 5420 ἐκτρέπειν

2322 3930 2545 3995 πάντων,

637 5580 716 5657 (1)
744 5578 953 5649 Stabat
984 5573 1142 5635 enim
1167 5571 1342 5648 juxta
1379 5584 1617 5634 crucem
1648 5590 1661 5634 :
1695 5575 1815 5635 vid.
1846 5577 2063 5646 Joann,
2085 5590 2206 5648 xix,
2228 5580 2318 5642 25.
