4054 6212
172 306 306 364 1513

1259 299 1353 364 DE
1378 302 1596 365 πετο
1617 295 2066 367 DORIH‘IONIS
2090 306 2150 366 S.
2170 304 2435 376 MARUE,

3384 312 3525 373 15M-

167 429 213 485 εἰ
261 424 325 506 δέ
371 447 493 482 τινα
531 426 727 482 τούτων
771 444 863 481 και
904 428 1234 503 κατίσχυσεν
1328 427 1377 485 ἓν
1456 425 1748 505 δυναστείᾳ

1865 433 2368 510 prmstantinsque
2400 430 2569 492 omni
2593 430 2840 491 scientia
2868 431 3156 509 omnique
3182 438 3311 496 arte
3333 438 3525 497 medi~

168 526 266 575 σοῦ
316 520 468 592 τάχα
536 521 633 577 τὴν
689 520 865 572 πίστιν
904 518 1051 592 ἡμῶν
1106 515 1530 594 δοκιμαζούσης,
1599 539 1690 574 και
1738 521 1765 574 6

164 606 405 671 κίνδυνος
459 611 760 682 καταφανὴς
808 608 921 676 ἧκε,
967 611 1144 673 πάσης
1230 606 1461 672 ἐπινοίας
1540 628 1629 664 και
1689 609 1767 664 ἱα-

162 708 299 777 τρῶν
323 701 520 773 τέχνης
577 697 823 771 κρείττων
882 716 976 751 και
1020 706 1120 751 τῶν
1178 694 1472 753 δοκούντων
1523 702 1765 775 τσχὺρῶς

162 788 215 844 ἐν
266 797 379 853 τοῖς
412 788 670 852 τοιούτοις
727 784 941 862 βοηθεῖν
993 783 1275 855 δύνασθαι,
1337 786 1445 842 ἀλλ’
1501 789 1654 863 ἡμεῖς
1699 790 1766 852 ῶς

162 878 250 934 ixi
298 882 357 934 σδ
401 882 564 953 μόνην
620 875 762 939 ὅλαις
810 874 1035 949 ἐλπίσιν,
1091 875 1228 942 ὅλοις
1272 875 1560 954 ὀφθαλμοῖς
1602 879 1766 933 καθα-

160 978 269 1048 ρῶς
329 965 557 1043 εἴδομεν,
615 964 763 1030 εὐθὺς
804 967 870 1038 (ὦ
924 964 1113 1029 πολλῆς
1200 986 1292 1021 και
1373 967 1605 1041 μεγάλης
1671 986 1764 1022 και

161 1062 331 1115 πάντα
359 1054 655 1132 δυναμένης
695 1055 887 1130 ἰσχύος
939 1054 953 1111 l
1015 1060 1056 1110 ὦ
1120 1057 1313 1131 θερμῆς
1386 1053 1691 1135 ἕπικουρίας
1741 1055 1756 1113 1

160 1150 203 1204 ὢ
256 1152 521 1223 ταχίστης
561 1154 664 1202 τῶν
715 1149 1010 1200 κακούντων
1065 1144 1368 1220 ἀπαλλαγῆς
1396 1145 1462 1221 l)
1547 1145 1762 1221 ἀνιστᾷς

160 1243 255 1315 μὶν
307 1242 449 1315 ἡμᾶς
491 1240 699 1315 νεκροὺς
747 1239 1030 1312 κειμένους,
1108 1255 1221 1308 και,
1274 1236 1410 1298 πλὴν
1494 1235 1759 1292 ἀναπνοῶν

161 1329 363 1404 ὃλίγιιν,
414 1323 665 1403 ἀμυδρῶν
715 1345 866 1381 τινων
915 1345 1008 1380 και
1071 1329 1285 1400 τούτων,
1348 1328 1408 1381 τό
1474 1329 1570 1401 ζῇν
1641 1326 1758 1383 ὅλον

161 1417 565 1489 ὶκλέλοιπόντας,
639 1411 948 1492 φυγαδεύεις
1013 1411 1075 1472 di
1154 1420 1341 1480 νόσους
1414 1413 1753 1486 ἀνηκέστους,

157 1527 251 1563 και
274 1510 415 1569 πάθη
477 1509 705 1583 κραταιὰ
745 1502 999 1576 διαλύεις,
1051 1501 1242 1581 μηδενί
1285 1524 1390 1561 τινε
1443 1515 1545 1561 τῶν
1590 1505 1755 1561 ἄλλων

156 1594 419 1675 μηδαμῶς
481 1599 702 1653 εἶκοντα.
751 1592 905 1650 Ὅθεν
954 1614 1045 1650 και
1108 1594 1158 1650 οἶ
1209 1603 1304 1660 τῆς
1381 1595 1604 1672 ἑσπέρας
1702 1596 1754 1651 ἓν

152 1688 490 1765 κλαυθμῶνος
552 1687 703 1760 ἡμεῖς
753 1692 1061 1749 σκηνοῦντες
1111 1689 1329 1761 πρωῐνοί
1394 1704 1527 1751 τινες
1603 1681 1753 1750 αὖθις

150 1779 366 1852 ἥκομεν,
435 1776 484 1832 ἐν
552 1773 858 1851 ἀγαλλιάσει
910 1782 1198 1851 τρυφῶντες
1257 1774 1360 1849 (1),
1404 1793 1496 1830 και
1587 1771 1753 1831 διπλᾶ

153 1872 434 1945 χαίρομεν,
454 1868 535 1920 ότι
582 1882 637 1921 τε
689 1861 854 1940 μηδέν
909 1866 1016 1919 οἷον
1069 1863 1126 1920 ὶκ
1182 1873 1283 1920 τῶν
1344 1866 1749 1938 συνενεχθέντων

1870 537 2083 581 eorum
2113 528 2171 582 et
2188 523 2474 583 omnibus
2498 522 2570 581 iis
2590 522 2698 599 qui
2722 521 2997 583 videnlur
3020 540 3198 599 posse
3215 524 3281 584 in
3303 527 3524 587 talibus

1869 610 2165 681 auxiliari,
2197 612 2246 671 si
2265 628 2485 688 nempe
2505 612 2567 671 in
2589 615 2645 671 te
2666 611 2862 671 solam
2874 627 3119 672 omnem
3148 630 3521 692 reponamus

1872 715 2062 776 spem,
2096 703 2297 763 statim
2323 702 2385 777 (ο
2418 702 2723 762 immensa
2750 708 2809 763 et
2834 703 3104 763 maxima
3139 709 3200 764 et
3240 707 3525 782 omnipo-

1870 793 2002 848 tens
2033 792 2224 851 virtus
2258 791 2272 850 l
2302 809 2341 851 o
2374 791 2674 852 fervidum
2708 792 3045 853 remedium
3077 793 3093 851 ι
3127 810 3166 852 o
3211 794 3525 857 celerrima

1869 878 2171 939 malorum
2191 882 2500 942 evacuatio
2532 882 2577 957 l)
2607 880 2784 956 erigis
2812 896 2926 941 nos
2953 887 3144 941 morte
3168 883 3435 952 affectos,
3464 889 3526 945 et

1868 967 2115 1040 debiles,
2144 970 2416 1029 ultimum
2443 970 2620 1046 quasi
2637 971 2769 1029 vitas
2788 971 3001 1031 ﬂatum
3021 971 3366 1033 exhalantes
3391 990 3407 1036 :
3432 973 3525 1035 fu-

1868 1074 1978 1132 gas
2006 1063 2210 1119 autem
2240 1060 2489 1120 morbos
2517 1059 2909 1135 insanabiles,
2941 1064 2999 1119 et
3032 1067 3249 1136 potens
3276 1062 3519 1124 dolores

1869 1147 2052 1206 solvis
2079 1148 2363 1208 omnibus
2390 1149 2616 1208 caeteris
2646 1148 2933 1224 impares.
2965 1150 3133 1209 Unde
3157 1157 3217 1210 et
3249 1166 3362 1212 nos
3414 1152 3522 1228 qui

1864 1250 2110 1313 vespere
2128 1238 2191 1296 in
2210 1237 2397 1297 domo
2413 1238 2612 1299 luctus
2625 1237 2928 1314 plorantes
2939 1239 3323 1312 sedebamus,
3336 1257 3520 1301 mane

1864 1325 2079 1399 iterum
2106 1327 2493 1402 procedimus
2536 1327 2600 1387 in
2627 1327 2830 1387 latitia
2859 1327 3249 1402 exsultantes,
3294 1335 3352 1390 et
3399 1331 3520 1391 duo

1861 1415 2003 1491 plici
2040 1415 2266 1490 gaudio
2292 1416 2568 1476 laetamur
2595 1423 2656 1477 et
2672 1417 2817 1494 quia
2840 1433 2917 1477 ne
2946 1434 3139 1478 unum
3164 1419 3416 1495 quidem
3443 1436 3520 1482 ex

1862 1506 2040 1565 malis
2075 1507 2494 1583 ingruentibus
2535 1524 2676 1567 vere
2711 1508 2775 1566 in
2798 1508 2985 1567 ﬁnem
3012 1509 3190 1569 nobis
3218 1510 3522 1571 dominari

1861 1595 2072 1670 potuit,
2104 1600 2163 1655 et
2196 1596 2342 1672 quia
2369 1612 2477 1671 per
2502 1599 2561 1657 te
2590 1596 2849 1657 salutem
2880 1597 3241 1673 accipientes
3267 1599 3518 1661 indubi-

1844 1690 2053 1744 tanter
2070 1685 2372 1744 conﬁdere
2402 1686 2719 1761 posuimus
2737 1686 2906 1759 quod
2924 1687 3155 1746 nullum
3179 1704 3252 1747 ex
3267 1689 3519 1749 exterio-

1858 1774 2028 1833 ribus
2054 1774 2151 1834 vel
2177 1775 2423 1835 minime
2448 1775 2626 1835 nobis
2653 1776 2852 1836 denuo
2879 1792 3097 1838 nocere
3124 1777 3337 1854 possit,
3365 1779 3515 1840 dum

1860 1864 1924 1923 in
1953 1871 2010 1923 te
2036 1865 2281 1940 plenam
2300 1865 2487 1925 ﬁdem
2510 1865 2927 1925 habuerimus.

149 1957 289 2021 εἰκός
307 1958 392 2011 ἐπὶ
417 1955 594 2019 τέλους
619 1956 923 2031 κεκράτηκε,
954 1974 1046 2009 και
1068 1957 1149 2010 ότι
1179 1950 1275 2009 διὰ
1299 1961 1395 2009 σοῦ
1418 1958 1514 2041 την
1530 1958 1810 2031 ,σωτηρίαν
1850 1953 2146 2032 εἰλήφαμεν,
2178 1954 2387 2030 ίχοντες
2416 1955 2548 2041 κξιπὶ
2570 1964 2684 2020 τοῖς
2702 1955 2820 2023 ἑξῆς
2847 1956 2955 2033 οὐχ
2988 1960 3187 2020 ἣκιστα
3213 1958 3418 2038 θαῤῥεῖν
3442 1962 3514 2025 ὡς

146 2043 300 2102 οὐδὲν
329 2048 469 2119 ἡμᾶς
488 2041 604 2099 οὐδ’
633 2040 785 2108 αὖθις
801 2041 1049 2119 οὐδαμῶς
1076 2042 1291 2120 βλάψει,
1323 2049 1409 2100 σοὶ
1436 2040 1531 2099 δια
1553 2047 1743 2110 παντὸς
1764 2051 2212 2123 προσανέχοντας.
2426 2038 2437 2045 ’

222 2140 323 2190 Καί
346 2139 452 2210 μὴν
488 2141 654 2188 ταῦτα
703 2136 794 2208 μὶν
846 2135 996 2188 κοινὰ
1030 2139 1166 2189 πᾶσι
1194 2134 1313 2189 καθ’
1343 2134 1431 2189 ἕνα
1478 2153 1571 2188 και
1613 2137 1750 2189 κατά

148 2227 349 2301 καιρόν,
390 2225 456 2286 ὡς
494 2223 673 2292 εἰπεῖν,
723 2222 1061 2300 ἐνεργούμενα
1115 2243 1130 2259 -
1177 2222 1214 2277 ἆ
1261 2218 1311 2278 δ’
1364 2220 1414 2277 ἂν
1463 2221 1574 2297 ipsi
1630 2218 1748 2278 δια-

149 2320 419 2391 φερόντως,
458 2322 573 2376 πῶς
621 2311 683 2366 ἃν
736 2312 890 2368 εἰπὼν
948 2311 1304 2388 ἀποχρώντως
1374 2312 1437 2367 ἂν
1498 2314 1744 2388 εἰποιμις

142 2403 424 2477 Ἐπιλείψει
450 2399 881 2478 μεδιηγούμενον
945 2405 973 2457 6
1025 2408 1237 2477 χρόνος,
1293 2422 1384 2457 και
1431 2407 1504 2478 μὴ
1565 2404 1648 2458 ὁτι
1686 2421 1748 2477 γε

143 2496 282 2549 κατὰ
310 2498 437 2569 μίαν
483 2492 751 2567 γλῶσσαν,
821 2491 930 2547 ἀλλ’
1005 2489 1125 2547 οὐδ’
1168 2491 1230 2546 ἆν
1317 2498 1527 2568 μυρίαις
1600 2495 1749 2556 ὅσαις

144 2580 572 2659 ἀπομερισαμην,
641 2581 764 2637 ὥστ’
844 2578 1001 2642 ἄλλην
1062 2584 1204 2655 ἔχειν
1275 2579 1408 2635 ἄλλα
1478 2577 1743 2646 διεξιέναι.

146 2672 289 2733 ῐιλὴν
330 2672 414 2727 ὅτι
472 2690 564 2725 και
615 2673 680 2725 τα
733 2674 864 2746 πρὸς
915 2671 1130 2725 ἕκαστον
1180 2669 1295 2745 ἐμοί
1346 2678 1524 2746 σαφῶς
1571 2666 1748 2745 διαφί-

144 2780 246 2839 ρει,
276 2761 439 2829 εστιν,
479 2760 648 2836 οἶμαι,
679 2767 779 2814 τῶν
809 2760 1048 2814 ἁπάντων
1106 2756 1281 2823 οὐδεὶς
1328 2759 1381 2823 ὃς
1437 2758 1523 2815 in!
1577 2762 1745 2833 τούτῳ

145 2848 338 2913 διπλῆν
363 2852 481 2925 ἕχει
523 2854 757 2926 γνώμην.
817 2854 919 2905 Καί
963 2853 1068 2928 γὰρ
1116 2854 1177 2905 τό
1227 2867 1283 2904 τε
1328 2849 1524 2924 σχήμα
1582 2869 1674 2904 και
1720 2850 1747 2903 6

140 2948 235 3003 τῆς
277 2940 453 3017 ἀρχῆς
520 2939 674 3014 λόγος
737 2941 1045 2994 εἰσ-ποιεῖται
1121 2943 1337 3009 πάντας,
1409 2939 1437 2993 ὃ
1500 2939 1549 2994 τ’
1622 2937 1746 3013 ἐμός

110 3021 355 3105 ’τρόπος,
381 3047 471 3083 και
511 3028 654 3104 ὑμεῖς
702 3029 815 3082 ἱστε
866 3030 1076 3090 πάντως
1134 3030 1200 3091 ὡς
1251 3026 1338 3082 ἐπί
1409 3030 1566 3081 παντί
1611 3028 1746 3101 κοίμα

142 3136 346 3192 πτομαι
399 3125 689 3192 συμφοραῖς
742 3121 1075 3194 κεχρημένῳ,
1105 3136 1197 3170 και
1251 3117 1548 3173 τούναντίον
1591 3111 1744 3180 αὖθις

145 3208 597 3281 εἰσποιοῦμαιτήν
612 3208 796 3284 χάριν,
838 3206 882 3261 εἳ
915 3225 996 3270 τις
1038 3206 1093 3260 εὖ
1139 3206 1277 3280 ἔχων
1340 3203 1740 3276 ἀπαλλάττοιτο,

144 3299 287 3360 θείας
326 3298 641 3372 προμηθείας
702 3295 1006 3371 ἠξιωμένος.
1102 3299 1198 3350 Διὰ
1246 3313 1330 3350 τοι
1410 3302 1564 3351 τοῦτο
1650 3313 1743 3347 και

138 3386 294 3442 πλέον
351 3396 451 3440 τῶν
504 3385 669 3440 ἄλλων
737 3385 974 3440 ἁπάντων
1046 3385 1199 3448 αὐτὸς
1279 3383 1743 3459 ἀνθομολογεῖσθαι

138 3484 208 3551 τῇ
246 3481 425 3552 Μητρί
448 3483 541 3531 τοῦ
582 3481 711 3531 Θεοῦ
742 3471 970 3539 δίκαιος,
997 3476 1027 3535 ἣ
1082 3473 1295 3550 μᾶλλον,
1357 3475 1480 3527 ὅσον
1526 3472 1743 3547 εὐχαρι-

141 3571 299 3629 στίας
314 3564 425 3620 ἀνθ’
473 3564 542 3618 ὧν
600 3568 786 3639 ἱφημεν
842 3584 932 3618 και
977 3563 1171 3618 πολλῶν
1229 3563 1410 3637 ἑτέρων
1476 3561 1742 3636 (οὐμενοῦν

139 3656 280 3710 εἶποι
326 3674 403 3718 τις
456 3654 518 3708 ἂν
570 3654 760 3714 ἡλίκων
820 3674 911 3708 και
988 3655 1149 3728 ὅσων)
1223 3661 1370 3713 κοινῆ
1434 3658 1595 3706 πᾶσιν
1676 3651 1743 3714 εἰς

136 3744 431 3819 ἀναγκαίαν
459 3744 664 3818 ὀφειλὴν
706 3746 937 3820 ἔρχεται,
990 3743 1133 3797 τοῦτ’
1180 3744 1356 3817 ἔμοιγε
1401 3745 1472 3815 μή
1529 3744 1588 3795 τό
1638 3746 1742 3794 πᾶν

134 3837 317 3909 μόνον,
343 3831 473 3887 ἀλλὰ
491 3852 583 3888 και
637 3833 809 3906 πολλῷ
861 3832 1089 3896 πλείονος
1134 3832 1186 3885 ἐν
1240 3832 1518 3907 προσθήκῃ
1574 3846 1742 3904 προσ-

133 3924 283 3986 όντος
327 3925 464 3977 κατὰ
504 3926 593 3977 τόν
649 3920 764 3977 ἶσον
854 3925 1071 3997 ἔρχεται
1139 3920 1312 3992 λόγον,
1389 3938 1481 3973 και
1550 3918 1594 3972 εἰ
1664 3922 1738 3992 μὴ

130 4017 267 4089 πρός
294 4012 462 4084 ἀξίαν,
525 4011 634 4066 ἀλλ’
686 4012 775 4065 οὖν
830 4010 1162 4066 ἁποτιννύναι
1215 4028 1284 4063 τα
1330 4005 1549 4081 δυνατὰ,
1600 4008 1741 4060 τοῦτ’

134 4104 298 4165 αὐτός
338 4103 431 4157 οὐκ
476 4102 538 4156 ἂν
576 4101 1033 4176 ἀγνωμονῆσαιμι.
1096 4100 1466 4174 Πλατυνομίνῳ
1524 4116 1616 4171 μοι
1681 4093 1741 4151 δί

133 4195 240 4251 τὴν
285 4188 506 4267 καρδίαν
552 4193 761 4254 εἰκότως
807 4190 1225 4250 πλατυνθὴσεται
1275 4207 1367 4242 και
1434 4190 1493 4241 τὸ
1545 4190 1738 4260 στόμα,

134 4290 252 4347 τοῖς
308 4282 757 4360 εὐχαριστηρίοις,
826 4285 897 4345 ὡς
959 4289 1083 4355 γοῦν
1129 4281 1357 4356 ἐφικτόν,
1423 4279 1739 4353 ἐπιθέμενον,

135 4373 255 4429 ἐπεί
280 4393 370 4427 και
397 4381 551 4428 τοῦτο
586 4376 750 4428 πόσον
779 4371 828 4426 ἕν
870 4374 1082 4435 ὁπόσοις
1119 4368 1263 4448 εὖρον
1316 4368 1417 4443 ἐγὼ
1470 4376 1740 4423 στενοῦσιν

135 4462 395 4541 ἀνιαροῖς,
449 4463 779 4541 εὐρυχωρίαν
844 4458 1086 4522 δηλονότι
1143 4460 1333 4534 ψυχῆς
1380 4478 1473 4513 και
1512 4453 1742 4534 παρδίας

128 4553 308 4609 πλατυ
317 4557 450 4627 σμόν

215 4644 564 4719 Ἐμεγάλυνας
616 4647 708 4718 ph
763 4644 925 4718 ἡμᾶς,
978 4661 1069 4695 και
1143 4639 1212 4703 εἰς
1287 4640 1464 4717 θρόνον
1535 4646 1738 4707 τοῦτον,

129 4755 235 4790 και
262 4731 449 4809 μοῖραν
495 4735 691 4793 ταύτην
719 4738 815 4795 τήν
871 4731 1074 4805 ὀψηλήν
1126 4749 1218 4783 και
1264 4736 1449 4783 πασῶν
1493 4737 1595 4782 τῶν
1642 4728 1742 4782 οἳλ-

127 4825 242 4880 λων
295 4831 613 4898 κρατοῦσαν,
667 4822 723 4887 ἐξ
799 4821 964 4876 αὐτῶν
1035 4820 1346 4895 σπαργάνων
1438 4816 1743 4881 ἓνεϐίϐασας

130 4918 392 4990 φέρουσα,
415 4933 508 4967 και
543 4932 603 4987 γε
641 4909 738 4966 διὰ
780 4920 881 4966 τῶν
928 4910 1281 4985 εὖθυμοτέρων
1338 4904 1419 4962 ἀεί
1477 4909 1566 4962 τόν
1622 4905 1740 4981 βίον

131 5006 352 5071 ἰθύνειν,
405 5011 559 5057 τοῦτο
604 5004 694 5056 σόν
743 5000 796 5067 ἔξ
847 4998 1022 5076 ἆρχης
1071 4994 1335 5074 βούλημα,
1394 5016 1482 5051 και
1532 4997 1742 5070 εἴχομεν

128 5091 201 5148 ἂν
250 5092 388 5147 οὕτω
434 5110 544 5155 τοις
588 5086 779 5156 δεξιοῖς
835 5094 1068 5151 συνόντες
1113 5107 1204 5142 και
1278 5095 1380 5140 τῶν
1457 5084 1742 5163 ἀριστερῶν

208 5326 293 5401 (1)
324 5324 597 5401 Respicit
614 5322 830 5401 Psalm.
886 5337 1049 5401 xxix,
1096 5323 1176 5401 6_:
1207 5321 1278 5374 Τὸ
1316 5313 1562 5401 ἑσπέρας.
1587 5314 1745 5401 αὖλι-

134 5388 398 5471 σθῖἁοίεται
440 5388 724 5471 κλαυθμός,
752 5415 872 5471 Διιαι
950 5388 1039 5455 εἰς⁷
1089 5395 1184 5471 τό⁸
1208 5393 1346 5471 πρῶί
1408 5388 1742 5471 ἀγαλλίασις.

134 5459 241 5529 Est
270 5459 961 5546 igﬁauﬂpaniég'dictum
999 5478 1111 5539 pro
1138 5462 1212 5546 ’ἕν
1246 5459 1428 5546 ’δόμῳ
1452 5459 1747 5546 ’κλαυθμῶ-

128 5562 248 5674 aii.
278 5535 520 5617 Ellipsis'
537 5546 627 5600 est
649 5540 806 5598 bene
851 5535 1067 5610 graeca,
1095 5535 1355 5609 phrasis
1373 5535 1513 5607 ipsa
1556 5535 1750 5591 orien-

248 5630 300 5671 s.

540 5739 785 5798 Panos.
824 5736 928 5797 Gn.
958 5733 1110 5795 CXL.

1932 2134 2048 2194 Sed
2066 2136 2198 2195 haec
2226 2135 2511 2194 omnibus
2540 2136 2941 2195 communiter
2982 2140 3040 2196 et
3093 2137 3344 2212 singulis
3401 2152 3515 2214 pro

1858 2226 2127 2299 tempore
2155 2225 2532 2298 contigerunt
2564 2241 2579 2283 :
2608 2241 2745 2301 quas
2770 2241 2909 2285 vero
2938 2225 3087 2285 mihi
3130 2227 3515 2287 excellentius

1855 2313 2014 2373 facta
2035 2319 2175 2373 sunt
2194 2314 2505 2389 quomodo
2517 2313 2789 2373 euincere
2808 2317 3041 2390 possim
3054 2315 3132 2374 ad
3155 2316 3515 2376 dicendum?

1857 2402 2093 2462 Deﬁciet
2118 2409 2356 2478 tempus
2387 2403 2657 2462 narranti
2688 2423 2702 2475 ;
2728 2419 2853 2462 non
2877 2404 3045 2479 quod
3066 2420 3253 2464 unam
3278 2410 3514 2464 tantum

1854 2489 2115 2550 habeam
2144 2491 2437 2565 linguam,
2470 2492 2577 2551 sed
2614 2497 2670 2552 et
2697 2493 2973 2568 quamvis
3020 2494 3186 2552 illam
3240 2493 3305 2552 in
3351 2493 3514 2552 mille

1853 2595 2097 2654 possem
2126 2581 2414 2651 dividere,
2446 2589 2512 2639 ut
2530 2581 2648 2640 alia
2671 2582 2833 2640 aliud
2873 2581 3297 2656 proclamaret.
3327 2584 3397 2641 Et
3421 2582 3514 2641 inn

1855 2685 2037 2745 super
2060 2671 2110 2727 si
2136 2686 2368 2728 mecum
2398 2675 2633 2729 mature
2658 2672 2981 2744 recogitem
3008 2671 3156 2747 quid
3187 2672 3513 2747 unusquis-

1853 2773 1973 2833 que
1991 2758 2209 2827 valeat,
2234 2759 2434 2818 nullus
2460 2765 2568 2829 est,
2590 2766 2657 2818 ut
2676 2760 2915 2836 opinor,
2940 2762 3044 2836 qui
3063 2762 3126 2819 in
3149 2759 3250 2820 illo
3270 2761 3513 2834 negotio

1854 2847 2158 2922 duplicem
2195 2848 2419 2908 habeat
2481 2850 2816 2909 scientiam.
2872 2851 3102 2909 Etenim
3145 2848 3512 2909 auctoritatis

1852 2935 2048 2995 forma
2071 2938 2343 3012 ratioque
2374 2954 2613 3013 semper
2640 2940 2863 3011 vigent,
2883 2945 2940 2996 et
2968 2940 3099 2997 hinc
3118 2955 3254 2998 mea
3270 2939 3507 3012 regula;

1851 3040 1997 3084 nam
2026 3026 2140 3101 ipsi
2160 3027 2347 3101 probe
2375 3026 2536 3085 scitis
2563 3034 2864 3102 quantum
2884 3033 3044 3085 totus
3063 3027 3290 3086 eﬂlciar
3303 3043 3417 3102 pro
3436 3041 3509 3086 eo

1850 3113 1955 3187 qui
1980 3113 2258 3186 graviora
2278 3115 2519 3189 patitur,
2551 3121 2609 3173 et
2635 3120 2843 3174 contra
2870 3115 2934 3174 in
2958 3115 3290 3188 gratiarum
3320 3118 3507 3175 actio-

1850 3203 1945 3260 nis
1973 3218 2289 3278 erumpam
2320 3219 2458 3262 cum
2486 3199 2702 3278 aliquis
2728 3204 2980 3263 moritur
3005 3205 3206 3263 bonus
3255 3206 3507 3264 misera-

1851 3291 2011 3350 tione
2039 3292 2244 3352 divina
2270 3293 2492 3366 dignus
2542 3293 2883 3352 habendus.
2937 3298 3254 3370 Propterea
3310 3295 3508 3369 magis

1850 3398 2040 3458 quam
2069 3384 2263 3442 caeteri
2291 3399 2505 3443 omnes
2533 3384 2697 3442 Matri
2727 3384 2827 3442 Dei
2853 3400 2950 3443 me
2980 3385 3251 3443 conﬁteri
3273 3386 3508 3458 justum

1851 3477 1963 3544 est,
1993 3472 2325 3547 prtesertim
2356 3489 2496 3531 cum
2522 3473 2743 3545 gratias
2763 3473 2982 3531 referre
3000 3489 3188 3548 quam
3208 3474 3509 3532 maximas

1798 3636 1807 3644 .
1850 3567 2094 3636 propter
2119 3578 2192 3620 ea
2220 3578 2357 3637 qum
2376 3561 2503 3620 dixi
2526 3567 2584 3620 et
2618 3561 2737 3621 alia
2766 3563 3082 3637 permulta,
3135 3563 3296 3638 (quis
3345 3563 3508 3621 enim

1849 3651 2047 3710 dicere
2064 3651 2259 3726 possit
2276 3657 2425 3727 quot
2442 3657 2500 3711 et
2516 3658 2748 3726 quanta
2760 3653 2942 3725 sint?)
2970 3651 3236 3711 ofﬁcium
3258 3653 3511 3711 exsistat

1852 3741 2119 3798 solemne
2148 3746 2207 3798 et
2247 3742 2662 3799 necessarium
2705 3757 3153 3817 communeque
3204 3743 3506 3812 omnibus,

1850 3829 1999 3887 illud
2027 3845 2268 3888 sacrum
2300 3830 2521 3887 munus
2545 3845 2670 3886 non
2691 3829 2876 3887 modo
2896 3834 3088 3888 totum
3107 3830 3255 3888 mihi
3272 3829 3504 3889 incum-

1850 3919 1956 3987 bit,
1988 3919 2097 3977 sed
2118 3924 2176 3977 et
2202 3918 2392 3977 multo
2429 3919 2624 3992 magis
2655 3934 2768 3993 pro
2802 3919 3184 3977 multitudine
3201 3918 3506 3978 bonorum

1850 4008 1926 4065 de
1941 4008 2163 4082 quibus
2191 4022 2391 4066 sermo
2411 4013 2518 4077 est,
2537 4013 2594 4065 et
2613 4007 2663 4064 si
2682 4024 2806 4066 non
2829 4007 3117 4079 attingere
3138 4013 3346 4083 potero
3372 4008 3506 4082 ejus

1850 4096 2150 4169 meritum,
2185 4102 2247 4154 at
2266 4095 2478 4155 saltem
2503 4111 2628 4155 non
2656 4095 2972 4154 inﬁciabor
2988 4112 3100 4171 pro
3120 4112 3300 4170 posse
3325 4096 3510 4154 conﬁ-

1851 4185 1976 4244 teri.
2012 4185 2283 4243 Dilatabo
2307 4201 2451 4259 ergo
2481 4201 2584 4243 cor
2613 4200 2815 4243 meum
2843 4189 2897 4243 et
2931 4184 3111 4243 simul
3158 4185 3508 4245 dilatabitur

1849 4290 1918 4334 os
1940 4290 2145 4334 meum
2162 4274 2416 4334 vocibus
2436 4274 2766 4348 gratiarum
2782 4273 2957 4348 juxta
2970 4273 3033 4331 id
3054 4274 3222 4350 quod
3252 4290 3506 4350 possum

1849 4367 1908 4423 et
1934 4363 2101 4440 quod
2129 4363 2308 4422 statui
2337 4381 2352 4435 ;
2383 4379 2523 4422 cum
2548 4362 2632 4423 ita
2660 4362 2991 4421 invenerim
3022 4362 3085 4422 in
3112 4363 3506 4438 quantiscun-

1849 4468 1969 4528 que
1994 4452 2150 4512 curis
2177 4457 2515 4512 coarctatus
2544 4457 2603 4510 et
2623 4450 3004 4511 latitudinem
3044 4454 3262 4511 mentis
3289 4457 3347 4512 et
3374 4468 3507 4514 cor-

1849 4544 1943 4603 dis
1965 4544 2393 4603 dilatationem.

1922 4632 2312 4707 Magniﬁcain
2340 4632 2503 4690 enim
2530 4647 2667 4703 nos,
2694 4631 2951 4707 eripiens
2982 4647 3056 4691 ex
3102 4631 3233 4690 istis
3283 4632 3505 4707 pannis

1849 4723 2105 4783 miseriae
2130 4729 2189 4782 et
2207 4722 2492 4782 extollens
2531 4738 2723 4799 usque
2753 4722 2834 4780 ad
2878 4723 3164 4780 thronum
3219 4722 3401 4779 istum
3448 4725 3508 4780 et

1852 4822 2074 4873 sortem
2142 4813 2304 4872 hanc
2381 4810 2703 4871 sublimem
2777 4816 2834 4868 et
2920 4811 3146 4868 caeteris
3217 4809 3504 4867 omnibus

1851 4903 2348 4972 excellentiorem,
2380 4919 2418 4960 a
2460 4900 2754 4977 principio
2804 4899 3012 4956 volens
3063 4902 3121 4955 et
3170 4913 3386 4955 curans
3440 4900 3507 4957 ut

1851 4989 2172 5051 fortissime
2194 5006 2431 5067 semper
2450 4992 2638 5048 vitam
2650 4987 3000 5055 rexerimus,
3014 4987 3505 5062 undepossemus

1851 5080 1935 5141 ita
1956 5082 2021 5140 in
2046 5080 2228 5139 bonis
2256 5086 2315 5139 et
2338 5076 2792 5154 perfectioribus
2809 5076 3156 5148 consistere,
3187 5080 3253 5135 ut
3281 5092 3319 5137 a
3336 5077 3505 5138 nullo

1926 5312 2004 5386 (2)
2031 5307 2326 5386 orationis
2365 5304 2527 5386 color
2578 5305 2979 5386 est__biblicus.
3036 5306 3257 5368 Psalm.
3312 5325 3503 5386 cxvlu,

1855 5374 1946 5457 32‘
1985 5374 2007 5436 ’τ
2067 5374 2354 5457 ἔπλατυςνξὶς
2403 5385 2507 5457 τήν
2544 5377 2772 5457 καρδὶαν
2822 5400 2954 5457 μου.
3010 5385 3127 5439 lsa.
3202 5398 3258 5449 v,
3331 5384 3399 5438 14

1857 5456 2129 5587 ίτὶἷιὲξτυνεν
2159 5456 2186 5509 ό
2237 5449 2374 5526 ᾅδης
2457 5456 2552 5512 την
2614 5449 2833 5526 ’ψυχὴν
2892 5453 3072 5510 αὐτοῦ.
3156 5458 3347 5527 Atque
3423 5452 3507 5509 sic

1856 5543 1894 5587 ἃ
1981 5544 2020 5585 ι.

2975 5722 3074 5782 48.

4032 914 4033 973 1

4029 1326 4033 1419 ι

4029 1958 4033 2099 Ν

4030 2166 4033 2279 ω
