4054 6212
622 270 759 328 1515

1974 259 2347 316 NICEPHORI
2372 262 2635 318 CHUMN]

3751 280 3845 340 tat“

621 394 717 451 vel
747 392 993 449 minime
1014 405 1285 460 unquam
1325 387 1787 449 dimoveremur,
1822 384 2158 441 dummodo
2178 399 2270 437 vo-

2394 384 2467 433 >π’
2539 384 2746 448 οὐδενὸς
2818 388 2877 439 ἂν
2926 386 3041 441 οὐδ’
3118 393 3347 444 ὁπωσοῦν
3383 394 3719 471 ἠνωχλήθημεν,
3763 412 3849 477 εἰγί

622 483 833 539 luntati
860 488 975 536 ture
1007 479 1405 549 obsequentes
1437 477 1634 532 cordis
1662 478 1843 531 nostri
1876 474 2168 531 desideria
2190 474 2274 527 fu-

626 587 925 643 geremus.
964 572 1287 638 Postquam
1318 572 1542 633 autem,
1575 582 1610 622 a
1641 571 1801 620 recta
1839 564 2137 619 bonorum
2180 562 2275 616 via

623 661 1022 716 deﬂectentes.
1049 656 1128 712 ad
1157 672 1226 711 ea
1257 672 1395 727 quae
1429 671 1548 710 non
1580 659 1813 728 oportet
1844 654 2273 713 convertimus,

618 751 780 821 juste
809 747 1059 803 immisit
1098 745 1430 801 cruciantes
1461 744 1719 799 dolores.
1783 742 2055 798 Conclusi
2100 741 2278 807 igitur

624 834 1185 910 quasiquibusdam
1214 834 1359 887 seris
1406 834 1667 903 propriis
1730 830 2277 901 desperationibus,

626 925 889 982 adversis
915 922 1230 986 contriti,et
1258 921 1797 983 dolentes,nullam
1827 920 2089 990 undique
2119 933 2276 987 spem

624 1013 1053 1085 redemptionis
1098 1011 1412 1073 habentes,
1471 1014 1523 1065 te
1559 1010 1757 1081 ipsam
1808 1009 2168 1078 suscipimus
2223 1006 2279 1059 in

628 1118 841 1158 omnes
870 1099 1249 1156 diﬁicultates
1280 1103 1675 1169 pugnantem,
1711 1104 1768 1151 et
1798 1096 2122 1152 infortunia
2145 1109 2283 1149 con-

628 1192 1005 1259 fringentem,
1041 1204 1176 1243 cum
1207 1188 1435 1243 habeas
1465 1188 1807 1242 universum
1836 1187 2051 1240 harum
2085 1198 2282 1237 rerum

628 1280 921 1348 regimen,
942 1283 1000 1334 et
1021 1277 1198 1333 nobis
1219 1277 1412 1331 donas
1438 1276 1497 1330 in
1525 1276 1803 1331 secundis
1838 1272 2085 1341 negotiis
2108 1272 2283 1343 proli.

630 1383 782 1431 cere,
815 1372 872 1423 et
899 1366 1113 1423 eadem
1138 1380 1272 1437 quae
1301 1364 1466 1435 prius
1510 1363 1765 1419 adversa
1822 1367 1987 1417 erant
2025 1360 2285 1415 feliciora

636 1456 854 1513 deinde
878 1454 1149 1525 experiri.

706 1549 871 1602 Nunc
896 1549 1096 1599 autem
1127 1558 1198 1597 eo
1226 1542 1462 1596 devenit
1491 1545 1819 1612 conceptus
1841 1555 2032 1594 sermo
2058 1544 2122 1591 ut
2140 1538 2286 1609 opti-

636 1651 733 1690 me
755 1632 993 1702 singula
1012 1631 1415 1703 proferrentur
1433 1630 1765 1685 clarissima
1782 1628 2072 1684 miracula
2100 1628 2288 1682 adim-

2382 491 2473 524 του
2548 485 2642 527 σοῦ
2693 477 2978 548 θελήματος
3036 479 3207 531 ὀπίσω
3290 487 3375 533 καὶ
3425 488 3488 552 μὴ
3541 495 3624 537 τῶν
3688 491 3848 564 καρδιςιν

2386 562 2529 631 ἡμῶν
2586 561 2929 636 ἐπορεύθημεν
2992 567 3072 637 (τ)
3134 589 3148 599 ·
3195 567 3299 620 ἐπεὶ
3352 566 3424 633 δε,
3494 582 3574 633 τῆς
3620 584 3698 626 τῶν
3742 561 3847 633 κύω

2386 649 2584 710 εὐθείας
2661 650 3015 722 ἐκτραπέντες,
3088 658 3214 728 πρὸς
3255 656 3286 707 ἀ
3338 662 3405 728 μὴ
3460 671 3684 732 προσῆκον
3729 666 3850 720 ἑστιά-

2388 758 2571 811 φημεν,
2637 743 2755 799 ἧκεν
2810 743 3018 804 εἰκότως
3069 744 3377 816 ἐνοχλοῦντα
3434 752 3495 801 τὰ
3537 750 3708 824 λυπηρά
3748 777 3757 788 ο
3798 766 3849 809 ut

2388 838 2511 900 γοῦν
2540 833 2691 902 ἡμεῖς
2750 832 2799 884 ἐν
2853 832 3104 905 ἀθυμίαις
3153 837 3252 887 ὑπὸ
3308 845 3401 888 τῶν
3440 835 3571 890 ἰδίων
3616 845 3761 897 ὡσανεὶ
3793 866 3851 898 oa-

2390 928 2490 991 ρῶν
2561 927 2988 993 συσφιγγόμενοι,
3042 929 3132 976 καὶ
3204 932 3314 986 ταῖς
3368 923 3670 999 δυσχερείαις
3720 931 3851 985 ἐπίπο-

2389 1010 2677 1079 γνάζοντες,
2737 1011 2804 1061 ὧν
2853 1020 2944 1072 τῆς
2988 1012 3181 1074 λύσεως
3229 1011 3340 1066 οὐδ’
3398 1018 3444 1067 ἐν
3490 1016 3661 1070 ἐλπίσιν
3702 1018 3853 1093 οὐδαμοί

2391 1103 2719 1169 φαινομένης,
2793 1100 2925 1159 αὐτὴ
3011 1105 3143 1175 πρὸς
3222 1106 3310 1163 τὰς
3391 1101 3645 1168 δυσκολίας
3695 1107 3855 1177 demtis

2392 1192 2502 1254 καὶ,
2544 1184 2843 1260 ὃιωσαμένη
2907 1193 3000 1251 τὰς
3039 1189 3285 1261 ἀνάγκας,
3340 1190 3510 1250 ἐπειδὴ
3562 1199 3636 1245 καὶ
3680 1203 3756 1260 πᾶς
3780 1202 3853 1251 rixa

2395 1295 2479 1326 σοι
2530 1284 2629 1327 τῶν
2694 1282 2939 1330 τοιούτων
3012 1281 3220 1351 θεσμὸς,
3281 1282 3459 1354 ῥᾴοσιν
3499 1284 3621 1353 ἡμᾶς
3667 1294 3789 1347 ποιεῖς
3814 1307 3858 1338 ιε·

2392 1368 2635 1434 χρῆσθαι
2663 1374 2765 1426 τοῖς
2788 1370 3086 1439 πράγμασι,
3138 1373 3228 1420 καί
3292 1389 3349 1440 γε
3381 1368 3623 1440 βελτιόνων
3663 1373 3788 1425 αὐτῶν
3823 1372 3860 1431 δή

2394 1455 2587 1504 τούτων
2616 1453 3002 1527 ἀποπειρᾶσθαι
3027 1464 3125 1508 τῶν
3152 1466 3344 1529 προτοῦ
3372 1454 3643 1530 δυσχερῶν.

2498 1543 2573 1594 Oi}
2601 1549 2702 1615 μὴν
2733 1543 2839 1596 ἀλλ’
2889 1547 2915 1596 ό
2945 1545 3096 1617 λόγος
3141 1546 3381 1600 ἐνταυθοῖ
3409 1556 3644 1619 γενόμενος
3687 1549 3745 1602 ἐπ’
3784 1552 3865 1601 miti

2397 1641 2573 1703 σαφῶς
2616 1633 2709 1691 ἧκε
2752 1636 2818 1685 τὰ
2868 1634 2983 1686 καθ’
3029 1638 3254 1693 εκάστην
3311 1635 3492 1710 ἐναργῆ
3544 1638 3765 1709 τελούμίνα
3792 1642 3867 1691 Θαν-

634 1724 792 1797 pleta
823 1723 883 1778 in
910 1728 1179 1778 nostrum
1209 1720 1499 1775 auxilium
1528 1726 1584 1774 et
1616 1720 1671 1774 in
1704 1718 2181 1790 proﬂigationem
2203 1717 2284 1770 in-

2395 1738 2557 1790 ματα,
2611 1725 2738 1795 πρὸς
2805 1721 3104 1796 ἐπικουρίαν
3159 1728 3250 1795 μεν
3299 1726 3461 1796 ἡμῶν,
3505 1727 3694 1797 θραῦσιν
3735 1723 3778 1778 δι
3812 1737 3868 1777 τοι

638 1811 1103 1869 numerabilium
1125 1810 1612 1880 impugnantium
1630 1809 1893 1881 undique
1907 1808 2285 1864 inimicorum

636 1901 969 1975 (quomodo
982 1915 1086 1955 eos
1104 1914 1486 1954 numerarem
1501 1898 1570 1957 ‘?).
1591 1900 1854 1966 Surgunt
1866 1902 2022 1952 enim
2038 1895 2288 1964 agmini-

636 1991 753 2045 bus
779 1989 1002 2061 pressis
1032 2004 1105 2043 ex
1139 1987 1413 2042 universa
1437 1993 1588 2042 terra
1615 2005 1627 2053 ;
1662 1993 1913 2056 surgunt
1942 1990 2141 2041 autem
2169 1983 2287 2052 alii,

638 2096 712 2136 ex
742 2077 984 2150 propria
1004 2082 1208 2133 nostra
1242 2076 1546 2147 impietate
1568 2077 1944 2131 occasionem
1964 2081 2288 2143 sumentes,

639 2167 741 2224 alii
767 2182 907 2222 vero
936 2182 1050 2221 nos
1080 2166 1443 2237 impugnant
1470 2170 1711 2235 propter
1732 2166 2065 2236 quamdam
2087 2167 2148 2220 in
2188 2180 2290 2220 no-

649 2256 783 2311 stris
814 2254 991 2310 rebus
1023 2254 1332 2309 utilitatem
1360 2255 1516 2325 (quae
1544 2269 1637 2309 res
1659 2259 1859 2309 tamen
1885 2255 2133 2309 omnino
2154 2259 2293 2309 sunt

649 2345 815 2400 dona
844 2344 1092 2412 elargita
1120 2342 1289 2398 nobis
1319 2342 1510 2411 gratia
1540 2344 1662 2409 tua)
1697 2344 1946 2407 ;etenim
1970 2343 2102 2398 illos
2132 2344 2291 2399 triste

643 2439 888 2489 movent
908 2431 1073 2487 bona
1097 2437 1155 2486 et
1176 2430 1421 2486 felicitas
1443 2437 1665 2485 nostra.
1697 2431 1749 2486 Si
1769 2432 1947 2500 igitur
1967 2432 2291 2503 separatim

642 2523 1025 2592 impugnant,
1050 2519 1615 2591 parumturbantes,
1640 2520 2290 2588 etminusinsidiantes,

641 2608 791 2663 forte
825 2624 948 2663 non
979 2608 1087 2662 erit
1114 2607 1422 2675 negotium
1454 2608 1629 2661 nobis
1670 2607 2120 2676 insurgentibus
2145 2609 2291 2663 resi-

644 2702 816 2752 stere.
855 2695 969 2752 Sed
1000 2695 1325 2768 aliquando
1352 2710 1563 2750 omnes
1590 2696 1938 2751 circumfusi
1958 2702 2163 2752 contra
2191 2697 2289 2753 ali-

640 2801 825 2857 quem
845 2785 1097 2855 irruunt,
1127 2788 1181 2839 et
1210 2783 1324 2838 vim
1350 2784 1574 2838 faciunt
1595 2800 1663 2838 ex
1686 2784 1968 2840 omnibus
2000 2786 2289 2856 partibus-

642 2881 699 2929 et
719 2873 918 2943 simul,
945 2889 1084 2928 cum
1109 2872 1274 2927 nulla
1300 2873 1373 2928 sit
1402 2873 1596 2945 potior
1614 2873 1691 2928 ad
1717 2873 1859 2928 istas
1886 2890 2123 2945 pugnas
2148 2891 2293 2947 prte-

641 2964 873 3034 paratio
904 2978 1089 3034 quam
1130 2962 1434 3031 vigilantia
1484 2967 1540 3017 et
1579 2962 1903 3031 meditatio,
1944 2963 2294 3020 subvertant

2396 1806 2638 1861 ἐπιόντων
2679 1814 2876 1877 (πόσων
2930 1811 2990 1862 ἆν
3045 1816 3242 1884 εἴποιμι
3302 1817 3341 1879 ;)
3386 1816 3514 1866 πάνυ
3687 1811 3753 1866 οὖν
3789 1816 3869 1867 πλει-

2398 1916 2554 1964 στων,
2596 1904 2685 1951 καὶ
2712 1903 3042 1971 πανταχόθεν
3098 1900 3389 1973 βαλλόντων
3438 1901 3641 1976 ἐχθρῶν.
3690 1910 3869 1956 [meum

2397 1992 2486 2058 μὲν
2524 1990 2626 2060 γὰρ
2675 1988 2775 2041 ἀπὸ
2832 1991 3011 2051 πάσης
3071 1987 3270 2062 σχεδὸν
3326 1990 3637 2063 ἀνιστάμενοι
3668 2000 3749 2063 γῆς
3788 2002 3872 2043 ’και

2398 2085 2678 2143 κινοῦνται,
2756 2080 2803 2129 οἱ
3020 2084 3114 2137 τὴν
3196 2076 3337 2132 ἰδίαν
3415 2079 3633 2134 ἀσέϐειαν
3702 2088 3871 2152 πρόφασιν

2400 2166 2623 2237 ἐχοντες,
2669 2170 2715 2219 οἱ
2780 2164 2840 2220 δέ
2867 2164 3034 2239 μηδὲν
3064 2169 3231 2241 ἕτερον
3262 2169 3579 2240 ἐγκαλοῦντες
3619 2172 3644 2229 ἡ
3694 2172 3755 2222 ὁτι
3792 2190 3873 2241 Lot-

2400 2258 2500 2307 στά
2549 2275 2663 2307 τινα
2707 2260 2772 2308 τὰ
2824 2259 3050 2329 ἡμέτερα
3106 2260 3382 2332 (χορηγίαι
3442 2268 3599 2310 ταῦτα
3638 2262 3794 2320 πάντως
3824 2264 3873 2310 uti

2400 2340 2548 2417 δῶρα
2600 2354 2703 2395 σῶν
2755 2345 3037 2419 χαρίτων),
3094 2352 3185 2399 καὶ
3242 2346 3454 2405 πλήττει
3522 2350 3765 2408 τούτουςή
3817 2356 3874 2396 τὼν

2399 2431 2603 2504 ἀγαθῶν
2626 2433 2857 2491 εὐθηνία.
2900 2434 2959 2486 Εἰ
3004 2438 3107 2505 μὴν
3172 2431 3261 2486 οὖν
3321 2434 3421 2486 ἀπὸ
3452 2440 3626 2507 μέρους
3672 2438 3767 2506 ἡμῖν

2402 2540 2542 2586 εσαν,
2605 2524 2670 2572 τὰ
2713 2524 2801 2592 μεν
2851 2524 3040 2573 ὡσανεί
3094 2518 3504 2594 διενοχλοῦντες,
3555 2530 3652 2585 τοῖς
3704 2520 3744 2575 δ’
3784 2523 3874 2578 im)

2400 2606 2821 2676 ἐπιϐουλεύοντες,
2876 2609 3001 2680 τάχ’
3053 2608 3112 2660 ἂν
3170 2630 3259 2661 και
3302 2615 3487 2683 μικρὸν
3533 2612 3559 2670 ἦ
3637 2607 3758 2681 ούόεν
3806 2612 3877 2679 {ab

2401 2698 2535 2754 ἦσαν
2557 2691 2775 2771 πρᾶγμα
2803 2701 2934 2771 πρός
2976 2696 3175 2770 ἄμυναν
3243 2698 3542 2751 ἀντεπιοῦσι
3588 2716 3601 2729 ⁵
3650 2707 3721 2749 νῦν
3762 2695 3797 2750 δ’
3834 2700 3878 2747 ότι

2399 2789 2581 2847 πάντες
2628 2786 2795 2858 κύκλῳ
2847 2790 2983 2838 κατὰ
3044 2788 3229 2840 ταύτόν
3280 2788 3621 2864 περιρῥέουσι,
3667 2809 3738 2841 και
3798 2780 3879 2838 πᾶσι

2399 2875 2820 2947 προσπαλαίουσι
2904 2881 3084 2950 μέρεσι
3138 2898 3227 2929 και
3300 2874 3447 2931 δεινὰ
3512 2878 3766 2950 μελετῶσιν,
3814 2876 3881 2945 εἰμι

2403 2962 2460 3017 δὲ
2508 2985 2596 3016 και
2639 2969 2766 3038 πρὸς
2818 2970 2972 3017 ταυτὶ
3054 2971 3562 3039 παρεσκευασμένοις
3623 2962 3747 3019 οὐδέν
3794 2964 3881 3015 ἐστιν

650 3052 981 3123 praesertim
1013 3051 1349 3107 voluntates
1376 3055 1433 3105 et
1470 3051 1857 3121 cogitationes
1880 3059 2284 3125 corrumpunt

2402 3052 2575 3113 αὐτοῖς
2596 3052 2742 3105 πλέον
2795 3061 2883 3114 τῆς
2927 3063 3268 3128 παρασκευῆς
3327 3076 3416 3108 και
3482 3056 3691 3127 μελέτης,
3734 3054 3881 3124 περιτρέ-

648 3142 791 3206 Quis
815 3141 875 3197 in
899 3141 1024 3196 istis
1056 3142 1336 3197 extremis
1366 3156 1477 3212 pro
1508 3140 1682 3196 nobis
1713 3148 1847 3207 aget
1868 3151 1921 3196 et
1941 3144 2145 3197 omnia
2170 3160 2293 3197 ver-

640 3233 722 3285 tet
759 3230 817 3284 in
847 3229 1060 3285 melius
1092 3228 1120 3282 ?
1149 3229 1284 3301 quis
1311 3230 1460 3284 inter
1495 3230 1687 3284 varias
1706 3235 1760 3285 ct
1787 3230 2141 3302 multiplices
2162 3247 2292 3300 gra-

641 3318 1039 3390 vissimasque
1069 3332 1306 3390 pugnas
1336 3333 1489 3388 quas
1526 3319 1891 3374 sustinemus
1932 3335 2039 3391 pro
2088 3326 2294 3376 nostra

642 3422 791 3478 pace
816 3406 1148 3472 decertans,
1182 3406 1383 3460 hostes
1414 3411 1477 3460 ut
1507 3406 1837 3461 aiebamus.
1874 3423 2007 3462 vere
2038 3408 2291 3479 dissipa-

640 3495 727 3552 bit
756 3497 783 3551 ?
806 3495 946 3560 Quis
966 3494 1142 3550 nobis
1174 3496 1352 3549 etiam
1402 3494 1838 3549 dormientibus
1878 3512 1937 3549 se
1994 3498 2293 3552 constituit

641 3590 845 3640 custos
871 3600 1107 3655 semper
1134 3582 1410 3652 vigilans,
1445 3583 1547 3654 qui
1589 3585 2104 3654 perseverantibus
2136 3588 2291 3642 curis

644 3671 1121 3743 supervenientia
1141 3670 1300 3726 mala
1318 3672 1640 3742 praeveniat
1664 3672 1691 3726 ?
1713 3674 1853 3737 Quis
1877 3680 1942 3727 ut
1960 3690 2163 3729 murus
2181 3676 2290 3731 fer-

643 3775 779 3817 reus
808 3760 965 3815 circa
994 3775 1104 3816 nos
1143 3760 1370 3832 positus
1393 3765 1447 3815 et
1480 3776 1655 3814 arcus
1677 3761 1933 3816 intentos
1964 3769 2018 3818 et
2059 3763 2289 3833 gladios

640 3849 938 3905 districtos
960 3864 1097 3903 cum
1124 3848 1340 3903 feriunt
1356 3848 1670 3918 confringit
1698 3847 1791 3904 ?et
1810 3867 2019 3905 omnes
2045 3852 2291 3908 insidias

640 3954 678 3996 a
701 3938 877 3994 nobis
915 3938 1125 3994 avertit
1156 3936 1184 3991 ‘P
1223 3938 1360 4003 Quis
1394 3939 1607 3992 iterum
1657 3939 1921 4007 llagellat
1968 3943 2284 4013 Aigyptum

634 4028 971 4101 percutiens
1002 4027 1451 4100 primogenitos,
1483 4026 1693 4098 plagas
1727 4027 2019 4083 inducens
2040 4035 2289 4087 statutas

637 4132 911 4183 numero,
942 4116 1309 4171 Pharaonem
1337 4114 1752 4183 submergens,
1789 4118 2052 4185 gentium
2088 4136 2286 4191 super-

638 4204 800 4261 biam
828 4205 1137 4275 dejiciens,
1179 4210 1235 4259 et
1263 4210 1342 4260 ita
1374 4203 1565 4259 salvat
1594 4204 1767 4260 lsrael
1795 4205 2045 4262 electum
2079 4214 2290 4265 suum?

640 4292 781 4357 Quis
800 4308 894 4357 (ne
923 4292 1161 4365 longius
1193 4292 1536 4363 protraham
1569 4298 1913 4362 sermonem)
1936 4296 2047 4350 has
2076 4297 2287 4353 multas

2400 3162 2583 3194 πονται
2616 3138 2675 3194 δὲ
2709 3137 2897 3212 μάλλον
2926 3143 3096 3204 αὐτοῖς
3139 3142 3469 3217 βουλεύμασι
3522 3164 3605 3196 και
3648 3150 3740 3204 ταῖς
3779 3160 3883 3212 παρα-

2401 3238 2609 3293 σκευαῖς
2639 3235 2711 3299 (2)
2738 3234 3185 3305 συμφθειρόμενοι,
3218 3238 3304 3295 τίς
3354 3237 3493 3285 ἐστιν
3538 3235 3563 3284 ό
3612 3240 3747 3283 ταῦτα
3802 3225 3882 3299 ὅροι

2398 3340 2487 3371 και
2534 3324 2665 3392 πρὸς
2711 3324 2766 3372 τὸ
2836 3329 3060 3393 κρεῖττόν
3128 3322 3254 3393 ἡμῖν
3323 3324 3735 3394 μετασκευάζωνς
3787 3324 3883 3378 τίςι

2399 3414 2491 3466 τήν
2537 3411 2773 3479 ἡσυχίαν
2831 3418 2975 3480 ὴμῶν
3031 3409 3078 3461 ἐν
3126 3418 3234 3471 τοῖς
3287 3411 3552 3471 πλείστοις
3595 3410 3779 3479 ἀγόντων
3816 3424 3885 3475 πρι-

2398 3498 2651 3570 πολεμῶν,
2702 3518 2791 3549 και
2843 3504 3039 3572 πρόπον
3099 3502 3183 3549 τὸν
3232 3501 3499 3573 εἰρημένον
3573 3503 3680 3559 τοὺς
3744 3492 3887 3567 ἐχθρῶς

2399 3585 2746 3659 ἀμυνόμενοςς
2815 3591 2894 3649 τίς
2947 3589 2972 3638 ό
3028 3607 3118 3639 και
3164 3586 3518 3641 καθεύδουσιν
3560 3591 3671 3659 ἡμῖν
3707 3586 3885 3652 ﬁmi}:-

2396 3696 2478 3738 νος
2520 3676 2682 3748 φύλαξ
2735 3673 2828 3728 διά
2888 3680 3072 3738 παντὸς
3121 3677 3406 3748 ἄγρυπνος,
3441 3698 3527 3728 και
3578 3684 3691 3738 ταῖς,
3732 3674 3888 3746 ἐμμήνοις

2397 3764 2727 3825 ἐπιστασίαις
2808 3769 2897 3825 τὰς
2968 3771 3321 3840 επερχομένας
3407 3765 3603 3839 βλάϐας
3674 3764 3886 3835 mima;

2396 3855 2524 3915 τίςό
2551 3850 2803 3928 σιδηροῦν
2842 3856 3120 3926 περιτιθείς
3176 3863 3376 3926 τεῖχος,
3431 3875 3519 3907 και
3562 3855 3675 3916 τόξα
3712 3866 3887 3920 tsi-aeaut:

2395 3963 2485 3994 και
2555 3944 2813 4016 ῥομφαίαν
2880 3941 3165 4017 ἐρχομένην
3242 3943 3292 3995 ἐν
3354 3944 3495 4014 αὐτῷ
3573 3940 3785 3995 συντίϐων
3828 3942 3888 4003 (3],

2358 4052 2484 4097 ,και
2505 4033 2680 4093 πάσας
2734 4034 2981 4103 μηχανὰς
3034 4033 3448 4104 ἀπωθούμενος;
3505 4037 3581 4094 τίς
3625 4034 3648 4083 ὀ
3699 4027 3815 4080 παλιν
3840 4023 3874 4075 ΔΞ

2395 4140 2587 4191 γυπτον
2648 4120 2938 4193 μαστίζων,
3003 4140 3092 4171 και
3147 4124 3441 4174 πατάσσων
3512 4126 3778 4195 πρωτότοκα
3832 4114 3888 4179 ἐξ).

2394 4230 2483 4261 και
2522 4209 2718 4281 πληγὰς
2766 4208 2967 4279 ἐπάγων
3156 4209 3564 4283 ἀριθμουμένας,
3609 4230 3688 4261 και
3731 4205 3887 4278 βνθέζυν
3952 4278 3953 4289 ‘

2395 4304 2599 4371 Φαραὼ,
2656 4319 2745 4349 και
2796 4300 3059 4370 καθαιρῶν
3105 4297 3258 4350 ἐθνῶν
3318 4299 3560 4375 ἔπαρσιν,
3602 4317 3683 4351 και
3745 4309 3888 4366 περιςν·

636 4396 1011 4452 magnasque
1036 4386 1314 4452 operatur
1341 4380 1585 4436 virtutes
1611 4381 1637 4435 ?
1671 4382 1735 4437 Et
1761 4383 1864 4454 qui
1916 4401 2124 4439 sumus
2174 4402 2284 4443 nos

2394 4387 2494 4448 ζων
2541 4387 2751 4462 Ἰσραὴλ
2797 4387 2984 4462 κλῆρον
3042 4384 3216 4453 ἲδιον;
3270 4394 3354 4451 τίς
3421 4372 3542 4459 Ἶ(ῖνα
3614 4394 3678 4459 μή
3748 4384 3887 4455 μηκύνειν
3952 4372 3953 4379 γ

636 4484 746 4541 pro
776 4468 999 4541 quibus
1021 4473 1108 4524 tot
1128 4473 1359 4523 ettanta
1384 4474 1616 4541 patrata
1637 4476 1773 4526 sunt
1792 4472 2084 4528 miracula
2104 4474 2130 4527 ?
2155 4477 2284 4530 Haec

636 4562 842 4614 autem
872 4562 1075 4613 mente
1098 4555 1407 4613 revolvens
1435 4556 1671 4613 aiebam
1705 4576 1717 4613 :
1752 4582 1771 4608 ‹
1816 4564 2074 4615 Aversus
2131 4579 2195 4618 es
2248 4580 2283 4619 a

631 4644 828 4714 nobis,
855 4662 966 4701 nec
992 4645 1207 4701 iterum
1228 4661 1338 4700 nos
1358 4645 1639 4717 respicies
1662 4646 1722 4702 in
1752 4649 2279 4706 misericordiam.»

630 4736 713 4792 Tu
744 4751 884 4791 vero
906 4734 1103 4791 dixisti
1146 4753 1206 4791 ;‹‹
1251 4733 1421 4789 Absit
1475 4740 1538 4789 ut
1576 4751 1684 4790 vos
1729 4737 2025 4793 dimittam
2069 4739 2162 4794 vel
2217 4747 2281 4797 ut

628 4840 903 4898 unquam
927 4841 1031 4881 vos
1054 4824 1467 4897 derelinquam
1494 4843 1506 4879 :
1536 4839 1731 4897 neque
1753 4825 2020 4881 auferam
2044 4828 2276 4885 miseri-

628 4914 896 4971 cordiam
944 4932 981 4972 a
1024 4914 1196 4971 vobis
1252 4919 1495 4987 propter
1524 4913 1817 4983 Virginem
1856 4917 2095 4971 Matrem
2142 4935 2278 4990 quas

626 4999 869 5059 fervidis
880 5002 1005 5058 suis
1031 5002 1305 5075 precibus
1326 5002 1814 5074 compassionem
1836 5019 2033 5060 meam
2056 5006 2275 5080 implo-

697 5217 779 5292 (1)
822 5219 889 5275 Et
932 5218 1047 5277 hoc
1093 5224 1184 5277 est
1225 5218 1439 5277 biblice
1509 5216 1760 5292 dictum,
1838 5219 2096 5292 Ezechiel
2177 5239 2272 5291 xx,

629 5286 972 5345 16'5'0m'am
1044 5301 1143 5343 τῶν
1220 5291 1555 5363 ἐνθυμμάτων
1624 5286 1852 5363 καρδίας
1929 5291 2096 5343 αὐτῶν
2155 5286 2272 5346 ἐποέ

623 5362 846 5436 ρεύοντο.

716 5438 768 5499 2)
796 5440 855 5486 Α.
876 5442 1217 5500 κατασκευαῐ,

696 5508 775 5575 (3)
809 5506 1021 5563 Psalm.
1056 5522 1246 5575 xxxvi,
1275 5506 1450 5574 19,16

690 5574 772 5645 (4)
831 5576 1015 5634 Exod.
1076 5593 1175 5644 Xll,
1222 5574 1288 5633 29
1338 5596 1351 5644 ;
1406 5579 1596 5649 Κύριος
1643 5574 1861 5637 ἐπάταξε
1915 5583 2015 5627 πᾶν
2070 5584 2268 5651 πρωτό·

2391 4478 2507 4529 καθ’
2540 4478 2755 4530 ἑκαστον
2784 4476 3007 4548 λέγων)ό
3036 4479 3128 4539 τὰς
3186 4476 3380 4539 πολλὰς
3436 4481 3619 4539 ταύτας
3675 4494 3750 4526 και
3790 4486 3885 4543 μέγα·

2390 4565 2480 4627 λας
2538 4566 2751 4638 ἐνεργῶν
2801 4562 3093 4636 δυνάμειςς
3142 4585 3231 4617 και
3310 4572 3447 4629 τίνες
3533 4569 3691 4638 ἡμεῖς,
3750 4564 3806 4613 ὁτι
3853 4556 3885 4602 τά

2389 4663 2621 4707 τοσαῦτα
2667 4675 2756 4706 και
2812 4664 3027 4707 τοιαῦτα
3077 4651 3128 4706 δ’
3182 4656 3316 4727 ἡμᾶς
3363 4657 3645 4728 θαύματας
3701 4651 3805 4720 Ἐγὼ
3836 4661 3883 4715 μῦ

3049 4741 3247 4815 βλέψας
3324 4765 3337 4777 -
3411 4768 3433 4793 ι
3521 4739 3803 4813 summa;
3855 4728 3884 4787 ἐξ

2388 4835 2531 4905 ἡμῶν
2578 4832 2677 4906 (6),
2732 4853 2821 4885 και
2863 4832 2957 4884 οῦκ
3005 4835 3080 4884 ἔτι
3130 4833 3190 4885 οῦ
3237 4838 3308 4904 μὴ
3362 4835 3597 4907 προσθῇς
3655 4830 3719 4890 εἰς
3759 4825 3879 4887 ait“?

2385 4903 2514 4995 μους
2551 4903 2743 4995 βλέψαι
2770 4922 2847 4994 (7)
2888 4944 2901 4955 ο
2937 4944 2963 4971 ››
3011 4912 3076 4974 Σύ
3109 4918 3160 4974 δ’
3183 4903 3324 4982 εἶπας
3359 4943 3374 4955 ο
3403 4903 3447 4972 -α
3474 4903 3638 4993 Ούτμὴ
3671 4918 3771 4983 ἀνῶ,
3818 4903 3881 4961 554'

2390 4742 2528 4796 εἷπον
2596 4743 2666 4806 εἰς
2742 4743 2959 4817 ἐμαυτόν

2380 5223 2598 5276 τοκονέν
2627 5223 2981 5296 γῇλΑὶγύπτῳ.
3031 5292 3040 5296 Δ
3393 5293 3403 5296 _
3626 5291 3636 5296 _
3764 5285 3772 5295 .
3819 5280 3845 5293 ,ν

2450 5298 2526 5363 (5)
2556 5291 2714 5350 add
2746 5291 2824 5355 xi’
2878 5300 2896 5349 ί
2933 5291 2975 5349 -²
3022 5292 3138 5367 Ἔτι
3175 5299 3313 5367 μίαν,
3350 5293 3560 5365 πληγὴν
3616 5291 3703 5362 ἐγὼ
3756 5291 3876 5367 imi-is.

2392 5436 2403 5445 ς
2454 5370 2525 5453 $6.)
2560 5368 2841 5433 Isa.Lx1v,
2882 5372 2913 5419 7
2969 5383 2981 5419 :
3037 5363 3393 5441 Ἀπέστρεψαν
3441 5363 3499 5418 τό
3554 5363 3789 5437 πρόσωπόν
3824 5366 3877 5400 σεῖ’

2381 5456 2792 5577 αφ(7η)μιζ›1ζταεὶδ
2813 5507 3033 5565 biblica
3061 5511 3320 5565 Lament.
3348 5524 3427 5575 iv,
3447 5508 3546 5565 t6:
3573 5506 3644 5558 οὐ
3672 5498 3877 5575 specii“!

2380 5578 2589 5648 ἐπιϐλέψ
2597 5599 2650 5630 αι
2681 5578 2870 5639 αὐτοῖς.
