4054 6212
202 255 336 310 1521
1249 262 1340 320 DE
1373 259 1594 322 FESTO
1644 259 1803 320 DORl

1961 258 2096 318 )NlS
2133 260 2194 321 S.
2229 261 2492 321 ΜΑΒΙᾹΞ.
3434 267 3562 325 1522

275 377 430 433 Ἀλλα
479 381 584 452 μὴν
642 383 789 454 ἡμῶν
844 388 1004 448 οὕτως
1092 383 1445 460 ἑπεγνωκότων
1515 392 1610 447 τήν
1677 386 1794 462 ἱορ-
1824 393 1869 445 Α

1976 385 2159 443 Nobis
2181 391 2384 445 autem
2405 388 2487 447 ita
2515 389 2590 446 de
2637 387 2931 446 reverenti
2978 387 3376 448 celebratione
3431 391 3563 448 festi

195 472 296 526 τὴν
333 476 585 541 τιμῆσαι,
617 471 646 530 ἣ
685 470 876 544 μᾶλλον
904 476 993 526 τόν
1031 493 1219 547 τροπον
1265 485 1447 531 τοῦτον
1502 475 1550 530 ἓν
1599 477 1796 531 πλείοσι

1961 475 2158 546 doctis,
2211 479 2306 536 vel
2333 480 2530 552 potius
2554 480 2630 536 (le
2661 480 2845 536 modo
2871 495 2994 554 quo
3033 481 3235 553 plures
3274 483 3383 540 has
3436 483 3562 540 dies

195 565 302 610 τῶν
358 559 562 632 ἡμερῶν
626 561 766 633 ἡμᾶς
843 564 1189 637 καθαγιάσαι,
1271 569 1412 620 ἔστιν
1487 568 1631 627 ὅστις
1709 565 1796 619 ούκ

1964 567 2704 638 tnctiﬁcandashabemus,
2728 570 2773 625 si
2797 570 2931 642 quis
2955 571 3112 626 male
3126 570 3320 626 ferens
3338 571 3452 628 hoc
3465 572 3565 628 de-

199 645 501 708 ἀσπάζεται
550 650 608 700 τό
667 644 1002 724 δεδογμένον,
1062 649 1186 707 ούδε
1240 673 1300 726 γε
1346 657 1627 730 κράτιστον
1675 651 1800 707 εἶναι

1959 659 2138 712 retum
2168 655 2435 730 illudque
2472 658 2720 714 maximi
2749 658 3038 714 momenti
3055 658 3336 728 judicans
3363 661 3560 717 statim

201 734 470 810 βούλεται,
517 740 607 790 καὶ
645 741 770 811 πρὸς
813 743 905 798 τὴν
955 739 1115 800 ἀκοὴν
1170 742 1321 806 εὐθὺς
1380 741 1656 796 ἀνίσταται
1708 747 1802 801 τὴν

1955 758 2251 817 amet-eque
2279 745 2359 801 ad
2410 745 2752 802 obedientia
2788 746 3046 802 retrahat
3066 747 3334 804 animam
3364 765 3556 815 suam,

197 825 409 898 ψυχὴν,
448 827 712 900 πρόθυμος
761 828 832 880 ὢν
877 833 1083 906 τρὲχειν
1137 837 1227 885 καὶ
1281 831 1536 886 συντελεῖν
1579 838 1680 885 πᾶν
1735 838 1798 904 τῇ

1959 831 2154 906 aloque
2202 834 2489 908 praecipiti
2539 835 2872 892 concitatus
2923 836 3108 892 tinem
3167 837 3560 894 solemnitatis

198 917 508 990 πανηγύρει,
556 919 615 968 τό
660 935 722 989 γε
791 917 933 990 αύτῷ
1005 928 1309 993 προσῆκον;
1357 921 1489 993 Ἐγώ
1549 920 1640 994 μὲν
1709 920 1799 973 οὐκ

1956 921 2134 978 mbiat
2165 927 2224 980 et
2240 922 2479 980 festinet
2499 924 2557 980 in
2572 923 2952 992 celebrando,
2966 923 3112 980 illud
3129 926 3424 998 numquid
3443 927 3557 999 ipsi

197 1021 366 1076 οιμαιο
395 1003 522 1058 ἀλλά
545 1025 626 1059 τοι
687 1011 777 1060 καὶ
822 1008 1118 1062 τούναντίον
1164 1010 1292 1085 ὑπερ
1348 1009 1543 1063 πολλῶν
1609 1007 1798 1069 δηλον-

1954 1013 2201 1070 rofectui
2229 1014 2390 1072 erit?
2421 1017 2544 1086 Ego
2575 1030 2698 1070 non
2724 1015 2975 1088 opinor:
3003 1015 3106 1071 sed
3139 1032 3170 1072 e
3204 1023 3412 1073 contra
3437 1032 3555 1072 cer-

198 1097 280 1146 ότι
345 1101 445 1145 τῶν
500 1093 810 1168 ὀφλημάτων
860 1101 1052 1173 μικρὰν
1103 1100 1133 1158 ἢ
1193 1096 1444 1172 οὐδεμίαν
1497 1095 1626 1154 εἶναι
1703 1102 1798 1158 τήν

1954 1118 2038 1158 ιω
2063 1107 2156 1159 eet
2177 1118 2396 1175 parum
2415 1103 2504 1159 vel
2531 1103 2674 1159 nihil
2703 1103 3029 1160 multorum
3059 1104 3400 1161 debitorum
3423 1122 3555 1161 suo-

195 1184 392 1235 ἕκτισιν
447 1185 474 1236 ὅ
524 1203 585 1254 γε
639 1185 899 1259 φιλέορτος
949 1185 1052 1258 ἕρεῖ
1098 1193 1188 1242 καὶ
1251 1193 1370 1264 περὶ
1397 1196 1488 1242 τοῦ
1544 1191 1796 1262 παρόντος

1957 1207 2042 1246 1m
2069 1191 2270 1264 ipsum
2301 1208 2430 1248 esse
2468 1193 2827 1259 soluturum,
2855 1193 3020 1266 quod
3051 1193 3226 1249 faciet
3253 1193 3402 1250 fecta
3428 1195 3558 1250 dili-

197 1267 252 1325 εὖ
299 1270 623 1345 ἐσκεμμένοςο
675 1274 788 1347 ἅμα
835 1271 896 1328 δε
947 1295 1036 1329 και
1095 1274 1220 1331 οὐδὲ
1272 1281 1556 1352 προσάγειν
1607 1277 1795 1351 μάλλον

1954 1295 2056 1336 ens
2080 1283 2135 1336 et
2161 1279 2453 1354 imprimis
2474 1297 2545 1338 ac
2571 1287 2926 1354 praesentem
2945 1281 3382 1339 solemnitatem
3403 1283 3555 1340 bene

195 1362 334 1434 ἡμᾶς
371 1362 498 1414 εἶναι
531 1367 682 1436 φήσει
723 1359 876 1418 τόνδε
922 1368 1007 1418 τὸν
1054 1370 1244 1442 τρόπον
1303 1371 1332 1426 ἦ
1401 1365 1634 1440 μεγάλων
1692 1363 1794 1425 δὴ·

1954 1368 2234 1441 ispositus
2261 1369 2472 1426 :simul
2495 1375 2699 1427 autem
2754 1369 2955 1427 testari
2997 1372 3212 1443 poterit
3247 1370 3342 1427 ille
3388 1371 3555 1445 quod

193 1469 344 1504 τινων
412 1449 743 1525 ἀξιουμένους
828 1461 979 1508 εῖναι.
1041 1461 1203 1509 ποίων
1275 1453 1344 1515 δὴ
1420 1457 1793 1528 τούτων;ὁμι-

1952 1472 2016 1514 os
2051 1458 2154 1530 qui
2189 1459 2546 1516 accedemus
2579 1460 2751 1531 juxta
2772 1460 2950 1516 ritum
2989 1460 3218 1516 huncce
3245 1465 3553 1526 statutum,

192 1539 304 1602 λίας
340 1549 494 1613 Θεοῦ,
548 1547 818 1606 κοινωνίας
865 1542 1096 1616 ἀγγέλων
1149 1550 1244 1599 σύν
1297 1547 1422 1620 ἡμῖν
1479 1547 1790 1619 ὑμνούντων,

1954 1545 2197 1616 tajorum
2218 1547 2618 1619 quorumdam
2649 1547 2942 1604 bonorum
2955 1548 3171 1603 erimus
3195 1548 3378 1619 digni.
3401 1549 3555 1614 Quo-

193 1628 492 1683 ἀποστόλων
563 1637 853 1706 συρφωνίας
954 1634 1068 1707 μεθ’
1173 1637 1320 1705 ἡμῶν
1421 1635 1790 1707 ἑορταζόντων,

1954 1634 2218 1691 Jmnam?
2239 1636 2717 1692 Conversationis
2743 1635 2862 1703 Dei,
2882 1635 3175 1692 societatis
3201 1636 3555 1705 angelorum

194 1721 396 1773 πάντων
451 1728 550 1773 τῶν
601 1720 908 1790 καλλίστων,
969 1727 1071 1776 ὅσα
1112 1720 1180 1784 δὴ
1235 1731 1348 1786 τοῖς
1399 1727 1654 1786 τοιούτοις
1720 1724 1792 1787 εἰς

1954 1721 2225 1780 obiscum
2254 1725 2619 1791 canentium,
2652 1730 2977 1781 concentus
3003 1724 3414 1796 apostolorum
3445 1724 3555 1780 hu-

197 1807 386 1862 ταύτόν
408 1809 550 1869 ἣκειν
577 1810 605 1861 ό
631 1816 974 1883 πνευματικός
994 1809 1082 1866 οἶδ
1086 1832 1107 1866 ε
1142 1811 1312 1885 λόγος.

1953 1827 2002 1866 IS
2033 1815 2251 1868 nostra:
2305 1811 2634 1869 festivitatis
2685 1818 2918 1886 partem
2973 1812 3554 1877 ambientium;uno

199 1897 382 1955 verbo
415 1898 780 1972 optimorum
816 1915 1199 1975 quorumque
1229 1901 1661 1959 charismatum
1697 1917 1833 1974 quae
1857 1898 1920 1957 in
1944 1899 2162 1957 talibus
2181 1901 2528 1972 contingere
2548 1905 2716 1960 novit
2748 1917 2921 1959 mens
2977 1901 3378 1976 spiritualium
3421 1906 3550 1958 stu-

193 1986 386 2046 diosa.

262 2100 362 2149 Καὶ
393 2096 476 2148 ἵνα
501 2099 655 2169 τίμὴ
692 2099 1029 2170 μακρότερον,
1065 2097 1187 2160 ἰσως
1229 2097 1289 2150 ἂν
1348 2099 1483 2151 εἴποι
1529 2117 1630 2163 τις,
1704 2099 1792 2148 καὶ

1971 2097 2085 2154 Sed
2114 2097 2264 2154 forte
2293 2099 2428 2172 quis
2454 2099 2654 2156 adhuc
2679 2104 2912 2172 quaerat
2937 2114 3124 2172 quare
3152 2113 3274 2155 non
3305 2099 3549 2166 diutius,

197 2181 286 2237 διὰ
314 2188 524 2252 παντός,
559 2187 697 2261 εἰπερ
729 2184 932 2258 ἐφικτόν
997 2188 1081 2257 ἦν,
1139 2194 1230 2239 τοῦ
1284 2185 1406 2260 βίου
1459 2195 1557 2238 τῶν
1621 2185 1789 2238 καλῶν

1950 2201 2019 2242 on
2036 2202 2296 2259 semper,
2317 2187 2478 2244 hisce
2498 2188 2630 2245 vitae
2649 2188 2824 2244 bonis
2847 2187 3262 2259 gaudebimus,
3289 2195 3551 2243 coarcta-

193 2269 353 2327 τῶνδε
385 2273 680 2347 μεθέξομεν,
743 2281 1206 2348 στενοχωρήσομεν
1254 2271 1305 2328 δ’
1362 2274 1410 2328 ἑν
1459 2276 1592 2328 οὕτω
1653 2276 1788 2351 βρα-

1944 2274 2097 2331 imus
2148 2280 2356 2333 autem
2418 2276 2660 2333 brevius
2689 2277 3292 2349 festivitatistempus,
3368 2277 3545 2350 quasi

188 2370 279 2435 χεῖ
302 2368 479 2436 χρόνῳ
517 2365 604 2415 τόν
628 2371 725 2426 τῆς
750 2363 930 2437 ἑορτῆς
977 2369 1193 2438 χρόνον,
1251 2365 1547 2436 φθονοῦντες
1608 2365 1785 2439 ὣσπερ

1946 2365 2302 2438 osmetipsos
2330 2365 2679 2422 fraudantes
2703 2365 3004 2422 uberrima
3027 2365 3352 2438 voluptate.
3389 2371 3470 2420 Ita
3493 2369 3547 2421 et

190 2451 381 2513 ἑαυτοῖς
453 2461 546 2514 τῆς
625 2452 855 2516 πλείονος
934 2451 1480 2523 ἁπολανσεωςςΤούτ⁹
1573 2451 1788 2526 οἴδαμεν

1948 2468 2007 2508 os
2032 2454 2528 2520 sentiebamus,et
2547 2469 2706 2526 saepe
2729 2454 3149 2511 solemnitatem
3167 2455 3223 2510 in
3250 2454 3549 2523 longiores

191 2546 278 2594 καὶ
302 2544 472 2616 ἡμεῖς,
515 2546 603 2594 καὶ
640 2561 700 2613 γε
750 2545 844 2600 τὴν
897 2545 1187 2617 πανῇγυριν
1248 2541 1293 2604 ἔς
1344 2547 1602 2616 μήκιστον
1655 2545 1786 2596 ἆποο

1946 2542 2240 2599 rotrahere
2253 2558 2455 2599 moras
2481 2543 2878 2613 cogitavimus
2903 2561 2916 2611 ;
2942 2543 3321 2616 pepercimus
3348 2548 3547 2598 autem

192 2637 348 2684 τεῖναι
399 2630 562 2694 πολύς
604 2632 728 2703 ἡμῖν
784 2634 978 2703 εγενετο
1060 2630 1332 2706 λογισμός,
1417 2634 1786 2706 καθυφὴκαμεν

1948 2650 1956 2686 ι
1987 2631 2242 2701 gratiam
2269 2630 2619 2700 multorum,
2653 2637 2716 2688 ut
2755 2631 2975 2687 scilicet
2994 2647 3205 2688 omnes
3227 2631 3407 2704 quasi
3431 2645 3549 2687 uno

195 2717 244 2774 δ’
271 2721 418 2782 αὖθις
446 2727 546 2772 τῶν
569 2719 766 2772 πολλῶν
803 2721 988 2796 χάριν,
1029 2722 1096 2784 ὡς
1151 2721 1211 2772 ἂν
1271 2718 1338 2780 δὴ
1399 2723 1601 2786 πάντες,
1663 2724 1788 2784 ἴσης

1946 2721 2232 2795 )demque
2258 2720 2363 2778 zeli
2401 2721 2628 2777 fervore
2677 2720 3127 2777 inflammantur
3181 2728 3240 2777 et
3283 2720 3547 2792 idipsum

193 2812 377 2862 ὡσανεὶ
433 2816 529 2872 τῆς
573 2810 870 2884 προθυμίας
945 2809 1238 2883 ἐξημμένοι,
1323 2813 1413 2863 καὶ
1495 2810 1788 2863 εἰσοίσουσι

1944 2810 2154 2868 antiant
2179 2816 2234 2867 et
2262 2811 2345 2866 sic
2377 2810 2608 2867 facilius
2631 2812 2892 2880 unalege
2915 2812 3267 2881 dirigantur.
3300 2811 3356 2867 Si
3387 2810 3545 2866 enim

191 2899 300 2952 κατ’
345 2902 480 2965 ἴσον,
533 2906 624 2952 τοῦ
680 2900 879 2974 ῥᾴστου
936 2904 1073 2952 πᾶσι
1151 2901 1632 2972 νενομοθετημένον.
1728 2899 1788 2952 Εἰ

1946 2903 2193 2971 porteret
2222 2898 2533 2956 thesauros
2563 2899 2875 2954 exhaurire
2905 2905 3009 2955 aut
3066 2899 3267 2954 subire
3307 2897 3547 2953 labores

195 2990 282 3061 μὶν
337 2991 437 3061 γαρ
476 2989 767 3060 χρημάτων
817 2990 1114 3061 θησαυρούς
1163 2996 1337 3041 κενοῦν
1400 2985 1508 3042 ἔδει
1586 2991 1617 3047 ἧ
1695 2993 1787 3041 πό·

1946 2988 2114 3043 uibus
2137 3003 2374 3058 magnas
2393 2987 2547 3043 vires
2568 2987 2926 3044 adhibendae
2958 2988 3149 3043 forent
3190 2987 3268 3042 ab
3317 3002 3386 3041 eo
3444 2986 3547 3058 qui

196 3096 307 3137 νους
334 3076 643 3152 ἀνῃρῆσθαι,
677 3076 906 3150 μεγάλης
936 3073 1002 3136 δή
1036 3096 1172 3139 τινος
1247 3077 1442 3149 ἰσχύος
1493 3077 1637 3152 ἔργα,
1694 3085 1784 3138 τῆς

1946 3077 1972 3132 1
2010 3077 2126 3132 hoc
2149 3077 2348 3148 impar
2366 3075 2692 3132 exsisteret.
2710 3092 2772 3131 se
2795 3091 2914 3130 non
2937 3075 3386 3147 possejusteillc
3404 3089 3547 3146 que-

196 3164 409 3228 ἐνούσης
467 3173 659 3239 μικρᾶς
706 3169 890 3234 οὔσης,
940 3163 1204 3230 ἑξέκλινειν
1256 3164 1317 3217 ἆν
1376 3185 1456 3230 τις
1500 3168 1649 3230 ἴσως,
1724 3167 1784 3218 τὸ

1944 3170 2137 3220 aretur.
2165 3147 2317 3220 Nihil
2345 3169 2544 3221 autem
2584 3163 2800 3219 horum
2841 3162 3234 3231 accidit;sed,
3286 3167 3350 3218 ut
3399 3161 3545 3217 dixi~

187 3259 259 3329 μὴ
313 3251 637 3317 δεδυνῆσθαι
701 3260 960 3330 πρόφασιν
1009 3255 1164 3327 ἑχωνο
1224 3262 1311 3306 νῦν
1367 3251 1416 3308 δ’
1465 3251 1615 3307 οὐδὲν
1683 3262 1785 3307 τῶν

1942 3269 2051 3322 ius,
2069 3253 2522 3320 benedictionis,
2541 3257 2882 3326 sanetusque
2895 3251 3108 3309 lZBtlllll‘.
3125 3257 3180 3308 et
3196 3241 3543 3320 refulgentia

184 3347 447 3398 τοιούτων·
515 3343 623 3398 ἀλλ’
675 3348 796 3418 ὅπερ
853 3346 1054 3418 ἔφημεν,
1107 3342 1374 3417 ἁγιασμοῦ
1429 3348 1520 3396 καὶ
1583 3350 1784 3417 τρυφῆς

1942 3341 2285 3400 )lemnitalis
2350 3359 2472 3399 uno
2510 3341 2883 3416 proponitur,
2947 3357 3083 3415 quae
3133 3341 3182 3398 si
3230 3341 3543 3411 negligan-

183 3440 435 3508 μετουσία
489 3439 579 3488 καὶ
633 3431 860 3508 φαιδρᾶς
933 3436 1291 3506 πανηγύρεως,
1347 3429 1408 3495 ἧς
1464 3431 1780 3505 ἀπολειφθῆ-

1942 3446 2006 3502 ll‘,
2031 3430 2269 3501 signum
2287 3436 2373 3487 est
2393 3446 2514 3488 nou
2537 3431 2720 3488 modo
2747 3429 3034 3501 segnitiae,
3063 3429 3169 3486 sed
3211 3431 3389 3486 etiam
3410 3443 3543 3484 sen-

182 3544 266 3577 ναι
293 3529 365 3598 μὴ
391 3524 470 3578 ότι
497 3543 556 3596 γε
583 3525 866 3600 ῥᾳθυμίας,
931 3521 1039 3575 ἀλλ’
1090 3519 1208 3576 οὐδ’
1253 3522 1547 3584 αἰσθήσεως
1605 3523 1782 3594 ύγιοῡς

1946 3537 1996 3575 is
2019 3520 2219 3576 minus
2233 3521 2393 3586 recti,
2422 3525 2478 3576 et
2498 3519 2849 3591 ignorantiae
2863 3535 3072 3576 eorum
3085 3518 3307 3592 quibus
3322 3518 3398 3574 ad
3415 3534 3547 3592 per-

183 3609 296 3667 ούδ⁸
327 3610 392 3666 αὖ
425 3610 622 3675 εἰδότος
642 3614 692 3667 ἐν
724 3615 801 3677 οἷς
854 3612 995 3666 ἑστιν
1044 3611 1242 3674 ἁπονως
1299 3614 1431 3684 μετὰ
1475 3620 1565 3666 τοῦ
1621 3611 1782 3664 καλοῦ

1948 3611 2204 3666 ctionem
2243 3609 2471 3683 absque
2502 3609 2706 3666 labore
2745 3609 3107 3684 pervenitur.
3157 3609 3328 3676 Quod
3370 3609 3441 3679 si,
3485 3615 3548 3667 ut

176 3705 470 3777 γίγνεσθαι.
503 3709 686 3758 Καίτοι
710 3723 768 3776 γε
797 3708 908 3771 καὶ,
956 3707 1123 3756 πόνων
1187 3705 1325 3776 εἰπερ
1385 3699 1492 3756 ἔδει
1544 3706 1633 3755 καὶ
1693 3721 1777 3754 συ·

1938 3703 2046 3756 erte
2074 3704 2343 3772 apparet,
2379 3699 2653 3755 laborum
2684 3697 3066 3771 suscipienda
3095 3703 3183 3754 est
3201 3697 3539 3768 multitudo,

184 3801 323 3865 χνῶν
361 3794 631 3865 καμάτῶν,
658 3794 784 3869 ὑπερ
814 3797 952 3855 τίνος
1017 3790 1077 3844 ἆν
1127 3791 1317 3865 μᾶλλον
1371 3787 1695 3866 δικαιότερον
1747 3792 1776 3852 ἦ

1940 3788 1968 3844 :l
1987 3787 2134 3861 quid
2155 3788 2371 3861 potiori
2390 3788 2525 3860 jure
2551 3791 2605 3844 et
2626 3788 3026 3861 quaestuosius
3053 3787 3191 3860 quis
3212 3785 3541 3856 insudabit,

183 3887 272 3935 καὶ
321 3881 734 3958 λυσιτελέστερόν
781 3901 858 3944 τις
917 3877 1216 3957 ἐνίδρωσεν,
1277 3884 1307 3940 ἧ
1366 3878 1414 3933 ἐν
1498 3876 1634 3950 τῷδε
1689 3884 1781 3933 καὶ

1939 3895 2079 3934 uam
2120 3879 2198 3935 ad
2227 3879 2341 3936 hoc
2370 3879 2430 3936 in
2459 3894 2581 3952 quo
2599 3894 2833 3934 summe
2890 3877 3157 3951 proficiet
3209 3877 3540 3934 secundum

185 3974 310 4046 ὑπὲρ
375 3972 402 4024 ὃ
458 3977 650 4045 πέφυκε
727 3973 1009 4047 προθύμως
1088 3969 1615 4044 ὶπεκτεινόμενος;Εἰ
1678 3973 1780 4042 γὰρ

1942 3967 2058 4024 uod
2085 3967 2250 4023 nisus
2280 3968 2456 4024 fuerit
2485 3967 2610 4023 zelo
2657 3973 2711 4022 et
2759 3965 3157 4023 contentione.
3223 3966 3444 4021 Etenim
3495 3967 3543 4022 si

188 4067 277 4112 καὶ
325 4070 520 4136 μικρῶν
569 4061 727 4115 ἕνεκεν
791 4065 880 4113 καὶ
934 4059 1136 4133 φαύλων
1202 4063 1343 4114 ἔστιν
1399 4061 1480 4113 ότέ
1533 4061 1782 4132 πραγμά-

1938 4054 2194 4112 uosdam
2215 4055 2553 4112 videmusin
2577 4055 2823 4110 minimis
2837 4053 3262 4126 vilioribusque
3286 4055 3539 4128 negotiis

191 4158 286 4202 τῶν
317 4145 741 4225 ὖπερμοχεῦντας
779 4146 1012 4203 κατιδεῖν
1071 4169 1212 4203 εστιν
1277 4148 1467 4219 ἐνίους,
1525 4153 1614 4202 καὶ
1672 4147 1784 4202 κλέ-

1940 4159 2073 4217 rpra
2102 4145 2353 4201 modum
2379 4143 2710 4200 voluntarie
2757 4147 3066 4215 patientes,
3123 4142 3346 4215 quibus
3405 4159 3541 4218 spes

187 4257 302 4292 πτει
329 4243 385 4292 τό
414 4237 602 4292 δοκοῦν
627 4235 809 4313 κέρδος
838 4247 935 4301 τῆς
995 4238 1343 4316 ταλαιπωρίας
1381 4244 1475 4299 τὴν
1532 4239 1782 4296 αἰσθησιν

1940 4234 2034 4290 ιοτὶ
2049 4250 2295 4290 sensum
2317 4233 2612 4290 mmstitire
2626 4237 2682 4287 et
2707 4247 2936 4303 poenam
2952 4230 3176 4287 laboris
3214 4231 3386 4304 quasi
3411 4249 3541 4289 om-

185 4331 336 4390 ποίας
359 4325 488 4399 ούχὶ
513 4327 750 4400 μέμψεως
775 4327 934 4390 ἄξιοι,
977 4328 1065 4390 οὓς
1108 4331 1166 4380 τό
1226 4332 1297 4400 μὴ
1353 4327 1568 4386 θελῆσαι
1629 4331 1783 4400 μόνον

1938 4321 2036 4377 ino
2056 4321 2215 4393 lenit,
2247 4339 2370 4396 qua
2407 4337 2527 4377 non
2551 4319 3166 4394 eruntvituperatione
3181 4318 3539 4391 digni,quos

185 4419 243 4470 τό
269 4423 361 4475 τῆς
389 4419 722 4491 πανηγύρεως
750 4414 986 4492 λαμπρόν
1015 4417 1105 4478 ἔζη
1113 4419 1278 4488 μίωσε
1311 4430 1324 4482 ;

1942 4411 2104 4468 vertit
2129 4411 2258 4467 sola
2287 4409 2566 4468 voluntas
2595 4425 2942 4482 repugnans
2996 4408 3221 4466 festivae
3261 4406 3543 4465 solemni-

1810 4501 1854 4556 D
1895 4499 1995 4557 tati
2021 4501 2033 4556 ε

257 4617 359 4666 Καὶ
389 4612 449 4666 ού
479 4619 632 4665 τοῦτο
655 4611 786 4684 λέγω
823 4607 1028 4685 μηδένα
1051 4615 1122 4684 μὴ
1158 4606 1267 4664 δεῖν
1300 4607 1400 4662 ἀπὸ
1454 4612 1627 4672 πάσης
1685 4620 1781 4675 τῆς

1963 4612 2029 4665 Et
2069 4623 2187 4664 non
2212 4623 2459 4681 possum
2489 4607 2635 4680 quin
2687 4606 2884 4663 dicam
2922 4619 3346 4679 quemcunque
3388 4617 3545 4660 cras-

187 4701 368 4778 ἑορτῆς
419 4700 472 4754 ἑκ
525 4703 659 4755 πάνυ
724 4721 774 4754 τι
827 4705 1033 4754 πίπτειν
1124 4700 1362 4776 ῥᾳθύμου
1419 4699 1627 4772 ψυχῆς,
1701 4703 1782 4754 ὅτι

1946 4699 2146 4754 ssimze
2175 4697 2432 4767 ignaviae
2471 4702 2676 4753 notam
2731 4696 2948 4752 animae
2989 4710 3111 4750 sum
3150 4693 3405 4756 inurere,
3439 4689 3543 4761 qui

184 4787 316 4865 μηδ’
347 4791 494 4864 οἶμαι
519 4810 634 4843 τινα
688 4798 788 4843 τῶν
851 4789 1088 4842 ἁπάντων
1155 4787 1200 4850 ἑς
1261 4795 1506 4842 τοσοῦτον
1553 4787 1783 4863 ἀγνωμο-

1938 4793 2079 4844 ήυω
2103 4787 2424 4844 festivitatis
2439 4802 2680 4842 cursum
2704 4800 2824 4840 non
2847 4782 3207 4848 celebraret;
3237 4778 3539 4834 neminem

188 4883 345 4942 σύνης
391 4879 569 4951 ἐλθεῖν,
626 4875 726 4933 ούδ
779 4878 846 4930 αὖ
900 4880 1072 4952 ὥσπερ
1120 4876 1170 4930 ἓν
1211 4880 1482 4953 νεκροτητι
1531 4877 1626 4950 ζῇν
1697 4878 1783 4931 αἰ-

1940 4876 2400 4949 nimjudicarem
2426 4875 2697 4932 omnium
2721 4876 2986 4928 vestrum
3010 4875 3186 4925 tantm
3207 4865 3541 4924 esseinsul-

182 4971 394 5045 ρεῖσθαι
443 4975 534 5023 καὶ
599 4967 922 5030 ἀναισθήτως
971 4967 1114 5040 ἒχειν
1191 4970 1317 5043 πρὸς
1403 4967 1543 5030 άπας
1607 4967 1783 5039 καλὸν,

1938 4969 2098 5033 .tatis,
2129 4971 2298 5022 tanta
2326 4964 2488 5021 vitali
2528 4961 2868 5019 fortitudine
2899 4973 3096 5014 carere
3121 4973 3244 5031 qua
3261 4956 3338 5013 ad
3359 4971 3539 5013 omne

184 5057 312 5113 ὥσθ’
345 5057 587 5118 ὃληνὰπὸ
641 5061 835 5132 νάρκης
891 5063 981 5111 καὶ
1045 5057 1320 5120 παντελοῦς
1378 5055 1656 5120 ἀκινησίας
1690 5078 1785 5130 φυ-

1941 5071 2123 5111 onum
2153 5053 2350 5111 vivide
2372 5067 2706 5115 movemur,
2750 5057 2813 5106 ut
2849 5054 3092 5122 propter
3129 5053 3432 5120 torporem
3486 5053 3542 5104 et

182 5155 291 5220 γεῖν
321 5153 410 5207 τὴν
449 5153 757 5224 πανήγυριν·
813 5146 942 5200 ἀλλά
994 5150 1053 5200 τό
1111 5151 1182 5220 μὴ
1243 5143 1338 5201 διὰ
1391 5148 1565 5209 πάσης
1620 5147 1676 5215 ἣ,
1730 5149 1783 5198 τό

1942 5145 2140 5200 imiam
2175 5142 2389 5216 quietis
2426 5141 2726 5197 insaniam
2755 5154 3000 5195 omnem
3039 5136 3420 5194 festivitatem
3443 5152 3543 5193 ne-

182 5256 241 5310 γε
290 5234 553 5312 δεύτερον,
606 5242 677 5310 μὴ
739 5234 832 5290 διὰ
857 5244 953 5298 τῆς
997 5235 1224 5298 πλείονος
1281 5237 1486 5289 ἱκέσθαι
1557 5231 1783 5288 σπουδά-

1944 5233 2462 5304 ligeretzprtesens
2489 5230 2691 5302 itaque
2716 5227 3023 5284 decretum
3079 5225 3196 5283 huc
3249 5225 3440 5283 tendit
3480 5230 3545 5282 ut

186 5346 302 5396 σαι,
329 5327 468 5380 τοῦτ’
492 5325 541 5380 ἓν
571 5326 717 5398 αἰτίᾳ
745 5332 852 5390 καὶ,
913 5328 980 5386 ὡς
1035 5325 1269 5398 ἔγκλημα
1314 5333 1406 5378 τοῦ
1453 5325 1637 5378 λοιποῦ
1681 5331 1787 5385 τοῖς

1944 5325 2150 5378 oscant
2178 5319 2399 5391 ignavi,
2429 5318 2596 5392 quod
2624 5318 2670 5372 si
2705 5333 2826 5373 non
2845 5316 2947 5374 toti
2969 5315 3545 5372 studeantinteresse

182 5422 550 5476 κατοκνήσασι
578 5417 854 5489 γίγνεσθαι
897 5419 956 5468 τὸ
1014 5419 1178 5490 παρὸν
1234 5413 1478 5488 βούλεται
1519 5414 1783 5487 ψήφισμα.

1944 5417 2048 5466 esto
2069 5409 2160 5466 vel
2175 5409 2387 5464 saltem
2398 5407 2448 5478 ej
2461 5424 2528 5463 us
2542 5406 2756 5478 majori
2767 5406 3068 5480 parti,hoc
3087 5405 3196 5460 illis
3223 5404 3285 5459 in
3315 5403 3545 5459 crimen

181 5510 345 5580 Τάχα
371 5503 430 5559 δε
471 5510 560 5558 καὶ
621 5503 974 5576 ἀγανάκτησιν
1039 5503 1440 5572 ἑπανατείνεται,
1499 5504 1604 5575 ούχ
1653 5503 1782 5561 ἥττω

1945 5501 2036 5558 tiu
2065 5496 2510 5556 accusationem
2554 5501 2906 5553 caaterorum
2951 5498 3228 5550 vertetur.
3277 5494 3352 5547 Eo
3411 5491 3546 5563 ipso

186 5579 269 5654 δὴν
328 5602 551 5666 τοῦτοις,
606 5595 635 5654 ἣ
684 5600 789 5654 τοῖς
843 5591 926 5646 ἐπὶ
968 5596 1023 5646 τὸ
1103 5589 1310 5646 δεῖπνον
1382 5595 1430 5645 ἓν
1507 5591 1787 5665 εύαγγελιοι

1941 5590 2064 5647 nim
2084 5587 2355 5646 divinam
2373 5583 3177 5655 lnourruntindignatidnem
3193 5595 3316 5639 non
3339 5579 3542 5638 minus
