4054 6212
245 239 378 314 4⁵25

1136 371 1222 415 νῦν
1282 362 1340 418 δὲ
1399 372 1644 418 τοσοῦτον
1703 366 1842 420 ὄντος
1873 365 1922 415 Α

240 449 412 520 πολλῷ
461 455 765 524 τιμιωτέρου
817 459 908 502 τοῦ
994 458 1299 525 γιγνομένου
1377 451 1618 529 κέρδους,
1705 451 1840 522 ἄλλῳ

241 543 346 590 τινὶ
409 558 825 613 παραχωρησεις
878 543 1167 614 ἔμπροσθεν
1226 542 1684 616 καταλαμϐάνειν;
1751 546 1837 599 Μὴ

245 629 312 679 σύ
357 645 418 698 γε
464 630 686 696 πάντως,
736 630 761 681 ὁ
814 629 1046 702 φιλόθεος
1090 635 1180 683 καὶ
1227 631 1509 705 φιλέορτος,
1567 636 1657 696 καὶ
1742 638 1840 683 τῶν

239 715 409 768 καλῶν
466 715 766 788 ἐπιγνώμων
801 739 814 751 ·
873 717 998 788 ἀλλ’,
1066 717 1114 770 ἐν
1169 719 1415 778 αἰσθήσει
1497 711 1500 753 Ῑ

242 358 398 412 ἆλλωι
419 357 591 413 δοκεῖν
622 361 1028 433 μεναλαγχοίνειν
1069 385 1080 397 ·

873 717 998 789 ἀλλ’,
1066 717 1114 770 ἐν
1169 719 1415 778 αἰσθήσει
1497 728 1598 774 τῶν
1654 724 1840 793 παρόν-

239 823 341 857 των
374 808 660 877 γενὸμενος,
692 825 861 878 ταχυς
888 810 1075 860 σύνεσο
1112 815 1219 870 τοῖς
1249 809 1584 882 τελουμένοις.

315 987 422 1035 Νῦν
446 987 590 1042 κοινὴ
618 990 910 1060 πανήγυρις
940 985 1254 1061 ἐπουρανίων
1305 993 1394 1040 καὶ
1431 996 1530 1040 τῶν
1583 986 1838 1060 ἐπιγείων.

244 1077 351 1123 Νῦν
380 1072 571 1124 ἄνωθεν
610 1071 821 1144 ἄγγελοι
891 1081 1154 1140 κατιόντες
1200 1075 1310 1148 μεθ’
1365 1079 1509 1148 ἡμῶν
1566 1081 1842 1150 μίγνυνται

242 1180 344 1212 των
365 1159 647 1234 ἀνθρώπων
689 1184 700 1195 ·
739 1171 826 1215 νῦν
858 1165 1122 1238 ἄνθρωποί
1165 1169 1465 1238 προσιόντες
1514 1165 1586 1227 εἰς
1651 1169 1840 1219 ταυτὸν

245 1251 439 1308 ἧκόυσι
468 1257 572 1311 τοῖς
603 1250 860 1322 ἀγγέλοις,
893 1257 982 1305 καὶ
1020 1259 1145 1325 μιᾶς
1177 1250 1244 1312 δὴ
1303 1273 1440 1316 τινος
1491 1256 1556 1316 ὡς
1605 1252 1688 1307 ἐπὶ
1745 1275 1842 1326 χο-

245 1342 388 1410 ρείας
420 1339 470 1391 ἓν
535 1335 734 1410 ᾄδουσι
789 1341 960 1412 μέλος,
1042 1346 1137 1400 τὴν
1217 1344 1473 1415 Παρθένον
1543 1345 1836 1416 ὑμνοῦντες.

246 1433 352 1479 Νῦν
413 1431 504 1480 καὶ
560 1433 808 1502 Χριστὸς,
847 1433 1004 1502 μέσον
1066 1440 1166 1482 τῶν
1233 1431 1578 1505 ἑορταζόντων
1637 1437 1841 1505 γενόμε-

243 1535 346 1585 νος,
381 1513 448 1567 ὧν
479 1512 628 1569 οὐδέν
668 1517 762 1570 οὐκ
821 1520 958 1572 ἔστιν
1010 1519 1251 1592 οὐμενοῦν
1298 1524 1454 1574 εἰπεῖν
1513 1521 1711 1593 μεῖζον,
1764 1523 1842 1574 εῦ-

242 1603 443 1675 λογίαις
470 1603 735 1677 ἀμείϐεται
793 1625 888 1666 την
955 1611 1226 1681 Παρθένον.
1281 1617 1389 1663 Νῦν
1436 1610 1593 1670 αὐτὸς
1648 1611 1674 1662 ὁ
1715 1614 1844 1674 Θεὸς

243 1691 458 1754 έπιστάς
523 1698 616 1752 τὴν
661 1700 862 1766 μητέρα
925 1699 1308 1769 μετακαλεῖται,
1359 1704 1448 1750 καὶ
1517 1703 1611 1757 τὴν
1676 1720 1840 1752 πανα-
1881 1713 1920 1766 Β

243 1785 365 1880 γίαν
423 1785 615 1886 ταύτης
667 1783 854 1886 ψυχὴν
905 1785 954 1837 ἐν
1001 1794 1112 1848 τοῖς
1162 1787 1373 1850 κόλποις
1438 1785 1839 1860 ὑποδεξάμενος,

247 1870 315 1929 εἰς
382 1870 622 1943 οὐρανοὺς
665 1870 921 1946 ἀναφέρει,
989 1879 1394 1956 προπεμπόντων
1453 1875 1678 1950 ἀγγέλων
1752 1882 1842 1932 καί

244 1963 339 2020 τὰς
360 1959 582 2022 αἰνέσεις
633 1961 984 2034 πληρούντων.
1039 1972 1146 2017 Νῦν
1208 1967 1238 2024 ἡ
1303 1968 1554 2041 Παρθένος
1619 1971 1708 2019 καὶ
1767 1975 1840 2037 τῷ

238 2053 444 2120 σώματι
495 2052 806 2122 μεθίσταται
863 2057 954 2118 μὲν
1011 2056 1177 2128 ἡμῶν,
1243 2055 1334 2108 ούκ
1394 2055 1680 2128 ἀφίσταται
1757 2053 1838 2110 δὲ,

237 2145 446 2210 φρουρεῖ
477 2134 529 2190 δ’
568 2137 760 2192 ἀνωθεν
833 2141 1190 2206 ἐποπτεύουσα
1247 2139 1344 2218 aq
1375 2144 1710 2218 αἰῶνος.,Νῦν
1759 2142 1842 2198 δεῖ.Ι

236 2229 326 2276 καὶ
385 2228 544 2299 ἡμᾶς,
603 2236 704 2280 τῶν
766 2227 928 2282 ἄλλων
981 2233 1184 2284 πάντων

237 2314 386 2377 ὅλους
441 2325 536 2378 τῆς
587 2315 767 2390 ἑορτῆς
820 2322 1082 2390 γενέσθαι,

1279 2225 1579 2305 ἀφεμένους,
1676 2233 1841 2294 αὐτῆς

1175 2321 1298 2394 εύφη
1305 2330 1500 2394 μοῦντα
1509 2342 1547 2386 ς,
1620 2321 1840 2392 ψάλλον-

237 2424 350 2466 τας,
414 2405 880 2480 εὐχαριστοῦντας,
928 2410 1080 2462 πάνθ’
1135 2410 1234 2464 ὃσα
1291 2415 1415 2485 πρὸς
1481 2415 1637 2482 χρέος
1715 2414 1839 2483 ἡμῖν

237 2495 354 2551 ἥκει
378 2497 514 2546 κατὰ
567 2513 626 2548 το
678 2493 899 2548 δυνατόν
945 2500 1284 2571 πληροῦντας.
1357 2506 1458 2552 Καὶ
1511 2508 1637 2571 γοῦν
1677 2500 1838 2563 οὕτως

240 2601 404 2635 ισται.

250 2677 385 2772 ’-Σύ
415 2671 487 2742 δ’,
531 2676 587 2772 ὦ.
624 2684 761 2729 Θεοῦ
825 2686 1007 2752 μῆτερ,
1054 2679 1272 2752 εῦμένῶς
1341 2677 1529 2752 δέχου,
1588 2685 1678 2734 καὶ
1737 2690 1841 2743 τοῖς

242 2761 294 2863 ἐξ
335 2765 830 2863 ἔθουςλοίκτιρμοῖς
885 2773 1156 2842 χρωμένη,
1211 2775 1361 2844 τρέπε
1447 2774 1536 2842 μεν
1614 2770 1836 2844 ἐχθροὺς

241 2851 443 2923 ἀφανῶς
490 2851 796 2926 βάλλοντας,
856 2859 990 2908 ὥστε
1037 2855 1203 2929 μηδὲν
1265 2860 1400 2931 ἡμᾶς
1453 2859 1506 2922 ἐξ
1557 2859 1835 2923 ἐπιϐουλῆς

239 2939 410 2992 αὐτῶν
461 2939 720 3015 μηδαμῶς
783 2943 1110 3017 βλάπτεσθαι
1178 2969 1190 2980 ·
1260 2953 1409 3021 τρέπε
1475 2945 1534 3001 δὲ
1601 2953 1724 3012 τοὺς
1783 2949 1834 3002 ἐν

242 3037 317 3098 τῷ
381 3039 576 3104 φανερῷ
640 3033 1006 3106 πολεμοῦντας,
1073 3041 1162 3088 καὶ
1225 3033 1319 3089 διὰ
1381 3041 1568 3098 παντὸς
1635 3035 1836 3090 δείκνυε
1873 3060 1914 3115 C

245 3119 365 3169 κενά
414 3121 757 3184 σκευάζοντας
806 3128 896 3176 καὶ
949 3123 1262 3196 μελετῶντας
1336 3127 1487 3178 πάνθ’
1564 3127 1665 3178 ὅσα
1736 3123 1834 3184 δη·-

245 3209 410 3258 Αονότι
438 3208 556 3260 καθ’
584 3211 728 3283 ἡμῶν
763 3213 1083 3273 σκευάζουσι
1126 3219 1216 3265 καὶ
1261 3213 1530 3286 μελετῶσι.
1599 3214 1837 3289 Σύντριϐε

242 3313 333 3346 και
357 3295 507 3358 τόξον
531 3303 633 3350 πᾶν
669 3301 786 3353 καθ’
817 3303 962 3373 ἡμῶν
1010 3301 1364 3375 ἐντεινόμενον,
1577 3324 1668 3356 και
1713 3305 1836 3378 ῥομ-

243 3388 398 3455 φαίαν
467 3393 770 3460 κινουμένην
817 3388 901 3442 ἐπὶ
971 3395 1090 3452 τοὺς
1133 3400 1399 3454 κινοῦντας
1443 3397 1646 3466 στρέφε.
1709 3397 1840 3466 Πρό-

242 3477 401 3532 στηθι
449 3472 696 3539 διηνεκὴς
759 3485 1058 3553 πρόμαχος,
1111 3487 1206 3541 τὴν
1257 3488 1353 3542 σὴν
1395 3483 1667 3536 ἐκτείνασα
1712 3503 1838 3557 κρα-

240 3566 392 3668 ratify
444 3563 624 3640 χεῖρα,
679 3587 790 3632 και,
822 3567 979 3641 βάλλε
1035 3573 1177 3624 κάτω
1240 3571 1456 3645 κεφαλὰς
1545 3570 1836 3645 δυσμενῶν,

240 3653 357 3724 μεθ’
421 3655 554 3717 ὅσης
612 3663 708 3716 τῆς
766 3657 958 3729 ὕϐρεως
1018 3661 1141 3732 ὁρᾷς
1216 3663 1406 3713 ὁπόσον
1477 3660 1835 3732 ἐπαιρομίνας·

243 3738 386 3794 Ἰδού
419 3763 504 3795 σοι
528 3749 780 3819 πρόσιμεν
823 3749 974 3820 ἡμεῖς
1025 3749 1118 3800 οῦκ
1169 3749 1244 3821 ἐφ’
1284 3750 1535 3822 οῖρμασιν,
1585 3747 1698 3802 οὐδ’
1758 3755 1840 3804 ἵπ-

241 3849 381 3896 ποις,
439 3829 558 3885 οῦδ⁶
623 3836 707 3886 επὶ
750 3835 985 3908 ῥομφαίᾳ
1029 3857 1118 3889 και
1159 3838 1347 3902 τόξοις,
1403 3837 1480 3891 ἐπ’
1529 3835 1704 3892 ούδενί
1742 3849 1839 3892 τῶν

240 3923 486 3972 τοιούτων
521 3924 716 3980 ἣκιστα
775 3923 1076 3999 θαρροῦντες
1108 3947 1120 3960 ο
1174 3930 1281 3979 ἐπεὶ
1333 3932 1422 3979 καὶ
1474 3931 1638 4001 μικρά
1672 3931 1842 3980 πάντα

242 4027 335 4060 και
354 4009 543 4081 φαῦλα,
582 4009 678 4062 κᾶν
704 4012 859 4065 ὁποῖά
895 4033 995 4080 τις,
1057 4013 1151 4066 κᾶν
1199 4016 1371 4068 ὁπόσα
1429 4036 1511 4078 τις
1554 4021 1693 4081 εῖπη,
1751 4037 1841 4069 και

247 4097 321 4156 εἰς
379 4095 528 4151 οὐδὲν
589 4097 835 4173 οὐδαμῶς
892 4102 1067 4175 ὄφελος
1128 4111 1237 4166 τοῖς
1274 4110 1345 4178 μὴ
1406 4077 1523 4168 ταῖς
1587 4077 1717 4180 πρός
1784 4108 1841 4157 σὲ

245 4185 435 4257 μᾶλλον
469 4187 701 4263 στερραῖς
753 4191 925 4244 ε’)πίσι
1016 4193 1482 4268 καθωπλισμένοις,
1541 4194 1600 4247 ἂν
1691 4195 1840 4266 ἡμεῖς

243 4276 420 4337 πάσας
476 4281 560 4329 ἐπὶ
608 4280 666 4330 σε
719 4279 889 4342 καλῶς
938 4283 1156 4354 θέμενοι,
1215 4288 1286 4356 μὴ
1337 4287 1578 4356 πέσοιμεν
1641 4283 1694 4346 ἐξ
1750 4283 1839 4335 αῦ-

242 4370 366 4429 τῶν,
397 4362 537 4436 μηδέ
567 4371 838 4440 φανείημεν
868 4376 1307 4446 κατησχυμμένοι
1341 4393 1354 4406 ο

243 4459 457 4514 τοῦντας
517 4459 566 4506 έν
631 4463 784 4510 παντί
848 4465 1024 4535 χρόνῳ
1118 4459 1354 4537 φαιδρῶς
1451 4467 1844 4534 πανηγυρίζειν,

243 4560 338 4593 και
363 4541 526 4600 τήνδε
555 4549 650 4603 τὴν
716 4546 897 4619 ἑορτὴν
963 4547 1282 4602 ἀκατάλυτον
1341 4547 1470 4603 εἶναι
1521 4547 1681 4604 δίδου
1753 4547 1847 4602 διὰ

243 4638 433 4696 παντὸς
469 4635 676 4698 αἰῶνος,

1405 4369 1563 4425 δίδου
1609 4369 1668 4425 δὲ
1714 4391 1842 4444 κρα-
1884 4410 1927 4463 D

319 4814 397 4904 (ι)
421 4815 878 4904 Respicitur‘P's.
909 4834 1096 4904 ipim,
1135 4821 1217 4884 14,
1245 4817 1637 4904 ’4ν5,Ῥομφαίαν
1685 4822 1844 4870 ἐσπά-

248 4902 399 4952 σαντ,
452 4888 504 4939 oi
537 4888 864 4960 ἁμαρτωλοίο
913 4893 1160 4942 ἐνέτειναν
1203 4889 1349 4952 τόξον
1407 4888 1573 4942 αύτῶν
1649 4932 1695 4944 ..
1719 4931 1731 4943 .
1787 4896 1828 4942 Η

1308 242 1398 318 pi:
1419 238 1636 314 Ε’ΕὸΤο
1699 235 2150 314 DORMITIONIS
2182 235 2236 290 s.
2286 236 2524 289 mam

3461 225 3598 306 1526

1948 358 2094 414 alios
2121 359 2352 430 primus
2373 357 2590 427 gestias
2613 355 2672 412 in
2701 355 2931 426 partem
2961 349 3090 419 ejus
3146 345 3366 414 venire,
3428 361 3605 402 num-

1949 449 2094 522 quid
2115 466 2274 506 nunc
2301 449 2429 504 aliis
2456 447 2714 503 dimittes
2734 447 2969 499 tantum
3001 439 3260 494 fructum
3317 436 3603 492 omnibus

1949 539 2126 607 longe
2174 539 2673 610 praestantiorem,
2727 529 3039 602 negligens
3089 527 3260 582 illum
3302 525 3601 598 imprimis

1948 627 2210 696 lucrari?
2249 631 2644 704 Nequaquam
2675 623 2758 678 ita
2783 623 2876 686 sit,
2900 635 2937 675 ο
2962 616 3284 691 philothee,
3315 615 3415 688 qui
3439 614 3602 670 festis

1949 715 2264 790 delectaris
2285 721 2342 772 et
2370 702 2670 771 bOnOrum
2701 709 2928 782 probus
2954 723 3017 762 es
3046 704 3266 762 arbiter
3295 721 3310 770 ;
3335 702 3442 759 sed
3463 719 3603 759 cum

1950 820 2196 860 sensum
2227 805 2453 860 habeas
2473 799 2877 875 prtesentium,
2900 796 3198 851 bonorum
3228 792 3480 864 impigre
3512 807 3603 848 as-

1949 895 2121 957 sistas
2155 891 2655 950 solemnitatibus.

2021 987 2185 1040 Nunc
2214 983 2374 1038 enim
2407 981 2689 1038 festivitas
2705 977 2874 1034 adest
2921 971 3260 1030 communis
3309 969 3601 1026 caalitibus

1949 1078 2006 1129 ct
2034 1073 2427 1152 terrestribus.
2451 1074 2617 1136 Nunc
2645 1064 3023 1138 angeli-ciues
3051 1060 3298 1133 superni
3312 1059 3388 1116 de
3437 1059 3601 1115 crelis

1949 1149 2378 1226 descendentes
2407 1160 2734 1216 miscentur
2752 1154 2927 1222 nobis
2954 1149 3304 1208 hominibus
3366 1167 3380 1204 :
3435 1163 3600 1204 nunc

1948 1252 2224 1307 homines
2261 1249 2652 1306 ascendentes
2713 1241 2941 1313 angelis
2997 1244 3341 1307 occurrunt,
3409 1243 3472 1293 ut
3537 1237 3600 1292 in

1950 1354 2142 1394 unum
2161 1339 2412 1394 chorum
2440 1335 2707 1400 adunati,
2741 1329 2994 1388 melodis
3015 1326 3266 1384 vocibus
3295 1330 3595 1396 canentes,

1949 1428 2161 1496 laudes
2172 1428 2376 1494 dicant
2389 1424 2638 1496 Virginis
2651 1466 2664 1478 .
2688 1425 2853 1479 Nunc
2870 1419 3050 1475 etiam
3081 1416 3345 1472 Christus
3363 1415 3599 1470 medius

1951 1517 2100 1573 inter
2125 1515 2342 1572 festum
2367 1515 2736 1570 celebrantes
2757 1507 3040 1566 laudibus
3059 1504 3281 1578 quibus
3306 1503 3454 1559 nihil
3471 1518 3600 1558 ma-

1951 1605 2326 1684 gniﬁcentius
2354 1603 2470 1658 dici
2497 1605 2713 1674 potest,
2744 1599 2935 1652 vicem
2955 1593 3172 1663 Virgini
3199 1590 3410 1648 reddit.
3435 1594 3600 1648 Nunc

1950 1696 2078 1767 ipse
2110 1698 2262 1750 Deus
2301 1709 2332 1748 e
2371 1690 2520 1747 caelo
2577 1685 3005 1760 superveniens
3048 1685 3289 1738 Matrem
3337 1684 3603 1736 revocaL‘.

1950 1794 2008 1843 et
2043 1785 2174 1874 ejus
2203 1781 2587 1857 purissimam
2618 1775 2951 1847 suscipiens
2990 1773 3260 1829 animam
3291 1770 3355 1825 in
3381 1769 3600 1824 coelum

1951 1858 2158 1942 elevat,
2190 1872 2418 1943 angelis
2446 1866 2882 1928 deducentibus
2914 1879 3050 1919 eam
3102 1861 3162 1917 in
3219 1858 3599 1916 multitudine

1947 1964 2220 2021 laudum.
2247 1965 2412 2018 Nunc
2432 1959 2606 2028 Virgo
2644 1956 2824 2012 etiam
2844 1951 3076 2025 corpori
3092 1953 3298 2006 nostro
3322 1947 3598 2021 proxima

1949 2051 2322 2109 constituitur
2351 2069 2367 2121 ;
2395 2061 2706 2120 nunquam
2727 2043 2887 2098 enim
2919 2056 3031 2096 nos
3061 2038 3267 2103 oblita,
3316 2036 3392 2093 de
3447 2035 3596 2092 caelo

1947 2139 2204 2216 despicit
2223 2143 2280 2194 et
2299 2127 2558 2194 custodit
2585 2131 2646 2190 in
2698 2130 2935 2189 saecula.
2987 2131 3154 2185 Nunc
3210 2140 3350 2196 ergo
3424 2139 3600 2196 opor-

1949 2237 2026 2287 tet
2054 2213 2117 2286 ut
2163 2223 2298 2299 nos,
2350 2225 2577 2283 caeteris
2627 2221 2910 2280 omnibus
2949 2215 3384 2292 prmtermissis,
3430 2213 3596 2270 omni

1947 2319 2132 2376 festivi
2143 2317 2240 2374 tati
2261 2317 2545 2372 interesse
2567 2311 2992 2372 acclamantes,
3011 2303 3352 2378 psallentes,
3377 2301 3598 2371 gratias

1947 2413 2214 2478 agentes.
2245 2403 2442 2462 ofﬁcio
2470 2406 2673 2458 nostro
2694 2399 2778 2454 sic
2802 2411 2913 2470 pro
2932 2409 3114 2468 posse
3144 2389 3596 2457 satisfacientes,

1949 2498 2283 2566 fungentes.
2322 2497 2386 2549 Et
2406 2496 2559 2548 certe
2589 2490 2673 2546 sic
2702 2488 2831 2544 erit.

2022 2677 2114 2732 Tu
2135 2691 2296 2740 vero,
2338 2689 2375 2728 ο
2399 2675 2577 2728 Mater
2597 2669 2718 2732 Dei.
2751 2665 3009 2736 benigne
3066 2677 3178 2718 nos
3229 2660 3484 2732 suscipe,
3544 2660 3602 2714 et

1951 2765 2138 2824 solitas
2170 2777 2402 2819 memor
2429 2759 2680 2832 pietatis,
2707 2757 2909 2813 hostes
2947 2751 3205 2825 profliga
3224 2748 3330 2822 qui
3367 2763 3478 2804 nos
3515 2745 3599 2802 la-

1951 2859 2139 2912 tenter
2167 2852 2488 2918 lacessunt,
2514 2863 2588 2904 ne
2637 2859 2908 2917 unquam
2961 2856 3034 2897 ex
3093 2854 3305 2896 eorum
3368 2834 3600 2892 insidiis

1953 2943 2180 2999 malum
2210 2941 2475 2996 feramus
2504 2940 2562 2992 et
2589 2935 2882 2990 damnum
2901 2947 2932 2995 ‘;
2971 2929 3201 2999 dissipa
3228 2940 3473 2997 quoque
3499 2939 3602 2978 eos

1952 3047 2091 3087 cum
2103 3029 2416 3086 manifeste
2430 3028 2720 3098 pugnant,
2739 3023 2793 3077 in
2805 3017 3090 3076 omnibus
3108 3012 3430 3072 ostendens
3440 3025 3601 3067 vana

1954 3135 2080 3175 esse
2110 3133 2246 3191 quas
2275 3119 2492 3188 parant
2520 3118 2576 3169 et
2595 3109 2921 3167 moliuntur
2949 3109 3156 3161 contra
3175 3117 3287 3158 nos
3315 3099 3600 3156 continuo

1955 3213 2010 3264 et
2035 3189 2301 3277 undique
2323 3204 2718 3272 insurgentes.
2759 3205 2974 3251 Arcum
3029 3189 3336 3260 confringe
3393 3190 3603 3242 contra

1954 3311 2065 3352 nos
2093 3275 2406 3362 intentum,
2436 3295 2494 3347 et
2525 3287 2794 3359 gladium
2823 3299 2947 3356 quo
2966 3281 3227 3355 petimur
3271 3282 3480 3335 contra
3523 3275 3604 3330 vi-

1955 3385 2198 3440 brantes
2213 3383 2378 3453 ipsos
2404 3381 2700 3434 converte.
2727 3373 2908 3431 Nobis
2925 3370 3136 3427 adesto
3166 3371 3450 3424 constans
3471 3377 3605 3437 pro-

1956 3472 2276 3546 pugnatrix
2303 3476 2360 3525 et
2385 3473 2656 3540 patrona,
2676 3461 3000 3520 extendens
3018 3460 3322 3532 potentem
3347 3470 3599 3511 manum

1957 3570 2122 3620 tuam
2147 3566 2208 3618 ut
2227 3565 2499 3617 conteras
2519 3555 2718 3628 capita
2736 3549 3120 3608 insolentium
3135 3546 3427 3612 hostium,
3449 3559 3604 3615 quos

1956 3654 2122 3708 vides
2142 3650 2366 3707 malitia
2383 3664 2492 3703 sua
2509 3650 2566 3702 et
2581 3641 2867 3716 superbia
2879 3654 3065 3711 supra
3077 3635 3326 3692 modum
3340 3632 3601 3688 inﬂatos.

1959 3745 2100 3798 Ecce
2121 3741 2228 3796 tibi
2253 3739 2622 3795 occurrimus
2652 3747 2772 3788 non
2835 3730 2897 3786 in
2947 3726 3243 3794 curribus,
3299 3738 3496 3796 neque
3542 3722 3604 3777 in

1957 3830 2150 3902 equis,
2171 3842 2368 3898 neque
2383 3826 2443 3882 in
2467 3823 2688 3893 gladio,
2728 3833 2920 3891 neque
2935 3817 2995 3873 in
3007 3815 3305 3886 sagittiset
3322 3811 3601 3881 arcubus,

1957 3901 2202 3976 ininullo
2223 3931 2432 3972 eorum
2455 3912 2548 3968 vel
2560 3911 2880 3968 minimum
2893 3905 3274 3970 conﬁdimus,
3289 3901 3442 3957 adeo
3467 3903 3607 3954 sunt

1959 4025 2148 4081 parva
2175 4012 2231 4062 et
2263 4004 2483 4061 debilia
2508 4005 2655 4074 quot
2683 4005 2738 4054 et
2767 4000 3235 4071 quantacunque
3263 3990 3399 4062 quis
3423 3987 3606 4055 dicat,

1959 4075 2015 4154 et
2043 4098 2174 4170 ipsa
2195 4093 2529 4166 suntplane
2578 4087 2808 4146 inutilia
2871 4084 2984 4140 illis
3049 4082 3150 4154 qui
3209 4095 3330 4134 non
3385 4075 3604 4133 ﬁrmis—

1959 4188 2113 4243 sima
2133 4201 2236 4258 spe
2258 4185 2319 4240 in
2354 4191 2518 4238 tuum
2551 4178 2838 4236 auxilium
2867 4172 3334 4244 praecinguntur.
3367 4170 3432 4222 Et
3470 4181 3604 4235 nos,

1959 4277 2304 4351 plenissime
2325 4276 2384 4329 in
2401 4278 2452 4327 te
2465 4269 2698 4336 contisi,
2713 4279 3026 4337 nunquam
3040 4260 3393 4332 dejiciemur
3403 4257 3482 4314 ab
3493 4257 3607 4328 eis,

1959 4350 2157 4439 neque
2177 4365 2316 4420 victi
2337 4359 2788 4435 apparebimus.
2826 4358 2990 4410 Dona
3012 4365 3156 4421 ergo
3181 4353 3244 4404 ut
3263 4350 3609 4404 constanter

1963 4437 2075 4529 per
2105 4469 2284 4511 omne
2314 4457 2552 4522 tempus
2575 4453 2860 4503 statutum
2883 4440 3195 4514 splendide
3234 4437 3606 4494 celebremus

1961 4526 2076 4602 hoc
2097 4545 2336 4607 festum,
2352 4544 2408 4595 et
2423 4554 2528 4611 per
2541 4538 2738 4610 ipsum
2754 4534 2816 4590 in
2830 4532 3047 4588 festum
3058 4533 3348 4586 aeternum
3359 4526 3609 4582 transire
3675 4583 3680 4586 _

1961 4649 2069 4708 per
2091 4633 2296 4689 omnia
2325 4628 2565 4685 saecula.

1959 4818 2192 4892 ῥομφαία
2238 4812 2404 4865 αὐτῶν
2462 4808 2680 4892 εἰσέλθοι
2727 4825 2793 4865 εις
2825 4808 2920 4860 τήν
2960 4796 3184 4873 καρδίαν
3214 4795 3383 4846 αὐτῶν
3411 4809 3501 4842 και
3539 4787 3607 4840 τά

1961 4871 2088 4950 τόξα
2107 4886 2273 4939 αὐτῶν
2306 4880 2600 4954 συντριϐείη
2611 4920 2623 4934 .
