4054 6212
555 250 3315 289 W

3321 250 3811 293 -__—_——_

1902 442 2051 486 ANNO
2096 443 2288 487 DOMINI
2334 443 2593 487 Μαρίων.

2351 443 2593 486 ωεωίιν.

1502 616 2220 747 ΔΙΑΤΑΞΙΣ
2357 628 2942 746 ΚΥΠΡΙΑ

1069 1053 2605 1232 ΑΛΕΧΑΝΔΡΟΥ
2753 1053 3415 1231 ΠΑΠΑ

1794 1382 2036 1473 ΤΟΥ
2108 1382 2692 1474 ΤΕΤΑΡΤΟΥ

1428 1791 2395 1918 CONSTITUTIO
2498 1793 3035 1915 CYPRIA

984 2038 2362 2237 ALEXANDRI
2478 2071 3153 2236 PAP/E
3272 2070 3521 2235 IV

863 2362 1141 2426 GRAECE
1203 2363 1495 2425 PRIMUS
1554 2363 1832 2437 EDIDIT,
1889 2363 2169 2424 LATINE
2233 2362 2592 2425 REDDIDIT
2652 2363 2750 2426 AC
2807 2363 3030 2425 NOTIS
3083 2362 3591 2424 ILLUSTRAVIT

1459 2553 2237 2642 VINCENTIUS
2299 2553 3027 2641 BICCARDUS

2051 2751 2228 2799 (ζιελ.
2280 2751 2422 2801 RBG.

1362 3068 1590 3141 (Roma:
1647 3067 1987 3127 excutiebat
2040 3069 2381 3143 Stephanus
2434 3070 2719 3130 Paulinus
2774 3071 3136 3142 MDCXXXVI)

1840 3413 2322 3461 EMINENTISSIMO
2380 3414 2645 3462 PRINCIPI

1199 3549 1528 3596 FRANCISCO
1575 3547 1944 3608 BARBEBINO,
1997 3547 2052 3597 3.
2105 3550 2164 3597 Β.
2218 3550 2278 3597 Ε.
2331 3550 2655 3597 CARDINALI
2700 3548 3268 3599 VICECANCELLARIO.
3378 3576 3379 3581 η

630 3757 997 3823 Incredibili,
1052 3762 1115 3812 ut
1160 3772 1281 3827 par
1318 3763 1466 3823 erat,
1498 3757 1975 3816 Eminentissime
2008 3758 2314 3829 Princeps,
2358 3759 2439 3817 ad
2483 3760 2893 3831 vestigandum
2928 3761 3277 3831 sagacitate,
3315 3770 3370 3819 te
3429 3766 3657 3818 auctore
3693 3755 3839 3828 perlu'

558 3849 827 3907 strabam
867 3849 929 3904 in
971 3847 1390 3917 Altempsiana
1430 3847 1783 3905 bibliotheca
1822 3848 2164 3905 Graecorum
2219 3848 2614 3920 Euchologia,
2669 3856 2736 3906 ut
2772 3866 2903 3922 quae
2959 3851 3022 3906 in
3085 3852 3376 3921 impressa
3419 3851 3765 3921 iwepserunt,
3792 3855 3842 3898 ex

558 3940 701 4010 ipsis
749 3936 1193 4007 exemplaribus
1230 3936 1466 4007 percipi
1509 3943 1746 4008 possent
1776 3944 2026 4010 errata;
2067 3953 2201 3995 cum
2230 3954 2381 4008 ecce,
2419 3939 2561 3995 dum
2600 3940 2793 3996 alacri
2818 3945 3209 4011 promptaque
3256 3942 3433 3997 vultu
3495 3939 3599 3995 huc
3648 3938 3843 4004 illucque

559 4027 760 4085 omnia
808 4026 1178 4097 pervolvens,
1215 4025 1510 4081 emissitiis
1567 4028 2064 4097 circumspectans
2108 4029 2295 4085 oculis
2341 4028 2629 4098 intuerer,
2665 4043 2727 4085 se
2764 4029 2937 4098 o/fert
2990 4030 3052 4083 in
3101 4029 3326 4100 Cyprio
3379 4029 3624 4101 quodam
3675 4028 3843 4081 vetusto

558 4116 923 4186 Eucliologio
962 4114 1219 4183 Διάταξις,
1255 4114 1612 4171 Constitutio
1659 4115 2003 4172 Alexandri
2050 4117 2381 4186 Pontiﬁcis,
2433 4120 2561 4187 ejus
2621 4118 2877 4174 nominis
2922 4120 3149 4190 quarti.
3195 4119 3347 4176 Eam
3392 4120 3546 4175 mira
3597 4115 3841 4173 alaeiitate

552 4209 887 4279 perlegens,
920 4208 1108 4263 sentio
1151 4221 1256 4263 nec
1294 4206 1507 4263 Latine
1542 4221 1650 4262 nec
1686 4206 1885 4262 Graece
1916 4206 2219 4278 hucusque
2267 4206 2508 4272 editam,
2562 4207 2680 4261 imo
2713 4224 2819 4264 nec
2852 4208 2916 4263 in
2952 4208 3314 4276 Pontiﬁcum
3353 4207 3579 4280 quidem
3638 4206 3839 4260 notatam

561 4298 731 4365 actis,
782 4310 914 4367 quae
962 4300 1159 4352 tamen
1199 4309 1486 4351 summam
1532 4296 1815 4352 Romanae
1853 4297 2006 4353 sedis
2050 4297 2115 4351 in
2160 4296 2390 4351 Graecos
2432 4300 2483 4351 et
2535 4294 2725 4365 Cypri
2763 4297 3024 4352 insulam
3054 4299 3470 4354 auctoritatem
3500 4292 3839 4364 locupletius

564 4385 807 4441 timonio
855 4384 1098 4453 prodat,
1146 4399 1217 4441 ac
1254 4386 1548 4456 pleraque
1598 4385 2009 4442 ecclesiasticis
2052 4384 2358 4454 incognita
2396 4385 2785 4453 scriptoribus
2829 4386 3085 4454 pandat.
3128 4386 3219 4443 Ne
3265 4393 3463 4443 autem
3492 4386 3609 4442 alto
3673 4378 3839 4435 diutius

484 4542 491 4549 .
563 4472 793 4530 obtecta
820 4471 1057 4529 silentio
1107 4471 1377 4528 interiret
1404 4488 1671 4543 prorsus,
1696 4489 1732 4529 a
1751 4480 2045 4544 perpetua
2070 4473 2364 4529 oblivione
2384 4473 2718 4543 vindicans,
2743 4475 3014 4531 Latinam
3043 4491 3073 4530 e
3091 4475 3296 4531 Graeco
3322 4472 3641 4544 exemplari
3654 4466 3840 4527 reddere

563 4562 770 4630 statui,
790 4561 1179 4632 prﬁtianue
1200 4561 1426 4617 Latinae
1464 4562 1800 4632 integritati
1824 4578 1929 4634 pro
1958 4563 2184 4619 viribus
2205 4564 2503 4621 restiture.
2538 4563 2610 4619 Ut
2633 4578 2768 4620 vero
2792 4565 3046 4620 venatici
3067 4564 3232 4621 canis
3275 4571 3476 4635 partes
3513 4575 3738 4634 agerem,
3758 4566 3837 4626 quo

562 4651 801 4711 nomine
847 4666 886 4709 a
916 4649 1288 4707 sanctissimo
1317 4654 1540 4719 patruo
1585 4657 1684 4705 tuo
1739 4651 1978 4708 Urbano
2018 4652 2132 4709 VII
2169 4666 2262 4708 me
2290 4651 2431 4708 olim
2465 4651 2909 4709 cohonestatum
2960 4654 3176 4721 recolo,
3222 4653 3304 4710 ad
3344 4661 3471 4709 tuos
3525 4650 3682 4723 pedes
3722 4640 3838 4701 unici

561 4742 790 4801 domini
854 4740 966 4798 mei
1028 4744 1085 4796 et
1143 4739 1464 4809 singularis
1530 4741 1801 4808 patroni,
1859 4740 1956 4796 cui
2016 4746 2235 4798 cuncta
2291 4754 2365 4797 ea:
2429 4755 2629 4797 animo
2683 4748 2736 4798 et
2791 4742 3084 4811 polliceor
3139 4748 3195 4798 et
3265 4743 3571 4812 proﬁteor,
3633 4733 3834 4809 predum

564 4838 665 4889 tuo
726 4832 966 4889 nomine
1004 4835 1246 4900 partam
1299 4833 1353 4884 et
1408 4835 1645 4884 auctam
1688 4830 1852 4883 ultro
1899 4830 2103 4898 defero
2141 4830 2395 4885 illaesum
2434 4834 2488 4884 et
2540 4829 2763 4900 offero;
2819 4846 2997 4900 quam
3047 4846 3166 4886 non
3214 4832 3385 4886 modo
3444 4844 3545 4885 suo
3585 4826 3738 4897 ipsius
3780 4831 3835 4873 τε·

566 4922 671 4978 lim
710 4922 974 4991 pondere
1014 4920 1259 4990 pendas,
1321 4933 1525 4975 verum
1575 4920 1753 4974 etiam
1803 4920 2085 4975 novitatis
2136 4923 2427 4974 momento
2491 4934 2672 4989 eoque
2721 4918 3003 4976 maximo.
3056 4920 3414 4976 Conslitutio
3460 4921 3568 4975 ista
3630 4911 3835 4981 lucifuga

563 5011 805 5068 Latium
864 5011 1072 5067 natale
1135 5010 1348 5077 solum,
1395 5009 1457 5062 in
1524 5023 1639 5079 quo
1701 5008 1907 5077 fuerat
1964 5009 2147 5078 edita,
2199 5013 2455 5065 verterat
2516 5007 2750 5079 lateque
2797 5009 3060 5077 spatiata
3114 5008 3333 5064 abditis
3389 5010 3449 5063 in
3494 5005 3645 5063 silvis
3699 5001 3834 5057 sinuo-

564 5101 759 5171 sisque
818 5100 881 5155 in
939 5100 1154 5169 antris,
1196 5099 1509 5153 immutata
1563 5096 1784 5168 eloquii
1816 5097 2037 5168 forma,
2086 5112 2146 5153 se
2198 5100 2521 5166 receperat,
2584 5096 2796 5152 sensim
2855 5097 3087 5152 Latinis
3132 5098 3363 5166 pariter
3393 5112 3464 5153 ac
3517 5092 3710 5152 Graecis
3736 5082 3836 5141 invi-

563 5204 651 5246 sa.
701 5187 1257 5245 Perscrutabundus
1316 5185 1624 5254 oberrans,
1718 5186 2177 5255 prmlucescente
2206 5186 2277 5241 E.
2332 5187 2419 5250 T.,
2460 5185 2523 5240 in
2556 5185 2968 5255 Altempsiana
3003 5187 3230 5254 agresti
3249 5185 3354 5242 illa
3383 5186 3697 5241 Graecorum
3721 5171 3834 5232 codi-

565 5294 701 5336 cum
722 5278 955 5335 inculta
985 5278 1154 5345 silva,
1213 5276 1562 5345 introspicio
1617 5276 1936 5345 peregrino
1972 5290 2109 5332 eami
2134 5276 2471 5331 latitantem
2506 5274 2715 5329 habitu
2744 5275 2995 5343 reperio,
3026 5273 3252 5345 Cyprio
3274 5275 3429 5331 velut
3454 5274 3513 5327 in
3529 5272 3689 5339 saltu,
3714 5261 3833 5321 senti

563 5383 692 5425 coso
713 5368 821 5424 illo
852 5367 1085 5439 Cypiiis
1103 5366 1410 5437 familiari
1436 5378 1615 5435 eoque
1661 5365 1989 5434 asperrimo
2015 5366 2142 5434 ejus
2172 5365 2453 5433 temporis
2491 5363 2691 5421 Grarco
2720 5370 3037 5421 exaratam
3072 5365 3340 5435 eloquio;
3372 5364 3536 5433 rapio
3572 5361 3727 5421 illico,
3744 5354 3832 5408 des-

564 5458 750 5533 cribo,
779 5458 992 5515 Latine
1026 5456 1231 5521 reddo,
1308 5456 1723 5533 integramque
1769 5453 2060 5524 prmdam,
2088 5452 2479 5511 observantiae
2505 5468 2648 5533 meae
2670 5452 2945 5533 indicem,
2979 5451 3392 5511 benevolentiae
3420 5458 3532 5508 tua:
3562 5439 3814 5533 illicem,E

570 5531 641 5605 τι
675 5547 949 5620 protinus
992 5545 1189 5616 trado,
1235 5547 1300 5599 ul
1339 5528 1708 5615 poitliminié
1748 5538 1825 5601 ea
1864 5547 1921 5601 te
1958 5537 2271 5601 universus
2317 5534 2446 5601 eam
2485 5529 2738 5615 θὲινὲρίαι
2782 5530 2962 5614 brbis;
2988 5535 3045 5601 et
3084 5534 3161 5603 ea
3190 5544 3289 5601 tuo
3314 5537 3536 5615 pariter
3564 5532 3825 5597 admiretur
