4054 6212
209 279 346 335 1529
1211 275 1617 340 ALEXANDRI
1655 279 1729 338 IV
1766 280 2222 351 CONSTITUTIO
2262 285 2540 345 CYPRIA.
3423 284 3562 346 {530

205 400 618 474 suscipiatque
676 400 936 468 nomine,
993 403 1201 474 fausto
1267 406 1474 478 utique
1530 407 1834 480 feticique.
1889 407 2135 479 Aspiret
2194 411 2354 468 Deus
2415 415 2437 469 !
2495 411 2744 469 Interim
2811 410 3084 469 demittat
3117 424 3179 469 se
3236 413 3560 482 paululum

203 492 281 549 E.
310 493 398 559 T.,
434 493 840 549 laxamentum
867 492 1065 563 capiat
1117 509 1420 562 curarum,
1480 499 1536 552 et
1603 495 1842 553 blandis
1905 499 2248 557 litterarum
2299 501 2611 578 lenociniis
2657 502 2945 559 animitus
3006 501 3345 559 blandienti
3379 503 3564 573 plau-

204 581 314 639 dat
346 581 550 638 catulo
598 595 670 638 ac
698 582 1022 652 longojam
1053 583 1260 642 labore
1278 585 1456 654 fesso,
1508 585 1876 660 deciduoque
1928 589 2146 646 sudore
2187 595 2437 661 gravato
2477 595 2532 649 et
2592 590 2913 648 anhelanti
2955 594 3234 648 occurrat
3287 590 3558 664 benigne,

202 672 518 744 ipsumque
534 671 777 742 pariter
798 686 872 729 ac
885 673 1159 743 prxdam
1187 675 1316 745 ejus
1341 690 1538 748 exere
1557 676 1909 746 pendentem
1935 680 2389 750 gratulabunda
2409 681 2585 740 vultu
2607 681 2916 754 passisque
2965 682 3130 738 ulnis
3181 683 3559 754 amplectere.

274 797 332 858 E
355 797 529 858 domo
549 798 606 860 S.
627 798 887 861 Andrew
909 801 983 859 de
1019 800 1190 862 Urbe.
1229 803 1486 864 Kalend.
1517 803 1716 876 Febr.,
1742 818 1904 865 anno
1948 810 2107 872 1636.

2145 933 2221 991 E.
2259 934 2325 992 Τ.
2355 934 2730 993 humillimus
2747 949 2956 995 servus

2079 1059 2233 1118 VINC.
2301 1061 2642 1130 montanus,
2712 1061 2871 1125 Cler.
2927 1061 3070 1133 Reg.

1290 1248 3528 1290 Μ

655 1436 1023 1578 CON
1036 1437 2040 1583 STITUTION
2049 1444 2222 1586 IS
2323 1445 3095 1591 CYPRI/E

1659 1723 2133 1818 HISTORIA

634 1933 1154 2002 AVINCENTIO
1201 1934 1656 2018 RICCARDO,
1702 1937 2066 2008 CLERICO
2111 1941 2580 2024 REGULARI,
2623 1943 3114 2016 ADORNATA.

269 2310 514 2383 Cyprus,
547 2309 881 2384 Pamphylii
918 2311 1101 2369 maris
1141 2310 1359 2382 insula,
1406 2312 1616 2386 procul
1651 2329 1689 2371 a
1723 2315 2046 2373 continenti
2101 2316 2374 2386 discreta,
2425 2319 2505 2378 ad
2547 2323 2744 2380 ortum
2792 2335 3198 2395 occasumque
3247 2318 3458 2377 Ciliciae
3484 2335 3556 2378 ac

197 2399 382 2472 Syriae
404 2399 664 2472 objecta,
699 2399 994 2476 portubus
1041 2401 1340 2472 distincta,
1368 2402 1486 2460 loci
1508 2405 1848 2463 ammnitate
1878 2421 2136 2478 summa,
2173 2406 2475 2467 feracitate
2524 2411 2856 2484 multiplici,
2895 2426 3080 2484 opum
3121 2412 3558 2483 copiarumque

192 2487 461 2544 ubertate
495 2487 650 2544 adeo
670 2486 906 2559 referta,
935 2491 999 2546 ut
1022 2489 1156 2562 jure
1183 2491 1441 2548 Macaria
1471 2491 1544 2548 sit
1573 2498 1792 2552 vocata
1843 2511 1856 2550 :
1931 2495 2128 2570 seipsa
2177 2497 2485 2570 nimirum,
2521 2501 2888 2557 caducarum
2946 2499 3294 2574 opulentia;
3330 2514 3553 2564 rerum,

193 2575 336 2635 felix
363 2592 436 2633 ac
469 2575 690 2648 beata;
723 2593 939 2635 novem
967 2579 1239 2653 quodam
1292 2595 1617 2652 regnorum
1647 2581 1837 2654 sedes,
1899 2586 2155 2643 Romani
2187 2586 2331 2644 olim
2397 2589 2606 2662 populi
2664 2589 2976 2653 tributaria
3046 2608 3060 2658 ;
3126 2589 3204 2646 ab
3263 2587 3555 2662 apostolis

193 2664 340 2738 ipsis
370 2665 714 2724 Christianze
735 2665 876 2723 ﬁdei
909 2668 1306 2726 sanctissimis
1334 2669 1594 2728 formata
1623 2670 1950 2730 institutis:
1985 2676 2186 2732 Graeco
2213 2681 2279 2732 ut
2331 2677 2590 2752 eloquio,
2654 2679 2740 2737 sic
2786 2680 2904 2737 ritu
2952 2679 3049 2752 pie
3099 2677 3558 2750 orthodoxoque

194 2753 315 2812 fere
373 2770 616 2828 semper
669 2755 832 2813 culta
897 2775 912 2826 ;
973 2762 1389 2829 Agarenorum
1453 2759 1720 2816 crebrius
1773 2777 1982 2834 pressa
2028 2766 2368 2837 tyrannide,
2416 2767 2641 2840 pluries
2679 2785 2716 2825 a
2767 2769 2980 2826 Graecis
3030 2767 3252 2842 quibus
3307 2765 3560 2840 parebat

192 2842 658 2917 imperatoribus
687 2844 749 2900 in
765 2844 1102 2903 libertatem
1125 2853 1355 2905 asserta
1389 2865 1403 2915 ;
1433 2847 1795 2907 duodecimo
1825 2851 2071 2909 tandem
2098 2869 2134 2911 a
2165 2855 2397 2912 Christo
2419 2857 2661 2929 saeculo,
2687 2859 2922 2929 Graecis,
2979 2857 3059 2914 ob
3089 2871 3314 2913 saevam
3345 2871 3554 2912 eorum

191 2933 254 2990 in
291 2931 516 3004 Anglos
545 2933 1074 3002 inhumanitatem,
1113 2952 1270 3009 quos
1295 2942 1586 3010 quassata
1613 2938 1802 2996 classe
1830 2941 1892 2996 in
1923 2943 2141 3014 Cypria
2167 2942 2368 3000 littora
2406 2946 2713 3002 exanimes
2751 2946 3047 3018 impactos
3093 2942 3552 3000 exturbantibus

191 3037 265 3079 ac
287 3021 802 3096 protrudentibus,
847 3024 1095 3096 Anglica
1117 3025 1215 3084 illa
1255 3027 1471 3084 martia
1515 3027 1730 3085 virtute
1780 3028 2096 3088 Heliadum
2135 3032 2439 3106 oppressis
2479 3033 2830 3108 abactisque
2875 3033 3132 3090 ducibus
3170 3048 3207 3088 a
3256 3030 3552 3088 Richardo

191 3111 512 3184 Anglorum
579 3127 719 3184 rege
793 3112 947 3171 ultro
1020 3119 1362 3188 temereque
1448 3116 1748 3186 lacessito,
1829 3118 2027 3176 insula
2076 3120 2328 3178 subacta
2387 3122 2687 3190 universa,
2740 3124 2802 3179 in
2855 3123 3202 3181 Latinorum
3259 3119 3551 3177 ditionem

197 3204 673 3275 potestatemque
730 3203 910 3260 cessit
967 3220 981 3259 :
1051 3203 1416 3262 Richardum
1468 3205 1631 3261 enim
1688 3205 1994 3278 invictum,
2051 3225 2233 3284 quem
2298 3211 2563 3268 amicum
2619 3213 2904 3284 rejecerat
2947 3213 3265 3285 hospitem,
3318 3209 3552 3266 violatis

199 3289 697 3363 bospitiijuribus
729 3291 1031 3350 infensum
1079 3297 1295 3368 postea
1339 3293 1452 3350 sub
1505 3293 1668 3351 malo
1699 3297 1975 3361 sustinuit
2041 3299 2344 3374 sensitque
2394 3301 2650 3358 hostem.
2685 3301 2904 3359 Deinde
2976 3300 3309 3359 Lusianinis
3353 3299 3555 3372 paruit

196 3379 398 3450 Gallis,
462 3381 568 3455 qui
617 3381 782 3453 regio
851 3397 986 3440 eam
1060 3383 1307 3441 nomine
1380 3400 1417 3440 a
1480 3387 1764 3442 Romanis
1826 3389 2214 3460 pontiﬁcibus
2280 3394 2523 3448 auctam
2569 3391 3029 3464 locupletarunt.
3089 3390 3203 3448 Sed
3260 3388 3549 3460 caedibus,

195 3469 482 3540 dissidiis,
510 3471 905 3529 seditionibus
930 3473 1217 3531 distracta
1242 3489 1312 3531 ac
1344 3472 1589 3545 foedata,
1629 3475 1692 3530 in
1734 3491 1983 3549 superos
2041 3483 2384 3551 contumax,
2449 3479 2511 3536 in
2549 3494 2724 3553 pares
2761 3480 3051 3551 fastuosa,
3107 3479 3170 3536 in
3214 3481 3553 3535 Romanam

193 3559 403 3618 sedem
432 3561 690 3633 ingrata,
732 3562 1190 3620 eccelesiasticis
1220 3563 1576 3620 fulminibus
1633 3565 1769 3634 icta,
1836 3567 2098 3639 pugnaci
2151 3583 2466 3642 procerum
2510 3583 2582 3625 ac
2611 3569 2939 3643 praesulum
2976 3572 3250 3627 vastatur
3276 3567 3547 3624 dissidio.

193 3653 444 3722 Quocira
469 3653 878 3728 perduellibus
908 3656 1190 3713 Romanae
1210 3656 1334 3713 sedi
1358 3656 1742 3729 pontiﬁcibus
1771 3657 2043 3728 extrusis,
2090 3657 2431 3714 Graecanica
2461 3657 2766 3716 eliminata
2816 3659 3088 3733 perﬁdia,
3119 3655 3552 3728 abstractisque

195 3745 654 3817 quatuordecim
677 3747 1015 3802 Griecorum
1057 3747 1478 3820 episcoporum
1521 3747 1789 3818 sedibus,
1851 3746 2252 3804 ecclesiastica
2295 3753 2598 3805 contracta
2641 3748 2974 3821 provincia,
3014 3753 3274 3822 quatuor
3322 3749 3554 3802 tantum

189 3834 371 3890 totius
439 3834 652 3891 insulae
724 3853 760 3893 a
829 3835 1142 3892 leestino
1200 3837 1383 3908 hujus
1453 3837 1714 3893 nominis
1767 3837 1937 3894 tertio
2004 3838 2338 3894 antistitum
2393 3838 2587 3904 sedes,
2631 3837 2873 3895 duobus
2921 3837 3160 3895 cuilibet
3207 3835 3342 3893 urbi
3395 3835 3550 3891 datis

189 3923 571 3996 praesulibus,
607 3924 810 3980 Latino
842 3925 1130 3982 nimirum
1179 3931 1236 3982 et
1266 3928 1483 3997 Graeco,
1527 3925 1776 3996 singulis
1806 3943 1917 3984 suo
1979 3927 2273 4000 cujusque
2337 3927 2531 4000 patrio
2581 3927 2695 3984 ritu
2749 3929 3056 4001 pontiticia
3099 3925 3307 3982 munia
3341 3924 3402 3980 in
3427 3938 3552 3980 una

187 4013 522 4086 eademque
544 4012 908 4070 obeuntibus
939 4013 1104 4071 urbe.
1132 4017 1351 4071 llorum
1384 4015 1611 4088 primas
1630 4031 1766 4072 cum
1795 4016 1943 4082 olim
1976 4016 2053 4072 ad
2085 4021 2364 4088 quartum
2393 4016 2511 4072 fere
2537 4032 2727 4090 usque
2773 4016 3061 4074 saeculum
3089 4012 3550 4086 metropolitano

201 4102 364 4158 acius
383 4102 515 4174 jure
575 4103 903 4177 Paphensis
951 4109 1107 4161 esset
1155 4105 1668 4178 archiepiscopus,
1721 4104 1939 4161 deinde
1981 4105 2465 4173 Constantiensis,
2531 4105 2892 4162 duodecimo
2955 4105 3200 4161 demum
3232 4119 3268 4159 a
3321 4101 3550 4157 Christo

195 4191 413 4246 saeculo
444 4194 874 4255 Leucosiensis.
904 4194 1140 4266 exstitit,
1175 4193 1409 4251 reddita
1436 4193 1744 4263 Leucosia,
1783 4195 1948 4265 regia
1978 4193 2118 4250 olim
2177 4194 2346 4259 urbe,
2396 4195 2576 4250 totius
2638 4195 2847 4250 insulae
2899 4193 3230 4266 metropoli.
3265 4191 3550 4247 Defuncto

189 4286 392 4337 autem
424 4283 718 4339 Leucosiae
741 4282 993 4355 praesule
1017 4285 1243 4352 Graeco,
1275 4283 1579 4354 elegerunt
1611 4283 1794 4340 Graeci
1824 4284 2105 4355 gentilem
2131 4301 2310 4339 suum
2356 4286 2740 4352 Germanum,
2785 4285 2910 4356 qui,
2958 4289 3024 4340 ut
3055 4282 3302 4338 urbanae
3334 4279 3549 4351 gentis,

203 4369 286 4425 ita
339 4375 395 4425 et
437 4369 602 4426 urbis
649 4371 980 4444 insulaeque
1029 4373 1318 4428 universae
1367 4372 1598 4442 integro
1659 4389 1720 4428 se
1779 4372 2080 4445 plenoque
2121 4375 2255 4444 jure
2304 4374 2582 4428 antistcm
2636 4373 2863 4428 factum
2904 4377 3088 4440 ratus,
3129 4386 3353 4428 nomen
3377 4369 3552 4441 etjus

190 4459 444 4514 assumit
473 4461 927 4534 archiepiscopi,
961 4465 1018 4517 et
1057 4461 1494 4533 metropolitico
1520 4461 1652 4531 jure
1686 4463 1916 4518 Graecos
1942 4477 2147 4518 omnes
2169 4461 2349 4516 totius
2380 4461 2589 4517 insula:
2618 4478 2740 4517 sum
2771 4461 3010 4518 ditionis
3048 4477 3180 4518 esse
3225 4458 3550 4517 contendit.

191 4547 320 4612 Quo
349 4548 654 4619 pontificio
670 4549 804 4620 jure
834 4556 888 4605 et
915 4564 1163 4605 munere
1203 4549 1613 4620 perfungente,
1644 4552 1834 4623 llugo,
1861 4552 2102 4607 Latinus
2127 4550 2420 4606 Leucosiae
2448 4550 2956 4624 archiepiscopus,
2983 4551 3243 4622 insurgit
3269 4566 3283 4616 ;
3318 4551 3554 4606 Germa-

187 4651 339 4692 num
366 4652 486 4692 non
516 4639 622 4694 rite
655 4637 907 4695 electum
937 4655 1046 4694 nec
1073 4639 1360 4694 canonice
1414 4638 1761 4695 ordinatum
1802 4639 2173 4705 criminatur,
2207 4639 2463 4707 incusat,
2500 4639 2716 4711 injuste
2737 4639 2837 4710 jus
2865 4639 3008 4697 dare
3033 4639 3288 4697 oblatrat
3321 4655 3334 4705 ;
3361 4650 3548 4692 unum

188 4724 489 4783 duntaxat
509 4743 771 4801 eumque
805 4728 1075 4784 Latinum
1115 4744 1245 4784 esse
1276 4728 1799 4802 archiepiscopum
1820 4729 1882 4784 in
1912 4729 2195 4784 universa
2217 4728 2411 4784 insula
2433 4728 2864 4802 metropolitico
2890 4730 3272 4786 constitutum
3294 4725 3448 4796 jure,
3477 4739 3551 4778 ex

187 4829 570 4872 summorum
601 4817 952 4889 pontiﬁcum
981 4817 1252 4887 decretis,
1287 4817 1658 4873 contentioso
1688 4819 2070 4891 pugnacique
2102 4817 2358 4874 tumultu
2383 4818 2581 4886 instat,
2616 4823 2798 4887 urget,
2822 4817 3032 4889 probat
3064 4835 3077 4883 ;
3111 4819 3380 4873 Graecum
3411 4815 3548 4868 Gre-

187 4917 464 4966 manum,
497 4910 554 4961 ut
589 4904 784 4960 aliena
808 4905 946 4976 jura
977 4905 1385 4972 invadentem,
1425 4905 1854 4961 deturbaturus
1879 4923 1910 4963 e
1942 4907 2092 4962 solio
2119 4907 2193 4963 ad
2231 4924 2411 4963 suum
2457 4913 2744 4979 provocat
2775 4905 3030 4962 tribunal
3061 4919 3319 4975 eumque
3357 4902 3548 4958 insec-

181 4995 344 5048 tatur
374 4993 620 5050 moleste
647 4995 1028 5068 exagitatque
1050 4995 1329 5066 graviter.
1362 4997 1505 5062 Quae
1533 4994 1739 5051 omnia
1770 4995 1988 5052 acerbo
2019 4995 2214 5052 ferens
2243 4995 2446 5052 animo
2471 4997 2817 5060 Germanus,
2850 4985 3012 5049 facta.
3043 4992 3119 5048 ad
3141 4990 3549 5048 Alexandrum

185 5079 263 5135 ιν
303 5084 657 5141 Rom.Pont.
689 5084 1113 5157 appellatione,
1155 5085 1418 5154 llugonis
1447 5082 1635 5141 eludit
1658 5083 1975 5156 judicium.
2009 5083 2098 5140 Ad
2121 5087 2452 5141 Romanam
2480 5081 2750 5139 convolat
2777 5081 3008 5152 urbem,
3075 5081 3384 5152 gentilium
3409 5095 3548 5136 suo-

175 5184 318 5226 rum
343 5171 769 5244 episcoporum
799 5173 1132 5245 frequentia
1149 5173 1405 5247 stipatus
1442 5191 1454 5241 ;
1482 5172 1710 5229 illatam
1734 5173 1846 5228 sibi
1867 5172 2207 5245 expostulat
2231 5171 2511 5243 injuriam
2543 5170 2828 5242 ;indigna
2858 5175 2910 5226 et
2937 5169 3314 5226 intoleranda
3343 5187 3405 5227 se
3444 5168 3552 5226 ini-

176 5273 299 5331 que
328 5274 680 5333 perpessum
712 5261 1098 5334 conqueritur
1126 5279 1139 5329 ;
1168 5261 1536 5334 pontiﬁciam
1568 5261 1849 5334 implorat
1877 5277 2080 5334 opem,
2126 5277 2250 5334 qua
2305 5259 2570 5332 Cyprios,
2611 5259 2832 5330 quibus
2877 5260 3156 5316 universa
3201 5259 3544 5330 agitabatur

177 5346 398 5413 insula,
432 5349 666 5407 sedaret
693 5349 929 5407 ﬂuctus.
953 5351 1116 5409 Mittit
1143 5352 1325 5408 etiam
1353 5355 1410 5408 et
1434 5353 1604 5421 llugo
1639 5351 1935 5406 Leucosiae
1959 5349 2444 5421 archiepiscopus
2467 5363 2610 5403 suos
2641 5352 2930 5418 oratores,
2971 5365 3320 5406 accessurus
3350 5348 3550 5422 potius

178 5435 310 5508 ipse
335 5437 447 5493 nisi
479 5440 701 5496 veritus
737 5440 999 5496 insulam
1031 5440 1156 5496 sine
1181 5439 1301 5497 ulla
1321 5439 1652 5514 relinquere
1682 5439 1959 5510 antistite,
1988 5447 2213 5495 rectore
2259 5442 2618 5510 pastoreque
2671 5436 3016 5496 destitutam
3063 5454 3310 5512 prorsus
3353 5436 3540 5498 omni.

183 5525 349 5581 Viros
378 5527 624 5598 praeﬁcit
668 5529 946 5600 legatque
992 5531 1263 5596 Romam,
1337 5528 1530 5585 alieno
1576 5529 1824 5602 quidem
1883 5529 2148 5599 nomine,
2203 5542 2411 5584 revera
2466 5531 2671 5583 tamen
2724 5527 2864 5598 jura
2921 5529 3109 5586 Latini
3155 5524 3547 5598 metropolitse

179 5622 674 5688 propugnaturos
739 5617 902 5690 apud
965 5616 1326 5676 acerrimum
1372 5615 1523 5689 juris
1588 5615 2140 5692 prepugnttculum',
2202 5615 2266 5674 in
2327 5628 2572 5674 summa
2656 5615 2949 5690 aequitatis
3007 5631 3168 5682 areo,
3215 5611 3548 5688 apostolica
