4054 6212
563 245 699 305 1581
1978 242 2164 300 ALEX

2208 243 2394 301 LNDRI
2431 242 2501 297 ιν
3712 240 3809 297 1832

565 371 851 431 nimirum
892 369 1052 432 sede.
1076 368 1351 441 praesidia
1374 368 1739 427 defensionis
1772 384 1896 425 sum
1916 368 2301 425 constituens.
2336 368 2577 440 Excepit
2623 380 2836 422 omnes
2896 360 3227 417 Alexander
3266 355 3509 425 benigne
3545 356 3815 431 audivitque

567 460 779 519 amice.
805 459 1059 519 Diversis
1089 462 1284 514 tamen
1307 458 1707 530 pugnantium
1737 458 2155 530 episcoporum
2177 456 2387 513 studiis
2422 461 2761 511 commotus
2788 450 3068 521 graviter,
3092 446 3258 519 pacis
3308 443 3646 517 provinciam
3678 449 3815 503 susci-

566 549 759 624 piens,
787 546 1093 617 Anagniae,
1120 546 1261 602 Latii
1294 545 1440 607 urbe
1460 546 1672 619 patria,
1697 547 1755 603 in
1783 546 2024 619 publico
2040 562 2345 615 consessu,
2376 546 2511 617 ipso
2542 546 2775 603 astante
2814 542 3109 596 Germano
3164 534 3482 624 tribusque
3508 531 3619 624 aliis
3656 532 3819 591 Graecis

569 620 747 709 Cypri
761 634 1078 707 episcopis,
1106 633 1347 693 Nicolao
1365 634 1550 703 Soliae,
1585 635 1803 693 loacim
1835 635 2098 707 Carpasii
2126 640 2183 693 et
2207 634 2479 693 Mattbeeo
2507 636 2861 696 Leucarum,
2918 643 2991 685 ac
3054 623 3317 695 Hugonis
3374 620 3545 677 Latini
3591 622 3817 689 Leucosia

569 723 1034 796 archiepiscopi,
1107 723 1474 791 oratoribus,
1553 724 1943 797 plurimisque
2022 723 2472 780 considentibus
2542 726 2598 779 S.
2660 723 2721 789 Β.
2781 721 2841 775 Ε.
2910 711 3343 780 οωᾱὶηᾶὶίδυεθ
3422 709 3573 781 Ρᾶοίε
3634 716 3819 765 assertor

568 812 859 879 Pontifex,
895 812 1111 868 auditis
1164 816 1516 884 matureque
1554 814 1833 885 expensis
1874 814 2180 884 utriusque
2232 811 2579 867 dissidentis
2628 800 2815 883 partis
2857 803 3212 865 rationibus,
3244 816 3315 857 ex
3375 798 3605 854 fratrum
3642 797 3820 854 consilio

568 899 822 973 paciﬁca
851 899 1268 956 constitutione
1293 901 1508 970 sanxit,
1541 903 1902 957 Germanum
1929 901 2135 973 quoad
2164 901 2387 957 viveret
2410 898 2847 971 archiepiscOpi
2872 895 3025 966 jure,
3076 890 3338 955 nomine,
3392 902 3618 942 munere
3654 885 3823 973 potiun-

569 972 718 1044 dum
752 1003 939 1057 ;neve
959 987 1139 1043 unius
1164 989 1462 1045 Leucosiae
1492 989 1743 1045 civitatis
1773 989 1896 1044 duo
1928 972 2119 1044 forent
2174 987 2631 1061 archiepiscOpi.
2693 991 2746 1041 et
2796 986 2936 1054 jura
2983 996 3123 1037 cum
3183 978 3351 1034 daret
3410 972 3824 1042 Germanus,jura

570 1077 794 1149 eripere
829 1076 1123 1132 videretur
1153 1077 1403 1145 Hugoni,
1430 1077 1728 1132 Neucosiae
1759 1070 1964 1133 sedem
1992 1070 2247 1148 Hugoni,
2283 1078 2452 1135 Soliaa
2494 1092 2636 1132 vero
2669 1077 2965 1131 Germano
2995 1068 3215 1133 tribuit,
3260 1063 3476 1122 Nicolio
3503 1062 3574 1118 ad
3595 1060 3826 1149 Arsinoen

570 1147 881 1229 vacantem
902 1164 1229 1229 Ecclesiam
1257 1165 1586 1222 aSolmensi
1614 1165 1900 1223 translato
1942 1184 1955 1232 ;
1987 1147 2266 1225 etomnia
2300 1165 2737 1239 metropolitica
2788 1164 3126 1219 Graecorum
3163 1157 3303 1227 jura
3335 1154 3527 1209 Graeco
3567 1147 3827 1235 impertiens

573 1255 885 1319 Germano,
910 1254 1140 1309 cunctis
1169 1253 1451 1325 deinceps
1473 1254 1695 1310 ademit
1717 1254 1928 1310 Graecis
1952 1272 1964 1309 :
1990 1254 2286 1326 siquidem
2326 1255 2610 1311 defuncto
2650 1255 2944 1308 Germano
2983 1247 3218 1302 nullum
3262 1242 3443 1298 alium
3489 1240 3720 1295 Graecum
3747 1251 3829 1291 me-

570 1341 911 1414 tropolitam
956 1342 1297 1412 eligendum
1342 1342 1564 1410 statuit,
1612 1359 1688 1398 ne
1741 1349 1949 1399 contra
2004 1360 2207 1399 sacros
2266 1359 2528 1401 canones
2571 1342 2693 1398 duo
2746 1341 2947 1395 essent
3005 1337 3067 1391 in
3107 1349 3231 1389 una
3274 1328 3571 1405 provincia
3610 1330 3830 1414 metropo-

571 1429 708 1498 litee,
738 1445 1013 1498 nomeve,
1042 1420 1174 1505 jus,
1236 1446 1458 1489 munus
1520 1431 1974 1504 archiepiscopi,
2016 1432 2194 1497 unius
2226 1438 2453 1499 tantum
2483 1436 2693 1505 postea
2737 1427 3025 1495 futurum,
3052 1422 3235 1479 Latini
3282 1412 3563 1505 nimirum
3612 1413 3832 1505 Leucosiae

572 1518 914 1591 pontiﬁcis;
948 1499 1193 1575 creteros
1232 1535 1370 1575 vero
1400 1520 1677 1576 Germani
1709 1499 1979 1591 posteros
2018 1521 2358 1594 episcopos,
2409 1499 2579 1577 Saliae
2637 1523 2828 1572 tatum
2870 1513 3113 1569 nomine
3152 1516 3205 1565 et
3237 1507 3379 1563 sede
3414 1499 3831 1594 cohonestandos.

576 1587 647 1664 ac
674 1608 880 1665 Latino
902 1609 1203 1664 Leucosiae
1232 1609 1620 1680 metrOpolitee
1644 1587 2077 1681 metropolitico
2093 1587 2247 1680 jure,
2287 1616 2350 1665 ut
2374 1614 2431 1666 et
2476 1608 2736 1680 reliquos
2763 1608 2995 1662 Graecos
3019 1598 3333 1673 pontiﬁces
3362 1609 3488 1650 esse
3514 1587 3837 1660 subjiciendos

574 1696 961 1769 pronuntiat;
1017 1699 1355 1753 Graecorum
1411 1697 1550 1752 item
1604 1697 1919 1769 praesulum
1977 1698 2149 1755 sedes
2201 1700 2261 1755 in
2313 1698 2653 1761 Latinorum
2716 1692 2992 1761 urbibus,
3023 1689 3201 1751 locat.
3260 1682 3569 1769 expressis,
3602 1683 3838 1769 utrorum-

573 1800 693 1857 que
716 1784 977 1856 juribus,
1002 1802 1113 1842 sua
1139 1786 1460 1857 unicuique
1499 1766 1675 1858 plane
1713 1786 1996 1854 tribuens,
2031 1790 2267 1844 Graecos
2296 1787 2615 1859 episcopos
2646 1784 2709 1840 in
2741 1782 3083 1838 Latinorum
3117 1772 3372 1848 imperio
3400 1786 3471 1826 ac
3518 1766 3714 1822 ditione
3748 1776 3841 1816 con-

575 1872 742 1929 cordi
764 1872 969 1929 animo
997 1890 1182 1946 quam
1205 1874 1621 1947 pacatissimos
1654 1874 1973 1941 constituit.

646 1961 818 2017 Edita
837 1941 1099 2034 primum
1122 1941 1248 2018 haec
1276 1963 1627 2019 Constitutio
1660 1966 1747 2019 est
1798 1980 1959 2019 anno
2014 1966 2246 2021 Domini
2308 1968 2461 2029 1260,
2511 1961 2589 2017 ab
2632 1957 2970 2016 Alexandro
3006 1951 3292 2028 pontiﬁce
3346 1960 3601 2007 summo.
3642 1941 3842 2034 Romani)

572 2050 835 2122 eloquio,
860 2054 1265 2107 Romanorum
1303 2052 1655 2124 pontiﬁcum
1673 2069 1839 2108 more
1876 2070 1891 2117 ;
1922 2053 2140 2110 deinde
2169 2070 2204 2110 a
2234 2054 2469 2117 Graecis,
2501 2048 2821 2120 gentilibus
2869 2044 2993 2100 suis
3012 2026 3515 2100 iconsulentibus,
3572 2026 3843 2124 (irascend-

573 2115 717 2205 dita,
752 2115 1323 2196 et'LeoniSolmensi‘
1352 2156 1507 2195 novo
1554 2141 1842 2213 episcopo
1880 2115 2126 2197 suffecto
2167 2157 2328 2198 anno
2379 2115 2613 2196 Domini
2679 2138 2811 2192 1297
2853 2150 2924 2189 ex
2970 2131 3266 2188 Leucosiae
3310 2124 3597 2213 tabulario
3635 2115 3843 2213 exhibita.

573 2242 983 2301 germanaque
1008 2228 1396 2301 locupletium
1428 2210 1668 2285 testium
1702 2210 2028 2285 assertione
2060 2231 2381 2303 publicitus
2409 2225 2827 2300 comprobata.
2848 2225 3064 2277 Verum
3095 2234 3217 2292 qua
3240 2216 3534 2273 bellorum
3564 2210 3842 2303 incursione,

572 2332 697 2389 qua
718 2316 1063 2374 Latinorum
1100 2319 1345 2387 incuria,
1382 2319 1589 2375 Latina
1612 2319 1827 2374 excidit
1857 2292 2079 2382 editio;
2104 2326 2160 2376 et
2191 2321 2394 2375 Graeca
2430 2292 2683 2380 tantum,
2713 2331 2743 2368 e
2770 2312 2985 2367 Graecis
3026 2308 3283 2365 librariis
3323 2314 3629 2373 nunquam
3680 2292 3845 2393 ειεξέωο

574 2387 959 2477 parcentibus
984 2413 1249 2471 exarata,
1280 2407 1340 2462 in
1365 2413 1596 2463 vetusto
1622 2408 1892 2479 quodam
1924 2424 2038 2464 ms.
2076 2409 2286 2482 Cyprio
2330 2404 2690 2476 Euchologio
2747 2400 3167 2472 Altempsianae
3197 2387 3845 2482 bibliothecmiftépeﬁlllri

573 2476 730 2559 eam,
763 2509 858 2561 ne,
896 2500 962 2550 ut
1001 2495 1310 2568 hucusque
1343 2496 1462 2552 alto
1492 2476 1723 2551 silentio
1750 2476 2131 2568 praeteritam,
2162 2476 2255 2554 'sic
2290 2497 2469 2552 etiam
2518 2493 2983 2555 oblitescentem,
3012 2488 3144 2560 ipsa
3183 2498 3437 2558 prorsus
3478 2476 3844 2568 oblitterarelilra

575 2597 607 2637 e
628 2580 831 2639 Graeco
862 2597 1150 2652 germano
1171 2582 1499 2655 exemplari
1527 2555 1823 2640 Latinitati
1844 2600 2085 2641 rursum
2116 2555 2443 2654 restituere,
2470 2586 2525 2639 et
2585 2580 2789 2637 Latine
2834 2594 2904 2634 ac
2948 2579 3144 2633 Graece
3174 2555 3343 2631 nunc
3391 2568 3645 2642 primum
3676 2555 3846 2634 Publico

574 2668 850 2725 Ecclesiae
878 2669 1042 2727 bono
1064 2671 1237 2728 edere
1264 2671 1463 2727 visum
1496 2675 1602 2728 est.
