  <div class='ocr_page' id='page_1' title='image "/cluster/home/n/w/nwhite01/storage/ocr_20150623/140/hvd.32044073502551/886.png"; bbox 0 0 4054 6212; ppageno 0'>
   <div class='ocr_carea' id='block_1_1' title="bbox 175 251 301 307">
    <p class='ocr_par' dir='ltr' id='par_1_1' title="bbox 175 251 301 307">
     <span class='ocr_line' id='line_1_1' title="bbox 175 251 301 307; baseline -0.024 0"><span class='ocrx_word' id='word_1_1' title='bbox 175 251 301 307; x_wconf 81' lang='grc'><strong>1537</strong></span> 
     </span>
    </p>
   </div>
   <div class='ocr_carea' id='block_1_2' title="bbox 1463 221 2224 300">
    <p class='ocr_par' dir='ltr' id='par_1_2' title="bbox 1463 221 2224 300">
     <span class='ocr_line' id='line_1_2' title="bbox 1463 221 2224 300; baseline 0.004 -4"><span class='ocrx_word' id='word_1_2' title='bbox 1463 221 1914 296; x_wconf 74' lang='lat' dir='ltr'>Cousmm‘to</span> <span class='ocrx_word' id='word_1_3' title='bbox 1955 237 2224 300; x_wconf 85' lang='lat' dir='ltr'>CYPRIA.</span> 
     </span>
    </p>
   </div>
   <div class='ocr_carea' id='block_1_3' title="bbox 3384 242 3522 307">
    <p class='ocr_par' dir='ltr' id='par_1_3' title="bbox 3384 242 3522 307">
     <span class='ocr_line' id='line_1_3' title="bbox 3384 242 3522 307; baseline 0.007 -1"><span class='ocrx_word' id='word_1_4' title='bbox 3384 242 3522 307; x_wconf 68' lang='lat'>1338</span> 
     </span>
    </p>
   </div>
   <div class='ocr_carea' id='block_1_4' title="bbox 168 359 1784 444">
    <p class='ocr_par' dir='ltr' id='par_1_4' title="bbox 168 359 1768 443">
     <span class='ocr_line' id='line_1_4' title="bbox 168 359 1768 443; baseline -0.01 -15"><span class='ocrx_word' id='word_1_5' title='bbox 168 377 250 428; x_wconf 79' lang='grc' dir='ltr'>τὸν</span> <span class='ocrx_word' id='word_1_6' title='bbox 332 379 430 433; x_wconf 86' lang='grc' dir='ltr'>τῆς</span> <span class='ocrx_word' id='word_1_7' title='bbox 496 368 693 440; x_wconf 81' lang='grc' dir='ltr'>Ῥώμης</span> <span class='ocrx_word' id='word_1_8' title='bbox 753 365 1006 443; x_wconf 81' lang='grc' dir='ltr'>ἀρχιερέὰ</span> <span class='ocrx_word' id='word_1_9' title='bbox 1068 365 1126 420; x_wconf 72' lang='grc' dir='ltr'>οὗ</span> <span class='ocrx_word' id='word_1_10' title='bbox 1177 370 1444 440; x_wconf 69' lang='grc' dir='ltr'>γινώσκει,</span> <span class='ocrx_word' id='word_1_11' title='bbox 1527 365 1644 416; x_wconf 73' lang='grc' dir='ltr'>οὔτε</span> <span class='ocrx_word' id='word_1_12' title='bbox 1694 359 1768 422; x_wconf 80' lang='grc' dir='ltr'>εἰς</span> 
     </span>
    </p>
   </div>
   <div class='ocr_carea' id='block_1_5' title="bbox 1895 359 3521 444">
    <p class='ocr_par' dir='ltr' id='par_1_5' title="bbox 1895 363 3521 444">
     <span class='ocr_line' id='line_1_5' title="bbox 1895 363 3521 444; baseline 0.008 -27"><span class='ocrx_word' id='word_1_13' title='bbox 1895 364 1991 418; x_wconf 88' lang='lat' dir='ltr'>ate</span> <span class='ocrx_word' id='word_1_14' title='bbox 2016 363 2283 438; x_wconf 85' lang='lat' dir='ltr'>polleret,</span> <span class='ocrx_word' id='word_1_15' title='bbox 2307 367 2386 426; x_wconf 89' lang='lat' dir='ltr'>ad</span> <span class='ocrx_word' id='word_1_16' title='bbox 2411 383 2588 426; x_wconf 90' lang='lat' dir='ltr'>suum</span> <span class='ocrx_word' id='word_1_17' title='bbox 2626 367 2888 428; x_wconf 81' lang='lat' dir='ltr'>tribunal</span> <span class='ocrx_word' id='word_1_18' title='bbox 2921 368 3122 442; x_wconf 89' lang='lat' dir='ltr'>ipsum</span> <span class='ocrx_word' id='word_1_19' title='bbox 3161 384 3521 444; x_wconf 82' lang='lat' dir='ltr'>provocasse</span> 
     </span>
    </p>
   </div>
   <div class='ocr_carea' id='block_1_6' title="bbox 169 447 1766 532">
    <p class='ocr_par' dir='ltr' id='par_1_6' title="bbox 169 447 1766 532">
     <span class='ocr_line' id='line_1_6' title="bbox 169 447 1766 532; baseline -0.01 -14"><span class='ocrx_word' id='word_1_20' title='bbox 169 467 282 526; x_wconf 78' lang='grc' dir='ltr'>τοὺς</span> <span class='ocrx_word' id='word_1_21' title='bbox 361 460 814 532; x_wconf 68' lang='grc' dir='ltr'>ύπατιταεγμένους</span> <span class='ocrx_word' id='word_1_22' title='bbox 897 456 1037 530; x_wconf 82' lang='grc' dir='ltr'>αύτῷ</span> <span class='ocrx_word' id='word_1_23' title='bbox 1111 459 1366 532; x_wconf 78' lang='grc' dir='ltr'>Γραικοὺς</span> <span class='ocrx_word' id='word_1_24' title='bbox 1410 456 1529 509; x_wconf 80' lang='grc' dir='ltr'>τινὰ</span> <span class='ocrx_word' id='word_1_25' title='bbox 1583 447 1766 505; x_wconf 78' lang='grc' dir='ltr'>ἄὸιιαν</span> 
     </span>
    </p>
   </div>
   <div class='ocr_carea' id='block_1_7' title="bbox 169 541 1766 624">
    <p class='ocr_par' dir='ltr' id='par_1_7' title="bbox 169 541 1766 624">
     <span class='ocr_line' id='line_1_7' title="bbox 169 541 1766 624; baseline -0.009 -17"><span class='ocrx_word' id='word_1_26' title='bbox 169 549 526 624; x_wconf 63' lang='grc' dir='ltr'>δικαιολογίας</span> <span class='ocrx_word' id='word_1_27' title='bbox 578 546 804 620; x_wconf 75' lang='grc' dir='ltr'>ὶπίχειν,</span> <span class='ocrx_word' id='word_1_28' title='bbox 865 545 1020 599; x_wconf 77' lang='grc' dir='ltr'>αὐτὸν</span> <span class='ocrx_word' id='word_1_29' title='bbox 1099 555 1171 618; x_wconf 87' lang='grc' dir='ltr'>τῷ</span> <span class='ocrx_word' id='word_1_30' title='bbox 1223 541 1344 619; x_wconf 80' lang='grc' dir='ltr'>ἰδίῳ</span> <span class='ocrx_word' id='word_1_31' title='bbox 1407 543 1606 618; x_wconf 73' lang='grc' dir='ltr'>ϐήματι</span> <span class='ocrx_word' id='word_1_32' title='bbox 1646 558 1766 615; x_wconf 75' lang='grc' dir='ltr'>προ-</span> 
     </span>
    </p>
   </div>
   <div class='ocr_carea' id='block_1_8' title="bbox 166 629 1768 712">
    <p class='ocr_par' dir='ltr' id='par_1_8' title="bbox 166 629 1768 712">
     <span class='ocr_line' id='line_1_8' title="bbox 166 629 1768 712; baseline -0.009 -17"><span class='ocrx_word' id='word_1_33' title='bbox 166 642 413 712; x_wconf 78' lang='grc' dir='ltr'>καλεῖται,</span> <span class='ocrx_word' id='word_1_34' title='bbox 473 639 556 691; x_wconf 82' lang='grc' dir='ltr'>ἵνα</span> <span class='ocrx_word' id='word_1_35' title='bbox 633 634 717 690; x_wconf 83' lang='grc' dir='ltr'>ἐπί</span> <span class='ocrx_word' id='word_1_36' title='bbox 791 654 906 688; x_wconf 89' lang='grc' dir='ltr'>τισι</span> <span class='ocrx_word' id='word_1_37' title='bbox 973 636 1276 708; x_wconf 74' lang='grc' dir='ltr'>ζητήμασιν</span> <span class='ocrx_word' id='word_1_38' title='bbox 1335 633 1372 686; x_wconf 86' lang='grc' dir='ltr'><em>ἂ</em></span> <span class='ocrx_word' id='word_1_39' title='bbox 1423 629 1768 707; x_wconf 75' lang='grc' dir='ltr'>προύϐάλλετο</span> 
     </span>
    </p>
   </div>
   <div class='ocr_carea' id='block_1_9' title="bbox 167 721 1765 801">
    <p class='ocr_par' dir='ltr' id='par_1_9' title="bbox 167 721 1765 801">
     <span class='ocr_line' id='line_1_9' title="bbox 167 721 1765 801; baseline -0.01 -15"><span class='ocrx_word' id='word_1_40' title='bbox 167 732 277 786; x_wconf 85' lang='grc' dir='ltr'>κατ’</span> <span class='ocrx_word' id='word_1_41' title='bbox 355 729 516 783; x_wconf 77' lang='grc' dir='ltr'>αὐτοῦ</span> <span class='ocrx_word' id='word_1_42' title='bbox 588 729 762 801; x_wconf 75' lang='grc' dir='ltr'>ὧσπερ</span> <span class='ocrx_word' id='word_1_43' title='bbox 840 722 1070 788; x_wconf 72' lang='grc' dir='ltr'>διέταξεν</span> <span class='ocrx_word' id='word_1_44' title='bbox 1129 724 1378 790; x_wconf 77' lang='grc' dir='ltr'>ἐκζητεῐν,</span> <span class='ocrx_word' id='word_1_45' title='bbox 1441 721 1765 796; x_wconf 78' lang='grc' dir='ltr'>ἀποκριθείη.</span> 
     </span>
    </p>
   </div>
   <div class='ocr_carea' id='block_1_10' title="bbox 174 812 1769 891">
    <p class='ocr_par' dir='ltr' id='par_1_10' title="bbox 174 812 1769 891">
     <span class='ocr_line' id='line_1_10' title="bbox 174 812 1769 891; baseline -0.008 -16"><span class='ocrx_word' id='word_1_46' title='bbox 174 827 270 875; x_wconf 80' lang='grc' dir='ltr'>Καὶ</span> <span class='ocrx_word' id='word_1_47' title='bbox 299 819 407 874; x_wconf 70' lang='grc' dir='ltr'>ἐπεὶ</span> <span class='ocrx_word' id='word_1_48' title='bbox 461 819 488 870; x_wconf 85' lang='grc' dir='ltr'><strong>ὁ</strong></span> <span class='ocrx_word' id='word_1_49' title='bbox 528 815 686 878; x_wconf 87' lang='grc' dir='ltr'>αύτός</span> <span class='ocrx_word' id='word_1_50' title='bbox 748 813 1167 891; x_wconf 80' lang='grc' dir='ltr'>ἀρχιεπίσκοπος</span> <span class='ocrx_word' id='word_1_51' title='bbox 1223 815 1478 888; x_wconf 75' lang='grc' dir='ltr'>Γερμανὸς</span> <span class='ocrx_word' id='word_1_52' title='bbox 1517 812 1769 881; x_wconf 74' lang='grc' dir='ltr'>ὑπήνεγκε</span> 
     </span>
    </p>
   </div>
   <div class='ocr_carea' id='block_1_11' title="bbox 168 900 1770 984">
    <p class='ocr_par' dir='ltr' id='par_1_11' title="bbox 168 900 1770 984">
     <span class='ocr_line' id='line_1_11' title="bbox 168 900 1770 984; baseline -0.009 -20"><span class='ocrx_word' id='word_1_53' title='bbox 168 915 296 984; x_wconf 80' lang='grc' dir='ltr'>πρὸς</span> <span class='ocrx_word' id='word_1_54' title='bbox 321 913 381 962; x_wconf 85' lang='grc' dir='ltr'>τὸ</span> <span class='ocrx_word' id='word_1_55' title='bbox 405 910 551 982; x_wconf 65' lang='grc' dir='ltr'>ἔργον</span> <span class='ocrx_word' id='word_1_56' title='bbox 589 903 790 968; x_wconf 81' lang='grc' dir='ltr'>ἐνδούς.</span> <span class='ocrx_word' id='word_1_57' title='bbox 825 910 916 958; x_wconf 83' lang='grc' dir='ltr'>καὶ</span> <span class='ocrx_word' id='word_1_58' title='bbox 971 903 1021 956; x_wconf 80' lang='grc' dir='ltr'>ἐν</span> <span class='ocrx_word' id='word_1_59' title='bbox 1074 913 1148 976; x_wconf 82' lang='grc' dir='ltr'>τῷ</span> <span class='ocrx_word' id='word_1_60' title='bbox 1209 909 1414 975; x_wconf 84' lang='grc' dir='ltr'>σώματι</span> <span class='ocrx_word' id='word_1_61' title='bbox 1463 900 1643 966; x_wconf 69' lang='grc' dir='ltr'>αὐτοῦ,</span> <span class='ocrx_word' id='word_1_62' title='bbox 1701 901 1770 960; x_wconf 85' lang='grc' dir='ltr'>ὡς</span> 
     </span>
    </p>
   </div>
   <div class='ocr_carea' id='block_1_12' title="bbox 168 988 1770 1072">
    <p class='ocr_par' dir='ltr' id='par_1_12' title="bbox 168 988 1770 1072">
     <span class='ocr_line' id='line_1_12' title="bbox 168 988 1770 1072; baseline -0.01 -18"><span class='ocrx_word' id='word_1_63' title='bbox 168 1000 386 1072; x_wconf 68' lang='grc' dir='ltr'>λέγεται,</span> <span class='ocrx_word' id='word_1_64' title='bbox 472 998 634 1070; x_wconf 71' lang='grc' dir='ltr'>φέρων</span> <span class='ocrx_word' id='word_1_65' title='bbox 714 992 980 1066; x_wconf 77' lang='grc' dir='ltr'>ἐπιτιμίου</span> <span class='ocrx_word' id='word_1_66' title='bbox 1071 992 1357 1065; x_wconf 68' lang='grc' dir='ltr'>ἀπόφασιν,</span> <span class='ocrx_word' id='word_1_67' title='bbox 1423 988 1609 1049; x_wconf 74' lang='grc' dir='ltr'>πολλὰς</span> <span class='ocrx_word' id='word_1_68' title='bbox 1696 994 1770 1058; x_wconf 83' lang='grc' dir='ltr'>τῷ</span> 
     </span>
    </p>
   </div>
   <div class='ocr_carea' id='block_1_13' title="bbox 172 1081 1771 1160">
    <p class='ocr_par' dir='ltr' id='par_1_13' title="bbox 172 1081 1771 1160">
     <span class='ocr_line' id='line_1_13' title="bbox 172 1081 1771 1160; baseline -0.009 -18"><span class='ocrx_word' id='word_1_69' title='bbox 172 1090 387 1158; x_wconf 81' lang='grc' dir='ltr'>τοιούτῳ</span> <span class='ocrx_word' id='word_1_70' title='bbox 433 1091 678 1160; x_wconf 79' lang='grc' dir='ltr'>Γερμανῷ</span> <span class='ocrx_word' id='word_1_71' title='bbox 735 1087 827 1136; x_wconf 80' lang='grc' dir='ltr'>καὶ</span> <span class='ocrx_word' id='word_1_72' title='bbox 883 1091 946 1156; x_wconf 80' lang='grc' dir='ltr'>τῇ</span> <span class='ocrx_word' id='word_1_73' title='bbox 1005 1082 1165 1135; x_wconf 84' lang='grc' dir='ltr'>αύτοῦ</span> <span class='ocrx_word' id='word_1_74' title='bbox 1217 1081 1504 1154; x_wconf 74' lang='grc' dir='ltr'>Ἐκκλησία</span> <span class='ocrx_word' id='word_1_75' title='bbox 1567 1081 1771 1152; x_wconf 66' lang='grc' dir='ltr'>ἑπέφερε</span> 
     </span>
    </p>
   </div>
   <div class='ocr_carea' id='block_1_14' title="bbox 171 1167 1772 1250">
    <p class='ocr_par' dir='ltr' id='par_1_14' title="bbox 171 1167 1772 1250">
     <span class='ocr_line' id='line_1_14' title="bbox 171 1167 1772 1250; baseline -0.009 -20"><span class='ocrx_word' id='word_1_76' title='bbox 171 1181 260 1240; x_wconf 78' lang='grc' dir='ltr'>τὰς</span> <span class='ocrx_word' id='word_1_77' title='bbox 296 1175 622 1250; x_wconf 72' lang='grc' dir='ltr'>βαρύτητας,</span> <span class='ocrx_word' id='word_1_78' title='bbox 675 1171 730 1236; x_wconf 73' lang='grc' dir='ltr'><strong>ἐξ</strong></span> <span class='ocrx_word' id='word_1_79' title='bbox 781 1172 849 1222; x_wconf 87' lang='grc' dir='ltr'>ὧν</span> <span class='ocrx_word' id='word_1_80' title='bbox 907 1169 1281 1249; x_wconf 59' lang='grc' dir='ltr'>ἀποδείκνυται</span> <span class='ocrx_word' id='word_1_81' title='bbox 1349 1171 1526 1223; x_wconf 78' lang='grc' dir='ltr'>παθεῖν</span> <span class='ocrx_word' id='word_1_82' title='bbox 1574 1167 1772 1239; x_wconf 76' lang='grc' dir='ltr'>ζημίας</span> 
     </span>
    </p>
   </div>
   <div class='ocr_carea' id='block_1_15' title="bbox 172 1259 1771 1334">
    <p class='ocr_par' dir='ltr' id='par_1_15' title="bbox 172 1259 1771 1334">
     <span class='ocr_line' id='line_1_15' title="bbox 172 1259 1771 1334; baseline -0.008 -16"><span class='ocrx_word' id='word_1_83' title='bbox 172 1270 258 1318; x_wconf 86' lang='grc' dir='ltr'>καὶ</span> <span class='ocrx_word' id='word_1_84' title='bbox 325 1260 538 1327; x_wconf 75' lang='grc' dir='ltr'>ἐξόδους</span> <span class='ocrx_word' id='word_1_85' title='bbox 608 1265 884 1334; x_wconf 72' lang='grc' dir='ltr'>μεγίστας.</span> <span class='ocrx_word' id='word_1_86' title='bbox 945 1264 1145 1313; x_wconf 77' lang='grc' dir='ltr'>Τούτου</span> <span class='ocrx_word' id='word_1_87' title='bbox 1212 1261 1371 1313; x_wconf 76' lang='grc' dir='ltr'>ἕνεκεν</span> <span class='ocrx_word' id='word_1_88' title='bbox 1446 1259 1472 1309; x_wconf 84' lang='grc' dir='ltr'><strong><em>ὁ</em></strong></span> <span class='ocrx_word' id='word_1_89' title='bbox 1538 1261 1771 1315; x_wconf 75' lang='grc' dir='ltr'>τοιοῦτος</span> 
     </span>
    </p>
   </div>
   <div class='ocr_carea' id='block_1_16' title="bbox 175 1345 1769 1428">
    <p class='ocr_par' dir='ltr' id='par_1_16' title="bbox 175 1345 1769 1428">
     <span class='ocr_line' id='line_1_16' title="bbox 175 1345 1769 1428; baseline -0.008 -20"><span class='ocrx_word' id='word_1_90' title='bbox 175 1357 420 1428; x_wconf 71' lang='grc' dir='ltr'>Γερμανὸς</span> <span class='ocrx_word' id='word_1_91' title='bbox 470 1351 554 1424; x_wconf 74' lang='grc' dir='ltr'>ἀφ’</span> <span class='ocrx_word' id='word_1_92' title='bbox 625 1351 768 1423; x_wconf 76' lang='grc' dir='ltr'>ἡμῶν</span> <span class='ocrx_word' id='word_1_93' title='bbox 824 1351 956 1422; x_wconf 83' lang='grc' dir='ltr'>μετά</span> <span class='ocrx_word' id='word_1_94' title='bbox 1009 1357 1109 1402; x_wconf 81' lang='grc' dir='ltr'>τῶν</span> <span class='ocrx_word' id='word_1_95' title='bbox 1161 1347 1324 1402; x_wconf 77' lang='grc' dir='ltr'>ἄλλων</span> <span class='ocrx_word' id='word_1_96' title='bbox 1391 1345 1627 1409; x_wconf 71' lang='grc' dir='ltr'>ἐζήτησε,</span> <span class='ocrx_word' id='word_1_97' title='bbox 1678 1350 1769 1397; x_wconf 82' lang='grc' dir='ltr'>τοῦ</span> 
     </span>
    </p>
   </div>
   <div class='ocr_carea' id='block_1_17' title="bbox 173 1431 1770 1511">
    <p class='ocr_par' dir='ltr' id='par_1_17' title="bbox 173 1431 1770 1511">
     <span class='ocr_line' id='line_1_17' title="bbox 173 1431 1770 1511; baseline -0.007 -15"><span class='ocrx_word' id='word_1_98' title='bbox 173 1441 492 1496; x_wconf 79' lang='grc' dir='ltr'>ἀνακτᾶσθαι</span> <span class='ocrx_word' id='word_1_99' title='bbox 574 1441 642 1493; x_wconf 75' lang='grc' dir='ltr'>τὰ</span> <span class='ocrx_word' id='word_1_100' title='bbox 719 1438 1057 1511; x_wconf 74' lang='grc' dir='ltr'>ἐπενεχθέντα</span> <span class='ocrx_word' id='word_1_101' title='bbox 1139 1435 1278 1511; x_wconf 86' lang='grc' dir='ltr'>βάρη</span> <span class='ocrx_word' id='word_1_102' title='bbox 1357 1435 1496 1506; x_wconf 83' lang='grc' dir='ltr'>αύτῷ</span> <span class='ocrx_word' id='word_1_103' title='bbox 1547 1431 1642 1487; x_wconf 77' lang='grc' dir='ltr'>διὰ</span> <span class='ocrx_word' id='word_1_104' title='bbox 1679 1439 1770 1486; x_wconf 82' lang='grc' dir='ltr'>τού</span> 
     </span>
    </p>
   </div>
   <div class='ocr_carea' id='block_1_18' title="bbox 168 1525 1770 1609">
    <p class='ocr_par' dir='ltr' id='par_1_18' title="bbox 168 1525 1770 1609">
     <span class='ocr_line' id='line_1_18' title="bbox 168 1525 1770 1609; baseline -0.007 -22"><span class='ocrx_word' id='word_1_105' title='bbox 168 1534 410 1609; x_wconf 81' lang='grc' dir='ltr'>ῥηθέντος</span> <span class='ocrx_word' id='word_1_106' title='bbox 489 1530 780 1590; x_wconf 65' lang='grc' dir='ltr'>Λωκὸσίας</span> <span class='ocrx_word' id='word_1_107' title='bbox 860 1527 1302 1602; x_wconf 81' lang='grc' dir='ltr'>ἀρχιιπισκὸπου,</span> <span class='ocrx_word' id='word_1_108' title='bbox 1368 1530 1454 1580; x_wconf 83' lang='grc' dir='ltr'>τὸν</span> <span class='ocrx_word' id='word_1_109' title='bbox 1509 1525 1664 1578; x_wconf 71' lang='grc' dir='ltr'>αὐτὸν</span> <span class='ocrx_word' id='word_1_110' title='bbox 1716 1540 1770 1576; x_wconf 87' lang='grc' dir='ltr'>τε</span> 
     </span>
    </p>
   </div>
   <div class='ocr_carea' id='block_1_19' title="bbox 174 1611 1768 1691">
    <p class='ocr_par' dir='ltr' id='par_1_19' title="bbox 174 1611 1768 1691">
     <span class='ocr_line' id='line_1_19' title="bbox 174 1611 1768 1691; baseline -0.008 -14"><span class='ocrx_word' id='word_1_111' title='bbox 174 1622 272 1677; x_wconf 82' lang='grc' dir='ltr'>ἀπὸ</span> <span class='ocrx_word' id='word_1_112' title='bbox 309 1631 412 1675; x_wconf 87' lang='grc' dir='ltr'>τῶν</span> <span class='ocrx_word' id='word_1_113' title='bbox 466 1621 714 1674; x_wconf 78' lang='grc' dir='ltr'>τοιούτων</span> <span class='ocrx_word' id='word_1_114' title='bbox 769 1623 860 1672; x_wconf 84' lang='grc' dir='ltr'>καὶ</span> <span class='ocrx_word' id='word_1_115' title='bbox 907 1626 1006 1672; x_wconf 74' lang='grc' dir='ltr'>τῶν</span> <span class='ocrx_word' id='word_1_116' title='bbox 1061 1619 1250 1691; x_wconf 82' lang='grc' dir='ltr'>ὁμοίων</span> <span class='ocrx_word' id='word_1_117' title='bbox 1303 1625 1396 1679; x_wconf 77' lang='grc' dir='ltr'>τῆς</span> <span class='ocrx_word' id='word_1_118' title='bbox 1443 1619 1514 1688; x_wconf 83' lang='grc' dir='ltr'><strong>μὴ</strong></span> <span class='ocrx_word' id='word_1_119' title='bbox 1565 1611 1768 1687; x_wconf 69' lang='grc' dir='ltr'>ὀφιιλο-</span> 
     </span>
    </p>
   </div>
   <div class='ocr_carea' id='block_1_20' title="bbox 1875 453 3522 535">
    <p class='ocr_par' dir='ltr' id='par_1_20' title="bbox 1875 453 3522 535">
     <span class='ocr_line' id='line_1_20' title="bbox 1875 453 3522 535; baseline 0.005 -27"><span class='ocrx_word' id='word_1_120' title='bbox 1875 453 2238 514; x_wconf 90' lang='lat' dir='ltr'>Germanum</span> <span class='ocrx_word' id='word_1_121' title='bbox 2268 463 2333 515; x_wconf 92' lang='lat' dir='ltr'>ut</span> <span class='ocrx_word' id='word_1_122' title='bbox 2388 457 2755 532; x_wconf 85' lang='lat' dir='ltr'>quibusdam</span> <span class='ocrx_word' id='word_1_123' title='bbox 2804 463 3012 518; x_wconf 86' lang='lat' dir='ltr'>contra</span> <span class='ocrx_word' id='word_1_124' title='bbox 3039 459 3240 535; x_wconf 91' lang='lat' dir='ltr'>ipsum</span> <span class='ocrx_word' id='word_1_125' title='bbox 3276 461 3522 535; x_wconf 82' lang='lat' dir='ltr'>prolatis</span> 
     </span>
    </p>
   </div>
   <div class='ocr_carea' id='block_1_21' title="bbox 1874 542 3525 624">
    <p class='ocr_par' dir='ltr' id='par_1_21' title="bbox 1874 542 3525 624">
     <span class='ocr_line' id='line_1_21' title="bbox 1874 542 3525 624; baseline 0.008 -28"><span class='ocrx_word' id='word_1_126' title='bbox 1874 542 2149 613; x_wconf 81' lang='lat' dir='ltr'>querelis,</span> <span class='ocrx_word' id='word_1_127' title='bbox 2174 561 2245 603; x_wconf 87' lang='lat' dir='ltr'>eo</span> <span class='ocrx_word' id='word_1_128' title='bbox 2270 549 2435 620; x_wconf 88' lang='lat' dir='ltr'>quod</span> <span class='ocrx_word' id='word_1_129' title='bbox 2456 547 2531 605; x_wconf 90' lang='lat' dir='ltr'>de</span> <span class='ocrx_word' id='word_1_130' title='bbox 2557 547 2706 621; x_wconf 84' lang='lat' dir='ltr'>ipsis</span> <span class='ocrx_word' id='word_1_131' title='bbox 2734 549 2946 606; x_wconf 81' lang='lat' dir='ltr'>statuis</span> <span class='ocrx_word' id='word_1_132' title='bbox 2986 554 3044 607; x_wconf 89' lang='lat' dir='ltr'>et</span> <span class='ocrx_word' id='word_1_133' title='bbox 3081 550 3400 624; x_wconf 83' lang='lat' dir='ltr'>inquirere,</span> <span class='ocrx_word' id='word_1_134' title='bbox 3432 567 3525 608; x_wconf 90' lang='lat' dir='ltr'>re-</span> 
     </span>
    </p>
   </div>
   <div class='ocr_carea' id='block_1_22' title="bbox 1877 631 3525 713">
    <p class='ocr_par' dir='ltr' id='par_1_22' title="bbox 1877 631 3525 713">
     <span class='ocr_line' id='line_1_22' title="bbox 1877 631 3525 713; baseline 0.008 -29"><span class='ocrx_word' id='word_1_135' title='bbox 1877 631 2220 701; x_wconf 90' lang='lat' dir='ltr'>sponderet.</span> <span class='ocrx_word' id='word_1_136' title='bbox 2251 638 2399 694; x_wconf 91' lang='lat' dir='ltr'>Cum</span> <span class='ocrx_word' id='word_1_137' title='bbox 2431 640 2633 695; x_wconf 90' lang='lat' dir='ltr'>autem</span> <span class='ocrx_word' id='word_1_138' title='bbox 2673 637 2833 695; x_wconf 89' lang='lat' dir='ltr'>idem</span> <span class='ocrx_word' id='word_1_139' title='bbox 2873 639 3361 713; x_wconf 82' lang='lat' dir='ltr'>archiepiscopus</span> <span class='ocrx_word' id='word_1_140' title='bbox 3391 642 3525 698; x_wconf 86' lang='lat' dir='ltr'>Ger-</span> 
     </span>
    </p>
   </div>
   <div class='ocr_carea' id='block_1_23' title="bbox 1875 723 3526 803">
    <p class='ocr_par' dir='ltr' id='par_1_23' title="bbox 1875 723 3526 803">
     <span class='ocr_line' id='line_1_23' title="bbox 1875 723 3526 803; baseline 0.008 -30"><span class='ocrx_word' id='word_1_141' title='bbox 1875 733 2094 777; x_wconf 91' lang='lat' dir='ltr'>manus</span> <span class='ocrx_word' id='word_1_142' title='bbox 2123 723 2187 779; x_wconf 92' lang='lat' dir='ltr'>id</span> <span class='ocrx_word' id='word_1_143' title='bbox 2217 740 2393 796; x_wconf 82' lang='lat' dir='ltr'>agere</span> <span class='ocrx_word' id='word_1_144' title='bbox 2436 726 2808 794; x_wconf 84' lang='lat' dir='ltr'>detrectaret,</span> <span class='ocrx_word' id='word_1_145' title='bbox 2834 727 2896 785; x_wconf 92' lang='lat' dir='ltr'>in</span> <span class='ocrx_word' id='word_1_146' title='bbox 2927 729 3057 800; x_wconf 87' lang='lat' dir='ltr'>ejus</span> <span class='ocrx_word' id='word_1_147' title='bbox 3080 744 3426 803; x_wconf 85' lang='lat' dir='ltr'>personam,</span> <span class='ocrx_word' id='word_1_148' title='bbox 3459 733 3526 787; x_wconf 91' lang='lat' dir='ltr'>ut</span> 
     </span>
    </p>
   </div>
   <div class='ocr_carea' id='block_1_24' title="bbox 1874 808 3522 888">
    <p class='ocr_par' dir='ltr' id='par_1_24' title="bbox 1874 808 3522 888">
     <span class='ocr_line' id='line_1_24' title="bbox 1874 808 3522 888; baseline 0.008 -23"><span class='ocrx_word' id='word_1_149' title='bbox 1874 808 2194 882; x_wconf 82' lang='lat' dir='ltr'>ferebatur,</span> <span class='ocrx_word' id='word_1_150' title='bbox 2235 817 2872 875; x_wconf 81' lang='lat' dir='ltr'>excommunicationis</span> <span class='ocrx_word' id='word_1_151' title='bbox 2913 819 3267 877; x_wconf 90' lang='lat' dir='ltr'>sententiam</span> <span class='ocrx_word' id='word_1_152' title='bbox 3303 820 3522 888; x_wconf 87' lang='lat' dir='ltr'>ferens,</span> 
     </span>
    </p>
   </div>
   <div class='ocr_carea' id='block_1_25' title="bbox 1875 897 3522 980">
    <p class='ocr_par' dir='ltr' id='par_1_25' title="bbox 1875 897 3522 980">
     <span class='ocr_line' id='line_1_25' title="bbox 1875 897 3522 980; baseline 0.008 -26"><span class='ocrx_word' id='word_1_153' title='bbox 1875 897 2076 972; x_wconf 89' lang='lat' dir='ltr'>ipsum</span> <span class='ocrx_word' id='word_1_154' title='bbox 2125 906 2488 963; x_wconf 85' lang='lat' dir='ltr'>Germanum</span> <span class='ocrx_word' id='word_1_155' title='bbox 2533 907 2784 980; x_wconf 86' lang='lat' dir='ltr'>ejusque</span> <span class='ocrx_word' id='word_1_156' title='bbox 2841 907 3162 966; x_wconf 89' lang='lat' dir='ltr'>Ecclesiam</span> <span class='ocrx_word' id='word_1_157' title='bbox 3190 909 3522 967; x_wconf 86' lang='lat' dir='ltr'>innumeris</span> 
     </span>
    </p>
   </div>
   <div class='ocr_carea' id='block_1_26' title="bbox 1875 995 3528 1072">
    <p class='ocr_par' dir='ltr' id='par_1_26' title="bbox 1875 995 3528 1072">
     <span class='ocr_line' id='line_1_26' title="bbox 1875 995 3528 1072; baseline 0.006 -25"><span class='ocrx_word' id='word_1_158' title='bbox 1875 1008 2156 1049; x_wconf 84' lang='lat' dir='ltr'>onerasse</span> <span class='ocrx_word' id='word_1_159' title='bbox 2186 995 2664 1067; x_wconf 83' lang='lat' dir='ltr'>gravaminibus,</span> <span class='ocrx_word' id='word_1_160' title='bbox 2690 1012 2827 1070; x_wconf 69' lang='lat' dir='ltr'>quae</span> <span class='ocrx_word' id='word_1_161' title='bbox 2851 997 3118 1068; x_wconf 85' lang='lat' dir='ltr'>jacturas</span> <span class='ocrx_word' id='word_1_162' title='bbox 3150 1014 3374 1071; x_wconf 88' lang='lat' dir='ltr'>easque</span> <span class='ocrx_word' id='word_1_163' title='bbox 3395 1015 3528 1072; x_wconf 82' lang='lat' dir='ltr'>gra-</span> 
     </span>
    </p>
   </div>
   <div class='ocr_carea' id='block_1_27' title="bbox 1876 1083 3526 1159">
    <p class='ocr_par' dir='ltr' id='par_1_27' title="bbox 1876 1083 3526 1159">
     <span class='ocr_line' id='line_1_27' title="bbox 1876 1083 3526 1159; baseline 0.005 -23"><span class='ocrx_word' id='word_1_164' title='bbox 1876 1097 1994 1153; x_wconf 92' lang='lat' dir='ltr'>ves,</span> <span class='ocrx_word' id='word_1_165' title='bbox 2017 1083 2401 1157; x_wconf 87' lang='lat' dir='ltr'>maximaque</span> <span class='ocrx_word' id='word_1_166' title='bbox 2423 1084 2731 1158; x_wconf 87' lang='lat' dir='ltr'>impendia</span> <span class='ocrx_word' id='word_1_167' title='bbox 2757 1085 2869 1142; x_wconf 88' lang='lat' dir='ltr'>sibi</span> <span class='ocrx_word' id='word_1_168' title='bbox 2893 1086 3252 1159; x_wconf 87' lang='lat' dir='ltr'>imperatore</span> <span class='ocrx_word' id='word_1_169' title='bbox 3274 1087 3526 1146; x_wconf 81' lang='lat' dir='ltr'>demon-</span> 
     </span>
    </p>
   </div>
   <div class='ocr_carea' id='block_1_28' title="bbox 1877 1173 3526 1246">
    <p class='ocr_par' dir='ltr' id='par_1_28' title="bbox 1877 1173 3526 1246">
     <span class='ocr_line' id='line_1_28' title="bbox 1877 1173 3526 1246; baseline 0.005 -20"><span class='ocrx_word' id='word_1_170' title='bbox 1877 1175 2042 1228; x_wconf 88' lang='lat' dir='ltr'>strat.</span> <span class='ocrx_word' id='word_1_171' title='bbox 2094 1173 2382 1238; x_wconf 83' lang='lat' dir='ltr'>Quocirca</span> <span class='ocrx_word' id='word_1_172' title='bbox 2429 1174 2727 1246; x_wconf 88' lang='lat' dir='ltr'>ejusmodi</span> <span class='ocrx_word' id='word_1_173' title='bbox 2771 1177 3104 1233; x_wconf 89' lang='lat' dir='ltr'>Germanus</span> <span class='ocrx_word' id='word_1_174' title='bbox 3163 1182 3219 1234; x_wconf 91' lang='lat' dir='ltr'>et</span> <span class='ocrx_word' id='word_1_175' title='bbox 3257 1176 3355 1233; x_wconf 87' lang='lat' dir='ltr'>alii</span> <span class='ocrx_word' id='word_1_176' title='bbox 3387 1194 3526 1234; x_wconf 90' lang='lat' dir='ltr'>cum</span> 
     </span>
    </p>
   </div>
   <div class='ocr_carea' id='block_1_29' title="bbox 1877 1259 3522 1335">
    <p class='ocr_par' dir='ltr' id='par_1_29' title="bbox 1877 1259 3522 1335">
     <span class='ocr_line' id='line_1_29' title="bbox 1877 1259 3522 1335; baseline 0.005 -21"><span class='ocrx_word' id='word_1_177' title='bbox 1877 1274 1948 1315; x_wconf 93' lang='lat' dir='ltr'>eo</span> <span class='ocrx_word' id='word_1_178' title='bbox 1968 1259 2265 1331; x_wconf 90' lang='lat' dir='ltr'>petierunt</span> <span class='ocrx_word' id='word_1_179' title='bbox 2302 1278 2338 1318; x_wconf 90' lang='lat' dir='ltr'>a</span> <span class='ocrx_word' id='word_1_180' title='bbox 2367 1263 2546 1319; x_wconf 90' lang='lat' dir='ltr'>nobis</span> <span class='ocrx_word' id='word_1_181' title='bbox 2605 1263 2753 1320; x_wconf 91' lang='lat' dir='ltr'>utin</span> <span class='ocrx_word' id='word_1_182' title='bbox 2777 1264 2877 1335; x_wconf 89' lang='lat' dir='ltr'>jus</span> <span class='ocrx_word' id='word_1_183' title='bbox 2929 1281 3108 1322; x_wconf 89' lang='lat' dir='ltr'>suum</span> <span class='ocrx_word' id='word_1_184' title='bbox 3157 1267 3522 1323; x_wconf 88' lang='lat' dir='ltr'>Germanum</span> 
     </span>
    </p>
   </div>
   <div class='ocr_carea' id='block_1_30' title="bbox 1879 1352 3528 1429">
    <p class='ocr_par' dir='ltr' id='par_1_30' title="bbox 1879 1352 3528 1429">
     <span class='ocr_line' id='line_1_30' title="bbox 1879 1352 3528 1429; baseline 0.005 -24"><span class='ocrx_word' id='word_1_185' title='bbox 1879 1365 2300 1421; x_wconf 88' lang='lat' dir='ltr'>assereremus,</span> <span class='ocrx_word' id='word_1_186' title='bbox 2333 1356 2391 1408; x_wconf 87' lang='lat' dir='ltr'>et</span> <span class='ocrx_word' id='word_1_187' title='bbox 2423 1352 2586 1411; x_wconf 86' lang='lat' dir='ltr'>illata</span> <span class='ocrx_word' id='word_1_188' title='bbox 2607 1353 2708 1410; x_wconf 90' lang='lat' dir='ltr'>eia</span> <span class='ocrx_word' id='word_1_189' title='bbox 2737 1354 2896 1411; x_wconf 92' lang='lat' dir='ltr'>dicto</span> <span class='ocrx_word' id='word_1_190' title='bbox 2923 1355 3218 1412; x_wconf 70' lang='lat' dir='ltr'>Leucosiae</span> <span class='ocrx_word' id='word_1_191' title='bbox 3240 1356 3528 1429; x_wconf 79' lang='lat' dir='ltr'>archiepi-</span> 
     </span>
    </p>
   </div>
   <div class='ocr_carea' id='block_1_31' title="bbox 1877 1441 3526 1517">
    <p class='ocr_par' dir='ltr' id='par_1_31' title="bbox 1877 1441 3526 1517">
     <span class='ocr_line' id='line_1_31' title="bbox 1877 1441 3526 1517; baseline 0.005 -25"><span class='ocrx_word' id='word_1_192' title='bbox 1877 1453 2062 1512; x_wconf 89' lang='lat' dir='ltr'>scopo</span> <span class='ocrx_word' id='word_1_193' title='bbox 2089 1441 2445 1510; x_wconf 79' lang='lat' dir='ltr'>gravamina</span> <span class='ocrx_word' id='word_1_194' title='bbox 2465 1442 2846 1508; x_wconf 88' lang='lat' dir='ltr'>sarciremus,</span> <span class='ocrx_word' id='word_1_195' title='bbox 2887 1443 3209 1517; x_wconf 90' lang='lat' dir='ltr'>ipsumque</span> <span class='ocrx_word' id='word_1_196' title='bbox 3243 1444 3320 1502; x_wconf 90' lang='lat' dir='ltr'>ab</span> <span class='ocrx_word' id='word_1_197' title='bbox 3373 1445 3526 1517; x_wconf 87' lang='lat' dir='ltr'>ejus-</span> 
     </span>
    </p>
   </div>
   <div class='ocr_carea' id='block_1_32' title="bbox 1877 1526 3528 1590">
    <p class='ocr_par' dir='ltr' id='par_1_32' title="bbox 1877 1526 3528 1590">
     <span class='ocr_line' id='line_1_32' title="bbox 1877 1526 3528 1590; baseline 0.004 -7"><span class='ocrx_word' id='word_1_198' title='bbox 1877 1526 2045 1584; x_wconf 89' lang='lat' dir='ltr'>modi</span> <span class='ocrx_word' id='word_1_199' title='bbox 2089 1531 2146 1584; x_wconf 87' lang='lat' dir='ltr'>et</span> <span class='ocrx_word' id='word_1_200' title='bbox 2167 1528 2462 1586; x_wconf 86' lang='lat' dir='ltr'>similibus</span> <span class='ocrx_word' id='word_1_201' title='bbox 2482 1546 2604 1586; x_wconf 89' lang='lat' dir='ltr'>non</span> <span class='ocrx_word' id='word_1_202' title='bbox 2626 1529 2784 1587; x_wconf 89' lang='lat' dir='ltr'>licita</span> <span class='ocrx_word' id='word_1_203' title='bbox 2825 1531 3104 1588; x_wconf 83' lang='lat' dir='ltr'>facultate</span> <span class='ocrx_word' id='word_1_204' title='bbox 3122 1532 3183 1588; x_wconf 91' lang='lat' dir='ltr'>in</span> <span class='ocrx_word' id='word_1_205' title='bbox 3208 1534 3439 1590; x_wconf 63' lang='lat' dir='ltr'>Graecos</span> <span class='ocrx_word' id='word_1_206' title='bbox 3469 1538 3528 1590; x_wconf 91' lang='lat' dir='ltr'>et</span> 
     </span>
    </p>
   </div>
   <div class='ocr_carea' id='block_1_33' title="bbox 1877 1617 3530 1693">
    <p class='ocr_par' dir='ltr' id='par_1_33' title="bbox 1877 1617 3530 1693">
     <span class='ocr_line' id='line_1_33' title="bbox 1877 1617 3530 1693; baseline 0.003 -21"><span class='ocrx_word' id='word_1_207' title='bbox 1877 1617 1984 1690; x_wconf 87' lang='lat' dir='ltr'>qui</span> <span class='ocrx_word' id='word_1_208' title='bbox 2003 1617 2082 1673; x_wconf 90' lang='lat' dir='ltr'>ad</span> <span class='ocrx_word' id='word_1_209' title='bbox 2105 1631 2208 1674; x_wconf 92' lang='lat' dir='ltr'>eos</span> <span class='ocrx_word' id='word_1_210' title='bbox 2234 1623 2526 1690; x_wconf 88' lang='lat' dir='ltr'>spectant,</span> <span class='ocrx_word' id='word_1_211' title='bbox 2556 1619 2928 1676; x_wconf 86' lang='lat' dir='ltr'>decimarum</span> <span class='ocrx_word' id='word_1_212' title='bbox 2952 1620 3334 1693; x_wconf 89' lang='lat' dir='ltr'>impositione</span> <span class='ocrx_word' id='word_1_213' title='bbox 3363 1621 3530 1679; x_wconf 90' lang='lat' dir='ltr'>aliis-</span> 
     </span>
    </p>
   </div>
   <div class='ocr_carea' id='block_1_34' title="bbox 173 1703 1784 1786">
    <p class='ocr_par' dir='ltr' id='par_1_34' title="bbox 173 1703 1768 1786">
     <span class='ocr_line' id='line_1_34' title="bbox 173 1703 1768 1786; baseline -0.006 -22"><span class='ocrx_word' id='word_1_214' title='bbox 173 1717 326 1786; x_wconf 80' lang='grc' dir='ltr'><strong>μένης</strong></span> <span class='ocrx_word' id='word_1_215' title='bbox 379 1711 621 1775; x_wconf 79' lang='grc' dir='ltr'>ὶξουσίας</span> <span class='ocrx_word' id='word_1_216' title='bbox 696 1707 781 1760; x_wconf 80' lang='grc' dir='ltr'>ἐπὶ</span> <span class='ocrx_word' id='word_1_217' title='bbox 829 1714 935 1770; x_wconf 87' lang='grc' dir='ltr'>τοῖς</span> <span class='ocrx_word' id='word_1_218' title='bbox 993 1713 1236 1782; x_wconf 86' lang='grc' dir='ltr'>Γραικοῑς</span> <span class='ocrx_word' id='word_1_219' title='bbox 1285 1711 1376 1759; x_wconf 83' lang='grc' dir='ltr'>καὶ</span> <span class='ocrx_word' id='word_1_220' title='bbox 1452 1713 1550 1758; x_wconf 85' lang='grc' dir='ltr'>τῶν</span> <span class='ocrx_word' id='word_1_221' title='bbox 1595 1703 1768 1764; x_wconf 71' lang='grc' dir='ltr'>αὐτοῖς</span> 
     </span>
    </p>
   </div>
   <div class='ocr_carea' id='block_1_35' title="bbox 1895 1703 3532 1786">
    <p class='ocr_par' dir='ltr' id='par_1_35' title="bbox 1895 1705 3532 1779">
     <span class='ocr_line' id='line_1_35' title="bbox 1895 1705 3532 1779; baseline 0.004 -18"><span class='ocrx_word' id='word_1_222' title='bbox 1895 1722 1999 1779; x_wconf 60' lang='lat' dir='ltr'>que</span> <span class='ocrx_word' id='word_1_223' title='bbox 2034 1705 2261 1778; x_wconf 89' lang='lat' dir='ltr'>jurium</span> <span class='ocrx_word' id='word_1_224' title='bbox 2306 1707 2770 1778; x_wconf 81' lang='lat' dir='ltr'>extorsionibus,</span> <span class='ocrx_word' id='word_1_225' title='bbox 2806 1710 2978 1774; x_wconf 88' lang='lat' dir='ltr'>actis,</span> <span class='ocrx_word' id='word_1_226' title='bbox 2999 1709 3279 1767; x_wconf 90' lang='lat' dir='ltr'>cohibere</span> <span class='ocrx_word' id='word_1_227' title='bbox 3301 1726 3532 1768; x_wconf 87' lang='lat' dir='ltr'>curare-</span> 
     </span>
    </p>
   </div>
   <div class='ocr_carea' id='block_1_36' title="bbox 176 1792 1768 1870">
    <p class='ocr_par' dir='ltr' id='par_1_36' title="bbox 176 1792 1768 1870">
     <span class='ocr_line' id='line_1_36' title="bbox 176 1792 1768 1870; baseline -0.006 -16"><span class='ocrx_word' id='word_1_228' title='bbox 176 1801 461 1860; x_wconf 81' lang='grc' dir='ltr'>ἆνηκόντων</span> <span class='ocrx_word' id='word_1_229' title='bbox 491 1797 540 1851; x_wconf 76' lang='grc' dir='ltr'>ἐν</span> <span class='ocrx_word' id='word_1_230' title='bbox 579 1794 918 1870; x_wconf 78' lang='grc' dir='ltr'>δεκατισμοῖς</span> <span class='ocrx_word' id='word_1_231' title='bbox 963 1801 1054 1850; x_wconf 83' lang='grc' dir='ltr'>καὶ</span> <span class='ocrx_word' id='word_1_232' title='bbox 1109 1795 1282 1858; x_wconf 76' lang='grc' dir='ltr'>ἄλλοις</span> <span class='ocrx_word' id='word_1_233' title='bbox 1326 1792 1546 1849; x_wconf 80' lang='grc' dir='ltr'>δικαίων</span> <span class='ocrx_word' id='word_1_234' title='bbox 1601 1813 1768 1868; x_wconf 86' lang='grc' dir='ltr'>παρα-</span> 
     </span>
    </p>
   </div>
   <div class='ocr_carea' id='block_1_37' title="bbox 178 1883 1770 1961">
    <p class='ocr_par' dir='ltr' id='par_1_37' title="bbox 178 1883 1770 1961">
     <span class='ocr_line' id='line_1_37' title="bbox 178 1883 1770 1961; baseline -0.005 -17"><span class='ocrx_word' id='word_1_235' title='bbox 178 1890 394 1944; x_wconf 80' lang='grc' dir='ltr'>ϐάσεσιν</span> <span class='ocrx_word' id='word_1_236' title='bbox 465 1887 832 1961; x_wconf 76' lang='grc' dir='ltr'>ἐπιμιλετῶμιν</span> <span class='ocrx_word' id='word_1_237' title='bbox 896 1885 1152 1945; x_wconf 75' lang='grc' dir='ltr'>κωλῦσαι.</span> <span class='ocrx_word' id='word_1_238' title='bbox 1246 1884 1353 1939; x_wconf 81' lang='grc' dir='ltr'>Κᾶν</span> <span class='ocrx_word' id='word_1_239' title='bbox 1432 1890 1520 1939; x_wconf 80' lang='grc' dir='ltr'>καὶ</span> <span class='ocrx_word' id='word_1_240' title='bbox 1561 1883 1770 1938; x_wconf 83' lang='grc' dir='ltr'>ἐνωπιον</span> 
     </span>
    </p>
   </div>
   <div class='ocr_carea' id='block_1_38' title="bbox 174 1971 1772 2055">
    <p class='ocr_par' dir='ltr' id='par_1_38' title="bbox 174 1971 1772 2055">
     <span class='ocr_line' id='line_1_38' title="bbox 174 1971 1772 2055; baseline -0.004 -21"><span class='ocrx_word' id='word_1_241' title='bbox 174 1988 264 2034; x_wconf 87' lang='grc' dir='ltr'>τοῦ</span> <span class='ocrx_word' id='word_1_242' title='bbox 287 1979 664 2055; x_wconf 79' lang='grc' dir='ltr'>προῤῥηθίντος</span> <span class='ocrx_word' id='word_1_243' title='bbox 697 1976 1090 2031; x_wconf 75' lang='grc' dir='ltr'>Τουσκουλανοῡ</span> <span class='ocrx_word' id='word_1_244' title='bbox 1147 1975 1456 2043; x_wconf 73' lang='grc' dir='ltr'>ἐπισκόπου,</span> <span class='ocrx_word' id='word_1_245' title='bbox 1512 1973 1552 2048; x_wconf 82' lang='grc' dir='ltr'><em>ᾧ</em></span> <span class='ocrx_word' id='word_1_246' title='bbox 1605 1971 1772 2028; x_wconf 69' lang='grc' dir='ltr'>δεδώ-</span> 
     </span>
    </p>
   </div>
   <div class='ocr_carea' id='block_1_39' title="bbox 179 2064 1773 2143">
    <p class='ocr_par' dir='ltr' id='par_1_39' title="bbox 179 2064 1773 2143">
     <span class='ocr_line' id='line_1_39' title="bbox 179 2064 1773 2143; baseline -0.003 -21"><span class='ocrx_word' id='word_1_247' title='bbox 179 2074 336 2143; x_wconf 66' lang='grc' dir='ltr'>καμεν</span> <span class='ocrx_word' id='word_1_248' title='bbox 393 2067 690 2141; x_wconf 78' lang='grc' dir='ltr'>ἀκροᾶσθαι</span> <span class='ocrx_word' id='word_1_249' title='bbox 749 2069 840 2128; x_wconf 79' lang='grc' dir='ltr'>τὰς</span> <span class='ocrx_word' id='word_1_250' title='bbox 890 2069 1130 2127; x_wconf 84' lang='grc' dir='ltr'>τοιαύτας</span> <span class='ocrx_word' id='word_1_251' title='bbox 1181 2064 1466 2138; x_wconf 74' lang='grc' dir='ltr'>ἐγκλησεις,</span> <span class='ocrx_word' id='word_1_252' title='bbox 1513 2067 1562 2118; x_wconf 82' lang='grc' dir='ltr'>οἱ</span> <span class='ocrx_word' id='word_1_253' title='bbox 1617 2065 1773 2140; x_wconf 75' lang='grc' dir='ltr'>προρ-</span> 
     </span>
    </p>
   </div>
   <div class='ocr_carea' id='block_1_40' title="bbox 175 2154 1777 2236">
    <p class='ocr_par' dir='ltr' id='par_1_40' title="bbox 175 2154 1777 2236">
     <span class='ocr_line' id='line_1_40' title="bbox 175 2154 1777 2236; baseline -0.004 -23"><span class='ocrx_word' id='word_1_254' title='bbox 175 2159 411 2236; x_wconf 77' lang='grc' dir='ltr'>ρηθέντες</span> <span class='ocrx_word' id='word_1_255' title='bbox 457 2155 841 2211; x_wconf 78' lang='grc' dir='ltr'>διεϐεϐαιοῦντο</span> <span class='ocrx_word' id='word_1_256' title='bbox 891 2155 1162 2232; x_wconf 84' lang='grc' dir='ltr'>ἐπίτροποι</span> <span class='ocrx_word' id='word_1_257' title='bbox 1219 2157 1300 2208; x_wconf 84' lang='grc' dir='ltr'>ὅτι</span> <span class='ocrx_word' id='word_1_258' title='bbox 1347 2157 1373 2208; x_wconf 88' lang='grc' dir='ltr'><strong><em>ὁ</em></strong></span> <span class='ocrx_word' id='word_1_259' title='bbox 1435 2154 1777 2230; x_wconf 78' lang='grc' dir='ltr'>ἀρχιεπίσκο-</span> 
     </span>
    </p>
   </div>
   <div class='ocr_carea' id='block_1_41' title="bbox 174 2245 1777 2314">
    <p class='ocr_par' dir='ltr' id='par_1_41' title="bbox 174 2245 1777 2314">
     <span class='ocr_line' id='line_1_41' title="bbox 174 2245 1777 2314; baseline -0.004 -11"><span class='ocrx_word' id='word_1_260' title='bbox 174 2269 268 2312; x_wconf 88' lang='grc' dir='ltr'>πος</span> <span class='ocrx_word' id='word_1_261' title='bbox 333 2251 625 2308; x_wconf 81' lang='grc' dir='ltr'>Λιυκοσίας</span> <span class='ocrx_word' id='word_1_262' title='bbox 701 2249 860 2299; x_wconf 76' lang='grc' dir='ltr'>ἕνεκεν</span> <span class='ocrx_word' id='word_1_263' title='bbox 914 2253 1008 2307; x_wconf 87' lang='grc' dir='ltr'>τῆς</span> <span class='ocrx_word' id='word_1_264' title='bbox 1066 2248 1317 2306; x_wconf 83' lang='grc' dir='ltr'>τοιαύτης</span> <span class='ocrx_word' id='word_1_265' title='bbox 1371 2245 1540 2306; x_wconf 82' lang='grc' dir='ltr'>αἰτίας</span> <span class='ocrx_word' id='word_1_266' title='bbox 1591 2247 1777 2314; x_wconf 73' lang='grc' dir='ltr'>οὔποτε</span> 
     </span>
    </p>
   </div>
   <div class='ocr_carea' id='block_1_42' title="bbox 175 2333 1774 2410">
    <p class='ocr_par' dir='ltr' id='par_1_42' title="bbox 175 2333 1774 2410">
     <span class='ocr_line' id='line_1_42' title="bbox 175 2333 1774 2410; baseline -0.005 -17"><span class='ocrx_word' id='word_1_267' title='bbox 175 2339 245 2401; x_wconf 77' lang='grc' dir='ltr'>εἰς</span> <span class='ocrx_word' id='word_1_268' title='bbox 295 2334 450 2396; x_wconf 79' lang='grc' dir='ltr'>δίκην</span> <span class='ocrx_word' id='word_1_269' title='bbox 496 2335 654 2395; x_wconf 76' lang='grc' dir='ltr'>ἕκλήη</span> <span class='ocrx_word' id='word_1_270' title='bbox 712 2337 856 2409; x_wconf 88' lang='grc' dir='ltr'>παρά</span> <span class='ocrx_word' id='word_1_271' title='bbox 903 2353 1037 2395; x_wconf 89' lang='grc' dir='ltr'>τινος</span> <span class='ocrx_word' id='word_1_272' title='bbox 1090 2333 1362 2410; x_wconf 82' lang='grc' dir='ltr'>ἀνθρώπου</span> <span class='ocrx_word' id='word_1_273' title='bbox 1422 2335 1451 2392; x_wconf 80' lang='grc' dir='ltr'>ἡ</span> <span class='ocrx_word' id='word_1_274' title='bbox 1510 2338 1774 2406; x_wconf 78' lang='grc' dir='ltr'>νομίμως-ο</span> 
     </span>
    </p>
   </div>
   <div class='ocr_carea' id='block_1_43' title="bbox 179 2423 1779 2500">
    <p class='ocr_par' dir='ltr' id='par_1_43' title="bbox 179 2423 1779 2500">
     <span class='ocr_line' id='line_1_43' title="bbox 179 2423 1779 2500; baseline -0.005 -17"><span class='ocrx_word' id='word_1_275' title='bbox 179 2429 286 2483; x_wconf 80' lang='grc' dir='ltr'>οὔτ’</span> <span class='ocrx_word' id='word_1_276' title='bbox 319 2427 470 2481; x_wconf 82' lang='grc' dir='ltr'>αύτοὶ</span> <span class='ocrx_word' id='word_1_277' title='bbox 520 2426 644 2500; x_wconf 84' lang='grc' dir='ltr'>παρ’</span> <span class='ocrx_word' id='word_1_278' title='bbox 681 2425 844 2478; x_wconf 69' lang='grc' dir='ltr'>αὐτοῦ</span> <span class='ocrx_word' id='word_1_279' title='bbox 874 2425 1001 2498; x_wconf 82' lang='grc' dir='ltr'>ύπερ</span> <span class='ocrx_word' id='word_1_280' title='bbox 1034 2423 1196 2486; x_wconf 74' lang='grc' dir='ltr'>αὐτῆς</span> <span class='ocrx_word' id='word_1_281' title='bbox 1251 2431 1344 2484; x_wconf 83' lang='grc' dir='ltr'>τῆς</span> <span class='ocrx_word' id='word_1_282' title='bbox 1396 2423 1588 2493; x_wconf 79' lang='grc' dir='ltr'>αἰτίας,</span> <span class='ocrx_word' id='word_1_283' title='bbox 1645 2423 1779 2482; x_wconf 79' lang='grc' dir='ltr'>πλὴν</span> 
     </span>
    </p>
   </div>
   <div class='ocr_carea' id='block_1_44' title="bbox 180 2509 1781 2588">
    <p class='ocr_par' dir='ltr' id='par_1_44' title="bbox 180 2509 1781 2588">
     <span class='ocr_line' id='line_1_44' title="bbox 180 2509 1781 2588; baseline -0.004 -16"><span class='ocrx_word' id='word_1_284' title='bbox 180 2515 274 2572; x_wconf 72' lang='grc' dir='ltr'>διὰ</span> <span class='ocrx_word' id='word_1_285' title='bbox 301 2517 455 2578; x_wconf 77' lang='grc' dir='ltr'>ἄλλας</span> <span class='ocrx_word' id='word_1_286' title='bbox 493 2518 638 2578; x_wconf 77' lang='grc' dir='ltr'>τινὰς</span> <span class='ocrx_word' id='word_1_287' title='bbox 695 2519 878 2588; x_wconf 83' lang='grc' dir='ltr'>χρείας</span> <span class='ocrx_word' id='word_1_288' title='bbox 923 2517 1036 2566; x_wconf 83' lang='grc' dir='ltr'>νυνὶ</span> <span class='ocrx_word' id='word_1_289' title='bbox 1094 2513 1388 2572; x_wconf 72' lang='grc' dir='ltr'>ἑστάὶησαν</span> <span class='ocrx_word' id='word_1_290' title='bbox 1467 2533 1479 2546; x_wconf 87' lang='grc'><strong>·</strong></span> <span class='ocrx_word' id='word_1_291' title='bbox 1539 2517 1630 2567; x_wconf 78' lang='grc' dir='ltr'>καὶ</span> <span class='ocrx_word' id='word_1_292' title='bbox 1687 2509 1781 2566; x_wconf 75' lang='grc' dir='ltr'>διά</span> 
     </span>
    </p>
   </div>
   <div class='ocr_carea' id='block_1_45' title="bbox 183 2599 1775 2677">
    <p class='ocr_par' dir='ltr' id='par_1_45' title="bbox 183 2599 1775 2677">
     <span class='ocr_line' id='line_1_45' title="bbox 183 2599 1775 2677; baseline -0.004 -17"><span class='ocrx_word' id='word_1_293' title='bbox 183 2613 333 2660; x_wconf 78' lang='grc' dir='ltr'>τοῦτο</span> <span class='ocrx_word' id='word_1_294' title='bbox 363 2604 450 2660; x_wconf 83' lang='grc' dir='ltr'>ἐπὶ</span> <span class='ocrx_word' id='word_1_295' title='bbox 501 2611 609 2667; x_wconf 84' lang='grc' dir='ltr'>τοῖς</span> <span class='ocrx_word' id='word_1_296' title='bbox 663 2602 1005 2677; x_wconf 56' lang='grc' dir='ltr'>προϐληθείη</span> <span class='ocrx_word' id='word_1_297' title='bbox 1051 2601 1176 2675; x_wconf 83' lang='grc' dir='ltr'>παρ’</span> <span class='ocrx_word' id='word_1_298' title='bbox 1229 2601 1389 2654; x_wconf 75' lang='grc' dir='ltr'>αύτού</span> <span class='ocrx_word' id='word_1_299' title='bbox 1440 2609 1530 2654; x_wconf 75' lang='grc' dir='ltr'>τοῦ</span> <span class='ocrx_word' id='word_1_300' title='bbox 1598 2599 1775 2676; x_wconf 65' lang='grc' dir='ltr'>ἀρχιεα</span> 
     </span>
    </p>
   </div>
   <div class='ocr_carea' id='block_1_46' title="bbox 184 2690 1779 2766">
    <p class='ocr_par' dir='ltr' id='par_1_46' title="bbox 184 2690 1779 2766">
     <span class='ocr_line' id='line_1_46' title="bbox 184 2690 1779 2766; baseline -0.003 -16"><span class='ocrx_word' id='word_1_301' title='bbox 184 2701 447 2750; x_wconf 85' lang='grc' dir='ltr'>πισκόπου</span> <span class='ocrx_word' id='word_1_302' title='bbox 537 2700 798 2766; x_wconf 82' lang='grc' dir='ltr'>Γερμανοῦ</span> <span class='ocrx_word' id='word_1_303' title='bbox 868 2691 961 2745; x_wconf 64' lang='grc' dir='ltr'>οὐκ</span> <span class='ocrx_word' id='word_1_304' title='bbox 1040 2690 1248 2764; x_wconf 59' lang='grc' dir='ltr'>ὤφειλον</span> <span class='ocrx_word' id='word_1_305' title='bbox 1324 2690 1531 2762; x_wconf 80' lang='grc' dir='ltr'>ἐπέχειν</span> <span class='ocrx_word' id='word_1_306' title='bbox 1578 2695 1779 2765; x_wconf 69' lang='grc' dir='ltr'>κρίσιν.</span> 
     </span>
    </p>
   </div>
   <div class='ocr_carea' id='block_1_47' title="bbox 176 2780 1782 2860">
    <p class='ocr_par' dir='ltr' id='par_1_47' title="bbox 176 2780 1782 2860">
     <span class='ocr_line' id='line_1_47' title="bbox 176 2780 1782 2860; baseline -0.006 -20"><span class='ocrx_word' id='word_1_307' title='bbox 176 2794 380 2860; x_wconf 75' lang='grc' dir='ltr'>Ὅμως,</span> <span class='ocrx_word' id='word_1_308' title='bbox 449 2782 502 2848; x_wconf 75' lang='grc' dir='ltr'><strong>ἐξ</strong></span> <span class='ocrx_word' id='word_1_309' title='bbox 585 2785 838 2858; x_wconf 79' lang='grc' dir='ltr'>ἡμετέρας</span> <span class='ocrx_word' id='word_1_310' title='bbox 898 2780 1254 2858; x_wconf 78' lang='grc' dir='ltr'>προστάξεως,</span> <span class='ocrx_word' id='word_1_311' title='bbox 1320 2785 1503 2854; x_wconf 77' lang='grc' dir='ltr'>μήπως</span> <span class='ocrx_word' id='word_1_312' title='bbox 1558 2788 1630 2852; x_wconf 81' lang='grc' dir='ltr'>τῷ</span> <span class='ocrx_word' id='word_1_313' title='bbox 1683 2788 1782 2832; x_wconf 83' lang='grc' dir='ltr'>τῶν</span> 
     </span>
    </p>
   </div>
   <div class='ocr_carea' id='block_1_48' title="bbox 181 2866 1786 2950">
    <p class='ocr_par' dir='ltr' id='par_1_48' title="bbox 181 2866 1786 2950">
     <span class='ocr_line' id='line_1_48' title="bbox 181 2866 1786 2950; baseline -0.004 -21"><span class='ocrx_word' id='word_1_314' title='bbox 181 2883 415 2950; x_wconf 88' lang='grc' dir='ltr'>Γραικῶν</span> <span class='ocrx_word' id='word_1_315' title='bbox 487 2871 890 2947; x_wconf 82' lang='grc' dir='ltr'>ἀρχιεπισκὸπῳ</span> <span class='ocrx_word' id='word_1_316' title='bbox 993 2866 1186 2934; x_wconf 76' lang='grc' dir='ltr'>δόξειεν</span> <span class='ocrx_word' id='word_1_317' title='bbox 1271 2867 1475 2923; x_wconf 78' lang='grc' dir='ltr'>ἀπεῖναι</span> <span class='ocrx_word' id='word_1_318' title='bbox 1558 2873 1614 2923; x_wconf 86' lang='grc' dir='ltr'>τὸ</span> <span class='ocrx_word' id='word_1_319' title='bbox 1690 2878 1786 2932; x_wconf 80' lang='grc' dir='ltr'>τῆς</span> 
     </span>
    </p>
   </div>
   <div class='ocr_carea' id='block_1_49' title="bbox 180 2957 1784 3038">
    <p class='ocr_par' dir='ltr' id='par_1_49' title="bbox 180 2957 1784 3038">
     <span class='ocr_line' id='line_1_49' title="bbox 180 2957 1784 3038; baseline -0.004 -20"><span class='ocrx_word' id='word_1_320' title='bbox 180 2961 333 3026; x_wconf 82' lang='grc' dir='ltr'>δίκης</span> <span class='ocrx_word' id='word_1_321' title='bbox 389 2961 666 3038; x_wconf 80' lang='grc' dir='ltr'>πλήρωμα,</span> <span class='ocrx_word' id='word_1_322' title='bbox 742 2959 990 3014; x_wconf 77' lang='grc' dir='ltr'>ἐϐιάσατο</span> <span class='ocrx_word' id='word_1_323' title='bbox 1071 2978 1286 3021; x_wconf 79' lang='grc' dir='ltr'>τούτους</span> <span class='ocrx_word' id='word_1_324' title='bbox 1326 2960 1351 3012; x_wconf 87' lang='grc' dir='ltr'><strong><em>ὁ</em></strong></span> <span class='ocrx_word' id='word_1_325' title='bbox 1406 2959 1558 3021; x_wconf 70' lang='grc' dir='ltr'>αὐτὸς</span> <span class='ocrx_word' id='word_1_326' title='bbox 1594 2957 1784 3034; x_wconf 86' lang='grc' dir='ltr'>ἀκροα-</span> 
     </span>
    </p>
   </div>
   <div class='ocr_carea' id='block_1_50' title="bbox 181 3049 1854 3136">
    <p class='ocr_par' dir='ltr' id='par_1_50' title="bbox 181 3049 1854 3136">
     <span class='ocr_line' id='line_1_50' title="bbox 181 3049 1854 3136; baseline -0.003 -30"><span class='ocrx_word' id='word_1_327' title='bbox 181 3058 280 3116; x_wconf 74' lang='grc' dir='ltr'>τὴς</span> <span class='ocrx_word' id='word_1_328' title='bbox 315 3051 396 3124; x_wconf 85' lang='lat'>(’7)</span> <span class='ocrx_word' id='word_1_329' title='bbox 423 3057 535 3113; x_wconf 84' lang='grc' dir='ltr'>ταῖς</span> <span class='ocrx_word' id='word_1_330' title='bbox 584 3051 844 3112; x_wconf 77' lang='grc' dir='ltr'>ζητήσεσι</span> <span class='ocrx_word' id='word_1_331' title='bbox 908 3051 1112 3118; x_wconf 85' lang='grc' dir='ltr'>τούτου,</span> <span class='ocrx_word' id='word_1_332' title='bbox 1163 3049 1336 3123; x_wconf 85' lang='grc' dir='ltr'>ὥσπερ</span> <span class='ocrx_word' id='word_1_333' title='bbox 1393 3052 1482 3102; x_wconf 70' lang='grc' dir='ltr'>τού</span> <span class='ocrx_word' id='word_1_334' title='bbox 1545 3049 1785 3124; x_wconf 79' lang='grc' dir='ltr'>ῥηθέντος</span> <span class='ocrx_word' id='word_1_335' title='bbox 1815 3081 1854 3136; x_wconf 75' lang='lat' dir='ltr'>C</span> 
     </span>
    </p>
   </div>
   <div class='ocr_carea' id='block_1_51' title="bbox 187 3137 1038 3218">
    <p class='ocr_par' dir='ltr' id='par_1_51' title="bbox 187 3137 1038 3218">
     <span class='ocr_line' id='line_1_51' title="bbox 187 3137 1038 3218; baseline -0.002 -23"><span class='ocrx_word' id='word_1_336' title='bbox 187 3141 630 3218; x_wconf 79' lang='grc' dir='ltr'>ἀρχιεπισκόπου,</span> <span class='ocrx_word' id='word_1_337' title='bbox 669 3137 1038 3212; x_wconf 75' lang='grc' dir='ltr'>ἀποκριθῆναι.</span> 
     </span>
    </p>
   </div>
   <div class='ocr_carea' id='block_1_52' title="bbox 259 3227 1780 3304">
    <p class='ocr_par' dir='ltr' id='par_1_52' title="bbox 259 3227 1780 3304">
     <span class='ocr_line' id='line_1_52' title="bbox 259 3227 1780 3304; baseline -0.002 -20"><span class='ocrx_word' id='word_1_338' title='bbox 259 3231 537 3304; x_wconf 81' lang='grc' dir='ltr'>Προέθεντό</span> <span class='ocrx_word' id='word_1_339' title='bbox 625 3233 796 3282; x_wconf 89' lang='grc' dir='ltr'>τοίνυν</span> <span class='ocrx_word' id='word_1_340' title='bbox 869 3227 920 3281; x_wconf 83' lang='grc' dir='ltr'>ἐν</span> <span class='ocrx_word' id='word_1_341' title='bbox 995 3235 1058 3300; x_wconf 77' lang='grc' dir='ltr'>τῇ</span> <span class='ocrx_word' id='word_1_342' title='bbox 1140 3231 1334 3302; x_wconf 84' lang='grc' dir='ltr'>κρίσει,</span> <span class='ocrx_word' id='word_1_343' title='bbox 1389 3228 1470 3280; x_wconf 82' lang='grc' dir='ltr'>ὅτι</span> <span class='ocrx_word' id='word_1_344' title='bbox 1512 3229 1780 3303; x_wconf 77' lang='grc' dir='ltr'>προτροπὴ</span> 
     </span>
    </p>
   </div>
   <div class='ocr_carea' id='block_1_53' title="bbox 185 3315 1783 3397">
    <p class='ocr_par' dir='ltr' id='par_1_53' title="bbox 185 3315 1783 3397">
     <span class='ocr_line' id='line_1_53' title="bbox 185 3315 1783 3397; baseline -0.003 -22"><span class='ocrx_word' id='word_1_345' title='bbox 185 3325 430 3397; x_wconf 81' lang='grc' dir='ltr'>περὶτῆς</span> <span class='ocrx_word' id='word_1_346' title='bbox 460 3321 828 3380; x_wconf 80' lang='grc' dir='ltr'>καταστάσεως</span> <span class='ocrx_word' id='word_1_347' title='bbox 881 3325 972 3370; x_wconf 80' lang='grc' dir='ltr'>τοῦ</span> <span class='ocrx_word' id='word_1_348' title='bbox 1033 3319 1272 3372; x_wconf 80' lang='grc' dir='ltr'>τοιούτου</span> <span class='ocrx_word' id='word_1_349' title='bbox 1322 3323 1582 3391; x_wconf 78' lang='grc' dir='ltr'>Γερμανού</span> <span class='ocrx_word' id='word_1_350' title='bbox 1630 3315 1783 3370; x_wconf 74' lang='grc' dir='ltr'>ούὸἐ-</span> 
     </span>
    </p>
   </div>
   <div class='ocr_carea' id='block_1_54' title="bbox 805 3406 1785 3484">
    <p class='ocr_par' dir='ltr' id='par_1_54' title="bbox 805 3406 1785 3484">
     <span class='ocr_line' id='line_1_54' title="bbox 805 3406 1785 3484; baseline -0.001 -24"><span class='ocrx_word' id='word_1_351' title='bbox 805 3406 913 3461; x_wconf 78' lang='grc' dir='ltr'>ἒπιὶ</span> <span class='ocrx_word' id='word_1_352' title='bbox 967 3409 1097 3484; x_wconf 82' lang='grc' dir='ltr'>πρὸς</span> <span class='ocrx_word' id='word_1_353' title='bbox 1143 3409 1260 3468; x_wconf 80' lang='grc' dir='ltr'>τούς</span> <span class='ocrx_word' id='word_1_354' title='bbox 1314 3409 1785 3482; x_wconf 78' lang='grc' dir='ltr'>προμνημονιυθέν-</span> 
     </span>
    </p>
   </div>
   <div class='ocr_carea' id='block_1_55' title="bbox 179 3494 1787 3573">
    <p class='ocr_par' dir='ltr' id='par_1_55' title="bbox 179 3494 1787 3573">
     <span class='ocr_line' id='line_1_55' title="bbox 179 3494 1787 3573; baseline -0.002 -17"><span class='ocrx_word' id='word_1_355' title='bbox 179 3521 274 3566; x_wconf 90' lang='grc' dir='ltr'>τας</span> <span class='ocrx_word' id='word_1_356' title='bbox 324 3503 642 3562; x_wconf 74' lang='grc' dir='ltr'>ἐπισκόπους</span> <span class='ocrx_word' id='word_1_357' title='bbox 688 3494 893 3551; x_wconf 78' lang='grc' dir='ltr'>δίκαιον</span> <span class='ocrx_word' id='word_1_358' title='bbox 949 3515 1003 3550; x_wconf 84' lang='grc' dir='ltr'>τι</span> <span class='ocrx_word' id='word_1_359' title='bbox 1050 3499 1138 3550; x_wconf 81' lang='grc' dir='ltr'>τὸν</span> <span class='ocrx_word' id='word_1_360' title='bbox 1182 3495 1603 3573; x_wconf 83' lang='grc' dir='ltr'>ἀρχιεπίσκοπον</span> <span class='ocrx_word' id='word_1_361' title='bbox 1650 3495 1787 3552; x_wconf 74' lang='grc' dir='ltr'>ἐκλέ-</span> 
     </span>
    </p>
   </div>
   <div class='ocr_carea' id='block_1_56' title="bbox 177 3407 748 3486">
    <p class='ocr_par' dir='ltr' id='par_1_56' title="bbox 177 3407 748 3486">
     <span class='ocr_line' id='line_1_56' title="bbox 177 3407 748 3486; baseline -0.005 -22"><span class='ocrx_word' id='word_1_362' title='bbox 177 3417 279 3486; x_wconf 81' lang='grc' dir='ltr'>μία</span> <span class='ocrx_word' id='word_1_363' title='bbox 333 3428 416 3472; x_wconf 86' lang='grc' dir='ltr'>τις</span> <span class='ocrx_word' id='word_1_364' title='bbox 465 3407 682 3482; x_wconf 71' lang='grc' dir='ltr'>ἱγεγὸνιι</span> <span class='ocrx_word' id='word_1_365' title='bbox 732 3426 748 3444; x_wconf 77' lang='grc' dir='ltr'>ο</span> 
     </span>
    </p>
   </div>
   <div class='ocr_carea' id='block_1_57' title="bbox 180 3689 1786 3770">
    <p class='ocr_par' dir='ltr' id='par_1_57' title="bbox 180 3689 1786 3770">
     <span class='ocr_line' id='line_1_57' title="bbox 180 3689 1786 3770; baseline -0.001 -22"><span class='ocrx_word' id='word_1_366' title='bbox 180 3697 418 3770; x_wconf 80' lang='grc' dir='ltr'>Κύπρου.</span> <span class='ocrx_word' id='word_1_367' title='bbox 495 3699 718 3770; x_wconf 74' lang='grc' dir='ltr'>Σήμερον</span> <span class='ocrx_word' id='word_1_368' title='bbox 795 3689 854 3747; x_wconf 67' lang='grc' dir='ltr'>δὲ</span> <span class='ocrx_word' id='word_1_369' title='bbox 913 3689 1136 3766; x_wconf 66' lang='grc' dir='ltr'>οὐδεμία</span> <span class='ocrx_word' id='word_1_370' title='bbox 1166 3690 1266 3746; x_wconf 80' lang='grc' dir='ltr'>ἀπὸ</span> <span class='ocrx_word' id='word_1_371' title='bbox 1315 3701 1412 3770; x_wconf 72' lang='grc' dir='ltr'>τῶν</span> <span class='ocrx_word' id='word_1_372' title='bbox 1467 3691 1786 3770; x_wconf 56' lang='grc' dir='ltr'>Ἐκκλησιῳ</span> 
     </span>
    </p>
   </div>
   <div class='ocr_carea' id='block_1_58' title="bbox 176 3763 1786 3838">
    <p class='ocr_par' dir='ltr' id='par_1_58' title="bbox 176 3763 1786 3838">
     <span class='ocr_line' id='line_1_58' title="bbox 176 3763 1786 3838; baseline -0.002 -18"><span class='ocrx_word' id='word_1_373' title='bbox 176 3763 374 3838; x_wconf 65' lang='grc' dir='ltr'>τούτοιν</span> <span class='ocrx_word' id='word_1_374' title='bbox 432 3775 519 3838; x_wconf 24' lang='grc' dir='ltr'>τῇλ</span> <span class='ocrx_word' id='word_1_375' title='bbox 567 3763 933 3838; x_wconf 55' lang='grc' dir='ltr'>’ἀχιεπισκοπῇ</span> <span class='ocrx_word' id='word_1_376' title='bbox 1021 3763 1232 3838; x_wconf 80' lang='grc' dir='ltr'>Κύπρου</span> <span class='ocrx_word' id='word_1_377' title='bbox 1295 3765 1597 3838; x_wconf 67' lang='grc' dir='ltr'>ιύπὸκειται,</span> <span class='ocrx_word' id='word_1_378' title='bbox 1673 3763 1786 3838; x_wconf 60' lang='grc' dir='ltr'>ἀλλ’</span> 
     </span>
    </p>
   </div>
   <div class='ocr_carea' id='block_1_59' title="bbox 173 3827 1786 3908">
    <p class='ocr_par' dir='ltr' id='par_1_59' title="bbox 173 3827 1786 3908">
     <span class='ocr_line' id='line_1_59' title="bbox 173 3827 1786 3908; baseline -0.003 -17"><span class='ocrx_word' id='word_1_379' title='bbox 173 3834 305 3891; x_wconf 70' lang='grc' dir='ltr'>ούδᾶ</span> <span class='ocrx_word' id='word_1_380' title='bbox 356 3841 424 3891; x_wconf 79' lang='grc' dir='ltr'>τὰ</span> <span class='ocrx_word' id='word_1_381' title='bbox 470 3827 678 3891; x_wconf 68' lang='grc' dir='ltr'>’δίκαῖα</span> <span class='ocrx_word' id='word_1_382' title='bbox 733 3845 828 3899; x_wconf 84' lang='grc' dir='ltr'>τῆς</span> <span class='ocrx_word' id='word_1_383' title='bbox 861 3827 1447 3898; x_wconf 65' lang='grc' dir='ltr'>Κὲδνσταντινουπόλεως</span> <span class='ocrx_word' id='word_1_384' title='bbox 1501 3827 1633 3908; x_wconf 74' lang='grc' dir='ltr'>ἕχέι.</span> <span class='ocrx_word' id='word_1_385' title='bbox 1693 3836 1786 3892; x_wconf 85' lang='lat' dir='ltr'>Ab</span> 
     </span>
    </p>
   </div>
   <div class='ocr_carea' id='block_1_60' title="bbox 173 3908 1788 3980">
    <p class='ocr_par' dir='ltr' id='par_1_60' title="bbox 173 3908 1788 3980">
     <span class='ocr_line' id='line_1_60' title="bbox 173 3908 1788 3980; baseline -0.002 -13"><span class='ocrx_word' id='word_1_386' title='bbox 173 3916 388 3967; x_wconf 81' lang='lat' dir='ltr'>octavo</span> <span class='ocrx_word' id='word_1_387' title='bbox 408 3925 636 3967; x_wconf 83' lang='lat' dir='ltr'>canone</span> <span class='ocrx_word' id='word_1_388' title='bbox 658 3911 849 3966; x_wconf 78' lang='lat' dir='ltr'>tertize</span> <span class='ocrx_word' id='word_1_389' title='bbox 869 3909 1104 3980; x_wconf 83' lang='lat' dir='ltr'>synodi,</span> <span class='ocrx_word' id='word_1_390' title='bbox 1126 3923 1206 3964; x_wconf 70' lang='lat' dir='ltr'>eae</span> <span class='ocrx_word' id='word_1_391' title='bbox 1226 3908 1666 3977; x_wconf 75' lang='lat' dir='ltr'>supplicatione</span> <span class='ocrx_word' id='word_1_392' title='bbox 1690 3923 1788 3963; x_wconf 86' lang='lat' dir='ltr'>cu-</span> 
     </span>
    </p>
   </div>
   <div class='ocr_carea' id='block_1_61' title="bbox 159 3979 1784 4053">
    <p class='ocr_par' dir='ltr' id='par_1_61' title="bbox 159 3979 1784 4053">
     <span class='ocr_line' id='line_1_61' title="bbox 159 3979 1784 4053; baseline -0.003 -16"><span class='ocrx_word' id='word_1_393' title='bbox 159 3982 419 4053; x_wconf 77' lang='lat' dir='ltr'>jusdam</span> <span class='ocrx_word' id='word_1_394' title='bbox 441 3983 701 4052; x_wconf 76' lang='lat' dir='ltr'>episcopi</span> <span class='ocrx_word' id='word_1_395' title='bbox 727 3981 936 4048; x_wconf 80' lang='lat' dir='ltr'>Cypri,</span> <span class='ocrx_word' id='word_1_396' title='bbox 967 3979 1225 4050; x_wconf 78' lang='lat' dir='ltr'>Rhegini</span> <span class='ocrx_word' id='word_1_397' title='bbox 1250 3982 1465 4046; x_wconf 79' lang='lat' dir='ltr'>vocati,</span> <span class='ocrx_word' id='word_1_398' title='bbox 1490 3984 1784 4053; x_wconf 86' lang='lat' dir='ltr'>statutum</span> 
     </span>
    </p>
   </div>
   <div class='ocr_carea' id='block_1_62' title="bbox 171 4051 1789 4124">
    <p class='ocr_par' dir='ltr' id='par_1_62' title="bbox 171 4051 1789 4124">
     <span class='ocr_line' id='line_1_62' title="bbox 171 4051 1789 4124; baseline -0.002 -16"><span class='ocrx_word' id='word_1_399' title='bbox 171 4051 323 4124; x_wconf 83' lang='lat' dir='ltr'>fuit,</span> <span class='ocrx_word' id='word_1_400' title='bbox 341 4051 530 4124; x_wconf 84' lang='lat' dir='ltr'>ipsam</span> <span class='ocrx_word' id='word_1_401' title='bbox 550 4053 741 4123; x_wconf 81' lang='lat' dir='ltr'>Cypri</span> <span class='ocrx_word' id='word_1_402' title='bbox 762 4053 1090 4124; x_wconf 76' lang='lat' dir='ltr'>Ecclesium</span> <span class='ocrx_word' id='word_1_403' title='bbox 1117 4066 1236 4107; x_wconf 85' lang='lat' dir='ltr'>esse</span> <span class='ocrx_word' id='word_1_404' title='bbox 1253 4053 1570 4124; x_wconf 87' lang='lat' dir='ltr'>primatem</span> <span class='ocrx_word' id='word_1_405' title='bbox 1593 4065 1665 4105; x_wconf 90' lang='lat' dir='ltr'>ac</span> <span class='ocrx_word' id='word_1_406' title='bbox 1692 4051 1789 4124; x_wconf 81' lang='lat' dir='ltr'>sui</span> 
     </span>
    </p>
   </div>
   <div class='ocr_carea' id='block_1_63' title="bbox 179 4122 1787 4194">
    <p class='ocr_par' dir='ltr' id='par_1_63' title="bbox 179 4122 1787 4194">
     <span class='ocr_line' id='line_1_63' title="bbox 179 4122 1787 4194; baseline -0.002 -16"><span class='ocrx_word' id='word_1_407' title='bbox 179 4122 374 4194; x_wconf 80' lang='lat' dir='ltr'>ipsius</span> <span class='ocrx_word' id='word_1_408' title='bbox 401 4131 584 4193; x_wconf 87' lang='lat' dir='ltr'>caput</span> <span class='ocrx_word' id='word_1_409' title='bbox 600 4122 622 4193; x_wconf 84' lang='lat'>,&#39;</span> <span class='ocrx_word' id='word_1_410' title='bbox 643 4129 697 4179; x_wconf 92' lang='lat' dir='ltr'>et</span> <span class='ocrx_word' id='word_1_411' title='bbox 734 4123 1072 4189; x_wconf 82' lang='lat' dir='ltr'>prohibitus</span> <span class='ocrx_word' id='word_1_412' title='bbox 1098 4128 1180 4179; x_wconf 90' lang='lat' dir='ltr'>est</span> <span class='ocrx_word' id='word_1_413' title='bbox 1211 4122 1610 4178; x_wconf 82' lang='lat' dir='ltr'>Antiochenus</span> <span class='ocrx_word' id='word_1_414' title='bbox 1631 4122 1787 4190; x_wconf 88' lang='lat' dir='ltr'>epis-</span> 
     </span>
    </p>
   </div>
   <div class='ocr_carea' id='block_1_64' title="bbox 179 4194 1788 4266">
    <p class='ocr_par' dir='ltr' id='par_1_64' title="bbox 179 4194 1788 4266">
     <span class='ocr_line' id='line_1_64' title="bbox 179 4194 1788 4266; baseline -0.002 -14"><span class='ocrx_word' id='word_1_415' title='bbox 179 4209 362 4265; x_wconf 85' lang='lat' dir='ltr'>copus</span> <span class='ocrx_word' id='word_1_416' title='bbox 377 4197 580 4266; x_wconf 84' lang='lat' dir='ltr'>facere</span> <span class='ocrx_word' id='word_1_417' title='bbox 599 4195 663 4250; x_wconf 81' lang='lat' dir='ltr'>in</span> <span class='ocrx_word' id='word_1_418' title='bbox 685 4209 753 4251; x_wconf 89' lang='lat' dir='ltr'>ea</span> <span class='ocrx_word' id='word_1_419' title='bbox 774 4194 1183 4266; x_wconf 74' lang='lat' dir='ltr'>ordinationes</span> <span class='ocrx_word' id='word_1_420' title='bbox 1204 4195 1446 4266; x_wconf 79' lang='lat' dir='ltr'>:statuit</span> <span class='ocrx_word' id='word_1_421' title='bbox 1472 4199 1668 4250; x_wconf 85' lang='lat' dir='ltr'>autem</span> <span class='ocrx_word' id='word_1_422' title='bbox 1694 4207 1788 4248; x_wconf 88' lang='lat' dir='ltr'>ca-</span> 
     </span>
    </p>
   </div>
   <div class='ocr_carea' id='block_1_65' title="bbox 179 4265 1788 4336">
    <p class='ocr_par' dir='ltr' id='par_1_65' title="bbox 179 4265 1788 4336">
     <span class='ocr_line' id='line_1_65' title="bbox 179 4265 1788 4336; baseline -0.001 -14"><span class='ocrx_word' id='word_1_423' title='bbox 179 4282 328 4323; x_wconf 88' lang='lat' dir='ltr'>non.</span> <span class='ocrx_word' id='word_1_424' title='bbox 348 4270 414 4323; x_wconf 87' lang='lat'>39</span> <span class='ocrx_word' id='word_1_425' title='bbox 443 4268 716 4336; x_wconf 85' lang='lat' dir='ltr'>Trullan,</span> <span class='ocrx_word' id='word_1_426' title='bbox 735 4271 788 4322; x_wconf 88' lang='lat' dir='ltr'>et</span> <span class='ocrx_word' id='word_1_427' title='bbox 805 4281 935 4322; x_wconf 91' lang='lat' dir='ltr'>eam</span> <span class='ocrx_word' id='word_1_428' title='bbox 950 4265 1167 4322; x_wconf 88' lang='lat' dir='ltr'>habere</span> <span class='ocrx_word' id='word_1_429' title='bbox 1177 4282 1328 4335; x_wconf 73' lang='lat' dir='ltr'>Jura</span> <span class='ocrx_word' id='word_1_430' title='bbox 1354 4265 1572 4334; x_wconf 86' lang='lat' dir='ltr'>Cpotis,</span> <span class='ocrx_word' id='word_1_431' title='bbox 1591 4279 1664 4320; x_wconf 85' lang='lat' dir='ltr'>ac</span> <span class='ocrx_word' id='word_1_432' title='bbox 1681 4278 1788 4333; x_wconf 88' lang='lat' dir='ltr'>pa-</span> 
     </span>
    </p>
   </div>
   <div class='ocr_carea' id='block_1_66' title="bbox 176 4338 1786 4406">
    <p class='ocr_par' dir='ltr' id='par_1_66' title="bbox 176 4338 1786 4406">
     <span class='ocr_line' id='line_1_66' title="bbox 176 4338 1786 4406; baseline -0.003 -11"><span class='ocrx_word' id='word_1_433' title='bbox 176 4340 338 4395; x_wconf 81' lang='lat' dir='ltr'>riter</span> <span class='ocrx_word' id='word_1_434' title='bbox 349 4339 650 4396; x_wconf 80' lang='lat' dir='ltr'>Ecrlesias</span> <span class='ocrx_word' id='word_1_435' title='bbox 667 4338 845 4395; x_wconf 88' lang='lat' dir='ltr'>etiam</span> <span class='ocrx_word' id='word_1_436' title='bbox 857 4338 1308 4406; x_wconf 80' lang='lat' dir='ltr'>provinciarum</span> <span class='ocrx_word' id='word_1_437' title='bbox 1329 4338 1718 4404; x_wconf 83' lang='lat' dir='ltr'>Hellesponti,</span> <span class='ocrx_word' id='word_1_438' title='bbox 1732 4341 1786 4391; x_wconf 92' lang='lat' dir='ltr'>et</span> 
     </span>
    </p>
   </div>
   <div class='ocr_carea' id='block_1_67' title="bbox 179 4407 1788 4480">
    <p class='ocr_par' dir='ltr' id='par_1_67' title="bbox 179 4407 1788 4480">
     <span class='ocr_line' id='line_1_67' title="bbox 179 4407 1788 4480; baseline -0.003 -14"><span class='ocrx_word' id='word_1_439' title='bbox 179 4410 516 4468; x_wconf 81' lang='lat' dir='ltr'>Ecclesium</span> <span class='ocrx_word' id='word_1_440' title='bbox 536 4409 740 4480; x_wconf 62' lang='grc' dir='ltr'>ϐυκτίοί</span> <span class='ocrx_word' id='word_1_441' title='bbox 757 4411 1020 4478; x_wconf 84' lang='lat' dir='ltr'>ipsorum</span> <span class='ocrx_word' id='word_1_442' title='bbox 1030 4407 1437 4480; x_wconf 83' lang='lat' dir='ltr'>episcoporum</span> <span class='ocrx_word' id='word_1_443' title='bbox 1459 4407 1788 4480; x_wconf 79' lang='lat' dir='ltr'>ordinatio-</span> 
     </span>
    </p>
   </div>
   <div class='ocr_carea' id='block_1_68' title="bbox 181 4477 1788 4552">
    <p class='ocr_par' dir='ltr' id='par_1_68' title="bbox 181 4477 1788 4552">
     <span class='ocr_line' id='line_1_68' title="bbox 181 4477 1788 4552; baseline -0.003 -15"><span class='ocrx_word' id='word_1_444' title='bbox 181 4495 292 4538; x_wconf 86' lang='lat' dir='ltr'>nes</span> <span class='ocrx_word' id='word_1_445' title='bbox 315 4480 390 4538; x_wconf 88' lang='lat' dir='ltr'>ab</span> <span class='ocrx_word' id='word_1_446' title='bbox 405 4477 666 4552; x_wconf 83' lang='lat' dir='ltr'>episcopo</span> <span class='ocrx_word' id='word_1_447' title='bbox 689 4477 880 4550; x_wconf 75' lang='lat' dir='ltr'>Cypri</span> <span class='ocrx_word' id='word_1_448' title='bbox 894 4477 1234 4552; x_wconf 32' lang='lat' dir='ltr'>faciendas.’</span> <span class='ocrx_word' id='word_1_449' title='bbox 1245 4479 1438 4536; x_wconf 84' lang='lat' dir='ltr'>Hodie</span> <span class='ocrx_word' id='word_1_450' title='bbox 1456 4479 1723 4552; x_wconf 78' lang='lat' dir='ltr'>veronul</span> <span class='ocrx_word' id='word_1_451' title='bbox 1730 4477 1788 4533; x_wconf 90' lang='lat' dir='ltr'>la</span> 
     </span>
    </p>
   </div>
   <div class='ocr_carea' id='block_1_69' title="bbox 181 4550 1786 4622">
    <p class='ocr_par' dir='ltr' id='par_1_69' title="bbox 181 4550 1786 4622">
     <span class='ocr_line' id='line_1_69' title="bbox 181 4550 1786 4622; baseline -0.003 -13"><span class='ocrx_word' id='word_1_452' title='bbox 181 4567 268 4609; x_wconf 78' lang='lat' dir='ltr'>ea:</span> <span class='ocrx_word' id='word_1_453' title='bbox 281 4552 370 4609; x_wconf 88' lang='lat' dir='ltr'>his</span> <span class='ocrx_word' id='word_1_454' title='bbox 385 4550 662 4610; x_wconf 79' lang='lat' dir='ltr'>Ecclesiis</span> <span class='ocrx_word' id='word_1_455' title='bbox 678 4553 867 4622; x_wconf 85' lang='lat' dir='ltr'>Cypri</span> <span class='ocrx_word' id='word_1_456' title='bbox 883 4551 1428 4620; x_wconf 84' lang='lat' dir='ltr'>archiepiscopatui</span> <span class='ocrx_word' id='word_1_457' title='bbox 1445 4550 1786 4622; x_wconf 70' lang='lat' dir='ltr'>subjicitur,</span> 
     </span>
    </p>
   </div>
   <div class='ocr_carea' id='block_1_70' title="bbox 182 4621 1791 4696">
    <p class='ocr_par' dir='ltr' id='par_1_70' title="bbox 182 4621 1791 4696">
     <span class='ocr_line' id='line_1_70' title="bbox 182 4621 1791 4696; baseline -0.004 -16"><span class='ocrx_word' id='word_1_458' title='bbox 182 4627 311 4680; x_wconf 85' lang='lat' dir='ltr'>imo</span> <span class='ocrx_word' id='word_1_459' title='bbox 323 4639 511 4696; x_wconf 85' lang='lat' dir='ltr'>neque</span> <span class='ocrx_word' id='word_1_460' title='bbox 509 4627 546 4694; x_wconf 87' lang='lat' dir='ltr'>j</span> <span class='ocrx_word' id='word_1_461' title='bbox 549 4639 660 4680; x_wconf 68' lang='grc' dir='ltr'>τινα</span> <span class='ocrx_word' id='word_1_462' title='bbox 674 4621 869 4696; x_wconf 81' lang='lat' dir='ltr'>Cpblis</span> <span class='ocrx_word' id='word_1_463' title='bbox 883 4623 1071 4696; x_wconf 77' lang='lat' dir='ltr'>habet.</span> <span class='ocrx_word' id='word_1_464' title='bbox 1090 4623 1374 4678; x_wconf 84' lang='lat' dir='ltr'>Fortassis</span> <span class='ocrx_word' id='word_1_465' title='bbox 1387 4622 1528 4694; x_wconf 90' lang='lat' dir='ltr'>quia</span> <span class='ocrx_word' id='word_1_466' title='bbox 1538 4621 1666 4696; x_wconf 87' lang='lat' dir='ltr'>jam</span> <span class='ocrx_word' id='word_1_467' title='bbox 1681 4637 1791 4696; x_wconf 69' lang='lat' dir='ltr'>suo</span> 
     </span>
    </p>
   </div>
   <div class='ocr_carea' id='block_1_71' title="bbox 181 4691 1795 4768">
    <p class='ocr_par' dir='ltr' id='par_1_71' title="bbox 181 4691 1795 4768">
     <span class='ocr_line' id='line_1_71' title="bbox 181 4691 1795 4768; baseline -0.002 -17"><span class='ocrx_word' id='word_1_468' title='bbox 181 4691 460 4768; x_wconf 76' lang='lat' dir='ltr'>tempore</span> <span class='ocrx_word' id='word_1_469' title='bbox 489 4691 545 4751; x_wconf 80' lang='lat' dir='ltr'>in</span> <span class='ocrx_word' id='word_1_470' title='bbox 561 4691 919 4768; x_wconf 78' lang='lat' dir='ltr'>Latinorum</span> <span class='ocrx_word' id='word_1_471' title='bbox 935 4693 1229 4768; x_wconf 77' lang='lat' dir='ltr'>ditionem</span> <span class='ocrx_word' id='word_1_472' title='bbox 1253 4691 1512 4768; x_wconf 78' lang='lat' dir='ltr'>cesserat</span> <span class='ocrx_word' id='word_1_473' title='bbox 1535 4691 1672 4768; x_wconf 59' lang='lat' dir='ltr'>jsed</span> <span class='ocrx_word' id='word_1_474' title='bbox 1689 4691 1795 4747; x_wconf 86' lang='lat' dir='ltr'>fal-</span> 
     </span>
    </p>
   </div>
   <div class='ocr_carea' id='block_1_72' title="bbox 179 4763 1792 4837">
    <p class='ocr_par' dir='ltr' id='par_1_72' title="bbox 179 4763 1792 4837">
     <span class='ocr_line' id='line_1_72' title="bbox 179 4763 1792 4837; baseline -0.002 -15"><span class='ocrx_word' id='word_1_475' title='bbox 179 4763 352 4833; x_wconf 74' lang='lat' dir='ltr'>litur,</span> <span class='ocrx_word' id='word_1_476' title='bbox 382 4783 526 4823; x_wconf 86' lang='lat' dir='ltr'>nam</span> <span class='ocrx_word' id='word_1_477' title='bbox 549 4766 649 4837; x_wconf 91' lang='lat' dir='ltr'>jus</span> <span class='ocrx_word' id='word_1_478' title='bbox 677 4765 1076 4837; x_wconf 66' lang='grc' dir='ltr'>αύτοκεφαλαῖον</span> <span class='ocrx_word' id='word_1_479' title='bbox 1098 4764 1236 4837; x_wconf 79' lang='lat' dir='ltr'>inde</span> <span class='ocrx_word' id='word_1_480' title='bbox 1266 4764 1344 4820; x_wconf 88' lang='lat' dir='ltr'>ab</span> <span class='ocrx_word' id='word_1_481' title='bbox 1376 4763 1792 4837; x_wconf 75' lang='lat' dir='ltr'>apostolorum</span> 
     </span>
    </p>
   </div>
   <div class='ocr_carea' id='block_1_73' title="bbox 182 4833 1792 4910">
    <p class='ocr_par' dir='ltr' id='par_1_73' title="bbox 182 4833 1792 4910">
     <span class='ocr_line' id='line_1_73' title="bbox 182 4833 1792 4910; baseline -0.002 -16"><span class='ocrx_word' id='word_1_482' title='bbox 182 4845 460 4910; x_wconf 79' lang='lat' dir='ltr'>tempore</span> <span class='ocrx_word' id='word_1_483' title='bbox 471 4833 786 4910; x_wconf 79' lang='lat' dir='ltr'>habuerat.</span> <span class='ocrx_word' id='word_1_484' title='bbox 803 4833 1213 4910; x_wconf 68' lang='lat' dir='ltr'>Clarissimeid</span> <span class='ocrx_word' id='word_1_485' title='bbox 1229 4840 1390 4910; x_wconf 82' lang='lat' dir='ltr'>patet</span> <span class='ocrx_word' id='word_1_486' title='bbox 1403 4833 1474 4910; x_wconf 62' lang='lat' dir='ltr'>ea;</span> <span class='ocrx_word' id='word_1_487' title='bbox 1486 4835 1702 4910; x_wconf 82' lang='lat' dir='ltr'>eodem</span> <span class='ocrx_word' id='word_1_488' title='bbox 1717 4833 1792 4890; x_wconf 85' lang='lat' dir='ltr'>ad</span> 
     </span>
    </p>
   </div>
   <div class='ocr_carea' id='block_1_74' title="bbox 176 4905 1791 4982">
    <p class='ocr_par' dir='ltr' id='par_1_74' title="bbox 176 4905 1791 4982">
     <span class='ocr_line' id='line_1_74' title="bbox 176 4905 1791 4982; baseline -0.003 -17"><span class='ocrx_word' id='word_1_489' title='bbox 176 4905 449 4982; x_wconf 64' lang='lat' dir='ltr'>ipsumet</span> <span class='ocrx_word' id='word_1_490' title='bbox 464 4909 644 4982; x_wconf 80' lang='lat' dir='ltr'>allato</span> <span class='ocrx_word' id='word_1_491' title='bbox 661 4923 892 4964; x_wconf 86' lang='lat' dir='ltr'>canone</span> <span class='ocrx_word' id='word_1_492' title='bbox 915 4908 948 4963; x_wconf 91' lang='lat'><strong>8</strong></span> <span class='ocrx_word' id='word_1_493' title='bbox 963 4907 1179 4982; x_wconf 70' lang='lat' dir='ltr'>synodi</span> <span class='ocrx_word' id='word_1_494' title='bbox 1201 4905 1411 4982; x_wconf 65' lang='lat' dir='ltr'>tertiae;</span> <span class='ocrx_word' id='word_1_495' title='bbox 1436 4905 1754 4982; x_wconf 82' lang='lat' dir='ltr'>dixitenim</span> <span class='ocrx_word' id='word_1_496' title='bbox 1777 4922 1791 4960; x_wconf 85' lang='lat'><strong>:</strong></span> 
     </span>
    </p>
   </div>
   <div class='ocr_carea' id='block_1_75' title="bbox 176 4975 1797 5052">
    <p class='ocr_par' dir='ltr' id='par_1_75' title="bbox 176 4975 1797 5052">
     <span class='ocr_line' id='line_1_75' title="bbox 176 4975 1797 5052; baseline -0.004 -18"><span class='ocrx_word' id='word_1_497' title='bbox 176 4975 404 5043; x_wconf 74' lang='grc' dir='ltr'>Ἕξουσι</span> <span class='ocrx_word' id='word_1_498' title='bbox 423 4986 482 5034; x_wconf 74' lang='grc' dir='ltr'>τὸ</span> <span class='ocrx_word' id='word_1_499' title='bbox 505 4979 885 5052; x_wconf 80' lang='grc' dir='ltr'>ἀνεπηρέαστον</span> <span class='ocrx_word' id='word_1_500' title='bbox 909 4975 1274 5030; x_wconf 65' lang='grc' dir='ltr'>καῖ’ἀϐίαστον</span> <span class='ocrx_word' id='word_1_501' title='bbox 1296 4981 1345 5031; x_wconf 84' lang='grc' dir='ltr'>οἱ</span> <span class='ocrx_word' id='word_1_502' title='bbox 1383 4987 1484 5031; x_wconf 84' lang='grc' dir='ltr'>τῶν</span> <span class='ocrx_word' id='word_1_503' title='bbox 1521 4979 1682 5049; x_wconf 73' lang='grc' dir='ltr'>ἀγίων</span> <span class='ocrx_word' id='word_1_504' title='bbox 1719 4975 1797 5028; x_wconf 79' lang='grc' dir='ltr'>ἐκ·</span> 
     </span>
    </p>
   </div>
   <div class='ocr_carea' id='block_1_76' title="bbox 178 5050 1798 5125">
    <p class='ocr_par' dir='ltr' id='par_1_76' title="bbox 178 5050 1798 5125">
     <span class='ocr_line' id='line_1_76' title="bbox 178 5050 1798 5125; baseline -0.003 -21"><span class='ocrx_word' id='word_1_505' title='bbox 178 5051 419 5109; x_wconf 70' lang='grc' dir='ltr'>κλησιῶν</span> <span class='ocrx_word' id='word_1_506' title='bbox 479 5061 580 5105; x_wconf 79' lang='grc' dir='ltr'>τῶν</span> <span class='ocrx_word' id='word_1_507' title='bbox 633 5050 768 5104; x_wconf 78' lang='grc' dir='ltr'>κατά</span> <span class='ocrx_word' id='word_1_508' title='bbox 794 5055 888 5110; x_wconf 84' lang='grc' dir='ltr'>τὴν</span> <span class='ocrx_word' id='word_1_509' title='bbox 916 5053 1120 5125; x_wconf 80' lang='grc' dir='ltr'>Κύπρον</span> <span class='ocrx_word' id='word_1_510' title='bbox 1146 5059 1468 5125; x_wconf 76' lang='grc' dir='ltr'>προεστῶτες</span> <span class='ocrx_word' id='word_1_511' title='bbox 1515 5051 1649 5101; x_wconf 86' lang='grc' dir='ltr'>κατά</span> <span class='ocrx_word' id='word_1_512' title='bbox 1677 5050 1798 5108; x_wconf 81' lang='grc' dir='ltr'>τοὺς</span> 
     </span>
    </p>
   </div>
   <div class='ocr_carea' id='block_1_77' title="bbox 177 5120 1801 5196">
    <p class='ocr_par' dir='ltr' id='par_1_77' title="bbox 177 5120 1801 5196">
     <span class='ocr_line' id='line_1_77' title="bbox 177 5120 1801 5196; baseline -0.003 -21"><span class='ocrx_word' id='word_1_513' title='bbox 177 5127 550 5196; x_wconf 30' lang='grc' dir='ltr'>κανόναςμτῶν</span> <span class='ocrx_word' id='word_1_514' title='bbox 594 5125 750 5176; x_wconf 84' lang='grc' dir='ltr'>ὁσίων</span> <span class='ocrx_word' id='word_1_515' title='bbox 797 5120 1054 5196; x_wconf 77' lang='grc' dir='ltr'>Ιῐατέρων,</span> <span class='ocrx_word' id='word_1_516' title='bbox 1105 5120 1195 5174; x_wconf 75' lang='grc' dir='ltr'>καί</span> <span class='ocrx_word' id='word_1_517' title='bbox 1248 5127 1342 5181; x_wconf 74' lang='grc' dir='ltr'>τὴν</span> <span class='ocrx_word' id='word_1_518' title='bbox 1387 5120 1616 5196; x_wconf 70' lang='grc' dir='ltr'>ἀρχαίαν</span> <span class='ocrx_word' id='word_1_519' title='bbox 1644 5124 1801 5196; x_wconf 77' lang='grc' dir='ltr'>συνή-</span> 
     </span>
    </p>
   </div>
   <div class='ocr_carea' id='block_1_78' title="bbox 183 5191 1800 5266">
    <p class='ocr_par' dir='ltr' id='par_1_78' title="bbox 183 5191 1800 5266">
     <span class='ocr_line' id='line_1_78' title="bbox 183 5191 1800 5266; baseline -0.004 -19"><span class='ocrx_word' id='word_1_520' title='bbox 183 5196 353 5260; x_wconf 74' lang='grc' dir='ltr'>θειαν,</span> <span class='ocrx_word' id='word_1_521' title='bbox 410 5191 482 5248; x_wconf 78' lang='grc' dir='ltr'>δι’</span> <span class='ocrx_word' id='word_1_522' title='bbox 533 5195 725 5248; x_wconf 70' lang='grc' dir='ltr'>ἐαυτων</span> <span class='ocrx_word' id='word_1_523' title='bbox 778 5196 868 5255; x_wconf 79' lang='grc' dir='ltr'>τὰς</span> <span class='ocrx_word' id='word_1_524' title='bbox 924 5191 1251 5266; x_wconf 73' lang='grc' dir='ltr'>χειροτονίας</span> <span class='ocrx_word' id='word_1_525' title='bbox 1280 5201 1380 5244; x_wconf 81' lang='grc' dir='ltr'>τῶν</span> <span class='ocrx_word' id='word_1_526' title='bbox 1415 5191 1800 5244; x_wconf 67' lang='grc' dir='ltr'>εὐλαϐεστάτων</span> 
     </span>
    </p>
   </div>
   <div class='ocr_carea' id='block_1_79' title="bbox 179 5264 1802 5339">
    <p class='ocr_par' dir='ltr' id='par_1_79' title="bbox 179 5264 1802 5339">
     <span class='ocr_line' id='line_1_79' title="bbox 179 5264 1802 5339; baseline 0.001 -22"><span class='ocrx_word' id='word_1_527' title='bbox 179 5265 489 5320; x_wconf 76' lang='grc' dir='ltr'>ἐπισκόπων</span> <span class='ocrx_word' id='word_1_528' title='bbox 535 5269 853 5339; x_wconf 79' lang='grc' dir='ltr'>ποιούμενοι.</span> <span class='ocrx_word' id='word_1_529' title='bbox 904 5264 1182 5339; x_wconf 78' lang='lat' dir='ltr'>Habeant</span> <span class='ocrx_word' id='word_1_530' title='bbox 1229 5265 1336 5339; x_wconf 80' lang='lat' dir='ltr'>jus</span> <span class='ocrx_word' id='word_1_531' title='bbox 1384 5280 1572 5339; x_wconf 51' lang='lat' dir='ltr'>suuni</span> <span class='ocrx_word' id='word_1_532' title='bbox 1612 5264 1802 5339; x_wconf 62' lang='lat' dir='ltr'>intac-</span> 
     </span>
    </p>
   </div>
   <div class='ocr_carea' id='block_1_80' title="bbox 180 5333 1802 5407">
    <p class='ocr_par' dir='ltr' id='par_1_80' title="bbox 180 5333 1802 5407">
     <span class='ocr_line' id='line_1_80' title="bbox 180 5333 1802 5407; baseline -0.004 -14"><span class='ocrx_word' id='word_1_533' title='bbox 180 5343 318 5393; x_wconf 86' lang='lat' dir='ltr'>tum</span> <span class='ocrx_word' id='word_1_534' title='bbox 347 5345 403 5394; x_wconf 91' lang='lat' dir='ltr'>et</span> <span class='ocrx_word' id='word_1_535' title='bbox 433 5333 786 5394; x_wconf 79' lang='lat' dir='ltr'>inviolatum</span> <span class='ocrx_word' id='word_1_536' title='bbox 812 5337 918 5407; x_wconf 80' lang='lat' dir='ltr'>qui</span> <span class='ocrx_word' id='word_1_537' title='bbox 941 5338 1168 5392; x_wconf 82' lang='lat' dir='ltr'>sanctis</span> <span class='ocrx_word' id='word_1_538' title='bbox 1194 5333 1258 5392; x_wconf 83' lang='lat' dir='ltr'>in</span> <span class='ocrx_word' id='word_1_539' title='bbox 1299 5337 1490 5405; x_wconf 81' lang='lat' dir='ltr'>Cypro</span> <span class='ocrx_word' id='word_1_540' title='bbox 1519 5333 1802 5390; x_wconf 77' lang='lat' dir='ltr'>Ecclesiis</span> 
     </span>
    </p>
   </div>
   <div class='ocr_carea' id='block_1_81' title="bbox 169 5407 1802 5481">
    <p class='ocr_par' dir='ltr' id='par_1_81' title="bbox 169 5407 1802 5481">
     <span class='ocr_line' id='line_1_81' title="bbox 169 5407 1802 5481; baseline -0.003 -17"><span class='ocrx_word' id='word_1_541' title='bbox 169 5415 480 5481; x_wconf 68' lang='lat' dir='ltr'>praesunt,</span> <span class='ocrx_word' id='word_1_542' title='bbox 497 5409 822 5467; x_wconf 86' lang='lat' dir='ltr'>secundum</span> <span class='ocrx_word' id='word_1_543' title='bbox 835 5423 1090 5465; x_wconf 85' lang='lat' dir='ltr'>canones</span> <span class='ocrx_word' id='word_1_544' title='bbox 1103 5407 1206 5481; x_wconf 66' lang='lat' dir='ltr'>SS,</span> <span class='ocrx_word' id='word_1_545' title='bbox 1225 5408 1468 5481; x_wconf 87' lang='lat' dir='ltr'>Patrum</span> <span class='ocrx_word' id='word_1_546' title='bbox 1484 5413 1536 5462; x_wconf 85' lang='lat' dir='ltr'>et</span> <span class='ocrx_word' id='word_1_547' title='bbox 1552 5410 1802 5481; x_wconf 74' lang='lat' dir='ltr'>veterem</span> 
     </span>
    </p>
   </div>
   <div class='ocr_carea' id='block_1_82' title="bbox 176 5475 1807 5553">
    <p class='ocr_par' dir='ltr' id='par_1_82' title="bbox 176 5475 1807 5553">
     <span class='ocr_line' id='line_1_82' title="bbox 176 5475 1807 5553; baseline -0.004 -17"><span class='ocrx_word' id='word_1_548' title='bbox 176 5475 674 5553; x_wconf 57' lang='lat' dir='ltr'>consuetudinem</span> <span class='ocrx_word' id='word_1_549' title='bbox 685 5524 698 5546; x_wconf 90' lang='lat'>,</span> <span class='ocrx_word' id='word_1_550' title='bbox 711 5494 822 5553; x_wconf 87' lang='lat' dir='ltr'>per</span> <span class='ocrx_word' id='word_1_551' title='bbox 831 5481 1049 5553; x_wconf 80' lang='lat' dir='ltr'>seipsos</span> <span class='ocrx_word' id='word_1_552' title='bbox 1060 5478 1428 5553; x_wconf 75' lang='lat' dir='ltr'>ordinatines</span> <span class='ocrx_word' id='word_1_553' title='bbox 1440 5475 1807 5553; x_wconf 80' lang='lat' dir='ltr'>reverendis-</span> 
     </span>
    </p>
   </div>
   <div class='ocr_carea' id='block_1_83' title="bbox 169 5550 1806 5623">
    <p class='ocr_par' dir='ltr' id='par_1_83' title="bbox 169 5550 1806 5623">
     <span class='ocr_line' id='line_1_83' title="bbox 169 5550 1806 5623; baseline -0.004 -15"><span class='ocrx_word' id='word_1_554' title='bbox 169 5552 480 5610; x_wconf 76' lang='lat' dir='ltr'>simorum</span> <span class='ocrx_word' id='word_1_555' title='bbox 493 5550 900 5623; x_wconf 77' lang='lat' dir='ltr'>episcoporum</span> <span class='ocrx_word' id='word_1_556' title='bbox 911 5550 1806 5623; x_wconf 79' lang='lat' dir='ltr'>facientes.Contirmatveterem</span> 
     </span>
    </p>
   </div>
   <div class='ocr_carea' id='block_1_84' title="bbox 172 5618 1806 5698">
    <p class='ocr_par' dir='ltr' id='par_1_84' title="bbox 172 5618 1806 5698">
     <span class='ocr_line' id='line_1_84' title="bbox 172 5618 1806 5698; baseline -0.002 -18"><span class='ocrx_word' id='word_1_557' title='bbox 172 5618 848 5698; x_wconf 58' lang='lat' dir='ltr'>consuetudinemﬁura</span> <span class='ocrx_word' id='word_1_558' title='bbox 862 5618 974 5682; x_wconf 84' lang='lat' dir='ltr'>sua</span> <span class='ocrx_word' id='word_1_559' title='bbox 987 5621 1235 5696; x_wconf 86' lang='lat' dir='ltr'>antiqua</span> <span class='ocrx_word' id='word_1_560' title='bbox 1248 5622 1450 5682; x_wconf 85' lang='lat' dir='ltr'>ﬁrmat</span> <span class='ocrx_word' id='word_1_561' title='bbox 1462 5618 1806 5690; x_wconf 84' lang='lat' dir='ltr'>consilium,</span> 
     </span>
    </p>
   </div>
   <div class='ocr_carea' id='block_1_85' title="bbox 1879 1797 3532 1874">
    <p class='ocr_par' dir='ltr' id='par_1_85' title="bbox 1879 1797 3532 1874">
     <span class='ocr_line' id='line_1_85' title="bbox 1879 1797 3532 1874; baseline 0.003 -23"><span class='ocrx_word' id='word_1_562' title='bbox 1879 1811 2036 1852; x_wconf 90' lang='lat' dir='ltr'>mus.</span> <span class='ocrx_word' id='word_1_563' title='bbox 2092 1799 2160 1852; x_wconf 87' lang='lat' dir='ltr'>Et</span> <span class='ocrx_word' id='word_1_564' title='bbox 2203 1797 2482 1868; x_wconf 85' lang='lat' dir='ltr'>quamvis</span> <span class='ocrx_word' id='word_1_565' title='bbox 2521 1813 2726 1854; x_wconf 91' lang='lat' dir='ltr'>coram</span> <span class='ocrx_word' id='word_1_566' title='bbox 2779 1797 3029 1871; x_wconf 65' lang='lat' dir='ltr'>praefato</span> <span class='ocrx_word' id='word_1_567' title='bbox 3046 1799 3379 1858; x_wconf 86' lang='lat' dir='ltr'>Tusculano</span> <span class='ocrx_word' id='word_1_568' title='bbox 3409 1804 3532 1874; x_wconf 91' lang='lat' dir='ltr'>epi-</span> 
     </span>
    </p>
   </div>
   <div class='ocr_carea' id='block_1_86' title="bbox 1880 1885 3534 1958">
    <p class='ocr_par' dir='ltr' id='par_1_86' title="bbox 1880 1885 3534 1958">
     <span class='ocr_line' id='line_1_86' title="bbox 1880 1885 3534 1958; baseline 0.004 -16"><span class='ocrx_word' id='word_1_569' title='bbox 1880 1900 2086 1958; x_wconf 84' lang='lat' dir='ltr'>scopo,</span> <span class='ocrx_word' id='word_1_570' title='bbox 2113 1885 2210 1942; x_wconf 89' lang='lat' dir='ltr'>cui</span> <span class='ocrx_word' id='word_1_571' title='bbox 2238 1901 2384 1943; x_wconf 88' lang='lat' dir='ltr'>sane</span> <span class='ocrx_word' id='word_1_572' title='bbox 2422 1886 2724 1958; x_wconf 86' lang='lat' dir='ltr'>ejusmodi</span> <span class='ocrx_word' id='word_1_573' title='bbox 2775 1886 3136 1945; x_wconf 85' lang='lat' dir='ltr'>dederamus</span> <span class='ocrx_word' id='word_1_574' title='bbox 3162 1889 3369 1947; x_wconf 91' lang='lat' dir='ltr'>audire</span> <span class='ocrx_word' id='word_1_575' title='bbox 3393 1905 3534 1948; x_wconf 91' lang='lat' dir='ltr'>con-</span> 
     </span>
    </p>
   </div>
   <div class='ocr_carea' id='block_1_87' title="bbox 1880 1973 3531 2052">
    <p class='ocr_par' dir='ltr' id='par_1_87' title="bbox 1880 1973 3531 2052">
     <span class='ocr_line' id='line_1_87' title="bbox 1880 1973 3531 2052; baseline 0.004 -22"><span class='ocrx_word' id='word_1_576' title='bbox 1880 1973 2217 2043; x_wconf 87' lang='lat' dir='ltr'>troversias,</span> <span class='ocrx_word' id='word_1_577' title='bbox 2281 1975 2799 2049; x_wconf 87' lang='lat' dir='ltr'>archiepiscopum</span> <span class='ocrx_word' id='word_1_578' title='bbox 2865 1976 3168 2034; x_wconf 67' lang='lat' dir='ltr'>Leucosiae</span> <span class='ocrx_word' id='word_1_579' title='bbox 3215 1994 3531 2052; x_wconf 90' lang='lat' dir='ltr'>nunquam</span> 
     </span>
    </p>
   </div>
   <div class='ocr_carea' id='block_1_88' title="bbox 1881 2064 3533 2138">
    <p class='ocr_par' dir='ltr' id='par_1_88' title="bbox 1881 2064 3533 2138">
     <span class='ocr_line' id='line_1_88' title="bbox 1881 2064 3533 2138; baseline 0.003 -18"><span class='ocrx_word' id='word_1_580' title='bbox 1881 2069 2124 2138; x_wconf 89' lang='lat' dir='ltr'>propter</span> <span class='ocrx_word' id='word_1_581' title='bbox 2152 2079 2290 2121; x_wconf 89' lang='lat' dir='ltr'>eam</span> <span class='ocrx_word' id='word_1_582' title='bbox 2339 2081 2587 2122; x_wconf 87' lang='lat' dir='ltr'>causam</span> <span class='ocrx_word' id='word_1_583' title='bbox 2610 2066 2673 2122; x_wconf 91' lang='lat' dir='ltr'>in</span> <span class='ocrx_word' id='word_1_584' title='bbox 2721 2064 3016 2138; x_wconf 88' lang='lat' dir='ltr'>judicium</span> <span class='ocrx_word' id='word_1_585' title='bbox 3037 2066 3300 2138; x_wconf 84' lang='lat' dir='ltr'>legitime</span> <span class='ocrx_word' id='word_1_586' title='bbox 3321 2068 3533 2125; x_wconf 88' lang='lat' dir='ltr'>saltem</span> 
     </span>
    </p>
   </div>
   <div class='ocr_carea' id='block_1_89' title="bbox 1885 2154 3535 2231">
    <p class='ocr_par' dir='ltr' id='par_1_89' title="bbox 1885 2154 3535 2231">
     <span class='ocr_line' id='line_1_89' title="bbox 1885 2154 3535 2231; baseline 0.004 -21"><span class='ocrx_word' id='word_1_587' title='bbox 1885 2170 1923 2210; x_wconf 88' lang='lat' dir='ltr'>a</span> <span class='ocrx_word' id='word_1_588' title='bbox 1949 2170 2261 2228; x_wconf 90' lang='lat' dir='ltr'>quoquam</span> <span class='ocrx_word' id='word_1_589' title='bbox 2285 2154 2533 2212; x_wconf 87' lang='lat' dir='ltr'>homine</span> <span class='ocrx_word' id='word_1_590' title='bbox 2557 2161 2837 2212; x_wconf 87' lang='lat' dir='ltr'>vocatum</span> <span class='ocrx_word' id='word_1_591' title='bbox 2865 2156 3048 2214; x_wconf 86' lang='lat' dir='ltr'>fuisse</span> <span class='ocrx_word' id='word_1_592' title='bbox 3065 2157 3295 2231; x_wconf 68' lang='lat' dir='ltr'>prmfati</span> <span class='ocrx_word' id='word_1_593' title='bbox 3325 2174 3535 2231; x_wconf 82' lang='lat' dir='ltr'>procu-</span> 
     </span>
    </p>
   </div>
   <div class='ocr_carea' id='block_1_90' title="bbox 1884 2243 3538 2320">
    <p class='ocr_par' dir='ltr' id='par_1_90' title="bbox 1884 2243 3538 2320">
     <span class='ocr_line' id='line_1_90' title="bbox 1884 2243 3538 2320; baseline 0.004 -21"><span class='ocrx_word' id='word_1_594' title='bbox 1884 2252 2110 2299; x_wconf 87' lang='lat' dir='ltr'>ratores</span> <span class='ocrx_word' id='word_1_595' title='bbox 2127 2243 2321 2300; x_wconf 89' lang='lat' dir='ltr'>testati</span> <span class='ocrx_word' id='word_1_596' title='bbox 2371 2243 2608 2315; x_wconf 84' lang='lat' dir='ltr'>fuerint,</span> <span class='ocrx_word' id='word_1_597' title='bbox 2645 2260 2842 2318; x_wconf 89' lang='lat' dir='ltr'>neque</span> <span class='ocrx_word' id='word_1_598' title='bbox 2871 2245 2950 2303; x_wconf 86' lang='lat' dir='ltr'>ab</span> <span class='ocrx_word' id='word_1_599' title='bbox 2976 2245 3109 2320; x_wconf 90' lang='lat' dir='ltr'>ipso</span> <span class='ocrx_word' id='word_1_600' title='bbox 3129 2247 3245 2304; x_wconf 90' lang='lat' dir='ltr'>hac</span> <span class='ocrx_word' id='word_1_601' title='bbox 3265 2246 3337 2304; x_wconf 91' lang='lat' dir='ltr'>de</span> <span class='ocrx_word' id='word_1_602' title='bbox 3350 2263 3538 2305; x_wconf 89' lang='lat' dir='ltr'>causa</span> 
     </span>
    </p>
   </div>
   <div class='ocr_carea' id='block_1_91' title="bbox 1886 2332 3539 2408">
    <p class='ocr_par' dir='ltr' id='par_1_91' title="bbox 1886 2332 3539 2408">
     <span class='ocr_line' id='line_1_91' title="bbox 1886 2332 3539 2408; baseline 0.002 -20"><span class='ocrx_word' id='word_1_603' title='bbox 1886 2332 2118 2389; x_wconf 87' lang='lat' dir='ltr'>tametsi</span> <span class='ocrx_word' id='word_1_604' title='bbox 2133 2339 2373 2406; x_wconf 90' lang='lat' dir='ltr'>propter</span> <span class='ocrx_word' id='word_1_605' title='bbox 2394 2333 2511 2390; x_wconf 89' lang='lat' dir='ltr'>alia</span> <span class='ocrx_word' id='word_1_606' title='bbox 2526 2333 2809 2408; x_wconf 65' lang='lat' dir='ltr'>quaedam</span> <span class='ocrx_word' id='word_1_607' title='bbox 2830 2335 3072 2407; x_wconf 79' lang='lat' dir='ltr'>negotia</span> <span class='ocrx_word' id='word_1_608' title='bbox 3095 2351 3258 2392; x_wconf 88' lang='lat' dir='ltr'>nunc</span> <span class='ocrx_word' id='word_1_609' title='bbox 3271 2352 3336 2392; x_wconf 90' lang='lat' dir='ltr'>se</span> <span class='ocrx_word' id='word_1_610' title='bbox 3358 2336 3539 2392; x_wconf 79' lang='lat' dir='ltr'>fuisse</span> 
     </span>
    </p>
   </div>
   <div class='ocr_carea' id='block_1_92' title="bbox 1890 2421 3538 2500">
    <p class='ocr_par' dir='ltr' id='par_1_92' title="bbox 1890 2421 3538 2500">
     <span class='ocr_line' id='line_1_92' title="bbox 1890 2421 3538 2500; baseline 0.005 -24"><span class='ocrx_word' id='word_1_611' title='bbox 1890 2421 2134 2489; x_wconf 90' lang='lat' dir='ltr'>missos,</span> <span class='ocrx_word' id='word_1_612' title='bbox 2187 2429 2366 2495; x_wconf 87' lang='lat' dir='ltr'>atque</span> <span class='ocrx_word' id='word_1_613' title='bbox 2401 2422 2553 2480; x_wconf 89' lang='lat' dir='ltr'>adeo</span> <span class='ocrx_word' id='word_1_614' title='bbox 2595 2439 2671 2480; x_wconf 86' lang='lat' dir='ltr'>ne</span> <span class='ocrx_word' id='word_1_615' title='bbox 2691 2424 2784 2480; x_wconf 88' lang='lat' dir='ltr'>his</span> <span class='ocrx_word' id='word_1_616' title='bbox 2805 2440 2941 2497; x_wconf 57' lang='lat' dir='ltr'>qua;</span> <span class='ocrx_word' id='word_1_617' title='bbox 2976 2424 3056 2482; x_wconf 88' lang='lat' dir='ltr'>ab</span> <span class='ocrx_word' id='word_1_618' title='bbox 3086 2425 3538 2500; x_wconf 87' lang='lat' dir='ltr'>archiepiscopo</span> 
     </span>
    </p>
   </div>
   <div class='ocr_carea' id='block_1_93' title="bbox 1891 2511 3540 2586">
    <p class='ocr_par' dir='ltr' id='par_1_93' title="bbox 1891 2511 3540 2586">
     <span class='ocr_line' id='line_1_93' title="bbox 1891 2511 3540 2586; baseline 0.002 -17"><span class='ocrx_word' id='word_1_619' title='bbox 1891 2514 2184 2569; x_wconf 87' lang='lat' dir='ltr'>Germano</span> <span class='ocrx_word' id='word_1_620' title='bbox 2213 2512 2452 2583; x_wconf 88' lang='lat' dir='ltr'>objecta</span> <span class='ocrx_word' id='word_1_621' title='bbox 2479 2511 2642 2570; x_wconf 80' lang='lat' dir='ltr'>fuere</span> <span class='ocrx_word' id='word_1_622' title='bbox 2680 2529 2804 2571; x_wconf 90' lang='lat' dir='ltr'>non</span> <span class='ocrx_word' id='word_1_623' title='bbox 2842 2529 2996 2586; x_wconf 91' lang='lat' dir='ltr'>opus</span> <span class='ocrx_word' id='word_1_624' title='bbox 3024 2531 3153 2571; x_wconf 86' lang='lat' dir='ltr'>esse</span> <span class='ocrx_word' id='word_1_625' title='bbox 3183 2515 3540 2572; x_wconf 88' lang='lat' dir='ltr'>constituere</span> 
     </span>
    </p>
   </div>
   <div class='ocr_carea' id='block_1_94' title="bbox 1886 2599 3542 2675">
    <p class='ocr_par' dir='ltr' id='par_1_94' title="bbox 1886 2599 3542 2675">
     <span class='ocr_line' id='line_1_94' title="bbox 1886 2599 3542 2675; baseline 0.003 -20"><span class='ocrx_word' id='word_1_626' title='bbox 1886 2599 2181 2672; x_wconf 87' lang='lat' dir='ltr'>judicium</span> <span class='ocrx_word' id='word_1_627' title='bbox 2214 2617 2227 2655; x_wconf 71' lang='grc' dir='ltr'>ς</span> <span class='ocrx_word' id='word_1_628' title='bbox 2262 2600 2675 2672; x_wconf 86' lang='lat' dir='ltr'>nihilominus,</span> <span class='ocrx_word' id='word_1_629' title='bbox 2698 2617 2774 2658; x_wconf 90' lang='lat' dir='ltr'>en</span> <span class='ocrx_word' id='word_1_630' title='bbox 2801 2601 3145 2659; x_wconf 84' lang='lat' dir='ltr'>videremur</span> <span class='ocrx_word' id='word_1_631' title='bbox 3171 2619 3428 2675; x_wconf 80' lang='lat' dir='ltr'>negasse</span> <span class='ocrx_word' id='word_1_632' title='bbox 3451 2619 3542 2660; x_wconf 88' lang='lat' dir='ltr'>ar-</span> 
     </span>
    </p>
   </div>
   <div class='ocr_carea' id='block_1_95' title="bbox 1892 2688 3542 2765">
    <p class='ocr_par' dir='ltr' id='par_1_95' title="bbox 1892 2688 3542 2765">
     <span class='ocr_line' id='line_1_95' title="bbox 1892 2688 3542 2765; baseline 0.004 -21"><span class='ocrx_word' id='word_1_633' title='bbox 1892 2688 2276 2762; x_wconf 90' lang='lat' dir='ltr'>chiepiscopo</span> <span class='ocrx_word' id='word_1_634' title='bbox 2295 2692 2622 2747; x_wconf 61' lang='lat' dir='ltr'>Graecorum</span> <span class='ocrx_word' id='word_1_635' title='bbox 2631 2690 2873 2762; x_wconf 81' lang='lat' dir='ltr'>justitiae</span> <span class='ocrx_word' id='word_1_636' title='bbox 2891 2691 3143 2765; x_wconf 88' lang='lat' dir='ltr'>c0piam,</span> <span class='ocrx_word' id='word_1_637' title='bbox 3161 2690 3237 2748; x_wconf 89' lang='lat' dir='ltr'>de</span> <span class='ocrx_word' id='word_1_638' title='bbox 3252 2692 3542 2750; x_wconf 87' lang='lat' dir='ltr'>mandato</span> 
     </span>
    </p>
   </div>
   <div class='ocr_carea' id='block_1_96' title="bbox 1891 2779 3542 2856">
    <p class='ocr_par' dir='ltr' id='par_1_96' title="bbox 1891 2779 3542 2856">
     <span class='ocr_line' id='line_1_96' title="bbox 1891 2779 3542 2856; baseline 0.003 -21"><span class='ocrx_word' id='word_1_639' title='bbox 1891 2783 2098 2836; x_wconf 89' lang='lat' dir='ltr'>nostro</span> <span class='ocrx_word' id='word_1_640' title='bbox 2134 2779 2371 2836; x_wconf 87' lang='lat' dir='ltr'>auditor</span> <span class='ocrx_word' id='word_1_641' title='bbox 2417 2780 2545 2852; x_wconf 88' lang='lat' dir='ltr'>ipse</span> <span class='ocrx_word' id='word_1_642' title='bbox 2571 2780 2651 2837; x_wconf 89' lang='lat' dir='ltr'>ad</span> <span class='ocrx_word' id='word_1_643' title='bbox 2697 2780 2889 2837; x_wconf 88' lang='lat' dir='ltr'>dictas</span> <span class='ocrx_word' id='word_1_644' title='bbox 2940 2782 3212 2840; x_wconf 86' lang='lat' dir='ltr'>Germani</span> <span class='ocrx_word' id='word_1_645' title='bbox 3241 2783 3542 2856; x_wconf 84' lang='lat' dir='ltr'>querelas.</span> 
     </span>
    </p>
   </div>
   <div class='ocr_carea' id='block_1_97' title="bbox 1892 2867 3545 2944">
    <p class='ocr_par' dir='ltr' id='par_1_97' title="bbox 1892 2867 3545 2944">
     <span class='ocr_line' id='line_1_97' title="bbox 1892 2867 3545 2944; baseline 0.001 -20"><span class='ocrx_word' id='word_1_646' title='bbox 1892 2867 2130 2942; x_wconf 67' lang='lat' dir='ltr'>praefati</span> <span class='ocrx_word' id='word_1_647' title='bbox 2152 2868 2591 2942; x_wconf 87' lang='lat' dir='ltr'>archiepiscopi</span> <span class='ocrx_word' id='word_1_648' title='bbox 2605 2870 2864 2940; x_wconf 87' lang='lat' dir='ltr'>nomine,</span> <span class='ocrx_word' id='word_1_649' title='bbox 2890 2886 2991 2928; x_wconf 86' lang='lat' dir='ltr'>eos</span> <span class='ocrx_word' id='word_1_650' title='bbox 3004 2873 3370 2944; x_wconf 87' lang='lat' dir='ltr'>respondere</span> <span class='ocrx_word' id='word_1_651' title='bbox 3391 2888 3545 2929; x_wconf 88' lang='lat' dir='ltr'>com-</span> 
     </span>
    </p>
   </div>
   <div class='ocr_carea' id='block_1_98' title="bbox 1893 2957 2062 3030">
    <p class='ocr_par' dir='ltr' id='par_1_98' title="bbox 1893 2957 2062 3030">
     <span class='ocr_line' id='line_1_98' title="bbox 1893 2957 2062 3030; baseline -0.024 -16"><span class='ocrx_word' id='word_1_652' title='bbox 1893 2957 2062 3030; x_wconf 85' lang='lat' dir='ltr'>pulit.</span> 
     </span>
    </p>
   </div>
   <div class='ocr_carea' id='block_1_99' title="bbox 1967 3220 3546 3297">
    <p class='ocr_par' dir='ltr' id='par_1_99' title="bbox 1967 3220 3546 3297">
     <span class='ocr_line' id='line_1_99' title="bbox 1967 3220 3546 3297; baseline 0.001 -14"><span class='ocrx_word' id='word_1_653' title='bbox 1967 3223 2307 3283; x_wconf 82' lang='lat' dir='ltr'>Retulernnt</span> <span class='ocrx_word' id='word_1_654' title='bbox 2385 3223 2589 3296; x_wconf 86' lang='lat' dir='ltr'>itaque</span> <span class='ocrx_word' id='word_1_655' title='bbox 2627 3220 2708 3280; x_wconf 91' lang='lat' dir='ltr'>ad</span> <span class='ocrx_word' id='word_1_656' title='bbox 2759 3221 3072 3297; x_wconf 90' lang='lat' dir='ltr'>judicium,</span> <span class='ocrx_word' id='word_1_657' title='bbox 3151 3223 3546 3285; x_wconf 87' lang='lat' dir='ltr'>ordinationis</span> 
     </span>
    </p>
   </div>
   <div class='ocr_carea' id='block_1_100' title="bbox 1893 3312 3546 3387">
    <p class='ocr_par' dir='ltr' id='par_1_100' title="bbox 1893 3312 3546 3387">
     <span class='ocr_line' id='line_1_100' title="bbox 1893 3312 3546 3387; baseline 0.002 -16"><span class='ocrx_word' id='word_1_658' title='bbox 1893 3314 2167 3387; x_wconf 88' lang='lat' dir='ltr'>ejusdem</span> <span class='ocrx_word' id='word_1_659' title='bbox 2196 3313 2474 3371; x_wconf 87' lang='lat' dir='ltr'>Germani</span> <span class='ocrx_word' id='word_1_660' title='bbox 2510 3312 2747 3370; x_wconf 89' lang='lat' dir='ltr'>nullum</span> <span class='ocrx_word' id='word_1_661' title='bbox 2776 3313 2954 3386; x_wconf 88' lang='lat' dir='ltr'>plane</span> <span class='ocrx_word' id='word_1_662' title='bbox 2975 3314 3266 3372; x_wconf 83' lang='lat' dir='ltr'>exstitisse</span> <span class='ocrx_word' id='word_1_663' title='bbox 3292 3317 3546 3375; x_wconf 88' lang='lat' dir='ltr'>manda-</span> 
     </span>
    </p>
   </div>
   <div class='ocr_carea' id='block_1_101' title="bbox 1895 3401 3546 3478">
    <p class='ocr_par' dir='ltr' id='par_1_101' title="bbox 1895 3401 3546 3478">
     <span class='ocr_line' id='line_1_101' title="bbox 1895 3401 3546 3478; baseline 0.001 -17"><span class='ocrx_word' id='word_1_664' title='bbox 1895 3408 2023 3461; x_wconf 92' lang='lat' dir='ltr'>tum</span> <span class='ocrx_word' id='word_1_665' title='bbox 2057 3419 2070 3471; x_wconf 92' lang='lat'><strong>;</strong></span> <span class='ocrx_word' id='word_1_666' title='bbox 2115 3403 2332 3461; x_wconf 88' lang='lat' dir='ltr'>deinde</span> <span class='ocrx_word' id='word_1_667' title='bbox 2375 3403 2476 3476; x_wconf 87' lang='lat' dir='ltr'>jus</span> <span class='ocrx_word' id='word_1_668' title='bbox 2519 3401 2778 3475; x_wconf 79' lang='lat' dir='ltr'>eligendi</span> <span class='ocrx_word' id='word_1_669' title='bbox 2827 3403 3344 3478; x_wconf 88' lang='lat' dir='ltr'>archiepiscopum</span> <span class='ocrx_word' id='word_1_670' title='bbox 3378 3405 3546 3464; x_wconf 91' lang='lat' dir='ltr'>nullo</span> 
     </span>
    </p>
   </div>
   <div class='ocr_carea' id='block_1_102' title="bbox 1893 3491 3548 3568">
    <p class='ocr_par' dir='ltr' id='par_1_102' title="bbox 1893 3491 3548 3568">
     <span class='ocr_line' id='line_1_102' title="bbox 1893 3491 3548 3568; baseline 0.001 -18"><span class='ocrx_word' id='word_1_671' title='bbox 1893 3492 2078 3551; x_wconf 92' lang='lat' dir='ltr'>modo</span> <span class='ocrx_word' id='word_1_672' title='bbox 2117 3493 2588 3567; x_wconf 79' lang='lat' dir='ltr'>praememoratis</span> <span class='ocrx_word' id='word_1_673' title='bbox 2627 3491 2978 3550; x_wconf 87' lang='lat' dir='ltr'>convenisse</span> <span class='ocrx_word' id='word_1_674' title='bbox 3047 3493 3313 3567; x_wconf 88' lang='lat' dir='ltr'>episcopi</span> <span class='ocrx_word' id='word_1_675' title='bbox 3358 3512 3376 3568; x_wconf 60' lang='grc' dir='ltr'>ς</span> <span class='ocrx_word' id='word_1_676' title='bbox 3418 3499 3548 3552; x_wconf 90' lang='lat' dir='ltr'>tum</span> 
     </span>
    </p>
   </div>
   <div class='ocr_carea' id='block_1_103' title="bbox 1895 3689 3545 3764">
    <p class='ocr_par' dir='ltr' id='par_1_103' title="bbox 1895 3689 3545 3764">
     <span class='ocr_line' id='line_1_103' title="bbox 1895 3689 3545 3764; baseline -0.001 -16"><span class='ocrx_word' id='word_1_677' title='bbox 1895 3707 2018 3764; x_wconf 90' lang='lat' dir='ltr'>non</span> <span class='ocrx_word' id='word_1_678' title='bbox 2036 3705 2276 3764; x_wconf 69' lang='lat' dir='ltr'>novum</span> <span class='ocrx_word' id='word_1_679' title='bbox 2305 3689 2516 3764; x_wconf 83' lang='lat' dir='ltr'>tribuit</span> <span class='ocrx_word' id='word_1_680' title='bbox 2544 3707 2556 3760; x_wconf 90' lang='lat'><strong>;</strong></span> <span class='ocrx_word' id='word_1_681' title='bbox 2586 3689 2686 3762; x_wconf 90' lang='lat' dir='ltr'>jus</span> <span class='ocrx_word' id='word_1_682' title='bbox 2716 3689 2779 3747; x_wconf 91' lang='lat' dir='ltr'>id</span> <span class='ocrx_word' id='word_1_683' title='bbox 2809 3695 3010 3764; x_wconf 87' lang='lat' dir='ltr'>autem</span> <span class='ocrx_word' id='word_1_684' title='bbox 3063 3695 3188 3748; x_wconf 84' lang='lat' dir='ltr'>erat</span> <span class='ocrx_word' id='word_1_685' title='bbox 3207 3691 3308 3764; x_wconf 91' lang='lat' dir='ltr'>jus</span> <span class='ocrx_word' id='word_1_686' title='bbox 3337 3691 3545 3747; x_wconf 77' lang='grc' dir='ltr'>αὐτοκι-</span> 
     </span>
    </p>
   </div>
   <div class='ocr_carea' id='block_1_104' title="bbox 1897 3759 3547 3846">
    <p class='ocr_par' dir='ltr' id='par_1_104' title="bbox 1897 3759 3547 3846">
     <span class='ocr_line' id='line_1_104' title="bbox 1897 3759 3547 3846; baseline 0.004 -30"><span class='ocrx_word' id='word_1_687' title='bbox 1897 3759 2128 3846; x_wconf 49' lang='grc' dir='ltr'>ῗαλαῖον.</span> <span class='ocrx_word' id='word_1_688' title='bbox 2155 3762 2456 3846; x_wconf 28' lang='lat' dir='ltr'>“nimirum</span> <span class='ocrx_word' id='word_1_689' title='bbox 2498 3759 2976 3846; x_wconf 38' lang='lat' dir='ltr'>ut‘metr&#39;opolita</span> <span class='ocrx_word' id='word_1_690' title='bbox 3015 3759 3225 3846; x_wconf 62' lang='lat' dir='ltr'>Cypri&#39;</span> <span class='ocrx_word' id='word_1_691' title='bbox 3247 3780 3284 3820; x_wconf 90' lang='lat' dir='ltr'>a</span> <span class='ocrx_word' id='word_1_692' title='bbox 3312 3765 3547 3846; x_wconf 74' lang='lat' dir='ltr'>synodo</span> 
     </span>
    </p>
   </div>
   <div class='ocr_carea' id='block_1_105' title="bbox 1898 3832 3546 3908">
    <p class='ocr_par' dir='ltr' id='par_1_105' title="bbox 1898 3832 3546 3908">
     <span class='ocr_line' id='line_1_105' title="bbox 1898 3832 3546 3908; baseline -0.001 -16"><span class='ocrx_word' id='word_1_693' title='bbox 1898 3832 2074 3908; x_wconf 82' lang='lat' dir='ltr'>Cypri</span> <span class='ocrx_word' id='word_1_694' title='bbox 2119 3833 2430 3904; x_wconf 87' lang='lat' dir='ltr'>eligeretur</span> <span class='ocrx_word' id='word_1_695' title='bbox 2460 3838 2515 3888; x_wconf 92' lang='lat' dir='ltr'>et</span> <span class='ocrx_word' id='word_1_696' title='bbox 2543 3832 2622 3889; x_wconf 89' lang='lat' dir='ltr'>ab</span> <span class='ocrx_word' id='word_1_697' title='bbox 2667 3832 2966 3908; x_wconf 77' lang='lat' dir='ltr'>episcopis</span> <span class='ocrx_word' id='word_1_698' title='bbox 3015 3832 3288 3908; x_wconf 78' lang='lat' dir='ltr'>ejusdem</span> <span class='ocrx_word' id='word_1_699' title='bbox 3337 3832 3546 3908; x_wconf 75' lang='lat' dir='ltr'>insulae</span> 
     </span>
    </p>
   </div>
   <div class='ocr_carea' id='block_1_106' title="bbox 1897 3905 3548 3977">
    <p class='ocr_par' dir='ltr' id='par_1_106' title="bbox 1897 3905 3548 3977">
     <span class='ocr_line' id='line_1_106' title="bbox 1897 3905 3548 3977; baseline 0.001 -15"><span class='ocrx_word' id='word_1_700' title='bbox 1897 3905 2365 3977; x_wconf 79' lang='lat' dir='ltr'>consecraretur,</span> <span class='ocrx_word' id='word_1_701' title='bbox 2391 3920 2512 3960; x_wconf 93' lang='lat' dir='ltr'>non</span> <span class='ocrx_word' id='word_1_702' title='bbox 2541 3921 2578 3960; x_wconf 90' lang='lat' dir='ltr'>a</span> <span class='ocrx_word' id='word_1_703' title='bbox 2606 3905 2948 3977; x_wconf 88' lang='lat' dir='ltr'>patriarcha</span> <span class='ocrx_word' id='word_1_704' title='bbox 2998 3905 3322 3960; x_wconf 78' lang='lat' dir='ltr'>Antiochiae</span> <span class='ocrx_word' id='word_1_705' title='bbox 3351 3906 3444 3961; x_wconf 89' lang='lat' dir='ltr'>vel</span> <span class='ocrx_word' id='word_1_706' title='bbox 3470 3907 3548 3963; x_wconf 84' lang='lat' dir='ltr'>ab</span> 
     </span>
    </p>
   </div>
   <div class='ocr_carea' id='block_1_107' title="bbox 1897 3975 3550 4048">
    <p class='ocr_par' dir='ltr' id='par_1_107' title="bbox 1897 3975 3550 4048">
     <span class='ocr_line' id='line_1_107' title="bbox 1897 3975 3550 4048; baseline 0 -16"><span class='ocrx_word' id='word_1_707' title='bbox 1897 3977 2015 4048; x_wconf 89' lang='lat' dir='ltr'>alio</span> <span class='ocrx_word' id='word_1_708' title='bbox 2045 3975 2281 4048; x_wconf 88' lang='lat' dir='ltr'>quovis.</span> <span class='ocrx_word' id='word_1_709' title='bbox 2312 3975 2462 4031; x_wconf 90' lang='lat' dir='ltr'>Cum</span> <span class='ocrx_word' id='word_1_710' title='bbox 2493 3975 2692 4048; x_wconf 75' lang='lat' dir='ltr'>itaque</span> <span class='ocrx_word' id='word_1_711' title='bbox 2744 3979 3075 4048; x_wconf 86' lang='lat' dir='ltr'>Germanus</span> <span class='ocrx_word' id='word_1_712' title='bbox 3107 3991 3171 4030; x_wconf 92' lang='lat' dir='ltr'>se</span> <span class='ocrx_word' id='word_1_713' title='bbox 3211 3978 3550 4033; x_wconf 66' lang='lat' dir='ltr'>Graecorum</span> 
     </span>
    </p>
   </div>
   <div class='ocr_carea' id='block_1_108' title="bbox 1897 4047 3550 4118">
    <p class='ocr_par' dir='ltr' id='par_1_108' title="bbox 1897 4047 3550 4118">
     <span class='ocr_line' id='line_1_108' title="bbox 1897 4047 3550 4118; baseline 0.001 -15"><span class='ocrx_word' id='word_1_714' title='bbox 1897 4047 2411 4118; x_wconf 83' lang='lat' dir='ltr'>archiepiscopum</span> <span class='ocrx_word' id='word_1_715' title='bbox 2422 4047 2686 4118; x_wconf 79' lang='lat' dir='ltr'>creamm</span> <span class='ocrx_word' id='word_1_716' title='bbox 2703 4047 3074 4118; x_wconf 78' lang='lat' dir='ltr'>existimaret,</span> <span class='ocrx_word' id='word_1_717' title='bbox 3090 4050 3374 4118; x_wconf 88' lang='lat' dir='ltr'>tanquam</span> <span class='ocrx_word' id='word_1_718' title='bbox 3390 4049 3550 4104; x_wconf 73' lang='lat' dir='ltr'>Grae-</span> 
     </span>
    </p>
   </div>
   <div class='ocr_carea' id='block_1_109' title="bbox 1899 4115 3553 4191">
    <p class='ocr_par' dir='ltr' id='par_1_109' title="bbox 1899 4115 3553 4191">
     <span class='ocr_line' id='line_1_109' title="bbox 1899 4115 3553 4191; baseline -0.001 -18"><span class='ocrx_word' id='word_1_719' title='bbox 1899 4115 2121 4191; x_wconf 43' lang='lat' dir='ltr'>corum‘</span> <span class='ocrx_word' id='word_1_720' title='bbox 2173 4115 2548 4191; x_wconf 81' lang='lat' dir='ltr'>metropolita</span> <span class='ocrx_word' id='word_1_721' title='bbox 2591 4121 2738 4191; x_wconf 79' lang='lat' dir='ltr'>ejus</span> <span class='ocrx_word' id='word_1_722' title='bbox 2788 4115 3022 4191; x_wconf 65' lang='lat' dir='ltr'>insultr,</span> <span class='ocrx_word' id='word_1_723' title='bbox 3077 4115 3553 4191; x_wconf 52' lang='lat' dir='ltr'>jure—urinaqu-</span> 
     </span>
    </p>
   </div>
   <div class='ocr_carea' id='block_1_110' title="bbox 1897 4187 3554 4271">
    <p class='ocr_par' dir='ltr' id='par_1_110' title="bbox 1897 4187 3554 4271">
     <span class='ocr_line' id='line_1_110' title="bbox 1897 4187 3554 4271; baseline 0.002 -28"><span class='ocrx_word' id='word_1_724' title='bbox 1897 4189 2071 4271; x_wconf 49' lang='lat' dir='ltr'>lotiou</span> <span class='ocrx_word' id='word_1_725' title='bbox 2087 4187 2230 4271; x_wconf 35' lang='lat' dir='ltr'>‘nole</span> <span class='ocrx_word' id='word_1_726' title='bbox 2240 4187 2342 4243; x_wconf 91' lang='lat' dir='ltr'>bat</span> <span class='ocrx_word' id='word_1_727' title='bbox 2369 4187 2603 4270; x_wconf 71' lang='lat' dir='ltr'>lipgoni</span> <span class='ocrx_word' id='word_1_728' title='bbox 2651 4187 3116 4271; x_wconf 74' lang='lat' dir='ltr'>metropolitano</span> <span class='ocrx_word' id='word_1_729' title='bbox 3148 4188 3369 4271; x_wconf 78' lang='lat' dir='ltr'>Latino_</span> <span class='ocrx_word' id='word_1_730' title='bbox 3381 4187 3554 4271; x_wconf 83' lang='lat' dir='ltr'>pare-</span> 
     </span>
    </p>
   </div>
   <div class='ocr_carea' id='block_1_111' title="bbox 1900 4258 3554 4340">
    <p class='ocr_par' dir='ltr' id='par_1_111' title="bbox 1900 4258 3554 4340">
     <span class='ocr_line' id='line_1_111' title="bbox 1900 4258 3554 4340; baseline 0.001 -24"><span class='ocrx_word' id='word_1_731' title='bbox 1900 4263 2302 4340; x_wconf 40' lang='lat' dir='ltr'>re.At_tam.en,</span> <span class='ocrx_word' id='word_1_732' title='bbox 2336 4260 2439 4332; x_wconf 89' lang='lat' dir='ltr'>qui</span> <span class='ocrx_word' id='word_1_733' title='bbox 2465 4258 2885 4340; x_wconf 32' lang='lat' dir='ltr'>ea‘privilegia</span> <span class='ocrx_word' id='word_1_734' title='bbox 2924 4274 3166 4340; x_wconf 67' lang='lat' dir='ltr'>semper</span> <span class='ocrx_word' id='word_1_735' title='bbox 3210 4258 3554 4340; x_wconf 69' lang='lat' dir='ltr'>intelligun-</span> 
     </span>
    </p>
   </div>
   <div class='ocr_carea' id='block_1_112' title="bbox 1903 4329 3557 4406">
    <p class='ocr_par' dir='ltr' id='par_1_112' title="bbox 1903 4329 3557 4406">
     <span class='ocr_line' id='line_1_112' title="bbox 1903 4329 3557 4406; baseline 0.001 -17"><span class='ocrx_word' id='word_1_736' title='bbox 1903 4339 1996 4406; x_wconf 74' lang='lat' dir='ltr'>tur</span> <span class='ocrx_word' id='word_1_737' title='bbox 2012 4329 2179 4406; x_wconf 78' lang='lat' dir='ltr'>salva</span> <span class='ocrx_word' id='word_1_738' title='bbox 2189 4330 2210 4401; x_wconf 92' lang='lat' dir='ltr'>j</span> <span class='ocrx_word' id='word_1_739' title='bbox 2223 4345 2322 4386; x_wconf 89' lang='lat' dir='ltr'>ure</span> <span class='ocrx_word' id='word_1_740' title='bbox 2339 4329 2566 4406; x_wconf 60' lang='grc' dir='ltr'>προτιμή</span> <span class='ocrx_word' id='word_1_741' title='bbox 2577 4329 3108 4406; x_wconf 59' lang='lat' dir='ltr'>eswg_,_prielationis_</span> <span class='ocrx_word' id='word_1_742' title='bbox 3129 4333 3382 4406; x_wconf 80' lang='lat' dir='ltr'>Romani</span> <span class='ocrx_word' id='word_1_743' title='bbox 3404 4329 3557 4406; x_wconf 76' lang='lat' dir='ltr'>pon-</span> 
     </span>
    </p>
   </div>
   <div class='ocr_carea' id='block_1_113' title="bbox 1828 4401 3557 4492">
    <p class='ocr_par' dir='ltr' id='par_1_113' title="bbox 1828 4401 3557 4492">
     <span class='ocr_line' id='line_1_113' title="bbox 1828 4401 3557 4492; baseline 0.003 -34"><span class='ocrx_word' id='word_1_744' title='bbox 1828 4439 1874 4492; x_wconf 68' lang='grc' dir='ltr'>Β</span> <span class='ocrx_word' id='word_1_745' title='bbox 1903 4403 2097 4492; x_wconf 71' lang='lat' dir='ltr'>tificis,</span> <span class='ocrx_word' id='word_1_746' title='bbox 2125 4401 2260 4458; x_wconf 92' lang='lat' dir='ltr'>ideo</span> <span class='ocrx_word' id='word_1_747' title='bbox 2286 4401 2425 4457; x_wconf 85' lang='lat' dir='ltr'>eum</span> <span class='ocrx_word' id='word_1_748' title='bbox 2456 4401 2651 4458; x_wconf 76' lang='lat' dir='ltr'>selum</span> <span class='ocrx_word' id='word_1_749' title='bbox 2677 4401 2964 4458; x_wconf 86' lang='lat' dir='ltr'>ditionem</span> <span class='ocrx_word' id='word_1_750' title='bbox 3001 4403 3064 4458; x_wconf 92' lang='lat' dir='ltr'>in</span> <span class='ocrx_word' id='word_1_751' title='bbox 3093 4402 3295 4474; x_wconf 89' lang='lat' dir='ltr'>ipsum</span> <span class='ocrx_word' id='word_1_752' title='bbox 3333 4401 3557 4462; x_wconf 84' lang='lat' dir='ltr'>habere</span> 
     </span>
    </p>
   </div>
   <div class='ocr_carea' id='block_1_114' title="bbox 1904 4479 2141 4532">
    <p class='ocr_par' dir='ltr' id='par_1_114' title="bbox 1904 4479 2141 4532">
     <span class='ocr_line' id='line_1_114' title="bbox 1904 4479 2141 4532; baseline -0.017 0"><span class='ocrx_word' id='word_1_753' title='bbox 1904 4479 2141 4532; x_wconf 89' lang='lat' dir='ltr'>tutetur.</span> 
     </span>
    </p>
   </div>
   <div class='ocr_carea' id='block_1_115' title="bbox 1976 4541 3556 4617">
    <p class='ocr_par' dir='ltr' id='par_1_115' title="bbox 1976 4541 3556 4617">
     <span class='ocr_line' id='line_1_115' title="bbox 1976 4541 3556 4617; baseline 0.004 -21"><span class='ocrx_word' id='word_1_754' title='bbox 1976 4547 2052 4616; x_wconf 87' lang='lat'>(7)</span> <span class='ocrx_word' id='word_1_755' title='bbox 2092 4547 2164 4617; x_wconf 70' lang='lat'>‘0_</span> <span class='ocrx_word' id='word_1_756' title='bbox 2204 4545 2359 4617; x_wconf 74' lang='grc' dir='ltr'>αύτρς</span> <span class='ocrx_word' id='word_1_757' title='bbox 2415 4541 2696 4617; x_wconf 80' lang='grc' dir='ltr'>ἀκροατής.</span> <span class='ocrx_word' id='word_1_758' title='bbox 2726 4543 2901 4617; x_wconf 71' lang='lat' dir='ltr'>idem</span> <span class='ocrx_word' id='word_1_759' title='bbox 2953 4545 3211 4614; x_wconf 88' lang='lat' dir='ltr'>auditor,</span> <span class='ocrx_word' id='word_1_760' title='bbox 3271 4546 3556 4604; x_wconf 88' lang='lat' dir='ltr'>nimirum</span> 
     </span>
    </p>
   </div>
   <div class='ocr_carea' id='block_1_116' title="bbox 1905 4615 3556 4674">
    <p class='ocr_par' dir='ltr' id='par_1_116' title="bbox 1905 4615 3556 4674">
     <span class='ocr_line' id='line_1_116' title="bbox 1905 4615 3556 4674; baseline 0.001 -2"><span class='ocrx_word' id='word_1_761' title='bbox 1905 4615 2402 4672; x_wconf 63' lang='lat' dir='ltr'>cardinalisﬂiim</span> <span class='ocrx_word' id='word_1_762' title='bbox 2423 4615 2584 4672; x_wconf 81' lang='lat' dir='ltr'>enim</span> <span class='ocrx_word' id='word_1_763' title='bbox 2605 4615 2938 4672; x_wconf 87' lang='lat' dir='ltr'>cardinales</span> <span class='ocrx_word' id='word_1_764' title='bbox 2958 4617 3556 4674; x_wconf 74' lang='lat' dir='ltr'>constitubanturau~</span> 
     </span>
    </p>
   </div>
   <div class='ocr_carea' id='block_1_117' title="bbox 1904 4686 3553 4760">
    <p class='ocr_par' dir='ltr' id='par_1_117' title="bbox 1904 4686 3553 4760">
     <span class='ocr_line' id='line_1_117' title="bbox 1904 4686 3553 4760; baseline 0.001 -18"><span class='ocrx_word' id='word_1_765' title='bbox 1904 4688 2126 4744; x_wconf 90' lang='lat' dir='ltr'>ditores</span> <span class='ocrx_word' id='word_1_766' title='bbox 2163 4686 2556 4760; x_wconf 81' lang='lat' dir='ltr'>peculiarium</span> <span class='ocrx_word' id='word_1_767' title='bbox 2587 4703 2908 4744; x_wconf 88' lang='lat' dir='ltr'>causarum</span> <span class='ocrx_word' id='word_1_768' title='bbox 2948 4689 3553 4760; x_wconf 88' lang='lat' dir='ltr'>asummopontiﬁce.</span> 
     </span>
    </p>
   </div>
   <div class='ocr_carea' id='block_1_118' title="bbox 1905 4758 3561 4830">
    <p class='ocr_par' dir='ltr' id='par_1_118' title="bbox 1905 4758 3561 4830">
     <span class='ocr_line' id='line_1_118' title="bbox 1905 4758 3561 4830; baseline 0 -16"><span class='ocrx_word' id='word_1_769' title='bbox 1905 4758 2242 4815; x_wconf 84' lang='lat' dir='ltr'>innocentis</span> <span class='ocrx_word' id='word_1_770' title='bbox 2299 4758 2390 4813; x_wconf 92' lang='grc' dir='ltr'>ΙΙΙ.</span> <span class='ocrx_word' id='word_1_771' title='bbox 2426 4761 2655 4828; x_wconf 74' lang='lat' dir='ltr'>Regest.</span> <span class='ocrx_word' id='word_1_772' title='bbox 2695 4775 2795 4814; x_wconf 84' lang='lat' dir='ltr'>xm</span> <span class='ocrx_word' id='word_1_773' title='bbox 2820 4829 2825 4830; x_wconf 15' lang='grc' dir='ltr'>ί</span> <span class='ocrx_word' id='word_1_774' title='bbox 2849 4775 2924 4830; x_wconf 88' lang='lat' dir='ltr'>ep</span> <span class='ocrx_word' id='word_1_775' title='bbox 2961 4763 3068 4814; x_wconf 66' lang='lat'>45:</span> <span class='ocrx_word' id='word_1_776' title='bbox 3103 4759 3232 4814; x_wconf 88' lang='lat' dir='ltr'>Tibi</span> <span class='ocrx_word' id='word_1_777' title='bbox 3255 4758 3320 4816; x_wconf 36' lang='lat' dir='ltr'>’et</span> <span class='ocrx_word' id='word_1_778' title='bbox 3348 4760 3422 4816; x_wconf 88' lang='lat' dir='ltr'>F.</span> <span class='ocrx_word' id='word_1_779' title='bbox 3463 4775 3561 4816; x_wconf 87' lang='lat' dir='ltr'>ar-</span> 
     </span>
    </p>
   </div>
   <div class='ocr_carea' id='block_1_119' title="bbox 1907 4829 3555 4898">
    <p class='ocr_par' dir='ltr' id='par_1_119' title="bbox 1907 4829 3555 4898">
     <span class='ocr_line' id='line_1_119' title="bbox 1907 4829 3555 4898; baseline 0 -11"><span class='ocrx_word' id='word_1_780' title='bbox 1907 4830 2263 4887; x_wconf 86' lang='lat' dir='ltr'>chidiacono</span> <span class='ocrx_word' id='word_1_781' title='bbox 2289 4830 2558 4886; x_wconf 88' lang='lat' dir='ltr'>Tullensi</span> <span class='ocrx_word' id='word_1_782' title='bbox 2583 4829 2980 4886; x_wconf 85' lang='lat' dir='ltr'>venerabilem</span> <span class='ocrx_word' id='word_1_783' title='bbox 3002 4830 3260 4898; x_wconf 79' lang='lat' dir='ltr'>fratrem</span> <span class='ocrx_word' id='word_1_784' title='bbox 3287 4836 3555 4887; x_wconf 88' lang='lat' dir='ltr'>nostrum</span> 
     </span>
    </p>
   </div>
   <div class='ocr_carea' id='block_1_120' title="bbox 1909 4901 3558 4972">
    <p class='ocr_par' dir='ltr' id='par_1_120' title="bbox 1909 4901 3558 4972">
     <span class='ocr_line' id='line_1_120' title="bbox 1909 4901 3558 4972; baseline 0.001 -15"><span class='ocrx_word' id='word_1_785' title='bbox 1909 4901 2331 4971; x_wconf 84' lang='lat' dir='ltr'>H,,Ostiensem</span> <span class='ocrx_word' id='word_1_786' title='bbox 2361 4902 2717 4970; x_wconf 83' lang='lat' dir='ltr'>episcopum,</span> <span class='ocrx_word' id='word_1_787' title='bbox 2749 4901 3164 4972; x_wconf 76' lang='lat' dir='ltr'>constituimus</span> <span class='ocrx_word' id='word_1_788' title='bbox 3201 4901 3558 4972; x_wconf 85' lang='lat' dir='ltr'>auditorem,</span> 
     </span>
    </p>
   </div>
   <div class='ocr_carea' id='block_1_121' title="bbox 1909 4970 3560 5044">
    <p class='ocr_par' dir='ltr' id='par_1_121' title="bbox 1909 4970 3560 5044">
     <span class='ocr_line' id='line_1_121' title="bbox 1909 4970 3560 5044; baseline 0.001 -16"><span class='ocrx_word' id='word_1_789' title='bbox 1909 4970 2088 5044; x_wconf 79' lang='lat' dir='ltr'>Epist.</span> <span class='ocrx_word' id='word_1_790' title='bbox 2114 4976 2207 5044; x_wconf 70' lang='grc'><strong>197</strong></span> <span class='ocrx_word' id='word_1_791' title='bbox 2233 4989 2244 5026; x_wconf 89' lang='lat'>:</span> <span class='ocrx_word' id='word_1_792' title='bbox 2270 4973 2469 5028; x_wconf 82' lang='lat' dir='ltr'>Priori</span> <span class='ocrx_word' id='word_1_793' title='bbox 2484 4979 2536 5028; x_wconf 88' lang='lat' dir='ltr'>el</span> <span class='ocrx_word' id='word_1_794' title='bbox 2557 4970 2978 5044; x_wconf 82' lang='lat' dir='ltr'>fratribusSS.</span> <span class='ocrx_word' id='word_1_795' title='bbox 3001 4971 3275 5044; x_wconf 78' lang='lat' dir='ltr'>Quatuor</span> <span class='ocrx_word' id='word_1_796' title='bbox 3298 4970 3560 5030; x_wconf 53' lang='lat' dir='ltr'>Corona;</span> 
     </span>
    </p>
   </div>
   <div class='ocr_carea' id='block_1_122' title="bbox 1910 5041 3561 5111">
    <p class='ocr_par' dir='ltr' id='par_1_122' title="bbox 1910 5041 3561 5111">
     <span class='ocr_line' id='line_1_122' title="bbox 1910 5041 3561 5111; baseline 0.001 -11"><span class='ocrx_word' id='word_1_797' title='bbox 1910 5041 2127 5100; x_wconf 77' lang='lat' dir='ltr'>torum.</span> <span class='ocrx_word' id='word_1_798' title='bbox 2161 5043 2311 5098; x_wconf 88' lang='lat' dir='ltr'>Cum</span> <span class='ocrx_word' id='word_1_799' title='bbox 2341 5058 2522 5111; x_wconf 81' lang='lat' dir='ltr'>super</span> <span class='ocrx_word' id='word_1_800' title='bbox 2547 5057 2657 5097; x_wconf 89' lang='lat' dir='ltr'>usu</span> <span class='ocrx_word' id='word_1_801' title='bbox 2684 5048 2739 5098; x_wconf 88' lang='lat' dir='ltr'>et</span> <span class='ocrx_word' id='word_1_802' title='bbox 2767 5041 2912 5111; x_wconf 86' lang='lat' dir='ltr'>jure</span> <span class='ocrx_word' id='word_1_803' title='bbox 2936 5041 3246 5109; x_wconf 65' lang='lat' dir='ltr'>parochiw</span> <span class='ocrx_word' id='word_1_804' title='bbox 3276 5043 3435 5102; x_wconf 84' lang='lat' dir='ltr'>inter</span> <span class='ocrx_word' id='word_1_805' title='bbox 3461 5061 3561 5102; x_wconf 90' lang='lat' dir='ltr'>vos</span> 
     </span>
    </p>
   </div>
   <div class='ocr_carea' id='block_1_123' title="bbox 1910 5113 3564 5184">
    <p class='ocr_par' dir='ltr' id='par_1_123' title="bbox 1910 5113 3564 5184">
     <span class='ocr_line' id='line_1_123' title="bbox 1910 5113 3564 5184; baseline 0.001 -12"><span class='ocrx_word' id='word_1_806' title='bbox 1910 5121 1964 5172; x_wconf 87' lang='lat' dir='ltr'>et</span> <span class='ocrx_word' id='word_1_807' title='bbox 1991 5117 2066 5171; x_wconf 91' lang='lat' dir='ltr'>N.</span> <span class='ocrx_word' id='word_1_808' title='bbox 2094 5115 2357 5184; x_wconf 86' lang='lat' dir='ltr'>priorem</span> <span class='ocrx_word' id='word_1_809' title='bbox 2371 5129 2440 5168; x_wconf 82' lang='lat' dir='ltr'>ac</span> <span class='ocrx_word' id='word_1_810' title='bbox 2465 5117 2815 5169; x_wconf 87' lang='lat' dir='ltr'>conventum</span> <span class='ocrx_word' id='word_1_811' title='bbox 2841 5113 3300 5172; x_wconf 89' lang='lat' dir='ltr'>Lateranensem</span> <span class='ocrx_word' id='word_1_812' title='bbox 3325 5123 3564 5173; x_wconf 87' lang='lat' dir='ltr'>conten-</span> 
     </span>
    </p>
   </div>
   <div class='ocr_carea' id='block_1_124' title="bbox 1913 5185 3558 5254">
    <p class='ocr_par' dir='ltr' id='par_1_124' title="bbox 1913 5185 3558 5254">
     <span class='ocr_line' id='line_1_124' title="bbox 1913 5185 3558 5254; baseline 0.002 -12"><span class='ocrx_word' id='word_1_813' title='bbox 1913 5188 1992 5242; x_wconf 86' lang='lat' dir='ltr'>tio</span> <span class='ocrx_word' id='word_1_814' title='bbox 2025 5191 2375 5251; x_wconf 80' lang='lat' dir='ltr'>verteretur,</span> <span class='ocrx_word' id='word_1_815' title='bbox 2391 5185 2673 5241; x_wconf 83' lang='lat' dir='ltr'>dileclum</span> <span class='ocrx_word' id='word_1_816' title='bbox 2687 5185 2884 5252; x_wconf 81' lang='lat' dir='ltr'>ﬁlium</span> <span class='ocrx_word' id='word_1_817' title='bbox 2905 5189 3176 5240; x_wconf 88' lang='lat' dir='ltr'>nostrum</span> <span class='ocrx_word' id='word_1_818' title='bbox 3202 5186 3294 5254; x_wconf 84' lang='lat'>0.,</span> <span class='ocrx_word' id='word_1_819' title='bbox 3312 5189 3476 5244; x_wconf 85' lang='lat' dir='ltr'>tituli</span> <span class='ocrx_word' id='word_1_820' title='bbox 3496 5189 3558 5245; x_wconf 89' lang='lat' dir='ltr'>S.</span> 
     </span>
    </p>
   </div>
   <div class='ocr_carea' id='block_1_125' title="bbox 1910 5255 3562 5328">
    <p class='ocr_par' dir='ltr' id='par_1_125' title="bbox 1910 5255 3562 5328">
     <span class='ocr_line' id='line_1_125' title="bbox 1910 5255 3562 5328; baseline 0.001 -14"><span class='ocrx_word' id='word_1_821' title='bbox 1910 5259 2166 5315; x_wconf 84' lang='lat' dir='ltr'>Joannis</span> <span class='ocrx_word' id='word_1_822' title='bbox 2184 5262 2236 5313; x_wconf 91' lang='lat' dir='ltr'>et</span> <span class='ocrx_word' id='word_1_823' title='bbox 2263 5257 2442 5312; x_wconf 84' lang='lat' dir='ltr'>Pauli</span> <span class='ocrx_word' id='word_1_824' title='bbox 2457 5255 2868 5328; x_wconf 81' lang='lat' dir='ltr'>presbyterum</span> <span class='ocrx_word' id='word_1_825' title='bbox 2877 5255 3272 5328; x_wconf 86' lang='lat' dir='ltr'>cardinalem,</span> <span class='ocrx_word' id='word_1_826' title='bbox 3295 5259 3562 5315; x_wconf 86' lang='lat' dir='ltr'>dedimus</span> 
     </span>
    </p>
   </div>
   <div class='ocr_carea' id='block_1_126' title="bbox 1910 5326 3562 5400">
    <p class='ocr_par' dir='ltr' id='par_1_126' title="bbox 1910 5326 3562 5400">
     <span class='ocr_line' id='line_1_126' title="bbox 1910 5326 3562 5400; baseline 0.001 -16"><span class='ocrx_word' id='word_1_827' title='bbox 1910 5329 2181 5400; x_wconf 87' lang='lat' dir='ltr'>partibus</span> <span class='ocrx_word' id='word_1_828' title='bbox 2211 5326 2544 5384; x_wconf 86' lang='lat' dir='ltr'>auditorem</span> <span class='ocrx_word' id='word_1_829' title='bbox 2573 5343 2596 5390; x_wconf 86' lang='lat'><strong><em>;</em></strong></span> <span class='ocrx_word' id='word_1_830' title='bbox 2616 5327 2719 5398; x_wconf 87' lang='lat' dir='ltr'>qui</span> <span class='ocrx_word' id='word_1_831' title='bbox 2744 5326 3030 5396; x_wconf 87' lang='lat' dir='ltr'>petitione</span> <span class='ocrx_word' id='word_1_832' title='bbox 3052 5328 3282 5384; x_wconf 87' lang='lat' dir='ltr'>audivit</span> <span class='ocrx_word' id='word_1_833' title='bbox 3309 5335 3364 5385; x_wconf 88' lang='lat' dir='ltr'>et</span> <span class='ocrx_word' id='word_1_834' title='bbox 3393 5336 3562 5386; x_wconf 87' lang='lat' dir='ltr'>testes</span> 
     </span>
    </p>
   </div>
   <div class='ocr_carea' id='block_1_127' title="bbox 1915 5400 3562 5472">
    <p class='ocr_par' dir='ltr' id='par_1_127' title="bbox 1915 5400 3562 5472">
     <span class='ocr_line' id='line_1_127' title="bbox 1915 5400 3562 5472; baseline 0.001 -16"><span class='ocrx_word' id='word_1_835' title='bbox 1915 5403 2223 5472; x_wconf 15' lang='lat' dir='ltr'>utrinque,</span> <span class='ocrx_word' id='word_1_836' title='bbox 2254 5400 2492 5472; x_wconf 82' lang='lat' dir='ltr'>recepit.</span> <span class='ocrx_word' id='word_1_837' title='bbox 2521 5400 2621 5472; x_wconf 26' lang='grc' dir='ltr'>-Ειι</span> <span class='ocrx_word' id='word_1_838' title='bbox 2646 5400 2875 5472; x_wconf 71' lang='lat' dir='ltr'>Regest.</span> <span class='ocrx_word' id='word_1_839' title='bbox 2903 5413 2996 5465; x_wconf 81' lang='lat' dir='ltr'>xv,</span> <span class='ocrx_word' id='word_1_840' title='bbox 3029 5413 3124 5472; x_wconf 92' lang='lat' dir='ltr'>ep.</span> <span class='ocrx_word' id='word_1_841' title='bbox 3167 5403 3266 5455; x_wconf 83' lang='lat' dir='ltr'>t50</span> <span class='ocrx_word' id='word_1_842' title='bbox 3299 5415 3312 5465; x_wconf 91' lang='lat'><strong>;</strong></span> <span class='ocrx_word' id='word_1_843' title='bbox 3343 5400 3562 5472; x_wconf 81' lang='lat' dir='ltr'>Coram</span> 
     </span>
    </p>
   </div>
   <div class='ocr_carea' id='block_1_128' title="bbox 1915 5469 3564 5542">
    <p class='ocr_par' dir='ltr' id='par_1_128' title="bbox 1915 5469 3564 5542">
     <span class='ocr_line' id='line_1_128' title="bbox 1915 5469 3564 5542; baseline -0.001 -14"><span class='ocrx_word' id='word_1_844' title='bbox 1915 5469 2131 5542; x_wconf 69' lang='lat' dir='ltr'>dilecto</span> <span class='ocrx_word' id='word_1_845' title='bbox 2155 5471 2280 5539; x_wconf 77' lang='lat' dir='ltr'>ﬁlio</span> <span class='ocrx_word' id='word_1_846' title='bbox 2307 5473 2378 5526; x_wconf 89' lang='lat' dir='ltr'>P.</span> <span class='ocrx_word' id='word_1_847' title='bbox 2395 5470 2560 5542; x_wconf 84' lang='lat' dir='ltr'>tituli</span> <span class='ocrx_word' id='word_1_848' title='bbox 2572 5469 3262 5542; x_wconf 69' lang='lat' dir='ltr'>S.chili&#39;a:presbytero</span> <span class='ocrx_word' id='word_1_849' title='bbox 3283 5471 3564 5542; x_wconf 75' lang='lat' dir='ltr'>cardina-</span> 
     </span>
    </p>
   </div>
   <div class='ocr_carea' id='block_1_129' title="bbox 1919 5540 3562 5673">
    <p class='ocr_par' dir='ltr' id='par_1_129' title="bbox 1919 5540 3562 5673">
     <span class='ocr_line' id='line_1_129' title="bbox 1919 5540 3562 5616; baseline 0.002 -16"><span class='ocrx_word' id='word_1_850' title='bbox 1919 5540 1982 5611; x_wconf 88' lang='lat' dir='ltr'>li,</span> <span class='ocrx_word' id='word_1_851' title='bbox 2043 5556 2214 5616; x_wconf 86' lang='lat' dir='ltr'>quem</span> <span class='ocrx_word' id='word_1_852' title='bbox 2279 5541 2440 5598; x_wconf 88' lang='lat' dir='ltr'>vobis</span> <span class='ocrx_word' id='word_1_853' title='bbox 2469 5540 2736 5599; x_wconf 84' lang='lat' dir='ltr'>dedimus</span> <span class='ocrx_word' id='word_1_854' title='bbox 2801 5540 3152 5600; x_wconf 84' lang='lat' dir='ltr'>auditorem.</span> <span class='ocrx_word' id='word_1_855' title='bbox 3198 5541 3346 5600; x_wconf 86' lang='lat' dir='ltr'>Vide</span> <span class='ocrx_word' id='word_1_856' title='bbox 3383 5543 3562 5603; x_wconf 84' lang='lat' dir='ltr'>etiam</span> 
     </span>
     <span class='ocr_line' id='line_1_130' title="bbox 1919 5613 3354 5673; baseline 0.002 -1"><span class='ocrx_word' id='word_1_857' title='bbox 1919 5613 2086 5673; x_wconf 81' lang='lat' dir='ltr'>epist.</span> <span class='ocrx_word' id='word_1_858' title='bbox 2119 5617 2187 5672; x_wconf 74' lang='grc'>43</span> <span class='ocrx_word' id='word_1_859' title='bbox 2209 5616 2268 5673; x_wconf 85' lang='lat' dir='ltr'>et</span> <span class='ocrx_word' id='word_1_860' title='bbox 2309 5617 2399 5673; x_wconf 84' lang='lat'>69.</span> <span class='ocrx_word' id='word_1_861' title='bbox 2597 5643 2600 5648; x_wconf 94' lang='lat'><strong><em>-</em></strong></span> <span class='ocrx_word' id='word_1_862' title='bbox 3352 5655 3354 5657; x_wconf 65' lang='grc'><strong>›</strong></span> 
     </span>
    </p>
   </div>
   <div class='ocr_carea' id='block_1_130' title="bbox 1917 5613 3354 5689">
    <p class='ocr_par' dir='ltr' id='par_1_130' title="bbox 1917 5613 3354 5689">
     <span class='ocr_line' id='line_1_131' title="bbox 1917 5613 3354 5689; baseline 0.002 -17"><span class='ocrx_word' id='word_1_863' title='bbox 1917 5613 2086 5689; x_wconf 80' lang='lat' dir='ltr'>epist.</span> <span class='ocrx_word' id='word_1_864' title='bbox 2119 5617 2187 5672; x_wconf 74' lang='grc'><strong>43</strong></span> <span class='ocrx_word' id='word_1_865' title='bbox 2209 5616 2268 5673; x_wconf 87' lang='lat' dir='ltr'>et</span> <span class='ocrx_word' id='word_1_866' title='bbox 2309 5617 2399 5673; x_wconf 84' lang='lat'>69.</span> <span class='ocrx_word' id='word_1_867' title='bbox 2597 5643 2600 5648; x_wconf 94' lang='lat'><strong><em>-</em></strong></span> <span class='ocrx_word' id='word_1_868' title='bbox 3352 5655 3354 5657; x_wconf 65' lang='grc'><strong>›</strong></span> 
     </span>
    </p>
   </div>
  </div>
