4054 6212
224 273 364 340 i541
1528 271 2006 337 CONSTITUTIO
2038 281 2288 340 CYPRIA
3443 291 3580 351 εδει

215 413 331 470 σίας
364 405 792 480 ἂρχιεπισκόπου
829 403 879 456 ἐν
908 412 971 478 τῇ
998 404 1124 476 αὐτῇ
1181 409 1319 474 νήσῳ
1377 406 1494 465 ήτις
1554 401 1666 455 ἐστὶ
1723 407 1816 472 μία

1978 403 2156 460 riefati
2185 411 2602 477 procuratores
2621 409 2845 481 pariter
2872 425 3007 468 cum
3042 412 3173 468 aliis
3200 414 3497 485 petierunt
3517 420 3579 472 ut

211 495 469 570 ἐπαρχία,
503 494 614 546 οὒτ’
644 489 873 552 ἠδύνατο
923 492 1032 544 οὒτ’
1088 492 1266 565 ὤφειλε
1314 493 1617 544 τάττεσθαι.
1663 489 1812 543 Ὅθεν

1979 500 2230 550 ecretum
2272 503 2478 553 contra
2503 499 2604 569 jus
2633 499 2838 566 latum,
2857 499 3252 559 ordinationis
3283 506 3580 578 assumpti

220 587 356 658 μετὰ
392 603 495 636 των
551 582 714 635 ἄλλων
772 579 989 642 ἐζήτουν
1027 584 1076 634 οἱ
1125 582 1491 655 προλεχθὲντες
1547 579 1816 653 ἱπίτροποι

1975 596 2050 635 ιω
2081 583 2354 639 Germani
2380 585 2460 640 ad
2493 588 2790 642 Leucosiae
2816 588 3161 652 Ecclesiam,
3192 595 3249 646 et
3277 593 3576 665 quidquid

211 674 280 725 ἶν’
347 673 588 744 ὃγέγονε
635 676 904 742 πρόκριμα
949 676 1067 743 περὶ
1113 676 1203 728 τήν
1259 678 1351 722 τού
1407 665 1812 744 προδιαληφθὲν-

1974 667 2132 724 [hac
2168 671 2297 742 ejus
2327 673 2701 731 ordinatione
2773 675 2863 731 vel
2929 677 3059 747 ejus
3107 694 3292 736 causa
3352 681 3575 739 factum

209 781 295 822 τος
354 767 616 835 Γερμανού
666 760 715 812 ίν
761 767 824 832 τῇ
884 768 980 821 τῆς
1025 765 1320 822 Λευκοσίας
1368 758 1621 829 ἐκκλησίᾳ
1660 758 1810 808 κατά-

1972 757 2140 813 einde
2189 759 2420 827 fuisset,
2459 777 2575 818 nos
2610 764 3108 821 constitueremus
3164 783 3295 823 esse
3321 769 3573 839 irritum,

211 869 423 918 στασιν,
451 855 539 903 καὶ
565 853 610 902 εἶ
645 869 697 902 τι
742 849 796 900 ἐκ
841 852 1047 918 τούτου,
1105 850 1136 908 ἦ
1194 849 1354 902 ἕνεκεν
1414 851 1600 901 τούτου
1651 865 1812 920 παρη-

1976 861 1994 900 3
2048 847 2502 917 prohiberemus
2541 866 2615 906 ne
2656 854 2979 908 Germanus
3033 855 3143 910 iste
3207 856 3412 929 aliqua
3461 859 3577 915 ulla

208 941 511 1006 κολούθηκε,
556 935 913 1000 διατάξασθαι
958 940 1097 1010 ἡμᾶς
1154 942 1224 1010 μὴ
1279 941 1419 1009 ἔχειν
1503 940 1561 988 τὸ
1642 943 1809 1007 κύρος·

1642 943 1813 1007 κύρος*
1925 934 2356 1009 archiepiscopi
2377 939 2516 1008 jura
2537 946 2836 996 exerceret
2862 940 2925 996 in
2957 943 3170 1014 Cypro.

210 1041 301 1091 καὶ
345 1037 580 1089 κωλύσαι
631 1038 772 1108 ἡμᾶς
836 1038 923 1087 τὸν
982 1041 1214 1088 τοιοῦτον
1287 1038 1545 1110 Γερμανὸν
1639 1040 1731 1085 τού
1808 1035 1880 1104 μή
1948 1031 2332 1105 ίπεργάζεσθαί
2383 1055 2436 1087 τι
2499 1035 2548 1088 ἐν
2595 1045 2656 1110 τῇ
2701 1041 2889 1092 Κύποω
2954 1045 3072 1113 περὶ
3151 1050 3252 1094 τῶν
3306 1041 3573 1119 ἀριχιεπι-

215 1152 480 1186 σκοπικων
509 1129 748 1185 δικαίων.

237 1227 601 1294 ’Τελευταῖοη
646 1230 918 1304 ὀχλήσεως
971 1228 1054 1282 ἐπὶ
1120 1234 1323 1291 τούτοις
1378 1232 1668 1300 γεγονυίας,
1725 1230 1815 1278 καὶ

1997 1227 2260 1284 Tandem
2291 1245 2470 1301 super
2493 1229 2586 1287 his
2611 1231 2822 1289 oborto
2845 1233 3101 1290 tumultu
3125 1235 3446 1310 multisque
3471 1254 3574 1310 po-

205 1317 403 1373 πολλῶν
457 1322 592 1372 ἔνθεν
658 1320 892 1371 κάκείθεν
945 1327 1222 1390 γεγονυιῶν
1290 1319 1476 1370 θέσεων
1523 1319 1664 1391 παρὰ
1716 1324 1806 1366 τῶι

1974 1314 2051 1370 tis
2081 1317 2514 1387 quaestionibus
2558 1319 2636 1375 ab
2666 1319 2738 1376 iis
2765 1322 2869 1394 qui
2901 1323 3213 1394 utriusque
3257 1327 3442 1397 partis
3471 1341 3575 1399 pa-

207 1407 434 1482 ἐκατέρῳ
491 1417 839 1482 παραστῆσαι
894 1412 1238 1479 πεταγμίνων·
1330 1407 1436 1458 ἐπεὶ
1509 1403 1562 1468 ἐξ
1649 1401 1808 1456 αὐτῶν

1974 1404 2245 1460 ὀοἰιὶὶυω
2274 1407 2673 1464 sustinebant:
2701 1412 2992 1482 quoniam
3015 1428 3086 1466 ex
3113 1413 3254 1483 ipsis
3270 1414 3422 1484 juris
3441 1429 3575 1487 pro-

189 1505 310 1549 ’τῶν
369 1493 684 1560 ἀποδείξεων
737 1503 828 1548 τού
877 1491 1087 1548 δικαίου
1150 1492 1318 1548 ἐδόκει
1372 1493 1682 1547 ἐκτετάσθαι
1746 1492 1790 1544 εἰ

1972 1492 2273 1548 ationibus
2304 1495 2364 1550 in
2390 1494 2639 1566 longum
2662 1497 2980 1554 videbatur
2998 1502 3434 1571 protrahendas
3450 1503 3573 1559 fore

204 1594 376 1656 μῆκος
408 1588 503 1646 τὰς
525 1592 621 1646 τῆς
659 1583 933 1655 ὀχλήσεως
979 1580 1272 1655 διχονοίας,
1324 1585 1348 1635 ὸ
1400 1584 1576 1658 ῥηθεὶς
1633 1581 1805 1657 ἀρχιε-

1973 1582 2345 1638 antroversiee
2380 1583 2809 1654 dissensiones,
2837 1587 3029 1644 dictus
3088 1589 3574 1662 archiepiscopus

207 1677 471 1735 πίσκοπος
499 1676 781 1745 Γερμανοὺς
840 1674 966 1744 ἡμῖν
1021 1674 1354 1725 καθικέτευσε
1405 1680 1676 1740 ταπεινῶς,
1722 1677 1808 1722 τοῦ

1975 1684 2260 1725 ermanus
2325 1671 2628 1728 humiliter
2699 1674 3057 1746 supplicavit
3096 1677 3271 1734 nobis
3293 1643 3405 1734 rne
3455 1643 3573 1735 trem

202 1765 276 1834 μή
344 1764 624 1822 τοσαύταις
674 1761 1046 1834 μακρολογίαις
1106 1761 1461 1834 περιελκεσθαι
1535 1768 1596 1833 τῇ
1666 1779 1803 1812 πτω-

1973 1757 2121 1828 mgis
2146 1759 2444 1830 ejusmodi
2474 1761 2979 1833 disputationibus
3002 1781 3140 1820 eum
3163 1765 3574 1823 circumveniri

209 1854 338 1921 χείᾳ
399 1860 493 1912 τῆς
545 1859 646 1902 τῶν
704 1856 936 1922 Γραικῶν
1009 1850 1319 1911 Ἐκκλησίας
1373 1854 1464 1902 καὶ
1529 1851 1810 1912 τοσαύταις

1969 1862 1995 1900 c
2012 1845 2300 1917 distineri,
2314 1853 2538 1906 attenta
2551 1849 2822 1906 Ecclesiae
2835 1853 3174 1909 Grmcorum
3192 1859 3570 1927 paupertate:

212 1947 332 2001 ταῖς
359 1935 660 2000 δυσκολίαις
681 1941 1068 2014 προσφέρεσθαι
1129 1961 1140 1972 ·
1197 1937 1501 2012 βουλόμενοι
1556 1943 1650 1998 τήν
1714 1959 1813 1991 κα-

1972 1951 2074 1990 eve
2101 1941 2180 1992 tot
2206 1941 2524 2010 tantasque
2556 1953 2826 1995 morosas
2845 1939 3222 1998 dimcultates
3241 1943 3303 1998 in
3315 1943 3573 1999 medium

209 2031 468 2081 τάστασιν
554 2029 720 2090 αύτῆς
815 2027 905 2081 κᾶὶ
961 2029 1190 2103 εἰρήνην,
1245 2028 1507 2102 ὀφείλομεν
1580 2029 1810 2101 εἰρηνικῇ

1977 2022 2121 2080 Eerri
2144 2025 2476 2082 sineremus
2505 2044 2519 2082 :
2553 2028 2931 2084 consulentes
2958 2031 3137 2086 statui
3167 2031 3354 2103 ipsius
3383 2037 3442 2088 et
3465 2048 3578 2105 pa-

213 2114 450 2180 διατάξει
562 2117 876 2177 ἀποστολικῆ
885 2137 906 2178 ς
1018 2121 1390 2179 καταστάσεως
1493 2120 1814 2193 προμήθειαν

1974 2113 2002 2180 '1,
2027 2128 2272 2185 aequum
2301 2115 2586 2170 duximus
2611 2116 2865 2188 paciﬁca
2889 2118 3310 2176 constitutione
3338 2135 3412 2175 ex
3431 2136 3575 2192 apo-

214 2203 441 2278 ἕπάγειν,
517 2201 591 2258 δι’
650 2205 708 2267 ἧς
793 2212 1224 2278 κατασιγήσουσι
1261 2216 1361 2259 τῶν
1408 2206 1702 2278 ὀχλούντων
1767 2207 1815 2257 οἱ

1973 2200 2140 2257 tolica
2167 2202 2557 2275 dispositione
2589 2203 2828 2260 salubre
2865 2204 3014 2262 inire
3063 2207 3401 2275 consilium,
3451 2223 3574 2280 quo

210 2292 449 2366 λογισμοὶ
523 2299 613 2347 καὶ
670 2296 770 2348 ὑπὸ
821 2297 1056 2368 ὑποταγῇ
1126 2303 1221 2354 τῆς
1277 2295 1543 2367 Ῥωμαίων
1599 2293 1811 2352 Ἐκκληι

1974 2285 2340 2342 issidentium
2373 2288 2689 2360 quiescant
2718 2288 2906 2358 litigia
2953 2293 3010 2344 et
3051 2290 3164 2346 sub
3210 2289 3434 2348 ditione
3475 2295 3575 2348 Ec-

211 2386 333 2444 σίας
364 2383 475 2452 (10)
508 2385 558 2435 οἱ
585 2381 957 2458 προρρηθίντες
1019 2389 1233 2457 Γραικοὶ
1282 2387 1418 2447 ζωήν
1469 2383 1658 2446 ἄξουσι
1687 2387 1812 2454 μετὰ

1974 2377 2116 2431 lesiee
2138 2377 2518 2432 Romaeorum
2541 2379 2722 2433 vitam
2745 2377 2976 2449 praefati
2996 2380 3180 2436 Graeci
3202 2397 3334 2436 cum
3357 2379 3575 2438 Latinis

209 2479 307 2522 τῶν
341 2475 576 2524 Λατίνων
608 2472 891 2546 εἰρηνικήν.
951 2469 1119 2524 Ούδεν
1173 2475 1477 2544 θαυμαστόν
1528 2476 1584 2524 τὸ
1640 2471 1810 2525 λοιπὸν

1976 2469 2152 2518 ucant
2176 2464 2509 2535 paciﬁcam.
2541 2467 2656 2520 Nec
2685 2465 2906 2522 mirum
2941 2467 2990 2521 si
3035 2469 3378 2524 Latinorum
3427 2471 3577 2525 Gra-

210 2561 354 2622 ἓθνος
383 2568 484 2611 τῶν
513 2565 750 2612 Λατίνων
785 2566 876 2612 καὶ
934 2565 1186 2636 Γραικῶν,
1243 2569 1336 2622 τῆς
1381 2561 1695 2623 Ἐκκλησίας
1722 2569 1811 2623 τῆς

1976 2567 2256 2625 )rumque
2283 2569 2473 2624 genus
2489 2553 2759 2609 Ecclesia:
2775 2554 2963 2626 ipsius
2994 2557 3172 2627 Cypri
3220 2557 3401 2612 variis
3445 2557 3577 2626 agi-

213 2647 380 2710 αύτῆς
422 2651 633 2722 Κύπρου
698 2647 752 2700 ἐκ
814 2645 1076 2721 διαφόρων
1131 2649 1400 2721 ὁχλήσεων
1456 2647 1814 2722 σαλευομένης,

1978 2649 2064 2698 ηδε
2091 2643 2301 2714 turbis,
2340 2641 2732 2699 seditionibus
2774 2644 3154 2715 perturbtum
3179 2650 3409 2713 aestuet,
3439 2662 3579 2702 cum

214 2745 432 2812 ταραχῇ
483 2739 834 2810 κυμαίνεσθαι
865 2759 878 2771 ·
940 2737 1229 2813 ἐξαίρηται,
1283 2741 1454 2801 καθώς
1508 2736 1815 2812 δακρίνομεν

1980 2737 2251 2797 (crescat,
2281 2739 2344 2787 ut
2371 2731 2795 2802 dijudicamus,
2823 2731 2883 2788 id
2909 2732 3076 2805 quod
3124 2733 3433 2806 premebat
3475 2749 3581 2791 an-

215 2826 246 2878 ὁ
321 2824 552 2900 ίπίφερεν
619 2831 714 2885 τήν
788 2828 1052 2897 ὑπόθεσιν,
1123 2845 1182 2880 το
1257 2827 1665 2902 ἁσυμπίραστον
1717 2837 1816 2880 τῶν

1981 2836 2062 2876 ιω
2107 2820 2463 2892 dissidiique
2493 2822 2806 2877 materiam
2837 2822 3216 2893 suggerebat,
3269 2823 3582 2897 multiplex

211 2913 448 2986 ἂκρσιῶν
512 2919 632 2988 περὶ
689 2920 781 2974 τὴν
836 2924 928 2967 τοῦ
989 2915 1169 2977 τέλους
1219 2916 1364 2978 τάξιν
1419 2917 1578 2968 ἕνεκεν
1630 2918 1812 2968 τούτου

1981 2907 2216 2964 imirum
2247 2907 2347 2964 illa
2382 2908 2534 2980 juris
2582 2909 3010 2982 alterutrinque
3043 2911 3283 2967 dicendi
3325 2912 3582 2968 dandive

219 2993 303 3054 ὅτι
341 3003 411 3063 ὡς
463 3005 493 3059 ἡ
552 2999 777 3077 διαφορὰ
825 3011 926 3056 τῶν
984 3007 1238 3077 σωμάτων
1284 3010 1373 3058 καὶ
1421 3007 1451 3063 ἡ
1522 3013 1624 3056 τῶν
1681 3005 1818 3062 ἠθῶν

1981 2997 2252 3052 [discreta
2282 2997 2531 3052 actionis
2566 2997 2835 3066 facultas,
2889 3013 2961 3054 eo
2996 2998 3163 3070 quod
3200 3002 3382 3056 etiam
3412 2999 3582 3056 varia

223 3095 536 3162 ἀσυμφωνία
620 3092 833 3146 εἰώθασι
911 3099 1086 3165 γῠνᾴν
1153 3089 1430 3164 διχονοίας
1485 3092 1533 3144 ἐν
1580 3101 1643 3164 τῇ
1701 3092 1822 3145 ἁνα-

1981 3101 2250 3157 )rporum
2264 3101 2335 3141 ac
2354 3101 2591 3140 morum
2617 3085 3020 3157 discrepantia
3032 3102 3242 3158 parere
3267 3090 3582 3144 consuevit

225 3186 423 3251 στροφῇ
504 3188 604 3232 τῶν
681 3182 986 3253 ὁμοςώντων
1047 3183 1148 3234 ὑπὸ
1199 3181 1466 3242 ποικίλαις
1521 3183 1822 3244 συνηθείαις

1978 3174 2176 3230 issidia
2197 3174 2256 3229 in
2287 3173 2563 3229 familiari
2620 3174 3070 3231 conversatione
3095 3191 3305 3232 eorum
3334 3177 3441 3249 qui
3465 3178 3579 3234 sub

221 3274 634 3342 παρατηρήσεων
699 3279 799 3322 τῶν
870 3279 1072 3340 γενεῶν.
1137 3271 1307 3343 Ἡμεῖς
1361 3265 1469 3334 οὖν,
1525 3269 1573 3322 οἱ
1629 3269 1682 3322 ἐκ
1727 3279 1822 3330 τῆς

1978 3263 2109 3320 ariis
2134 3262 2509 3317 diversarum
2541 3263 2852 3318 nationum
2880 3263 3163 3320 institutis
3191 3265 3372 3321 simul
3397 3266 3579 3323 vitam

218 3355 543 3429 ἐπικειμένης
574 3359 699 3432 ἡμῖν
739 3368 835 3422 τῆς
896 3357 1245 3420 ἁποστολικῆς
1310 3358 1635 3432 λειτουργίας
1687 3358 1819 3430 ὀφεί-

1981 3356 2180 3408 ucunt.
2219 3354 2335 3407 Nos
2392 3366 2554 3422 ergo,
2609 3351 2714 3424 qui
2773 3351 3044 3423 injuncto
3117 3352 3295 3410 nobis
3345 3361 3582 3426 aposto-

215 3445 368 3518 λομεν
406 3452 496 3499 καὶ
546 3449 832 3520 ὀρεγόμεθα
887 3455 994 3510 τοῖς
1034 3448 1080 3500 τ’
1130 3447 1279 3520 ἐγγύς
1344 3455 1448 3508 τοῖς
1497 3466 1555 3500 τε
1619 3450 1816 3520 μακρὰν

1980 3459 2045 3498 co
2067 3457 2314 3497 munere
2331 3457 2467 3496 cum
2489 3456 2638 3514 pace
2663 3457 2907 3513 pascere
2939 3445 3210 3498 tenemur
3225 3448 3280 3499 et
3304 3445 3581 3518 cupimus

215 3537 433 3605 φάσκειν
519 3535 748 3607 εἰρήνην,
823 3541 1142 3608 ποσίχοντες
1209 3535 1461 3609 ἐπιμελῶς
1529 3538 1816 3610 θεραπεύειν

1980 3547 2054 3587 on
2085 3531 2268 3586 modo
2293 3545 2395 3585 eos
2455 3531 2560 3602 qui
2608 3545 2818 3602 prope,
2868 3545 3080 3586 verum
3122 3531 3302 3588 etiam
3346 3548 3450 3590 eos
3475 3531 3581 3605 qui

225 3631 320 3676 τού
350 3627 443 3687 τὰς
481 3625 860 3698 προλεχθείσας
900 3627 1213 3688 Ἐκκλησίας
1260 3625 1452 3700 βεϐαία
1509 3625 1650 3689 τάξει
1689 3623 1819 3678 διευσ

1987 3635 2111 3690 .nge
2142 3623 2301 3684 sunt,
2326 3617 2539 3674 sollicit
2579 3617 2804 3674 mederi
2859 3618 3166 3675 studentes
3201 3619 3467 3691 prmfatis
3488 3623 3588 3675 Ec-

226 3714 474 3766 θύνεσθαι
538 3719 669 3789 πρὸς
742 3713 986 3783 ἀλλήλας,
1052 3720 1143 3768 καὶ
1197 3713 1451 3788 ἆμοιϐαίᾳ
1516 3713 1563 3766 ἐν
1613 3723 1827 3789 Χριστῷ

1984 3709 2135 3764 lesiis
2157 3724 2258 3765 eas
2272 3707 2446 3764 ﬁrma
2459 3707 3042 3765 constitutioneinter
3061 3725 3123 3764 se
3141 3710 3585 3783 componendo,

227 3802 594 3876 εὐφραίνεσθαι
665 3812 726 3876 τῇ
809 3810 1007 3878 είρήνς,
1073 3808 1386 3879 ἰκανωτέρως
1440 3806 1828 3879 προεμηθευσά-

1991 3814 2062 3854 uo
2101 3803 2311 3853 mutua
2339 3797 2399 3852 in
2445 3797 2673 3853 Christo
2708 3812 2857 3869 pace
2886 3796 3180 3863 fruantur,
3201 3799 3344 3855 satis
3375 3813 3592 3871 oppor-

228 3893 366 3964 μεθα
387 3894 483 3954 τὰς
524 3895 717 3945 τούτων
766 3890 1078 3956 διαστάσεις
1132 3895 1344 3965 ἡσύχου
1404 3891 1690 3956 διατάξεως
1743 3913 1829 3945 κα-

1992 3903 2084 3942 tne
2113 3886 2525 3942 consuluimus
2545 3885 2760 3942 harum
2787 3885 3036 3941 dissidia
3057 3885 3296 3958 placida
3311 3888 3593 3944 constitu-

230 3980 517 4050 τευνάζειν,
581 3979 774 4055 ἁρεστῇ
853 3980 1122 4055 συμϐουλῇ
1231 3983 1261 4042 ή
1313 3991 1557 4055 κριτικῆς
1611 3980 1831 4043 ἐκκοπῆς

1990 3992 2103 4033 one
2129 3975 2360 4043 sedare,
2411 3973 2804 4030 consistoriali
2849 3973 3134 4029 nimirum
3163 3974 3591 4033 deliberatione

235 4073 483 4142 μαχαίρᾳ
521 4065 556 4122 δ
561 4070 708 4128 ιακλη
715 4079 858 4145 ρούν.

1945 4082 2050 4122 seu
2065 4062 2367 4136 judicialis
2398 4059 2716 4118 decisionis
2741 4062 2942 4132 gladio
2963 4078 3035 4118 ea
3076 4063 3446 4120 dirimentes.

310 4162 491 4210 Τοίνυν
536 4167 638 4211 τῶν
702 4160 943 4236 οχληρών
1005 4161 1321 4233 φιλονεικιῶν
1390 4162 1524 4213 ἔνθεν
1603 4158 1837 4214 κάκεῖθεν

2018 4159 2165 4213 Cum
2234 4153 2412 4222 igitur
2478 4166 2692 4222 graves
2779 4150 3196 4225 seditiosaeque
3269 4155 3595 4212 contentio-

235 4253 356 4307 ταῖς
395 4255 490 4298 τῶν
578 4248 898 4301 λεπτοτάτων
961 4250 1264 4326 ἀποφοραῖς,
1344 4259 1444 4302 τῶν
1501 4269 1556 4302 τε
1609 4249 1836 4324 θορύϐων

1992 4261 2052 4302 es
2119 4240 2435 4298 levissimis
2495 4239 2731 4311 jactatis
2811 4240 3253 4312 objectionibus
3326 4258 3432 4316 per
3506 4249 3593 4300 tu-

231 4342 336 4385 τῶν
380 4331 650 4399 διαλέξεων
690 4337 756 4398 εἰς
815 4341 873 4390 τὸ
931 4336 1212 4414 ἀπέραντον
1265 4337 1343 4390 ἀεί
1393 4338 1774 4412 προϐαινόντων
1821 4358 1832 4372 ·

1993 4333 2310 4390 tultuantes
2368 4328 2824 4401 disputationes,
2850 4328 2910 4384 in
2965 4328 3267 4386 infinitum
3321 4331 3594 4388 vincendi

235 4426 639 4496 προστάττοντες
677 4433 739 4499 τῇ
795 4436 895 4479 τῶν
937 4429 1196 4502 ἡμετέρων
1242 4425 1473 4499 ἀδελφῶν
1533 4425 1696 4499 βουλῇ
1749 4432 1836 4479 καὶ

1988 4422 2142 4479 tudio
2165 4417 2618 4492 procendentes,
2642 4417 2701 4472 in
2733 4421 2984 4491 utraque
3013 4424 3180 4491 parte
3209 4419 3326 4476 sint
3339 4420 3589 4491 obortae,

231 4520 304 4582 τῷ
383 4516 693 4587 πληρώματι
774 4524 865 4577 τῆς
920 4515 1272 4577 ἁποστολίκῆς
1332 4514 1568 4577 ἐξουσίας
1628 4535 1641 4548 ο
1679 4519 1832 4568 ὄντων

1993 4529 2020 4568 e
2049 4512 2297 4567 fratrum
2335 4512 2681 4565 nostrorum
2706 4507 2952 4564 consilio
2971 4515 3029 4565 et
3058 4509 3426 4582 plenitudine
3452 4526 3594 4584 apo-

229 4599 446 4654 ένὼπιον
525 4604 639 4674 (11)
708 4606 854 4676 ήμῶν
940 4612 1033 4657 τοῦ
1111 4605 1351 4678 ῥηθέντος
1405 4609 1687 4678 Γερμανού,
1740 4611 1830 4655 τού

1989 4601 2167 4658 tolicaa
2206 4598 2532 4671 potestatis,
2587 4597 2920 4654 constitutis
2975 4614 3180 4655 coram
3222 4597 3398 4655 nobis
3431 4597 3590 4654 dicto

227 4698 332 4742 τῶν
404 4696 637 4763 Γραικῶν
713 4690 1158 4765 ἀρχιεπεσιιόπου,
1243 4697 1332 4744 καὶ
1408 4700 1508 4743 τῶν
1607 4690 1828 4743 εύλαϐῶν

1989 4703 2238 4746 ermano
2293 4686 2746 4759 archiepiscopo
2793 4691 2852 4743 et
2915 4687 3256 4744 reverendis
3306 4685 3588 4742 fratribus

304 4887 420 4954 (10)
471 4891 582 4958 Τῶν
650 4885 914 4958 Ῥωμαὶων
967 4886 1294 4948 Ἐκκλησίας.
1344 4889 1616 4958 Romanos
1661 4892 1831 4944 vocat
1936 4893 2027 4940 τοῦ
2110 4892 2209 4958 τῶν
2297 4882 2604 4958 Ῥωμαίων--
2646 4883 2935 4958 ἐπισκοπου
2992 4875 3292 4958 λαμβανέτω
3356 4878 3587 4958 ξκαστοσ

231 4949 494 5030 Gnaeos.
514 4957 607 5012 Sic
629 4949 825 5029 primo
851 4959 1045 5014 vocati
1072 4966 1208 5014 sunt
1239 4958 1279 5013 ii
1304 4958 1422 5030 qui
1449 4956 1564 5013 sub
1608 4958 1830 5030 ditione

1982 4949 2490 5030 ,atrivog_&nic'xo1iog-
2551 4951 2960 5030 Unusquisque
2994 4949 3246 5030 patinas
3278 4949 3583 5030 eppcopus

227 5017 807 5106 eranthimperatoris
825 5032 1186 5106 Graecorum,
1219 5017 1392 5106 cujus
1408 5027 1642 5099 imperii
1660 5030 1830 5106 sedes
1937 5032 2134 5084 sumat
2152 5028 2566 5106 juramentym
2584 5017 3020 5106 Ῑξάεῐίιᾳᾷξ-μίξιζ
3035 5019 3305 5106 ξρέεεορρ
3332 5021 3588 5106 ῌρνηιέεο-

227 5112 366 5173 cum
397 5088 592 5173 Cpolis
606 5105 780 5166 esset,
799 5100 878 5173 ab
896 5101 1046 5173 ipsis
1065 5088 1224 5155 nova
1244 5088 1436 5173 Roma
1456 5088 1826 5173 nuncupata,
1940 5115 2096 5158 rum.
2116 5088 2401 5173 nimirum
2427 5093 2506 5148 ab
2530 5091 2814 5173 episcopo
2829 5088 3169 5170 Graecorum
3186 5088 3317 5173 ejus
3343 5088 3581 5173 insulas.

229 5160 471 5251 ξάοίιῖοίῗ.
492 5160 831 5251 δνεβρονυὶξι
854 5160 1174 5251 infirmum
1192 5171 1544 5251 Βοφεὶηίειω
1562 5160 1823 5251 αρρθιέξί
1937 5173 2250 5251 ἓοωεειμτι
2275 5160 3092 5251 EallPEQF‘PBElt2938193
3107 5160 3380 5251 ,ίΡΞΨδηί
3403 5161 3466 5217 in
3497 5161 3586 5218 ἀί·

227 5238 396 5313 bant.
425 5241 760 5313 Concilium
796 5233 1191 5312 Lugdunense
1223 5242 1334 5298 sub
1366 5233 1710 5298 Innocentio
1735 5243 1825 5308 IV,
1937 5236 2264 5313 tionerolim
2297 5235 2540 5313 fuerant
2580 5233 2958 5313 imperatoris
2999 5233 3271 5289 Orientis.
3310 5307 3320 5313 Α
3541 5302 3553 5313 ⁸

228 5311 616 5386 αάυῃίιαιργη
633 5304 1406 5370 ΒοηιαηὰἔΕσσιεεὶεοιοιυηι
1423 5304 1828 5386 Βοηιαηῐψ,ίά
2006 5312 2116 5386 (tt)
2169 5309 2436 5386 :Ewextov:
2499 5304 2653 5381 Tres
2718 5307 2952 5386 tantum
3010 5307 3414 5386 recensentur;
3459 5304 3580 5386 epi—

226 5389 313 5456 est
341 5383 598 5456 Graecia,
628 5386 966 5454 imperium.
991 5388 1307 5456 Eosautem
1321 5386 1421 5456 qui
1435 5383 1514 5438 illi
1531 5373 1828 5456 parebant
1935 5373 2258 5456 scopi'ejus
2282 5373 2514 5456 insula.
2554 5373 2698 5456 (Ιυὶθτ
2721 5379 2972 5456 quartus
2994 5374 3269 5456 ᾼΓεξοηβε
3292 5375 3354 5428 in
3375 5373 3580 5456 Papho

227 5453 482 5527 imperio
503 5445 778 5511 Romas'os
801 5455 1236 5527 nuncupabant
1248 5461 1306 5512 ut
1319 5445 1362 5527 ar
1387 5445 1667 5527 Romanis
1681 5455 1827 5527 Lati-
1925 5445 2057 5527 jam
2068 5445 2383 5527 obierataej
2393 5459 2580 5527 usque
2593 5446 2766 5527 sedes
2775 5445 3051 5518 vacabat,
3059 5451 3124 5502 ut
3133 5449 3401 5501 extrema
3409 5450 3578 5515 parte

229 5518 600 5596 nis'antiquaa
631 5528 833 5582 Romae
853 5518 1116 5583 nominis
1145 5527 1325 5582 etiam
1350 5526 1670 5582 inﬂexione
1697 5525 1823 5581 dis-
1926 5518 2112 5594 hujus
2140 5518 2584 5578 Constitutionis
2612 5518 2793 5586 patet.

230 5600 559 5653 cernerent.
581 5596 745 5654 Clare
763 5597 825 5654 id
840 5598 903 5654 in
920 5598 1036 5655 hac
1061 5598 1192 5669 ipsa
1211 5597 1658 5667 Constitutione,
1678 5600 1825 5670 παρὰ
