4054 6212
165 371 294 434 ηις
1262 458 1264 460 ν
1440 333 1766 433 Consrm

3378 341 3521 440 4550

164 503 234 564 οἷς
290 501 314 552 ὁ
379 499 763 575 μητροπολίτης
812 497 868 552 ἐκ
948 484 1171 573 νομίμού
1242 495 1455 553 δικαίου
1540 495 1760 552 δύναται

1919 514 1996 554 ιω
2021 503 2126 571 est,
2155 513 2299 569 erga
2322 513 2426 556 eos
2436 492 2544 572 qui
2563 484 2672 558 suo
2689 486 2832 559 sunt
2850 501 3235 574 suﬂ’raganeo
3266 505 3520 578 subjecti

164 587 527 644 δικαιοδοσίαν
578 589 814 652 ἐξασκεῖν
851 587 922 651 εἰς
959 592 1078 650 τοὺς
1127 597 1221 643 τοῦ
1258 590 1529 664 συνερίθου
1591 587 1758 640 αὐτῶν

1415 590 1529 642 ίθου
1591 587 1758 640 αὐτῶν
1864 586 2343 656 jurisdictionem
2363 603 2663 649 exercere.
3007 603 3009 606 ‘

163 684 622 754 ὑποτεταγμένους,
649 675 815 752 μηδὲν
843 679 1238 754 ἁρπαζέτωσαν.

231 775 293 824 Ai
369 767 428 824 δὲ
477 770 642 822 αἰτίαι
717 772 774 821 αἱ
851 768 1142 826 ἀνήκουσαι
1222 775 1285 840 τῇ
1341 765 1755 839 ἐκκλησιαστικῇ

1943 765 2149 821 Causae
2169 779 2306 838 quae
2329 765 2408 822 ad
2427 767 2895 826 ecclesiasticum
2921 775 3194 843 spectant
3222 773 3441 844 forum,
3469 773 3517 832 si

165 861 406 934 συλλογῇ,
437 861 480 914 εἰ
525 860 934 934 ἀποστραφῶσιν
966 857 1014 910 ἐν
1065 865 1176 921 τοῖς
1227 865 1489 932 Γραικοίς,
1550 857 1617 917 εἰς
1669 858 1758 908 τὸν

1915 858 2386 912 ontrovertantur
2415 857 2566 913 inter
2594 860 2847 928 Graecos,
2879 875 2917 916 a
2947 877 3056 918 suo
3113 877 3322 919 eorum
3372 880 3516 936 gen-

161 953 310 1005 αύτὸν
341 949 604 1024 σύμφυλον
654 947 906 1024 ἀρχιερέα
955 950 1334 1022 κρινέσθωσαν.
1399 947 1520 1000 Ἐὰν
1574 941 1634 998 δι
1686 945 1758 1008 είς

1918 942 2317 1012 lijudicentur
2345 945 2648 1018 pontiﬁce;
2672 949 2719 1004 si
2746 964 2890 1006 vero
2945 951 3096 1007 inter
3145 953 3417 1010 Latinum
3463 960 3519 1010 et

162 1048 374 1096 Λατῖνον
435 1043 524 1092 καὶ
603 1042 843 1114 Γραικὸν,
924 1041 1022 1091 εἴτε
1074 1039 1100 1089 ὁ
1159 1040 1378 1113 Γραικὸς
1445 1035 1753 1107 ἐγκαλεῖται,

1918 1046 2160 1098 meum;
2189 1035 2309 1089 sive
2340 1036 2577 1092 Graecus
2603 1044 2932 1106 accusetur,
2962 1040 3040 1096 ad
3073 1041 3347 1098 Latinum
3405 1043 3519 1100 loci

160 1133 224 1194 είς
273 1135 357 1184 τὸν
426 1137 647 1185 Λατῖνον
717 1136 810 1181 τοῦ
864 1133 1024 1181 τόπου
1100 1127 1350 1203 ἀρχιερέα
1405 1126 1757 1199 ἁναφερέσθω-

1918 1121 2232 1178 ontiﬁicem
2250 1124 2585 1181 referantur
2591 1126 2935 1197 judicaliter
2961 1130 3334 1204 dirimenda},
3355 1132 3519 1189 salva

163 1241 253 1274 σαν
289 1230 540 1297 κριτικῶς
599 1215 1072 1294 διαχωριξόμεναι,
1124 1218 1257 1276 πλὴν
1311 1217 1608 1289 σωζομένης
1664 1223 1756 1276 τῆς

1917 1227 2068 1268 Lmen
2099 1213 2442 1285 apostolica;
2473 1215 2632 1272 sedis
2653 1219 3072 1289 praerogativa,
3105 1223 3280 1292 cujus
3337 1237 3518 1294 opem

161 1311 508 1371 ἁποστολικῆς
548 1306 804 1384 καθέδρας
860 1310 1148 1380 ὑπεροχῆς,
1208 1309 1337 1381 πρὸς
1393 1306 1453 1366 ἧς
1506 1303 1754 1378 βοήθειαν

1916 1301 2059 1356 exati
2075 1318 2288 1358 omnes
2314 1304 2661 1362 immediate
2695 1314 2952 1382 possunt
2980 1309 3319 1381 implorare.
3343 1313 3409 1367 Si
3439 1312 3517 1368 ab

159 1403 333 1464 πάντες
389 1403 438 1454 οἱ
495 1398 782 1472 θλιϐόμενοι
839 1395 1086 1450 δύνανται
1167 1395 1373 1468 ἆμέσως
1437 1395 1753 1469 ἐπαναστρέ-

1914 1388 2150 1462 piscopo
2171 1393 2374 1448 Graeco
2403 1393 2610 1467 aliqua
2630 1395 2970 1453 instituatur
2989 1400 3286 1454 accusatio
3305 1399 3515 1456 adver-

161 1511 280 1564 φειν.
313 1491 372 1544 Ei
437 1493 581 1563 παρὰ
627 1496 720 1540 τοῦ
775 1487 1062 1540 ἐπισκόπου
1127 1491 1351 1560 Γραικοῦ
1415 1487 1627 1556 γένηταί
1679 1502 1754 1543 τις

1916 1493 1973 1532 is
2007 1479 2279 1535 Latinum
2305 1480 2656 1554 episcopum
2685 1484 2746 1539 in
2778 1501 2848 1541 ea
2873 1485 3116 1542 dioecesi
3145 1487 3204 1542 in
3221 1504 3344 1560 qua
3367 1491 3517 1545 Grae-

157 1579 395 1653 ἓγκλησις
458 1581 594 1631 κατὰ
631 1586 722 1630 τοῦ
775 1580 999 1631 Λατίνου
1057 1574 1344 1628 ἐπισκόπου
1395 1574 1468 1634 εἰς
1517 1573 1577 1624 οὗ
1641 1570 1752 1624 ἕνο-

1914 1583 1972 1621 Js
1998 1573 2086 1624 est
2122 1569 2466 1642 episcopus,
2492 1571 2652 1638 inde,
2681 1589 2820 1630 cum
2833 1575 3156 1632 necessitas
3173 1577 3515 1648 postulave-

155 1674 268 1745 ρίαν
329 1672 357 1722 ό
417 1669 574 1730 αὐτὸς
669 1669 924 1738 τυγχάνει
1006 1667 1227 1739 Γραικὸς
1315 1661 1612 1732 ἑπισκοπος,
1709 1663 1752 1712 ιῖ

1864 1655 1958 1723 rit,
1990 1657 2068 1712 ad
2101 1658 2396 1714 Leucosiae
2425 1665 2766 1719 recurratur
2821 1663 3367 1738 archiepiscopum.

153 1779 213 1831 γε
266 1763 446 1835 χρεία,
519 1757 743 1809 ἐντεῦθεν
815 1754 1144 1830 ἆνατρεχέτω
1200 1758 1290 1805 καὶ
1346 1755 1476 1828 πρὸς
1531 1755 1614 1803 τὸν
1655 1755 1750 1812 τῆς

156 1854 444 1910 Λευκοσίας
479 1846 916 1921 ἂρχιεπίσκοπον.
1789 1845 1830 1899 Β

225 1943 296 2011 Τῇ
351 1940 593 2011 παρούσῃ
649 1955 704 1988 τε
760 1933 999 1996 Διατάξει
1080 1933 1392 2004 θεσπίζομεν
1445 1932 1528 1982 ἶνα
1579 1930 1628 1982 ἐν
1685 1937 1748 2002 τῇ

1933 1921 2216 1980 Praesenti
2245 1925 2360 1981 hac
2391 1927 2816 1988 Constitutione
2856 1930 3167 1991 sancimus
3195 1937 3263 1993 ut
3286 1931 3347 1993 in
3379 1931 3517 1996 civis

153 2025 294 2080 πόλει
332 2028 362 2085 ἣ
396 2024 444 2078 ἓν
472 2034 533 2098 τῇ
567 2021 737 2100 ἓνορίᾳ
787 2029 880 2076 τοῦ
939 2027 1164 2077 Λατίνου
1219 2018 1521 2096 ἀρχιερέως,
1582 2025 1753 2091 χωρὶς

1910 2015 1981 2066 tte
2019 2013 2110 2068 vel
2139 2013 2379 2071 dioecesi
2408 2015 2471 2072 in
2513 2032 2637 2090 qua
2685 2021 2992 2081 audientia
3038 2025 3233 2080 forum
3273 2027 3511 2084 actoris.

155 2125 246 2178 τῆς
308 2111 583 2188 διατριϐῆς
648 2099 754 2174 τῆς
815 2116 1108 2172 ἐπισκοπῆς
1159 2119 1258 2162 τῶν
1319 2113 1550 2183 Γραικῶν
1602 2109 1749 2160 καθέ-

1913 2099 1957 2155 el
1987 2101 2073 2157 rei
2102 2106 2191 2158 est
2220 2104 2409 2161 Latini
2437 2109 2760 2178 pontiﬁcis,
2803 2116 2969 2168 extra
3022 2113 3220 2172 locum
3282 2114 3345 2172 in
3392 2131 3514 2190 quo

161 2201 307 2280 δρας,
337 2201 448 2276 μεθ’
480 2201 541 2254 οὗ
570 2206 627 2254 τὸ
660 2200 1006 2275 ἀκροατήριον
1056 2202 1148 2252 τοῦ
1197 2198 1383 2271 ἐνόχου
1439 2197 1469 2255 ἣ
1525 2205 1617 2250 τοῦ
1671 2193 1752 2249 δι-

1913 2189 2224 2280 piscopalis
2255 2194 2590 2251 Graecorum
2621 2203 2940 2256 constituta
2959 2202 3132 2258 sedes
3157 2209 3267 2272 est,
3293 2205 3344 2261 si
3365 2189 3514 2278 quid

161 2293 325 2361 καίου,
382 2295 426 2344 εἴ
453 2290 550 2344 τιν’
606 2294 721 2364 ἔχει
776 2293 802 2342 ό
865 2292 1087 2364 Γραικὸς
1140 2286 1442 2354 ἐπίσκοπος,
1507 2290 1565 2338 τὸ
1622 2285 1750 2338 αύτό

1912 2293 2099 2334 uncus
2136 2279 2322 2336 habet
2357 2282 2701 2355 episcopus,
2734 2285 2814 2342 ab
2845 2301 2966 2345 uno
3006 2290 3345 2365 eodemque
3383 2293 3513 2352 foro

156 2382 312 2436 καὶὲν
345 2378 786 2454 διαγινωσκηται,
842 2385 930 2432 καὶ
983 2375 1149 2454 μηδὲν
1203 2377 1324 2430 οἴλλο
1385 2373 1515 2430 εἶναι
1572 2381 1750 2450 κριτή-

1912 2369 2354 2436 ignoscendum
2385 2387 2535 2439 esse,
2567 2388 2677 2429 nec
2734 2374 2903 2432 aliud
2959 2378 3293 2453 quodqiam
3323 2381 3513 2454 legiti-

152 2493 259 2546 ριον
296 2467 661 2532 δικαιοδοσίας
719 2467 1135 2544 διατεταγμένως
1188 2465 1236 2519 ἓν
1294 2473 1402 2529 τοῖς
1459 2471 1701 2541 Γραικοὶς
1733 2481 1746 2493 ⁸

1910 2471 2029 2510 tum
2060 2473 2187 2512 esse
2217 2458 2479 2516 tribunal
2494 2462 2646 2532 juris
2675 2461 2916 2520 dicendi
2953 2467 3193 2540 Graacis,
3227 2470 3342 2526 nisi
3363 2471 3511 2529 forte

155 2545 197 2615 εἰ
246 2565 421 2636 μήπως
474 2564 522 2613 ἕν
582 2579 684 2611 τινι
742 2557 996 2631 ἐκκλησίᾳ
1071 2561 1304 2632 Γραικῶν
1365 2561 1457 2608 τοῦ
1513 2558 1748 2608 τοιούτου

1911 2564 1920 2600 ι
1945 2545 2148 2619 aliqua
2177 2549 2519 2605 Graecorum
2550 2553 2814 2610 Ecclesia
2844 2555 3114 2626 ejusdem
3171 2561 3364 2634 regni,
3416 2566 3512 2618 vel

157 2633 385 2725 ῥηγάτου
415 2650 445 2708 ἦ
478 2645 651 2724 ἀρχιδ
656 2655 912 2721 ιακονικῇ,
944 2645 974 2706 ἦ
1024 2645 1150 2720 ἄλλῃ
1197 2644 1411 2718 ἐξουσίᾳ
1461 2643 1744 2716 ἐκπεπλεγ-

1911 2633 2347 2702 rchidiaconali,
2387 2639 2483 2695 vel
2507 2639 2624 2696 alia
2651 2647 2944 2714 potestate
2974 2645 3080 2702 rite
3111 2662 3148 2702 a
3216 2649 3512 2722 principio

155 2743 295 2813 μένον
351 2739 556 2812 ἔχουσα
606 2741 921 2812 τεταγμένως
1001 2741 1270 2811 κριτήριον
1327 2733 1490 2796 ἀκοῆς
1544 2731 1596 2795 ἐξ
1655 2732 1748 2806 ἀρ-

1912 2733 2207 2797 Lemptum
2232 2727 2551 2785 audlentiaa
2572 2731 2773 2788 forum
2795 2733 3087 2809 exititerit;
3112 2753 3150 2792 a
3177 2753 3300 2810 quo
3339 2738 3420 2795 ab
3441 2756 3513 2797 ea

153 2829 278 2902 χῆς,
312 2819 366 2892 ἐξ
421 2829 482 2881 οὗ
535 2826 636 2881 ἀπὸ
691 2834 782 2887 τῆς
836 2826 994 2887 αὐτῆς
1055 2823 1335 2886 ἐκκλησίας
1387 2826 1472 2876 τὸν
1530 2825 1748 2896 Γραικὸν

1909 2813 2118 2872 cclesia
2147 2815 2227 2871 ad
2255 2818 2524 2874 Graecum
2551 2817 2926 2894 episcopum,
2955 2828 3012 2880 et
3029 2825 3169 2882 hinc
3211 2829 3510 2900 gradatim

153 2919 456 2984 ἐπίσκοπον,
488 2917 578 2970 καὶ
615 2916 838 2969 ἐντεῦθεν
872 2917 1008 2968 κατά
1039 2913 1244 2987 βαθμὸν
1301 2913 1350 2965 οἰ
1401 2912 1560 2965 αὐτοῦ
1620 2913 1747 2963 ὑπο-

1908 2903 1964 2958 ιιὶ
1988 2903 2049 2959 in
2070 2905 2201 2976 ejus
2233 2911 2372 2962 sunt
2393 2907 2636 2976 ditione,
2664 2913 3146 2986 quotiescunque
3175 2915 3509 2988 hisaliquid

154 3013 452 3082 τεταγμένοι
514 3009 705 3060 ὁπόταν
759 3009 952 3058 τούτων
1011 3024 1058 3056 τι
1118 3006 1290 3056 ἔσεται
1338 3001 1745 3075 προκαλίσουσι.

1164 3023 1290 3056 τεται
1338 3001 1745 3075 προκαλέσουσι,
1857 2991 2185 3061 contigerit.
2221 3009 2284 3050 se
2316 2993 2765 3067 appellaverint.

220 3105 304 3169 Τῷ
361 3097 761 3172 ἁρχιεπισκόπῳ
817 3099 989 3170 μέντοι
1036 3099 1125 3147 καὶ
1181 3101 1289 3155 τοῖς
1343 3097 1588 3152 Λατίνοις
1639 3090 1747 3144 ἔπι-

1928 3079 2392 3154 Archiepiscopo
2424 3088 2480 3138 et
2505 3085 2804 3157 episcopis
2844 3089 3060 3144 Latinis
3099 3087 3177 3146 ad
3216 3092 3505 3148 canonice

153 3191 367 3249 σκόποις
395 3170 532 3259 -ύπὲρ
583 3188 926 3258 πταισμάτων
981 3185 1012 3243 ἦ
1069 3179 1310 3244 ἀδικιῶν,
1347 3187 1436 3233 καὶ
1489 3189 1586 3232 τῶν
1653 3179 1746 3230 αύ-

1901 3170 2349 3239 Dgnoscendum
2377 3171 2454 3228 de
2483 3173 2835 3232 criminibus
2853 3176 3036 3250 velinj
3049 3178 3188 3234 uriis
3203 3179 3502 3252 etjuribus

144 3286 243 3330 τῶν
281 3273 520 3346 δικαίων,
582 3284 680 3328 τῶν
740 3273 1025 3332 ἐκκλησιῶν
1081 3290 1136 3325 τε
1193 3270 1361 3322 αὐτῶν
1419 3268 1745 3341 επιμελητέον

1904 3258 2004 3314 )Sis
2036 3274 2283 3315 suarum
2315 3260 2733 3334 Ecclesiarum,
2756 3265 2819 3320 in
2847 3267 3088 3322 casibus
3116 3267 3232 3324 illis
3251 3276 3505 3342 potesta-

151 3375 430 3427 κανονικῶς
487 3365 538 3417 ἐν
611 3371 716 3426 τοῖς
773 3367 1014 3437 Γραικοίς
1064 3369 1164 3414 τῶν
1243 3358 1411 3412 αύτῶν
1463 3355 1654 3410 πόλεων
1714 3358 1743 3415 ἣ

1905 3363 1974 3403 ιω
2007 3349 2066 3403 in
2097 3351 2324 3405 Graacos
2341 3365 2581 3408 suarum
2597 3352 2900 3412 civitatum
2915 3356 3009 3413 vel
3019 3357 3352 3416 dimcesum
3372 3377 3506 3418 esse

148 3455 376 3533 ἐνοριῶν,
461 3453 508 3508 ἂν
591 3436 820 3516 ἐκείνοις
883 3460 986 3513 τοῖς
1071 3448 1384 3525 συμϐάμασι
1462 3453 1744 3533 προσήκειν

1900 3436 2157 3507 olumus,
2177 3437 2241 3494 in
2267 3437 2490 3511 quibus
2518 3440 2594 3497 de
2619 3441 2753 3514 jure
2782 3445 2932 3518 ipsis
2959 3446 3178 3503 Latinis
3199 3452 3501 3508 convenit.

150 3531 448 3622 βουλόμεθα
491 3549 585 3605 τήν
635 3543 874 3608 ἐξουσίαν
914 3541 962 3594 ἕν
1037 3544 1110 3604 οἷς
1184 3539 1362 3603 αὐτοῖς
1420 3536 1474 3591 ἐκ
1535 3531 1743 3590 δικαίου

144 3641 401 3712 προσήκει
430 3641 544 3701 τοῖς
571 3637 834 3700 Λατίνοις.

217 3748 356 3821 Πρὸς
404 3749 497 3806 τὴν
563 3742 783 3798 σύνοδον
837 3738 896 3797 δι
955 3751 1046 3797 τοῦ
1104 3745 1330 3799 Λατίνου
1389 3737 1677 3796 ἐπισκόπου
1721 3729 1745 3790 ὸ

1927 3723 2014 3791 Ad
2055 3727 2360 3810 synodum
2383 3728 2572 3794 Latini
2601 3731 2920 3812 episcOpus
2947 3734 3218 3798 Romans
3241 3741 3347 3816 qui
3371 3743 3500 3815 ejus

135 3817 393 3908 Ῥωμαῖος
431 3834 716 3898 ἐπίσκοπος
767 3834 816 3886 ἐν
861 3842 922 3908 τῇ
984 3834 1143 3887 αὐτοῦ
1201 3833 1372 3907 ἐνορίᾳ
1426 3835 1513 3885 τόν
1568 3833 1736 3906 Θρόνον

1899 3824 2096 3880 imcesi
2123 3825 2328 3881 sedem
2353 3831 2510 3882 tenet
2541 3828 2880 3901 episcopus,
2913 3844 2983 3885 ac
3003 3832 3224 3903 pariter
3249 3831 3500 3888 abbates

139 3925 302 3978 αὐτοῦ
341 3927 497 3998 ἔχων,
554 3921 694 3988 ἅπαξ
754 3931 845 3977 τοῦ
900 3923 1135 3976 ἐνιαυτοῦ
1187 3925 1318 3994 μετὰ
1366 3930 1467 3974 τῶν
1517 3924 1740 3994 ἡγουμέ-

1900 3913 2101 3985 iusque
2130 3913 2467 3970 sacerdotes
2497 3916 2840 3972 animarum
2861 3933 3070 3974 curam
3091 3919 3384 3975 habentes
3410 3937 3501 3976 se-

133 4031 236 4068 νων
288 4019 378 4068 καὶ
433 4024 533 4068 τῶν
606 4015 774 4088 ἱερέων
817 4015 998 4084 αὑτοῦ,
1048 4023 1146 4066 τῶν
1197 4018 1289 4072 τὴν
1343 4008 1596 4087 φροντίδα
1642 4021 1734 4064 τῶν

1899 4001 2045 4056 ιθιίῑι
2059 4018 2220 4058 anno
2245 4003 2517 4075 expedite
2539 4005 2848 4073 accedant,
2864 4011 2920 4062 et
2940 4007 3234 4079 synodica
3261 4009 3500 4066 decreta

133 4103 334 4176 ψυχῶν
399 4104 646 4178 ἑχόντων,
706 4111 974 4178 κρατεῖται
1048 4105 1332 4166 ἐνεπηκόως
1387 4107 1690 4178 συντρέχειν
1724 4117 1734 4134 ·

1898 4107 2008 4162 uae,
2039 4091 2254 4148 Graecis
2281 4092 2526 4165 quidem
2568 4093 2846 4148 institutis
2871 4095 3178 4152 catholicae
3207 4095 3347 4152 ﬁdei
3375 4113 3499 4154 non

133 4213 231 4244 και
260 4196 327 4246 τὰ
365 4192 618 4249 συνοδικὰ
675 4196 861 4246 τούτου
927 4195 1276 4268 θεσπίσμοιτει¹
1318 4191 1352 4244 ἃ
1405 4196 1580 4266 μέντοι
1630 4197 1734 4251 τοῖς

1895 4179 2347 4253 apugnantibus,
2382 4186 2439 4236 et
2458 4197 2493 4236 a
2515 4182 2727 4238 Graecis
2767 4184 3022 4254 receptis
3045 4184 3322 4242 Ecclesiis
3371 4203 3496 4244 non

131 4291 239 4335 τῶν
277 4287 507 4356 Γραικῶν
548 4285 687 4336 ἔθεσι
717 4288 789 4356 μὴ
831 4281 1082 4344 ἐναντίοις
1118 4291 1180 4356 τῇ
1235 4269 1482 4354 καθολικᾷ
1538 4285 1732 4346 πίστει,

1895 4269 2268 4338 dversantur,
2323 4271 2624 4343 suscipere
2672 4275 2728 4328 et
2781 4271 3099 4328 observare
3160 4280 3496 4334 teneantur.

130 4378 227 4426 καὶ
257 4371 313 4426 ἐκ
353 4383 445 4436 τῆς
501 4376 735 4447 Γραικῶν
790 4369 1098 4434 Ἐκκλησίας
1143 4371 1474 4446 ἀνεχομένοις
1526 4377 1598 4444 μὴ
1655 4369 1731 4422 ἁν‹

1899 4377 1926 4416 e
1955 4365 2154 4416 autem
2193 4359 2332 4414 dicti
2364 4360 2632 4432 episcopi
2671 4361 2855 4418 Graeci
2912 4379 2986 4419 ex
3009 4363 3191 4435 hujus
3221 4365 3500 4424 observa-

127 4462 452 4528 τιϐαίνουσι,
508 4460 784 4533 λαμϐάνειν
831 4478 884 4513 τε
933 4466 1023 4514 καὶ
1074 4462 1362 4533 φυλάττειν,
1417 4460 1527 4515 Ἵνα
1574 4457 1633 4514 δὲ
1663 4463 1728 4532 μὴ

1893 4466 2006 4506 one
2038 4449 2503 4516 Constitutionis,
2530 4466 2653 4524 qua
2677 4452 2757 4509 ad
2780 4452 3154 4526 episcopales
3181 4456 3360 4512 etiam
3389 4473 3494 4529 sy-

126 4555 184 4604 οἰ
208 4551 453 4626 ῥηθέντες
475 4552 689 4622 Γραικοὶ
741 4546 1017 4601 ἐπίσκοποι
1070 4547 1392 4624 βαρύνωντοι
1451 4547 1605 4624 βάρει
1658 4544 1727 4600 δι-

1892 4541 2042 4593 odos
2102 4538 2443 4594 Latinorum
2498 4540 2850 4610 pontiﬁcum
2876 4542 3158 4600 accedere
3197 4550 3493 4617 coguntur

124 4641 248 4711 πλῷ
276 4639 326 4690 ἄν
357 4645 429 4707 τῷ
471 4631 680 4690 δεῖσθαι
709 4639 912 4705 τούτοις
967 4639 1222 4710 ἔρχεσθαι
1275 4637 1332 4690 ἐκ
1360 4647 1453 4701 τῆς
1495 4641 1725 4695 τοιαύτηι

1885 4627 2072 4700 .uplici
2093 4641 2193 4698 gra
2207 4632 2415 4683 ventur
2429 4643 2627 4698 onere,
2657 4632 2974 4690 statuimus
2987 4632 3066 4688 ad
3078 4633 3486 4692 diaecesanam

127 4726 425 4791 διατάξεως
473 4725 710 4800 ὀφείλειν,
787 4729 875 4778 καὶ
929 4724 1002 4788 εἰς
1062 4729 1159 4789 τὰς
1201 4725 1549 4791 ἐπίσκοπικὰς
1593 4732 1728 4781 συνό·

1348 4731 1549 4791 ιοπιχάς
1593 4732 1742 4781 apud.
1852 4715 2157 4788 synodum
2177 4731 2280 4772 eos
2309 4733 2430 4773 non
2451 4732 2584 4775 esse
2624 4720 2949 4792 cogendos.

128 4815 260 4879 δους
287 4825 388 4870 τῶν
444 4815 726 4890 ἀρχιερέων
785 4819 1017 4869 Λατίνων
1069 4818 1286 4880 τούτους
1319 4819 1595 4892 ἔρχεσθαι,
1643 4815 1710 4878 εἰς
1747 4815 1842 4871 τὴν
1881 4812 1978 4866 τῆς
2006 4803 2270 4880 ἐπαρχίας
2308 4803 2528 4860 σύνοδον
2583 4811 2834 4882 τάττομεν
2884 4809 2979 4862 οὐκ
3017 4808 3495 4883 ἀναγκαζομένους,

206 4907 291 4962 Ἐν
341 4915 457 4970 ταῖς
514 4903 860 4981 ἐπιτηρήσεσι
939 4910 1115 4979 μέντοι
1187 4915 1287 4959 τῶν
1339 4911 1572 4982 Γραικῶν
1621 4906 1738 4959 ἑπι-

1921 4895 1986 4949 In
2011 4894 2329 4966 puniendis
2359 4912 2500 4953 vero
2521 4898 2735 4954 Graecis
2756 4898 3051 4970 episcOpis
3084 4901 3181 4952 vel
3202 4898 3262 4953 in
3283 4914 3495 4958 eorum

124 5001 365 5066 σκόπων,
412 4997 442 5054 ἠ
501 5005 600 5048 τῶν
651 4994 825 5060 οὖτοίς
871 4998 1313 5070 ὑποτεταγμένων,
1361 4997 1557 5056 ἐκείνην
1609 4993 1725 5071 βου-

1893 4984 2072 5040 itione
2119 4984 2474 5050 constitutis,
2505 4985 2787 5042 volumus
2813 4987 3046 5042 Latinos
3079 4987 3391 5059 pontiﬁces
3428 4993 3493 5048 in

120 5087 328 5160 λόμεθα
359 5087 500 5158 ἔχειν
529 5088 652 5146 τοὺς
711 5090 969 5148 Λατίνους
1005 5084 1272 5160 ἀρχιερεῖς
1301 5085 1349 5138 ἐν
1406 5093 1517 5147 ταῖς
1569 5081 1721 5138 ίδίαιι

1890 5074 1974 5130 uis
2002 5073 2334 5130 civitatibUS
2355 5079 2411 5130 et
2443 5073 2804 5131 dioecesibus
2831 5091 2966 5131 eam
2987 5076 3208 5132 habere
3235 5081 3491 5136 auctori-

118 5175 318 5230 πόλεσι
346 5179 436 5227 καὶ
493 5173 714 5250 ἕνορίαις
764 5179 858 5234 τὴν
910 5175 1170 5244 ἐξουσίαν,
1227 5175 1289 5235 ἣν
1342 5184 1415 5248 τῷ
1469 5194 1719 5250 μητροποι

1898 5167 2025 5218 .tem
2071 5178 2258 5234 quam
2305 5161 2698 5233 metropolitaa
2742 5163 2805 5218 in
2831 5165 3152 5236 puniendis
3211 5167 3334 5222 suis
3377 5170 3499 5230 suf.

117 5264 248 5338 λίτῃ
297 5265 348 5317 ἐν
376 5271 492 5326 ταῖς
549 5263 894 5337 ἐπιτηρήσεσι
948 5273 1048 5316 τῶν
1096 5265 1256 5318 αὐτοῦ
1314 5267 1594 5340 συνερίθων
1645 5272 1718 5318 κα

1894 5252 2146 5322 aganeis
2160 5250 2391 5322 sibique
2413 5250 2695 5320 subjectis
2717 5267 3022 5310 canonum
3038 5255 3375 5315 concedunt
3393 5259 3495 5333 de-

116 5364 230 5409 τῶν
311 5355 473 5408 αὐτοῦ
547 5355 791 5413 ὑπηκόων
869 5361 1259 5431 παραχωροῦσι
1343 5358 1412 5410 τὰ
1493 5357 1739 5410 κανανικὰ
1844 5343 2028 5396 creta-

121 5446 492 5520 θεσπίσματα.
1549 5495 1552 5498 .

195 5539 287 5608 Τῷ
342 5533 746 5611 ἀρχιεπισκόπῳ
801 5535 980 5612 μέντον
1028 5535 1118 5592 καὶ
1169 5539 1278 5603 τοῖς
1333 5539 1580 5607 Λατίνοις
1632 5534 1742 5597 ἐπιδ

1923 5535 2177 5612 Quando
2209 5533 2696 5616 archiepiscopus
2735 5547 2796 5602 et
2840 5544 3110 5621 episcopi
3157 5547 3342 5607 Latini
3388 5564 3492 5609 eas

120 5629 375 5698 σκόποις,
427 5626 550 5680 ὅταν
622 5630 817 5690 ταύτας
891 5631 987 5690 τὰς
1039 5627 1244 5706 ἕνορίας
1301 5634 1392 5693 τὰς
1455 5639 1575 5708 περὶ
1620 5638 1714 5688 τού

1892 5635 2134 5692 imaeue
2155 5635 2218 5690 in
2243 5633 2466 5708 quibus
2489 5633 2676 5691 Graeci
2703 5636 3044 5695 consistunt
3087 5653 3230 5696 cum
3273 5639 3493 5698 dioece-
