  <div class='ocr_page' id='page_1' title='image "/cluster/home/n/w/nwhite01/storage/ocr_20150623/140/hvd.32044073502551/893.png"; bbox 0 0 4054 6212; ppageno 0'>
   <div class='ocr_carea' id='block_1_1' title="bbox 618 304 748 367">
    <p class='ocr_par' dir='ltr' id='par_1_1' title="bbox 618 304 748 367">
     <span class='ocr_line' id='line_1_1' title="bbox 618 304 748 367; baseline 0.031 -4"><span class='ocrx_word' id='word_1_1' title='bbox 618 304 748 367; x_wconf 64' lang='grc'><strong>1581</strong></span> 
     </span>
    </p>
   </div>
   <div class='ocr_carea' id='block_1_2' title="bbox 2042 292 2549 364">
    <p class='ocr_par' dir='ltr' id='par_1_2' title="bbox 2042 292 2549 364">
     <span class='ocr_line' id='line_1_2' title="bbox 2042 292 2549 364; baseline 0 -3"><span class='ocrx_word' id='word_1_2' title='bbox 2042 295 2443 364; x_wconf 67' lang='lat' dir='ltr'><strong>ALEXANDRI</strong></span> <span class='ocrx_word' id='word_1_3' title='bbox 2479 292 2549 363; x_wconf 61' lang='lat' dir='ltr'><strong>IV</strong></span> 
     </span>
    </p>
   </div>
   <div class='ocr_carea' id='block_1_3' title="bbox 3745 322 3837 381">
    <p class='ocr_par' dir='ltr' id='par_1_3' title="bbox 3745 322 3837 381">
     <span class='ocr_line' id='line_1_3' title="bbox 3745 322 3837 381; baseline 0.054 -4"><span class='ocrx_word' id='word_1_4' title='bbox 3745 322 3837 381; x_wconf 69' lang='lat'><strong>1352</strong></span> 
     </span>
    </p>
   </div>
   <div class='ocr_carea' id='block_1_4' title="bbox 610 424 2235 509">
    <p class='ocr_par' dir='ltr' id='par_1_4' title="bbox 610 424 2235 504">
     <span class='ocr_line' id='line_1_4' title="bbox 610 424 2235 504; baseline -0.002 -15"><span class='ocrx_word' id='word_1_5' title='bbox 610 449 761 490; x_wconf 87' lang='lat' dir='ltr'><strong>sano</strong></span> <span class='ocrx_word' id='word_1_6' title='bbox 790 432 1012 490; x_wconf 87' lang='lat' dir='ltr'><strong>vicario</strong></span> <span class='ocrx_word' id='word_1_7' title='bbox 1031 433 1163 504; x_wconf 90' lang='lat' dir='ltr'><strong>jure</strong></span> <span class='ocrx_word' id='word_1_8' title='bbox 1196 427 1583 499; x_wconf 87' lang='lat' dir='ltr'><strong>visitaverint,</strong></span> <span class='ocrx_word' id='word_1_9' title='bbox 1606 424 1720 487; x_wconf 86' lang='lat' dir='ltr'><strong>hac</strong></span> <span class='ocrx_word' id='word_1_10' title='bbox 1745 432 1981 487; x_wconf 89' lang='lat' dir='ltr'><strong>servata</strong></span> <span class='ocrx_word' id='word_1_11' title='bbox 2010 428 2235 501; x_wconf 83' lang='lat' dir='ltr'><strong>justitia</strong></span> 
     </span>
    </p>
   </div>
   <div class='ocr_carea' id='block_1_5' title="bbox 2334 424 3837 509">
    <p class='ocr_par' dir='ltr' id='par_1_5' title="bbox 2369 430 3837 509">
     <span class='ocr_line' id='line_1_5' title="bbox 2369 430 3837 509; baseline 0.005 -27"><span class='ocrx_word' id='word_1_12' title='bbox 2369 435 2641 506; x_wconf 80' lang='grc' dir='ltr'><strong>Γραικοὺς,</strong></span> <span class='ocrx_word' id='word_1_13' title='bbox 2694 430 2822 504; x_wconf 81' lang='grc' dir='ltr'>μετὰ</span> <span class='ocrx_word' id='word_1_14' title='bbox 2871 437 2965 484; x_wconf 87' lang='grc' dir='ltr'>τοῦ</span> <span class='ocrx_word' id='word_1_15' title='bbox 3045 435 3138 494; x_wconf 72' lang='grc' dir='ltr'>τῆς</span> <span class='ocrx_word' id='word_1_16' title='bbox 3186 431 3374 509; x_wconf 84' lang='grc' dir='ltr'>ἐνορίας</span> <span class='ocrx_word' id='word_1_17' title='bbox 3442 431 3625 492; x_wconf 85' lang='grc' dir='ltr'>δικαίου</span> <span class='ocrx_word' id='word_1_18' title='bbox 3694 442 3837 502; x_wconf 59' lang='lat' dir='ltr'><strong>istest.</strong></span> 
     </span>
    </p>
   </div>
   <div class='ocr_carea' id='block_1_6' title="bbox 609 519 2252 595">
    <p class='ocr_par' dir='ltr' id='par_1_6' title="bbox 609 519 2252 595">
     <span class='ocr_line' id='line_1_6' title="bbox 609 519 2252 595; baseline -0.001 -17"><span class='ocrx_word' id='word_1_19' title='bbox 609 539 893 579; x_wconf 82' lang='lat' dir='ltr'><strong>mensura</strong></span> <span class='ocrx_word' id='word_1_20' title='bbox 914 521 1199 595; x_wconf 82' lang='lat' dir='ltr'><strong>pecunias</strong></span> <span class='ocrx_word' id='word_1_21' title='bbox 1220 539 1257 579; x_wconf 91' lang='lat' dir='ltr'><strong>a</strong></span> <span class='ocrx_word' id='word_1_22' title='bbox 1277 521 1576 595; x_wconf 89' lang='lat' dir='ltr'><strong>parochiis</strong></span> <span class='ocrx_word' id='word_1_23' title='bbox 1605 519 1932 591; x_wconf 80' lang='lat' dir='ltr'><strong>exigendas</strong></span> <span class='ocrx_word' id='word_1_24' title='bbox 1949 535 2083 577; x_wconf 86' lang='lat' dir='ltr'><strong>esse</strong></span> <span class='ocrx_word' id='word_1_25' title='bbox 2104 535 2252 592; x_wconf 86' lang='lat' dir='ltr'><strong>pro-</strong></span> 
     </span>
    </p>
   </div>
   <div class='ocr_carea' id='block_1_7' title="bbox 609 609 2256 685">
    <p class='ocr_par' dir='ltr' id='par_1_7' title="bbox 609 609 2256 685">
     <span class='ocr_line' id='line_1_7' title="bbox 609 609 2256 685; baseline -0.001 -18"><span class='ocrx_word' id='word_1_26' title='bbox 609 612 995 669; x_wconf 88' lang='lat' dir='ltr'><strong>nuntiamus:</strong></span> <span class='ocrx_word' id='word_1_27' title='bbox 1030 611 1315 667; x_wconf 84' lang='lat' dir='ltr'><strong>nimirum</strong></span> <span class='ocrx_word' id='word_1_28' title='bbox 1338 611 1465 685; x_wconf 91' lang='lat' dir='ltr'><strong>ipse</strong></span> <span class='ocrx_word' id='word_1_29' title='bbox 1497 610 1980 683; x_wconf 85' lang='lat' dir='ltr'><strong>archiepiscopus</strong></span> <span class='ocrx_word' id='word_1_30' title='bbox 2005 626 2041 667; x_wconf 88' lang='lat' dir='ltr'><strong>a</strong></span> <span class='ocrx_word' id='word_1_31' title='bbox 2079 609 2256 682; x_wconf 88' lang='lat' dir='ltr'><strong>quin-</strong></span> 
     </span>
    </p>
   </div>
   <div class='ocr_carea' id='block_1_8' title="bbox 606 699 2257 774">
    <p class='ocr_par' dir='ltr' id='par_1_8' title="bbox 606 699 2257 774">
     <span class='ocr_line' id='line_1_8' title="bbox 606 699 2257 774; baseline -0.001 -17"><span class='ocrx_word' id='word_1_32' title='bbox 606 718 725 774; x_wconf 85' lang='lat' dir='ltr'><strong>que</strong></span> <span class='ocrx_word' id='word_1_33' title='bbox 756 704 986 757; x_wconf 89' lang='lat' dir='ltr'><strong>tantum</strong></span> <span class='ocrx_word' id='word_1_34' title='bbox 1016 701 1313 773; x_wconf 85' lang='lat' dir='ltr'><strong>parochiis</strong></span> <span class='ocrx_word' id='word_1_35' title='bbox 1343 701 1537 771; x_wconf 82' lang='lat' dir='ltr'><strong>exiget</strong></span> <span class='ocrx_word' id='word_1_36' title='bbox 1572 719 1583 757; x_wconf 89' lang='lat'><strong>:</strong></span> <span class='ocrx_word' id='word_1_37' title='bbox 1622 699 1809 772; x_wconf 84' lang='lat' dir='ltr'><strong>Paphi</strong></span> <span class='ocrx_word' id='word_1_38' title='bbox 1846 699 2170 772; x_wconf 90' lang='lat' dir='ltr'><strong>episcopus</strong></span> <span class='ocrx_word' id='word_1_39' title='bbox 2220 713 2257 755; x_wconf 89' lang='lat' dir='ltr'><strong>a</strong></span> 
     </span>
    </p>
   </div>
   <div class='ocr_carea' id='block_1_9' title="bbox 607 789 2258 863">
    <p class='ocr_par' dir='ltr' id='par_1_9' title="bbox 607 789 2258 863">
     <span class='ocr_line' id='line_1_9' title="bbox 607 789 2258 863; baseline 0 -18"><span class='ocrx_word' id='word_1_40' title='bbox 607 797 880 863; x_wconf 79' lang='lat' dir='ltr'><strong>quatuor,</strong></span> <span class='ocrx_word' id='word_1_41' title='bbox 906 793 1319 862; x_wconf 78' lang='lat' dir='ltr'><strong>Famaugustee</strong></span> <span class='ocrx_word' id='word_1_42' title='bbox 1343 808 1377 847; x_wconf 89' lang='lat' dir='ltr'><strong>a</strong></span> <span class='ocrx_word' id='word_1_43' title='bbox 1404 791 1613 854; x_wconf 84' lang='lat' dir='ltr'><strong>tribus,</strong></span> <span class='ocrx_word' id='word_1_44' title='bbox 1641 794 1698 847; x_wconf 88' lang='lat' dir='ltr'><strong>et</strong></span> <span class='ocrx_word' id='word_1_45' title='bbox 1725 789 1959 846; x_wconf 88' lang='lat' dir='ltr'><strong>Nemesi</strong></span> <span class='ocrx_word' id='word_1_46' title='bbox 1992 789 2258 846; x_wconf 83' lang='lat' dir='ltr'><strong>similiter</strong></span> 
     </span>
    </p>
   </div>
   <div class='ocr_carea' id='block_1_10' title="bbox 607 877 2258 952">
    <p class='ocr_par' dir='ltr' id='par_1_10' title="bbox 607 877 2258 952">
     <span class='ocr_line' id='line_1_10' title="bbox 607 877 2258 952; baseline -0.001 -16"><span class='ocrx_word' id='word_1_47' title='bbox 607 896 644 936; x_wconf 86' lang='lat' dir='ltr'><strong>a</strong></span> <span class='ocrx_word' id='word_1_48' title='bbox 665 877 869 935; x_wconf 86' lang='lat' dir='ltr'><strong>tribus.</strong></span> <span class='ocrx_word' id='word_1_49' title='bbox 896 881 1042 935; x_wconf 84' lang='lat' dir='ltr'><strong>Eam</strong></span> <span class='ocrx_word' id='word_1_50' title='bbox 1075 885 1275 936; x_wconf 91' lang='lat' dir='ltr'><strong>autem</strong></span> <span class='ocrx_word' id='word_1_51' title='bbox 1306 880 1627 952; x_wconf 83' lang='lat' dir='ltr'><strong>pecuniam</strong></span> <span class='ocrx_word' id='word_1_52' title='bbox 1654 895 1691 935; x_wconf 92' lang='lat' dir='ltr'><strong>a</strong></span> <span class='ocrx_word' id='word_1_53' title='bbox 1712 879 1925 936; x_wconf 72' lang='lat' dir='ltr'><strong>Graecis</strong></span> <span class='ocrx_word' id='word_1_54' title='bbox 1956 896 2081 935; x_wconf 69' lang='lat' dir='ltr'><strong>suae</strong></span> <span class='ocrx_word' id='word_1_55' title='bbox 2110 878 2258 935; x_wconf 73' lang='lat' dir='ltr'><strong>dia:-</strong></span> 
     </span>
    </p>
   </div>
   <div class='ocr_carea' id='block_1_11' title="bbox 607 967 2254 1041">
    <p class='ocr_par' dir='ltr' id='par_1_11' title="bbox 607 967 2254 1041">
     <span class='ocr_line' id='line_1_11' title="bbox 607 967 2254 1041; baseline 0 -17"><span class='ocrx_word' id='word_1_56' title='bbox 607 968 757 1024; x_wconf 87' lang='lat' dir='ltr'><strong>cesis</strong></span> <span class='ocrx_word' id='word_1_57' title='bbox 783 972 837 1023; x_wconf 91' lang='lat' dir='ltr'><strong>et</strong></span> <span class='ocrx_word' id='word_1_58' title='bbox 858 967 1157 1040; x_wconf 74' lang='lat' dir='ltr'><strong>parochias</strong></span> <span class='ocrx_word' id='word_1_59' title='bbox 1206 968 1456 1039; x_wconf 80' lang='lat' dir='ltr'><strong>singulis</strong></span> <span class='ocrx_word' id='word_1_60' title='bbox 1508 967 1807 1041; x_wconf 83' lang='lat' dir='ltr'><strong>accipiant</strong></span> <span class='ocrx_word' id='word_1_61' title='bbox 1852 968 2052 1025; x_wconf 90' lang='lat' dir='ltr'><strong>annis.</strong></span> <span class='ocrx_word' id='word_1_62' title='bbox 2120 967 2254 1025; x_wconf 88' lang='lat' dir='ltr'><strong>Sin-</strong></span> 
     </span>
    </p>
   </div>
   <div class='ocr_carea' id='block_1_12' title="bbox 606 1056 2255 1130">
    <p class='ocr_par' dir='ltr' id='par_1_12' title="bbox 606 1056 2255 1130">
     <span class='ocr_line' id='line_1_12' title="bbox 606 1056 2255 1130; baseline 0.001 -18"><span class='ocrx_word' id='word_1_63' title='bbox 606 1056 763 1128; x_wconf 76' lang='lat' dir='ltr'><strong>gulae</strong></span> <span class='ocrx_word' id='word_1_64' title='bbox 774 1072 915 1112; x_wconf 88' lang='lat' dir='ltr'><strong>vero</strong></span> <span class='ocrx_word' id='word_1_65' title='bbox 926 1056 1225 1129; x_wconf 60' lang='lat' dir='ltr'><strong>parochias</strong></span> <span class='ocrx_word' id='word_1_66' title='bbox 1239 1074 1533 1115; x_wconf 87' lang='lat' dir='ltr'><strong>summam</strong></span> <span class='ocrx_word' id='word_1_67' title='bbox 1550 1056 1860 1130; x_wconf 62' lang='lat' dir='ltr'><strong>praebeant</strong></span> <span class='ocrx_word' id='word_1_68' title='bbox 1871 1057 2110 1128; x_wconf 90' lang='lat' dir='ltr'><strong>triginta</strong></span> <span class='ocrx_word' id='word_1_69' title='bbox 2121 1056 2255 1114; x_wconf 87' lang='lat' dir='ltr'><strong>soli-</strong></span> 
     </span>
    </p>
   </div>
   <div class='ocr_carea' id='block_1_13' title="bbox 606 1145 2253 1220">
    <p class='ocr_par' dir='ltr' id='par_1_13' title="bbox 606 1145 2253 1220">
     <span class='ocr_line' id='line_1_13' title="bbox 606 1145 2253 1220; baseline 0.001 -19"><span class='ocrx_word' id='word_1_70' title='bbox 606 1145 823 1201; x_wconf 93' lang='lat' dir='ltr'><strong>dorum</strong></span> <span class='ocrx_word' id='word_1_71' title='bbox 839 1145 1236 1203; x_wconf 88' lang='lat' dir='ltr'><strong>tornesiorum</strong></span> <span class='ocrx_word' id='word_1_72' title='bbox 1250 1147 1373 1203; x_wconf 90' lang='lat' dir='ltr'><strong>sive</strong></span> <span class='ocrx_word' id='word_1_73' title='bbox 1385 1145 1626 1203; x_wconf 92' lang='lat' dir='ltr'><strong>totidem</strong></span> <span class='ocrx_word' id='word_1_74' title='bbox 1638 1147 1972 1220; x_wconf 84' lang='lat' dir='ltr'><strong>byzantios,</strong></span> <span class='ocrx_word' id='word_1_75' title='bbox 2000 1146 2105 1218; x_wconf 87' lang='lat' dir='ltr'><strong>qui</strong></span> <span class='ocrx_word' id='word_1_76' title='bbox 2129 1161 2253 1203; x_wconf 90' lang='lat' dir='ltr'><strong>non</strong></span> 
     </span>
    </p>
   </div>
   <div class='ocr_carea' id='block_1_14' title="bbox 604 1236 2253 1310">
    <p class='ocr_par' dir='ltr' id='par_1_14' title="bbox 604 1236 2253 1310">
     <span class='ocr_line' id='line_1_14' title="bbox 604 1236 2253 1310; baseline 0.001 -18"><span class='ocrx_word' id='word_1_77' title='bbox 604 1241 980 1309; x_wconf 82' lang='lat' dir='ltr'><strong>exsuperent,</strong></span> <span class='ocrx_word' id='word_1_78' title='bbox 1011 1236 1115 1293; x_wconf 89' lang='lat' dir='ltr'><strong>sed</strong></span> <span class='ocrx_word' id='word_1_79' title='bbox 1136 1253 1272 1294; x_wconf 89' lang='lat' dir='ltr'><strong>eam</strong></span> <span class='ocrx_word' id='word_1_80' title='bbox 1292 1242 1609 1310; x_wconf 72' lang='lat' dir='ltr'><strong>exaequent</strong></span> <span class='ocrx_word' id='word_1_81' title='bbox 1626 1242 1896 1310; x_wconf 87' lang='lat' dir='ltr'><strong>quotam.</strong></span> <span class='ocrx_word' id='word_1_82' title='bbox 1934 1236 2088 1293; x_wconf 86' lang='lat' dir='ltr'><strong>Licet</strong></span> <span class='ocrx_word' id='word_1_83' title='bbox 2108 1252 2253 1294; x_wconf 85' lang='lat' dir='ltr'><strong>sane</strong></span> 
     </span>
    </p>
   </div>
   <div class='ocr_carea' id='block_1_15' title="bbox 604 1325 2254 1400">
    <p class='ocr_par' dir='ltr' id='par_1_15' title="bbox 604 1325 2254 1400">
     <span class='ocr_line' id='line_1_15' title="bbox 604 1325 2254 1400; baseline 0.001 -18"><span class='ocrx_word' id='word_1_84' title='bbox 604 1326 1029 1399; x_wconf 87' lang='lat' dir='ltr'><strong>parochiarnm</strong></span> <span class='ocrx_word' id='word_1_85' title='bbox 1050 1343 1368 1384; x_wconf 89' lang='lat' dir='ltr'><strong>numerum</strong></span> <span class='ocrx_word' id='word_1_86' title='bbox 1391 1343 1527 1400; x_wconf 67' lang='lat' dir='ltr'><strong>qua:</strong></span> <span class='ocrx_word' id='word_1_87' title='bbox 1544 1327 1771 1384; x_wconf 88' lang='lat' dir='ltr'><strong>ratione</strong></span> <span class='ocrx_word' id='word_1_88' title='bbox 1781 1326 2127 1384; x_wconf 87' lang='lat' dir='ltr'><strong>visitationis</strong></span> <span class='ocrx_word' id='word_1_89' title='bbox 2142 1325 2254 1385; x_wconf 90' lang='lat' dir='ltr'><strong>sol-</strong></span> 
     </span>
    </p>
   </div>
   <div class='ocr_carea' id='block_1_16' title="bbox 601 1419 2252 1490">
    <p class='ocr_par' dir='ltr' id='par_1_16' title="bbox 601 1419 2252 1490">
     <span class='ocr_line' id='line_1_16' title="bbox 601 1419 2252 1490; baseline 0.001 -19"><span class='ocrx_word' id='word_1_90' title='bbox 601 1431 743 1472; x_wconf 90' lang='lat' dir='ltr'><strong>vere</strong></span> <span class='ocrx_word' id='word_1_91' title='bbox 772 1421 1068 1487; x_wconf 90' lang='lat' dir='ltr'><strong>tenentur,</strong></span> <span class='ocrx_word' id='word_1_92' title='bbox 1101 1420 1325 1473; x_wconf 87' lang='lat' dir='ltr'><strong>attenta</strong></span> <span class='ocrx_word' id='word_1_93' title='bbox 1362 1419 1743 1474; x_wconf 71' lang='lat' dir='ltr'><strong>Romaeorum</strong></span> <span class='ocrx_word' id='word_1_94' title='bbox 1776 1421 2147 1490; x_wconf 86' lang='lat' dir='ltr'><strong>paupertate,</strong></span> <span class='ocrx_word' id='word_1_95' title='bbox 2180 1433 2252 1474; x_wconf 86' lang='lat' dir='ltr'><strong>ex</strong></span> 
     </span>
    </p>
   </div>
   <div class='ocr_carea' id='block_1_17' title="bbox 602 1504 2251 1577">
    <p class='ocr_par' dir='ltr' id='par_1_17' title="bbox 602 1504 2251 1577">
     <span class='ocr_line' id='line_1_17' title="bbox 602 1504 2251 1577; baseline 0.002 -16"><span class='ocrx_word' id='word_1_96' title='bbox 602 1504 974 1562; x_wconf 87' lang='lat' dir='ltr'><strong>misericordi</strong></span> <span class='ocrx_word' id='word_1_97' title='bbox 1006 1505 1348 1577; x_wconf 86' lang='lat' dir='ltr'><strong>provisione</strong></span> <span class='ocrx_word' id='word_1_98' title='bbox 1378 1506 1461 1563; x_wconf 90' lang='lat' dir='ltr'><strong>ita</strong></span> <span class='ocrx_word' id='word_1_99' title='bbox 1490 1506 1857 1562; x_wconf 88' lang='lat' dir='ltr'><strong>mediocrem</strong></span> <span class='ocrx_word' id='word_1_100' title='bbox 1887 1521 2018 1562; x_wconf 87' lang='lat' dir='ltr'><strong>esse</strong></span> <span class='ocrx_word' id='word_1_101' title='bbox 2047 1507 2251 1566; x_wconf 80' lang='lat' dir='ltr'><strong>decre-</strong></span> 
     </span>
    </p>
   </div>
   <div class='ocr_carea' id='block_1_18' title="bbox 600 1594 2252 1671">
    <p class='ocr_par' dir='ltr' id='par_1_18' title="bbox 600 1594 2252 1671">
     <span class='ocr_line' id='line_1_18' title="bbox 600 1594 2252 1671; baseline 0.002 -21"><span class='ocrx_word' id='word_1_102' title='bbox 600 1594 887 1663; x_wconf 85' lang='lat' dir='ltr'><strong>verimus,</strong></span> <span class='ocrx_word' id='word_1_103' title='bbox 914 1595 1206 1667; x_wconf 88' lang='lat' dir='ltr'><strong>quoniam</strong></span> <span class='ocrx_word' id='word_1_104' title='bbox 1237 1610 1375 1651; x_wconf 91' lang='lat' dir='ltr'><strong>vero</strong></span> <span class='ocrx_word' id='word_1_105' title='bbox 1397 1594 1615 1651; x_wconf 79' lang='lat' dir='ltr'><strong>Latinis</strong></span> <span class='ocrx_word' id='word_1_106' title='bbox 1652 1594 1899 1668; x_wconf 87' lang='lat' dir='ltr'><strong>quidem</strong></span> <span class='ocrx_word' id='word_1_107' title='bbox 1950 1596 2252 1671; x_wconf 85' lang='lat' dir='ltr'><strong>episcopis</strong></span> 
     </span>
    </p>
   </div>
   <div class='ocr_carea' id='block_1_19' title="bbox 602 1682 2249 1743">
    <p class='ocr_par' dir='ltr' id='par_1_19' title="bbox 602 1682 2249 1743">
     <span class='ocr_line' id='line_1_19' title="bbox 602 1682 2249 1743; baseline 0.004 -6"><span class='ocrx_word' id='word_1_108' title='bbox 602 1698 850 1739; x_wconf 89' lang='lat' dir='ltr'><strong>suarum</strong></span> <span class='ocrx_word' id='word_1_109' title='bbox 882 1683 1284 1739; x_wconf 85' lang='lat' dir='ltr'><strong>Ecclesiarum</strong></span> <span class='ocrx_word' id='word_1_110' title='bbox 1321 1682 1487 1740; x_wconf 91' lang='lat' dir='ltr'><strong>bona</strong></span> <span class='ocrx_word' id='word_1_111' title='bbox 1523 1683 1658 1741; x_wconf 91' lang='lat' dir='ltr'><strong>ideo</strong></span> <span class='ocrx_word' id='word_1_112' title='bbox 1704 1683 1917 1741; x_wconf 89' lang='lat' dir='ltr'><strong>tradita</strong></span> <span class='ocrx_word' id='word_1_113' title='bbox 1946 1687 2249 1743; x_wconf 87' lang='lat' dir='ltr'><strong>suntutin</strong></span> 
     </span>
    </p>
   </div>
   <div class='ocr_carea' id='block_1_20' title="bbox 602 1764 2235 1845">
    <p class='ocr_par' dir='ltr' id='par_1_20' title="bbox 602 1770 2235 1845">
     <span class='ocr_line' id='line_1_20' title="bbox 602 1770 2235 1845; baseline 0.004 -19"><span class='ocrx_word' id='word_1_114' title='bbox 602 1770 748 1843; x_wconf 90' lang='lat' dir='ltr'><strong>ipsis</strong></span> <span class='ocrx_word' id='word_1_115' title='bbox 767 1770 1039 1828; x_wconf 90' lang='lat' dir='ltr'><strong>debitum</strong></span> <span class='ocrx_word' id='word_1_116' title='bbox 1055 1771 1363 1828; x_wconf 87' lang='lat' dir='ltr'><strong>ministerii</strong></span> <span class='ocrx_word' id='word_1_117' title='bbox 1379 1788 1589 1829; x_wconf 91' lang='lat' dir='ltr'><strong>eorum</strong></span> <span class='ocrx_word' id='word_1_118' title='bbox 1608 1788 1829 1829; x_wconf 90' lang='lat' dir='ltr'><strong>munus</strong></span> <span class='ocrx_word' id='word_1_119' title='bbox 1846 1773 2093 1845; x_wconf 81' lang='lat' dir='ltr'><strong>integre,</strong></span> <span class='ocrx_word' id='word_1_120' title='bbox 2110 1791 2235 1832; x_wconf 87' lang='lat' dir='ltr'><strong>cum</strong></span> 
     </span>
    </p>
   </div>
   <div class='ocr_carea' id='block_1_21' title="bbox 2334 1764 2773 1845">
    <p class='ocr_par' dir='ltr' id='par_1_21' title="bbox 2359 1764 2773 1837">
     <span class='ocr_line' id='line_1_21' title="bbox 2359 1764 2773 1837; baseline 0 -20"><span class='ocrx_word' id='word_1_121' title='bbox 2359 1764 2525 1818; x_wconf 80' lang='grc' dir='ltr'>αύτῶν</span> <span class='ocrx_word' id='word_1_122' title='bbox 2596 1764 2773 1837; x_wconf 74' lang='grc' dir='ltr'>ἁγαθὰ</span> 
     </span>
    </p>
   </div>
   <div class='ocr_carea' id='block_1_22' title="bbox 600 1859 2246 1934">
    <p class='ocr_par' dir='ltr' id='par_1_22' title="bbox 600 1859 2246 1934">
     <span class='ocr_line' id='line_1_22' title="bbox 600 1859 2246 1934; baseline 0.003 -18"><span class='ocrx_word' id='word_1_123' title='bbox 600 1874 845 1917; x_wconf 90' lang='lat' dir='ltr'><strong>necesse</strong></span> <span class='ocrx_word' id='word_1_124' title='bbox 874 1859 1068 1928; x_wconf 87' lang='lat' dir='ltr'><strong>fuerit,</strong></span> <span class='ocrx_word' id='word_1_125' title='bbox 1096 1859 1333 1934; x_wconf 85' lang='lat' dir='ltr'><strong>explere</strong></span> <span class='ocrx_word' id='word_1_126' title='bbox 1379 1861 1639 1931; x_wconf 87' lang='lat' dir='ltr'><strong>valeant,</strong></span> <span class='ocrx_word' id='word_1_127' title='bbox 1691 1861 1740 1917; x_wconf 91' lang='lat' dir='ltr'><strong>si</strong></span> <span class='ocrx_word' id='word_1_128' title='bbox 1786 1863 2109 1921; x_wconf 83' lang='lat' dir='ltr'><strong>necessitas</strong></span> <span class='ocrx_word' id='word_1_129' title='bbox 2155 1880 2246 1921; x_wconf 88' lang='lat' dir='ltr'><strong>or-</strong></span> 
     </span>
    </p>
   </div>
   <div class='ocr_carea' id='block_1_23' title="bbox 601 1947 2245 2026">
    <p class='ocr_par' dir='ltr' id='par_1_23' title="bbox 601 1947 2245 2026">
     <span class='ocr_line' id='line_1_23' title="bbox 601 1947 2245 2026; baseline 0.005 -24"><span class='ocrx_word' id='word_1_130' title='bbox 601 1947 879 2006; x_wconf 69' lang='lat' dir='ltr'><strong>thodoxae</strong></span> <span class='ocrx_word' id='word_1_131' title='bbox 899 1947 1041 2006; x_wconf 84' lang='lat' dir='ltr'><strong>ﬁdei</strong></span> <span class='ocrx_word' id='word_1_132' title='bbox 1060 1947 1154 2005; x_wconf 87' lang='lat' dir='ltr'><strong>vel</strong></span> <span class='ocrx_word' id='word_1_133' title='bbox 1172 1948 1527 2007; x_wconf 69' lang='lat' dir='ltr'><strong>obedientiaa</strong></span> <span class='ocrx_word' id='word_1_134' title='bbox 1546 1950 1959 2023; x_wconf 86' lang='lat' dir='ltr'><strong>promptitudo</strong></span> <span class='ocrx_word' id='word_1_135' title='bbox 1979 1967 2115 2026; x_wconf 70' lang='lat' dir='ltr'><strong>quae</strong></span> <span class='ocrx_word' id='word_1_136' title='bbox 2133 1956 2245 2010; x_wconf 82' lang='lat' dir='ltr'><strong>Ro-</strong></span> 
     </span>
    </p>
   </div>
   <div class='ocr_carea' id='block_1_24' title="bbox 598 2036 2252 2116">
    <p class='ocr_par' dir='ltr' id='par_1_24' title="bbox 598 2036 2252 2116">
     <span class='ocr_line' id='line_1_24' title="bbox 598 2036 2252 2116; baseline 0.004 -23"><span class='ocrx_word' id='word_1_137' title='bbox 598 2053 794 2095; x_wconf 70' lang='lat' dir='ltr'><strong>mana:</strong></span> <span class='ocrx_word' id='word_1_138' title='bbox 817 2036 1071 2094; x_wconf 88' lang='lat' dir='ltr'><strong>debetur</strong></span> <span class='ocrx_word' id='word_1_139' title='bbox 1096 2038 1393 2106; x_wconf 64' lang='lat' dir='ltr'><strong>Ecclesiae,</strong></span> <span class='ocrx_word' id='word_1_140' title='bbox 1420 2039 1515 2096; x_wconf 88' lang='lat' dir='ltr'><strong>vel</strong></span> <span class='ocrx_word' id='word_1_141' title='bbox 1537 2056 1776 2097; x_wconf 89' lang='lat' dir='ltr'><strong>morum</strong></span> <span class='ocrx_word' id='word_1_142' title='bbox 1805 2040 2124 2114; x_wconf 88' lang='lat' dir='ltr'><strong>disciplina</strong></span> <span class='ocrx_word' id='word_1_143' title='bbox 2146 2057 2252 2116; x_wconf 84' lang='lat' dir='ltr'><strong>pe-</strong></span> 
     </span>
    </p>
   </div>
   <div class='ocr_carea' id='block_1_25' title="bbox 596 2126 2239 2201">
    <p class='ocr_par' dir='ltr' id='par_1_25' title="bbox 596 2126 2239 2201">
     <span class='ocr_line' id='line_1_25' title="bbox 596 2126 2239 2201; baseline 0.004 -20"><span class='ocrx_word' id='word_1_144' title='bbox 596 2126 916 2199; x_wconf 87' lang='lat' dir='ltr'><strong>stulaverit,</strong></span> <span class='ocrx_word' id='word_1_145' title='bbox 974 2126 1197 2201; x_wconf 90' lang='lat' dir='ltr'><strong>pluries</strong></span> <span class='ocrx_word' id='word_1_146' title='bbox 1244 2128 1410 2201; x_wconf 89' lang='lat' dir='ltr'><strong>ipsos</strong></span> <span class='ocrx_word' id='word_1_147' title='bbox 1459 2130 1691 2186; x_wconf 67' lang='lat' dir='ltr'><strong>Graecos</strong></span> <span class='ocrx_word' id='word_1_148' title='bbox 1726 2144 1855 2186; x_wconf 89' lang='lat' dir='ltr'><strong>esse</strong></span> <span class='ocrx_word' id='word_1_149' title='bbox 1885 2130 2239 2199; x_wconf 88' lang='lat' dir='ltr'><strong>visitandos,</strong></span> 
     </span>
    </p>
   </div>
   <div class='ocr_carea' id='block_1_26' title="bbox 591 2215 2245 2290">
    <p class='ocr_par' dir='ltr' id='par_1_26' title="bbox 591 2215 2245 2290">
     <span class='ocr_line' id='line_1_26' title="bbox 591 2215 2245 2290; baseline 0.003 -17"><span class='ocrx_word' id='word_1_150' title='bbox 591 2215 894 2287; x_wconf 88' lang='lat' dir='ltr'><strong>volumus,</strong></span> <span class='ocrx_word' id='word_1_151' title='bbox 920 2232 1043 2290; x_wconf 93' lang='lat' dir='ltr'><strong>quo</strong></span> <span class='ocrx_word' id='word_1_152' title='bbox 1071 2217 1199 2273; x_wconf 89' lang='lat' dir='ltr'><strong>sine</strong></span> <span class='ocrx_word' id='word_1_153' title='bbox 1235 2217 1359 2274; x_wconf 91' lang='lat' dir='ltr'><strong>ullo</strong></span> <span class='ocrx_word' id='word_1_154' title='bbox 1391 2218 1735 2276; x_wconf 89' lang='lat' dir='ltr'><strong>Latinorum</strong></span> <span class='ocrx_word' id='word_1_155' title='bbox 1782 2220 2135 2290; x_wconf 87' lang='lat' dir='ltr'><strong>gravamine</strong></span> <span class='ocrx_word' id='word_1_156' title='bbox 2159 2220 2245 2278; x_wconf 82' lang='lat' dir='ltr'><strong>vi-</strong></span> 
     </span>
    </p>
   </div>
   <div class='ocr_carea' id='block_1_27' title="bbox 589 2305 2242 2384">
    <p class='ocr_par' dir='ltr' id='par_1_27' title="bbox 589 2305 2242 2384">
     <span class='ocr_line' id='line_1_27' title="bbox 589 2305 2242 2384; baseline 0.004 -23"><span class='ocrx_word' id='word_1_157' title='bbox 589 2305 881 2364; x_wconf 88' lang='lat' dir='ltr'><strong>sitationis</strong></span> <span class='ocrx_word' id='word_1_158' title='bbox 933 2322 1155 2364; x_wconf 89' lang='lat' dir='ltr'><strong>munus</strong></span> <span class='ocrx_word' id='word_1_159' title='bbox 1185 2312 1566 2381; x_wconf 83' lang='lat' dir='ltr'><strong>exsequatur,</strong></span> <span class='ocrx_word' id='word_1_160' title='bbox 1609 2311 1846 2367; x_wconf 81' lang='lat' dir='ltr'><strong>Graecos</strong></span> <span class='ocrx_word' id='word_1_161' title='bbox 1875 2309 2041 2383; x_wconf 90' lang='lat' dir='ltr'><strong>ipsos</strong></span> <span class='ocrx_word' id='word_1_162' title='bbox 2070 2311 2242 2384; x_wconf 83' lang='lat' dir='ltr'><strong>quid-</strong></span> 
     </span>
    </p>
   </div>
   <div class='ocr_carea' id='block_1_28' title="bbox 586 2395 2236 2473">
    <p class='ocr_par' dir='ltr' id='par_1_28' title="bbox 586 2395 2236 2473">
     <span class='ocr_line' id='line_1_28' title="bbox 586 2395 2236 2473; baseline 0.004 -22"><span class='ocrx_word' id='word_1_163' title='bbox 586 2395 734 2468; x_wconf 86' lang='lat' dir='ltr'><strong>quid</strong></span> <span class='ocrx_word' id='word_1_164' title='bbox 747 2396 1067 2454; x_wconf 86' lang='lat' dir='ltr'><strong>visitationi</strong></span> <span class='ocrx_word' id='word_1_165' title='bbox 1080 2395 1334 2454; x_wconf 89' lang='lat' dir='ltr'><strong>debetur</strong></span> <span class='ocrx_word' id='word_1_166' title='bbox 1355 2396 1478 2453; x_wconf 87' lang='lat' dir='ltr'><strong>suis</strong></span> <span class='ocrx_word' id='word_1_167' title='bbox 1495 2398 1836 2471; x_wconf 87' lang='lat' dir='ltr'><strong>sumptibus</strong></span> <span class='ocrx_word' id='word_1_168' title='bbox 1858 2399 2193 2473; x_wconf 83' lang='lat' dir='ltr'><strong>persolvere</strong></span> <span class='ocrx_word' id='word_1_169' title='bbox 2221 2418 2236 2469; x_wconf 88' lang='lat'><strong>;</strong></span> 
     </span>
    </p>
   </div>
   <div class='ocr_carea' id='block_1_29' title="bbox 583 2483 2239 2562">
    <p class='ocr_par' dir='ltr' id='par_1_29' title="bbox 583 2483 2239 2562">
     <span class='ocr_line' id='line_1_29' title="bbox 583 2483 2239 2562; baseline 0.004 -22"><span class='ocrx_word' id='word_1_170' title='bbox 583 2483 833 2557; x_wconf 86' lang='lat' dir='ltr'><strong>quando</strong></span> <span class='ocrx_word' id='word_1_171' title='bbox 846 2500 987 2541; x_wconf 89' lang='lat' dir='ltr'><strong>vero</strong></span> <span class='ocrx_word' id='word_1_172' title='bbox 1001 2500 1303 2543; x_wconf 89' lang='lat' dir='ltr'><strong>canonum</strong></span> <span class='ocrx_word' id='word_1_173' title='bbox 1318 2484 1771 2543; x_wconf 88' lang='lat' dir='ltr'><strong>constitutiones</strong></span> <span class='ocrx_word' id='word_1_174' title='bbox 1786 2487 1931 2560; x_wconf 89' lang='lat' dir='ltr'><strong>ipsis</strong></span> <span class='ocrx_word' id='word_1_175' title='bbox 1941 2490 2239 2562; x_wconf 86' lang='lat' dir='ltr'><strong>episcopis</strong></span> 
     </span>
    </p>
   </div>
   <div class='ocr_carea' id='block_1_30' title="bbox 582 2572 2236 2648">
    <p class='ocr_par' dir='ltr' id='par_1_30' title="bbox 582 2572 2236 2648">
     <span class='ocr_line' id='line_1_30' title="bbox 582 2572 2236 2648; baseline 0.006 -22"><span class='ocrx_word' id='word_1_176' title='bbox 582 2573 940 2629; x_wconf 86' lang='lat' dir='ltr'><strong>visitationis</strong></span> <span class='ocrx_word' id='word_1_177' title='bbox 969 2589 1195 2629; x_wconf 91' lang='lat' dir='ltr'><strong>munus</strong></span> <span class='ocrx_word' id='word_1_178' title='bbox 1224 2572 1566 2645; x_wconf 90' lang='lat' dir='ltr'><strong>injungunt,</strong></span> <span class='ocrx_word' id='word_1_179' title='bbox 1593 2578 1735 2631; x_wconf 91' lang='lat' dir='ltr'><strong>tunc</strong></span> <span class='ocrx_word' id='word_1_180' title='bbox 1756 2590 1911 2648; x_wconf 88' lang='lat' dir='ltr'><strong>opus</strong></span> <span class='ocrx_word' id='word_1_181' title='bbox 1934 2580 2024 2635; x_wconf 89' lang='lat' dir='ltr'><strong>est</strong></span> <span class='ocrx_word' id='word_1_182' title='bbox 2043 2583 2108 2635; x_wconf 90' lang='lat' dir='ltr'><strong>ut</strong></span> <span class='ocrx_word' id='word_1_183' title='bbox 2128 2580 2236 2635; x_wconf 88' lang='lat' dir='ltr'><strong>La-</strong></span> 
     </span>
    </p>
   </div>
   <div class='ocr_carea' id='block_1_31' title="bbox 580 2658 2235 2735">
    <p class='ocr_par' dir='ltr' id='par_1_31' title="bbox 580 2658 2235 2735">
     <span class='ocr_line' id='line_1_31' title="bbox 580 2658 2235 2735; baseline 0.006 -20"><span class='ocrx_word' id='word_1_184' title='bbox 580 2658 686 2715; x_wconf 88' lang='lat' dir='ltr'><strong>tini</strong></span> <span class='ocrx_word' id='word_1_185' title='bbox 716 2660 830 2732; x_wconf 90' lang='lat' dir='ltr'><strong>ipsi</strong></span> <span class='ocrx_word' id='word_1_186' title='bbox 861 2661 981 2716; x_wconf 89' lang='lat' dir='ltr'><strong>suis</strong></span> <span class='ocrx_word' id='word_1_187' title='bbox 1005 2660 1298 2733; x_wconf 88' lang='lat' dir='ltr'><strong>impensis</strong></span> <span class='ocrx_word' id='word_1_188' title='bbox 1321 2677 1546 2718; x_wconf 91' lang='lat' dir='ltr'><strong>munus</strong></span> <span class='ocrx_word' id='word_1_189' title='bbox 1589 2661 1831 2735; x_wconf 88' lang='lat' dir='ltr'><strong>obeant,</strong></span> <span class='ocrx_word' id='word_1_190' title='bbox 1877 2680 2017 2722; x_wconf 90' lang='lat' dir='ltr'><strong>cum</strong></span> <span class='ocrx_word' id='word_1_191' title='bbox 2055 2667 2235 2725; x_wconf 88' lang='lat' dir='ltr'><strong>etiam</strong></span> 
     </span>
    </p>
   </div>
   <div class='ocr_carea' id='block_1_32' title="bbox 579 2747 2232 2828">
    <p class='ocr_par' dir='ltr' id='par_1_32' title="bbox 579 2747 2232 2828">
     <span class='ocr_line' id='line_1_32' title="bbox 579 2747 2232 2828; baseline 0.006 -25"><span class='ocrx_word' id='word_1_192' title='bbox 579 2747 891 2821; x_wconf 90' lang='lat' dir='ltr'><strong>apostolus</strong></span> <span class='ocrx_word' id='word_1_193' title='bbox 917 2748 1348 2817; x_wconf 86' lang='lat' dir='ltr'><strong>Paulus,nostri</strong></span> <span class='ocrx_word' id='word_1_194' title='bbox 1375 2753 1564 2807; x_wconf 90' lang='lat' dir='ltr'><strong>status</strong></span> <span class='ocrx_word' id='word_1_195' title='bbox 1590 2751 2232 2828; x_wconf 85' lang='lat' dir='ltr'><strong>exemplar,aliquoties</strong></span> 
     </span>
    </p>
   </div>
   <div class='ocr_carea' id='block_1_33' title="bbox 576 2836 2229 2917">
    <p class='ocr_par' dir='ltr' id='par_1_33' title="bbox 576 2836 2229 2917">
     <span class='ocr_line' id='line_1_33' title="bbox 576 2836 2229 2917; baseline 0.008 -26"><span class='ocrx_word' id='word_1_196' title='bbox 576 2836 800 2894; x_wconf 88' lang='lat' dir='ltr'><strong>victum</strong></span> <span class='ocrx_word' id='word_1_197' title='bbox 825 2836 935 2895; x_wconf 91' lang='lat' dir='ltr'><strong>sibi</strong></span> <span class='ocrx_word' id='word_1_198' title='bbox 960 2837 1075 2909; x_wconf 90' lang='lat' dir='ltr'><strong>ipsi</strong></span> <span class='ocrx_word' id='word_1_199' title='bbox 1099 2854 1345 2895; x_wconf 87' lang='lat' dir='ltr'><strong>suarum</strong></span> <span class='ocrx_word' id='word_1_200' title='bbox 1366 2839 1573 2896; x_wconf 87' lang='lat' dir='ltr'><strong>labore</strong></span> <span class='ocrx_word' id='word_1_201' title='bbox 1594 2856 1889 2899; x_wconf 89' lang='lat' dir='ltr'><strong>manuum</strong></span> <span class='ocrx_word' id='word_1_202' title='bbox 1914 2858 2229 2917; x_wconf 88' lang='lat' dir='ltr'><strong>compara-</strong></span> 
     </span>
    </p>
   </div>
   <div class='ocr_carea' id='block_1_34' title="bbox 573 2926 2228 3006">
    <p class='ocr_par' dir='ltr' id='par_1_34' title="bbox 573 2926 2228 3006">
     <span class='ocr_line' id='line_1_34' title="bbox 573 2926 2228 3006; baseline 0.007 -25"><span class='ocrx_word' id='word_1_203' title='bbox 573 2926 739 2997; x_wconf 85' lang='lat' dir='ltr'><strong>verit,</strong></span> <span class='ocrx_word' id='word_1_204' title='bbox 766 2942 840 2983; x_wconf 92' lang='lat' dir='ltr'><strong>ne</strong></span> <span class='ocrx_word' id='word_1_205' title='bbox 872 2926 1071 2998; x_wconf 83' lang='lat' dir='ltr'><strong>gravis</strong></span> <span class='ocrx_word' id='word_1_206' title='bbox 1090 2926 1238 2984; x_wconf 86' lang='lat' dir='ltr'><strong>foret</strong></span> <span class='ocrx_word' id='word_1_207' title='bbox 1259 2926 1329 2983; x_wconf 88' lang='lat' dir='ltr'><strong>iis</strong></span> <span class='ocrx_word' id='word_1_208' title='bbox 1352 2927 1576 3001; x_wconf 88' lang='lat' dir='ltr'><strong>quibus</strong></span> <span class='ocrx_word' id='word_1_209' title='bbox 1604 2930 1992 3002; x_wconf 87' lang='lat' dir='ltr'><strong>Evangelium</strong></span> <span class='ocrx_word' id='word_1_210' title='bbox 2013 2935 2228 3006; x_wconf 64' lang='lat' dir='ltr'><strong>praedi-</strong></span> 
     </span>
    </p>
   </div>
   <div class='ocr_carea' id='block_1_35' title="bbox 573 3015 2225 3089">
    <p class='ocr_par' dir='ltr' id='par_1_35' title="bbox 573 3015 2225 3089">
     <span class='ocr_line' id='line_1_35' title="bbox 573 3015 2225 3089; baseline 0.005 -16"><span class='ocrx_word' id='word_1_211' title='bbox 573 3015 768 3083; x_wconf 88' lang='lat' dir='ltr'><strong>cabat,</strong></span> <span class='ocrx_word' id='word_1_212' title='bbox 795 3015 901 3089; x_wconf 91' lang='lat' dir='ltr'><strong>qui</strong></span> <span class='ocrx_word' id='word_1_213' title='bbox 931 3032 1071 3073; x_wconf 90' lang='lat' dir='ltr'><strong>cum</strong></span> <span class='ocrx_word' id='word_1_214' title='bbox 1100 3015 1328 3074; x_wconf 89' lang='lat' dir='ltr'><strong>doctori</strong></span> <span class='ocrx_word' id='word_1_215' title='bbox 1356 3018 1730 3076; x_wconf 86' lang='lat' dir='ltr'><strong>necessarios</strong></span> <span class='ocrx_word' id='word_1_216' title='bbox 1772 3019 2225 3082; x_wconf 87' lang='lat' dir='ltr'><strong>subministrare</strong></span> 
     </span>
    </p>
   </div>
   <div class='ocr_carea' id='block_1_36' title="bbox 2366 520 3839 608">
    <p class='ocr_par' dir='ltr' id='par_1_36' title="bbox 2366 520 3839 608">
     <span class='ocr_line' id='line_1_36' title="bbox 2366 520 3839 608; baseline 0.008 -37"><span class='ocrx_word' id='word_1_217' title='bbox 2366 539 2612 586; x_wconf 75' lang='grc' dir='ltr'>πτωνται,</span> <span class='ocrx_word' id='word_1_218' title='bbox 2670 523 2729 573; x_wconf 86' lang='grc' dir='ltr'><strong>τό</strong></span> <span class='ocrx_word' id='word_1_219' title='bbox 2777 520 2904 574; x_wconf 68' lang='grc' dir='ltr'>αὐτὸ</span> <span class='ocrx_word' id='word_1_220' title='bbox 2960 520 3009 573; x_wconf 83' lang='grc' dir='ltr'><strong>ἐν</strong></span> <span class='ocrx_word' id='word_1_221' title='bbox 3058 528 3168 583; x_wconf 84' lang='grc' dir='ltr'>ταῖς</span> <span class='ocrx_word' id='word_1_222' title='bbox 3223 521 3551 597; x_wconf 73' lang='grc' dir='ltr'>ἆπητημέναις</span> <span class='ocrx_word' id='word_1_223' title='bbox 3614 530 3839 608; x_wconf 69' lang='grc' dir='ltr'><strong>ἐπιτραπεὶς</strong></span> 
     </span>
    </p>
   </div>
   <div class='ocr_carea' id='block_1_37' title="bbox 2367 607 3838 690">
    <p class='ocr_par' dir='ltr' id='par_1_37' title="bbox 2367 607 3838 690">
     <span class='ocr_line' id='line_1_37' title="bbox 2367 607 3838 690; baseline 0.016 -37"><span class='ocrx_word' id='word_1_224' title='bbox 2367 607 2753 683; x_wconf 70' lang='grc' dir='ltr'><strong>ἀπαγγέλλομεν</strong></span> <span class='ocrx_word' id='word_1_225' title='bbox 2804 618 2900 673; x_wconf 83' lang='grc' dir='ltr'>τῆς</span> <span class='ocrx_word' id='word_1_226' title='bbox 2991 607 3320 673; x_wconf 79' lang='grc' dir='ltr'><strong>δικαιοσύνης</strong></span> <span class='ocrx_word' id='word_1_227' title='bbox 3394 619 3559 690; x_wconf 81' lang='grc' dir='ltr'>μέτρον</span> <span class='ocrx_word' id='word_1_228' title='bbox 3611 639 3622 651; x_wconf 91' lang='grc'><strong>·</strong></span> <span class='ocrx_word' id='word_1_229' title='bbox 3668 629 3741 673; x_wconf 79' lang='grc' dir='ltr'>τοῦ</span> <span class='ocrx_word' id='word_1_230' title='bbox 3783 629 3838 678; x_wconf 74' lang='grc' dir='ltr'>τὸν</span> 
     </span>
    </p>
   </div>
   <div class='ocr_carea' id='block_1_38' title="bbox 2366 696 3837 783">
    <p class='ocr_par' dir='ltr' id='par_1_38' title="bbox 2366 696 3837 783">
     <span class='ocr_line' id='line_1_38' title="bbox 2366 696 3837 783; baseline 0.004 -34"><span class='ocrx_word' id='word_1_231' title='bbox 2366 697 2520 750; x_wconf 72' lang='grc' dir='ltr'>αὐτὸν</span> <span class='ocrx_word' id='word_1_232' title='bbox 2575 696 2993 774; x_wconf 78' lang='grc' dir='ltr'>ἁρχιεπίσκοπον</span> <span class='ocrx_word' id='word_1_233' title='bbox 3053 704 3198 753; x_wconf 82' lang='grc' dir='ltr'>πέντε</span> <span class='ocrx_word' id='word_1_234' title='bbox 3245 706 3408 773; x_wconf 86' lang='grc' dir='ltr'>μόνον,</span> <span class='ocrx_word' id='word_1_235' title='bbox 3462 709 3539 756; x_wconf 85' lang='grc' dir='ltr'><strong>τόν</strong></span> <span class='ocrx_word' id='word_1_236' title='bbox 3590 715 3670 768; x_wconf 79' lang='grc' dir='ltr'>τῆς</span> <span class='ocrx_word' id='word_1_237' title='bbox 3716 715 3837 783; x_wconf 53' lang='lat' dir='ltr'><strong>ne?”</strong></span> 
     </span>
    </p>
   </div>
   <div class='ocr_carea' id='block_1_39' title="bbox 2362 789 3838 866">
    <p class='ocr_par' dir='ltr' id='par_1_39' title="bbox 2362 789 3838 866">
     <span class='ocr_line' id='line_1_39' title="bbox 2362 789 3838 866; baseline 0.008 -25"><span class='ocrx_word' id='word_1_238' title='bbox 2362 792 2642 861; x_wconf 75' lang='grc' dir='ltr'>τέσσαρας,</span> <span class='ocrx_word' id='word_1_239' title='bbox 2713 796 2802 849; x_wconf 70' lang='grc' dir='ltr'>τῆς</span> <span class='ocrx_word' id='word_1_240' title='bbox 2883 789 3266 862; x_wconf 81' lang='grc' dir='ltr'>Ἀμμοχὼστου</span> <span class='ocrx_word' id='word_1_241' title='bbox 3328 800 3470 863; x_wconf 82' lang='grc' dir='ltr'>τρεῖς,</span> <span class='ocrx_word' id='word_1_242' title='bbox 3537 801 3616 849; x_wconf 82' lang='grc' dir='ltr'>καὶ</span> <span class='ocrx_word' id='word_1_243' title='bbox 3668 803 3737 850; x_wconf 78' lang='grc' dir='ltr'><strong>τόν</strong></span> <span class='ocrx_word' id='word_1_244' title='bbox 3779 812 3838 866; x_wconf 71' lang='grc' dir='ltr'>τῆς</span> 
     </span>
    </p>
   </div>
   <div class='ocr_carea' id='block_1_40' title="bbox 2364 876 3840 959">
    <p class='ocr_par' dir='ltr' id='par_1_40' title="bbox 2364 876 3840 959">
     <span class='ocr_line' id='line_1_40' title="bbox 2364 876 3840 959; baseline 0.007 -30"><span class='ocrx_word' id='word_1_245' title='bbox 2364 883 2597 949; x_wconf 88' lang='grc' dir='ltr'>Νεμεσου</span> <span class='ocrx_word' id='word_1_246' title='bbox 2629 878 2818 950; x_wconf 84' lang='grc' dir='ltr'>ὁμοίως</span> <span class='ocrx_word' id='word_1_247' title='bbox 2846 886 2979 954; x_wconf 86' lang='grc' dir='ltr'>τρεῖς</span> <span class='ocrx_word' id='word_1_248' title='bbox 3008 900 3019 912; x_wconf 92' lang='grc'><strong>·</strong></span> <span class='ocrx_word' id='word_1_249' title='bbox 3048 878 3110 932; x_wconf 61' lang='grc' dir='ltr'><strong>’Δ</strong></span> <span class='ocrx_word' id='word_1_250' title='bbox 3167 876 3233 938; x_wconf 79' lang='grc' dir='ltr'>δὴ</span> <span class='ocrx_word' id='word_1_251' title='bbox 3280 878 3374 933; x_wconf 80' lang='grc' dir='ltr'><strong>ἀπό</strong></span> <span class='ocrx_word' id='word_1_252' title='bbox 3418 890 3507 933; x_wconf 80' lang='grc' dir='ltr'>τῶν</span> <span class='ocrx_word' id='word_1_253' title='bbox 3557 890 3747 959; x_wconf 71' lang='grc' dir='ltr'>Γραικῶν</span> <span class='ocrx_word' id='word_1_254' title='bbox 3785 900 3840 951; x_wconf 70' lang='lat' dir='ltr'><strong>7i;</strong></span> 
     </span>
    </p>
   </div>
   <div class='ocr_carea' id='block_1_41' title="bbox 2365 965 3843 1047">
    <p class='ocr_par' dir='ltr' id='par_1_41' title="bbox 2365 965 3843 1047">
     <span class='ocr_line' id='line_1_41' title="bbox 2365 965 3843 1047; baseline 0.003 -30"><span class='ocrx_word' id='word_1_255' title='bbox 2365 965 2528 1028; x_wconf 71' lang='grc' dir='ltr'>αὐτῆς</span> <span class='ocrx_word' id='word_1_256' title='bbox 2577 966 2776 1041; x_wconf 83' lang='grc' dir='ltr'>ἐνορίας</span> <span class='ocrx_word' id='word_1_257' title='bbox 2852 972 2943 1019; x_wconf 82' lang='grc' dir='ltr'>καὶ</span> <span class='ocrx_word' id='word_1_258' title='bbox 2994 974 3088 1029; x_wconf 80' lang='grc' dir='ltr'>τῆς</span> <span class='ocrx_word' id='word_1_259' title='bbox 3136 970 3317 1020; x_wconf 83' lang='grc' dir='ltr'>τούτου</span> <span class='ocrx_word' id='word_1_260' title='bbox 3374 968 3622 1044; x_wconf 74' lang='grc' dir='ltr'>ἐπιτροπῆς</span> <span class='ocrx_word' id='word_1_261' title='bbox 3665 972 3843 1047; x_wconf 50' lang='lat' dir='ltr'><strong>lugent.</strong></span> 
     </span>
    </p>
   </div>
   <div class='ocr_carea' id='block_1_42' title="bbox 2362 1054 3844 1134">
    <p class='ocr_par' dir='ltr' id='par_1_42' title="bbox 2362 1054 3844 1134">
     <span class='ocr_line' id='line_1_42' title="bbox 2362 1054 3844 1134; baseline 0.006 -27"><span class='ocrx_word' id='word_1_262' title='bbox 2362 1074 2535 1107; x_wconf 85' lang='grc' dir='ltr'>τωσαν</span> <span class='ocrx_word' id='word_1_263' title='bbox 2582 1054 2695 1107; x_wconf 89' lang='grc' dir='ltr'>κατ’</span> <span class='ocrx_word' id='word_1_264' title='bbox 2772 1058 2897 1124; x_wconf 73' lang='grc' dir='ltr'>ἔτος,</span> <span class='ocrx_word' id='word_1_265' title='bbox 2954 1055 3023 1106; x_wconf 79' lang='grc' dir='ltr'>ὧν</span> <span class='ocrx_word' id='word_1_266' title='bbox 3084 1054 3277 1114; x_wconf 77' lang='grc' dir='ltr'><strong>ἑκάστη</strong></span> <span class='ocrx_word' id='word_1_267' title='bbox 3324 1057 3571 1129; x_wconf 73' lang='grc' dir='ltr'>κεφάλαιον</span> <span class='ocrx_word' id='word_1_268' title='bbox 3641 1066 3844 1134; x_wconf 72' lang='grc' dir='ltr'>τριάκοντα</span> 
     </span>
    </p>
   </div>
   <div class='ocr_carea' id='block_1_43' title="bbox 2365 1140 3845 1222">
    <p class='ocr_par' dir='ltr' id='par_1_43' title="bbox 2365 1140 3845 1222">
     <span class='ocr_line' id='line_1_43' title="bbox 2365 1140 3845 1222; baseline -0.001 -27"><span class='ocrx_word' id='word_1_269' title='bbox 2365 1140 2575 1206; x_wconf 88' lang='grc' dir='ltr'>σόλιδος</span> <span class='ocrx_word' id='word_1_270' title='bbox 2620 1148 2952 1218; x_wconf 85' lang='grc' dir='ltr'>τουρνεσίων,</span> <span class='ocrx_word' id='word_1_271' title='bbox 3011 1144 3040 1203; x_wconf 75' lang='grc' dir='ltr'><strong><em>ἦ</em></strong></span> <span class='ocrx_word' id='word_1_272' title='bbox 3104 1152 3335 1196; x_wconf 81' lang='grc' dir='ltr'>τοσαῦτα</span> <span class='ocrx_word' id='word_1_273' title='bbox 3380 1143 3613 1216; x_wconf 73' lang='grc' dir='ltr'>βυξάντια</span> <span class='ocrx_word' id='word_1_274' title='bbox 3651 1150 3760 1222; x_wconf 56' lang='grc'><strong>(21),</strong></span> <span class='ocrx_word' id='word_1_275' title='bbox 3803 1158 3845 1206; x_wconf 64' lang='grc' dir='ltr'><strong>τά</strong></span> 
     </span>
    </p>
   </div>
   <div class='ocr_carea' id='block_1_44' title="bbox 2362 1230 3844 1311">
    <p class='ocr_par' dir='ltr' id='par_1_44' title="bbox 2362 1230 3844 1311">
     <span class='ocr_line' id='line_1_44' title="bbox 2362 1230 3844 1311; baseline 0.007 -28"><span class='ocrx_word' id='word_1_276' title='bbox 2362 1236 2434 1305; x_wconf 79' lang='grc' dir='ltr'>μὴ</span> <span class='ocrx_word' id='word_1_277' title='bbox 2485 1233 2871 1307; x_wconf 75' lang='grc' dir='ltr'>περιττεύοντα,</span> <span class='ocrx_word' id='word_1_278' title='bbox 2907 1230 3040 1291; x_wconf 74' lang='grc' dir='ltr'>πλὴν</span> <span class='ocrx_word' id='word_1_279' title='bbox 3081 1231 3382 1303; x_wconf 78' lang='grc' dir='ltr'><strong>ἐξισούμενοι</strong></span> <span class='ocrx_word' id='word_1_280' title='bbox 3431 1237 3578 1307; x_wconf 79' lang='grc' dir='ltr'>τούτῳ</span> <span class='ocrx_word' id='word_1_281' title='bbox 3626 1247 3685 1308; x_wconf 78' lang='grc' dir='ltr'>τῷ</span> <span class='ocrx_word' id='word_1_282' title='bbox 3728 1251 3844 1311; x_wconf 72' lang='grc' dir='ltr'>ποσῷ.</span> 
     </span>
    </p>
   </div>
   <div class='ocr_carea' id='block_1_45' title="bbox 2363 1319 3848 1400">
    <p class='ocr_par' dir='ltr' id='par_1_45' title="bbox 2363 1319 3848 1400">
     <span class='ocr_line' id='line_1_45' title="bbox 2363 1319 3848 1400; baseline 0.005 -26"><span class='ocrx_word' id='word_1_283' title='bbox 2363 1320 2503 1380; x_wconf 78' lang='grc' dir='ltr'>Πλὴν</span> <span class='ocrx_word' id='word_1_284' title='bbox 2554 1326 2642 1373; x_wconf 85' lang='grc' dir='ltr'>καὶ</span> <span class='ocrx_word' id='word_1_285' title='bbox 2692 1325 2780 1374; x_wconf 88' lang='grc' dir='ltr'><strong>τόν</strong></span> <span class='ocrx_word' id='word_1_286' title='bbox 2834 1319 3051 1395; x_wconf 75' lang='grc' dir='ltr'>ἀριθμόν</span> <span class='ocrx_word' id='word_1_287' title='bbox 3104 1330 3205 1374; x_wconf 81' lang='grc' dir='ltr'>τῶν</span> <span class='ocrx_word' id='word_1_288' title='bbox 3268 1320 3538 1397; x_wconf 75' lang='grc' dir='ltr'>ἐπιτροπῶν</span> <span class='ocrx_word' id='word_1_289' title='bbox 3585 1334 3668 1377; x_wconf 85' lang='grc' dir='ltr'>τῶν</span> <span class='ocrx_word' id='word_1_290' title='bbox 3708 1327 3848 1400; x_wconf 68' lang='grc' dir='ltr'>ὀφειλο-</span> 
     </span>
    </p>
   </div>
   <div class='ocr_carea' id='block_1_46' title="bbox 2360 1408 3849 1486">
    <p class='ocr_par' dir='ltr' id='par_1_46' title="bbox 2360 1408 3849 1486">
     <span class='ocr_line' id='line_1_46' title="bbox 2360 1408 3849 1486; baseline 0.007 -27"><span class='ocrx_word' id='word_1_291' title='bbox 2360 1414 2522 1484; x_wconf 72' lang='grc' dir='ltr'>μένων</span> <span class='ocrx_word' id='word_1_292' title='bbox 2579 1408 2892 1481; x_wconf 67' lang='grc' dir='ltr'>ἐπισκέψεως</span> <span class='ocrx_word' id='word_1_293' title='bbox 2938 1411 3120 1484; x_wconf 84' lang='grc' dir='ltr'>χάριν,</span> <span class='ocrx_word' id='word_1_294' title='bbox 3180 1415 3570 1486; x_wconf 76' lang='grc' dir='ltr'>κατανοουμένης</span> <span class='ocrx_word' id='word_1_295' title='bbox 3626 1422 3703 1477; x_wconf 68' lang='grc' dir='ltr'>τῆς</span> <span class='ocrx_word' id='word_1_296' title='bbox 3754 1437 3849 1470; x_wconf 71' lang='grc' dir='ltr'>πτω-</span> 
     </span>
    </p>
   </div>
   <div class='ocr_carea' id='block_1_47' title="bbox 2360 1494 3849 1577">
    <p class='ocr_par' dir='ltr' id='par_1_47' title="bbox 2360 1494 3849 1577">
     <span class='ocr_line' id='line_1_47' title="bbox 2360 1494 3849 1577; baseline 0.004 -27"><span class='ocrx_word' id='word_1_297' title='bbox 2360 1502 2510 1571; x_wconf 77' lang='grc' dir='ltr'>χείας</span> <span class='ocrx_word' id='word_1_298' title='bbox 2565 1506 2665 1550; x_wconf 84' lang='grc' dir='ltr'>τῶν</span> <span class='ocrx_word' id='word_1_299' title='bbox 2746 1502 3029 1571; x_wconf 84' lang='grc' dir='ltr'>Ῥωμαίων,</span> <span class='ocrx_word' id='word_1_300' title='bbox 3116 1494 3429 1573; x_wconf 73' lang='grc' dir='ltr'>διεκρίνομεν</span> <span class='ocrx_word' id='word_1_301' title='bbox 3498 1499 3638 1561; x_wconf 65' lang='grc' dir='ltr'>ἂέους</span> <span class='ocrx_word' id='word_1_302' title='bbox 3695 1523 3849 1577; x_wconf 71' lang='grc' dir='ltr'>προμη-</span> 
     </span>
    </p>
   </div>
   <div class='ocr_carea' id='block_1_48' title="bbox 2363 1587 3848 1661">
    <p class='ocr_par' dir='ltr' id='par_1_48' title="bbox 2363 1587 3848 1661">
     <span class='ocr_line' id='line_1_48' title="bbox 2363 1587 3848 1661; baseline 0.003 -20"><span class='ocrx_word' id='word_1_303' title='bbox 2363 1590 2475 1660; x_wconf 79' lang='grc' dir='ltr'>Θείᾳ</span> <span class='ocrx_word' id='word_1_304' title='bbox 2525 1587 2684 1649; x_wconf 72' lang='grc' dir='ltr'>οὕτως</span> <span class='ocrx_word' id='word_1_305' title='bbox 2739 1594 3163 1660; x_wconf 82' lang='grc' dir='ltr'>μετριοποιῆσαι.</span> <span class='ocrx_word' id='word_1_306' title='bbox 3222 1589 3360 1641; x_wconf 74' lang='grc' dir='ltr'><strong>Ἐπεὶ</strong></span> <span class='ocrx_word' id='word_1_307' title='bbox 3409 1592 3567 1661; x_wconf 84' lang='grc' dir='ltr'>μέντοι</span> <span class='ocrx_word' id='word_1_308' title='bbox 3614 1598 3704 1653; x_wconf 82' lang='grc' dir='ltr'>τοῖς</span> <span class='ocrx_word' id='word_1_309' title='bbox 3734 1598 3848 1647; x_wconf 71' lang='lat' dir='ltr'><strong>Aeri-</strong></span> 
     </span>
    </p>
   </div>
   <div class='ocr_carea' id='block_1_49' title="bbox 2358 1675 3848 1751">
    <p class='ocr_par' dir='ltr' id='par_1_49' title="bbox 2358 1675 3848 1751">
     <span class='ocr_line' id='line_1_49' title="bbox 2358 1675 3848 1751; baseline 0.004 -24"><span class='ocrx_word' id='word_1_310' title='bbox 2358 1696 2460 1737; x_wconf 92' lang='grc' dir='ltr'>νοις</span> <span class='ocrx_word' id='word_1_311' title='bbox 2491 1675 2795 1738; x_wconf 83' lang='grc' dir='ltr'>ἐπισκόποις</span> <span class='ocrx_word' id='word_1_312' title='bbox 2850 1679 2978 1751; x_wconf 90' lang='grc' dir='ltr'>πρός</span> <span class='ocrx_word' id='word_1_313' title='bbox 3019 1680 3169 1728; x_wconf 76' lang='grc' dir='ltr'>τοῦτό</span> <span class='ocrx_word' id='word_1_314' title='bbox 3227 1675 3327 1729; x_wconf 82' lang='grc' dir='ltr'>εἰσι</span> <span class='ocrx_word' id='word_1_315' title='bbox 3383 1679 3444 1729; x_wconf 82' lang='grc' dir='ltr'><strong>τα</strong></span> <span class='ocrx_word' id='word_1_316' title='bbox 3500 1685 3590 1730; x_wconf 85' lang='grc' dir='ltr'>τῶν</span> <span class='ocrx_word' id='word_1_317' title='bbox 3636 1678 3848 1737; x_wconf 78' lang='grc' dir='ltr'>ἐκκλησιῶν</span> 
     </span>
    </p>
   </div>
   <div class='ocr_carea' id='block_1_50' title="bbox 2876 1765 3850 1840">
    <p class='ocr_par' dir='ltr' id='par_1_50' title="bbox 2876 1765 3850 1840">
     <span class='ocr_line' id='line_1_50' title="bbox 2876 1765 3850 1840; baseline 0.006 -23"><span class='ocrx_word' id='word_1_318' title='bbox 2876 1768 3379 1840; x_wconf 76' lang='grc' dir='ltr'>παρακεχωρημένα,</span> <span class='ocrx_word' id='word_1_319' title='bbox 3445 1772 3528 1818; x_wconf 79' lang='grc' dir='ltr'>τοῦ</span> <span class='ocrx_word' id='word_1_320' title='bbox 3598 1765 3638 1819; x_wconf 90' lang='grc' dir='ltr'><strong>ἐν</strong></span> <span class='ocrx_word' id='word_1_321' title='bbox 3698 1767 3850 1831; x_wconf 79' lang='grc' dir='ltr'>ἐκείνοις</span> 
     </span>
    </p>
   </div>
   <div class='ocr_carea' id='block_1_51' title="bbox 2356 1853 3848 1930">
    <p class='ocr_par' dir='ltr' id='par_1_51' title="bbox 2356 1853 3848 1930">
     <span class='ocr_line' id='line_1_51' title="bbox 2356 1853 3848 1930; baseline 0.001 -22"><span class='ocrx_word' id='word_1_322' title='bbox 2356 1860 2474 1927; x_wconf 81' lang='grc' dir='ltr'>περὶ</span> <span class='ocrx_word' id='word_1_323' title='bbox 2533 1857 2591 1907; x_wconf 83' lang='grc' dir='ltr'><strong>τό</strong></span> <span class='ocrx_word' id='word_1_324' title='bbox 2678 1857 2836 1928; x_wconf 89' lang='grc' dir='ltr'>χρέος</span> <span class='ocrx_word' id='word_1_325' title='bbox 2910 1861 3003 1915; x_wconf 82' lang='grc' dir='ltr'>τῆς</span> <span class='ocrx_word' id='word_1_326' title='bbox 3084 1853 3251 1907; x_wconf 67' lang='grc' dir='ltr'>αὐτῶν</span> <span class='ocrx_word' id='word_1_327' title='bbox 3330 1856 3598 1930; x_wconf 70' lang='grc' dir='ltr'>ὑπουργίας</span> <span class='ocrx_word' id='word_1_328' title='bbox 3643 1854 3848 1920; x_wconf 69' lang='grc' dir='ltr'>ἀνελλιπῶς</span> 
     </span>
    </p>
   </div>
   <div class='ocr_carea' id='block_1_52' title="bbox 2359 1942 3849 2020">
    <p class='ocr_par' dir='ltr' id='par_1_52' title="bbox 2359 1942 3849 2020">
     <span class='ocr_line' id='line_1_52' title="bbox 2359 1942 3849 2020; baseline 0.005 -28"><span class='ocrx_word' id='word_1_329' title='bbox 2359 1944 2565 2017; x_wconf 77' lang='grc' dir='ltr'>ἰσχύειν</span> <span class='ocrx_word' id='word_1_330' title='bbox 2590 1945 2657 1995; x_wconf 81' lang='grc' dir='ltr'>τὰ</span> <span class='ocrx_word' id='word_1_331' title='bbox 2683 1951 2777 2005; x_wconf 75' lang='grc' dir='ltr'>τῆς</span> <span class='ocrx_word' id='word_1_332' title='bbox 2812 1947 3001 2017; x_wconf 88' lang='grc' dir='ltr'>χρείας</span> <span class='ocrx_word' id='word_1_333' title='bbox 3056 1942 3287 2017; x_wconf 78' lang='grc' dir='ltr'>πληροῦν</span> <span class='ocrx_word' id='word_1_334' title='bbox 3343 1942 3551 2016; x_wconf 81' lang='grc' dir='ltr'>Θέλομιν,</span> <span class='ocrx_word' id='word_1_335' title='bbox 3597 1944 3635 1997; x_wconf 83' lang='grc' dir='ltr'>εἰ</span> <span class='ocrx_word' id='word_1_336' title='bbox 3675 1947 3698 2003; x_wconf 76' lang='grc' dir='ltr'>ἡ</span> <span class='ocrx_word' id='word_1_337' title='bbox 3739 1953 3849 2020; x_wconf 74' lang='grc' dir='ltr'>χρεία</span> 
     </span>
    </p>
   </div>
   <div class='ocr_carea' id='block_1_53' title="bbox 2351 2027 3847 2102">
    <p class='ocr_par' dir='ltr' id='par_1_53' title="bbox 2351 2027 3847 2102">
     <span class='ocr_line' id='line_1_53' title="bbox 2351 2027 3847 2102; baseline 0.002 -19"><span class='ocrx_word' id='word_1_338' title='bbox 2351 2040 2447 2094; x_wconf 78' lang='grc' dir='ltr'>τῆς</span> <span class='ocrx_word' id='word_1_339' title='bbox 2497 2027 2783 2102; x_wconf 77' lang='grc' dir='ltr'>όρθοδόξου</span> <span class='ocrx_word' id='word_1_340' title='bbox 2834 2034 3077 2094; x_wconf 78' lang='grc' dir='ltr'>πίστεως,</span> <span class='ocrx_word' id='word_1_341' title='bbox 3133 2031 3166 2090; x_wconf 74' lang='grc' dir='ltr'><em>ἦ</em></span> <span class='ocrx_word' id='word_1_342' title='bbox 3217 2033 3275 2083; x_wconf 87' lang='grc' dir='ltr'>τὸ</span> <span class='ocrx_word' id='word_1_343' title='bbox 3332 2032 3503 2083; x_wconf 76' lang='grc' dir='ltr'>ἄοκνον</span> <span class='ocrx_word' id='word_1_344' title='bbox 3550 2040 3633 2094; x_wconf 82' lang='grc' dir='ltr'>τῆς</span> <span class='ocrx_word' id='word_1_345' title='bbox 3677 2035 3847 2095; x_wconf 70' lang='grc' dir='ltr'>ὑπακοῆς</span> 
     </span>
    </p>
   </div>
   <div class='ocr_carea' id='block_1_54' title="bbox 2352 2118 3844 2193">
    <p class='ocr_par' dir='ltr' id='par_1_54' title="bbox 2352 2118 3844 2193">
     <span class='ocr_line' id='line_1_54' title="bbox 2352 2118 3844 2193; baseline 0.006 -22"><span class='ocrx_word' id='word_1_346' title='bbox 2352 2128 2448 2182; x_wconf 77' lang='grc' dir='ltr'>τῆς</span> <span class='ocrx_word' id='word_1_347' title='bbox 2528 2118 2853 2193; x_wconf 71' lang='grc' dir='ltr'>ὀφειλομένης</span> <span class='ocrx_word' id='word_1_348' title='bbox 2930 2127 2991 2191; x_wconf 74' lang='grc' dir='ltr'>τῇ</span> <span class='ocrx_word' id='word_1_349' title='bbox 3082 2128 3182 2180; x_wconf 78' lang='grc' dir='ltr'>τῆς</span> <span class='ocrx_word' id='word_1_350' title='bbox 3243 2118 3439 2192; x_wconf 83' lang='grc' dir='ltr'>Ῥώμης</span> <span class='ocrx_word' id='word_1_351' title='bbox 3500 2118 3739 2193; x_wconf 74' lang='grc' dir='ltr'>Ἐκκλησία</span> <span class='ocrx_word' id='word_1_352' title='bbox 3771 2123 3844 2180; x_wconf 65' lang='grc' dir='ltr'><strong>ἑξ</strong></span> 
     </span>
    </p>
   </div>
   <div class='ocr_carea' id='block_1_55' title="bbox 2351 2205 3849 2270">
    <p class='ocr_par' dir='ltr' id='par_1_55' title="bbox 2351 2205 3849 2270">
     <span class='ocr_line' id='line_1_55' title="bbox 2351 2205 3849 2270; baseline 0.001 -9"><span class='ocrx_word' id='word_1_353' title='bbox 2351 2216 2451 2261; x_wconf 79' lang='grc' dir='ltr'><strong>τῶν</strong></span> <span class='ocrx_word' id='word_1_354' title='bbox 2501 2208 2638 2266; x_wconf 75' lang='grc' dir='ltr'>ἠθῶν</span> <span class='ocrx_word' id='word_1_355' title='bbox 2692 2206 2973 2267; x_wconf 76' lang='grc' dir='ltr'>ἀπαιτήσει</span> <span class='ocrx_word' id='word_1_356' title='bbox 3046 2205 3326 2270; x_wconf 77' lang='grc' dir='ltr'>παίδευσις</span> <span class='ocrx_word' id='word_1_357' title='bbox 3394 2216 3484 2261; x_wconf 80' lang='grc' dir='ltr'>τοῦ</span> <span class='ocrx_word' id='word_1_358' title='bbox 3535 2208 3849 2263; x_wconf 71' lang='grc' dir='ltr'>ἐπισκέπτεσθαι</span> 
     </span>
    </p>
   </div>
   <div class='ocr_carea' id='block_1_56' title="bbox 2350 2296 3848 2372">
    <p class='ocr_par' dir='ltr' id='par_1_56' title="bbox 2350 2296 3848 2372">
     <span class='ocr_line' id='line_1_56' title="bbox 2350 2296 3848 2372; baseline -0.001 -22"><span class='ocrx_word' id='word_1_359' title='bbox 2350 2301 2468 2358; x_wconf 78' lang='grc' dir='ltr'>τοὺς</span> <span class='ocrx_word' id='word_1_360' title='bbox 2521 2296 2714 2360; x_wconf 80' lang='grc' dir='ltr'>αύτούς</span> <span class='ocrx_word' id='word_1_361' title='bbox 2790 2300 3043 2372; x_wconf 74' lang='grc' dir='ltr'>Γραικοὺς</span> <span class='ocrx_word' id='word_1_362' title='bbox 3118 2297 3384 2364; x_wconf 74' lang='grc' dir='ltr'>πολλάκις,</span> <span class='ocrx_word' id='word_1_363' title='bbox 3450 2296 3678 2351; x_wconf 77' lang='grc' dir='ltr'>ἀποτίνειν</span> <span class='ocrx_word' id='word_1_364' title='bbox 3719 2298 3848 2359; x_wconf 66' lang='grc' dir='ltr'>αὐτοὺς</span> 
     </span>
    </p>
   </div>
   <div class='ocr_carea' id='block_1_57' title="bbox 2350 2384 3848 2461">
    <p class='ocr_par' dir='ltr' id='par_1_57' title="bbox 2350 2384 3848 2461">
     <span class='ocr_line' id='line_1_57' title="bbox 2350 2384 3848 2461; baseline -0.002 -21"><span class='ocrx_word' id='word_1_365' title='bbox 2350 2385 2435 2440; x_wconf 83' lang='grc' dir='ltr'><strong>ἐπί</strong></span> <span class='ocrx_word' id='word_1_366' title='bbox 2463 2393 2615 2439; x_wconf 78' lang='grc' dir='ltr'>τοῦτο</span> <span class='ocrx_word' id='word_1_367' title='bbox 2642 2390 2761 2459; x_wconf 83' lang='grc' dir='ltr'>περὶ</span> <span class='ocrx_word' id='word_1_368' title='bbox 2802 2385 2986 2446; x_wconf 73' lang='grc' dir='ltr'>αὐτούς</span> <span class='ocrx_word' id='word_1_369' title='bbox 3032 2386 3152 2439; x_wconf 78' lang='grc' dir='ltr'>ἄνευ</span> <span class='ocrx_word' id='word_1_370' title='bbox 3208 2390 3349 2449; x_wconf 86' lang='grc' dir='ltr'>τινός</span> <span class='ocrx_word' id='word_1_371' title='bbox 3399 2384 3579 2461; x_wconf 78' lang='grc' dir='ltr'>βάρους</span> <span class='ocrx_word' id='word_1_372' title='bbox 3622 2386 3780 2439; x_wconf 78' lang='grc' dir='ltr'>ἐκείνων</span> <span class='ocrx_word' id='word_1_373' title='bbox 3812 2389 3848 2437; x_wconf 77' lang='grc' dir='ltr'>τὸ</span> 
     </span>
    </p>
   </div>
   <div class='ocr_carea' id='block_1_58' title="bbox 2347 2472 3848 2550">
    <p class='ocr_par' dir='ltr' id='par_1_58' title="bbox 2347 2472 3848 2550">
     <span class='ocr_line' id='line_1_58' title="bbox 2347 2472 3848 2550; baseline -0.001 -22"><span class='ocrx_word' id='word_1_374' title='bbox 2347 2484 2443 2538; x_wconf 82' lang='grc' dir='ltr'>τῆς</span> <span class='ocrx_word' id='word_1_375' title='bbox 2471 2474 2789 2546; x_wconf 68' lang='grc' dir='ltr'>ἐπισκέψεως</span> <span class='ocrx_word' id='word_1_376' title='bbox 2825 2478 2983 2550; x_wconf 88' lang='grc' dir='ltr'>χρέος</span> <span class='ocrx_word' id='word_1_377' title='bbox 3012 2472 3178 2539; x_wconf 83' lang='grc' dir='ltr'>ἰδίαις</span> <span class='ocrx_word' id='word_1_378' title='bbox 3234 2473 3502 2537; x_wconf 83' lang='grc' dir='ltr'>δαπάναις.</span> <span class='ocrx_word' id='word_1_379' title='bbox 3550 2475 3685 2528; x_wconf 85' lang='grc' dir='ltr'>Ὀταν</span> <span class='ocrx_word' id='word_1_380' title='bbox 3730 2480 3848 2548; x_wconf 77' lang='grc' dir='ltr'>μέντοι</span> 
     </span>
    </p>
   </div>
   <div class='ocr_carea' id='block_1_59' title="bbox 2346 2560 3848 2636">
    <p class='ocr_par' dir='ltr' id='par_1_59' title="bbox 2346 2560 3848 2636">
     <span class='ocr_line' id='line_1_59' title="bbox 2346 2560 3848 2636; baseline -0.001 -19"><span class='ocrx_word' id='word_1_381' title='bbox 2346 2564 2523 2626; x_wconf 74' lang='grc' dir='ltr'>αὐτοῖς</span> <span class='ocrx_word' id='word_1_382' title='bbox 2548 2566 2602 2616; x_wconf 83' lang='grc' dir='ltr'>αἱ</span> <span class='ocrx_word' id='word_1_383' title='bbox 2655 2572 2755 2615; x_wconf 83' lang='grc' dir='ltr'>τῶν</span> <span class='ocrx_word' id='word_1_384' title='bbox 2807 2561 2968 2636; x_wconf 77' lang='grc' dir='ltr'>ἁγίων</span> <span class='ocrx_word' id='word_1_385' title='bbox 3025 2560 3298 2629; x_wconf 78' lang='grc' dir='ltr'>διατάξεις</span> <span class='ocrx_word' id='word_1_386' title='bbox 3348 2569 3558 2618; x_wconf 80' lang='grc' dir='ltr'>κανόνων</span> <span class='ocrx_word' id='word_1_387' title='bbox 3607 2572 3731 2618; x_wconf 74' lang='grc' dir='ltr'>τοῦτο</span> <span class='ocrx_word' id='word_1_388' title='bbox 3774 2563 3848 2617; x_wconf 73' lang='grc' dir='ltr'>ἐτι-</span> 
     </span>
    </p>
   </div>
   <div class='ocr_carea' id='block_1_60' title="bbox 2342 2648 3847 2729">
    <p class='ocr_par' dir='ltr' id='par_1_60' title="bbox 2342 2648 3847 2729">
     <span class='ocr_line' id='line_1_60' title="bbox 2342 2648 3847 2729; baseline -0.001 -24"><span class='ocrx_word' id='word_1_389' title='bbox 2342 2657 2623 2727; x_wconf 83' lang='grc' dir='ltr'>τρέπωσιν,</span> <span class='ocrx_word' id='word_1_390' title='bbox 2664 2652 2926 2725; x_wconf 66' lang='grc' dir='ltr'>ὀφείλουσι</span> <span class='ocrx_word' id='word_1_391' title='bbox 2979 2648 3336 2729; x_wconf 73' lang='grc' dir='ltr'>διαχορηγεῖν</span> <span class='ocrx_word' id='word_1_392' title='bbox 3365 2676 3378 2688; x_wconf 90' lang='grc'><strong>·</strong></span> <span class='ocrx_word' id='word_1_393' title='bbox 3436 2654 3539 2708; x_wconf 82' lang='grc' dir='ltr'>ἐπεὶ</span> <span class='ocrx_word' id='word_1_394' title='bbox 3584 2659 3660 2707; x_wconf 83' lang='grc' dir='ltr'>καὶ</span> <span class='ocrx_word' id='word_1_395' title='bbox 3697 2654 3718 2706; x_wconf 87' lang='grc' dir='ltr'><strong>ό</strong></span> <span class='ocrx_word' id='word_1_396' title='bbox 3756 2652 3847 2705; x_wconf 74' lang='grc' dir='ltr'><strong>ἀπὸ·</strong></span> 
     </span>
    </p>
   </div>
   <div class='ocr_carea' id='block_1_61' title="bbox 2343 2741 3845 2819">
    <p class='ocr_par' dir='ltr' id='par_1_61' title="bbox 2343 2741 3845 2819">
     <span class='ocr_line' id='line_1_61' title="bbox 2343 2741 3845 2819; baseline -0.001 -23"><span class='ocrx_word' id='word_1_397' title='bbox 2343 2742 2516 2803; x_wconf 89' lang='grc' dir='ltr'>στολος</span> <span class='ocrx_word' id='word_1_398' title='bbox 2576 2742 2779 2804; x_wconf 80' lang='grc' dir='ltr'>Παῦλος</span> <span class='ocrx_word' id='word_1_399' title='bbox 2841 2745 2900 2796; x_wconf 85' lang='grc' dir='ltr'><strong>τό</strong></span> <span class='ocrx_word' id='word_1_400' title='bbox 2975 2746 3106 2819; x_wconf 83' lang='grc' dir='ltr'>πρὸς</span> <span class='ocrx_word' id='word_1_401' title='bbox 3193 2741 3490 2817; x_wconf 71' lang='grc' dir='ltr'>ὑπόδειγμα</span> <span class='ocrx_word' id='word_1_402' title='bbox 3545 2751 3627 2807; x_wconf 76' lang='grc' dir='ltr'>τῆς</span> <span class='ocrx_word' id='word_1_403' title='bbox 3669 2744 3845 2816; x_wconf 55' lang='grc' dir='ltr'>ἡμετέρας</span> 
     </span>
    </p>
   </div>
   <div class='ocr_carea' id='block_1_62' title="bbox 2338 2829 3839 2905">
    <p class='ocr_par' dir='ltr' id='par_1_62' title="bbox 2338 2829 3839 2905">
     <span class='ocr_line' id='line_1_62' title="bbox 2338 2829 3839 2905; baseline -0.004 -20"><span class='ocrx_word' id='word_1_404' title='bbox 2338 2833 2707 2893; x_wconf 82' lang='grc' dir='ltr'>καταστάσιως</span> <span class='ocrx_word' id='word_1_405' title='bbox 2755 2830 2913 2885; x_wconf 81' lang='grc' dir='ltr'>ἐνίοτε</span> <span class='ocrx_word' id='word_1_406' title='bbox 2944 2829 3110 2904; x_wconf 83' lang='grc' dir='ltr'>ἐαυτῷ</span> <span class='ocrx_word' id='word_1_407' title='bbox 3140 2836 3240 2892; x_wconf 82' lang='grc' dir='ltr'>τὴν</span> <span class='ocrx_word' id='word_1_408' title='bbox 3308 2834 3447 2894; x_wconf 77' lang='grc' dir='ltr'>ζωὴν</span> <span class='ocrx_word' id='word_1_409' title='bbox 3496 2841 3564 2905; x_wconf 80' lang='grc' dir='ltr'>τῷ</span> <span class='ocrx_word' id='word_1_410' title='bbox 3592 2841 3674 2886; x_wconf 84' lang='grc' dir='ltr'>τῶν</span> <span class='ocrx_word' id='word_1_411' title='bbox 3711 2838 3839 2902; x_wconf 68' lang='grc' dir='ltr'>χειρῶν</span> 
     </span>
    </p>
   </div>
   <div class='ocr_carea' id='block_1_63' title="bbox 2337 2920 3842 2997">
    <p class='ocr_par' dir='ltr' id='par_1_63' title="bbox 2337 2920 3842 2997">
     <span class='ocr_line' id='line_1_63' title="bbox 2337 2920 3842 2997; baseline 0.002 -23"><span class='ocrx_word' id='word_1_412' title='bbox 2337 2925 2480 2994; x_wconf 81' lang='grc' dir='ltr'>κόπῳ</span> <span class='ocrx_word' id='word_1_413' title='bbox 2512 2921 2789 2992; x_wconf 78' lang='grc' dir='ltr'>ἐκτήσατο,</span> <span class='ocrx_word' id='word_1_414' title='bbox 2821 2928 2913 2975; x_wconf 79' lang='grc' dir='ltr'>τοῦ</span> <span class='ocrx_word' id='word_1_415' title='bbox 2943 2927 3014 2996; x_wconf 76' lang='grc' dir='ltr'>μὴ</span> <span class='ocrx_word' id='word_1_416' title='bbox 3078 2927 3321 2997; x_wconf 69' lang='grc' dir='ltr'>φορτικός</span> <span class='ocrx_word' id='word_1_417' title='bbox 3363 2923 3486 2977; x_wconf 78' lang='grc' dir='ltr'>εἶναι</span> <span class='ocrx_word' id='word_1_418' title='bbox 3533 2931 3630 2986; x_wconf 90' lang='grc' dir='ltr'><strong>τοίς</strong></span> <span class='ocrx_word' id='word_1_419' title='bbox 3671 2924 3726 2984; x_wconf 78' lang='grc' dir='ltr'>οἷς</span> <span class='ocrx_word' id='word_1_420' title='bbox 3762 2920 3842 2978; x_wconf 70' lang='grc' dir='ltr'>ἐκή-</span> 
     </span>
    </p>
   </div>
   <div class='ocr_carea' id='block_1_64' title="bbox 2334 3008 3847 3085">
    <p class='ocr_par' dir='ltr' id='par_1_64' title="bbox 2334 3008 3847 3085">
     <span class='ocr_line' id='line_1_64' title="bbox 2334 3008 3847 3085; baseline -0.001 -23"><span class='ocrx_word' id='word_1_421' title='bbox 2334 3029 2488 3085; x_wconf 88' lang='grc' dir='ltr'>ρυττε</span> <span class='ocrx_word' id='word_1_422' title='bbox 2552 3014 2612 3065; x_wconf 87' lang='grc' dir='ltr'><strong>τό</strong></span> <span class='ocrx_word' id='word_1_423' title='bbox 2666 3008 2992 3083; x_wconf 69' lang='grc' dir='ltr'>Εὗαγγέλιον,</span> <span class='ocrx_word' id='word_1_424' title='bbox 3075 3014 3262 3076; x_wconf 79' lang='grc' dir='ltr'>οἵτινες</span> <span class='ocrx_word' id='word_1_425' title='bbox 3353 3020 3684 3071; x_wconf 75' lang='grc' dir='ltr'>κατοκνούντις</span> <span class='ocrx_word' id='word_1_426' title='bbox 3724 3010 3847 3080; x_wconf 78' lang='grc' dir='ltr'>ἐπιχο-</span> 
     </span>
    </p>
   </div>
   <div class='ocr_carea' id='block_1_65' title="bbox 573 3095 2235 3202">
    <p class='ocr_par' dir='ltr' id='par_1_65' title="bbox 573 3103 2225 3181">
     <span class='ocr_line' id='line_1_65' title="bbox 573 3103 2225 3181; baseline 0.007 -22"><span class='ocrx_word' id='word_1_427' title='bbox 573 3109 850 3178; x_wconf 89' lang='lat' dir='ltr'><strong>sumptus</strong></span> <span class='ocrx_word' id='word_1_428' title='bbox 908 3103 1333 3162; x_wconf 87' lang='lat' dir='ltr'><strong>detrectassent</strong></span> <span class='ocrx_word' id='word_1_429' title='bbox 1403 3121 1473 3164; x_wconf 93' lang='lat' dir='ltr'><strong>eo</strong></span> <span class='ocrx_word' id='word_1_430' title='bbox 1530 3106 1663 3179; x_wconf 90' lang='lat' dir='ltr'><strong>ipso</strong></span> <span class='ocrx_word' id='word_1_431' title='bbox 1700 3107 2113 3181; x_wconf 87' lang='lat' dir='ltr'><strong>impediebant</strong></span> <span class='ocrx_word' id='word_1_432' title='bbox 2148 3128 2225 3169; x_wconf 91' lang='lat' dir='ltr'><strong>ne</strong></span> 
     </span>
    </p>
   </div>
   <div class='ocr_carea' id='block_1_66' title="bbox 2334 3095 3849 3202">
    <p class='ocr_par' dir='ltr' id='par_1_66' title="bbox 2335 3095 3849 3174">
     <span class='ocr_line' id='line_1_66' title="bbox 2335 3095 3849 3174; baseline -0.002 -21"><span class='ocrx_word' id='word_1_433' title='bbox 2335 3107 2514 3173; x_wconf 76' lang='grc' dir='ltr'>ρηγεῑν</span> <span class='ocrx_word' id='word_1_434' title='bbox 2540 3108 2612 3172; x_wconf 80' lang='grc' dir='ltr'>τῷ</span> <span class='ocrx_word' id='word_1_435' title='bbox 2660 3095 2972 3172; x_wconf 76' lang='grc' dir='ltr'>διδασκάλῳ</span> <span class='ocrx_word' id='word_1_436' title='bbox 3012 3095 3277 3174; x_wconf 80' lang='grc' dir='ltr'>δαπάνην,</span> <span class='ocrx_word' id='word_1_437' title='bbox 3338 3103 3471 3155; x_wconf 79' lang='grc' dir='ltr'>κατὰ</span> <span class='ocrx_word' id='word_1_438' title='bbox 3523 3108 3652 3155; x_wconf 74' lang='grc' dir='ltr'>τοῦτο</span> <span class='ocrx_word' id='word_1_439' title='bbox 3678 3107 3748 3153; x_wconf 74' lang='grc' dir='ltr'>τοῦ</span> <span class='ocrx_word' id='word_1_440' title='bbox 3787 3105 3849 3159; x_wconf 68' lang='grc' dir='ltr'>τῆς</span> 
     </span>
    </p>
   </div>
   <div class='ocr_carea' id='block_1_67' title="bbox 570 3193 1878 3268">
    <p class='ocr_par' dir='ltr' id='par_1_67' title="bbox 570 3193 1878 3268">
     <span class='ocr_line' id='line_1_67' title="bbox 570 3193 1878 3268; baseline 0.004 -19"><span class='ocrx_word' id='word_1_441' title='bbox 570 3193 1013 3267; x_wconf 67' lang='grc' dir='ltr'>ριιεεάἰοειιίοηὶε</span> <span class='ocrx_word' id='word_1_442' title='bbox 1038 3194 1393 3266; x_wconf 88' lang='lat' dir='ltr'><strong>mysterium</strong></span> <span class='ocrx_word' id='word_1_443' title='bbox 1422 3201 1878 3268; x_wconf 86' lang='lat' dir='ltr'><strong>propagaretur.</strong></span> 
     </span>
    </p>
   </div>
   <div class='ocr_carea' id='block_1_68' title="bbox 645 3281 2228 3358">
    <p class='ocr_par' dir='ltr' id='par_1_68' title="bbox 645 3281 2228 3358">
     <span class='ocr_line' id='line_1_68' title="bbox 645 3281 2228 3358; baseline 0.007 -21"><span class='ocrx_word' id='word_1_444' title='bbox 645 3281 713 3338; x_wconf 90' lang='lat' dir='ltr'><strong>Ut</strong></span> <span class='ocrx_word' id='word_1_445' title='bbox 741 3286 942 3338; x_wconf 87' lang='lat' dir='ltr'><strong>autem</strong></span> <span class='ocrx_word' id='word_1_446' title='bbox 988 3281 1246 3339; x_wconf 88' lang='lat' dir='ltr'><strong>breviter</strong></span> <span class='ocrx_word' id='word_1_447' title='bbox 1301 3283 1467 3356; x_wconf 93' lang='lat' dir='ltr'><strong>quod</strong></span> <span class='ocrx_word' id='word_1_448' title='bbox 1499 3300 1743 3357; x_wconf 69' lang='lat' dir='ltr'><strong>mquam</strong></span> <span class='ocrx_word' id='word_1_449' title='bbox 1790 3290 1846 3343; x_wconf 90' lang='lat' dir='ltr'><strong>et</strong></span> <span class='ocrx_word' id='word_1_450' title='bbox 1869 3287 2103 3358; x_wconf 87' lang='lat' dir='ltr'><strong>justum</strong></span> <span class='ocrx_word' id='word_1_451' title='bbox 2137 3294 2228 3349; x_wconf 89' lang='lat' dir='ltr'><strong>est</strong></span> 
     </span>
    </p>
   </div>
   <div class='ocr_carea' id='block_1_69' title="bbox 567 3370 2224 3452">
    <p class='ocr_par' dir='ltr' id='par_1_69' title="bbox 567 3370 2224 3452">
     <span class='ocr_line' id='line_1_69' title="bbox 567 3370 2224 3452; baseline 0.007 -27"><span class='ocrx_word' id='word_1_452' title='bbox 567 3370 990 3444; x_wconf 73' lang='lat' dir='ltr'><strong>praecipiamus</strong></span> <span class='ocrx_word' id='word_1_453' title='bbox 1015 3388 1027 3426; x_wconf 92' lang='lat'><strong>:</strong></span> <span class='ocrx_word' id='word_1_454' title='bbox 1054 3370 1321 3429; x_wconf 86' lang='lat' dir='ltr'><strong>habeant</strong></span> <span class='ocrx_word' id='word_1_455' title='bbox 1339 3372 1679 3431; x_wconf 88' lang='lat' dir='ltr'><strong>Latinorum</strong></span> <span class='ocrx_word' id='word_1_456' title='bbox 1698 3373 1968 3432; x_wconf 72' lang='lat' dir='ltr'><strong>Ecclesiae</strong></span> <span class='ocrx_word' id='word_1_457' title='bbox 1985 3376 2047 3433; x_wconf 91' lang='lat' dir='ltr'><strong>in</strong></span> <span class='ocrx_word' id='word_1_458' title='bbox 2071 3394 2224 3452; x_wconf 64' lang='lat' dir='ltr'><strong>prm-</strong></span> 
     </span>
    </p>
   </div>
   <div class='ocr_carea' id='block_1_70' title="bbox 568 3458 2226 3533">
    <p class='ocr_par' dir='ltr' id='par_1_70' title="bbox 568 3458 2226 3533">
     <span class='ocr_line' id='line_1_70' title="bbox 568 3458 2226 3533; baseline 0.007 -18"><span class='ocrx_word' id='word_1_459' title='bbox 568 3459 693 3515; x_wconf 83' lang='lat' dir='ltr'><strong>fata</strong></span> <span class='ocrx_word' id='word_1_460' title='bbox 729 3458 926 3516; x_wconf 90' lang='lat' dir='ltr'><strong>insula</strong></span> <span class='ocrx_word' id='word_1_461' title='bbox 952 3458 1217 3517; x_wconf 89' lang='lat' dir='ltr'><strong>decimas</strong></span> <span class='ocrx_word' id='word_1_462' title='bbox 1263 3464 1320 3517; x_wconf 90' lang='lat' dir='ltr'><strong>et</strong></span> <span class='ocrx_word' id='word_1_463' title='bbox 1375 3460 1620 3518; x_wconf 87' lang='lat' dir='ltr'><strong>obtenta</strong></span> <span class='ocrx_word' id='word_1_464' title='bbox 1657 3462 1788 3533; x_wconf 90' lang='lat' dir='ltr'><strong>jam</strong></span> <span class='ocrx_word' id='word_1_465' title='bbox 1853 3467 2226 3526; x_wconf 91' lang='lat' dir='ltr'><strong>consuetudo</strong></span> 
     </span>
    </p>
   </div>
   <div class='ocr_carea' id='block_1_71' title="bbox 568 3547 2225 3624">
    <p class='ocr_par' dir='ltr' id='par_1_71' title="bbox 568 3547 2225 3624">
     <span class='ocr_line' id='line_1_71' title="bbox 568 3547 2225 3624; baseline 0.005 -21"><span class='ocrx_word' id='word_1_466' title='bbox 568 3547 848 3619; x_wconf 87' lang='lat' dir='ltr'><strong>exigendi</strong></span> <span class='ocrx_word' id='word_1_467' title='bbox 881 3547 1181 3619; x_wconf 89' lang='lat' dir='ltr'><strong>ejusmodi</strong></span> <span class='ocrx_word' id='word_1_468' title='bbox 1210 3548 1477 3606; x_wconf 89' lang='lat' dir='ltr'><strong>decimas</strong></span> <span class='ocrx_word' id='word_1_469' title='bbox 1502 3564 1610 3622; x_wconf 88' lang='lat' dir='ltr'><strong>per</strong></span> <span class='ocrx_word' id='word_1_470' title='bbox 1633 3551 1949 3624; x_wconf 85' lang='lat' dir='ltr'><strong>pontiﬁces</strong></span> <span class='ocrx_word' id='word_1_471' title='bbox 2006 3560 2063 3611; x_wconf 92' lang='lat' dir='ltr'><strong>et</strong></span> <span class='ocrx_word' id='word_1_472' title='bbox 2114 3555 2225 3612; x_wconf 87' lang='lat' dir='ltr'><strong>cle-</strong></span> 
     </span>
    </p>
   </div>
   <div class='ocr_carea' id='block_1_72' title="bbox 569 3636 2220 3714">
    <p class='ocr_par' dir='ltr' id='par_1_72' title="bbox 569 3636 2220 3714">
     <span class='ocr_line' id='line_1_72' title="bbox 569 3636 2220 3714; baseline 0.004 -20"><span class='ocrx_word' id='word_1_473' title='bbox 569 3636 727 3694; x_wconf 84' lang='lat' dir='ltr'><strong>ricos</strong></span> <span class='ocrx_word' id='word_1_474' title='bbox 769 3636 1110 3694; x_wconf 89' lang='lat' dir='ltr'><strong>Latinorum</strong></span> <span class='ocrx_word' id='word_1_475' title='bbox 1149 3638 1482 3698; x_wconf 85' lang='lat' dir='ltr'><strong>executioni</strong></span> <span class='ocrx_word' id='word_1_476' title='bbox 1530 3638 1815 3714; x_wconf 90' lang='lat' dir='ltr'><strong>deinceps</strong></span> <span class='ocrx_word' id='word_1_477' title='bbox 1878 3644 2220 3702; x_wconf 86' lang='lat' dir='ltr'><strong>mandetur.</strong></span> 
     </span>
    </p>
   </div>
   <div class='ocr_carea' id='block_1_73' title="bbox 572 3725 2223 3800">
    <p class='ocr_par' dir='ltr' id='par_1_73' title="bbox 572 3725 2223 3800">
     <span class='ocr_line' id='line_1_73' title="bbox 572 3725 2223 3800; baseline 0.007 -20"><span class='ocrx_word' id='word_1_478' title='bbox 572 3725 860 3793; x_wconf 87' lang='lat' dir='ltr'><strong>Quocirca</strong></span> <span class='ocrx_word' id='word_1_479' title='bbox 888 3742 1027 3783; x_wconf 90' lang='lat' dir='ltr'><strong>cum</strong></span> <span class='ocrx_word' id='word_1_480' title='bbox 1054 3726 1115 3783; x_wconf 91' lang='lat' dir='ltr'><strong>in</strong></span> <span class='ocrx_word' id='word_1_481' title='bbox 1144 3725 1262 3783; x_wconf 90' lang='lat' dir='ltr'><strong>hac</strong></span> <span class='ocrx_word' id='word_1_482' title='bbox 1298 3732 1468 3800; x_wconf 87' lang='lat' dir='ltr'><strong>parte</strong></span> <span class='ocrx_word' id='word_1_483' title='bbox 1508 3730 1866 3787; x_wconf 88' lang='lat' dir='ltr'><strong>servandam</strong></span> <span class='ocrx_word' id='word_1_484' title='bbox 1908 3747 2041 3788; x_wconf 87' lang='lat' dir='ltr'><strong>esse</strong></span> <span class='ocrx_word' id='word_1_485' title='bbox 2080 3749 2223 3791; x_wconf 90' lang='lat' dir='ltr'><strong>con-</strong></span> 
     </span>
    </p>
   </div>
   <div class='ocr_carea' id='block_1_74' title="bbox 572 3813 2225 3885">
    <p class='ocr_par' dir='ltr' id='par_1_74' title="bbox 572 3813 2225 3885">
     <span class='ocr_line' id='line_1_74' title="bbox 572 3813 2225 3885; baseline 0.003 -16"><span class='ocrx_word' id='word_1_486' title='bbox 572 3813 953 3870; x_wconf 87' lang='lat' dir='ltr'><strong>suetudinem</strong></span> <span class='ocrx_word' id='word_1_487' title='bbox 984 3830 1350 3885; x_wconf 88' lang='lat' dir='ltr'><strong>asseramus,</strong></span> <span class='ocrx_word' id='word_1_488' title='bbox 1382 3831 1561 3872; x_wconf 90' lang='lat' dir='ltr'><strong>nemo</strong></span> <span class='ocrx_word' id='word_1_489' title='bbox 1590 3831 1800 3873; x_wconf 92' lang='lat' dir='ltr'><strong>eorum</strong></span> <span class='ocrx_word' id='word_1_490' title='bbox 1830 3818 2128 3874; x_wconf 84' lang='lat' dir='ltr'><strong>existimet</strong></span> <span class='ocrx_word' id='word_1_491' title='bbox 2161 3834 2225 3874; x_wconf 90' lang='lat' dir='ltr'><strong>se</strong></span> 
     </span>
    </p>
   </div>
   <div class='ocr_carea' id='block_1_75' title="bbox 569 3902 2225 3977">
    <p class='ocr_par' dir='ltr' id='par_1_75' title="bbox 569 3902 2225 3977">
     <span class='ocr_line' id='line_1_75' title="bbox 569 3902 2225 3977; baseline 0.002 -17"><span class='ocrx_word' id='word_1_492' title='bbox 569 3902 905 3960; x_wconf 92' lang='lat' dir='ltr'><strong>immunem</strong></span> <span class='ocrx_word' id='word_1_493' title='bbox 942 3920 978 3960; x_wconf 87' lang='lat' dir='ltr'><strong>a</strong></span> <span class='ocrx_word' id='word_1_494' title='bbox 1002 3904 1296 3961; x_wconf 90' lang='lat' dir='ltr'><strong>solutione</strong></span> <span class='ocrx_word' id='word_1_495' title='bbox 1322 3904 1695 3962; x_wconf 88' lang='lat' dir='ltr'><strong>decimarum</strong></span> <span class='ocrx_word' id='word_1_496' title='bbox 1737 3906 1871 3977; x_wconf 86' lang='lat' dir='ltr'><strong>jure</strong></span> <span class='ocrx_word' id='word_1_497' title='bbox 1929 3907 2225 3964; x_wconf 91' lang='lat' dir='ltr'><strong>canonico</strong></span> 
     </span>
    </p>
   </div>
   <div class='ocr_carea' id='block_1_76' title="bbox 572 3992 1265 4050">
    <p class='ocr_par' dir='ltr' id='par_1_76' title="bbox 572 3992 1265 4050">
     <span class='ocr_line' id='line_1_76' title="bbox 572 3992 1265 4050; baseline -0.001 0"><span class='ocrx_word' id='word_1_498' title='bbox 572 3996 629 4050; x_wconf 89' lang='lat' dir='ltr'><strong>et</strong></span> <span class='ocrx_word' id='word_1_499' title='bbox 661 3992 864 4050; x_wconf 90' lang='lat' dir='ltr'><strong>divino</strong></span> <span class='ocrx_word' id='word_1_500' title='bbox 902 3992 1265 4050; x_wconf 89' lang='lat' dir='ltr'><strong>debitarum.</strong></span> 
     </span>
    </p>
   </div>
   <div class='ocr_carea' id='block_1_77' title="bbox 645 4174 2224 4249">
    <p class='ocr_par' dir='ltr' id='par_1_77' title="bbox 645 4174 2224 4249">
     <span class='ocr_line' id='line_1_77' title="bbox 645 4174 2224 4249; baseline 0 -17"><span class='ocrx_word' id='word_1_501' title='bbox 645 4175 930 4242; x_wconf 83' lang='lat' dir='ltr'><strong>Quamvis</strong></span> <span class='ocrx_word' id='word_1_502' title='bbox 950 4175 1155 4249; x_wconf 83' lang='lat' dir='ltr'><strong>itaque</strong></span> <span class='ocrx_word' id='word_1_503' title='bbox 1174 4179 1230 4232; x_wconf 88' lang='lat' dir='ltr'><strong>et</strong></span> <span class='ocrx_word' id='word_1_504' title='bbox 1251 4177 1588 4233; x_wconf 57' lang='lat' dir='ltr'><strong>Graecorum</strong></span> <span class='ocrx_word' id='word_1_505' title='bbox 1602 4174 1925 4233; x_wconf 84' lang='lat' dir='ltr'><strong>Ecclesiam</strong></span> <span class='ocrx_word' id='word_1_506' title='bbox 1937 4176 2103 4247; x_wconf 85' lang='lat' dir='ltr'><strong>regni</strong></span> <span class='ocrx_word' id='word_1_507' title='bbox 2117 4179 2224 4248; x_wconf 87' lang='lat' dir='ltr'><strong>Cy-</strong></span> 
     </span>
    </p>
   </div>
   <div class='ocr_carea' id='block_1_78' title="bbox 572 4263 2225 4337">
    <p class='ocr_par' dir='ltr' id='par_1_78' title="bbox 572 4263 2225 4337">
     <span class='ocr_line' id='line_1_78' title="bbox 572 4263 2225 4337; baseline 0.001 -19"><span class='ocrx_word' id='word_1_508' title='bbox 572 4263 664 4335; x_wconf 90' lang='lat' dir='ltr'><strong>pri</strong></span> <span class='ocrx_word' id='word_1_509' title='bbox 695 4280 766 4319; x_wconf 84' lang='lat' dir='ltr'><strong>ex</strong></span> <span class='ocrx_word' id='word_1_510' title='bbox 796 4264 911 4320; x_wconf 86' lang='lat' dir='ltr'><strong>hac</strong></span> <span class='ocrx_word' id='word_1_511' title='bbox 949 4263 1370 4320; x_wconf 86' lang='lat' dir='ltr'><strong>constitutione</strong></span> <span class='ocrx_word' id='word_1_512' title='bbox 1406 4280 1523 4319; x_wconf 91' lang='lat' dir='ltr'><strong>non</strong></span> <span class='ocrx_word' id='word_1_513' title='bbox 1559 4263 1633 4320; x_wconf 90' lang='lat' dir='ltr'><strong>sit</strong></span> <span class='ocrx_word' id='word_1_514' title='bbox 1663 4263 1946 4337; x_wconf 92' lang='lat' dir='ltr'><strong>deinceps</strong></span> <span class='ocrx_word' id='word_1_515' title='bbox 1976 4264 2225 4336; x_wconf 87' lang='lat' dir='ltr'><strong>quidem</strong></span> 
     </span>
    </p>
   </div>
   <div class='ocr_carea' id='block_1_79' title="bbox 571 4350 2225 4423">
    <p class='ocr_par' dir='ltr' id='par_1_79' title="bbox 571 4350 2225 4423">
     <span class='ocr_line' id='line_1_79' title="bbox 571 4350 2225 4423; baseline 0 -16"><span class='ocrx_word' id='word_1_516' title='bbox 571 4350 853 4407; x_wconf 85' lang='lat' dir='ltr'><strong>habitura</strong></span> <span class='ocrx_word' id='word_1_517' title='bbox 876 4350 1313 4423; x_wconf 86' lang='lat' dir='ltr'><strong>metropolitam</strong></span> <span class='ocrx_word' id='word_1_518' title='bbox 1340 4368 1463 4407; x_wconf 67' lang='lat' dir='ltr'><strong>suae</strong></span> <span class='ocrx_word' id='word_1_519' title='bbox 1491 4351 1699 4423; x_wconf 90' lang='lat' dir='ltr'><strong>gentis,</strong></span> <span class='ocrx_word' id='word_1_520' title='bbox 1722 4350 2003 4408; x_wconf 90' lang='lat' dir='ltr'><strong>volumus</strong></span> <span class='ocrx_word' id='word_1_521' title='bbox 2022 4357 2225 4407; x_wconf 87' lang='lat' dir='ltr'><strong>tamen</strong></span> 
     </span>
    </p>
   </div>
   <div class='ocr_carea' id='block_1_80' title="bbox 573 4439 2220 4513">
    <p class='ocr_par' dir='ltr' id='par_1_80' title="bbox 573 4439 2220 4513">
     <span class='ocr_line' id='line_1_80' title="bbox 573 4439 2220 4513; baseline 0.001 -17"><span class='ocrx_word' id='word_1_522' title='bbox 573 4439 870 4508; x_wconf 86' lang='lat' dir='ltr'><strong>ejusmodi</strong></span> <span class='ocrx_word' id='word_1_523' title='bbox 904 4442 1287 4509; x_wconf 86' lang='lat' dir='ltr'><strong>Germanum,</strong></span> <span class='ocrx_word' id='word_1_524' title='bbox 1310 4444 1644 4498; x_wconf 78' lang='lat' dir='ltr'><strong>Graecorum</strong></span> <span class='ocrx_word' id='word_1_525' title='bbox 1674 4441 2220 4513; x_wconf 87' lang='lat' dir='ltr'><strong>archiepiscopum,</strong></span> 
     </span>
    </p>
   </div>
   <div class='ocr_carea' id='block_1_81' title="bbox 572 4527 2225 4605">
    <p class='ocr_par' dir='ltr' id='par_1_81' title="bbox 572 4527 2225 4605">
     <span class='ocr_line' id='line_1_81' title="bbox 572 4527 2225 4605; baseline 0.002 -21"><span class='ocrx_word' id='word_1_526' title='bbox 572 4527 778 4602; x_wconf 91' lang='lat' dir='ltr'><strong>quoad</strong></span> <span class='ocrx_word' id='word_1_527' title='bbox 798 4528 1005 4585; x_wconf 83' lang='lat' dir='ltr'><strong>vixerit</strong></span> <span class='ocrx_word' id='word_1_528' title='bbox 1024 4528 1268 4584; x_wconf 88' lang='lat' dir='ltr'><strong>nomine</strong></span> <span class='ocrx_word' id='word_1_529' title='bbox 1286 4534 1343 4585; x_wconf 91' lang='lat' dir='ltr'><strong>et</strong></span> <span class='ocrx_word' id='word_1_530' title='bbox 1362 4529 1588 4585; x_wconf 90' lang='lat' dir='ltr'><strong>honore</strong></span> <span class='ocrx_word' id='word_1_531' title='bbox 1614 4528 1922 4601; x_wconf 87' lang='lat' dir='ltr'><strong>dignitatis</strong></span> <span class='ocrx_word' id='word_1_532' title='bbox 1939 4530 2225 4605; x_wconf 86' lang='lat' dir='ltr'><strong>archiepi-</strong></span> 
     </span>
    </p>
   </div>
   <div class='ocr_carea' id='block_1_82' title="bbox 573 4616 2224 4692">
    <p class='ocr_par' dir='ltr' id='par_1_82' title="bbox 573 4616 2224 4692">
     <span class='ocr_line' id='line_1_82' title="bbox 573 4616 2224 4692; baseline 0.001 -17"><span class='ocrx_word' id='word_1_533' title='bbox 573 4616 829 4691; x_wconf 79' lang='lat' dir='ltr'><strong>scopalis</strong></span> <span class='ocrx_word' id='word_1_534' title='bbox 859 4617 995 4673; x_wconf 84' lang='lat' dir='ltr'><strong>frui.</strong></span> <span class='ocrx_word' id='word_1_535' title='bbox 1056 4619 1248 4684; x_wconf 87' lang='lat' dir='ltr'><strong>Quam</strong></span> <span class='ocrx_word' id='word_1_536' title='bbox 1279 4617 1359 4674; x_wconf 88' lang='lat' dir='ltr'><strong>ob</strong></span> <span class='ocrx_word' id='word_1_537' title='bbox 1390 4633 1636 4674; x_wconf 87' lang='lat' dir='ltr'><strong>causam</strong></span> <span class='ocrx_word' id='word_1_538' title='bbox 1671 4624 1730 4675; x_wconf 89' lang='lat' dir='ltr'><strong>et</strong></span> <span class='ocrx_word' id='word_1_539' title='bbox 1756 4634 1895 4674; x_wconf 89' lang='lat' dir='ltr'><strong>eum</strong></span> <span class='ocrx_word' id='word_1_540' title='bbox 1922 4635 2115 4692; x_wconf 89' lang='lat' dir='ltr'><strong>usque</strong></span> <span class='ocrx_word' id='word_1_541' title='bbox 2146 4620 2224 4676; x_wconf 87' lang='lat' dir='ltr'><strong>ad</strong></span> 
     </span>
    </p>
   </div>
   <div class='ocr_carea' id='block_1_83' title="bbox 572 4704 2226 4781">
    <p class='ocr_par' dir='ltr' id='par_1_83' title="bbox 572 4704 2226 4781">
     <span class='ocr_line' id='line_1_83' title="bbox 572 4704 2226 4781; baseline 0.001 -18"><span class='ocrx_word' id='word_1_542' title='bbox 572 4712 825 4763; x_wconf 87' lang='lat' dir='ltr'><strong>mortem</strong></span> <span class='ocrx_word' id='word_1_543' title='bbox 859 4723 897 4764; x_wconf 92' lang='lat' dir='ltr'><strong>a</strong></span> <span class='ocrx_word' id='word_1_544' title='bbox 924 4710 1215 4779; x_wconf 88' lang='lat' dir='ltr'><strong>potestate</strong></span> <span class='ocrx_word' id='word_1_545' title='bbox 1243 4710 1299 4762; x_wconf 92' lang='lat' dir='ltr'><strong>et</strong></span> <span class='ocrx_word' id='word_1_546' title='bbox 1326 4704 1548 4762; x_wconf 91' lang='lat' dir='ltr'><strong>ditione</strong></span> <span class='ocrx_word' id='word_1_547' title='bbox 1590 4708 1885 4763; x_wconf 67' lang='lat' dir='ltr'><strong>Leucosite</strong></span> <span class='ocrx_word' id='word_1_548' title='bbox 1938 4708 2226 4781; x_wconf 87' lang='lat' dir='ltr'><strong>archiepi-</strong></span> 
     </span>
    </p>
   </div>
   <div class='ocr_carea' id='block_1_84' title="bbox 571 4795 2225 4869">
    <p class='ocr_par' dir='ltr' id='par_1_84' title="bbox 571 4795 2225 4869">
     <span class='ocr_line' id='line_1_84' title="bbox 571 4795 2225 4869; baseline 0.001 -18"><span class='ocrx_word' id='word_1_549' title='bbox 571 4796 739 4869; x_wconf 91' lang='lat' dir='ltr'><strong>scopi</strong></span> <span class='ocrx_word' id='word_1_550' title='bbox 764 4796 1099 4853; x_wconf 90' lang='lat' dir='ltr'><strong>immunem</strong></span> <span class='ocrx_word' id='word_1_551' title='bbox 1130 4804 1376 4868; x_wconf 80' lang='lat' dir='ltr'><strong>prcrsus</strong></span> <span class='ocrx_word' id='word_1_552' title='bbox 1396 4810 1529 4851; x_wconf 90' lang='lat' dir='ltr'><strong>esse</strong></span> <span class='ocrx_word' id='word_1_553' title='bbox 1562 4797 1840 4851; x_wconf 84' lang='lat' dir='ltr'><strong>volumus</strong></span> <span class='ocrx_word' id='word_1_554' title='bbox 1874 4800 1931 4851; x_wconf 88' lang='lat' dir='ltr'><strong>et</strong></span> <span class='ocrx_word' id='word_1_555' title='bbox 1957 4795 2225 4853; x_wconf 87' lang='lat' dir='ltr'><strong>decerni-</strong></span> 
     </span>
    </p>
   </div>
   <div class='ocr_carea' id='block_1_85' title="bbox 572 4884 2226 4959">
    <p class='ocr_par' dir='ltr' id='par_1_85' title="bbox 572 4884 2226 4959">
     <span class='ocr_line' id='line_1_85' title="bbox 572 4884 2226 4959; baseline -0.001 -17"><span class='ocrx_word' id='word_1_556' title='bbox 572 4902 733 4954; x_wconf 89' lang='lat' dir='ltr'><strong>mus,</strong></span> <span class='ocrx_word' id='word_1_557' title='bbox 765 4902 837 4943; x_wconf 87' lang='lat' dir='ltr'><strong>ac</strong></span> <span class='ocrx_word' id='word_1_558' title='bbox 874 4884 1260 4959; x_wconf 66' lang='lat' dir='ltr'><strong>praecipimus</strong></span> <span class='ocrx_word' id='word_1_559' title='bbox 1300 4888 1384 4953; x_wconf 90' lang='lat' dir='ltr'><strong>ut,</strong></span> <span class='ocrx_word' id='word_1_560' title='bbox 1434 4884 1717 4941; x_wconf 78' lang='lat' dir='ltr'><strong>defuncto</strong></span> <span class='ocrx_word' id='word_1_561' title='bbox 1767 4884 2066 4956; x_wconf 89' lang='lat' dir='ltr'><strong>ejusmodi</strong></span> <span class='ocrx_word' id='word_1_562' title='bbox 2093 4888 2226 4941; x_wconf 85' lang='lat' dir='ltr'><strong>Ger-</strong></span> 
     </span>
    </p>
   </div>
   <div class='ocr_carea' id='block_1_86' title="bbox 572 4972 2225 5047">
    <p class='ocr_par' dir='ltr' id='par_1_86' title="bbox 572 4972 2225 5047">
     <span class='ocr_line' id='line_1_86' title="bbox 572 4972 2225 5047; baseline 0 -17"><span class='ocrx_word' id='word_1_563' title='bbox 572 4989 782 5040; x_wconf 90' lang='lat' dir='ltr'><strong>mano,</strong></span> <span class='ocrx_word' id='word_1_564' title='bbox 810 4974 1011 5031; x_wconf 88' lang='lat' dir='ltr'><strong>nullus</strong></span> <span class='ocrx_word' id='word_1_565' title='bbox 1033 4973 1185 5031; x_wconf 88' lang='lat' dir='ltr'><strong>alius</strong></span> <span class='ocrx_word' id='word_1_566' title='bbox 1211 4976 1450 5031; x_wconf 70' lang='lat' dir='ltr'><strong>Grmcus</strong></span> <span class='ocrx_word' id='word_1_567' title='bbox 1475 4972 1963 5047; x_wconf 84' lang='lat' dir='ltr'><strong>archiepiscopus</strong></span> <span class='ocrx_word' id='word_1_568' title='bbox 1990 4972 2049 5030; x_wconf 91' lang='lat' dir='ltr'><strong>in</strong></span> <span class='ocrx_word' id='word_1_569' title='bbox 2075 4989 2225 5047; x_wconf 68' lang='lat' dir='ltr'><strong>prte-</strong></span> 
     </span>
    </p>
   </div>
   <div class='ocr_carea' id='block_1_87' title="bbox 573 5062 2221 5135">
    <p class='ocr_par' dir='ltr' id='par_1_87' title="bbox 573 5062 2221 5135">
     <span class='ocr_line' id='line_1_87' title="bbox 573 5062 2221 5135; baseline -0.001 -15"><span class='ocrx_word' id='word_1_570' title='bbox 573 5062 695 5120; x_wconf 80' lang='lat' dir='ltr'><strong>fato</strong></span> <span class='ocrx_word' id='word_1_571' title='bbox 723 5064 1119 5121; x_wconf 87' lang='lat' dir='ltr'><strong>constituatur</strong></span> <span class='ocrx_word' id='word_1_572' title='bbox 1156 5078 1360 5135; x_wconf 88' lang='lat' dir='ltr'><strong>regno.</strong></span> <span class='ocrx_word' id='word_1_573' title='bbox 1389 5065 1626 5130; x_wconf 86' lang='lat' dir='ltr'><strong>Verum,</strong></span> <span class='ocrx_word' id='word_1_574' title='bbox 1663 5077 1739 5118; x_wconf 90' lang='lat' dir='ltr'><strong>ne</strong></span> <span class='ocrx_word' id='word_1_575' title='bbox 1777 5062 2076 5134; x_wconf 91' lang='lat' dir='ltr'><strong>ejusmodi</strong></span> <span class='ocrx_word' id='word_1_576' title='bbox 2131 5078 2221 5120; x_wconf 89' lang='lat' dir='ltr'><strong>ar-</strong></span> 
     </span>
    </p>
   </div>
   <div class='ocr_carea' id='block_1_88' title="bbox 644 5240 2223 5315">
    <p class='ocr_par' dir='ltr' id='par_1_88' title="bbox 644 5240 2223 5315">
     <span class='ocr_line' id='line_1_88' title="bbox 644 5240 2223 5315; baseline 0.001 -18"><span class='ocrx_word' id='word_1_577' title='bbox 644 5240 1067 5315; x_wconf 55' lang='grc' dir='ltr'>(Ἠλβυςάντια.</span> <span class='ocrx_word' id='word_1_578' title='bbox 1097 5241 1337 5315; x_wconf 86' lang='lat' dir='ltr'><strong>Nummi</strong></span> <span class='ocrx_word' id='word_1_579' title='bbox 1381 5256 1569 5312; x_wconf 86' lang='lat' dir='ltr'><strong>genus</strong></span> <span class='ocrx_word' id='word_1_580' title='bbox 1621 5242 1799 5298; x_wconf 86' lang='lat' dir='ltr'><strong>unius</strong></span> <span class='ocrx_word' id='word_1_581' title='bbox 1831 5241 2012 5315; x_wconf 81' lang='lat' dir='ltr'><strong>aurei.</strong></span> <span class='ocrx_word' id='word_1_582' title='bbox 2048 5241 2223 5298; x_wconf 78' lang='lat' dir='ltr'><strong>Inno-</strong></span> 
     </span>
    </p>
   </div>
   <div class='ocr_carea' id='block_1_89' title="bbox 573 5313 2226 5385">
    <p class='ocr_par' dir='ltr' id='par_1_89' title="bbox 573 5313 2226 5385">
     <span class='ocr_line' id='line_1_89' title="bbox 573 5313 2226 5385; baseline -0.002 -13"><span class='ocrx_word' id='word_1_583' title='bbox 573 5313 854 5379; x_wconf 63' lang='lat' dir='ltr'><strong>cent.&#39;IlI,</strong></span> <span class='ocrx_word' id='word_1_584' title='bbox 888 5313 1030 5369; x_wconf 55' lang='lat' dir='ltr'><strong>liba</strong></span> <span class='ocrx_word' id='word_1_585' title='bbox 1064 5313 1233 5385; x_wconf 88' lang='lat' dir='ltr'><strong>epist.</strong></span> <span class='ocrx_word' id='word_1_586' title='bbox 1265 5314 1343 5369; x_wconf 90' lang='lat' dir='ltr'><strong>ad</strong></span> <span class='ocrx_word' id='word_1_587' title='bbox 1369 5329 1572 5384; x_wconf 86' lang='lat' dir='ltr'><strong>regem</strong></span> <span class='ocrx_word' id='word_1_588' title='bbox 1606 5313 1975 5384; x_wconf 83' lang='lat' dir='ltr'><strong>Portugalliae</strong></span> <span class='ocrx_word' id='word_1_589' title='bbox 2001 5329 2015 5369; x_wconf 89' lang='lat'><strong>:</strong></span> <span class='ocrx_word' id='word_1_590' title='bbox 2043 5315 2226 5370; x_wconf 76' lang='lat' dir='ltr'><strong>Pater</strong></span> 
     </span>
    </p>
   </div>
   <div class='ocr_carea' id='block_1_90' title="bbox 574 5386 2225 5454">
    <p class='ocr_par' dir='ltr' id='par_1_90' title="bbox 574 5386 2225 5454">
     <span class='ocr_line' id='line_1_90' title="bbox 574 5386 2225 5454; baseline 0.001 -13"><span class='ocrx_word' id='word_1_591' title='bbox 574 5394 711 5442; x_wconf 79' lang='lat' dir='ltr'><strong>tuus</strong></span> <span class='ocrx_word' id='word_1_592' title='bbox 727 5390 965 5442; x_wconf 82' lang='lat' dir='ltr'><strong>centum</strong></span> <span class='ocrx_word' id='word_1_593' title='bbox 980 5386 1287 5454; x_wconf 73' lang='lat' dir='ltr'><strong>byzantios</strong></span> <span class='ocrx_word' id='word_1_594' title='bbox 1299 5387 1616 5442; x_wconf 79' lang='lat' dir='ltr'><strong>annuatim</strong></span> <span class='ocrx_word' id='word_1_595' title='bbox 1630 5386 1915 5442; x_wconf 73' lang='lat' dir='ltr'><strong>Romana:</strong></span> <span class='ocrx_word' id='word_1_596' title='bbox 1937 5386 2225 5442; x_wconf 73' lang='lat' dir='ltr'><strong>Ecclesiw</strong></span> 
     </span>
    </p>
   </div>
   <div class='ocr_carea' id='block_1_91' title="bbox 572 5456 2226 5529">
    <p class='ocr_par' dir='ltr' id='par_1_91' title="bbox 572 5456 2226 5529">
     <span class='ocr_line' id='line_1_91' title="bbox 572 5456 2226 5529; baseline -0.002 -15"><span class='ocrx_word' id='word_1_597' title='bbox 572 5457 877 5514; x_wconf 78' lang='lat' dir='ltr'><strong>constituit</strong></span> <span class='ocrx_word' id='word_1_598' title='bbox 909 5457 1232 5529; x_wconf 72' lang='lat' dir='ltr'><strong>censuales.</strong></span> <span class='ocrx_word' id='word_1_599' title='bbox 1258 5458 1481 5529; x_wconf 82' lang='lat' dir='ltr'><strong>Horum</strong></span> <span class='ocrx_word' id='word_1_600' title='bbox 1508 5462 1707 5529; x_wconf 86' lang='lat' dir='ltr'><strong>autem</strong></span> <span class='ocrx_word' id='word_1_601' title='bbox 1726 5456 1993 5529; x_wconf 74' lang='lat' dir='ltr'><strong>pondus</strong></span> <span class='ocrx_word' id='word_1_602' title='bbox 2006 5471 2085 5529; x_wconf 64' lang='lat' dir='ltr'><strong>ei;</strong></span> <span class='ocrx_word' id='word_1_603' title='bbox 2138 5472 2226 5512; x_wconf 86' lang='lat' dir='ltr'><strong>rc-</strong></span> 
     </span>
    </p>
   </div>
   <div class='ocr_carea' id='block_1_92' title="bbox 573 5525 2220 5603">
    <p class='ocr_par' dir='ltr' id='par_1_92' title="bbox 573 5525 2220 5603">
     <span class='ocr_line' id='line_1_92' title="bbox 573 5525 2220 5603; baseline 0 -19"><span class='ocrx_word' id='word_1_604' title='bbox 573 5530 900 5603; x_wconf 82' lang='lat' dir='ltr'><strong>sponsione</strong></span> <span class='ocrx_word' id='word_1_605' title='bbox 926 5525 1198 5603; x_wconf 84' lang='lat' dir='ltr'><strong>ejusdem</strong></span> <span class='ocrx_word' id='word_1_606' title='bbox 1227 5527 1383 5596; x_wconf 78' lang='lat' dir='ltr'><strong>regis</strong></span> <span class='ocrx_word' id='word_1_607' title='bbox 1410 5527 1489 5583; x_wconf 90' lang='lat' dir='ltr'><strong>ad</strong></span> <span class='ocrx_word' id='word_1_608' title='bbox 1542 5525 1891 5603; x_wconf 72' lang='lat' dir='ltr'><strong>pontificem</strong></span> <span class='ocrx_word' id='word_1_609' title='bbox 1945 5526 2173 5583; x_wconf 89' lang='lat' dir='ltr'><strong>elicitur</strong></span> <span class='ocrx_word' id='word_1_610' title='bbox 2206 5544 2220 5584; x_wconf 88' lang='lat'><strong>:</strong></span> 
     </span>
    </p>
   </div>
   <div class='ocr_carea' id='block_1_93' title="bbox 571 5599 2223 5678">
    <p class='ocr_par' dir='ltr' id='par_1_93' title="bbox 571 5599 2223 5678">
     <span class='ocr_line' id='line_1_93' title="bbox 571 5599 2223 5678; baseline -0.002 -15"><span class='ocrx_word' id='word_1_611' title='bbox 571 5599 898 5678; x_wconf 78' lang='lat' dir='ltr'><strong>respondet</strong></span> <span class='ocrx_word' id='word_1_612' title='bbox 923 5600 1085 5659; x_wconf 86' lang='lat' dir='ltr'><strong>enim</strong></span> <span class='ocrx_word' id='word_1_613' title='bbox 1114 5614 1177 5657; x_wconf 88' lang='lat' dir='ltr'><strong>se</strong></span> <span class='ocrx_word' id='word_1_614' title='bbox 1199 5614 1316 5672; x_wconf 80' lang='lat' dir='ltr'><strong>pro</strong></span> <span class='ocrx_word' id='word_1_615' title='bbox 1339 5613 1519 5659; x_wconf 77' lang='lat' dir='ltr'><strong>censu</strong></span> <span class='ocrx_word' id='word_1_616' title='bbox 1538 5599 1793 5658; x_wconf 81' lang='lat' dir='ltr'><strong>annuati</strong></span> <span class='ocrx_word' id='word_1_617' title='bbox 1818 5601 2012 5667; x_wconf 79' lang='lat' dir='ltr'><strong>decem</strong></span> <span class='ocrx_word' id='word_1_618' title='bbox 2040 5613 2223 5659; x_wconf 83' lang='lat' dir='ltr'><strong>anno-</strong></span> 
     </span>
    </p>
   </div>
   <div class='ocr_carea' id='block_1_94' title="bbox 2335 3191 3273 3264">
    <p class='ocr_par' dir='ltr' id='par_1_94' title="bbox 2335 3191 3273 3264">
     <span class='ocr_line' id='line_1_94' title="bbox 2335 3191 3273 3264; baseline 0.002 -22"><span class='ocrx_word' id='word_1_619' title='bbox 2335 3194 2597 3264; x_wconf 71' lang='grc' dir='ltr'>χορηγίας</span> <span class='ocrx_word' id='word_1_620' title='bbox 2629 3209 2781 3263; x_wconf 82' lang='grc' dir='ltr'>στερη</span> <span class='ocrx_word' id='word_1_621' title='bbox 2792 3191 2922 3242; x_wconf 72' lang='grc' dir='ltr'>ϐῶσι</span> <span class='ocrx_word' id='word_1_622' title='bbox 2944 3209 3155 3263; x_wconf 86' lang='grc' dir='ltr'>μυστηρ</span> <span class='ocrx_word' id='word_1_623' title='bbox 3165 3196 3273 3248; x_wconf 89' lang='grc' dir='ltr'>ίου.</span> 
     </span>
    </p>
   </div>
   <div class='ocr_carea' id='block_1_95' title="bbox 2404 3274 3851 3352">
    <p class='ocr_par' dir='ltr' id='par_1_95' title="bbox 2404 3274 3851 3352">
     <span class='ocr_line' id='line_1_95' title="bbox 2404 3274 3851 3352; baseline -0.002 -21"><span class='ocrx_word' id='word_1_624' title='bbox 2404 3277 2490 3341; x_wconf 85' lang='grc' dir='ltr'><strong>Ὠς</strong></span> <span class='ocrx_word' id='word_1_625' title='bbox 2540 3279 2590 3332; x_wconf 86' lang='grc' dir='ltr'><strong>ἐν</strong></span> <span class='ocrx_word' id='word_1_626' title='bbox 2645 3277 2905 3352; x_wconf 63' lang='grc' dir='ltr'>κεφαλαίῳ</span> <span class='ocrx_word' id='word_1_627' title='bbox 2955 3276 3014 3332; x_wconf 67' lang='grc' dir='ltr'><strong>δί</strong></span> <span class='ocrx_word' id='word_1_628' title='bbox 3067 3283 3126 3332; x_wconf 90' lang='grc' dir='ltr'><strong>τό</strong></span> <span class='ocrx_word' id='word_1_629' title='bbox 3160 3276 3357 3340; x_wconf 77' lang='grc' dir='ltr'>ἀνῆκον</span> <span class='ocrx_word' id='word_1_630' title='bbox 3396 3278 3588 3335; x_wconf 83' lang='grc' dir='ltr'>δίκαιον</span> <span class='ocrx_word' id='word_1_631' title='bbox 3614 3285 3690 3333; x_wconf 78' lang='grc' dir='ltr'>τοῦ</span> <span class='ocrx_word' id='word_1_632' title='bbox 3731 3274 3851 3331; x_wconf 67' lang='grc' dir='ltr'>κελεύ-</span> 
     </span>
    </p>
   </div>
   <div class='ocr_carea' id='block_1_96' title="bbox 2337 3365 3851 3444">
    <p class='ocr_par' dir='ltr' id='par_1_96' title="bbox 2337 3365 3851 3444">
     <span class='ocr_line' id='line_1_96' title="bbox 2337 3365 3851 3444; baseline 0.016 -23"><span class='ocrx_word' id='word_1_633' title='bbox 2337 3387 2407 3421; x_wconf 84' lang='grc' dir='ltr'><strong>ειν</strong></span> <span class='ocrx_word' id='word_1_634' title='bbox 2468 3389 2481 3402; x_wconf 87' lang='grc'><strong>·</strong></span> <span class='ocrx_word' id='word_1_635' title='bbox 2541 3370 2631 3430; x_wconf 78' lang='grc' dir='ltr'><strong>τὰς</strong></span> <span class='ocrx_word' id='word_1_636' title='bbox 2667 3365 2935 3429; x_wconf 84' lang='grc' dir='ltr'>δεκατείας</span> <span class='ocrx_word' id='word_1_637' title='bbox 2984 3368 3030 3421; x_wconf 82' lang='grc' dir='ltr'><strong>ἐν</strong></span> <span class='ocrx_word' id='word_1_638' title='bbox 3082 3376 3143 3442; x_wconf 73' lang='grc' dir='ltr'>τῇ</span> <span class='ocrx_word' id='word_1_639' title='bbox 3209 3369 3555 3444; x_wconf 61' lang='grc' dir='ltr'>προλεχθείσξῑ</span> <span class='ocrx_word' id='word_1_640' title='bbox 3607 3375 3727 3441; x_wconf 58' lang='grc' dir='ltr'><strong>νήσῳ</strong></span> <span class='ocrx_word' id='word_1_641' title='bbox 3769 3366 3851 3437; x_wconf 56' lang='grc' dir='ltr'><strong>ἐκέ·</strong></span> 
     </span>
    </p>
   </div>
   <div class='ocr_carea' id='block_1_97' title="bbox 2335 3455 3849 3527">
    <p class='ocr_par' dir='ltr' id='par_1_97' title="bbox 2335 3455 3849 3527">
     <span class='ocr_line' id='line_1_97' title="bbox 2335 3455 3849 3527; baseline -0.001 -17"><span class='ocrx_word' id='word_1_642' title='bbox 2335 3475 2511 3510; x_wconf 88' lang='grc' dir='ltr'>τωσαν</span> <span class='ocrx_word' id='word_1_643' title='bbox 2541 3460 2595 3511; x_wconf 86' lang='grc' dir='ltr'>αἱ</span> <span class='ocrx_word' id='word_1_644' title='bbox 2644 3465 2741 3511; x_wconf 85' lang='grc' dir='ltr'>τῶν</span> <span class='ocrx_word' id='word_1_645' title='bbox 2782 3462 3015 3511; x_wconf 88' lang='grc' dir='ltr'>Λατίνων</span> <span class='ocrx_word' id='word_1_646' title='bbox 3069 3456 3370 3527; x_wconf 83' lang='grc' dir='ltr'>ἐκκλησίαι,</span> <span class='ocrx_word' id='word_1_647' title='bbox 3411 3464 3496 3513; x_wconf 82' lang='grc' dir='ltr'>καὶ</span> <span class='ocrx_word' id='word_1_648' title='bbox 3545 3462 3572 3519; x_wconf 81' lang='grc' dir='ltr'>ἡ</span> <span class='ocrx_word' id='word_1_649' title='bbox 3606 3455 3849 3523; x_wconf 52' lang='grc' dir='ltr'>,συνήθειαή</span> 
     </span>
    </p>
   </div>
   <div class='ocr_carea' id='block_1_98' title="bbox 2334 3543 3853 3623">
    <p class='ocr_par' dir='ltr' id='par_1_98' title="bbox 2334 3543 3853 3623">
     <span class='ocr_line' id='line_1_98' title="bbox 2334 3543 3853 3623; baseline -0.001 -24"><span class='ocrx_word' id='word_1_650' title='bbox 2334 3549 2833 3623; x_wconf 81' lang='grc' dir='ltr'>παρακεκρατημένη</span> <span class='ocrx_word' id='word_1_651' title='bbox 2903 3545 2975 3609; x_wconf 72' lang='grc' dir='ltr'>εἰς</span> <span class='ocrx_word' id='word_1_652' title='bbox 3038 3552 3131 3605; x_wconf 80' lang='grc' dir='ltr'>τήν</span> <span class='ocrx_word' id='word_1_653' title='bbox 3198 3557 3302 3601; x_wconf 83' lang='grc' dir='ltr'>τῶν</span> <span class='ocrx_word' id='word_1_654' title='bbox 3357 3552 3590 3602; x_wconf 85' lang='grc' dir='ltr'>τοιούτων</span> <span class='ocrx_word' id='word_1_655' title='bbox 3649 3543 3853 3601; x_wconf 60' lang='lat' dir='ltr'><strong>dataria}!</strong></span> 
     </span>
    </p>
   </div>
   <div class='ocr_carea' id='block_1_99' title="bbox 2334 3634 3853 3712">
    <p class='ocr_par' dir='ltr' id='par_1_99' title="bbox 2334 3634 3853 3712">
     <span class='ocr_line' id='line_1_99' title="bbox 2334 3634 3853 3712; baseline -0.003 -23"><span class='ocrx_word' id='word_1_656' title='bbox 2334 3634 2493 3707; x_wconf 66' lang='grc' dir='ltr'>λῆψιν</span> <span class='ocrx_word' id='word_1_657' title='bbox 2560 3635 2660 3689; x_wconf 81' lang='grc' dir='ltr'><strong>ἀπὸ</strong></span> <span class='ocrx_word' id='word_1_658' title='bbox 2718 3644 2817 3688; x_wconf 82' lang='grc' dir='ltr'>τῶν</span> <span class='ocrx_word' id='word_1_659' title='bbox 2871 3634 3156 3711; x_wconf 79' lang='grc' dir='ltr'>ἀρχιερέων</span> <span class='ocrx_word' id='word_1_660' title='bbox 3212 3643 3305 3691; x_wconf 83' lang='grc' dir='ltr'>καὶ</span> <span class='ocrx_word' id='word_1_661' title='bbox 3361 3648 3459 3690; x_wconf 83' lang='grc' dir='ltr'>τῶν</span> <span class='ocrx_word' id='word_1_662' title='bbox 3520 3637 3739 3712; x_wconf 80' lang='grc' dir='ltr'>κληρικῶν</span> <span class='ocrx_word' id='word_1_663' title='bbox 3788 3640 3853 3684; x_wconf 72' lang='grc' dir='ltr'>τῶν</span> 
     </span>
    </p>
   </div>
   <div class='ocr_carea' id='block_1_100' title="bbox 2338 3722 3848 3802">
    <p class='ocr_par' dir='ltr' id='par_1_100' title="bbox 2338 3722 3848 3802">
     <span class='ocr_line' id='line_1_100' title="bbox 2338 3722 3848 3802; baseline -0.003 -23"><span class='ocrx_word' id='word_1_664' title='bbox 2338 3730 2592 3793; x_wconf 81' lang='grc' dir='ltr'>Λατίνων,</span> <span class='ocrx_word' id='word_1_665' title='bbox 2648 3726 2715 3787; x_wconf 82' lang='grc' dir='ltr'>εἰς</span> <span class='ocrx_word' id='word_1_666' title='bbox 2789 3728 2845 3778; x_wconf 85' lang='grc' dir='ltr'><strong>τό</strong></span> <span class='ocrx_word' id='word_1_667' title='bbox 2902 3724 3022 3790; x_wconf 77' lang='grc' dir='ltr'><strong>ἑξῆς</strong></span> <span class='ocrx_word' id='word_1_668' title='bbox 3086 3722 3509 3802; x_wconf 84' lang='grc' dir='ltr'>διαπραττομένη</span> <span class='ocrx_word' id='word_1_669' title='bbox 3565 3724 3848 3801; x_wconf 68' lang='grc' dir='ltr'>φυλαττέσθω.</span> 
     </span>
    </p>
   </div>
   <div class='ocr_carea' id='block_1_101' title="bbox 2337 3813 3853 3890">
    <p class='ocr_par' dir='ltr' id='par_1_101' title="bbox 2337 3813 3853 3890">
     <span class='ocr_line' id='line_1_101' title="bbox 2337 3813 3853 3890; baseline -0.001 -23"><span class='ocrx_word' id='word_1_670' title='bbox 2337 3817 2433 3867; x_wconf 72' lang='grc' dir='ltr'><strong>Διά</strong></span> <span class='ocrx_word' id='word_1_671' title='bbox 2500 3822 2652 3867; x_wconf 77' lang='grc' dir='ltr'>τοῦτο</span> <span class='ocrx_word' id='word_1_672' title='bbox 2713 3818 2887 3888; x_wconf 88' lang='grc' dir='ltr'>μέντοι</span> <span class='ocrx_word' id='word_1_673' title='bbox 2935 3819 3014 3867; x_wconf 83' lang='grc' dir='ltr'>ὅτι</span> <span class='ocrx_word' id='word_1_674' title='bbox 3068 3813 3115 3867; x_wconf 75' lang='grc' dir='ltr'><strong>έν</strong></span> <span class='ocrx_word' id='word_1_675' title='bbox 3172 3820 3345 3890; x_wconf 81' lang='grc' dir='ltr'>τούτῳ</span> <span class='ocrx_word' id='word_1_676' title='bbox 3404 3825 3476 3888; x_wconf 77' lang='grc' dir='ltr'>τῷ</span> <span class='ocrx_word' id='word_1_677' title='bbox 3530 3821 3658 3890; x_wconf 75' lang='grc' dir='ltr'>μέρει</span> <span class='ocrx_word' id='word_1_678' title='bbox 3702 3813 3853 3884; x_wconf 70' lang='grc' dir='ltr'>λέγομεν</span> 
     </span>
    </p>
   </div>
   <div class='ocr_carea' id='block_1_102' title="bbox 2338 3898 3855 3979">
    <p class='ocr_par' dir='ltr' id='par_1_102' title="bbox 2338 3898 3855 3979">
     <span class='ocr_line' id='line_1_102' title="bbox 2338 3898 3855 3979; baseline -0.001 -24"><span class='ocrx_word' id='word_1_679' title='bbox 2338 3903 2615 3977; x_wconf 67' lang='grc' dir='ltr'>φυλακτέον</span> <span class='ocrx_word' id='word_1_680' title='bbox 2704 3908 2759 3956; x_wconf 92' lang='grc' dir='ltr'><strong>τό</strong></span> <span class='ocrx_word' id='word_1_681' title='bbox 2813 3905 2939 3975; x_wconf 76' lang='grc' dir='ltr'>ἔθος,</span> <span class='ocrx_word' id='word_1_682' title='bbox 2999 3909 3071 3977; x_wconf 79' lang='grc' dir='ltr'>μή</span> <span class='ocrx_word' id='word_1_683' title='bbox 3125 3924 3210 3967; x_wconf 88' lang='grc' dir='ltr'><strong>τις</strong></span> <span class='ocrx_word' id='word_1_684' title='bbox 3268 3906 3438 3959; x_wconf 72' lang='grc' dir='ltr'>αὐτῶν</span> <span class='ocrx_word' id='word_1_685' title='bbox 3498 3906 3721 3979; x_wconf 74' lang='grc' dir='ltr'>νομιζέτω</span> <span class='ocrx_word' id='word_1_686' title='bbox 3768 3898 3855 3954; x_wconf 75' lang='grc' dir='ltr'>εἶναι</span> 
     </span>
    </p>
   </div>
   <div class='ocr_carea' id='block_1_103' title="bbox 2337 3989 3856 4065">
    <p class='ocr_par' dir='ltr' id='par_1_103' title="bbox 2337 3989 3856 4065">
     <span class='ocr_line' id='line_1_103' title="bbox 2337 3989 3856 4065; baseline 0.001 -21"><span class='ocrx_word' id='word_1_687' title='bbox 2337 3992 2719 4065; x_wconf 70' lang='grc' dir='ltr'>ὑπεξῃρημενον</span> <span class='ocrx_word' id='word_1_688' title='bbox 2762 4000 2859 4054; x_wconf 80' lang='grc' dir='ltr'>τῆς</span> <span class='ocrx_word' id='word_1_689' title='bbox 2912 4000 3013 4045; x_wconf 80' lang='grc' dir='ltr'>τῶν</span> <span class='ocrx_word' id='word_1_690' title='bbox 3074 3989 3359 4048; x_wconf 76' lang='grc' dir='ltr'>δεκατειῶν</span> <span class='ocrx_word' id='word_1_691' title='bbox 3405 3996 3586 4056; x_wconf 72' lang='grc' dir='ltr'>λύσεως</span> <span class='ocrx_word' id='word_1_692' title='bbox 3631 4002 3716 4045; x_wconf 78' lang='grc' dir='ltr'>τῶν</span> <span class='ocrx_word' id='word_1_693' title='bbox 3762 3989 3856 4060; x_wconf 54' lang='grc' dir='ltr'><strong>ὀξει-</strong></span> 
     </span>
    </p>
   </div>
   <div class='ocr_carea' id='block_1_104' title="bbox 2336 4078 3372 4157">
    <p class='ocr_par' dir='ltr' id='par_1_104' title="bbox 2336 4078 3372 4157">
     <span class='ocr_line' id='line_1_104' title="bbox 2336 4078 3372 4157; baseline 0.002 -24"><span class='ocrx_word' id='word_1_694' title='bbox 2336 4079 2556 4153; x_wconf 84' lang='grc' dir='ltr'>λομένων</span> <span class='ocrx_word' id='word_1_695' title='bbox 2594 4089 2846 4153; x_wconf 80' lang='grc' dir='ltr'>κανονικῷ</span> <span class='ocrx_word' id='word_1_696' title='bbox 2876 4086 2965 4134; x_wconf 84' lang='grc' dir='ltr'>καὶ</span> <span class='ocrx_word' id='word_1_697' title='bbox 3005 4083 3123 4154; x_wconf 79' lang='grc' dir='ltr'>θείῳ</span> <span class='ocrx_word' id='word_1_698' title='bbox 3154 4078 3190 4135; x_wconf 88' lang='grc' dir='ltr'><strong>δ</strong></span> <span class='ocrx_word' id='word_1_699' title='bbox 3195 4088 3372 4157; x_wconf 76' lang='grc' dir='ltr'>ικαίῳ,</span> 
     </span>
    </p>
   </div>
   <div class='ocr_carea' id='block_1_105' title="bbox 2414 4170 3858 4245">
    <p class='ocr_par' dir='ltr' id='par_1_105' title="bbox 2414 4170 3858 4245">
     <span class='ocr_line' id='line_1_105' title="bbox 2414 4170 3858 4245; baseline 0.001 -22"><span class='ocrx_word' id='word_1_700' title='bbox 2414 4175 2597 4223; x_wconf 86' lang='grc' dir='ltr'>Τοίνυν</span> <span class='ocrx_word' id='word_1_701' title='bbox 2639 4170 2735 4223; x_wconf 75' lang='grc' dir='ltr'>κᾶν</span> <span class='ocrx_word' id='word_1_702' title='bbox 2764 4175 2854 4223; x_wconf 80' lang='grc' dir='ltr'>καὶ</span> <span class='ocrx_word' id='word_1_703' title='bbox 2891 4173 2921 4229; x_wconf 80' lang='grc' dir='ltr'><strong>ἠ</strong></span> <span class='ocrx_word' id='word_1_704' title='bbox 2977 4179 3077 4224; x_wconf 83' lang='grc' dir='ltr'>τῶν</span> <span class='ocrx_word' id='word_1_705' title='bbox 3110 4178 3346 4245; x_wconf 82' lang='grc' dir='ltr'>Γραικῶν</span> <span class='ocrx_word' id='word_1_706' title='bbox 3378 4172 3649 4231; x_wconf 82' lang='grc' dir='ltr'>Ἐκκλησία</span> <span class='ocrx_word' id='word_1_707' title='bbox 3694 4176 3769 4222; x_wconf 76' lang='grc' dir='ltr'>τοῦ</span> <span class='ocrx_word' id='word_1_708' title='bbox 3796 4174 3858 4224; x_wconf 65' lang='grc' dir='ltr'><strong>τῆς</strong></span> 
     </span>
    </p>
   </div>
   <div class='ocr_carea' id='block_1_106' title="bbox 2340 4250 3855 4334">
    <p class='ocr_par' dir='ltr' id='par_1_106' title="bbox 2340 4250 3855 4334">
     <span class='ocr_line' id='line_1_106' title="bbox 2340 4250 3855 4334; baseline 0.001 -22"><span class='ocrx_word' id='word_1_709' title='bbox 2340 4262 2553 4333; x_wconf 75' lang='grc' dir='ltr'>Κύπρου</span> <span class='ocrx_word' id='word_1_710' title='bbox 2582 4261 2815 4334; x_wconf 72' lang='grc' dir='ltr'>ῥηγάτου</span> <span class='ocrx_word' id='word_1_711' title='bbox 2845 4262 2981 4313; x_wconf 86' lang='grc' dir='ltr'>κατὰ</span> <span class='ocrx_word' id='word_1_712' title='bbox 3014 4264 3208 4320; x_wconf 86' lang='grc' dir='ltr'>ταύτην</span> <span class='ocrx_word' id='word_1_713' title='bbox 3268 4268 3363 4322; x_wconf 75' lang='grc' dir='ltr'>τήν</span> <span class='ocrx_word' id='word_1_714' title='bbox 3393 4263 3554 4327; x_wconf 82' lang='grc' dir='ltr'>τάξιν,</span> <span class='ocrx_word' id='word_1_715' title='bbox 3606 4258 3779 4333; x_wconf 72' lang='grc' dir='ltr'>οὑχέξει</span> <span class='ocrx_word' id='word_1_716' title='bbox 3820 4250 3855 4305; x_wconf 62' lang='grc' dir='ltr'>δι</span> 
     </span>
    </p>
   </div>
   <div class='ocr_carea' id='block_1_107' title="bbox 2339 4341 3856 4426">
    <p class='ocr_par' dir='ltr' id='par_1_107' title="bbox 2339 4341 3856 4426">
     <span class='ocr_line' id='line_1_107' title="bbox 2339 4341 3856 4426; baseline 0.001 -24"><span class='ocrx_word' id='word_1_717' title='bbox 2339 4350 2410 4412; x_wconf 77' lang='grc' dir='ltr'><strong>εἰς</strong></span> <span class='ocrx_word' id='word_1_718' title='bbox 2438 4352 2496 4401; x_wconf 85' lang='grc' dir='ltr'><strong>τό</strong></span> <span class='ocrx_word' id='word_1_719' title='bbox 2550 4352 2683 4421; x_wconf 84' lang='grc' dir='ltr'>μετὰ</span> <span class='ocrx_word' id='word_1_720' title='bbox 2709 4358 2872 4402; x_wconf 72' lang='grc' dir='ltr'>ταῦτα</span> <span class='ocrx_word' id='word_1_721' title='bbox 2921 4341 3311 4426; x_wconf 59' lang='grc' dir='ltr'>μητρὶπολίτην</span> <span class='ocrx_word' id='word_1_722' title='bbox 3365 4361 3456 4406; x_wconf 75' lang='grc' dir='ltr'>τοῦ</span> <span class='ocrx_word' id='word_1_723' title='bbox 3504 4352 3652 4411; x_wconf 75' lang='grc' dir='ltr'>αὐτῆς</span> <span class='ocrx_word' id='word_1_724' title='bbox 3700 4350 3856 4403; x_wconf 69' lang='grc' dir='ltr'>ἔθνους·</span> 
     </span>
    </p>
   </div>
   <div class='ocr_carea' id='block_1_108' title="bbox 2339 4437 3858 4515">
    <p class='ocr_par' dir='ltr' id='par_1_108' title="bbox 2339 4437 3858 4515">
     <span class='ocr_line' id='line_1_108' title="bbox 2339 4437 3858 4515; baseline -0.003 -25"><span class='ocrx_word' id='word_1_725' title='bbox 2339 4437 2544 4510; x_wconf 81' lang='grc' dir='ltr'>θέλομεν</span> <span class='ocrx_word' id='word_1_726' title='bbox 2574 4443 2748 4511; x_wconf 78' lang='grc' dir='ltr'>μέντοι</span> <span class='ocrx_word' id='word_1_727' title='bbox 2780 4442 2867 4491; x_wconf 85' lang='grc' dir='ltr'>τὸν</span> <span class='ocrx_word' id='word_1_728' title='bbox 2897 4447 3130 4493; x_wconf 76' lang='grc' dir='ltr'>τοιοῦτον</span> <span class='ocrx_word' id='word_1_729' title='bbox 3182 4445 3443 4515; x_wconf 82' lang='grc' dir='ltr'>Γερμανόν</span> <span class='ocrx_word' id='word_1_730' title='bbox 3488 4444 3571 4493; x_wconf 83' lang='grc' dir='ltr'><strong>τόν</strong></span> <span class='ocrx_word' id='word_1_731' title='bbox 3614 4448 3700 4491; x_wconf 81' lang='grc' dir='ltr'>τῶν</span> <span class='ocrx_word' id='word_1_732' title='bbox 3748 4442 3858 4507; x_wconf 77' lang='grc' dir='ltr'>Γραι-</span> 
     </span>
    </p>
   </div>
   <div class='ocr_carea' id='block_1_109' title="bbox 2335 4528 3859 4606">
    <p class='ocr_par' dir='ltr' id='par_1_109' title="bbox 2335 4528 3859 4606">
     <span class='ocr_line' id='line_1_109' title="bbox 2335 4528 3859 4606; baseline -0.005 -25"><span class='ocrx_word' id='word_1_733' title='bbox 2335 4538 2437 4581; x_wconf 85' lang='grc' dir='ltr'>κῶν</span> <span class='ocrx_word' id='word_1_734' title='bbox 2464 4528 2880 4605; x_wconf 81' lang='grc' dir='ltr'>ὰρχιεπίσκοπον</span> <span class='ocrx_word' id='word_1_735' title='bbox 2910 4534 3091 4603; x_wconf 88' lang='grc' dir='ltr'>κέχρις</span> <span class='ocrx_word' id='word_1_736' title='bbox 3112 4529 3171 4581; x_wconf 84' lang='grc' dir='ltr'>ἂν</span> <span class='ocrx_word' id='word_1_737' title='bbox 3202 4531 3268 4604; x_wconf 71' lang='grc' dir='ltr'><strong>ζῇ</strong></span> <span class='ocrx_word' id='word_1_738' title='bbox 3302 4540 3376 4603; x_wconf 81' lang='grc' dir='ltr'>τῷ</span> <span class='ocrx_word' id='word_1_739' title='bbox 3405 4540 3499 4593; x_wconf 76' lang='grc' dir='ltr'>τῆς</span> <span class='ocrx_word' id='word_1_740' title='bbox 3528 4530 3859 4606; x_wconf 77' lang='grc' dir='ltr'>ἀρχιςπισκοπι-</span> 
     </span>
    </p>
   </div>
   <div class='ocr_carea' id='block_1_110' title="bbox 2335 4616 3859 4694">
    <p class='ocr_par' dir='ltr' id='par_1_110' title="bbox 2335 4616 3859 4694">
     <span class='ocr_line' id='line_1_110' title="bbox 2335 4616 3859 4694; baseline -0.004 -24"><span class='ocrx_word' id='word_1_741' title='bbox 2335 4628 2431 4681; x_wconf 81' lang='grc' dir='ltr'>κῆς</span> <span class='ocrx_word' id='word_1_742' title='bbox 2458 4619 2602 4682; x_wconf 77' lang='grc' dir='ltr'>ἀξίάς</span> <span class='ocrx_word' id='word_1_743' title='bbox 2630 4618 2845 4692; x_wconf 83' lang='grc' dir='ltr'>ὀνόματι</span> <span class='ocrx_word' id='word_1_744' title='bbox 2872 4624 2962 4671; x_wconf 84' lang='grc' dir='ltr'>καὶ</span> <span class='ocrx_word' id='word_1_745' title='bbox 2988 4627 3109 4692; x_wconf 72' lang='grc' dir='ltr'>τιμῇ</span> <span class='ocrx_word' id='word_1_746' title='bbox 3143 4630 3253 4694; x_wconf 82' lang='grc' dir='ltr'>χρῆ</span> <span class='ocrx_word' id='word_1_747' title='bbox 3266 4622 3393 4674; x_wconf 84' lang='grc' dir='ltr'>σθαι</span> <span class='ocrx_word' id='word_1_748' title='bbox 3426 4643 3439 4655; x_wconf 85' lang='grc'>·</span> <span class='ocrx_word' id='word_1_749' title='bbox 3471 4622 3529 4673; x_wconf 83' lang='grc' dir='ltr'><strong>ού</strong></span> <span class='ocrx_word' id='word_1_750' title='bbox 3545 4622 3689 4673; x_wconf 82' lang='grc' dir='ltr'>ἕνεκεν</span> <span class='ocrx_word' id='word_1_751' title='bbox 3713 4619 3784 4668; x_wconf 82' lang='grc' dir='ltr'>καὶ</span> <span class='ocrx_word' id='word_1_752' title='bbox 3802 4616 3859 4664; x_wconf 60' lang='grc' dir='ltr'><strong>τόν</strong></span> 
     </span>
    </p>
   </div>
   <div class='ocr_carea' id='block_1_111' title="bbox 2337 4704 3859 4783">
    <p class='ocr_par' dir='ltr' id='par_1_111' title="bbox 2337 4704 3859 4783">
     <span class='ocr_line' id='line_1_111' title="bbox 2337 4704 3859 4783; baseline -0.004 -23"><span class='ocrx_word' id='word_1_753' title='bbox 2337 4716 2570 4761; x_wconf 80' lang='grc' dir='ltr'>τοιοῦτον</span> <span class='ocrx_word' id='word_1_754' title='bbox 2625 4712 2791 4782; x_wconf 83' lang='grc' dir='ltr'>μέχρι</span> <span class='ocrx_word' id='word_1_755' title='bbox 2850 4707 3086 4770; x_wconf 80' lang='grc' dir='ltr'>τελευτῆς</span> <span class='ocrx_word' id='word_1_756' title='bbox 3140 4708 3407 4783; x_wconf 88' lang='grc' dir='ltr'>κωλύομεν</span> <span class='ocrx_word' id='word_1_757' title='bbox 3453 4712 3548 4763; x_wconf 88' lang='grc' dir='ltr'><strong>ύπό</strong></span> <span class='ocrx_word' id='word_1_758' title='bbox 3600 4716 3656 4780; x_wconf 71' lang='grc' dir='ltr'><strong>τῇ</strong></span> <span class='ocrx_word' id='word_1_759' title='bbox 3707 4704 3859 4769; x_wconf 72' lang='grc' dir='ltr'>ἐξουσίᾳ</span> 
     </span>
    </p>
   </div>
   <div class='ocr_carea' id='block_1_112' title="bbox 2336 4788 3857 4870">
    <p class='ocr_par' dir='ltr' id='par_1_112' title="bbox 2336 4788 3857 4870">
     <span class='ocr_line' id='line_1_112' title="bbox 2336 4788 3857 4870; baseline -0.005 -23"><span class='ocrx_word' id='word_1_760' title='bbox 2336 4804 2428 4849; x_wconf 73' lang='grc' dir='ltr'>τοῦ</span> <span class='ocrx_word' id='word_1_761' title='bbox 2467 4805 2561 4858; x_wconf 79' lang='grc' dir='ltr'>τῆς</span> <span class='ocrx_word' id='word_1_762' title='bbox 2621 4800 2911 4859; x_wconf 83' lang='grc' dir='ltr'>Λευκοσίας</span> <span class='ocrx_word' id='word_1_763' title='bbox 2975 4795 3401 4870; x_wconf 81' lang='grc' dir='ltr'>ἀρχιεπισκόπου</span> <span class='ocrx_word' id='word_1_764' title='bbox 3449 4796 3689 4857; x_wconf 82' lang='grc' dir='ltr'>παντελῶς</span> <span class='ocrx_word' id='word_1_765' title='bbox 3732 4788 3857 4845; x_wconf 70' lang='grc' dir='ltr'>εὖδαι·</span> 
     </span>
    </p>
   </div>
   <div class='ocr_carea' id='block_1_113' title="bbox 2335 4885 3858 4958">
    <p class='ocr_par' dir='ltr' id='par_1_113' title="bbox 2335 4885 3858 4958">
     <span class='ocr_line' id='line_1_113' title="bbox 2335 4885 3858 4958; baseline -0.002 -20"><span class='ocrx_word' id='word_1_766' title='bbox 2335 4890 2426 4938; x_wconf 83' lang='grc' dir='ltr'>καὶ</span> <span class='ocrx_word' id='word_1_767' title='bbox 2480 4887 2729 4958; x_wconf 83' lang='grc' dir='ltr'>τάττομεν</span> <span class='ocrx_word' id='word_1_768' title='bbox 2760 4888 2847 4953; x_wconf 73' lang='grc' dir='ltr'><strong>ὡς,</strong></span> <span class='ocrx_word' id='word_1_769' title='bbox 2907 4885 3314 4949; x_wconf 70' lang='grc' dir='ltr'>τελευτησαντος</span> <span class='ocrx_word' id='word_1_770' title='bbox 3365 4896 3460 4941; x_wconf 78' lang='grc' dir='ltr'>κοῦ</span> <span class='ocrx_word' id='word_1_771' title='bbox 3513 4889 3729 4941; x_wconf 82' lang='grc' dir='ltr'>τοιούτου</span> <span class='ocrx_word' id='word_1_772' title='bbox 3776 4885 3803 4933; x_wconf 88' lang='grc' dir='ltr'><strong>Γ</strong></span> <span class='ocrx_word' id='word_1_773' title='bbox 3804 4896 3858 4949; x_wconf 63' lang='grc' dir='ltr'>ιρι</span> 
     </span>
    </p>
   </div>
   <div class='ocr_carea' id='block_1_114' title="bbox 2335 4969 3855 5052">
    <p class='ocr_par' dir='ltr' id='par_1_114' title="bbox 2335 4969 3855 5052">
     <span class='ocr_line' id='line_1_114' title="bbox 2335 4969 3855 5052; baseline 0.005 -29"><span class='ocrx_word' id='word_1_774' title='bbox 2335 4981 2522 5048; x_wconf 76' lang='grc' dir='ltr'>μανοῦ,</span> <span class='ocrx_word' id='word_1_775' title='bbox 2601 4982 2693 5028; x_wconf 79' lang='grc' dir='ltr'>τοῦ</span> <span class='ocrx_word' id='word_1_776' title='bbox 2744 4979 2816 5048; x_wconf 80' lang='grc' dir='ltr'>μὴ</span> <span class='ocrx_word' id='word_1_777' title='bbox 2875 4974 2973 5027; x_wconf 89' lang='grc' dir='ltr'>τιν’</span> <span class='ocrx_word' id='word_1_778' title='bbox 3024 4977 3191 5052; x_wconf 75' lang='grc' dir='ltr'>ἕτερον</span> <span class='ocrx_word' id='word_1_779' title='bbox 3249 4975 3660 5051; x_wconf 75' lang='grc' dir='ltr'>ἀρχιεπίσκοπον</span> <span class='ocrx_word' id='word_1_780' title='bbox 3703 4969 3855 5046; x_wconf 61' lang='grc' dir='ltr'>Γραικάθ</span> 
     </span>
    </p>
   </div>
   <div class='ocr_carea' id='block_1_115' title="bbox 2336 5062 3855 5140">
    <p class='ocr_par' dir='ltr' id='par_1_115' title="bbox 2336 5062 3855 5140">
     <span class='ocr_line' id='line_1_115' title="bbox 2336 5062 3855 5140; baseline -0.005 -23"><span class='ocrx_word' id='word_1_781' title='bbox 2336 5065 2599 5137; x_wconf 79' lang='grc' dir='ltr'>ταχθῆναι</span> <span class='ocrx_word' id='word_1_782' title='bbox 2632 5062 2679 5117; x_wconf 82' lang='grc' dir='ltr'><strong>ἐν</strong></span> <span class='ocrx_word' id='word_1_783' title='bbox 2731 5073 2803 5136; x_wconf 80' lang='grc' dir='ltr'>τῷ</span> <span class='ocrx_word' id='word_1_784' title='bbox 2864 5063 3200 5138; x_wconf 81' lang='grc' dir='ltr'>προλεχθέντι</span> <span class='ocrx_word' id='word_1_785' title='bbox 3258 5066 3495 5140; x_wconf 72' lang='grc' dir='ltr'>ρηγάτῳ,</span> <span class='ocrx_word' id='word_1_786' title='bbox 3527 5065 3659 5123; x_wconf 66' lang='grc' dir='ltr'>Πλὴν</span> <span class='ocrx_word' id='word_1_787' title='bbox 3701 5068 3773 5115; x_wconf 70' lang='grc' dir='ltr'>τοῦ</span> <span class='ocrx_word' id='word_1_788' title='bbox 3809 5075 3855 5128; x_wconf 71' lang='grc' dir='ltr'>μη</span> 
     </span>
    </p>
   </div>
   <div class='ocr_carea' id='block_1_116' title="bbox 2334 5235 3859 5326">
    <p class='ocr_par' dir='ltr' id='par_1_116' title="bbox 2334 5235 3859 5326">
     <span class='ocr_line' id='line_1_116' title="bbox 2334 5235 3859 5326; baseline -0.002 -27"><span class='ocrx_word' id='word_1_789' title='bbox 2334 5244 2623 5326; x_wconf 55' lang='lat' dir='ltr'><strong>remrjam</strong></span> <span class='ocrx_word' id='word_1_790' title='bbox 2645 5243 2869 5301; x_wconf 74' lang='lat' dir='ltr'><strong>misisse</strong></span> <span class='ocrx_word' id='word_1_791' title='bbox 2881 5244 3318 5326; x_wconf 57' lang='lat' dir='ltr'><strong>fnilleaureos.</strong></span> <span class='ocrx_word' id='word_1_792' title='bbox 3353 5246 3561 5326; x_wconf 59' lang='lat' dir='ltr'><strong>Itaque</strong></span> <span class='ocrx_word' id='word_1_793' title='bbox 3579 5236 3768 5326; x_wconf 77' lang='lat' dir='ltr'><strong>singuli</strong></span> 
     </span>
    </p>
   </div>
   <div class='ocr_carea' id='block_1_117' title="bbox 2334 5308 3857 5387">
    <p class='ocr_par' dir='ltr' id='par_1_117' title="bbox 2334 5308 3857 5387">
     <span class='ocr_line' id='line_1_117' title="bbox 2334 5308 3857 5387; baseline -0.001 -19"><span class='ocrx_word' id='word_1_794' title='bbox 2334 5308 2510 5371; x_wconf 82' lang='lat' dir='ltr'><strong>zantii</strong></span> <span class='ocrx_word' id='word_1_795' title='bbox 2530 5329 2717 5370; x_wconf 91' lang='lat' dir='ltr'><strong>unum</strong></span> <span class='ocrx_word' id='word_1_796' title='bbox 2739 5313 3089 5387; x_wconf 87' lang='lat' dir='ltr'><strong>pendebant</strong></span> <span class='ocrx_word' id='word_1_797' title='bbox 3112 5332 3389 5374; x_wconf 83' lang='lat' dir='ltr'><strong>aureum.</strong></span> <span class='ocrx_word' id='word_1_798' title='bbox 3409 5308 3632 5387; x_wconf 76' lang='lat' dir='ltr'><strong>Clarius</strong></span> <span class='ocrx_word' id='word_1_799' title='bbox 3646 5308 3778 5387; x_wconf 74' lang='lat' dir='ltr'><strong>idem</strong></span> <span class='ocrx_word' id='word_1_800' title='bbox 3791 5308 3857 5362; x_wconf 74' lang='lat' dir='ltr'><strong>ﬂe-</strong></span> 
     </span>
    </p>
   </div>
   <div class='ocr_carea' id='block_1_118' title="bbox 2334 5385 3857 5460">
    <p class='ocr_par' dir='ltr' id='par_1_118' title="bbox 2334 5385 3857 5460">
     <span class='ocr_line' id='line_1_118' title="bbox 2334 5385 3857 5460; baseline -0.001 -19"><span class='ocrx_word' id='word_1_801' title='bbox 2334 5390 2482 5460; x_wconf 85' lang='lat' dir='ltr'><strong>gest.</strong></span> <span class='ocrx_word' id='word_1_802' title='bbox 2510 5402 2605 5460; x_wconf 58' lang='grc' dir='ltr'><strong>κγ,</strong></span> <span class='ocrx_word' id='word_1_803' title='bbox 2638 5385 2894 5460; x_wconf 15' lang='grc' dir='ltr'><strong>ερζνυθμ,</strong></span> <span class='ocrx_word' id='word_1_804' title='bbox 2927 5386 3006 5443; x_wconf 93' lang='lat' dir='ltr'><strong>ad</strong></span> <span class='ocrx_word' id='word_1_805' title='bbox 3036 5387 3443 5460; x_wconf 86' lang='lat' dir='ltr'><strong>patriarcham</strong></span> <span class='ocrx_word' id='word_1_806' title='bbox 3472 5385 3857 5460; x_wconf 65' lang='lat' dir='ltr'><strong>Antiochenam.</strong></span> 
     </span>
    </p>
   </div>
   <div class='ocr_carea' id='block_1_119' title="bbox 2331 5456 3857 5530">
    <p class='ocr_par' dir='ltr' id='par_1_119' title="bbox 2331 5456 3857 5530">
     <span class='ocr_line' id='line_1_119' title="bbox 2331 5456 3857 5530; baseline 0.001 -20"><span class='ocrx_word' id='word_1_807' title='bbox 2331 5458 2520 5526; x_wconf 76' lang='lat' dir='ltr'><strong>fratri</strong></span> <span class='ocrx_word' id='word_1_808' title='bbox 2538 5456 2643 5530; x_wconf 79' lang='lat' dir='ltr'><strong>tuo</strong></span> <span class='ocrx_word' id='word_1_809' title='bbox 2676 5456 2844 5514; x_wconf 65' lang='lat' dir='ltr'><strong>inille</strong></span> <span class='ocrx_word' id='word_1_810' title='bbox 2863 5456 3169 5530; x_wconf 71' lang='lat' dir='ltr'><strong>byzantios</strong></span> <span class='ocrx_word' id='word_1_811' title='bbox 3198 5460 3449 5530; x_wconf 69' lang='lat' dir='ltr'><strong>dedisse,</strong></span> <span class='ocrx_word' id='word_1_812' title='bbox 3470 5459 3553 5519; x_wconf 88' lang='lat' dir='ltr'><strong>ad</strong></span> <span class='ocrx_word' id='word_1_813' title='bbox 3570 5458 3720 5516; x_wconf 73' lang='lat' dir='ltr'><strong>mille</strong></span> <span class='ocrx_word' id='word_1_814' title='bbox 3733 5461 3857 5513; x_wconf 73' lang='grc' dir='ltr'>αανεσ</span> 
     </span>
    </p>
   </div>
   <div class='ocr_carea' id='block_1_120' title="bbox 2333 5528 2897 5588">
    <p class='ocr_par' dir='ltr' id='par_1_120' title="bbox 2333 5528 2897 5588">
     <span class='ocr_line' id='line_1_120' title="bbox 2333 5528 2897 5588; baseline 0.005 -3"><span class='ocrx_word' id='word_1_815' title='bbox 2333 5544 2504 5586; x_wconf 81' lang='lat' dir='ltr'><strong>orum</strong></span> <span class='ocrx_word' id='word_1_816' title='bbox 2542 5528 2868 5588; x_wconf 74' lang='lat' dir='ltr'><strong>valentium</strong></span> <span class='ocrx_word' id='word_1_817' title='bbox 2881 5570 2897 5588; x_wconf 91' lang='lat'><strong>.</strong></span> 
     </span>
    </p>
   </div>
  </div>
