4054 6212
182 283 315 347 1533

1474 288 1928 354 CONSTITUTIO
1964 290 2234 353 ΟΥῬΒΙΑ.

3397 288 3532 354 1884

180 416 265 467 τὸν
306 418 541 467 τοιοῦτον
584 412 1005 489 ἁρχιεπίσκοπον
1081 420 1337 495 Γερμανὸν
1407 424 1774 498 περιφερεσθαι

1906 419 2308 494 :hiepiscopus
2338 420 2669 478 Germanus
2688 413 3078 493 palabundus
3102 416 3341 477 oberret
3367 420 3533 477 nullo

182 506 251 576 μὴ
298 502 621 575 ἐγνωσμένου
665 511 759 558 τοῦ
812 507 993 581 θρόνου
1053 508 1235 579 αύτοῦ,
1280 512 1367 563 τὸν
1422 510 1775 585 προλεχθέντα

182 591 462 647 έπίσκοπον
508 600 601 654 τῆς
648 603 749 648 τῶν
801 602 1033 670 Γραικῶν
1089 596 1350 676 καθέδρας
1400 609 1498 663 τῆς
1582 598 1631 653 έν
1711 608 1773 673 τῇ

183 680 496 754 Σωλείᾳτῆς
535 689 831 748 Λευκοσίας
882 685 1083 762 ένόρίας
1129 688 1232 743 ἀπὸ
1285 696 1378 744 τοῦ
1432 686 1634 763 δεσμοῦ
1684 696 1776 742 τοῦ

182 775 561 846 κεκρατημένον
609 781 673 847 τῇ
743 774 1032 850 Ἐκκλησία
1091 778 1273 851 αὐτοῦ,
1345 778 1530 853 λύομεν
1600 778 1773 844 αὐτόν,

184 863 314 934 πρὸς
336 864 424 913 τόν
458 858 795 916 έπισκοπικόν
845 867 1025 941 θρόνον
1074 875 1167 921 τοῦ
1218 868 1480 943 Ἀρσινοῦ,
1540 871 1627 921 τόν
1679 875 1777 929 τῆς

189 950 368 1022 Πάφου
412 948 611 1025 ένορίας
685 953 1037 1027 σχολάζοντα,
1119 965 1182 1030 τῇ
1258 966 1354 1020 τῆς
1426 956 1743 1017 ἱιποστολικῆ
1756 978 1778 1019 ς

186 1037 425 1102 ἔξουσίας
490 1036 647 1114 ἀδείᾳ
707 1047 798 1096 καὶ
883 1052 945 1118 τῇ
1033 1044 1199 1120 βουλῇ
1280 1056 1381 1101 τῶν
1453 1046 1779 1122 προρρηθέν-

183 1147 282 1180 των
340 1124 592 1201 ἀδελφῶν
650 1135 741 1185 καὶ
792 1138 1139 1211 μεταφέρομεν
1213 1141 1303 1190 καὶ
1366 1132 1585 1210 δίδομεν
1639 1137 1779 1209 αύτῷ

184 1212 363 1270 ἄδειαν
392 1224 484 1270 τοῦ
515 1214 830 1294 διέρχεσθαι
883 1222 1160 1299 ἕλουθέρως
1218 1225 1285 1287 εἰς
1335 1229 1423 1280 τόν
1478 1225 1634 1279 αὐτόν
1659 1227 1781 1301 θρό-

185 1323 286 1361 νον.
336 1312 420 1377 Τῷ
489 1307 835 1383 προῤῥηθέντι
905 1308 965 1366 δε
1039 1318 1282 1389 Γερμανῷ
1375 1313 1779 1389 ἀρχιεπισκόπῳ

188 1395 277 1456 τὰς
310 1395 581 1470 ῥηθείσας,
621 1402 709 1452 τόν
764 1401 940 1471 θρόνον
995 1408 1086 1456 καὶ
1125 1422 1220 1462 την
1267 1412 1359 1466 τῆς
1411 1404 1630 1468 Σωλείας
1663 1405 1779 1459 Ἐκ-

190 1483 408 1544 κλησίαν
439 1486 880 1563 ένπνευματικοῖς
926 1497 1017 1546 καὶ
1068 1492 1116 1546 ἑν
1173 1502 1431 1570 καιρικοίς
1487 1498 1623 1548 κατά
1688 1498 1784 1554 τὴν

192 1578 381 1629 τούτων
435 1575 632 1650 βουλὴν
695 1584 786 1634 καὶ
865 1580 1105 1646 ίξουσίαν
1188 1586 1597 1658 παρατιθέμεθα,
1664 1574 1786 1660 παρ’

194 1664 352 1718 αὐτοῦ
393 1669 831 1743 κρατηθησόμενα
877 1671 1003 1745 ούτῇ
1051 1681 1116 1747 τῇ
1175 1682 1299 1747 τιμῇ
1375 1673 1475 1741 ἀεὶ,
1533 1680 1624 1728 καὶ
1713 1680 1785 1745 τῷ

1886 525 2000 567 suo
2037 514 2318 583 acceptus
2354 508 2593 577 throno,
2632 508 2951 582 praefatum
2984 508 3336 583 episcopum
3375 508 3534 566 sedis

1886 601 2227 658 Graecorum
2258 598 2449 669 Saliae,
2481 599 2755 656 diceeesis
2787 600 3103 667 Leucosiae,
3157 615 3195 656 a
3243 615 3355 656 suo
3411 615 3535 672 quo

1885 693 2116 747 tenetur
2145 689 2417 747 Ecclesia:
2454 688 2690 746 vinculo
2720 688 3008 745 solvimus
3029 692 3086 744 et
3108 687 3187 746 ad
3227 688 3537 761 episcopa-

1883 778 2004 837 lem
2041 779 2246 837 sedem
2273 780 2575 852 Arsinoes,
2604 778 2879 836 dimcesis
2930 778 3137 852 Paphi.
3190 783 3535 848 vacantem,

1885 868 2225 943 apostolica
2263 868 2571 942 potestatis
2628 868 2975 926 auctoritate
3027 884 3098 926 ac
3149 867 3538 942 prmfatorum

1884 958 2137 1017 fratrum
2175 962 2517 1016 nostrorum
2571 957 2837 1026 consilio,
2868 957 3307 1027 transferimus,
3365 957 3540 1029 eique

1885 1052 2242 1123 potestatem
2268 1047 2523 1106 facimus
2549 1047 2733 1105 libere
2762 1047 3184 1121 progrediendi
3235 1047 3316 1105 ad
3366 1062 3539 1103 suam

1887 1153 2023 1196 eam
2055 1137 2281 1195 sedem.
2316 1137 2566 1195 Praefato
2592 1151 2737 1194 vero
2766 1139 3062 1193 Germano
3090 1136 3541 1209 archiepiscopo

1888 1226 2240 1301 prmdictam
2271 1226 2443 1283 Solius
2484 1225 2688 1283 sedem
2733 1229 2789 1283 et
2826 1225 3149 1283 Ecclesium
3178 1226 3241 1283 in
3270 1225 3543 1298 spiritua-

1888 1316 2047 1374 libus
2070 1320 2128 1374 et
2151 1316 2607 1391 temporalibus,
2634 1331 2708 1372 ex
2734 1316 3085 1373 eorumdem
3143 1315 3392 1372 consilio
3447 1330 3544 1371 ea-

1891 1407 2152 1480 demque
2180 1411 2470 1480 potestate
2494 1406 2836 1474 deferimus,
2862 1406 2943 1463 ab
2972 1406 3103 1479 ipso
3143 1421 3382 1479 semper
3403 1419 3543 1461 cum

1894 1496 2392 1554 suoretinendam
2402 1496 2632 1553 honore
2642 1495 3227 1569 etarchiepiscopalis
3237 1494 3543 1565 dignitatis

1892 1585 2139 1645 nomine
2167 1589 2226 1643 et
2251 1585 2579 1660 episcopali
2601 1585 2949 1643 auctoritate
2976 1584 3345 1655 regendam;
3372 1584 3455 1642 ita
3482 1587 3549 1639 ut

1894 1675 1958 1733 in
1984 1690 2094 1733 sua
2113 1675 2188 1732 sit
2216 1678 2506 1748 potestate
2536 1680 2593 1732 et
2618 1674 2925 1733 voluntate
2953 1690 3064 1748 pro
3095 1690 3209 1731 suo
3236 1673 3406 1731 libitu
3454 1674 3548 1730 in—

195 1760 288 1816 τῆς
339 1752 816 1829 ἅρχιεπισκοπικῆς
891 1759 1038 1825 ἀξίας
1128 1761 1343 1836 ὀνόματι
1433 1762 1785 1827 ἕπισκοπικῶς

1906 1765 2092 1823 colere
2116 1763 2209 1823 vel
2234 1764 2460 1822 dictum
2500 1763 2673 1822 Solis:
2720 1763 2928 1820 sedem
2983 1763 3080 1820 vel
3119 1763 3336 1834 degere
3383 1762 3549 1835 apud

194 1849 583 1917 ποιμαινόμενα·
636 1848 785 1912 οὗτος
819 1852 1003 1922 μέντοι
1047 1858 1139 1905 τού
1208 1850 1337 1907 εἶναι
1418 1852 1572 1907 αὐτόν
1644 1851 1787 1907 ἐλεύ-

200 1932 397 2007 θερονή
428 1933 479 1987 ἂν
506 1943 579 2007 τῷ
628 1938 835 2011 ῥηθέντι
893 1942 1055 2013 θρόνῳ
1103 1950 1200 2004 τῆς
1259 1942 1499 2008 Σωλείας,
1548 1943 1579 2002 ἦ
1646 1944 1793 2017 παρὰ

196 2027 257 2093 τῇ
304 2020 557 2097 έκκλησίᾳ
593 2033 692 2078 τῶν
745 2033 976 2102 Γραικῶν
1038 2037 1130 2083 τοῦ
1174 2030 1350 2103 Ἀγίου
1401 2029 1641 2105 Βαρνάϐα
1697 2039 1789 2093 τῆς

199 2116 508 2181 Λευκοσίας,
559 2114 622 2173 ἣν
678 2116 752 2179 εἰς
800 2121 888 2170 τὸν
935 2117 1217 2174 ἐπίσκοπον
1263 2129 1355 2174 τοῦ
1433 2121 1595 2174 αὐτοῦ
1671 2122 1792 2195 θρό-

199 2220 285 2255 νου
359 2212 415 2254 εκ
496 2210 589 2265 τῆς
667 2209 917 2270 τοιαύτης
998 2209 1291 2284 εὐεργεσίας
1370 2218 1466 2273 τῆς
1538 2212 1793 2286 ἡμετέρας

202 2286 479 2355 διατάξεως
512 2295 761 2353 καθήκειν
822 2296 891 2359 εἰς
943 2300 1001 2351 τὸ
1059 2295 1295 2363 διηνεκὲς
1355 2298 1649 2373 βουλόμεθα
1702 2304 1793 2353 καὶ

200 2382 333 2434 κατὰ
380 2386 476 2441 τήν
532 2382 691 2437 αὐτοῦ
751 2384 958 2445 θέλησιν
1007 2397 1290 2445 κατοικεῖν.
1341 2388 1513 2443 Αὐτοῦ
1567 2385 1627 2442 δε
1698 2394 1792 2441 τοῦ

201 2468 621 2543 ἀρχιεπισκόπου
676 2474 936 2542 θανόντος,
993 2477 1042 2530 ἄν
1087 2486 1157 2548 τῷ
1214 2487 1306 2540 τῆς
1357 2477 1573 2540 Σωλιίας
1630 2479 1793 2553 θρόνῳ

201 2558 378 2621 ὁσάκις
403 2561 535 2635 αὐτῇ
567 2566 837 2637 χηρεύσῃ,
880 2564 1076 2629 ἁπλοῦς
1125 2571 1279 2640 μόνον
1334 2574 1426 2621 τοῦ
1480 2575 1577 2629 τῶς
1637 2573 1795 2640 Γραι-

202 2655 302 2700 κῶν
358 2648 530 2712 έθνους
581 2649 863 2714 έπίσκοπος
922 2658 1346 2727 χειροτονείσθω,
1424 2658 1481 2719 ὃς
1557 2664 1629 2728 τῷ
1706 2663 1796 2717 τῆς

1900 1856 2240 1913 (ὶεωοοειιω
2268 1854 2582 1911 ecclesiam
2609 1853 2666 1909 S.
2690 1852 2982 1911 Barnabas
3009 1855 3307 1920 Leucosas,
3360 1866 3549 1923 quam

1898 1944 1979 2003 ad
2003 1942 2360 2017 episcopum
2395 1942 2580 2013 hujus
2629 1940 2790 1998 sedis
2841 1957 2917 1998 ex
2972 1940 3287 2014 prmaentis
3319 1944 3545 1997 nostrae

1897 2032 2080 2104 hujus
2104 2030 2549 2091 Constitutionis
2591 2030 2887 2088 beneﬁcio
2940 2034 3231 2103 perpetuo
3280 2033 3551 2102 spectare

1898 2120 2204 2179 volumus.
2240 2123 2317 2177 Eo
2346 2125 2549 2177 autem
2585 2119 3040 2192 archiepiscopo
3079 2118 3379 2179 defuncto.
3423 2116 3552 2173 sine

1899 2209 2026 2267 ulla
2054 2209 2459 2267 controversia
2487 2208 2658 2267 Solita
2711 2207 2918 2265 sedem
2971 2207 3205 2281 quoties
3263 2222 3374 2261 suo
3430 2205 3555 2261 fue-

1900 2299 1977 2357 rit
2002 2298 2217 2356 orbata
2244 2302 2504 2373 pastore,
2536 2314 2611 2355 ex
2657 2300 2999 2355 Graecorum
3043 2296 3336 2353 duntaxat
3382 2298 3555 2365 gente

1901 2388 2225 2461 episcopus
2269 2387 2542 2458 eligatur,
2567 2386 2670 2461 qui
2698 2386 2995 2443 Leucosiae
3019 2385 3325 2458 episcopo,
3346 2382 3559 2440 eodem

1901 2476 2088 2535 modo
2115 2493 2239 2551 quo
2265 2482 2321 2534 et
2342 2477 2442 2535 alii
2465 2476 2733 2550 episcopi
2762 2474 2947 2532 Graeci
2999 2473 3219 2531 Latinis
3285 2475 3563 2530 tenentur

1904 2564 2151 2623 subesse
2163 2566 2290 2639 epis
2297 2564 2484 2638 copis,
2496 2580 2570 2622 ex
2578 2563 2888 2639 praesentis
2900 2565 3104 2620 tenore
3117 2559 3563 2620 Constitutionis

1904 2655 2083 2714 etiam
2118 2655 2244 2730 ipse
2282 2655 2492 2714 subsit.

204 2744 493 2802 Λευκοσίας
538 2740 803 2815 ἓπισκόπῳ
842 2751 916 2815 τῷ
962 2745 1101 2818 αύτῷ
1162 2750 1339 2820 τρόπω
1391 2745 1432 2820 ᾧ
1473 2751 1564 2799 καὶ
1621 2746 1670 2798 οὶ
1712 2743 1857 2797 ἄλλοι
1895 2750 2110 2820 Γραικοὶ
2186 2744 2462 2798 ἐπίσκοποι
2540 2742 2831 2817 ὀφείλουσιν
2898 2743 3208 2796 ὑποκεῖσθαι
3274 2748 3382 2804 τοῖς
3459 2744 3565 2793 Λα-

202 2833 361 2892 τίνοις
408 2828 728 2899 ἐπισκόποις,
770 2836 905 2886 κατὰ
942 2838 1031 2893 την
1072 2840 1319 2908 πρόνοιαν
1365 2845 1457 2900 τῆς
1500 2837 1777 2910 παρούσης
1826 2829 2115 2899 διατάξεως
2164 2834 2557 2892 ύποταττέσθω.

270 2922 370 2972 Τόν
429 2919 586 2973 αὐτόν
670 2942 843 2996 μεντοι
922 2929 1202 3001 Ιέρμανόν,
1272 2930 1359 2980 τὸν
1414 2936 1515 2980 τῶν
1568 2933 1801 3000 Γραικῶν

204 3009 503 3077 ἐπίσκοπον,
562 3010 637 3073 οἱς
704 3014 1371 3089 μοναστὴρια,ἐκκλησίας,
1447 3014 1636 3089 κλῆρον
1712 3021 1802 3068 καὶ

1984 2928 2185 2996 Ipsum
2218 2939 2397 2996 porro
2459 2925 2822 2980 Germanum
2845 2922 3184 2977 Graecorum
3213 2919 3566 2991 episcopum

1911 3014 1991 3071 ad
2022 3012 2405 3082 monasteria,
2436 3010 2740 3081 ecclesias,
2764 3009 2989 3067 clerum
3012 3012 3067 3063 et
3088 3006 3384 3080 populum
3413 3008 3565 3062 Grae-

204 3095 325 3149 λαόν
375 3106 473 3151 τῶν
530 3106 763 3176 Γραικῶν
830 3109 921 3164 τῆς
984 3103 1181 3167 πόλεως
1212 3109 1499 3166 Λευκοσίας
1546 3110 1637 3158 καὶ
1701 3103 1793 3158 ένο-

1912 3117 2122 3159 corum
2164 3100 2463 3157 Leucosiae
2502 3096 2751 3154 civitatis
2807 3100 2863 3152 et
2904 3095 3181 3152 diceeesis
3228 3093 3561 3165 regendum

203 3192 323 3262 ρίας
377 3187 675 3262 βουλόμεθα
754 3191 895 3264 ἒχειν
960 3190 1154 3253 έκείνην
1229 3199 1321 3253 τὴν
1391 3193 1631 3257 ἐξουσίαν
1710 3198 1802 3253 τήν

206 3284 574 3350 προγεγονυῖαν
624 3287 697 3351 τῷ
755 3280 1207 3355 ἐμπεπιστευμένῳ
1265 3285 1429 3359 θρόνῳ
1508 3283 1686 3351 αὐτοῦ,
1742 3286 1803 3344 ἡν

207 3368 258 3418 οἱ
299 3365 444 3419 ἄλλοι
491 3376 590 3420 τῶν
648 3374 882 3442 Γραικῶν
937 3371 1213 3425 ἐπίσκοποι
1256 3380 1349 3427 τοῦ
1418 3381 1514 3436 τῆς
1589 3376 1803 3449 Κύπρου

208 3456 440 3532 ῥηγάτου
473 3456 528 3509 ἑκ
556 3466 647 3519 τῆς
686 3462 942 3523 τοιαύπῆς
994 3462 1313 3535 προμηθείας
1355 3462 1426 3526 εἰς
1481 3467 1604 3524 τοὺς
1646 3468 1804 3536 Γραι-

211 3548 333 3606 κούς
370 3549 487 3606 τοὺς
514 3545 693 3610 αὐτοῖς
717 3549 1159 3624 ὑποτεταγμένους
1185 3552 1607 3626 ἑπιπράττουσιν.

279 3636 381 3690 Τοῦ
410 3634 592 3688 λοιποῦ
613 3636 755 3709 αύτῷ
805 3646 879 3709 τῷ
932 3648 1032 3692 τῶν
1094 3645 1326 3713 Γραικῶν
1397 3641 1803 3717 ἁρχιεπισκόπῳ

211 3723 386 3794 ζῶντι,
412 3724 442 3782 ἢ
473 3729 567 3783 τὴν
609 3729 704 3788 τὴς
744 3724 1229 3802 ἁρχιεπισκοπικῆς
1282 3728 1433 3794 ἀξίας
1474 3730 1802 3806 λειτουργίαν

205 3818 650 3890 παρακατέχοντι,
683 3816 841 3869 αὐτοῦ
868 3814 935 3876 δὴ
982 3826 1074 3871 τοῦ
1123 3818 1551 3894 ἀρχιεπισκόπου
1581 3826 1671 3874 καὶ
1696 3828 1795 3872 τῶν

206 3900 499 3955 ἐπισκόπων
528 3912 628 3956 τῶν
675 3910 908 3957 Λατίνων
952 3905 1032 3959 ἐπὶ
1088 3913 1194 3967 τοῖς
1251 3913 1492 3981 Γραικόῖς
1534 3914 1651 3981 περὶ
1706 3913 1800 3967 τὴν

203 3988 443 4053 έξακολού
452 3993 512 4050 θη
522 4012 603 4045 σιν
727 4003 827 4046 τῶν
948 3994 1435 4069 ἁρχιεπισκοπικῶν
1587 3998 1802 4061 ἐξουσία

198 4088 291 4132 του
349 4080 599 4137 ἀνακινεῖν
657 4088 743 4143 τὴν
798 4093 894 4147 τῆς
954 4081 1215 4149 διενέξεως
1289 4086 1414 4145 ύλην
1478 4086 1795 4159 άφελκέσθω.

278 4172 535 4244 Τάττομεν
606 4178 774 4226 τοίνυν
853 4179 943 4227 καὶ
1009 4176 1322 4249 θεσπίζομεν
1392 4184 1574 4230 τοῦτον
1645 4176 1798 4229 αὐτόν

206 4259 621 4336 ἀρχιεπίσκοπον
668 4271 767 4315 τῶν
834 4270 1065 4340 Γραικῶν
1113 4269 1390 4341 Γερμανόν,
1448 4266 1537 4327 ἕως
1594 4264 1655 4318 ἂν
1706 4264 1797 4339 ζῇ,

205 4349 261 4403 ἐκ
318 4357 409 4412 τῆς
458 4354 821 4413 καταστάσεως
891 4361 986 4417 τῆς
1050 4358 1292 4415 τοιαύτης
1367 4351 1629 4426 διαταγῆς
1682 4354 1799 4409 ἄνευ

727 4003 827 4046 τῶν

1914 3205 2361 3265 promovemus,
2392 3204 2465 3244 ea
2487 3189 2778 3260 potestate
2799 3184 3117 3258 praeditum
3139 3184 3197 3239 in
3221 3182 3565 3240 concredita

1914 3280 2026 3337 sibi
2049 3277 2213 3348 sede,
2244 3294 2430 3350 quam
2445 3275 2893 3334 alliGraecorum
2908 3273 3175 3345 episcOpi
3209 3272 3376 3342 regni
3391 3272 3566 3343 Cypri

1912 3385 1985 3427 ex
2016 3368 2316 3440 ejusmodi
2389 3366 2730 3441 provisione
2776 3365 2836 3422 in
2888 3364 3123 3420 Graecos
3188 3362 3304 3419 sub
3356 3376 3564 3420 eorum

1912 3458 2134 3517 ditione
2164 3457 2519 3514 constitutos
2542 3454 2833 3512 obtinent.

1984 3639 2065 3694 Eo
2129 3637 2375 3695 tandem
2440 3635 2784 3692 Graecorum
2822 3630 3277 3705 archiepiscopo
3309 3630 3565 3697 vivente,

1911 3729 2033 3787 sive
2072 3724 2597 3800 archiepiscopalis
2635 3723 2939 3795 dignitatis
2978 3737 3227 3780 munere
3262 3720 3566 3792 fungente,

1910 3819 2024 3891 ipsi
2053 3816 2299 3892 quidem
2311 3815 2762 3888 archiepiscopo
2774 3816 2831 3869 et
2859 3811 3161 3885 episcopis
3200 3811 3565 3877 Latinorum,

1911 3913 1975 3966 ut
2008 3902 3151 3973 exciendimateriadissidiitollatur-,de
3170 3899 3562 3971 archiepisco~

1910 3992 2848 4073 palibusconscquendisjuribus
2882 4006 3067 4064 supra
3097 3992 3328 4045 Graecos
3362 3987 3563 4044 ablata

1911 4089 1982 4145 sit
2012 4092 2299 4161 potestas.

1979 4176 2361 4249 Prsecipimus
2381 4174 2560 4244 igitur
2596 4175 2653 4227 et
2682 4169 3047 4227 mandamus
3073 4172 3139 4223 ut
3176 4166 3304 4239 ipse
3336 4168 3564 4222 Graeco-

1907 4282 2045 4323 rum
2110 4264 2598 4336 archiepiscopus
2671 4261 3027 4324 Germanus,
3066 4255 3273 4331 quoad
3335 4255 3560 4325 vixerit,

1908 4371 1979 4412 ex
2005 4353 2185 4424 hujus
2214 4350 2608 4424 dispositione
2639 4344 3104 4416 Constitutionis,
3153 4345 3280 4400 sine
3333 4343 3563 4400 Latino-

207 4438 499 4511 ἆντιλογίας
543 4448 641 4492 τῶν
691 4447 921 4494 Λατινων
971 4441 1255 4518 ἀρχιερέων
1323 4442 1613 4517 ελευθέρως,
1680 4443 1793 4496 ὃταν

1908 4460 2044 4500 rum
2111 4438 2516 4498 controversia
2579 4438 3022 4510 episcoporum,
3083 4433 3564 4507 quotiescunque

203 4531 379 4602 μέντοι
431 4536 708 4589 κανονικῶς
784 4532 904 4590 τοὺς
969 4536 1221 4605 Γραικοὺς
1292 4537 1413 4593 τούς
1470 4531 1803 4604 ἑκλεχθέντας

204 4623 270 4688 τῇ
325 4617 517 4689 Κύπρῳ
563 4616 780 4679 καθεξῆς
821 4624 1245 4691 χειροτονητέους
1322 4621 1391 4680 εἰς
1461 4620 1800 4691 ἐπισκόπους,

203 4710 298 4759 καὶ
344 4703 444 4757 ἀπὸ
490 4710 591 4757 τῶν
649 4709 882 4758 Λατίνων
949 4705 1254 4782 ἀρχιερέων,
1302 4709 1368 4770 εἰς
1419 4707 1485 4762 ὧν
1524 4716 1804 4786 παροικίας

207 4795 370 4859 εἰσὶν,
467 4792 1029 4869 ἐπισφραγιζομένους,
1124 4793 1275 4870 ἀδείᾳ
1345 4798 1755 4873 μητροπολιτικῇ
1784 4844 1798 4868 ,

203 4887 332 4958 πρὸς
384 4886 473 4945 τὰς
536 4885 674 4958 ἱερὰς
743 4883 912 4947 τάξεις
984 4884 1482 4961 προϐιϐαζομένους,
1555 4908 1800 4964 χειροτο-

203 4978 364 5025 νείτω·
423 4976 544 5034 τοὺς
597 4969 657 5025 δε
704 4972 884 5035 ἄλλους
947 4981 1039 5026 τοῦ
1098 4974 1258 5027 αὐτοῦ
1331 4977 1564 5051 ῥηγάτοῡ
1648 4984 1801 5053 Γραι·

202 5064 329 5124 κοὺς
386 5061 700 5124 ἐπισκόπους
748 5063 1069 5135 συγκαλείτω
1112 5068 1239 5138 πρὸς
1306 5069 1364 5117 τό
1416 5074 1507 5126 τῆς
1559 5069 1800 5129 τοιαύτης

202 5156 529 5225 χειροτονίας
606 5158 889 5228 μυστήριον
958 5152 1135 5207 τελεῖν
1230 5160 1319 5208 καὶ
1391 5162 1508 5229 περὶ
1610 5160 1801 5219 πάντας

204 5243 323 5300 τοὺς
362 5245 615 5315 Γραικοὺς
654 5250 746 5295 τοῦ
804 5243 965 5296 αὐτοῦ
1028 5244 1263 5317 ρηγάτού
1330 5245 1391 5316 τῇ
1470 5244 1596 5318 αὐτῇ
1648 5242 1803 5319 ἀδείᾳ

206 5325 503 5402 ἁπονεμέτω
550 5335 644 5389 τὴν
722 5340 818 5393 τῆς
897 5332 1211 5404 ἐπισκέψεως
1286 5332 1614 5409 λειτουργίαν
1681 5336 1802 5388 ὃταν

207 5415 268 5471 ἐκ
294 5425 385 5470 τοῦ
434 5415 646 5473 δικαίου
695 5420 1047 5494 έπενεμηθείη·
1115 5427 1206 5474 καὶ
1263 5422 1313 5476 έν
1373 5430 1488 5485 ταῖς
1534 5426 1804 5487 τοιαύταις

209 5505 539 5577 έπίσκοπαίς,
620 5509 650 5568 ἦ
747 5508 795 5561 έν
883 5509 1057 5571 αὐτοῖς
1145 5514 1399 5569 ἀνήκουσι
1475 5513 1611 5584 λόγῳ
1697 5511 1804 5566 ἕπεο

213 5602 435 5668 σκοπῆς)
480 5598 542 5658 ἣν
594 5598 1035 5672 μητροπελιτικὴν
1074 5602 1124 5653 οἱ
1194 5601 1321 5655 θεῖοι
1369 5604 1573 5663 κανόνες
1631 5612 1801 5678 παρα-

1911 4533 2096 4591 Grseci
2120 4532 2179 4588 in
2213 4534 2407 4604 Cypro
2438 4527 2724 4587 canonice
2751 4526 2966 4583 fuerint
3005 4524 3218 4594 effecti,
3248 4528 3311 4580 ut
3354 4527 3563 4596 postea

1910 4622 2260 4681 ordinentur
2280 4618 2566 4694 episcopi,
2611 4622 2670 4675 et
2718 4634 2754 4675 a
2812 4616 3031 4674 Latinis
3080 4613 3467 4689 pontiﬁcibus
3499 4610 3558 4666 in

1909 4726 2169 4785 quorum
2196 4713 2334 4765 sunt
2384 4707 2745 4765 dioecesibus
2794 4705 3153 4775 consignati,
3210 4699 3560 4757 auctoritate

1910 4799 2343 4873 metropolitica
2373 4798 2453 4855 ad
2473 4814 2675 4855 sacros
2700 4796 2943 4853 ordines
2996 4787 3412 4865 promovendi,
3453 4802 3557 4843 eos

1908 4889 2091 4946 libere
2118 4893 2422 4946 consecret
2453 4907 2466 4956 ;
2500 4887 2649 4944 alios
2677 4901 2820 4941 vero
2868 4881 3139 4954 ejusdem
3180 4876 3346 4947 regni
3393 4878 3558 4931 Grae-

1909 4994 2119 5036 corum
2149 4980 2463 5053 episcopos
2486 4976 2564 5033 ad
2594 4972 2890 5046 ejusmodi
2942 4965 3334 5025 ordinationis
3365 4980 3561 5021 sacra-

1909 5073 2181 5124 mentum
2205 5064 2637 5139 perﬁciendum
2651 5062 2921 5126 advocet,
2946 5056 3072 5114 etin
3093 5055 3331 5112 Graecos
3347 5069 3560 5110 omnes

1910 5158 2180 5229 ejusdem
2196 5153 2587 5225 regnieadem
2603 5149 2949 5207 auctm-itate
2966 5143 3320 5202 visitationis
3336 5158 3562 5199 munus

1910 5248 2182 5304 exerceat
2213 5242 2446 5316 quoties
2470 5242 2545 5297 de
2565 5241 2698 5311 jure
2727 5235 3128 5294 exercendum
3184 5232 3333 5303 erit;
3392 5237 3450 5288 et
3499 5232 3561 5287 in

1910 5335 2053 5393 istos
2076 5332 2458 5405 episcopatus
2482 5329 2576 5386 vel
2602 5328 2664 5385 in
2692 5343 2797 5383 eos
2819 5326 2923 5399 qui
2937 5324 3164 5381 ratione
3176 5321 3559 5396 episcopatus

1911 5425 1972 5482 in
1998 5424 2129 5495 ejus
2159 5426 2299 5479 sunt
2335 5420 2581 5490 ditione,
2619 5432 2808 5492 quam
2844 5411 3343 5487 metropoliticam
3374 5406 3563 5465 divini

1913 5513 2156 5572 tradunt
2167 5506 2792 5582 canones,plenariam
2803 5521 2939 5563 eam
2948 5503 3173 5561 habeat
3189 5501 3562 5573 potestatem,

1908 5616 2136 5676 eosque
2155 5601 2219 5658 in
2246 5600 2365 5657 vita
2402 5597 2592 5672 ipsius
2611 5591 3011 5669 arhiepiscopi
3029 5592 3198 5663 regat
3224 5603 3237 5646 ι
3265 5584 3565 5660 siquidem
