4054 6212
508 261 649 323 i553

1946 251 2353 311 ALEXAND!“
2390 254 2461 309 Π

3755 260 3891 320 {I56

507 387 701 449 Latini
728 402 990 461 quorum
1026 386 1155 441 haec
1184 383 1421 456 aliaque
1448 386 1589 440 sunt
1619 382 1760 454 jura
1788 394 1863 436 ex
1889 378 2171 451 praesenti

2297 384 2571 453 ιωροῦσιν,
2607 378 2775 452 ἕχίτω
2834 384 3163 455 περιουσίαν
3202 386 3292 435 καὶ
3337 382 3388 434 ἂν
3422 391 3488 458 τῇ
3563 384 3677 458 ζωῇ
3731 386 3890 440 αὐτοῦ

512 477 954 538 constitutionis
980 475 1307 539 sanctione,
1339 477 1475 545 post
1505 470 1803 543 ejusmodi
1835 468 2167 538 archiepis-

513 570 652 642 copi
672 573 924 624 mortem
937 563 1369 621 eaobtinebunt
1378 582 1396 633 ;
1411 578 1483 618 eo
1497 565 1698 617 autem
1711 559 1948 617 nolente
1978 556 2171 614 nulla~

513 666 690 718 tenus
705 673 768 713 se
786 657 950 727 ipsos
969 653 1271 722 ingerant:
1288 652 1525 709 salvain
1539 648 1838 721 ejusmodi
1858 663 1919 704 re
1931 651 1990 702 et
2006 647 2067 702 in
2078 661 2171 702 re-

513 750 697 821 liquis
717 747 847 803 aliis
876 743 1116 800 casibus
1146 746 1427 798 manente
1452 744 1743 813 potestate
1765 737 2060 794 Leucosiae
2082 751 2173 793 ar-

517 835 879 910 chiepiscOpi
894 839 950 890 et
962 833 1304 893 Latinorum
1316 832 1736 902 episcoporum
1745 871 1758 893 ,
1772 825 2174 903 Archiepisco-

515 944 634 1003 pus
654 932 856 982 tamen
870 926 1106 981 Gracus
1118 936 1257 979 eam
1267 920 1854 992 habeatpotestatem
1865 931 2049 988 quam
2066 912 2176 986 ipsi

519 1015 820 1074 Leucosim
851 1012 1303 1083 archiepiscopo
1328 1010 1555 1065 ratione
1578 1005 1928 1079 metropolis
1959 1008 2015 1060 et
2044 1003 2176 1059 aliis

520 1104 741 1163 Latinis
760 1101 1062 1177 episcopis
1072 1099 1301 1156 ratione
1312 1095 1707 1154 dieeoesumin
1721 1096 1955 1150 Graecos
1966 1107 2179 1148 omnes

517 1190 751 1267 praefati
788 1189 956 1264 regni
1004 1204 1077 1249 ex
1114 1192 1323 1249 nostra
1376 1184 1766 1261 dispositione
1814 1182 1943 1238 hinc
2000 1178 2185 1247 tradit

527 1281 876 1339 constitutio

2280 467 2704 542 ἀρχιεπισκόπου
2754 474 2951 525 τούτων
2995 470 3223 547 ἀρχέτω·
3277 479 3369 527 καὶ
3418 478 3522 549 γάρ
3563 478 3620 528 οἱ
3672 482 3889 530 Λατῖνοι

2280 562 2410 630 πρός
2450 560 2536 620 οὖς
2562 559 2668 612 εἰσι
2695 567 2865 613 ταῦτα
2900 565 2990 614 καὶ
3041 560 3174 617 ἄλλα
3216 557 3423 631 δίκαια,
3485 567 3626 617 κατὰ
3682 569 3747 617 τό
3802 576 3889 628 τῆς

2282 649 2552 721 παρούσης
2608 644 2894 713 διατάξεως
2958 652 3228 723 θέσπισμα
3290 655 3422 724 μετὰ
3502 657 3592 705 τόν
3675 656 3890 707 θάνατοι

2283 742 2375 789 τοῦ
2427 738 2664 795 τοιούτου
2715 736 3139 811 ἀρχιεπισκόπου
3194 740 3527 803 καθέξουσινο
3583 742 3760 794 αὐτοῦ
3840 740 3893 795 δε

2284 828 2356 896 μὴ
2413 823 2639 890 θέλοντος
2705 823 2968 900 μηδαμῶς
3020 828 3415 901 ἔμϐαλλίτωσαν
3479 830 3721 891 ἑαυτούς’
3803 850 3893 884 σοι

2288 912 2506 986 ξομενης
2555 913 2604 968 ἐν
2654 921 2886 989 τοσούτῳ
2945 926 3016 988 τῷ
3060 928 3156 980 τῆς
3194 925 3475 983 Δευκοσίος
3541 920 3894 996 ἀρχιεπισκό-

2288 1021 2369 1073 πω
2437 1008 2527 1057 καὶ
2588 1012 2697 1067 τοῖς
2742 1012 2974 1068 Λατίνοις
3017 1007 3324 1070 ἐπισκόποις
3378 1016 3468 1063 καὶ
3520 1010 3574 1063 ἕν
3615 1018 3738 1071 τοῖς
3802 1010 3897 1062 λιιι

2290 1098 2409 1153 ποίς
2431 1092 2696 1164 συμϐᾶσιν
2721 1095 3116 1159 ἂξουσίαςοὰλλ⁹
3174 1099 3264 1151 οὖν
3328 1101 3356 1151 ὁ
3419 1104 3650 1174 Γραικὸς
3706 1099 3899 1174 ἀρχιε-

2292 1184 2545 1245 πὶσκοπος
2584 1182 2749 1255 ἰχὶτω
2812 1184 3072 1250 ἕξουσίαν,
3114 1187 3174 1246 ἣν
3227 1188 3368 1259 αύτῷ
3423 1197 3496 1260 τῷ
3546 1200 3646 1251 τῆς
3687 1197 3904 1244 Anani-

2296 1271 2411 1329 σίας
2485 1270 2887 1346 ἀρχιεπισκόπῳ
2954 1275 3093 1347 λόγῳ
3167 1278 3548 1352 μητροπόλεως,
3610 1285 3705 1332 καὶ
3764 1281 3903 1349 αύτᾷ

520 1378 632 1432 τοῖς
683 1368 851 1430 ἄλλοις
904 1367 1212 1430 ἄπισκόποις
1265 1374 1376 1430 τοῖς
1430 1372 1670 1426 Λατίνοις
1728 1365 1864 1436 λόγῳ
1937 1360 2142 1435 ἑνοριῶν
2211 1359 2330 1436 περὶ
2394 1359 2588 1425 πάντας
2654 1365 2777 1426 τοὺς
2858 1369 3110 1439 Γραικοὺς
3174 1373 3268 1419 τοῦ
3326 1368 3605 1440 πρηθέντος
3660 1370 3904 1443 ﬁngit»

523 1470 625 1525 τῆς
652 1462 902 1534 ἡμετέρας
933 1456 1220 1522 διατάξεως
1249 1454 1448 1511 δίδωσι
1479 1460 1537 1511 τό
1567 1458 1900 1528 κατάστημα,

600 1568 765 1623 Dicto
821 1568 964 1623 item
1029 1565 1373 1621 Graecorum
1440 1563 1893 1636 archiepiscopo
1920 1560 2177 1627 vivente,

525 1654 1050 1730 quemadmodum
1074 1658 1132 1710 et
1151 1653 1453 1726 deinceps,
1478 1652 1710 1725 quoties
1729 1651 1789 1707 in
1808 1653 2079 1707 Romaios
2102 1648 2177 1705 civ

2362 1559 2500 1618 Πλὴν
2553 1566 2647 1614 τοῦ
2694 1561 2936 1636 ῥηθέντος
3002 1558 3430 1634 ἆρχιεπισκόπου
3484 1572 3584 1614 τῶν
3664 1570 3905 1637 Γραικῶν

2287 1648 2463 1713 ζῶνος,
2540 1650 2711 1724 ὥσπερ
2768 1656 2858 1704 καὶ
2903 1654 3197 1723 μετέπειτα,
3280 1649 3507 1710 ἑκάστην
3588 1648 3905 1705 δικαιοσίαν

523 1745 724 1801 vitatis
746 1749 804 1799 et
829 1743 1101 1800 dimcesis
1142 1743 1442 1799 Leucosim
1467 1742 1567 1813 jus
1604 1739 1927 1797 dicendum
1966 1738 2075 1794 erit
2102 1736 2178 1793 de

2297 1741 2376 1789 ιαὶ
2436 1741 2557 1799 τοὺς
2640 1737 2926 1811 Ῥωμαίους
3002 1748 3094 1801 τῆς
3165 1741 3351 1803 πόλεως
3434 1748 3735 1803 Λευκοσίας
3819 1736 3906 1794 καὶ

527 1834 879 1891 criminibus
929 1836 984 1889 et
1035 1832 1188 1899 aliis,
1246 1833 1370 1889 sine
1425 1832 1672 1905 praefato
1726 1828 2178 1901 archiepiscopo

529 1926 825 1980 Germano
848 1922 1089 1978 Latinus
1136 1921 1426 1977 assidebit
1477 1920 1979 1991 archiepiscopus.
2039 1918 2179 1981 Qum

520 2012 859 2085 jurisdictio
893 2012 1108 2068 Latinis
1134 2011 1265 2068 aliis
1297 2011 1592 2083 episcopis
1620 2008 1850 2082 praefati
1886 2006 2054 2076 regni
2074 2020 2181 2078 per

527 2103 686 2161 hanc
701 2100 1262 2157 eonstitutionemin
1282 2100 1618 2171 episcopos,
1642 2097 1883 2153 clericos
1907 2095 2181 2166 aliosque

525 2191 763 2247 Graecos
793 2190 1144 2246 earumdem
1183 2189 1490 2245 civitatum
1518 2191 1576 2243 et
1608 2187 1935 2242 dimcesum
1964 2182 2183 2240 tradita

528 2284 637 2339 est.
667 2281 955 2344 Quamvis
986 2277 1517 2349 etarchiepiscopis
1538 2274 1815 2332 Germani
1835 2287 2181 2346 personam,

528 2383 849 2441 quousque
861 2368 1089 2437 vixerit,
1110 2368 1173 2423 in
1193 2365 1471 2423 omnibus
1481 2370 1539 2421 et
1563 2381 1670 2438 per
1686 2364 1892 2422 omnia
1902 2362 2182 2418 volumus

529 2459 867 2513 immunem
892 2472 1021 2512 esse
1060 2456 1139 2512 ab
1182 2454 1615 2527 archiepiscopi
1646 2453 1831 2511 Latini
1868 2456 2181 2524 potestate,

531 2552 733 2603 tamen
762 2551 842 2606 ab
865 2547 998 2619 ipso
1035 2546 1283 2618 quidem
1312 2546 1591 2619 praesenti
1629 2542 2070 2601 constitutionis
2099 2543 2185 2596 in-

531 2636 715 2712 cipiat
751 2634 1110 2693 observatio.
2014 2658 2017 2659 ν

602 2852 767 2909 Idem
804 2851 934 2924 ipse
991 2852 1320 2906 Germanus
1373 2847 1856 2921 archiepiscopus
1887 2862 2184 2904 concessae

533 2942 647 2999 sibi
676 2941 845 2999 Soliee
878 2939 1037 2995 sedis
1079 2938 1323 2995 nomine
1365 2938 1573 2994 Latino
1612 2937 2069 3009 archiepiscopo
2106 2937 2187 2993 le-

532 3032 801 3105 gitimam
822 3027 1176 3085 obedientite
1197 3027 1632 3100 professionem
1654 3042 1728 3081 ex
1759 3026 2036 3098 superius
2071 3031 2184 3082 tra-

531 3121 660 3177 dita
684 3108 875 3175 fcrma
897 3117 1093 3173 faciat.
1125 3119 1205 3171 Ex
1245 3115 1543 3187 ejusmodi
1571 3120 1772 3170 autem
1812 3113 2183 3187 professione
2215 3124 2254 3178 Ο

531 3217 590 3268 et
625 3207 964 3265 obedientia
1001 3206 1230 3262 nullam
1280 3222 1496 3280 prosus
1563 3204 1846 3260 volumus
1910 3203 2183 3259 Latinum

533 3297 1051 3368 archiepiscopum
1073 3295 1294 3351 habere
1315 3298 1666 3367 potestatem
1696 3292 2184 3366 puniendiipsius

532 3386 971 3459 archiepiscopi
1002 3385 1278 3441 Germani
1291 3398 1635 3457 personam,
1660 3382 2108 3455 autquidquam
2131 3382 2185 3438 ci

531 3475 917 3550 praecipiendi
943 3475 1003 3529 in
1026 3474 1242 3546 quovis
1272 3488 1545 3544 unquam
1584 3487 1729 3527 casu
1780 3474 1839 3525 ut
1898 3486 2005 3543 per
2061 3471 2186 3525 sin-

534 3566 741 3637 gulare
762 3564 1159 3620 immunitatis
1190 3562 1566 3635 privilegium
1595 3561 1725 3631 ejus
1746 3559 2041 3615 duntaxat
2057 3575 2185 3631 per-

534 3671 699 3709 sones
729 3669 802 3709 ex
826 3653 939 3708 hac
971 3652 1381 3707 constitutione
1404 3651 1633 3716 datum,
1651 3650 1775 3705 sine
1797 3649 1917 3704 ulla
1938 3665 2185 3721 prorsus

530 3742 975 3815 perturbatione
997 3756 1183 3812 usque
1200 3739 1261 3795 in
1277 3738 1461 3795 ﬁnem
1474 3739 1740 3811 quietam
1755 3739 1881 3811 ipse
1901 3735 2185 3810 tranquil-

530 3831 774 3904 lamque
804 3830 989 3886 vitam
1019 3829 1220 3886 ducat.

604 3936 842 4003 Quoties
880 3940 1081 3991 autem
1121 3952 1158 3991 a
1195 3933 1445 4007 praefato
1486 3936 1803 3999 Germano,
1845 3935 2183 3989 Graecorum

533 4027 1004 4099 archiepiscopo,
1030 4024 1107 4081 ad
1153 4025 1425 4081 Latinum
1489 4024 1813 4096 apellatum
1880 4022 2056 4079 fuerit
2094 4038 2184 4078 ar-

534 4116 1006 4190 chiepiscopum,
1036 4118 1235 4171 teneat
1262 4112 1602 4186 appellatio,
1629 4112 1794 4168 salvo
1820 4110 2182 4186 praelationis

529 4208 661 4278 jure
675 4205 1019 4277 apostolicae
1040 4204 1216 4259 sedis.
1239 4202 1533 4258 Leucosiae
1545 4201 2032 4274 archiepiscopus
2051 4204 2187 4273 post

533 4295 672 4350 dicti
700 4293 998 4359 Germani,
1030 4293 1373 4348 Graecorum
1430 4290 1846 4364 archipiscopi,
1906 4295 2180 4356 mortem,

534 4384 766 4438 Grtecos
789 4398 911 4436 sua:
930 4381 1248 4452 provincia:
1272 4380 1332 4435 in
1356 4379 1693 4436 civitatibus
1713 4379 1805 4435 vel
1823 4378 2183 4435 dimcesibus

2288 1830 2507 1901 ἐνορίας,
2580 1833 2747 1903 χωρὶς
2823 1837 2915 1882 τοῦ
3015 1831 3388 1905 προλεχθέντος
3462 1831 3901 1908 ἀρχιεπισκόπον

2288 1920 2567 1989 Γερμανοῦ,
2620 1917 2669 1970 ἐν
2725 1918 3014 1991 ἐγκλήμασι
3065 1926 3156 1974 καὶ
3208 1921 3383 1983 ἄλλοις
3438 1924 3465 1974 ό
3520 1928 3759 1983 Λατῖνος

2287 2009 2640 2076 χιεπίσκοπος
2703 2011 3076 2082 παρακαθίσαι·
3143 2012 3175 2069 ἦ
3228 2017 3339 2072 τοῖς
3421 2010 3599 2073 ἄλλοις
3654 2018 3899 2073 Λατίνοις

2289 2092 2597 2156 ἇπισκόποις
2653 2104 2748 2149 τοῦ
2802 2098 3177 2173 προρῥηθίντος
3232 2100 3467 2175 ῥηγάτοῦ
3521 2098 3557 2153 δ
3563 2105 3618 2153 ιὰ
3706 2104 3900 2162 ταύτης

2287 2191 2383 2245 τῆς
2444 2181 2732 2249 διατάξεως
2786 2186 2853 2247 εἰς
2918 2186 3259 2259 ἐπισκόπους,
3285 2190 3568 2265 κληρικοὺς
3613 2195 3710 2243 καί
3780 2195 3899 2250 τοὺς

2289 2272 2476 2336 ἄλλους
2536 2280 2787 2347 Γραικοὺς
2837 2285 2939 2329 τῶν
3022 2278 3193 2331 αὐτῶν
3257 2280 3450 2333 πόλεων
3525 2285 3617 2333 καὶ
3696 2278 3901 2353 hopes}:

2291 2370 2758 2438 παρακεχώρηται.
2811 2367 2916 2419 Κάν
2984 2373 3073 2419 καὶ
3152 2372 3213 2420 τό
3285 2377 3379 2421 τοῦ
3470 2368 3903 2442 ἀρχιεπισκόπου

2293 2456 2554 2524 Γερμανοῦ
2618 2458 2896 2526 πρόσωπον
2970 2462 3167 2532 μέχρις
3230 2458 3293 2510 ἄν
3361 2459 3649 2532 τελευτήσῃ
3733 2462 3901 2511 πάντα

2290 2547 2453 2594 πᾶσιν
2491 2541 2801 2617 ἐξῃρημένον
2850 2545 2974 2598 εἶναι
3031 2546 3238 2619 θέλομεν
3291 2546 3393 2599 ὰπὸ
3471 2556 3564 2610 τῆς
3643 2556 3742 2601 τοῦ
3816 2548 3903 2622 ἐρ-

2292 2638 2650 2703 χιεπισκόπου
2683 2640 2775 2687 τοῦ
2823 2639 3049 2687 Λατίνου
3099 2636 3359 2702 ἐξουσίας,
3427 2637 3570 2710 ὅμως
3605 2641 3792 2711 μέντοι
3857 2639 3902 2690 ἐν

2294 2720 2437 2792 αύτῷ
2476 2722 2505 2780 ἡ
2562 2721 2771 2794 φύλάξις
2817 2732 2909 2784 τῆς
2958 2725 3232 2799 παρούσης
3284 2723 3574 2790 διατάξεως
3624 2726 3900 2802 ἀρχέσθω.

2366 2852 2409 2899 Ο
2478 2846 2634 2908 αύτός
2699 2852 2953 2922 Γερμανὸς
3017 2848 3432 2925 ἆρχεεπίσκοπος
3518 2852 3728 2924 ὀνόματι
3798 2860 3894 2911 τῆς

2294 2935 2508 2997 Σωλείας
2566 2937 2745 3009 θρόνου
2841 2946 2937 3000 τῆς
3005 2945 3524 3016 παρακεχωρημένης
3603 2941 3738 3009 αύτῷ
3814 2948 3889 3011 τῷ

2296 3029 2499 3097 Λατίνῳ
2542 3024 2944 3101 ἁρχιεπισκόπῳ
2995 3029 3247 3100 ἐνώμοτον
3305 3030 3584 3103 ὁμολογίαν
3668 3032 3899 3087 ποιησά-

2299 3134 2366 3165 τω
2422 3115 2657 3177 ὑπακοης
2712 3116 2847 3169 κατὰ
2902 3120 2987 3169 τόν
3052 3118 3367 3191 ἐγνωσμένον
3438 3124 3597 3172 τύπον
3688 3118 3898 3172 ἄνωθεν.

2298 3202 2384 3255 Ἐκ
2426 3209 2515 3264 τῆς
2571 3203 2849 3276 ὁμολογίας
2901 3201 2959 3258 δὲ
3029 3211 3119 3257 καὶ
3183 3208 3417 3270 ὑπακοῆς
3489 3210 3745 3268 τοιαύτης
3822 3214 3901 3261 τόν

2298 3296 2516 3344 Λατῖνον
2543 3291 2960 3365 ἁρχιεπίσκοπον
3001 3289 3327 3347 διανοεῖσθαι
3356 3296 3426 3358 εἰς
3482 3299 3541 3347 τό
3601 3304 3703 3349 τοῦ
3739 3302 3903 3350 τοιού-

2295 3398 2383 3432 του
2430 3386 2687 3454 Γερμανοῡ
2740 3390 2831 3433 τού
2886 3381 3306 3455 ἁρχιεπισκόπου
3357 3388 3637 3460 πρόσωπον
3700 3386 3731 3444 ἡ
3801 3387 3905 3439 imo

2296 3471 2496 3522 τάττειν
2540 3489 2591 3521 τι
2634 3470 2775 3541 αύτῷ
2838 3470 2885 3524 ἐν
2939 3469 3295 3545 όπιοᾳδήποτε
3364 3478 3560 3547 χρήσει
3648 3472 3904 3547 οὐδεμίαν

2300 3557 2595 3631 βουλόμεθα
2633 3563 2773 3632 ἔχειν
2821 3567 3143 3635 περιουσίαν,
3210 3569 3310 3629 ἶνα,
3370 3570 3903 3638 παρακεχωρημένης

2297 3650 2449 3719 μόνον
2498 3647 2849 3722 ύπεξαίρέσως
2901 3658 2972 3719 τῷ
3033 3657 3295 3726 προσώπῳ
3348 3650 3531 3713 αὐτοῦ,
3579 3656 3754 3727 ταύτῃ

2299 3732 2335 3788 δ
2338 3735 2536 3800 ἱατάξει
2566 3735 2773 3801 ἐντελῶς
2797 3742 2885 3793 καὶ
2916 3734 3267 3803 άδιασείστως
3296 3735 3331 3795 δ
3336 3742 3481 3815 ιὰγη.

2369 3935 2429 3988 Εἴ
2482 3955 2605 3988 πονε
2641 3932 2700 3989 δὲ
2753 3934 2994 4015 ἀπόποῦ
3046 3938 3415 4010 προλεχθέντος
3458 3945 3760 4014 Γερμανοῦ,
3818 3950 3904 3995 τοῦ

2296 4034 2395 4077 τῶν
2464 4031 2693 4101 Γραικῶν
2766 4024 3211 4101 ἁρχιεπισκόπου,
3287 4029 3555 4088 ἐκκληθείη
3634 4036 3774 4106 πρὸς
3827 4038 3907 4084 τόν

2299 4120 2517 4167 Λατῖνον
2582 4113 3020 4190 ἀρχιεπίσκοπον,
3103 4120 3403 4190 σωζομένης
3471 4128 3563 4180 τῆς
3642 4129 3908 4193 179071.22:-

2300 4223 2423 4263 σεως
2473 4211 2565 4255 τοῦ
2616 4202 2965 4258 ἀποστολικού
3036 4206 3217 4279 θρόνου
3299 4207 3643 4278 ἑγκαλείσθω.
3727 4210 3789 4262 Ὀ
3850 4207 3904 4261 δὲ

2296 4296 2386 4353 τῆς
2440 4298 2728 4355 Λευκοσίας
2796 4292 3209 4367 ἁρχιεπίσκοπος
3278 4300 3406 4369 μέτόι
3486 4302 3579 4355 τὴν
3660 4298 3901 4357 τελευτὴν

2296 4386 2387 4431 τοῦ
2428 4378 2669 4454 ῥηθέντος
2722 4387 3002 4455 Γερμανοῡ,
3062 4390 3152 4435 τοῦ
3200 4392 3298 4435 τῶν
3343 4391 3575 4457 Γραικῶν
3651 4384 3906 4461 ἂρχιεπιο

534 4468 1056 4537 suﬁ‘raganeorum
1089 4486 1337 4525 suorum
1366 4468 1649 4540 degentes
1669 4470 1803 4541 jure
1826 4485 1950 4524 sua:
1974 4472 2181 4523 metro-

2300 4473 2666 4536 σκόπου,τούς
2695 4475 2950 4545 Γραικοὺς
3002 4479 3093 4534 τῆς
3146 4472 3305 4533 αὐτῆς
3363 4472 3628 4549 ἐπαρχίας
3680 4475 3734 4527 ἐν
3794 4485 3905 4537 ταῖς

530 4559 707 4633 polis,
729 4556 893 4630 quod
913 4556 966 4612 ei
989 4557 1305 4612 convenire
1324 4557 1620 4626 volumus,
1644 4557 1921 4613 visitabit.
1951 4556 2041 4612 Ab
2058 4572 2185 4612 om-

531 4648 712 4705 nibus
734 4651 934 4703 autem
961 4645 1179 4702 harum
1205 4645 1511 4701 civitatum
1536 4645 1749 4703 Graecis
1777 4647 2104 4716 generatim
2123 4645 2184 4700 in

531 4737 745 4811 quavis
776 4735 1011 4793 civitate
1038 4750 1151 4808 pro
1200 4734 1448 4805 singulis
1495 4735 1795 4808 parochiis
1846 4739 2043 4790 sumet
2063 4735 2182 4789 sin-

533 4827 687 4899 gulis
712 4826 886 4883 annis
912 4825 1006 4881 vel
1037 4840 1342 4881 summam
1369 4825 1683 4895 sexaginta
1712 4823 2042 4879 solidorum
2074 4829 2187 4880 tor-

531 4918 838 4974 nesiorum
877 4916 970 4973 vel
1010 4917 1256 4973 totidem
1294 4914 1605 4987 byzantios
1646 4930 1771 4970 non
1819 4913 2066 4970 minoris
2094 4914 2186 4970 vel

531 5007 780 5078 majoris
812 5007 1053 5074 valoris,
1086 5021 1197 5063 nec
1223 5005 1482 5079 amplius
1503 5003 1861 5077 quidquam.

606 5218 893 5276 Eamdem
923 5224 1282 5291 potestatem
1318 5236 1504 5293 quem
1525 5220 1688 5277 hisce
1716 5221 2025 5293 praesentis
2046 5236 2184 5277 con-

531 5308 850 5367 stitutionis
874 5307 1126 5365 decretis
1147 5311 1207 5365 in
1226 5309 1454 5380 judicio
1474 5310 1610 5366 latis
1628 5316 1757 5365 tum
1790 5309 2029 5385 Graecis,
2054 5314 2180 5365 tum

535 5398 751 5456 Latinis
774 5397 1157 5469 pontiﬁcibus
1182 5398 1349 5467 regni
1377 5398 1552 5477 Cypri
1574 5398 1953 5479 tradidimus,
1998 5398 2180 5455 etiam

529 5488 832 5546 decretam
853 5503 986 5545 esse
1015 5487 1179 5560 Syris
1211 5487 1481 5559 ejusdem
1510 5489 1697 5558 regni,
1726 5488 1829 5561 qui
1856 5488 2083 5544 eisdem
2111 5504 2180 5545 ac

515 5579 715 5650 graeci
741 5579 975 5659 praediti
1006 5583 1151 5635 sunt
1176 5577 1447 5659 moribus
1475 5584 1533 5636 et
1580 5578 1883 5649 institutis,
1917 5593 1992 5643 ex
2016 5595 2180 5637 com-

2294 4557 2503 4609 πόλεσιν
2560 4559 2591 4618 ἣ
2651 4558 2875 4632 ἔνορίαις
2928 4569 3028 4612 τῶν
3089 4560 3250 4612 αὑτοῦ
3338 4565 3617 4637 συνερίθων
3708 4562 3904 4637 δικαίῳ

2295 4654 2389 4705 τῆν
2446 4646 2608 4699 αὐτοῦ
2652 4648 3036 4725 μητροπόλεως,
3094 4648 3121 4703 ὁ
3177 4648 3315 4721 αύτῷ
3373 4651 3582 4726 θελομεν
3666 4652 3903 4721 ἀνήκειν,

2296 4733 2653 4808 ἐπισκέψεται.
2700 4742 2836 4791 Μίαν
2881 4743 3048 4811 μέντοι
3109 4738 3157 4791 ἕν
3214 4740 3408 4814 ἑκάστη
3481 4741 3630 4796 πόλει
3700 4744 3905 4819 ἐνορίαν

2296 4828 2440 4899 παρὰ
2494 4828 2695 4878 πάντων
2778 4835 2877 4878 τῶν
2933 4833 3166 4902 Γραικῶν
3240 4837 3433 4881 τούτων
3519 4840 3622 4883 τῶν
3708 4834 3903 4887 πόλεων

2296 4923 2475 4974 κοινῶς
2499 4915 2612 4967 κατ’
2655 4917 2935 4989 ἐπιτροπὴν
2990 4916 3291 4990 λαμϐανέτω
3342 4918 3456 4972 κατ’
3511 4919 3626 4984 ἔτος
3687 4924 3723 4982 ἦ
3785 4924 3902 4986 ἐξή-

2296 5023 2453 5056 κοντα
2485 5000 2690 5064 σόλιδος
2736 5011 3044 5081 τουρνεσίων
3087 5007 3384 5081 κεφάλαιον,
3440 5009 3760 5069 ἧττοσαῠτα
3806 5010 3900 5086 βυ-

2298 5095 2479 5155 ζάντια
2508 5095 2575 5145 τὰ
2605 5092 2833 5147 ἰσόποσα
2855 5097 3079 5159 τούτοις,
3102 5101 3175 5170 μὴ
3219 5095 3390 5152 πλέον.

2361 5218 2639 5292 Ἐκατίρων
2700 5225 2871 5273 τοίνυν
2951 5217 3216 5288 ὶζουσίαν,
3289 5223 3410 5281 ἢτοι
3446 5226 3690 5278 Λατίνων
3816 5231 3899 5279 καὶ

2295 5314 2527 5382 Γραικῶν
2579 5306 2865 5385 ἀρχιερέων
2916 5316 3010 5361 τοῦ
3059 5318 3154 5373 τῆς
3203 5312 3414 5385 Κύπρου
3466 5313 3710 5387 ῥηγάτου
3775 5312 3896 5368 δια-

2292 5404 2542 5479 κριτικοῖς
2597 5401 2846 5459 τοιούτοις
2898 5402 3036 5473 ὅροις
3090 5406 3187 5460 τῆς
3260 5401 3504 5476 ἡμετέρος
3580 5398 3890 5473 διατάξεως,

2292 5489 2483 5560 ὁμοίως
2537 5490 2627 5539 καὶ
2680 5495 2791 5549 τοῖς
2842 5490 3022 5563 Σύροις
3073 5484 3163 5541 τοῦ
3212 5488 3373 5541 αὐτοῦ
3424 5492 3493 5543 τὰ
3546 5492 3688 5545 αὐτὰ
3767 5496 3895 5567 με·τὲ

2289 5583 2389 5630 τῶν
2417 5582 2652 5655 Γραικῶν
2688 5578 2780 5636 ἴθι
2837 5581 2928 5630 καὶ
2979 5578 3103 5650 ἤθη,
3148 5567 3326 5631 κοινοῦ
3368 5596 3425 5633 τε
3485 5575 3710 5655 δικαίου
3763 5581 3891 5649 ad-
