4054 6212
634 294 774 353 1547

636 527 737 566 nes
791 511 1070 566 homines.
1116 510 1364 563 Vocatus
1394 508 1474 563 ad
1526 507 1816 575 synodum
1868 507 2115 573 veniam,
2170 505 2285 558 nisi

636 600 921 655 canonico
939 600 1107 668 fuero
1136 596 1496 665 praepeditus
1516 596 1955 663 impedimento.
2002 596 2285 663 Legatum

634 688 785 742 sedis
811 686 1170 754 apostolicae,
1200 700 1372 755 quem
1404 690 1629 739 certum
1658 698 1777 738 esse
1808 696 2155 751 cognovero,
2195 695 2283 735 ve-

633 778 888 831 nientem
916 790 987 831 ac
1008 780 1371 830 remeantem
1394 774 1717 835 honoriﬁce
1745 772 2019 827 tractabo
2032 776 2085 826 et
2110 772 2171 824 in
2192 786 2287 824 ne-

630 865 1004 921 cessitatibus
1030 863 1470 933 adjuvabo.Sic
1489 877 1580 918 me
1595 862 1750 916 Deus
1786 861 2050 929 adjuvet,
2074 866 2125 914 et
2160 859 2286 913 haec

632 960 844 1009 sancta
877 954 979 1009 Dei
1000 953 1353 1023 Evangelia.

634 1039 969 1115 ἐμποδισμῷ.
1057 1044 1154 1093 Τὸν

2055 290 2452 347 ALEXANDRI
2489 291 2566 345 IV

637 435 736 477 ero
758 420 1037 491 defensor
1060 424 1115 475 et
1139 424 1333 474 custos
1356 418 1522 474 salvo
1540 416 1747 472 ordine
1776 430 1921 483 meo,
1942 421 2153 471 contra
2175 429 2275 469 om.

2406 434 2535 466 σειεν
2608 417 2675 476 είς
2758 418 2925 469 αὐτῶν

1248 1036 1452 1092 δικαῖον
1528 1047 1618 1099 τῆς
1704 1038 2053 1097 ἀποστολικῆς
2133 1033 2305 1108 ἔδρας,

3742 318 3837 377 1548

3020 418 3227 492 ζημίαν,
3297 420 3451 478 οὐδενί
3510 440 3744 505 φανερώσω.
3794 450 3840 495 Τὸ

2393 506 2633 556 παπάτον
2709 515 2804 567 τῆς
2864 507 3062 580 Ῥώμης
3138 509 3419 573 Ἐκκλησίας
3474 524 3549 569 καὶ
3592 525 3662 571 τὸν
3708 526 3836 597 ἁρχα-

2393 611 2649 666 ρατισμον
2760 605 2852 655 τῆς
2950 605 3045 658 τῆς
3126 604 3391 662 Λευκοσίας
3462 580 3841 681 Ἐκκ).ησίας;ἡχαε

2393 684 2513 740 τοὺς
2566 691 2664 732 τῶν
2741 683 2903 754 ἁγίων
2979 690 3208 759 Πατέρων
3282 694 3476 752 κανόνας
3546 697 3698 759 ἔσομαι
3748 701 3840 754 αντι-

2393 768 2770 842 λαμϐανομενος
2868 779 2959 825 καὶ
3055 780 3305 846 κατέχων,
3406 779 3629 846 φυλαττομ

2394 855 2487 928 ἐμῆ
2500 879 2521 918 ς
2596 859 2807 925 τάξεως,
2882 864 3020 914 κατά

2396 946 2461 1005 εἰς
2541 945 2760 1000 σύνοδον
2844 950 2969 1013 ἥξω,

2410 1034 2463 1085 ὃν
2553 1035 2717 1095 ἀληθῆ
2803 1044 2994 1110 νοήσω,

2868 779 2959 825 καὶ
3055 780 3283 846 κατέχων
3293 820 3305 839 ,
3406 779 3723 855 φυλαττομένης
3788 802 3843 854 τῆς

3111 867 3305 915 πάντων
3368 865 3628 939 ἀνθρώπων.
3700 875 3843 939 κληθεὶς

3053 951 3096 1002 εἰ
3183 957 3251 1023 μὴ
3348 952 3613 1026 ἐμποδισθώ
3675 977 3843 1033 κανοναῲ

3084 1038 3349 1114 ἐρχόμενον
3419 1051 3497 1097 καὶ
3565 1050 3847 1121 ἀποστρέφοντα

632 1136 859 1205 τιμήσω,
926 1136 1016 1182 καὶ
1068 1136 1184 1191 ταῖς
1270 1129 1432 1181 αὐτοῦ
1488 1133 1698 1203 χρείαις
1756 1127 2045 1202 ἐπαρκέσω.
2106 1126 2283 1183 Οὕτως
2351 1128 2478 1185 Θεὸς
2517 1144 2607 1196 μοι
2686 1124 2965 1198 βοηθήσει,
3014 1134 3103 1180 καὶ
3140 1137 3298 1181 ταῦτα
3326 1134 3387 1182 τὰ
3452 1141 3533 1184 τοῦ
3621 1143 3723 1188 Θεοῦ
3770 1140 3849 1210 ἅγια

634 1220 949 1292 Εὐαγγέλια.

705 1313 770 1366 Et
788 1310 945 1364 hanc
974 1308 1367 1364 confessionis
1396 1307 1652 1362 formam
1685 1306 2098 1378 unusquisque
2131 1303 2279 1358 Lati-

630 1413 746 1453 nus
770 1399 1095 1470 episcopus
1118 1396 1327 1451 insula
1343 1396 1516 1467 Cypri
1540 1412 1573 1449 a
1598 1398 1978 1451 Romaorum
2000 1410 2122 1448 sua
2137 1392 2281 1446 dioe-

632 1488 782 1543 cesis
812 1487 1100 1560 episcopo
1132 1502 1243 1558 pro
1277 1501 1341 1540 se
1370 1501 1603 1557 suaque
1635 1484 1883 1556 recipiat
1932 1482 2207 1538 Ecclesia.

704 1666 786 1720 Ac
817 1665 865 1719 si
895 1680 1028 1719 eam
1059 1663 1408 1719 electionem
1425 1662 1651 1717 irritam
1673 1676 1803 1715 esse
1828 1661 2066 1716 Latinus
2099 1673 2283 1730 agno-

630 1752 780 1809 verit
802 1753 1140 1825 episcopus,
1176 1751 1251 1807 ad
1277 1750 1709 1823 depositionem
1744 1749 2031 1821 procedat
2051 1764 2121 1803 eo
2146 1728 2284 1803 mo-
2313 1728 2353 1781 Β

631 1841 711 1897 do
723 1857 845 1913 quo
856 1840 1071 1896 rationi
1094 1854 1431 1909 congruum
1450 1845 1540 1893 est
1558 1854 1689 1893 esse
1702 1836 2149 1909 procedendum
2161 1879 2173 1889 .

702 1930 792 1984 Ad
811 1928 1220 1984 ordinandum
1243 1931 1443 1982 autem
1468 1929 1736 1983 Gracum
1761 1926 2111 1996 episcopum
2134 1924 2282 1978 elec-

631 2024 760 2074 tum
792 2018 985 2073 vocati
1008 2033 1043 2073 a
1069 2016 1274 2072 Latino
1304 2014 1586 2087 pontiﬁce
1617 2015 1720 2087 qui
1769 2015 1897 2085 ejus
1946 2018 2083 2068 sunt
2129 2013 2281 2067 dia-

631 2107 782 2162 cesis
808 2106 1012 2175 Graci,
1046 2106 1173 2160 sine
1204 2104 1324 2161 ulla
1355 2104 1841 2173 tergiversatione
1867 2108 1924 2157 et
1965 2117 2155 2169 mora,
2210 2117 2279 2156 ex

631 2196 834 2252 debito
856 2196 1169 2267 praesentis
1180 2194 1617 2251 constitutionis
1630 2200 1686 2248 et
1697 2193 1922 2248 ordinis
1942 2196 2278 2257 occurrant,

632 2289 687 2339 et
715 2283 1125 2339 invocationes
1153 2288 1210 2337 et
1235 2282 1441 2337 omnia
1470 2298 1606 2353 qna
1657 2280 2090 2336 consecrationi
2142 2296 2280 2334 con-

636 2376 853 2443 gruant
870 2371 1103 2443 explere
1125 2375 1463 2427 teneantur.

703 2463 1043 2517 Graeorum
1084 2466 1282 2516 tamen
1314 2458 1607 2531 depositio
1639 2459 2078 2531 episcoporum,
2114 2463 2179 2513 ut
2226 2461 2280 2512 et

630 2548 939 2605 translatio
974 2554 1028 2602 et
1053 2549 1284 2618 ejectio,
1313 2548 1422 2603 soli
1448 2551 1716 2603 Romano
1748 2548 2007 2618 pontiﬁci
2030 2546 2110 2601 ob
2138 2562 2277 2617 apo-

633 2636 906 2692 stolicam
928 2636 1317 2691 eminentiam
1343 2636 1633 2707 peculiari
1663 2641 1966 2690 reservata
1994 2640 2084 2689 est
2098 2634 2278 2705 privi-

631 2724 808 2795 legio,
841 2729 905 2779 ut
933 2726 993 2779 in
1026 2724 1136 2779 illis
1159 2739 1282 2779 non
1311 2739 1483 2779 secus
1512 2740 1582 2779 ac
1620 2724 1679 2778 in
1709 2724 1932 2779 caeteris
1981 2724 2280 2795 episcopis

632 2813 950 2885 pontiﬁcia
1006 2812 1316 2883 dignitatis
1365 2812 1625 2869 conditio
1680 2818 1945 2868 servetur
1997 2818 2054 2867 et
2130 2811 2279 2866 emi-

632 2902 875 2958 mentis.

703 2994 767 3048 In
793 2993 961 3049 nulla
985 2993 1330 3048 Graecorum
1358 2992 1618 3049 Ecclesia
1639 3008 1748 3047 suo
1793 2992 2008 3048 orbata
2041 2997 2281 3064 pastore

632 3082 872 3139 Latinus
897 3083 1222 3155 episcopus
1250 3083 1605 3154 episcopum
1657 3097 1858 3137 creare
1891 3081 2128 3151 audeat,
2169 3079 2284 3137 nisi
2315 3074 2354 3128 Ο

631 3170 780 3227 forte
802 3171 841 3226 ii
865 3170 969 3244 qui
1000 3171 1358 3243 episcopum
1406 3171 1619 3240 eligere
1680 3176 1969 3235 tenentur,
2020 3170 2284 3241 aliquem

632 3260 736 3333 qui
769 3275 905 3316 eam
934 3266 1103 3329 regat
1128 3259 1447 3315 Ecclesiam
1472 3259 1685 3328 eligere
1706 3259 2159 3316 detrectaverint
2180 3262 2285 3317 im-

631 3348 946 3405 moderata
962 3348 1271 3413 dilatione,
1296 3349 1474 3404 trium
1496 3348 1781 3404 nimirum
1822 3349 2119 3404 mensium
2152 3366 2287 3405 vere

630 3436 887 3493 decurso
916 3443 1207 3510 tempore,
1229 3437 1403 3506 juxta
1424 3436 1656 3492 concilii
1684 3437 1979 3506 generalis
2001 3439 2284 3492 constitu-

632 3525 845 3581 tiones.
880 3527 945 3580 In
965 3541 1089 3597 quo
1129 3540 1273 3580 sane
1313 3529 1529 3579 eventu
1574 3529 1838 3597 potestas
1888 3542 2010 3581 non
2061 3526 2134 3581 sit
2186 3530 2286 3581 La-

636 3614 761 3669 tino
791 3614 1076 3686 episcopo
1109 3613 1293 3668 alium
1331 3614 1681 3686 quempiam
1731 3615 1790 3668 in
1839 3614 1977 3669 sede
2031 3615 2285 3670 viduata

636 3702 915 3757 Ecclesia
945 3701 1319 3769 constituere,
1343 3702 1457 3757 nisi
1482 3701 1761 3772 gentilem
1785 3704 2052 3758 Graecum
2071 3702 2283 3758 honori

637 3807 708 3847 ac
722 3790 939 3862 gradui
955 3795 1117 3847 tanto
1145 3791 1630 3862 respondentem.

705 3972 872 4027 Bona
900 3969 1175 4027 Ecclesia
1197 3972 1538 4026 Gracorum
1570 3986 1682 4025 suo
1713 3968 1938 4025 orbata
1995 3969 2285 4043 episcopo

634 4076 985 4117 aconomus
1009 4059 1411 4132 etcapitulum
1438 4059 1712 4130 ejusdem
1748 4058 1907 4113 sedis
1956 4058 2155 4114 futuro
2214 4074 2285 4115 ex

632 4149 752 4207 ﬁde
778 4153 1018 4205 servent
1040 4150 1312 4221 epicopo,
1337 4150 1511 4221 eique
1536 4153 1748 4222 postea
1778 4148 2033 4203 tradant.

2470 1308 2569 1354 Καὶ
2612 1311 2766 1357 τοῦτο
2822 1309 2881 1357 τὸ
2959 1324 3149 1379 σχημα
3227 1311 3361 1382 παρὰ
3409 1318 3492 1361 τοῦ
3540 1321 3622 1362 τῶν
3665 1313 3852 1387 Ῥωμαίων

2391 1388 2678 1444 ἐπίσκοπον
2749 1403 2847 1455 τῆς
2919 1395 3075 1447 αὐτοῦ
3114 1395 3302 1470 ἐνορίας
3369 1396 3631 1470 λαμϐανέτω
3665 1402 3758 1473 ὑπὲρ
3799 1404 3854 1454 ατ)-

2391 1487 2505 1548 τοῦ,
2572 1488 2661 1533 καὶ
2740 1491 2835 1544 τῆς
2882 1484 3041 1536 αὐτοῦ
3126 1484 3426 1548 Ἐκκλησίας
3486 1491 3665 1548 ἕκαστος
3705 1497 3856 1552 Λατῖνος

2393 1568 2676 1634 ἐπίσκοπος
2713 1581 2809 1633 τῆς
2838 1580 2895 1632 νὴ
2907 1594 3000 1626 σου
3030 1579 3259 1651 Κύπρου.

2464 1659 2571 1712 Κάν
2610 1658 2669 1713 δὲ
2725 1660 2921 1720 ἐκείνην
2978 1669 3072 1721 τὴν
3132 1662 3341 1736 ἐκλογὴν
3392 1672 3597 1741 γνωρίσῃ
3645 1670 3665 1718 ὁ
3709 1674 3859 1728 Λατῖνος

2394 1746 2673 1811 ἐπίσκοπος
2767 1749 3143 1823 ἀκυρωθεῖσαν,

2396 1856 2491 1903 σει,
2525 1840 2695 1899 καθὼς
2724 1838 3082 1914 ἕπιχειρητέον
3112 1840 3250 1893 ἐστὶν
3288 1843 3510 1912 εὐλόγως.

3225 1751 3520 1827 ἰπιχειρήτω
3588 1764 3639 1826 τῇ
3693 1758 3860 1829 καθαιρέ·

2462 1930 2560 1978 Τόν
2626 1925 2685 1980 δε
2746 1934 2962 2003 Γραικὸν
3022 1929 3299 1982 ἐπίσκοπον
3362 1931 3430 1992 εἰς
3463 1937 3735 2003 χειροτονίαι
3779 1932 3861 1984 ἐκλε-

2392 2017 2587 2086 χθέντα
2624 2019 2767 2091 παρὰ
2822 2026 2913 2069 τοῦ
2971 2025 3203 2071 Λατίνου
3259 2019 3522 2093 ἀρχιερέως
3562 2023 3602 2071 οἱ
3645 2028 3718 2081 τῆς
3760 2022 3860 2070 αὶτοῡ

2394 2101 2591 2177 ἐνορίας
2642 2110 2854 2178 Γραικοὶ
2906 2105 3177 2168 κληθέντες
3236 2109 3348 2159 ἄνευ
3400 2117 3668 2180 χωρισμου,
3715 2105 3862 2159 iliceti-

2396 2211 2523 2252 σεως
2578 2192 2677 2244 ἀπὸ
2762 2199 2951 2267 χρέους
2999 2205 3096 2257 τῆς
3150 2200 3411 2268 παρούσης
3472 2198 3775 2255 καταστάσεως
3807 2202 3860 2245 καὶ

2393 2278 2680 2343 διατάξεως
2748 2283 3023 2341 συνελθεῖν.
3070 2289 3162 2336 καὶ
3225 2283 3518 2345 ἀνακλήσεις
3562 2290 3639 2336 καὶ
3682 2289 3730 2335 τὰ
3773 2280 3864 2353 δῶρα

2390 2373 2455 2421 τὰ
2480 2370 2736 2427 ἀνήκοντα
2750 2380 2811 2443 τῇ
2841 2378 3143 2446 χειροτονία
3173 2373 3395 2445 πληροῦν
3415 2372 3667 2444 ἐνέχονται.

2464 2456 2602 2515 Πλὴν
2633 2461 2663 2515 ἡ
2709 2467 2804 2509 τῶν
2865 2466 3094 2531 Γραικῶν
3149 2461 3437 2512 ἐπισκόπων
3487 2462 3741 2533 καθαίρεσις
3782 2460 3862 2527 {19),

2389 2549 2453 2629 fit;
2501 2552 2590 2597 καὶ
2638 2548 2666 2604 ἡ
2730 2550 3007 2619 μετάθεσις
3055 2555 3148 2601 καὶ
3200 2552 3229 2607 ἠ
3264 2552 3514 2611 ἔκστασις,
3564 2554 3679 2620 μόνῳ
3725 2556 3776 2614 τῷ
3814 2553 3865 2601 τῆς

2406 2641 2590 2706 Ρωμης
2629 2634 2867 2710 ἀρχιερεῖ
2916 2640 3050 2689 κατά
3098 2643 3192 2694 -ὴν
3241 2637 3427 2709 ἐξοχὴν
3476 2643 3562 2694 τὴν
3606 2634 3864 2689 ἀποστολικὲν.

2395 2721 2535 2795 ἰδίῳ-
2570 2724 2813 2796 φυλαχθῇ
2883 2733 3167 2798 προνομίῳ,
3227 2729 3358 2787 ὅπως
3422 2726 3467 2778 ἐν
3509 2725 3704 2787 ἐκείνοις,
3729 2727 3777 2783 ὡς
3811 2724 3866 2770 καὶ

2390 2811 2439 2863 ἄν
2509 2820 2617 2873 τοῖς
2685 2813 2886 2875 λοιποῖς
2960 2814 3270 2877 ἐπισκόποις
3344 2818 3373 2873 ἡ
3463 2823 3547 2874 τῆς
3600 2812 3867 2886 ἀρχιερατικῆς

2393 2900 2542 2963 ἀξίας
2571 2905 2899 2964 κατάστασις
2927 2910 3019 2955 καὶ
3050 2906 3290 2977 ὑπεροχὴ
3324 2904 3622 2977 φυλαχθείη.

2462 2990 2650 3043 Ὀποία
2694 2988 2754 3044 δέ
2802 3012 2877 3052 τις
2935 2992 3227 3051 Ἐκκλησία
3281 3000 3505 3066 Γραικῶν
3558 2992 3763 3065 ἀπορησει
3801 3004 3875 3036 τοι·

2394 3084 2560 3151 μένος,
2618 3083 2642 3132 ὁ
2691 3088 2909 3141 Λατῖνος
2960 3082 3253 3145 ἐπίσκοπος
3308 3090 3467 3135 ποιεῖν
3520 3081 3593 3133 ἐπὶ
3641 3081 3769 3149 ταύτῃ

2397 3189 2588 3222 σκοπον
2664 3170 2721 3222 οὐ
2811 3171 3081 3243 τολμήσει,
3162 3174 3211 3224 εἰ
3287 3179 3465 3244 μήπως
3518 3170 3781 3243 ἀμελούντων
3824 3171 3879 3213 τίὲν

2394 3259 2689 3330 ὀφειλόντων
2772 3267 3050 3335 περιουσίᾳ
3236 3268 3368 3336 φορᾷ
3433 3263 3583 3333 ταύτῃ
3625 3266 3701 3310 το.)
3744 3252 3881 3306 διατάτ,

2395 3367 2498 3399 τειν
2581 3352 2695 3399 τινὰ
2781 3350 2836 3411 ὃς
2911 3355 3003 3407 τὴν
3084 3351 3251 3410 αὐτὴν
3332 3351 3621 3407 Ἐκκλησίαν
3686 3347 3883 3414 ποιμαίνετε

2395 3442 2528 3489 κατά
2552 3441 2640 3497 τὰς
2675 3434 2938 3500 διατάξεις
2989 3449 3079 3499 τῆς
3129 3449 3366 3510 γενικῆς.
3396 3435 3605 3491 συνόδου
3648 3439 3759 3503 (20).
3792 3448 3884 3500 γεγε

2394 3531 2541 3588 νυίας
2598 3524 2899 3602 διαδρομῆς
2971 3536 3289 3602 τριμηναίου
3347 3536 3525 3603 καιροῦ
3578 3526 3644 3578 ἐπ’
3688 3524 3884 3578 amati“?

2396 3615 2445 3666 ἐν
2472 3624 2544 3685 τῷ
2578 3612 2636 3667 δὲ
2673 3621 2777 3687 μὴν
2818 3621 2888 3689 μὴ
2931 3618 3096 3687 ἐχέτω
3148 3615 3336 3670 ἄδειαν
3367 3620 3391 3669 ὁ
3446 3623 3647 3675 Λατῖνος
3693 3610 3885 3663 ἐπίσκοπος

2394 3712 2485 3754 τοῦ
2516 3706 2769 3775 καθιστᾲν
2794 3712 2852 3777 τῇ
2906 3709 3217 3780 χηρευούσῃ
3277 3706 3570 3777 Ἐκκλησία,
3617 3704 3653 3755 εἰ
3700 3704 3756 3772 μὴ
3796 3704 3889 3765 σὼἒίι
3950 3704 3951 3737 ἶ

2398 3796 2615 3866 Γραικὸν
2643 3800 2731 3846 καὶ
2782 3803 2941 3865 τιμῆς
2970 3801 3060 3848 καὶ
3114 3794 3330 3868 βαθμοῦ
3386 3798 3628 3853 τοσαύτης
3654 3791 3776 3851 ἀξίως
3811 3802 3889 3851 WE"

2396 3890 2680 3953 φωνοῦντα.

2464 3977 2569 4033 Τῆς
2602 3969 2661 4023 δὲ
2692 3978 2924 4046 Γραικῶν
2983 3972 3295 4034 Ἐκκλησίας
3335 3972 3621 4046 ἀπορούσης
3671 3968 3888 4020 immixta

2396 4062 2459 4111 τὰ
2491 4060 2648 4120 αὐτῆς
2702 4060 2875 4131 ἀγαθὰ
2919 4062 2944 4112 ὁ
3002 4062 3291 4134 οἰκονόμος,
3339 4068 3429 4115 καὶ
3482 4065 3536 4113 τὸ
3582 4056 3806 4131 κεφάλαιαδ
3840 4056 3893 4103 τίς
3950 4086 3951 4129 ,

2395 4148 2559 4210 αὐτῆς
2588 4147 2849 4222 καθέδρας
2902 4170 2973 4220 τῳ
3027 4150 3265 4222 μελλοντι
3307 4152 3571 4221 ἐπισκὸπῳ
3618 4145 3892 4220 palatinith
3950 4166 3951 4222 ἢ

2393 4246 2614 4304 πιστῶς,
2673 4244 2764 4291 καὶ
2840 4238 3370 4312 ἑπισφραγιζέτωσαν
3441 4247 3512 4310 τῷ
3587 4235 3786 4310 μέλλοντι
3831 4228 3889 4279 ἐπι·

2397 4345 2595 4381 σκοπω.

705 4418 996 4472 Caeterum
1021 4414 1288 4487 episcopi
1318 4415 1448 4485 ejus
1475 4414 1687 4470 insula
1718 4414 2006 4470 canonice
2029 4414 2091 4468 in
2133 4428 2275 4484 pra-

2462 4418 2563 4470 Τοῦ
2601 4415 2783 4468 λοιποῦ
2841 4417 2888 4468 οἰ
2938 4417 3213 4470 ἐπίσκοποι
3280 4426 3373 4478 τῆς
3428 4417 3587 4477 αὐτῆς
3627 4418 3767 4472 νήσου
3804 4422 3893 4456 καθ’
3950 4422 3951 4477 l

631 4504 770 4562 fatis
801 4503 1046 4560 sedibus
1090 4504 1387 4559 constituti
1431 4504 1772 4565 facultatem
1811 4504 2075 4559 habeant
2120 4502 2281 4574 leges

631 4593 1442 4663 constituendimonasteriis,
1465 4594 1744 4659 ecclesiis,
1770 4593 1997 4648 clericis
2028 4597 2085 4647 et
2117 4592 2280 4648 laicis

631 4688 969 4743 Graecorum
1005 4683 1118 4739 sibi
1141 4683 1514 4747 concreditis,
1536 4698 1728 4755 eaque
1751 4683 1953 4737 omnia
1974 4699 2110 4753 qua
2132 4682 2279 4749 legi-

630 4776 773 4832 timo
787 4780 923 4847 jure
956 4773 1187 4830 muneri
1219 4772 1523 4840 dignitatis
1570 4770 1659 4827 vel
1711 4770 2041 4843 episcopali
2103 4770 2278 4825 statui

628 4867 946 4921 convenire
959 4863 1369 4934 cognoverint,
1398 4862 1770 4934 praecipiant.
1805 4859 1994 4915 Latini
2015 4859 2275 4932 episcopi

627 4954 773 5008 nihil
796 4955 1013 5009 horum
1046 4968 1294 5025 prorsus
1329 4951 1441 5006 sibi
1475 4956 1762 5020 usurpant
1788 4949 1897 5004 nisi
1931 4949 1990 5003 in
2030 4950 2098 5004 iis
2150 4955 2277 5004 tan-

626 5045 753 5095 tum
772 5043 970 5096 causis
992 5044 1051 5097 in
1074 5042 1295 5115 quibus
1315 5040 1713 5111 metropolitae
1730 5039 1996 5109 legitimo
2012 5039 2148 5110 jure
2170 5038 2275 5095 da-

698 5230 807 5300 (16)
833 5238 943 5283 Τῶν
983 5237 1213 5306 Γραικῶν
1252 5231 1547 5306 ἐπισκόπῳν
1593 5232 1916 5306 καθαίρεσις.
1978 5233 2272 5293 Peculiare

624 5306 686 5362 id
728 5317 955 5357 munus
1012 5304 1593 5382 Eopmaqipoﬂntiﬁcis
1628 5304 2003 5382 lnnOcentius
2033 5309 2121 5375 Ill,
2164 5310 2269 5363 Re-

624 5382 768 5449 gest.
811 5376 1161 5449 xv,__epist.r
1198 5379 1311 5449 l37_.
1346 5376 1728 5431 Cremonensi
1759 5376 2061 5448 episcopo,
2096 5393 2269 5448 apos-

623 5443 812 5506 tolica
836 5443 994 5498 sedis
1011 5443 1240 5518 legato:
1270 5447 1335 5499 In
1354 5449 1687 5515 episcopum
1707 5443 2073 5504 Vicentin'um
2095 5443 2267 5518 depo-

622 5518 852 5579 sitionis
871 5516 1654 5587 sententiampromulgasti.
1680 5519 1958 5587 Quamvis
1978 5520 2059 5575 ad
2081 5521 2144 5574 id
2166 5516 2263 5577 isi-

620 5610 696 5655 ne
706 5594 909 5650 nostro
926 5588 1176 5657 speciali
1185 5589 1797 5660 mandatoprocedere
1815 5607 1936 5649 non
1965 5591 2257 5662 debueris,

2389 4514 2541 4567 νικώς
2611 4508 2891 4578 ταχθέντες
2957 4507 3004 4558 ἐν
3062 4515 3171 4568 τοίς
3225 4507 3569 4580 προληφθεῖσι
3618 4513 3704 4556 τῶν
3739 4501 3891 4571 Γραικῶν

2391 4596 2576 4655 θωκοις
2640 4594 2905 4666 ἑχετωσαν
2967 4598 3169 4647 τάττειν
3244 4597 3295 4648 ἑν
3360 4597 3730 4669 μοναστηριοις,
3779 4584 3891 4639 iul-1'

2391 4688 2550 4745 σίαις,
2622 4683 2888 4756 κληρικοῖς
2958 4690 3047 4736 καὶ
3101 4685 3305 4747 λαῖκοῖς
3361 4692 3609 4759 Γραικῶν,
3659 4682 3800 4735 αὐτοῖς
3832 4692 3891 4723 ῖῖί·
3950 4714 3951 4727 ι

2387 4776 2767 4844 τετραμμένοις,
2822 4776 2910 4823 καὶ
2968 4777 3295 4825 ταττέτωσαν
3327 4777 3497 4826 πάντα
3528 4772 3563 4823 ἃ
3612 4768 3889 4840 diuquam?-

2387 4879 2473 4911 ται
2535 4867 2595 4931 τῇ
2673 4859 2969 4933 λειτουργίᾳ
3039 4870 3133 4924 τῆς
3188 4861 3341 4924 ἀξίας
3412 4863 3441 4920 ἦ
3514 4866 3601 4913 καὶ
3646 4855 3891 4911 inlexerat;

3479 4950 3531 5012 ἕξ
3559 4951 3622 5000 ὧν
3671 4949 3714 4999 οἱ
3756 4945 3889 4996 Λατῖγῖέ

2387 5038 2662 5090 ἐπίσκοποι
2728 5042 2985 5115 παρεκτὸς
3055 5039 3254 5091 ἐκείνων
3308 5043 3479 5112 μόνων
3539 5047 3635 5091 τῶν
3683 5035 3838 5097 αἰτιῶν,
3866 5042 3891 5073 ῖι
3950 5052 3951 5071 ι

2386 4949 2577 5011 τάξεως
2638 4948 2843 5006 ἀνήκειν
2890 4956 3090 5022 νομίμῳ
3160 4948 3355 5023 δικαίῳ
3408 4972 3422 4984 ο

2382 5252 2513 5295 cum
2531 5236 2654 5315 ‘hoc
2672 5239 2748 5295 sit
2766 5254 2948 5296 unum
2972 5253 3048 5298 ea:
3058 5238 3180 5297 illis
3193 5228 3328 5315 vitae
3345 5236 3465 5315 silgi
3477 5236 3636 5315 sedes
3648 5228 3889 5315 αροὲίθίῖίίδ

2379 5312 2720 5379 specialiter
2730 5316 3076 5384 reservavit.
3093 5315 3157 5368 Et
3175 5309 3349 5384 epist.
3372 5313 3473 5366 175
3488 5326 3500 5366 :
3519 5313 3661 5384 Cum
3678 5309 3887 5384 φίεέορίῖ

2378 5373 2511 5438 rum
2548 5380 2860 5438 translatio
2882 5384 3019 5451 ﬁeri
3044 5399 3158 5439 non
3184 5373 3381 5451 potuit
3406 5386 3501 5440 vel
3529 5373 3720 5440 debeat
3741 5373 3887 5438 ab!!!“

2373 5452 2526 5509 sedis
2561 5451 2905 5521 apostolicae
2938 5452 3178 5523 licentia
3208 5454 3477 5523 speciali.

2441 5523 2560 5597 (20)
2592 5516 2797 5587 Γενικῆς
2829 5522 3076 5585 συνόδου.
3105 5516 3409 5583 Nimirum
3448 5517 3716 5583 Chalced.
3746 5557 3758 5583 ,
3801 5516 3882 5568 t‘ttﬁ-
