  <div class='ocr_page' id='page_1' title='image "/cluster/home/n/w/nwhite01/storage/ocr_20150623/140/hvd.32044073502551/902.png"; bbox 0 0 4054 6212; ppageno 0'>
   <div class='ocr_carea' id='block_1_1' title="bbox 185 369 326 434">
    <p class='ocr_par' dir='ltr' id='par_1_1' title="bbox 185 369 326 434">
     <span class='ocr_line' id='line_1_1' title="bbox 185 369 326 434; baseline 0.007 -1"><span class='ocrx_word' id='word_1_1' title='bbox 185 369 326 434; x_wconf 65' lang='lat' dir='ltr'>1W</span> 
     </span>
    </p>
   </div>
   <div class='ocr_carea' id='block_1_2' title="bbox 1473 331 2234 436">
    <p class='ocr_par' dir='ltr' id='par_1_2' title="bbox 1473 331 2234 436">
     <span class='ocr_line' id='line_1_2' title="bbox 1473 331 2234 436; baseline 0.001 -1"><span class='ocrx_word' id='word_1_2' title='bbox 1473 331 1929 436; x_wconf 65' lang='lat' dir='ltr'>dormirem</span> 
     </span>
    </p>
   </div>
   <div class='ocr_carea' id='block_1_3' title="bbox 3411 349 3556 447">
    <p class='ocr_par' dir='ltr' id='par_1_3' title="bbox 3411 349 3556 447">
     <span class='ocr_line' id='line_1_3' title="bbox 3411 349 3556 447; baseline 0.021 -3"><span class='ocrx_word' id='word_1_3' title='bbox 3411 349 3556 447; x_wconf 58' lang='lat' dir='ltr'>md</span> 
     </span>
    </p>
   </div>
   <div class='ocr_carea' id='block_1_4' title="bbox 185 460 1772 585">
    <p class='ocr_par' dir='ltr' id='par_1_4' title="bbox 185 469 1769 574">
     <span class='ocr_line' id='line_1_4' title="bbox 185 469 1769 574; baseline 0 -20"><span class='ocrx_word' id='word_1_4' title='bbox 185 501 262 564; x_wconf 80' lang='grc' dir='ltr'>οῖς</span> <span class='ocrx_word' id='word_1_5' title='bbox 321 501 346 553; x_wconf 92' lang='lat'>6</span> <span class='ocrx_word' id='word_1_6' title='bbox 411 473 795 574; x_wconf 73' lang='grc' dir='ltr'>μητροπολίτης</span> <span class='ocrx_word' id='word_1_7' title='bbox 844 499 900 552; x_wconf 80' lang='grc' dir='ltr'>ἐκ</span> <span class='ocrx_word' id='word_1_8' title='bbox 981 497 1204 574; x_wconf 67' lang='grc' dir='ltr'>νομίμου</span> <span class='ocrx_word' id='word_1_9' title='bbox 1275 469 1488 555; x_wconf 75' lang='grc' dir='ltr'>δικαίου</span> <span class='ocrx_word' id='word_1_10' title='bbox 1572 498 1769 554; x_wconf 76' lang='grc' dir='ltr'>δύνατα</span> 
     </span>
    </p>
   </div>
   <div class='ocr_carea' id='block_1_5' title="bbox 1892 460 3554 585">
    <p class='ocr_par' dir='ltr' id='par_1_5' title="bbox 1899 489 3554 585">
     <span class='ocr_line' id='line_1_5' title="bbox 1899 489 3554 585; baseline 0.009 -28"><span class='ocrx_word' id='word_1_11' title='bbox 1899 503 2028 558; x_wconf 91' lang='lat' dir='ltr'>tum</span> <span class='ocrx_word' id='word_1_12' title='bbox 2053 507 2158 575; x_wconf 86' lang='lat' dir='ltr'>est,</span> <span class='ocrx_word' id='word_1_13' title='bbox 2188 518 2332 574; x_wconf 89' lang='lat' dir='ltr'>erga</span> <span class='ocrx_word' id='word_1_14' title='bbox 2356 497 2577 578; x_wconf 89' lang='lat' dir='ltr'>eosqui</span> <span class='ocrx_word' id='word_1_15' title='bbox 2596 489 2704 563; x_wconf 76' lang='lat' dir='ltr'>suo</span> <span class='ocrx_word' id='word_1_16' title='bbox 2722 509 2864 565; x_wconf 81' lang='lat' dir='ltr'>sunt</span> <span class='ocrx_word' id='word_1_17' title='bbox 2884 507 3268 581; x_wconf 75' lang='lat' dir='ltr'>suﬁraganeo</span> <span class='ocrx_word' id='word_1_18' title='bbox 3299 513 3554 585; x_wconf 83' lang='lat' dir='ltr'>subjecti</span> 
     </span>
    </p>
   </div>
   <div class='ocr_carea' id='block_1_6' title="bbox 185 587 1790 666">
    <p class='ocr_par' dir='ltr' id='par_1_6' title="bbox 185 587 1790 666">
     <span class='ocr_line' id='line_1_6' title="bbox 185 587 1790 666; baseline -0.001 -22"><span class='ocrx_word' id='word_1_19' title='bbox 185 587 559 644; x_wconf 76' lang='grc' dir='ltr'>δικαιοδοσίαν</span> <span class='ocrx_word' id='word_1_20' title='bbox 611 589 846 652; x_wconf 69' lang='grc' dir='ltr'>ἐξασκεῖν</span> <span class='ocrx_word' id='word_1_21' title='bbox 882 588 955 651; x_wconf 85' lang='grc' dir='ltr'>εἰς</span> <span class='ocrx_word' id='word_1_22' title='bbox 990 593 1109 651; x_wconf 80' lang='grc' dir='ltr'>τοὺς</span> <span class='ocrx_word' id='word_1_23' title='bbox 1159 598 1253 644; x_wconf 86' lang='grc' dir='ltr'>τοῦ</span> <span class='ocrx_word' id='word_1_24' title='bbox 1291 592 1562 666; x_wconf 81' lang='grc' dir='ltr'>συνερίθου</span> <span class='ocrx_word' id='word_1_25' title='bbox 1623 591 1790 644; x_wconf 82' lang='grc' dir='ltr'>αὐτῶν</span> 
     </span>
    </p>
   </div>
   <div class='ocr_carea' id='block_1_7' title="bbox 185 675 1271 755">
    <p class='ocr_par' dir='ltr' id='par_1_7' title="bbox 185 675 1271 755">
     <span class='ocr_line' id='line_1_7' title="bbox 185 675 1271 755; baseline -0.001 -20"><span class='ocrx_word' id='word_1_26' title='bbox 185 683 654 754; x_wconf 68' lang='grc' dir='ltr'>ὑποτεταγμένους,</span> <span class='ocrx_word' id='word_1_27' title='bbox 681 675 847 752; x_wconf 60' lang='grc' dir='ltr'>μηδὲν</span> <span class='ocrx_word' id='word_1_28' title='bbox 876 679 1271 755; x_wconf 74' lang='grc' dir='ltr'>ἁρπαζέτωσαν.</span> 
     </span>
    </p>
   </div>
   <div class='ocr_carea' id='block_1_8' title="bbox 258 767 1786 843">
    <p class='ocr_par' dir='ltr' id='par_1_8' title="bbox 258 767 1786 843">
     <span class='ocr_line' id='line_1_8' title="bbox 258 767 1786 843; baseline -0.003 -19"><span class='ocrx_word' id='word_1_29' title='bbox 258 774 324 824; x_wconf 83' lang='lat' dir='ltr'>Ai</span> <span class='ocrx_word' id='word_1_30' title='bbox 401 767 460 823; x_wconf 72' lang='grc' dir='ltr'>δὶ</span> <span class='ocrx_word' id='word_1_31' title='bbox 511 770 674 822; x_wconf 79' lang='grc' dir='ltr'>αἰτίαι</span> <span class='ocrx_word' id='word_1_32' title='bbox 750 772 805 822; x_wconf 83' lang='grc' dir='ltr'>αἱ</span> <span class='ocrx_word' id='word_1_33' title='bbox 883 769 1174 828; x_wconf 71' lang='grc' dir='ltr'>ἀνήκουσαι</span> <span class='ocrx_word' id='word_1_34' title='bbox 1255 777 1318 843; x_wconf 76' lang='grc' dir='ltr'>τῇ</span> <span class='ocrx_word' id='word_1_35' title='bbox 1373 767 1786 842; x_wconf 63' lang='grc' dir='ltr'>ἐκκλησιαστικῇ</span> 
     </span>
    </p>
   </div>
   <div class='ocr_carea' id='block_1_9' title="bbox 186 859 1790 935">
    <p class='ocr_par' dir='ltr' id='par_1_9' title="bbox 186 859 1790 935">
     <span class='ocr_line' id='line_1_9' title="bbox 186 859 1790 935; baseline -0.002 -21"><span class='ocrx_word' id='word_1_36' title='bbox 186 861 438 934; x_wconf 73' lang='grc' dir='ltr'>συλλογῇ,</span> <span class='ocrx_word' id='word_1_37' title='bbox 469 860 512 914; x_wconf 84' lang='grc' dir='ltr'>εἰ</span> <span class='ocrx_word' id='word_1_38' title='bbox 557 860 966 935; x_wconf 75' lang='grc' dir='ltr'>ἀποστραφώσιν</span> <span class='ocrx_word' id='word_1_39' title='bbox 997 859 1046 912; x_wconf 77' lang='grc' dir='ltr'>ἐν</span> <span class='ocrx_word' id='word_1_40' title='bbox 1097 868 1208 923; x_wconf 86' lang='grc' dir='ltr'>τοῖς</span> <span class='ocrx_word' id='word_1_41' title='bbox 1259 866 1521 934; x_wconf 85' lang='grc' dir='ltr'>Γραικοῐς,</span> <span class='ocrx_word' id='word_1_42' title='bbox 1582 860 1648 920; x_wconf 83' lang='grc' dir='ltr'>εἰς</span> <span class='ocrx_word' id='word_1_43' title='bbox 1701 861 1790 911; x_wconf 86' lang='grc' dir='ltr'>τὸν</span> 
     </span>
    </p>
   </div>
   <div class='ocr_carea' id='block_1_10' title="bbox 183 944 1790 1025">
    <p class='ocr_par' dir='ltr' id='par_1_10' title="bbox 183 944 1790 1025">
     <span class='ocr_line' id='line_1_10' title="bbox 183 944 1790 1025; baseline -0.002 -21"><span class='ocrx_word' id='word_1_44' title='bbox 183 951 341 1004; x_wconf 71' lang='grc' dir='ltr'>αὐτὸν</span> <span class='ocrx_word' id='word_1_45' title='bbox 373 947 635 1024; x_wconf 76' lang='grc' dir='ltr'>σύμφυλον</span> <span class='ocrx_word' id='word_1_46' title='bbox 685 947 938 1025; x_wconf 76' lang='grc' dir='ltr'>ἀρχιερέα</span> <span class='ocrx_word' id='word_1_47' title='bbox 987 952 1366 1023; x_wconf 81' lang='grc' dir='ltr'>κρινέσθωσαν.</span> <span class='ocrx_word' id='word_1_48' title='bbox 1431 949 1552 1002; x_wconf 78' lang='grc' dir='ltr'>Ἐὰν</span> <span class='ocrx_word' id='word_1_49' title='bbox 1606 944 1666 1002; x_wconf 64' lang='grc' dir='ltr'>δὲ</span> <span class='ocrx_word' id='word_1_50' title='bbox 1718 948 1790 1011; x_wconf 74' lang='grc' dir='ltr'>εἷς</span> 
     </span>
    </p>
   </div>
   <div class='ocr_carea' id='block_1_11' title="bbox 185 1037 1784 1114">
    <p class='ocr_par' dir='ltr' id='par_1_11' title="bbox 185 1037 1784 1114">
     <span class='ocr_line' id='line_1_11' title="bbox 185 1037 1784 1114; baseline -0.004 -19"><span class='ocrx_word' id='word_1_51' title='bbox 185 1047 405 1095; x_wconf 77' lang='grc' dir='ltr'>Λατῖνον</span> <span class='ocrx_word' id='word_1_52' title='bbox 465 1043 556 1092; x_wconf 85' lang='grc' dir='ltr'>καὶ</span> <span class='ocrx_word' id='word_1_53' title='bbox 633 1043 874 1114; x_wconf 79' lang='grc' dir='ltr'>Γραικὸν,</span> <span class='ocrx_word' id='word_1_54' title='bbox 955 1043 1054 1092; x_wconf 79' lang='grc' dir='ltr'>εἴτε</span> <span class='ocrx_word' id='word_1_55' title='bbox 1106 1041 1132 1091; x_wconf 97' lang='lat'>6</span> <span class='ocrx_word' id='word_1_56' title='bbox 1190 1042 1410 1114; x_wconf 81' lang='grc' dir='ltr'>Γραικὸς</span> <span class='ocrx_word' id='word_1_57' title='bbox 1476 1037 1784 1109; x_wconf 58' lang='grc' dir='ltr'>ἐγκαλεῖται,</span> 
     </span>
    </p>
   </div>
   <div class='ocr_carea' id='block_1_12' title="bbox 182 1128 1787 1205">
    <p class='ocr_par' dir='ltr' id='par_1_12' title="bbox 182 1128 1787 1205">
     <span class='ocr_line' id='line_1_12' title="bbox 182 1128 1787 1205; baseline -0.002 -21"><span class='ocrx_word' id='word_1_58' title='bbox 182 1130 251 1193; x_wconf 79' lang='grc' dir='ltr'>είς</span> <span class='ocrx_word' id='word_1_59' title='bbox 302 1134 388 1182; x_wconf 89' lang='grc' dir='ltr'>τὸν</span> <span class='ocrx_word' id='word_1_60' title='bbox 456 1137 678 1184; x_wconf 76' lang='grc' dir='ltr'>Λατῖνον</span> <span class='ocrx_word' id='word_1_61' title='bbox 749 1137 842 1182; x_wconf 86' lang='grc' dir='ltr'>τοῦ</span> <span class='ocrx_word' id='word_1_62' title='bbox 895 1134 1055 1182; x_wconf 82' lang='grc' dir='ltr'>τόπου</span> <span class='ocrx_word' id='word_1_63' title='bbox 1131 1128 1381 1205; x_wconf 67' lang='grc' dir='ltr'>ἀρχιερέα</span> <span class='ocrx_word' id='word_1_64' title='bbox 1436 1128 1787 1202; x_wconf 77' lang='grc' dir='ltr'>ἀναφερέσθω-</span> 
     </span>
    </p>
   </div>
   <div class='ocr_carea' id='block_1_13' title="bbox 186 1217 1788 1296">
    <p class='ocr_par' dir='ltr' id='par_1_13' title="bbox 186 1217 1788 1296">
     <span class='ocr_line' id='line_1_13' title="bbox 186 1217 1788 1296; baseline -0.002 -23"><span class='ocrx_word' id='word_1_65' title='bbox 186 1240 281 1273; x_wconf 90' lang='grc' dir='ltr'>σαν</span> <span class='ocrx_word' id='word_1_66' title='bbox 319 1229 570 1296; x_wconf 86' lang='grc' dir='ltr'>κριτικῶς</span> <span class='ocrx_word' id='word_1_67' title='bbox 630 1217 1103 1294; x_wconf 77' lang='grc' dir='ltr'>διαχωριζόμεναι,</span> <span class='ocrx_word' id='word_1_68' title='bbox 1155 1220 1288 1278; x_wconf 81' lang='grc' dir='ltr'>πλὴν</span> <span class='ocrx_word' id='word_1_69' title='bbox 1343 1219 1639 1291; x_wconf 78' lang='grc' dir='ltr'>σωζομένης</span> <span class='ocrx_word' id='word_1_70' title='bbox 1696 1225 1788 1278; x_wconf 83' lang='grc' dir='ltr'>τῆς</span> 
     </span>
    </p>
   </div>
   <div class='ocr_carea' id='block_1_14' title="bbox 183 1305 1785 1384">
    <p class='ocr_par' dir='ltr' id='par_1_14' title="bbox 183 1305 1785 1384">
     <span class='ocr_line' id='line_1_14' title="bbox 183 1305 1785 1384; baseline -0.002 -22"><span class='ocrx_word' id='word_1_71' title='bbox 183 1309 538 1371; x_wconf 80' lang='grc' dir='ltr'>ἀποστολικῆς</span> <span class='ocrx_word' id='word_1_72' title='bbox 578 1306 834 1384; x_wconf 75' lang='grc' dir='ltr'>καθέδρας</span> <span class='ocrx_word' id='word_1_73' title='bbox 892 1311 1180 1382; x_wconf 84' lang='grc' dir='ltr'>ὑπεροχῆς,</span> <span class='ocrx_word' id='word_1_74' title='bbox 1239 1311 1367 1382; x_wconf 92' lang='grc' dir='ltr'>πρὸς</span> <span class='ocrx_word' id='word_1_75' title='bbox 1423 1307 1483 1368; x_wconf 73' lang='grc' dir='ltr'>ἧς</span> <span class='ocrx_word' id='word_1_76' title='bbox 1537 1305 1785 1380; x_wconf 79' lang='grc' dir='ltr'>βοήθειαν</span> 
     </span>
    </p>
   </div>
   <div class='ocr_carea' id='block_1_15' title="bbox 182 1396 1784 1472">
    <p class='ocr_par' dir='ltr' id='par_1_15' title="bbox 182 1396 1784 1472">
     <span class='ocr_line' id='line_1_15' title="bbox 182 1396 1784 1472; baseline -0.004 -18"><span class='ocrx_word' id='word_1_77' title='bbox 182 1402 364 1462; x_wconf 85' lang='grc' dir='ltr'>πάντες</span> <span class='ocrx_word' id='word_1_78' title='bbox 419 1403 468 1453; x_wconf 85' lang='grc' dir='ltr'>οἱ</span> <span class='ocrx_word' id='word_1_79' title='bbox 526 1398 813 1472; x_wconf 75' lang='grc' dir='ltr'>Θλιϐόμενοι</span> <span class='ocrx_word' id='word_1_80' title='bbox 869 1396 1117 1450; x_wconf 79' lang='grc' dir='ltr'>δύνανται</span> <span class='ocrx_word' id='word_1_81' title='bbox 1197 1397 1404 1470; x_wconf 68' lang='grc' dir='ltr'>ἆμέσως</span> <span class='ocrx_word' id='word_1_82' title='bbox 1467 1397 1784 1471; x_wconf 75' lang='grc' dir='ltr'>ἐπαναστρέ-</span> 
     </span>
    </p>
   </div>
   <div class='ocr_carea' id='block_1_16' title="bbox 183 1487 1785 1562">
    <p class='ocr_par' dir='ltr' id='par_1_16' title="bbox 183 1487 1785 1562">
     <span class='ocr_line' id='line_1_16' title="bbox 183 1487 1785 1562; baseline -0.003 -20"><span class='ocrx_word' id='word_1_83' title='bbox 183 1509 309 1562; x_wconf 74' lang='grc' dir='ltr'>φειν.</span> <span class='ocrx_word' id='word_1_84' title='bbox 344 1491 402 1542; x_wconf 75' lang='lat' dir='ltr'>El</span> <span class='ocrx_word' id='word_1_85' title='bbox 468 1492 612 1562; x_wconf 85' lang='grc' dir='ltr'>παρὰ</span> <span class='ocrx_word' id='word_1_86' title='bbox 658 1497 750 1540; x_wconf 86' lang='grc' dir='ltr'>τοῦ</span> <span class='ocrx_word' id='word_1_87' title='bbox 805 1487 1093 1540; x_wconf 79' lang='grc' dir='ltr'>ἐπισκόπου</span> <span class='ocrx_word' id='word_1_88' title='bbox 1158 1491 1381 1561; x_wconf 84' lang='grc' dir='ltr'>Γραικού</span> <span class='ocrx_word' id='word_1_89' title='bbox 1445 1489 1657 1557; x_wconf 68' lang='grc' dir='ltr'>γένηταί</span> <span class='ocrx_word' id='word_1_90' title='bbox 1709 1505 1785 1545; x_wconf 87' lang='grc' dir='ltr'>τις</span> 
     </span>
    </p>
   </div>
   <div class='ocr_carea' id='block_1_17' title="bbox 180 1573 1783 1652">
    <p class='ocr_par' dir='ltr' id='par_1_17' title="bbox 180 1573 1783 1652">
     <span class='ocr_line' id='line_1_17' title="bbox 180 1573 1783 1652; baseline -0.004 -20"><span class='ocrx_word' id='word_1_91' title='bbox 180 1577 424 1652; x_wconf 73' lang='grc' dir='ltr'>ἓγκλησις</span> <span class='ocrx_word' id='word_1_92' title='bbox 489 1581 625 1630; x_wconf 88' lang='grc' dir='ltr'>κατὰ</span> <span class='ocrx_word' id='word_1_93' title='bbox 660 1585 752 1630; x_wconf 88' lang='grc' dir='ltr'>τοῦ</span> <span class='ocrx_word' id='word_1_94' title='bbox 804 1581 1030 1632; x_wconf 84' lang='grc' dir='ltr'>Λατίνου</span> <span class='ocrx_word' id='word_1_95' title='bbox 1087 1575 1374 1628; x_wconf 82' lang='grc' dir='ltr'>ἐπισκόπου</span> <span class='ocrx_word' id='word_1_96' title='bbox 1426 1576 1498 1636; x_wconf 81' lang='grc' dir='ltr'>εἰς</span> <span class='ocrx_word' id='word_1_97' title='bbox 1547 1575 1606 1626; x_wconf 83' lang='grc' dir='ltr'>οὗ</span> <span class='ocrx_word' id='word_1_98' title='bbox 1671 1573 1783 1626; x_wconf 77' lang='grc' dir='ltr'>ἕνο-</span> 
     </span>
    </p>
   </div>
   <div class='ocr_carea' id='block_1_18' title="bbox 178 1663 1782 1744">
    <p class='ocr_par' dir='ltr' id='par_1_18' title="bbox 178 1663 1782 1744">
     <span class='ocr_line' id='line_1_18' title="bbox 178 1663 1782 1744; baseline -0.004 -23"><span class='ocrx_word' id='word_1_99' title='bbox 178 1673 298 1744; x_wconf 84' lang='grc' dir='ltr'>ρίαν</span> <span class='ocrx_word' id='word_1_100' title='bbox 361 1671 387 1721; x_wconf 93' lang='grc' dir='ltr'>ό</span> <span class='ocrx_word' id='word_1_101' title='bbox 447 1668 604 1730; x_wconf 72' lang='grc' dir='ltr'>αὐτὸς</span> <span class='ocrx_word' id='word_1_102' title='bbox 699 1669 955 1739; x_wconf 72' lang='grc' dir='ltr'>τυγχάνει</span> <span class='ocrx_word' id='word_1_103' title='bbox 1037 1668 1257 1739; x_wconf 83' lang='grc' dir='ltr'>Γραικὸς</span> <span class='ocrx_word' id='word_1_104' title='bbox 1346 1663 1642 1734; x_wconf 75' lang='grc' dir='ltr'>ἓπισκοπος,</span> <span class='ocrx_word' id='word_1_105' title='bbox 1739 1665 1782 1714; x_wconf 79' lang='grc' dir='ltr'>εἴ</span> 
     </span>
    </p>
   </div>
   <div class='ocr_carea' id='block_1_19' title="bbox 175 1754 1779 1834">
    <p class='ocr_par' dir='ltr' id='par_1_19' title="bbox 175 1754 1779 1834">
     <span class='ocr_line' id='line_1_19' title="bbox 175 1754 1779 1834; baseline -0.004 -24"><span class='ocrx_word' id='word_1_106' title='bbox 175 1779 240 1830; x_wconf 70' lang='grc' dir='ltr'>γε</span> <span class='ocrx_word' id='word_1_107' title='bbox 296 1762 476 1834; x_wconf 80' lang='grc' dir='ltr'>χρεία,</span> <span class='ocrx_word' id='word_1_108' title='bbox 548 1756 773 1809; x_wconf 75' lang='grc' dir='ltr'>ἐντεῦθεν</span> <span class='ocrx_word' id='word_1_109' title='bbox 845 1754 1173 1830; x_wconf 82' lang='grc' dir='ltr'>ἀνατρεχέτω</span> <span class='ocrx_word' id='word_1_110' title='bbox 1230 1759 1320 1806; x_wconf 82' lang='grc' dir='ltr'>καὶ</span> <span class='ocrx_word' id='word_1_111' title='bbox 1376 1756 1506 1830; x_wconf 88' lang='grc' dir='ltr'>πρὸς</span> <span class='ocrx_word' id='word_1_112' title='bbox 1561 1757 1644 1806; x_wconf 90' lang='grc' dir='ltr'>τὸν</span> <span class='ocrx_word' id='word_1_113' title='bbox 1685 1757 1779 1814; x_wconf 76' lang='grc' dir='ltr'>τῆς</span> 
     </span>
    </p>
   </div>
   <div class='ocr_carea' id='block_1_20' title="bbox 177 1845 945 1920">
    <p class='ocr_par' dir='ltr' id='par_1_20' title="bbox 177 1845 945 1920">
     <span class='ocr_line' id='line_1_20' title="bbox 177 1845 945 1920; baseline -0.005 -19"><span class='ocrx_word' id='word_1_114' title='bbox 177 1853 474 1910; x_wconf 81' lang='grc' dir='ltr'>Λευκοσίας</span> <span class='ocrx_word' id='word_1_115' title='bbox 508 1845 945 1920; x_wconf 77' lang='grc' dir='ltr'>ἃρχιεπίσκοπον.</span> 
     </span>
    </p>
   </div>
   <div class='ocr_carea' id='block_1_21' title="bbox 252 1933 1777 2010">
    <p class='ocr_par' dir='ltr' id='par_1_21' title="bbox 252 1933 1777 2010">
     <span class='ocr_line' id='line_1_21' title="bbox 252 1933 1777 2010; baseline -0.003 -21"><span class='ocrx_word' id='word_1_116' title='bbox 252 1943 326 2009; x_wconf 76' lang='grc' dir='ltr'>Τῇ</span> <span class='ocrx_word' id='word_1_117' title='bbox 381 1939 620 2010; x_wconf 76' lang='grc' dir='ltr'>παρούσῃ</span> <span class='ocrx_word' id='word_1_118' title='bbox 678 1955 732 1988; x_wconf 87' lang='grc' dir='ltr'>τε</span> <span class='ocrx_word' id='word_1_119' title='bbox 789 1933 1028 1997; x_wconf 85' lang='grc' dir='ltr'>Διατάξει</span> <span class='ocrx_word' id='word_1_120' title='bbox 1109 1934 1421 2006; x_wconf 79' lang='grc' dir='ltr'>θεσπίζομεν</span> <span class='ocrx_word' id='word_1_121' title='bbox 1475 1934 1559 1984; x_wconf 83' lang='grc' dir='ltr'>ἶνα</span> <span class='ocrx_word' id='word_1_122' title='bbox 1609 1933 1658 1984; x_wconf 74' lang='grc' dir='ltr'>ἐν</span> <span class='ocrx_word' id='word_1_123' title='bbox 1714 1939 1777 2004; x_wconf 71' lang='grc' dir='ltr'>τῇ</span> 
     </span>
    </p>
   </div>
   <div class='ocr_carea' id='block_1_22' title="bbox 174 2019 1782 2100">
    <p class='ocr_par' dir='ltr' id='par_1_22' title="bbox 174 2019 1782 2100">
     <span class='ocr_line' id='line_1_22' title="bbox 174 2019 1782 2100; baseline -0.003 -22"><span class='ocrx_word' id='word_1_124' title='bbox 174 2025 323 2079; x_wconf 71' lang='grc' dir='ltr'>πόλει</span> <span class='ocrx_word' id='word_1_125' title='bbox 362 2027 392 2084; x_wconf 80' lang='grc' dir='ltr'>ἦ</span> <span class='ocrx_word' id='word_1_126' title='bbox 425 2023 473 2077; x_wconf 77' lang='grc' dir='ltr'>ἒν</span> <span class='ocrx_word' id='word_1_127' title='bbox 501 2032 560 2098; x_wconf 75' lang='grc' dir='ltr'>τῇ</span> <span class='ocrx_word' id='word_1_128' title='bbox 596 2021 766 2100; x_wconf 75' lang='grc' dir='ltr'>ἓνορίᾳ</span> <span class='ocrx_word' id='word_1_129' title='bbox 816 2031 909 2076; x_wconf 84' lang='grc' dir='ltr'>τοῦ</span> <span class='ocrx_word' id='word_1_130' title='bbox 970 2027 1193 2078; x_wconf 74' lang='grc' dir='ltr'>Λατίνου</span> <span class='ocrx_word' id='word_1_131' title='bbox 1248 2019 1550 2098; x_wconf 79' lang='grc' dir='ltr'>ἀρχιερέως,</span> <span class='ocrx_word' id='word_1_132' title='bbox 1611 2027 1782 2093; x_wconf 79' lang='grc' dir='ltr'>χωρὶς</span> 
     </span>
    </p>
   </div>
   <div class='ocr_carea' id='block_1_23' title="bbox 176 2111 1778 2188">
    <p class='ocr_par' dir='ltr' id='par_1_23' title="bbox 176 2111 1778 2188">
     <span class='ocr_line' id='line_1_23' title="bbox 176 2111 1778 2188; baseline -0.004 -21"><span class='ocrx_word' id='word_1_133' title='bbox 176 2124 272 2177; x_wconf 79' lang='grc' dir='ltr'>τῆς</span> <span class='ocrx_word' id='word_1_134' title='bbox 337 2111 612 2188; x_wconf 76' lang='grc' dir='ltr'>διατριϐῆς</span> <span class='ocrx_word' id='word_1_135' title='bbox 688 2121 782 2174; x_wconf 86' lang='grc' dir='ltr'>τῆς</span> <span class='ocrx_word' id='word_1_136' title='bbox 845 2116 1136 2172; x_wconf 69' lang='grc' dir='ltr'>ἐπισκοπῆς</span> <span class='ocrx_word' id='word_1_137' title='bbox 1189 2120 1288 2163; x_wconf 91' lang='grc' dir='ltr'>τῶν</span> <span class='ocrx_word' id='word_1_138' title='bbox 1348 2115 1579 2184; x_wconf 82' lang='grc' dir='ltr'>Γραικῶν</span> <span class='ocrx_word' id='word_1_139' title='bbox 1631 2111 1778 2162; x_wconf 80' lang='grc' dir='ltr'>καθέ-</span> 
     </span>
    </p>
   </div>
   <div class='ocr_carea' id='block_1_24' title="bbox 183 2195 1781 2278">
    <p class='ocr_par' dir='ltr' id='par_1_24' title="bbox 183 2195 1781 2278">
     <span class='ocr_line' id='line_1_24' title="bbox 183 2195 1781 2278; baseline -0.003 -23"><span class='ocrx_word' id='word_1_140' title='bbox 183 2199 335 2278; x_wconf 87' lang='grc' dir='ltr'>δρας,</span> <span class='ocrx_word' id='word_1_141' title='bbox 365 2201 477 2276; x_wconf 80' lang='grc' dir='ltr'>μεθ⁹</span> <span class='ocrx_word' id='word_1_142' title='bbox 509 2199 570 2254; x_wconf 77' lang='grc' dir='ltr'>οὗ</span> <span class='ocrx_word' id='word_1_143' title='bbox 599 2206 656 2254; x_wconf 89' lang='grc' dir='ltr'>τὸ</span> <span class='ocrx_word' id='word_1_144' title='bbox 689 2201 1034 2274; x_wconf 79' lang='grc' dir='ltr'>ἀκροατήριον</span> <span class='ocrx_word' id='word_1_145' title='bbox 1085 2207 1176 2252; x_wconf 82' lang='grc' dir='ltr'>τοῦ</span> <span class='ocrx_word' id='word_1_146' title='bbox 1226 2199 1412 2272; x_wconf 74' lang='grc' dir='ltr'>ἐνόχου</span> <span class='ocrx_word' id='word_1_147' title='bbox 1468 2200 1498 2257; x_wconf 79' lang='grc' dir='ltr'><strong>ἣ</strong></span> <span class='ocrx_word' id='word_1_148' title='bbox 1553 2206 1645 2252; x_wconf 84' lang='grc' dir='ltr'>τοῦ</span> <span class='ocrx_word' id='word_1_149' title='bbox 1700 2195 1781 2251; x_wconf 82' lang='grc' dir='ltr'>δι-</span> 
     </span>
    </p>
   </div>
   <div class='ocr_carea' id='block_1_25' title="bbox 182 2287 1778 2364">
    <p class='ocr_par' dir='ltr' id='par_1_25' title="bbox 182 2287 1778 2364">
     <span class='ocr_line' id='line_1_25' title="bbox 182 2287 1778 2364; baseline -0.003 -20"><span class='ocrx_word' id='word_1_150' title='bbox 182 2297 353 2360; x_wconf 86' lang='grc' dir='ltr'>καίου,</span> <span class='ocrx_word' id='word_1_151' title='bbox 410 2294 453 2344; x_wconf 79' lang='grc' dir='ltr'>εἴ</span> <span class='ocrx_word' id='word_1_152' title='bbox 481 2289 579 2343; x_wconf 89' lang='grc' dir='ltr'>τιν’</span> <span class='ocrx_word' id='word_1_153' title='bbox 635 2294 750 2364; x_wconf 79' lang='grc' dir='ltr'>ἔχει</span> <span class='ocrx_word' id='word_1_154' title='bbox 805 2292 830 2342; x_wconf 91' lang='grc' dir='ltr'>ό</span> <span class='ocrx_word' id='word_1_155' title='bbox 893 2293 1115 2364; x_wconf 79' lang='grc' dir='ltr'>Γραικὸς</span> <span class='ocrx_word' id='word_1_156' title='bbox 1168 2287 1470 2356; x_wconf 78' lang='grc' dir='ltr'>ἐπίσκοπος,</span> <span class='ocrx_word' id='word_1_157' title='bbox 1536 2292 1594 2340; x_wconf 87' lang='grc' dir='ltr'>τὸ</span> <span class='ocrx_word' id='word_1_158' title='bbox 1650 2287 1778 2340; x_wconf 73' lang='grc' dir='ltr'>αὐτὸ</span> 
     </span>
    </p>
   </div>
   <div class='ocr_carea' id='block_1_26' title="bbox 176 2375 1778 2453">
    <p class='ocr_par' dir='ltr' id='par_1_26' title="bbox 176 2375 1778 2453">
     <span class='ocr_line' id='line_1_26' title="bbox 176 2375 1778 2453; baseline -0.002 -19"><span class='ocrx_word' id='word_1_159' title='bbox 176 2381 340 2434; x_wconf 70' lang='grc' dir='ltr'>καὶέν</span> <span class='ocrx_word' id='word_1_160' title='bbox 374 2377 815 2453; x_wconf 73' lang='grc' dir='ltr'>διαγινώσκηται,</span> <span class='ocrx_word' id='word_1_161' title='bbox 870 2383 959 2432; x_wconf 87' lang='grc' dir='ltr'>καὶ</span> <span class='ocrx_word' id='word_1_162' title='bbox 1011 2375 1177 2453; x_wconf 68' lang='grc' dir='ltr'>μηδὲν</span> <span class='ocrx_word' id='word_1_163' title='bbox 1231 2377 1353 2430; x_wconf 79' lang='grc' dir='ltr'>ἄλλο</span> <span class='ocrx_word' id='word_1_164' title='bbox 1414 2375 1544 2431; x_wconf 85' lang='grc' dir='ltr'>εἶναι</span> <span class='ocrx_word' id='word_1_165' title='bbox 1600 2383 1778 2452; x_wconf 78' lang='grc' dir='ltr'>κριτή-</span> 
     </span>
    </p>
   </div>
   <div class='ocr_carea' id='block_1_27' title="bbox 173 2465 1773 2544">
    <p class='ocr_par' dir='ltr' id='par_1_27' title="bbox 173 2465 1773 2544">
     <span class='ocr_line' id='line_1_27' title="bbox 173 2465 1773 2544; baseline -0.002 -20"><span class='ocrx_word' id='word_1_166' title='bbox 173 2492 285 2544; x_wconf 88' lang='grc' dir='ltr'>ριον</span> <span class='ocrx_word' id='word_1_167' title='bbox 324 2467 689 2531; x_wconf 83' lang='grc' dir='ltr'>δικαιοδοσίας</span> <span class='ocrx_word' id='word_1_168' title='bbox 747 2466 1163 2543; x_wconf 62' lang='grc' dir='ltr'>διατεταγμένως</span> <span class='ocrx_word' id='word_1_169' title='bbox 1216 2465 1264 2520; x_wconf 59' lang='grc' dir='ltr'>ἂν</span> <span class='ocrx_word' id='word_1_170' title='bbox 1323 2476 1430 2530; x_wconf 88' lang='grc' dir='ltr'>τοῖς</span> <span class='ocrx_word' id='word_1_171' title='bbox 1488 2473 1729 2543; x_wconf 88' lang='grc' dir='ltr'>Γραικοίς</span> <span class='ocrx_word' id='word_1_172' title='bbox 1761 2484 1773 2495; x_wconf 91' lang='grc'><strong>·</strong></span> 
     </span>
    </p>
   </div>
   <div class='ocr_carea' id='block_1_28' title="bbox 176 2555 1775 2634">
    <p class='ocr_par' dir='ltr' id='par_1_28' title="bbox 176 2555 1775 2634">
     <span class='ocr_line' id='line_1_28' title="bbox 176 2555 1775 2634; baseline -0.003 -21"><span class='ocrx_word' id='word_1_173' title='bbox 176 2555 222 2613; x_wconf 79' lang='grc' dir='ltr'>εἰ</span> <span class='ocrx_word' id='word_1_174' title='bbox 271 2565 450 2634; x_wconf 81' lang='grc' dir='ltr'>μήπως</span> <span class='ocrx_word' id='word_1_175' title='bbox 502 2563 550 2613; x_wconf 73' lang='grc' dir='ltr'>ἕν</span> <span class='ocrx_word' id='word_1_176' title='bbox 609 2579 711 2611; x_wconf 91' lang='grc' dir='ltr'>τινι</span> <span class='ocrx_word' id='word_1_177' title='bbox 769 2557 1024 2632; x_wconf 72' lang='grc' dir='ltr'>ἐκκλησίᾳ</span> <span class='ocrx_word' id='word_1_178' title='bbox 1101 2563 1333 2633; x_wconf 86' lang='grc' dir='ltr'>Γραικῶν</span> <span class='ocrx_word' id='word_1_179' title='bbox 1393 2563 1485 2609; x_wconf 85' lang='grc' dir='ltr'>τοῦ</span> <span class='ocrx_word' id='word_1_180' title='bbox 1541 2561 1775 2610; x_wconf 86' lang='grc' dir='ltr'>τοιούτου</span> 
     </span>
    </p>
   </div>
   <div class='ocr_carea' id='block_1_29' title="bbox 179 2645 1771 2724">
    <p class='ocr_par' dir='ltr' id='par_1_29' title="bbox 179 2645 1771 2724">
     <span class='ocr_line' id='line_1_29' title="bbox 179 2645 1771 2724; baseline -0.002 -23"><span class='ocrx_word' id='word_1_181' title='bbox 179 2651 413 2724; x_wconf 77' lang='grc' dir='ltr'>ῥηγάτου</span> <span class='ocrx_word' id='word_1_182' title='bbox 443 2650 473 2707; x_wconf 78' lang='grc' dir='ltr'>ἢ</span> <span class='ocrx_word' id='word_1_183' title='bbox 505 2645 939 2723; x_wconf 72' lang='grc' dir='ltr'>ἁρχιδιακονικῇ,</span> <span class='ocrx_word' id='word_1_184' title='bbox 971 2647 1001 2706; x_wconf 74' lang='grc' dir='ltr'><strong>ἦ</strong></span> <span class='ocrx_word' id='word_1_185' title='bbox 1052 2646 1178 2721; x_wconf 71' lang='grc' dir='ltr'>ἄλλη</span> <span class='ocrx_word' id='word_1_186' title='bbox 1225 2645 1439 2719; x_wconf 76' lang='grc' dir='ltr'>ἐξουσίᾳ</span> <span class='ocrx_word' id='word_1_187' title='bbox 1489 2645 1771 2718; x_wconf 77' lang='grc' dir='ltr'>ἐκπεπλεγ-</span> 
     </span>
    </p>
   </div>
   <div class='ocr_carea' id='block_1_30' title="bbox 177 2733 1774 2812">
    <p class='ocr_par' dir='ltr' id='par_1_30' title="bbox 177 2733 1774 2812">
     <span class='ocr_line' id='line_1_30' title="bbox 177 2733 1774 2812; baseline -0.004 -21"><span class='ocrx_word' id='word_1_188' title='bbox 177 2743 322 2811; x_wconf 84' lang='grc' dir='ltr'>μένον</span> <span class='ocrx_word' id='word_1_189' title='bbox 380 2739 582 2812; x_wconf 80' lang='grc' dir='ltr'>ἔχουσα</span> <span class='ocrx_word' id='word_1_190' title='bbox 632 2741 948 2812; x_wconf 70' lang='grc' dir='ltr'>τεταγμένως</span> <span class='ocrx_word' id='word_1_191' title='bbox 1029 2741 1298 2812; x_wconf 81' lang='grc' dir='ltr'>κριτήριον</span> <span class='ocrx_word' id='word_1_192' title='bbox 1354 2735 1518 2798; x_wconf 80' lang='grc' dir='ltr'>ἀκοῆς</span> <span class='ocrx_word' id='word_1_193' title='bbox 1571 2733 1624 2797; x_wconf 83' lang='grc' dir='ltr'>ἐξ</span> <span class='ocrx_word' id='word_1_194' title='bbox 1682 2735 1774 2809; x_wconf 76' lang='grc' dir='ltr'>ἀρ-</span> 
     </span>
    </p>
   </div>
   <div class='ocr_carea' id='block_1_31' title="bbox 175 2817 1775 2900">
    <p class='ocr_par' dir='ltr' id='par_1_31' title="bbox 175 2817 1775 2900">
     <span class='ocr_line' id='line_1_31' title="bbox 175 2817 1775 2900; baseline -0.003 -21"><span class='ocrx_word' id='word_1_195' title='bbox 175 2835 305 2900; x_wconf 78' lang='grc' dir='ltr'>χῆς,</span> <span class='ocrx_word' id='word_1_196' title='bbox 340 2817 393 2890; x_wconf 72' lang='grc' dir='ltr'><strong>ἐξ</strong></span> <span class='ocrx_word' id='word_1_197' title='bbox 449 2827 508 2880; x_wconf 79' lang='grc' dir='ltr'>οὗ</span> <span class='ocrx_word' id='word_1_198' title='bbox 563 2825 663 2879; x_wconf 79' lang='grc' dir='ltr'>ἀπὸ</span> <span class='ocrx_word' id='word_1_199' title='bbox 718 2833 808 2887; x_wconf 87' lang='grc' dir='ltr'>τῆς</span> <span class='ocrx_word' id='word_1_200' title='bbox 863 2826 1022 2887; x_wconf 71' lang='grc' dir='ltr'>αὐτῆς</span> <span class='ocrx_word' id='word_1_201' title='bbox 1083 2823 1362 2887; x_wconf 71' lang='grc' dir='ltr'>ἔκκλησίας</span> <span class='ocrx_word' id='word_1_202' title='bbox 1415 2827 1500 2876; x_wconf 91' lang='grc' dir='ltr'>τὸν</span> <span class='ocrx_word' id='word_1_203' title='bbox 1557 2828 1775 2898; x_wconf 85' lang='grc' dir='ltr'>Γραικὸν</span> 
     </span>
    </p>
   </div>
   <div class='ocr_carea' id='block_1_32' title="bbox 174 2913 1774 2988">
    <p class='ocr_par' dir='ltr' id='par_1_32' title="bbox 174 2913 1774 2988">
     <span class='ocr_line' id='line_1_32' title="bbox 174 2913 1774 2988; baseline -0.002 -20"><span class='ocrx_word' id='word_1_204' title='bbox 174 2917 484 2983; x_wconf 74' lang='grc' dir='ltr'>ἐπίσκοπον,</span> <span class='ocrx_word' id='word_1_205' title='bbox 515 2915 604 2969; x_wconf 82' lang='grc' dir='ltr'>καὶ</span> <span class='ocrx_word' id='word_1_206' title='bbox 641 2915 865 2968; x_wconf 73' lang='grc' dir='ltr'>ἕντεῦθεν</span> <span class='ocrx_word' id='word_1_207' title='bbox 899 2917 1034 2968; x_wconf 80' lang='grc' dir='ltr'>κατὰ</span> <span class='ocrx_word' id='word_1_208' title='bbox 1065 2913 1272 2988; x_wconf 82' lang='grc' dir='ltr'>βαθμὸν</span> <span class='ocrx_word' id='word_1_209' title='bbox 1329 2914 1377 2965; x_wconf 83' lang='grc' dir='ltr'>οἰ</span> <span class='ocrx_word' id='word_1_210' title='bbox 1429 2913 1588 2966; x_wconf 71' lang='grc' dir='ltr'>αὐτοῦ</span> <span class='ocrx_word' id='word_1_211' title='bbox 1646 2914 1774 2965; x_wconf 74' lang='lat' dir='ltr'>{nro-</span> 
     </span>
    </p>
   </div>
   <div class='ocr_carea' id='block_1_33' title="bbox 177 3003 1771 3080">
    <p class='ocr_par' dir='ltr' id='par_1_33' title="bbox 177 3003 1771 3080">
     <span class='ocr_line' id='line_1_33' title="bbox 177 3003 1771 3080; baseline -0.003 -22"><span class='ocrx_word' id='word_1_212' title='bbox 177 3011 480 3080; x_wconf 73' lang='grc' dir='ltr'>τεταγμένοι</span> <span class='ocrx_word' id='word_1_213' title='bbox 541 3007 731 3058; x_wconf 85' lang='grc' dir='ltr'>ὁπόταν</span> <span class='ocrx_word' id='word_1_214' title='bbox 786 3009 979 3058; x_wconf 89' lang='grc' dir='ltr'>τούτων</span> <span class='ocrx_word' id='word_1_215' title='bbox 1037 3025 1085 3058; x_wconf 78' lang='grc' dir='ltr'>τι</span> <span class='ocrx_word' id='word_1_216' title='bbox 1145 3005 1317 3057; x_wconf 77' lang='grc' dir='ltr'>ἔσεται</span> <span class='ocrx_word' id='word_1_217' title='bbox 1364 3003 1771 3076; x_wconf 83' lang='grc' dir='ltr'>προκαλέσουσι.</span> 
     </span>
    </p>
   </div>
   <div class='ocr_carea' id='block_1_34' title="bbox 246 3093 1773 3170">
    <p class='ocr_par' dir='ltr' id='par_1_34' title="bbox 246 3093 1773 3170">
     <span class='ocr_line' id='line_1_34' title="bbox 246 3093 1773 3170; baseline -0.003 -22"><span class='ocrx_word' id='word_1_218' title='bbox 246 3103 332 3167; x_wconf 82' lang='grc' dir='ltr'>Τῷ</span> <span class='ocrx_word' id='word_1_219' title='bbox 389 3095 788 3170; x_wconf 79' lang='grc' dir='ltr'>ἁρχιεπισκόπῳ</span> <span class='ocrx_word' id='word_1_220' title='bbox 843 3099 1015 3170; x_wconf 77' lang='grc' dir='ltr'>μέντοι</span> <span class='ocrx_word' id='word_1_221' title='bbox 1061 3100 1151 3150; x_wconf 82' lang='grc' dir='ltr'>καὶ</span> <span class='ocrx_word' id='word_1_222' title='bbox 1207 3102 1316 3156; x_wconf 87' lang='grc' dir='ltr'>τοῖς</span> <span class='ocrx_word' id='word_1_223' title='bbox 1369 3098 1614 3155; x_wconf 86' lang='grc' dir='ltr'>Λατίνοις</span> <span class='ocrx_word' id='word_1_224' title='bbox 1666 3093 1773 3146; x_wconf 76' lang='grc' dir='ltr'>ἔπι-</span> 
     </span>
    </p>
   </div>
   <div class='ocr_carea' id='block_1_35' title="bbox 1896 591 2696 661">
    <p class='ocr_par' dir='ltr' id='par_1_35' title="bbox 1896 591 2696 661">
     <span class='ocr_line' id='line_1_35' title="bbox 1896 591 2696 661; baseline 0.009 -15"><span class='ocrx_word' id='word_1_225' title='bbox 1896 591 2375 661; x_wconf 84' lang='lat' dir='ltr'>jurisdictionem</span> <span class='ocrx_word' id='word_1_226' title='bbox 2397 609 2696 654; x_wconf 85' lang='lat' dir='ltr'>exercere.</span> 
     </span>
    </p>
   </div>
   <div class='ocr_carea' id='block_1_36' title="bbox 1974 769 3549 851">
    <p class='ocr_par' dir='ltr' id='par_1_36' title="bbox 1974 769 3549 851">
     <span class='ocr_line' id='line_1_36' title="bbox 1974 769 3549 851; baseline 0.011 -28"><span class='ocrx_word' id='word_1_227' title='bbox 1974 769 2180 826; x_wconf 69' lang='lat' dir='ltr'>Causas</span> <span class='ocrx_word' id='word_1_228' title='bbox 2201 785 2338 843; x_wconf 64' lang='lat' dir='ltr'>quae</span> <span class='ocrx_word' id='word_1_229' title='bbox 2361 770 2441 828; x_wconf 87' lang='lat' dir='ltr'>ad</span> <span class='ocrx_word' id='word_1_230' title='bbox 2460 773 2926 832; x_wconf 88' lang='lat' dir='ltr'>ecclesiasticum</span> <span class='ocrx_word' id='word_1_231' title='bbox 2954 783 3226 850; x_wconf 81' lang='lat' dir='ltr'>spectant</span> <span class='ocrx_word' id='word_1_232' title='bbox 3255 779 3474 851; x_wconf 84' lang='lat' dir='ltr'>forum,</span> <span class='ocrx_word' id='word_1_233' title='bbox 3501 781 3549 840; x_wconf 88' lang='lat' dir='ltr'>si</span> 
     </span>
    </p>
   </div>
   <div class='ocr_carea' id='block_1_37' title="bbox 1900 863 3548 943">
    <p class='ocr_par' dir='ltr' id='par_1_37' title="bbox 1900 863 3548 943">
     <span class='ocr_line' id='line_1_37' title="bbox 1900 863 3548 943; baseline 0.01 -31"><span class='ocrx_word' id='word_1_234' title='bbox 1900 863 2418 917; x_wconf 71' lang='lat' dir='ltr'>controvertantur</span> <span class='ocrx_word' id='word_1_235' title='bbox 2447 863 2598 918; x_wconf 90' lang='lat' dir='ltr'>inter</span> <span class='ocrx_word' id='word_1_236' title='bbox 2625 865 2879 935; x_wconf 70' lang='lat' dir='ltr'>Graecos,</span> <span class='ocrx_word' id='word_1_237' title='bbox 2912 883 2948 922; x_wconf 91' lang='lat' dir='ltr'>a</span> <span class='ocrx_word' id='word_1_238' title='bbox 2979 884 3088 924; x_wconf 90' lang='lat' dir='ltr'>suo</span> <span class='ocrx_word' id='word_1_239' title='bbox 3145 885 3353 926; x_wconf 89' lang='lat' dir='ltr'>eorum</span> <span class='ocrx_word' id='word_1_240' title='bbox 3404 888 3548 943; x_wconf 88' lang='lat' dir='ltr'>gen-</span> 
     </span>
    </p>
   </div>
   <div class='ocr_carea' id='block_1_38' title="bbox 1901 946 3552 1023">
    <p class='ocr_par' dir='ltr' id='par_1_38' title="bbox 1901 946 3552 1023">
     <span class='ocr_line' id='line_1_38' title="bbox 1901 946 3552 1023; baseline 0.011 -23"><span class='ocrx_word' id='word_1_241' title='bbox 1901 946 2349 1016; x_wconf 87' lang='lat' dir='ltr'>tilijudicentur</span> <span class='ocrx_word' id='word_1_242' title='bbox 2377 951 2679 1023; x_wconf 88' lang='lat' dir='ltr'>pontiﬁce;</span> <span class='ocrx_word' id='word_1_243' title='bbox 2703 955 2750 1009; x_wconf 90' lang='lat' dir='ltr'>si</span> <span class='ocrx_word' id='word_1_244' title='bbox 2777 969 2921 1012; x_wconf 85' lang='lat' dir='ltr'>vero</span> <span class='ocrx_word' id='word_1_245' title='bbox 2977 957 3127 1014; x_wconf 91' lang='lat' dir='ltr'>inter</span> <span class='ocrx_word' id='word_1_246' title='bbox 3176 960 3448 1016; x_wconf 90' lang='lat' dir='ltr'>Latinum</span> <span class='ocrx_word' id='word_1_247' title='bbox 3495 967 3552 1018; x_wconf 88' lang='lat' dir='ltr'>et</span> 
     </span>
    </p>
   </div>
   <div class='ocr_carea' id='block_1_39' title="bbox 1899 1037 3552 1112">
    <p class='ocr_par' dir='ltr' id='par_1_39' title="bbox 1899 1037 3552 1112">
     <span class='ocr_line' id='line_1_39' title="bbox 1899 1037 3552 1112; baseline 0.01 -22"><span class='ocrx_word' id='word_1_248' title='bbox 1899 1037 2191 1102; x_wconf 72' lang='lat' dir='ltr'>Graecum;</span> <span class='ocrx_word' id='word_1_249' title='bbox 2221 1039 2340 1093; x_wconf 87' lang='lat' dir='ltr'>sive</span> <span class='ocrx_word' id='word_1_250' title='bbox 2371 1041 2608 1097; x_wconf 71' lang='lat' dir='ltr'>Graecus</span> <span class='ocrx_word' id='word_1_251' title='bbox 2635 1049 2964 1112; x_wconf 76' lang='lat' dir='ltr'>accusetur,</span> <span class='ocrx_word' id='word_1_252' title='bbox 2993 1047 3071 1103; x_wconf 93' lang='lat' dir='ltr'>ad</span> <span class='ocrx_word' id='word_1_253' title='bbox 3102 1049 3378 1105; x_wconf 89' lang='lat' dir='ltr'>Latinum</span> <span class='ocrx_word' id='word_1_254' title='bbox 3435 1050 3552 1107; x_wconf 90' lang='lat' dir='ltr'>loci</span> 
     </span>
    </p>
   </div>
   <div class='ocr_carea' id='block_1_40' title="bbox 1897 1125 3550 1212">
    <p class='ocr_par' dir='ltr' id='par_1_40' title="bbox 1897 1125 3550 1212">
     <span class='ocr_line' id='line_1_40' title="bbox 1897 1125 3550 1212; baseline 0.01 -33"><span class='ocrx_word' id='word_1_255' title='bbox 1897 1125 2264 1196; x_wconf 87' lang='lat' dir='ltr'>pontiﬁicem</span> <span class='ocrx_word' id='word_1_256' title='bbox 2282 1129 2616 1186; x_wconf 85' lang='lat' dir='ltr'>referantur</span> <span class='ocrx_word' id='word_1_257' title='bbox 2622 1131 2644 1203; x_wconf 94' lang='lat' dir='ltr'>j</span> <span class='ocrx_word' id='word_1_258' title='bbox 2656 1133 2966 1190; x_wconf 88' lang='lat' dir='ltr'>udicaliter</span> <span class='ocrx_word' id='word_1_259' title='bbox 2993 1137 3364 1212; x_wconf 71' lang='lat' dir='ltr'>dirimendas,</span> <span class='ocrx_word' id='word_1_260' title='bbox 3387 1139 3550 1196; x_wconf 84' lang='lat' dir='ltr'>salva</span> 
     </span>
    </p>
   </div>
   <div class='ocr_carea' id='block_1_41' title="bbox 1897 1217 3549 1302">
    <p class='ocr_par' dir='ltr' id='par_1_41' title="bbox 1897 1217 3549 1302">
     <span class='ocr_line' id='line_1_41' title="bbox 1897 1217 3549 1302; baseline 0.01 -33"><span class='ocrx_word' id='word_1_261' title='bbox 1897 1217 2098 1272; x_wconf 88' lang='lat' dir='ltr'>tamen</span> <span class='ocrx_word' id='word_1_262' title='bbox 2129 1218 2473 1290; x_wconf 68' lang='lat' dir='ltr'>apostolica;</span> <span class='ocrx_word' id='word_1_263' title='bbox 2505 1220 2662 1277; x_wconf 88' lang='lat' dir='ltr'>sedis</span> <span class='ocrx_word' id='word_1_264' title='bbox 2685 1227 3104 1296; x_wconf 69' lang='lat' dir='ltr'>praerogativa,</span> <span class='ocrx_word' id='word_1_265' title='bbox 3137 1229 3310 1299; x_wconf 88' lang='lat' dir='ltr'>cujus</span> <span class='ocrx_word' id='word_1_266' title='bbox 3368 1245 3549 1302; x_wconf 91' lang='lat' dir='ltr'>opem</span> 
     </span>
    </p>
   </div>
   <div class='ocr_carea' id='block_1_42' title="bbox 1897 1305 3548 1388">
    <p class='ocr_par' dir='ltr' id='par_1_42' title="bbox 1897 1305 3548 1388">
     <span class='ocr_line' id='line_1_42' title="bbox 1897 1305 3548 1388; baseline 0.011 -31"><span class='ocrx_word' id='word_1_267' title='bbox 1897 1305 2088 1360; x_wconf 84' lang='lat' dir='ltr'><strong>vexati</strong></span> <span class='ocrx_word' id='word_1_268' title='bbox 2105 1322 2319 1363; x_wconf 89' lang='lat' dir='ltr'>omnes</span> <span class='ocrx_word' id='word_1_269' title='bbox 2345 1309 2692 1367; x_wconf 82' lang='lat' dir='ltr'>immediate</span> <span class='ocrx_word' id='word_1_270' title='bbox 2725 1321 2983 1387; x_wconf 91' lang='lat' dir='ltr'>possunt</span> <span class='ocrx_word' id='word_1_271' title='bbox 3011 1317 3349 1388; x_wconf 85' lang='lat' dir='ltr'>implorare.</span> <span class='ocrx_word' id='word_1_272' title='bbox 3375 1320 3440 1374; x_wconf 88' lang='lat' dir='ltr'>Si</span> <span class='ocrx_word' id='word_1_273' title='bbox 3470 1319 3548 1376; x_wconf 92' lang='lat' dir='ltr'>ab</span> 
     </span>
    </p>
   </div>
   <div class='ocr_carea' id='block_1_43' title="bbox 1897 1392 3547 1471">
    <p class='ocr_par' dir='ltr' id='par_1_43' title="bbox 1897 1392 3547 1471">
     <span class='ocr_line' id='line_1_43' title="bbox 1897 1392 3547 1471; baseline 0.011 -25"><span class='ocrx_word' id='word_1_274' title='bbox 1897 1392 2180 1466; x_wconf 92' lang='lat' dir='ltr'>episcopo</span> <span class='ocrx_word' id='word_1_275' title='bbox 2201 1397 2404 1452; x_wconf 73' lang='lat' dir='ltr'>Graeco</span> <span class='ocrx_word' id='word_1_276' title='bbox 2433 1397 2642 1471; x_wconf 86' lang='lat' dir='ltr'>aliqua</span> <span class='ocrx_word' id='word_1_277' title='bbox 2660 1400 3002 1458; x_wconf 77' lang='lat' dir='ltr'>instituatur</span> <span class='ocrx_word' id='word_1_278' title='bbox 3019 1407 3316 1461; x_wconf 84' lang='lat' dir='ltr'>accusatio</span> <span class='ocrx_word' id='word_1_279' title='bbox 3335 1407 3547 1464; x_wconf 83' lang='lat' dir='ltr'>adver-</span> 
     </span>
    </p>
   </div>
   <div class='ocr_carea' id='block_1_44' title="bbox 1898 1483 3548 1568">
    <p class='ocr_par' dir='ltr' id='par_1_44' title="bbox 1898 1483 3548 1568">
     <span class='ocr_line' id='line_1_44' title="bbox 1898 1483 3548 1568; baseline 0.012 -34"><span class='ocrx_word' id='word_1_280' title='bbox 1898 1495 2004 1534; x_wconf 89' lang='lat' dir='ltr'>sus</span> <span class='ocrx_word' id='word_1_281' title='bbox 2037 1483 2309 1538; x_wconf 87' lang='lat' dir='ltr'>Latinum</span> <span class='ocrx_word' id='word_1_282' title='bbox 2335 1485 2686 1559; x_wconf 88' lang='lat' dir='ltr'>episcopum</span> <span class='ocrx_word' id='word_1_283' title='bbox 2715 1489 2778 1544; x_wconf 90' lang='lat' dir='ltr'>in</span> <span class='ocrx_word' id='word_1_284' title='bbox 2809 1507 2880 1546; x_wconf 90' lang='lat' dir='ltr'>ea</span> <span class='ocrx_word' id='word_1_285' title='bbox 2903 1491 3146 1548; x_wconf 58' lang='lat' dir='ltr'>dioecesi</span> <span class='ocrx_word' id='word_1_286' title='bbox 3176 1495 3234 1548; x_wconf 88' lang='lat' dir='ltr'>in</span> <span class='ocrx_word' id='word_1_287' title='bbox 3251 1511 3374 1568; x_wconf 88' lang='lat' dir='ltr'>qua</span> <span class='ocrx_word' id='word_1_288' title='bbox 3397 1498 3548 1553; x_wconf 75' lang='lat' dir='ltr'>Gree-</span> 
     </span>
    </p>
   </div>
   <div class='ocr_carea' id='block_1_45' title="bbox 1895 1573 3547 1655">
    <p class='ocr_par' dir='ltr' id='par_1_45' title="bbox 1895 1573 3547 1655">
     <span class='ocr_line' id='line_1_45' title="bbox 1895 1573 3547 1655; baseline 0.012 -32"><span class='ocrx_word' id='word_1_289' title='bbox 1895 1584 2002 1624; x_wconf 90' lang='lat' dir='ltr'>cus</span> <span class='ocrx_word' id='word_1_290' title='bbox 2029 1577 2116 1627; x_wconf 88' lang='lat' dir='ltr'>est</span> <span class='ocrx_word' id='word_1_291' title='bbox 2152 1573 2496 1646; x_wconf 88' lang='lat' dir='ltr'>episcopus,</span> <span class='ocrx_word' id='word_1_292' title='bbox 2522 1576 2682 1643; x_wconf 91' lang='lat' dir='ltr'>inde,</span> <span class='ocrx_word' id='word_1_293' title='bbox 2711 1594 2851 1635; x_wconf 93' lang='lat' dir='ltr'>cum</span> <span class='ocrx_word' id='word_1_294' title='bbox 2865 1581 3186 1638; x_wconf 87' lang='lat' dir='ltr'>necessitas</span> <span class='ocrx_word' id='word_1_295' title='bbox 3203 1584 3547 1655; x_wconf 61' lang='lat' dir='ltr'>postulave-4</span> 
     </span>
    </p>
   </div>
   <div class='ocr_carea' id='block_1_46' title="bbox 1893 1659 3397 1745">
    <p class='ocr_par' dir='ltr' id='par_1_46' title="bbox 1893 1659 3397 1745">
     <span class='ocr_line' id='line_1_46' title="bbox 1893 1659 3397 1745; baseline 0.011 -32"><span class='ocrx_word' id='word_1_296' title='bbox 1893 1659 1988 1726; x_wconf 91' lang='lat' dir='ltr'>rit,</span> <span class='ocrx_word' id='word_1_297' title='bbox 2020 1661 2099 1715; x_wconf 87' lang='lat' dir='ltr'>ad</span> <span class='ocrx_word' id='word_1_298' title='bbox 2131 1662 2426 1718; x_wconf 66' lang='lat' dir='ltr'>Leucosim</span> <span class='ocrx_word' id='word_1_299' title='bbox 2455 1670 2796 1724; x_wconf 86' lang='lat' dir='ltr'>recurratur</span> <span class='ocrx_word' id='word_1_300' title='bbox 2851 1669 3397 1745; x_wconf 89' lang='lat' dir='ltr'>archiepiscopum.</span> 
     </span>
    </p>
   </div>
   <div class='ocr_carea' id='block_1_47' title="bbox 1962 1925 3546 2004">
    <p class='ocr_par' dir='ltr' id='par_1_47' title="bbox 1962 1925 3546 2004">
     <span class='ocr_line' id='line_1_47' title="bbox 1962 1925 3546 2004; baseline 0.015 -24"><span class='ocrx_word' id='word_1_301' title='bbox 1962 1925 2245 1984; x_wconf 66' lang='lat' dir='ltr'>Praesenti</span> <span class='ocrx_word' id='word_1_302' title='bbox 2273 1930 2388 1986; x_wconf 87' lang='lat' dir='ltr'>hac</span> <span class='ocrx_word' id='word_1_303' title='bbox 2420 1932 2846 1994; x_wconf 81' lang='lat' dir='ltr'>Constitutione</span> <span class='ocrx_word' id='word_1_304' title='bbox 2885 1935 3196 1998; x_wconf 77' lang='lat' dir='ltr'>sancimus</span> <span class='ocrx_word' id='word_1_305' title='bbox 3226 1945 3292 2000; x_wconf 87' lang='lat' dir='ltr'>ut</span> <span class='ocrx_word' id='word_1_306' title='bbox 3315 1938 3376 2000; x_wconf 90' lang='lat' dir='ltr'>in</span> <span class='ocrx_word' id='word_1_307' title='bbox 3408 1937 3546 2004; x_wconf 78' lang='lat' dir='ltr'>civi-</span> 
     </span>
    </p>
   </div>
   <div class='ocr_carea' id='block_1_48' title="bbox 1891 2015 3541 2094">
    <p class='ocr_par' dir='ltr' id='par_1_48' title="bbox 1891 2015 3541 2094">
     <span class='ocr_line' id='line_1_48' title="bbox 1891 2015 3541 2094; baseline 0.015 -26"><span class='ocrx_word' id='word_1_308' title='bbox 1891 2019 2010 2069; x_wconf 84' lang='lat' dir='ltr'>tate</span> <span class='ocrx_word' id='word_1_309' title='bbox 2048 2015 2139 2071; x_wconf 87' lang='lat' dir='ltr'>vel</span> <span class='ocrx_word' id='word_1_310' title='bbox 2168 2017 2408 2074; x_wconf 68' lang='lat' dir='ltr'>diaecesi</span> <span class='ocrx_word' id='word_1_311' title='bbox 2436 2019 2500 2076; x_wconf 91' lang='lat' dir='ltr'>in</span> <span class='ocrx_word' id='word_1_312' title='bbox 2542 2037 2666 2094; x_wconf 90' lang='lat' dir='ltr'>qua</span> <span class='ocrx_word' id='word_1_313' title='bbox 2715 2027 3020 2087; x_wconf 87' lang='lat' dir='ltr'>audientia</span> <span class='ocrx_word' id='word_1_314' title='bbox 3067 2031 3262 2087; x_wconf 81' lang='lat' dir='ltr'>forum</span> <span class='ocrx_word' id='word_1_315' title='bbox 3301 2035 3541 2092; x_wconf 69' lang='lat' dir='ltr'>actoris.</span> 
     </span>
    </p>
   </div>
   <div class='ocr_carea' id='block_1_49' title="bbox 1888 2101 3543 2197">
    <p class='ocr_par' dir='ltr' id='par_1_49' title="bbox 1888 2101 3543 2197">
     <span class='ocr_line' id='line_1_49' title="bbox 1888 2101 3543 2197; baseline 0.015 -41"><span class='ocrx_word' id='word_1_316' title='bbox 1888 2101 1985 2158; x_wconf 80' lang='lat' dir='ltr'>vel</span> <span class='ocrx_word' id='word_1_317' title='bbox 2016 2104 2102 2160; x_wconf 88' lang='lat' dir='ltr'>rei</span> <span class='ocrx_word' id='word_1_318' title='bbox 2131 2110 2220 2161; x_wconf 89' lang='lat' dir='ltr'>est</span> <span class='ocrx_word' id='word_1_319' title='bbox 2250 2107 2438 2165; x_wconf 84' lang='lat' dir='ltr'>Latini</span> <span class='ocrx_word' id='word_1_320' title='bbox 2466 2112 2789 2181; x_wconf 82' lang='lat' dir='ltr'>pontiﬁcis,</span> <span class='ocrx_word' id='word_1_321' title='bbox 2832 2122 2998 2174; x_wconf 83' lang='lat' dir='ltr'>extra</span> <span class='ocrx_word' id='word_1_322' title='bbox 3050 2119 3250 2178; x_wconf 89' lang='lat' dir='ltr'>locum</span> <span class='ocrx_word' id='word_1_323' title='bbox 3311 2121 3374 2178; x_wconf 90' lang='lat' dir='ltr'>in</span> <span class='ocrx_word' id='word_1_324' title='bbox 3421 2139 3543 2197; x_wconf 87' lang='lat' dir='ltr'>quo</span> 
     </span>
    </p>
   </div>
   <div class='ocr_carea' id='block_1_50' title="bbox 1887 2192 3544 2286">
    <p class='ocr_par' dir='ltr' id='par_1_50' title="bbox 1887 2192 3544 2286">
     <span class='ocr_line' id='line_1_50' title="bbox 1887 2192 3544 2286; baseline 0.014 -40"><span class='ocrx_word' id='word_1_325' title='bbox 1887 2192 2254 2266; x_wconf 81' lang='lat' dir='ltr'>episcopalis</span> <span class='ocrx_word' id='word_1_326' title='bbox 2284 2197 2620 2255; x_wconf 82' lang='lat' dir='ltr'>Graecorum</span> <span class='ocrx_word' id='word_1_327' title='bbox 2651 2208 2969 2262; x_wconf 90' lang='lat' dir='ltr'>constituta</span> <span class='ocrx_word' id='word_1_328' title='bbox 2988 2207 3161 2264; x_wconf 87' lang='lat' dir='ltr'>sedes</span> <span class='ocrx_word' id='word_1_329' title='bbox 3186 2216 3296 2278; x_wconf 90' lang='lat' dir='ltr'>est,</span> <span class='ocrx_word' id='word_1_330' title='bbox 3322 2192 3544 2286; x_wconf 75' lang='lat' dir='ltr'>siquid</span> 
     </span>
    </p>
   </div>
   <div class='ocr_carea' id='block_1_51' title="bbox 1887 2281 3542 2371">
    <p class='ocr_par' dir='ltr' id='par_1_51' title="bbox 1887 2281 3542 2371">
     <span class='ocr_line' id='line_1_51' title="bbox 1887 2281 3542 2371; baseline 0.015 -37"><span class='ocrx_word' id='word_1_331' title='bbox 1887 2281 2127 2336; x_wconf 70' lang='lat' dir='ltr'>Graecus</span> <span class='ocrx_word' id='word_1_332' title='bbox 2165 2283 2350 2340; x_wconf 85' lang='lat' dir='ltr'>habet</span> <span class='ocrx_word' id='word_1_333' title='bbox 2385 2285 2730 2360; x_wconf 89' lang='lat' dir='ltr'>episcopus,</span> <span class='ocrx_word' id='word_1_334' title='bbox 2764 2291 2844 2347; x_wconf 91' lang='lat' dir='ltr'>ab</span> <span class='ocrx_word' id='word_1_335' title='bbox 2873 2305 2996 2350; x_wconf 92' lang='lat' dir='ltr'>uno</span> <span class='ocrx_word' id='word_1_336' title='bbox 3034 2296 3374 2371; x_wconf 88' lang='lat' dir='ltr'>eodemque</span> <span class='ocrx_word' id='word_1_337' title='bbox 3412 2281 3542 2360; x_wconf 51' lang='lat' dir='ltr'>foro</span> 
     </span>
    </p>
   </div>
   <div class='ocr_carea' id='block_1_52' title="bbox 1889 2372 3542 2461">
    <p class='ocr_par' dir='ltr' id='par_1_52' title="bbox 1889 2372 3542 2461">
     <span class='ocr_line' id='line_1_52' title="bbox 1889 2372 3542 2461; baseline 0.015 -39"><span class='ocrx_word' id='word_1_338' title='bbox 1889 2372 2382 2438; x_wconf 90' lang='lat' dir='ltr'>cognoscendum</span> <span class='ocrx_word' id='word_1_339' title='bbox 2413 2390 2562 2444; x_wconf 90' lang='lat' dir='ltr'>esse,</span> <span class='ocrx_word' id='word_1_340' title='bbox 2594 2392 2706 2434; x_wconf 84' lang='lat' dir='ltr'>nec</span> <span class='ocrx_word' id='word_1_341' title='bbox 2763 2379 2932 2437; x_wconf 86' lang='lat' dir='ltr'>aliud</span> <span class='ocrx_word' id='word_1_342' title='bbox 2987 2384 3321 2459; x_wconf 88' lang='lat' dir='ltr'>quodqiam</span> <span class='ocrx_word' id='word_1_343' title='bbox 3351 2387 3542 2461; x_wconf 89' lang='lat' dir='ltr'>legiti-</span> 
     </span>
    </p>
   </div>
   <div class='ocr_carea' id='block_1_53' title="bbox 1887 2462 3540 2545">
    <p class='ocr_par' dir='ltr' id='par_1_53' title="bbox 1887 2462 3540 2545">
     <span class='ocr_line' id='line_1_53' title="bbox 1887 2462 3540 2545; baseline 0.015 -34"><span class='ocrx_word' id='word_1_344' title='bbox 1887 2469 2057 2513; x_wconf 87' lang='lat' dir='ltr'>mum</span> <span class='ocrx_word' id='word_1_345' title='bbox 2088 2476 2215 2515; x_wconf 90' lang='lat' dir='ltr'>esse</span> <span class='ocrx_word' id='word_1_346' title='bbox 2245 2462 2506 2520; x_wconf 84' lang='lat' dir='ltr'>tribunal</span> <span class='ocrx_word' id='word_1_347' title='bbox 2521 2466 2674 2536; x_wconf 86' lang='lat' dir='ltr'>juris</span> <span class='ocrx_word' id='word_1_348' title='bbox 2703 2466 2945 2526; x_wconf 89' lang='lat' dir='ltr'>dicendi</span> <span class='ocrx_word' id='word_1_349' title='bbox 2983 2472 3222 2545; x_wconf 64' lang='lat' dir='ltr'>Graecis,</span> <span class='ocrx_word' id='word_1_350' title='bbox 3255 2477 3371 2532; x_wconf 89' lang='lat' dir='ltr'>nisi</span> <span class='ocrx_word' id='word_1_351' title='bbox 3391 2477 3540 2535; x_wconf 84' lang='lat' dir='ltr'>forte</span> 
     </span>
    </p>
   </div>
   <div class='ocr_carea' id='block_1_54' title="bbox 1884 2547 3540 2639">
    <p class='ocr_par' dir='ltr' id='par_1_54' title="bbox 1884 2547 3540 2639">
     <span class='ocr_line' id='line_1_54' title="bbox 1884 2547 3540 2639; baseline 0.014 -37"><span class='ocrx_word' id='word_1_352' title='bbox 1884 2547 1947 2603; x_wconf 91' lang='lat' dir='ltr'>in</span> <span class='ocrx_word' id='word_1_353' title='bbox 1973 2549 2176 2622; x_wconf 83' lang='lat' dir='ltr'>aliqua</span> <span class='ocrx_word' id='word_1_354' title='bbox 2205 2553 2546 2610; x_wconf 73' lang='lat' dir='ltr'>Graecorum</span> <span class='ocrx_word' id='word_1_355' title='bbox 2577 2558 2842 2616; x_wconf 88' lang='lat' dir='ltr'>Ecclesia</span> <span class='ocrx_word' id='word_1_356' title='bbox 2873 2560 3143 2631; x_wconf 88' lang='lat' dir='ltr'>ejusdem</span> <span class='ocrx_word' id='word_1_357' title='bbox 3200 2567 3392 2639; x_wconf 80' lang='lat' dir='ltr'>regni,</span> <span class='ocrx_word' id='word_1_358' title='bbox 3443 2573 3540 2626; x_wconf 85' lang='lat' dir='ltr'>vel</span> 
     </span>
    </p>
   </div>
   <div class='ocr_carea' id='block_1_55' title="bbox 1887 2637 3540 2729">
    <p class='ocr_par' dir='ltr' id='par_1_55' title="bbox 1887 2637 3540 2729">
     <span class='ocr_line' id='line_1_55' title="bbox 1887 2637 3540 2729; baseline 0.013 -38"><span class='ocrx_word' id='word_1_359' title='bbox 1887 2637 2374 2706; x_wconf 87' lang='lat' dir='ltr'>archidiaconali,</span> <span class='ocrx_word' id='word_1_360' title='bbox 2414 2643 2510 2698; x_wconf 83' lang='lat' dir='ltr'>vel</span> <span class='ocrx_word' id='word_1_361' title='bbox 2535 2644 2653 2700; x_wconf 86' lang='lat' dir='ltr'>alia</span> <span class='ocrx_word' id='word_1_362' title='bbox 2679 2653 2972 2719; x_wconf 82' lang='lat' dir='ltr'>potestate</span> <span class='ocrx_word' id='word_1_363' title='bbox 3002 2650 3108 2707; x_wconf 92' lang='lat' dir='ltr'>rite</span> <span class='ocrx_word' id='word_1_364' title='bbox 3138 2668 3176 2708; x_wconf 87' lang='lat' dir='ltr'>a</span> <span class='ocrx_word' id='word_1_365' title='bbox 3244 2637 3540 2729; x_wconf 85' lang='lat' dir='ltr'>principio</span> 
     </span>
    </p>
   </div>
   <div class='ocr_carea' id='block_1_56' title="bbox 1885 2731 3542 2816">
    <p class='ocr_par' dir='ltr' id='par_1_56' title="bbox 1885 2731 3542 2816">
     <span class='ocr_line' id='line_1_56' title="bbox 1885 2731 3542 2816; baseline 0.011 -32"><span class='ocrx_word' id='word_1_366' title='bbox 1885 2736 2234 2800; x_wconf 77' lang='lat' dir='ltr'>exemptum</span> <span class='ocrx_word' id='word_1_367' title='bbox 2260 2731 2579 2789; x_wconf 69' lang='lat' dir='ltr'>audientiaa</span> <span class='ocrx_word' id='word_1_368' title='bbox 2600 2736 2801 2793; x_wconf 86' lang='lat' dir='ltr'>forum</span> <span class='ocrx_word' id='word_1_369' title='bbox 2823 2738 3115 2814; x_wconf 76' lang='lat' dir='ltr'>exititerit;</span> <span class='ocrx_word' id='word_1_370' title='bbox 3139 2759 3177 2798; x_wconf 86' lang='lat' dir='ltr'>a</span> <span class='ocrx_word' id='word_1_371' title='bbox 3204 2759 3328 2816; x_wconf 91' lang='lat' dir='ltr'>quo</span> <span class='ocrx_word' id='word_1_372' title='bbox 3367 2745 3447 2802; x_wconf 90' lang='lat' dir='ltr'>ab</span> <span class='ocrx_word' id='word_1_373' title='bbox 3468 2763 3542 2804; x_wconf 89' lang='lat' dir='ltr'>ea</span> 
     </span>
    </p>
   </div>
   <div class='ocr_carea' id='block_1_57' title="bbox 1886 2817 3538 2905">
    <p class='ocr_par' dir='ltr' id='par_1_57' title="bbox 1886 2817 3538 2905">
     <span class='ocr_line' id='line_1_57' title="bbox 1886 2817 3538 2905; baseline 0.013 -35"><span class='ocrx_word' id='word_1_374' title='bbox 1886 2817 2144 2875; x_wconf 89' lang='lat' dir='ltr'>Ecclesia</span> <span class='ocrx_word' id='word_1_375' title='bbox 2173 2819 2254 2875; x_wconf 91' lang='lat' dir='ltr'>ad</span> <span class='ocrx_word' id='word_1_376' title='bbox 2283 2822 2552 2878; x_wconf 55' lang='lat' dir='ltr'>Gracum</span> <span class='ocrx_word' id='word_1_377' title='bbox 2578 2823 2953 2899; x_wconf 89' lang='lat' dir='ltr'>episcopum,</span> <span class='ocrx_word' id='word_1_378' title='bbox 2982 2834 3038 2885; x_wconf 94' lang='lat' dir='ltr'>et</span> <span class='ocrx_word' id='word_1_379' title='bbox 3056 2830 3196 2887; x_wconf 89' lang='lat' dir='ltr'>hinc</span> <span class='ocrx_word' id='word_1_380' title='bbox 3239 2835 3538 2905; x_wconf 84' lang='lat' dir='ltr'>gradatim</span> 
     </span>
    </p>
   </div>
   <div class='ocr_carea' id='block_1_58' title="bbox 1882 2906 3536 2994">
    <p class='ocr_par' dir='ltr' id='par_1_58' title="bbox 1882 2906 3536 2994">
     <span class='ocr_line' id='line_1_58' title="bbox 1882 2906 3536 2994; baseline 0.011 -34"><span class='ocrx_word' id='word_1_381' title='bbox 1882 2906 1989 2978; x_wconf 85' lang='lat' dir='ltr'>qui</span> <span class='ocrx_word' id='word_1_382' title='bbox 2013 2907 2075 2962; x_wconf 90' lang='lat' dir='ltr'>in</span> <span class='ocrx_word' id='word_1_383' title='bbox 2096 2908 2228 2979; x_wconf 88' lang='lat' dir='ltr'>ejus</span> <span class='ocrx_word' id='word_1_384' title='bbox 2260 2916 2399 2966; x_wconf 89' lang='lat' dir='ltr'>sunt</span> <span class='ocrx_word' id='word_1_385' title='bbox 2419 2910 2663 2980; x_wconf 91' lang='lat' dir='ltr'>ditione,</span> <span class='ocrx_word' id='word_1_386' title='bbox 2691 2919 3172 2992; x_wconf 86' lang='lat' dir='ltr'>quotiescunque</span> <span class='ocrx_word' id='word_1_387' title='bbox 3201 2921 3295 2976; x_wconf 89' lang='lat' dir='ltr'>his</span> <span class='ocrx_word' id='word_1_388' title='bbox 3307 2921 3536 2994; x_wconf 87' lang='lat' dir='ltr'>aliquid</span> 
     </span>
    </p>
   </div>
   <div class='ocr_carea' id='block_1_59' title="bbox 1882 2995 2792 3070">
    <p class='ocr_par' dir='ltr' id='par_1_59' title="bbox 1882 2995 2792 3070">
     <span class='ocr_line' id='line_1_59' title="bbox 1882 2995 2792 3070; baseline 0.01 -21"><span class='ocrx_word' id='word_1_389' title='bbox 1882 2995 2212 3064; x_wconf 82' lang='lat' dir='ltr'>contigerit.</span> <span class='ocrx_word' id='word_1_390' title='bbox 2247 3013 2311 3053; x_wconf 87' lang='lat' dir='ltr'>se</span> <span class='ocrx_word' id='word_1_391' title='bbox 2341 2997 2792 3070; x_wconf 89' lang='lat' dir='ltr'>appellaverint.</span> 
     </span>
    </p>
   </div>
   <div class='ocr_carea' id='block_1_60' title="bbox 1952 3083 3532 3162">
    <p class='ocr_par' dir='ltr' id='par_1_60' title="bbox 1952 3083 3532 3162">
     <span class='ocr_line' id='line_1_60' title="bbox 1952 3083 3532 3162; baseline 0.011 -24"><span class='ocrx_word' id='word_1_392' title='bbox 1952 3083 2418 3158; x_wconf 78' lang='lat' dir='ltr'>Archiepiscopo</span> <span class='ocrx_word' id='word_1_393' title='bbox 2451 3093 2506 3142; x_wconf 89' lang='lat' dir='ltr'>et</span> <span class='ocrx_word' id='word_1_394' title='bbox 2531 3090 2830 3162; x_wconf 88' lang='lat' dir='ltr'>episcopis</span> <span class='ocrx_word' id='word_1_395' title='bbox 2870 3093 3087 3150; x_wconf 85' lang='lat' dir='ltr'>Latinis</span> <span class='ocrx_word' id='word_1_396' title='bbox 3125 3093 3204 3151; x_wconf 89' lang='lat' dir='ltr'>ad</span> <span class='ocrx_word' id='word_1_397' title='bbox 3243 3099 3532 3156; x_wconf 90' lang='lat' dir='ltr'>canonice</span> 
     </span>
    </p>
   </div>
   <div class='ocr_carea' id='block_1_61' title="bbox 176 3174 1772 3258">
    <p class='ocr_par' dir='ltr' id='par_1_61' title="bbox 176 3181 1772 3258">
     <span class='ocr_line' id='line_1_61' title="bbox 176 3181 1772 3258; baseline -0.003 -20"><span class='ocrx_word' id='word_1_398' title='bbox 176 3189 395 3247; x_wconf 88' lang='grc' dir='ltr'>σκόποις</span> <span class='ocrx_word' id='word_1_399' title='bbox 433 3187 558 3258; x_wconf 71' lang='grc' dir='ltr'>ὑπὲρ</span> <span class='ocrx_word' id='word_1_400' title='bbox 609 3187 952 3258; x_wconf 81' lang='grc' dir='ltr'>πταισμάτων</span> <span class='ocrx_word' id='word_1_401' title='bbox 1008 3185 1038 3244; x_wconf 77' lang='grc' dir='ltr'><strong>ἣ</strong></span> <span class='ocrx_word' id='word_1_402' title='bbox 1095 3181 1337 3246; x_wconf 77' lang='grc' dir='ltr'>ἀδικιῶν,</span> <span class='ocrx_word' id='word_1_403' title='bbox 1373 3189 1463 3235; x_wconf 78' lang='grc' dir='ltr'>καὶ</span> <span class='ocrx_word' id='word_1_404' title='bbox 1515 3192 1612 3235; x_wconf 86' lang='grc' dir='ltr'>τῶν</span> <span class='ocrx_word' id='word_1_405' title='bbox 1679 3182 1772 3234; x_wconf 76' lang='grc' dir='ltr'>αύ-</span> 
     </span>
    </p>
   </div>
   <div class='ocr_carea' id='block_1_62' title="bbox 1892 3174 3530 3258">
    <p class='ocr_par' dir='ltr' id='par_1_62' title="bbox 1892 3174 3530 3258">
     <span class='ocr_line' id='line_1_62' title="bbox 1892 3174 3530 3258; baseline 0.01 -31"><span class='ocrx_word' id='word_1_406' title='bbox 1892 3174 2374 3242; x_wconf 74' lang='lat' dir='ltr'>eognoscendum</span> <span class='ocrx_word' id='word_1_407' title='bbox 2404 3175 2479 3232; x_wconf 93' lang='lat' dir='ltr'>de</span> <span class='ocrx_word' id='word_1_408' title='bbox 2509 3179 2860 3236; x_wconf 88' lang='lat' dir='ltr'>criminibus</span> <span class='ocrx_word' id='word_1_409' title='bbox 2879 3182 3062 3256; x_wconf 90' lang='lat' dir='ltr'>velinj</span> <span class='ocrx_word' id='word_1_410' title='bbox 3075 3183 3214 3240; x_wconf 89' lang='lat' dir='ltr'>uriis</span> <span class='ocrx_word' id='word_1_411' title='bbox 3229 3185 3530 3258; x_wconf 90' lang='lat' dir='ltr'>etjuribus</span> 
     </span>
    </p>
   </div>
   <div class='ocr_carea' id='block_1_63' title="bbox 166 3271 1771 3345">
    <p class='ocr_par' dir='ltr' id='par_1_63' title="bbox 166 3271 1771 3345">
     <span class='ocr_line' id='line_1_63' title="bbox 166 3271 1771 3345; baseline -0.003 -17"><span class='ocrx_word' id='word_1_412' title='bbox 166 3284 268 3327; x_wconf 88' lang='grc' dir='ltr'>τῶν</span> <span class='ocrx_word' id='word_1_413' title='bbox 308 3271 546 3345; x_wconf 74' lang='grc' dir='ltr'>δικαίων,</span> <span class='ocrx_word' id='word_1_414' title='bbox 609 3284 706 3326; x_wconf 87' lang='grc' dir='ltr'>τῶν</span> <span class='ocrx_word' id='word_1_415' title='bbox 766 3274 1051 3333; x_wconf 68' lang='grc' dir='ltr'>ἐκκλησιῶν</span> <span class='ocrx_word' id='word_1_416' title='bbox 1107 3292 1162 3326; x_wconf 87' lang='grc' dir='ltr'>τε</span> <span class='ocrx_word' id='word_1_417' title='bbox 1219 3273 1387 3325; x_wconf 77' lang='grc' dir='ltr'>αὐτῶν</span> <span class='ocrx_word' id='word_1_418' title='bbox 1445 3271 1771 3344; x_wconf 84' lang='grc' dir='ltr'>επιμελητέον</span> 
     </span>
    </p>
   </div>
   <div class='ocr_carea' id='block_1_64' title="bbox 173 3359 1768 3438">
    <p class='ocr_par' dir='ltr' id='par_1_64' title="bbox 173 3359 1768 3438">
     <span class='ocr_line' id='line_1_64' title="bbox 173 3359 1768 3438; baseline -0.003 -22"><span class='ocrx_word' id='word_1_419' title='bbox 173 3373 457 3426; x_wconf 86' lang='grc' dir='ltr'>κανονικῶς</span> <span class='ocrx_word' id='word_1_420' title='bbox 513 3364 564 3416; x_wconf 80' lang='grc' dir='ltr'>ἐν</span> <span class='ocrx_word' id='word_1_421' title='bbox 638 3371 742 3426; x_wconf 87' lang='grc' dir='ltr'>τοῖς</span> <span class='ocrx_word' id='word_1_422' title='bbox 799 3367 1040 3438; x_wconf 87' lang='grc' dir='ltr'>Γραικοίς</span> <span class='ocrx_word' id='word_1_423' title='bbox 1091 3371 1190 3415; x_wconf 88' lang='grc' dir='ltr'>τῶν</span> <span class='ocrx_word' id='word_1_424' title='bbox 1269 3360 1436 3414; x_wconf 74' lang='grc' dir='ltr'>αὐτῶν</span> <span class='ocrx_word' id='word_1_425' title='bbox 1489 3359 1679 3413; x_wconf 89' lang='grc' dir='ltr'>πόλεων</span> <span class='ocrx_word' id='word_1_426' title='bbox 1739 3361 1768 3420; x_wconf 77' lang='grc' dir='ltr'><em>ἣ</em></span> 
     </span>
    </p>
   </div>
   <div class='ocr_carea' id='block_1_65' title="bbox 169 3449 1770 3530">
    <p class='ocr_par' dir='ltr' id='par_1_65' title="bbox 169 3449 1770 3530">
     <span class='ocr_line' id='line_1_65' title="bbox 169 3449 1770 3530; baseline -0.004 -23"><span class='ocrx_word' id='word_1_427' title='bbox 169 3453 402 3530; x_wconf 72' lang='grc' dir='ltr'>ἄνοριῶν,</span> <span class='ocrx_word' id='word_1_428' title='bbox 486 3452 534 3506; x_wconf 73' lang='grc' dir='ltr'>ἕν</span> <span class='ocrx_word' id='word_1_429' title='bbox 616 3453 826 3516; x_wconf 66' lang='grc' dir='ltr'>ἐκείνοις</span> <span class='ocrx_word' id='word_1_430' title='bbox 908 3461 1012 3514; x_wconf 87' lang='grc' dir='ltr'>τοῖς</span> <span class='ocrx_word' id='word_1_431' title='bbox 1096 3449 1409 3526; x_wconf 77' lang='grc' dir='ltr'>συμϐάμασι</span> <span class='ocrx_word' id='word_1_432' title='bbox 1487 3455 1770 3526; x_wconf 80' lang='grc' dir='ltr'>προσήκειν</span> 
     </span>
    </p>
   </div>
   <div class='ocr_carea' id='block_1_66' title="bbox 171 3533 1767 3620">
    <p class='ocr_par' dir='ltr' id='par_1_66' title="bbox 171 3533 1767 3620">
     <span class='ocr_line' id='line_1_66' title="bbox 171 3533 1767 3620; baseline -0.004 -22"><span class='ocrx_word' id='word_1_433' title='bbox 171 3543 473 3620; x_wconf 73' lang='grc' dir='ltr'>βουλόμεθα</span> <span class='ocrx_word' id='word_1_434' title='bbox 517 3549 610 3604; x_wconf 72' lang='grc' dir='ltr'>τήν</span> <span class='ocrx_word' id='word_1_435' title='bbox 661 3543 899 3607; x_wconf 76' lang='grc' dir='ltr'>ἐξουσίαν</span> <span class='ocrx_word' id='word_1_436' title='bbox 939 3542 987 3595; x_wconf 74' lang='grc' dir='ltr'>ἓν</span> <span class='ocrx_word' id='word_1_437' title='bbox 1063 3544 1136 3605; x_wconf 84' lang='grc' dir='ltr'>οἷς</span> <span class='ocrx_word' id='word_1_438' title='bbox 1209 3541 1386 3605; x_wconf 72' lang='grc' dir='ltr'>αὐτοῖς</span> <span class='ocrx_word' id='word_1_439' title='bbox 1445 3538 1500 3593; x_wconf 73' lang='grc' dir='ltr'>ἐκ</span> <span class='ocrx_word' id='word_1_440' title='bbox 1560 3533 1767 3594; x_wconf 82' lang='grc' dir='ltr'>δικαίου</span> 
     </span>
    </p>
   </div>
   <div class='ocr_carea' id='block_1_67' title="bbox 165 3633 858 3710">
    <p class='ocr_par' dir='ltr' id='par_1_67' title="bbox 165 3633 858 3710">
     <span class='ocr_line' id='line_1_67' title="bbox 165 3633 858 3710; baseline 0.007 -23"><span class='ocrx_word' id='word_1_441' title='bbox 165 3639 426 3710; x_wconf 78' lang='grc' dir='ltr'>προσήκει</span> <span class='ocrx_word' id='word_1_442' title='bbox 456 3641 570 3701; x_wconf 82' lang='grc' dir='ltr'>τοῖς</span> <span class='ocrx_word' id='word_1_443' title='bbox 599 3633 858 3700; x_wconf 76' lang='grc' dir='ltr'>Λατίνοις.</span> 
     </span>
    </p>
   </div>
   <div class='ocr_carea' id='block_1_68' title="bbox 242 3735 1769 3818">
    <p class='ocr_par' dir='ltr' id='par_1_68' title="bbox 242 3735 1769 3818">
     <span class='ocr_line' id='line_1_68' title="bbox 242 3735 1769 3818; baseline -0.004 -20"><span class='ocrx_word' id='word_1_444' title='bbox 242 3747 381 3818; x_wconf 84' lang='grc' dir='ltr'>Πρὸς</span> <span class='ocrx_word' id='word_1_445' title='bbox 429 3749 522 3804; x_wconf 77' lang='grc' dir='ltr'>τὴν</span> <span class='ocrx_word' id='word_1_446' title='bbox 589 3742 806 3798; x_wconf 75' lang='grc' dir='ltr'>σύνοδον</span> <span class='ocrx_word' id='word_1_447' title='bbox 862 3739 920 3798; x_wconf 68' lang='grc' dir='ltr'>δὲ</span> <span class='ocrx_word' id='word_1_448' title='bbox 979 3752 1071 3798; x_wconf 80' lang='grc' dir='ltr'>τοῦ</span> <span class='ocrx_word' id='word_1_449' title='bbox 1129 3746 1355 3800; x_wconf 80' lang='grc' dir='ltr'>Λατίνου</span> <span class='ocrx_word' id='word_1_450' title='bbox 1414 3738 1701 3798; x_wconf 73' lang='grc' dir='ltr'>ἐπισκόπου</span> <span class='ocrx_word' id='word_1_451' title='bbox 1745 3735 1769 3792; x_wconf 86' lang='grc' dir='ltr'>ὁ</span> 
     </span>
    </p>
   </div>
   <div class='ocr_carea' id='block_1_69' title="bbox 157 3815 1769 3909">
    <p class='ocr_par' dir='ltr' id='par_1_69' title="bbox 157 3815 1769 3909">
     <span class='ocr_line' id='line_1_69' title="bbox 157 3815 1769 3909; baseline -0.001 -23"><span class='ocrx_word' id='word_1_452' title='bbox 157 3815 418 3906; x_wconf 73' lang='grc' dir='ltr'>Ῥωμαῖος</span> <span class='ocrx_word' id='word_1_453' title='bbox 456 3833 740 3897; x_wconf 83' lang='grc' dir='ltr'>ἐπίσκοπος</span> <span class='ocrx_word' id='word_1_454' title='bbox 791 3834 841 3886; x_wconf 77' lang='grc' dir='ltr'>ἐν</span> <span class='ocrx_word' id='word_1_455' title='bbox 886 3843 946 3908; x_wconf 74' lang='grc' dir='ltr'>τῇ</span> <span class='ocrx_word' id='word_1_456' title='bbox 1009 3835 1167 3888; x_wconf 72' lang='grc' dir='ltr'>αὐτοῦ</span> <span class='ocrx_word' id='word_1_457' title='bbox 1226 3834 1397 3908; x_wconf 75' lang='grc' dir='ltr'>ἑνορίᾳ</span> <span class='ocrx_word' id='word_1_458' title='bbox 1451 3838 1538 3887; x_wconf 90' lang='grc' dir='ltr'>τὸν</span> <span class='ocrx_word' id='word_1_459' title='bbox 1593 3836 1769 3909; x_wconf 86' lang='grc' dir='ltr'>θρόνον</span> 
     </span>
    </p>
   </div>
   <div class='ocr_carea' id='block_1_70' title="bbox 158 3921 1766 3997">
    <p class='ocr_par' dir='ltr' id='par_1_70' title="bbox 158 3921 1766 3997">
     <span class='ocr_line' id='line_1_70' title="bbox 158 3921 1766 3997; baseline 0.001 -22"><span class='ocrx_word' id='word_1_460' title='bbox 158 3923 327 3976; x_wconf 71' lang='grc' dir='ltr'>αὐτοῦ</span> <span class='ocrx_word' id='word_1_461' title='bbox 365 3925 521 3996; x_wconf 68' lang='grc' dir='ltr'>ἔχων,</span> <span class='ocrx_word' id='word_1_462' title='bbox 578 3921 719 3987; x_wconf 79' lang='grc' dir='ltr'>ἅπαξ</span> <span class='ocrx_word' id='word_1_463' title='bbox 778 3931 868 3976; x_wconf 81' lang='grc' dir='ltr'>τοῦ</span> <span class='ocrx_word' id='word_1_464' title='bbox 924 3923 1160 3977; x_wconf 70' lang='grc' dir='ltr'>ἐνιαυτοῦ</span> <span class='ocrx_word' id='word_1_465' title='bbox 1211 3927 1343 3995; x_wconf 80' lang='grc' dir='ltr'>μετὰ</span> <span class='ocrx_word' id='word_1_466' title='bbox 1390 3932 1492 3976; x_wconf 79' lang='grc' dir='ltr'>τῶν</span> <span class='ocrx_word' id='word_1_467' title='bbox 1542 3926 1766 3997; x_wconf 73' lang='grc' dir='ltr'>ἡγουμέ-</span> 
     </span>
    </p>
   </div>
   <div class='ocr_carea' id='block_1_71' title="bbox 152 4011 1765 4090">
    <p class='ocr_par' dir='ltr' id='par_1_71' title="bbox 152 4011 1765 4090">
     <span class='ocr_line' id='line_1_71' title="bbox 152 4011 1765 4090; baseline -0.001 -25"><span class='ocrx_word' id='word_1_468' title='bbox 152 4029 260 4066; x_wconf 79' lang='grc' dir='ltr'>νων</span> <span class='ocrx_word' id='word_1_469' title='bbox 312 4019 402 4066; x_wconf 78' lang='grc' dir='ltr'>καὶ</span> <span class='ocrx_word' id='word_1_470' title='bbox 458 4023 557 4066; x_wconf 87' lang='grc' dir='ltr'>τῶν</span> <span class='ocrx_word' id='word_1_471' title='bbox 631 4015 798 4087; x_wconf 70' lang='grc' dir='ltr'>ἱερέων</span> <span class='ocrx_word' id='word_1_472' title='bbox 841 4015 1022 4085; x_wconf 80' lang='grc' dir='ltr'>αὑτοῦ,</span> <span class='ocrx_word' id='word_1_473' title='bbox 1071 4023 1170 4066; x_wconf 85' lang='grc' dir='ltr'>τῶν</span> <span class='ocrx_word' id='word_1_474' title='bbox 1221 4019 1314 4073; x_wconf 75' lang='grc' dir='ltr'>τὴν</span> <span class='ocrx_word' id='word_1_475' title='bbox 1367 4011 1620 4090; x_wconf 64' lang='grc' dir='ltr'>φροντίδα</span> <span class='ocrx_word' id='word_1_476' title='bbox 1666 4023 1765 4066; x_wconf 84' lang='grc' dir='ltr'>τῶν</span> 
     </span>
    </p>
   </div>
   <div class='ocr_carea' id='block_1_72' title="bbox 154 4102 1760 4180">
    <p class='ocr_par' dir='ltr' id='par_1_72' title="bbox 154 4102 1760 4180">
     <span class='ocr_line' id='line_1_72' title="bbox 154 4102 1760 4180; baseline 0 -26"><span class='ocrx_word' id='word_1_477' title='bbox 154 4102 357 4176; x_wconf 72' lang='grc' dir='ltr'>ψυχῶν</span> <span class='ocrx_word' id='word_1_478' title='bbox 422 4102 670 4176; x_wconf 74' lang='grc' dir='ltr'>ἕχόντων,</span> <span class='ocrx_word' id='word_1_479' title='bbox 729 4112 998 4177; x_wconf 85' lang='grc' dir='ltr'>κρατεῖται</span> <span class='ocrx_word' id='word_1_480' title='bbox 1071 4105 1356 4168; x_wconf 68' lang='grc' dir='ltr'>ἐνσπηκὸως</span> <span class='ocrx_word' id='word_1_481' title='bbox 1411 4109 1713 4180; x_wconf 77' lang='grc' dir='ltr'>συντρέχειν</span> <span class='ocrx_word' id='word_1_482' title='bbox 1748 4121 1760 4137; x_wconf 72' lang='grc' dir='ltr'>ο</span> 
     </span>
    </p>
   </div>
   <div class='ocr_carea' id='block_1_73' title="bbox 153 4189 1762 4268">
    <p class='ocr_par' dir='ltr' id='par_1_73' title="bbox 153 4189 1762 4268">
     <span class='ocr_line' id='line_1_73' title="bbox 153 4189 1762 4268; baseline 0 -24"><span class='ocrx_word' id='word_1_483' title='bbox 153 4213 253 4245; x_wconf 81' lang='grc' dir='ltr'>και</span> <span class='ocrx_word' id='word_1_484' title='bbox 282 4196 348 4245; x_wconf 79' lang='grc' dir='ltr'>τὰ</span> <span class='ocrx_word' id='word_1_485' title='bbox 387 4189 642 4246; x_wconf 81' lang='grc' dir='ltr'>συνοδικὰ</span> <span class='ocrx_word' id='word_1_486' title='bbox 699 4195 884 4246; x_wconf 82' lang='grc' dir='ltr'>τούτου</span> <span class='ocrx_word' id='word_1_487' title='bbox 950 4195 1301 4267; x_wconf 25' lang='grc' dir='ltr'>θεσπίσματα.</span> <span class='ocrx_word' id='word_1_488' title='bbox 1341 4192 1376 4246; x_wconf 82' lang='grc' dir='ltr'>ἃ</span> <span class='ocrx_word' id='word_1_489' title='bbox 1429 4199 1604 4268; x_wconf 72' lang='grc' dir='ltr'>μέντοι</span> <span class='ocrx_word' id='word_1_490' title='bbox 1653 4199 1762 4254; x_wconf 86' lang='grc' dir='ltr'>τοῖς</span> 
     </span>
    </p>
   </div>
   <div class='ocr_carea' id='block_1_74' title="bbox 153 4281 1757 4357">
    <p class='ocr_par' dir='ltr' id='par_1_74' title="bbox 153 4281 1757 4357">
     <span class='ocr_line' id='line_1_74' title="bbox 153 4281 1757 4357; baseline 0 -23"><span class='ocrx_word' id='word_1_491' title='bbox 153 4291 262 4334; x_wconf 85' lang='grc' dir='ltr'>τῶν</span> <span class='ocrx_word' id='word_1_492' title='bbox 299 4285 530 4354; x_wconf 76' lang='grc' dir='ltr'>Γραικῶν</span> <span class='ocrx_word' id='word_1_493' title='bbox 571 4282 710 4335; x_wconf 67' lang='grc' dir='ltr'>ἔθεσι</span> <span class='ocrx_word' id='word_1_494' title='bbox 740 4287 813 4355; x_wconf 81' lang='grc' dir='ltr'>μὴ</span> <span class='ocrx_word' id='word_1_495' title='bbox 854 4281 1104 4344; x_wconf 67' lang='grc' dir='ltr'>ἐναντίοις</span> <span class='ocrx_word' id='word_1_496' title='bbox 1141 4292 1204 4357; x_wconf 73' lang='grc' dir='ltr'>τῇ</span> <span class='ocrx_word' id='word_1_497' title='bbox 1258 4283 1506 4356; x_wconf 72' lang='grc' dir='ltr'>καθολικῇ</span> <span class='ocrx_word' id='word_1_498' title='bbox 1561 4287 1757 4348; x_wconf 80' lang='grc' dir='ltr'>πίστει,</span> 
     </span>
    </p>
   </div>
   <div class='ocr_carea' id='block_1_75' title="bbox 151 4369 1760 4447">
    <p class='ocr_par' dir='ltr' id='par_1_75' title="bbox 151 4369 1760 4447">
     <span class='ocr_line' id='line_1_75' title="bbox 151 4369 1760 4447; baseline -0.001 -22"><span class='ocrx_word' id='word_1_499' title='bbox 151 4378 252 4426; x_wconf 79' lang='grc' dir='ltr'>καὶ</span> <span class='ocrx_word' id='word_1_500' title='bbox 283 4371 336 4424; x_wconf 78' lang='grc' dir='ltr'>ἐκ</span> <span class='ocrx_word' id='word_1_501' title='bbox 376 4381 469 4435; x_wconf 81' lang='grc' dir='ltr'>τῆς</span> <span class='ocrx_word' id='word_1_502' title='bbox 527 4374 759 4446; x_wconf 83' lang='grc' dir='ltr'>Γραικῶν</span> <span class='ocrx_word' id='word_1_503' title='bbox 813 4369 1120 4434; x_wconf 83' lang='grc' dir='ltr'>Ἐκκλησίας</span> <span class='ocrx_word' id='word_1_504' title='bbox 1165 4372 1498 4447; x_wconf 74' lang='grc' dir='ltr'>ἀνεχομένοις</span> <span class='ocrx_word' id='word_1_505' title='bbox 1549 4378 1621 4446; x_wconf 79' lang='grc' dir='ltr'>μὴ</span> <span class='ocrx_word' id='word_1_506' title='bbox 1678 4371 1760 4424; x_wconf 79' lang='grc' dir='ltr'>ἁν-</span> 
     </span>
    </p>
   </div>
   <div class='ocr_carea' id='block_1_76' title="bbox 151 4459 1756 4536">
    <p class='ocr_par' dir='ltr' id='par_1_76' title="bbox 151 4459 1756 4536">
     <span class='ocr_line' id='line_1_76' title="bbox 151 4459 1756 4536; baseline -0.001 -20"><span class='ocrx_word' id='word_1_507' title='bbox 151 4461 476 4530; x_wconf 83' lang='grc' dir='ltr'>τιϐαίνουσι,</span> <span class='ocrx_word' id='word_1_508' title='bbox 531 4462 806 4535; x_wconf 74' lang='grc' dir='ltr'>λαμϐάνειν</span> <span class='ocrx_word' id='word_1_509' title='bbox 854 4479 907 4515; x_wconf 81' lang='grc' dir='ltr'>τε</span> <span class='ocrx_word' id='word_1_510' title='bbox 955 4467 1046 4516; x_wconf 83' lang='grc' dir='ltr'>καὶ</span> <span class='ocrx_word' id='word_1_511' title='bbox 1097 4463 1385 4536; x_wconf 79' lang='grc' dir='ltr'>φυλάττειν,</span> <span class='ocrx_word' id='word_1_512' title='bbox 1440 4461 1550 4516; x_wconf 83' lang='grc' dir='ltr'>Ἵνα</span> <span class='ocrx_word' id='word_1_513' title='bbox 1596 4459 1655 4516; x_wconf 71' lang='grc' dir='ltr'>δὲ</span> <span class='ocrx_word' id='word_1_514' title='bbox 1685 4465 1756 4534; x_wconf 78' lang='grc' dir='ltr'>μὴ</span> 
     </span>
    </p>
   </div>
   <div class='ocr_carea' id='block_1_77' title="bbox 1879 3262 3532 3349">
    <p class='ocr_par' dir='ltr' id='par_1_77' title="bbox 1879 3262 3532 3349">
     <span class='ocr_line' id='line_1_77' title="bbox 1879 3262 3532 3349; baseline 0.012 -33"><span class='ocrx_word' id='word_1_515' title='bbox 1879 3262 2029 3335; x_wconf 89' lang='lat' dir='ltr'>ipsis</span> <span class='ocrx_word' id='word_1_516' title='bbox 2061 3279 2309 3319; x_wconf 90' lang='lat' dir='ltr'>suarum</span> <span class='ocrx_word' id='word_1_517' title='bbox 2341 3265 2758 3340; x_wconf 88' lang='lat' dir='ltr'>Ecclesiarum,</span> <span class='ocrx_word' id='word_1_518' title='bbox 2781 3270 2843 3326; x_wconf 91' lang='lat' dir='ltr'>in</span> <span class='ocrx_word' id='word_1_519' title='bbox 2873 3273 3114 3328; x_wconf 85' lang='lat' dir='ltr'>casibus</span> <span class='ocrx_word' id='word_1_520' title='bbox 3142 3273 3258 3331; x_wconf 88' lang='lat' dir='ltr'>illis</span> <span class='ocrx_word' id='word_1_521' title='bbox 3276 3283 3532 3349; x_wconf 89' lang='lat' dir='ltr'>potesta-</span> 
     </span>
    </p>
   </div>
   <div class='ocr_carea' id='block_1_78' title="bbox 1879 3353 3532 3426">
    <p class='ocr_par' dir='ltr' id='par_1_78' title="bbox 1879 3353 3532 3426">
     <span class='ocr_line' id='line_1_78' title="bbox 1879 3353 3532 3426; baseline 0.011 -19"><span class='ocrx_word' id='word_1_522' title='bbox 1879 3357 1998 3408; x_wconf 88' lang='lat' dir='ltr'>tem</span> <span class='ocrx_word' id='word_1_523' title='bbox 2031 3353 2092 3407; x_wconf 88' lang='lat' dir='ltr'>in</span> <span class='ocrx_word' id='word_1_524' title='bbox 2121 3354 2350 3409; x_wconf 61' lang='lat' dir='ltr'>Graecos</span> <span class='ocrx_word' id='word_1_525' title='bbox 2367 3371 2606 3413; x_wconf 88' lang='lat' dir='ltr'>suarum</span> <span class='ocrx_word' id='word_1_526' title='bbox 2622 3357 2926 3417; x_wconf 88' lang='lat' dir='ltr'>civitatum</span> <span class='ocrx_word' id='word_1_527' title='bbox 2941 3362 3377 3423; x_wconf 69' lang='lat' dir='ltr'>veldiuacesum</span> <span class='ocrx_word' id='word_1_528' title='bbox 3398 3384 3532 3426; x_wconf 88' lang='lat' dir='ltr'>esse</span> 
     </span>
    </p>
   </div>
   <div class='ocr_carea' id='block_1_79' title="bbox 1877 3440 3527 3522">
    <p class='ocr_par' dir='ltr' id='par_1_79' title="bbox 1877 3440 3527 3522">
     <span class='ocr_line' id='line_1_79' title="bbox 1877 3440 3527 3522; baseline 0.011 -25"><span class='ocrx_word' id='word_1_529' title='bbox 1877 3440 2182 3512; x_wconf 88' lang='lat' dir='ltr'>volumus,</span> <span class='ocrx_word' id='word_1_530' title='bbox 2203 3441 2265 3498; x_wconf 90' lang='lat' dir='ltr'>in</span> <span class='ocrx_word' id='word_1_531' title='bbox 2292 3442 2515 3516; x_wconf 89' lang='lat' dir='ltr'>quibus</span> <span class='ocrx_word' id='word_1_532' title='bbox 2544 3445 2618 3501; x_wconf 91' lang='lat' dir='ltr'>de</span> <span class='ocrx_word' id='word_1_533' title='bbox 2644 3446 2778 3518; x_wconf 88' lang='lat' dir='ltr'>jure</span> <span class='ocrx_word' id='word_1_534' title='bbox 2807 3451 2958 3522; x_wconf 88' lang='lat' dir='ltr'>ipsis</span> <span class='ocrx_word' id='word_1_535' title='bbox 2984 3453 3204 3510; x_wconf 89' lang='lat' dir='ltr'>Latinis</span> <span class='ocrx_word' id='word_1_536' title='bbox 3225 3459 3527 3515; x_wconf 84' lang='lat' dir='ltr'>convenit.</span> 
     </span>
    </p>
   </div>
   <div class='ocr_carea' id='block_1_80' title="bbox 1951 3728 3526 3822">
    <p class='ocr_par' dir='ltr' id='par_1_80' title="bbox 1951 3728 3526 3822">
     <span class='ocr_line' id='line_1_80' title="bbox 1951 3728 3526 3822; baseline 0.008 -29"><span class='ocrx_word' id='word_1_537' title='bbox 1951 3728 2038 3794; x_wconf 83' lang='lat' dir='ltr'>Ad</span> <span class='ocrx_word' id='word_1_538' title='bbox 2079 3731 2384 3814; x_wconf 81' lang='lat' dir='ltr'>synodum</span> <span class='ocrx_word' id='word_1_539' title='bbox 2407 3729 2596 3798; x_wconf 81' lang='lat' dir='ltr'>Latini</span> <span class='ocrx_word' id='word_1_540' title='bbox 2626 3735 2945 3818; x_wconf 81' lang='lat' dir='ltr'>episcOpus</span> <span class='ocrx_word' id='word_1_541' title='bbox 2971 3741 3242 3805; x_wconf 63' lang='lat' dir='ltr'>Romans</span> <span class='ocrx_word' id='word_1_542' title='bbox 3267 3748 3372 3822; x_wconf 89' lang='lat' dir='ltr'>qui</span> <span class='ocrx_word' id='word_1_543' title='bbox 3396 3749 3526 3822; x_wconf 87' lang='lat' dir='ltr'>ejus</span> 
     </span>
    </p>
   </div>
   <div class='ocr_carea' id='block_1_81' title="bbox 1877 3827 3526 3909">
    <p class='ocr_par' dir='ltr' id='par_1_81' title="bbox 1877 3827 3526 3909">
     <span class='ocr_line' id='line_1_81' title="bbox 1877 3827 3526 3909; baseline 0.008 -26"><span class='ocrx_word' id='word_1_544' title='bbox 1877 3827 2119 3884; x_wconf 80' lang='lat' dir='ltr'>dicecesi</span> <span class='ocrx_word' id='word_1_545' title='bbox 2147 3829 2351 3885; x_wconf 87' lang='lat' dir='ltr'>sedem</span> <span class='ocrx_word' id='word_1_546' title='bbox 2376 3835 2534 3886; x_wconf 92' lang='lat' dir='ltr'>tenet</span> <span class='ocrx_word' id='word_1_547' title='bbox 2566 3833 2904 3906; x_wconf 89' lang='lat' dir='ltr'>episcopus,</span> <span class='ocrx_word' id='word_1_548' title='bbox 2938 3850 3008 3891; x_wconf 87' lang='lat' dir='ltr'>ac</span> <span class='ocrx_word' id='word_1_549' title='bbox 3029 3837 3248 3909; x_wconf 88' lang='lat' dir='ltr'>pariter</span> <span class='ocrx_word' id='word_1_550' title='bbox 3273 3838 3526 3896; x_wconf 86' lang='lat' dir='ltr'>abbates</span> 
     </span>
    </p>
   </div>
   <div class='ocr_carea' id='block_1_82' title="bbox 1877 3917 3527 3996">
    <p class='ocr_par' dir='ltr' id='par_1_82' title="bbox 1877 3917 3527 3996">
     <span class='ocr_line' id='line_1_82' title="bbox 1877 3917 3527 3996; baseline 0.007 -24"><span class='ocrx_word' id='word_1_551' title='bbox 1877 3917 2124 3989; x_wconf 77' lang='lat' dir='ltr'>ejusque</span> <span class='ocrx_word' id='word_1_552' title='bbox 2153 3917 2490 3974; x_wconf 91' lang='lat' dir='ltr'>sacerdotes</span> <span class='ocrx_word' id='word_1_553' title='bbox 2520 3921 2865 3996; x_wconf 88' lang='lat' dir='ltr'>animarum</span> <span class='ocrx_word' id='word_1_554' title='bbox 2885 3939 3094 3980; x_wconf 90' lang='lat' dir='ltr'>curam</span> <span class='ocrx_word' id='word_1_555' title='bbox 3117 3925 3408 3982; x_wconf 86' lang='lat' dir='ltr'>habentes</span> <span class='ocrx_word' id='word_1_556' title='bbox 3434 3943 3527 3983; x_wconf 85' lang='lat' dir='ltr'>se-</span> 
     </span>
    </p>
   </div>
   <div class='ocr_carea' id='block_1_83' title="bbox 1875 4005 3526 4086">
    <p class='ocr_par' dir='ltr' id='par_1_83' title="bbox 1875 4005 3526 4086">
     <span class='ocr_line' id='line_1_83' title="bbox 1875 4005 3526 4086; baseline 0.007 -26"><span class='ocrx_word' id='word_1_557' title='bbox 1875 4005 1994 4061; x_wconf 91' lang='lat' dir='ltr'>mel</span> <span class='ocrx_word' id='word_1_558' title='bbox 2005 4005 2066 4060; x_wconf 91' lang='lat' dir='ltr'>in</span> <span class='ocrx_word' id='word_1_559' title='bbox 2082 4021 2244 4062; x_wconf 90' lang='lat' dir='ltr'>anno</span> <span class='ocrx_word' id='word_1_560' title='bbox 2269 4007 2540 4079; x_wconf 85' lang='lat' dir='ltr'>expedite</span> <span class='ocrx_word' id='word_1_561' title='bbox 2562 4010 2872 4077; x_wconf 89' lang='lat' dir='ltr'>accedant,</span> <span class='ocrx_word' id='word_1_562' title='bbox 2888 4017 2943 4068; x_wconf 89' lang='lat' dir='ltr'>et</span> <span class='ocrx_word' id='word_1_563' title='bbox 2964 4013 3258 4086; x_wconf 80' lang='lat' dir='ltr'>synodica</span> <span class='ocrx_word' id='word_1_564' title='bbox 3285 4016 3526 4072; x_wconf 85' lang='lat' dir='ltr'>decreta</span> 
     </span>
    </p>
   </div>
   <div class='ocr_carea' id='block_1_84' title="bbox 1873 4095 3524 4169">
    <p class='ocr_par' dir='ltr' id='par_1_84' title="bbox 1873 4095 3524 4169">
     <span class='ocr_line' id='line_1_84' title="bbox 1873 4095 3524 4169; baseline 0.008 -20"><span class='ocrx_word' id='word_1_565' title='bbox 1873 4110 2031 4166; x_wconf 67' lang='lat' dir='ltr'>quae,</span> <span class='ocrx_word' id='word_1_566' title='bbox 2061 4095 2276 4151; x_wconf 71' lang='lat' dir='ltr'>Graecis</span> <span class='ocrx_word' id='word_1_567' title='bbox 2305 4097 2549 4169; x_wconf 90' lang='lat' dir='ltr'>quidem</span> <span class='ocrx_word' id='word_1_568' title='bbox 2592 4099 2869 4154; x_wconf 87' lang='lat' dir='ltr'>institutis</span> <span class='ocrx_word' id='word_1_569' title='bbox 2895 4101 3202 4158; x_wconf 74' lang='lat' dir='ltr'>catholica:</span> <span class='ocrx_word' id='word_1_570' title='bbox 3232 4101 3371 4158; x_wconf 88' lang='lat' dir='ltr'>ﬁdei</span> <span class='ocrx_word' id='word_1_571' title='bbox 3399 4119 3524 4161; x_wconf 88' lang='lat' dir='ltr'>non</span> 
     </span>
    </p>
   </div>
   <div class='ocr_carea' id='block_1_85' title="bbox 1871 4184 3522 4260">
    <p class='ocr_par' dir='ltr' id='par_1_85' title="bbox 1871 4184 3522 4260">
     <span class='ocr_line' id='line_1_85' title="bbox 1871 4184 3522 4260; baseline 0.008 -23"><span class='ocrx_word' id='word_1_572' title='bbox 1871 4184 2370 4256; x_wconf 84' lang='lat' dir='ltr'>repugnantibus,</span> <span class='ocrx_word' id='word_1_573' title='bbox 2405 4190 2462 4241; x_wconf 90' lang='lat' dir='ltr'>et</span> <span class='ocrx_word' id='word_1_574' title='bbox 2481 4202 2516 4242; x_wconf 90' lang='lat' dir='ltr'>a</span> <span class='ocrx_word' id='word_1_575' title='bbox 2537 4188 2750 4244; x_wconf 78' lang='lat' dir='ltr'>Graecis</span> <span class='ocrx_word' id='word_1_576' title='bbox 2789 4189 3045 4260; x_wconf 88' lang='lat' dir='ltr'>receptis</span> <span class='ocrx_word' id='word_1_577' title='bbox 3069 4191 3346 4248; x_wconf 88' lang='lat' dir='ltr'>Ecclesiis</span> <span class='ocrx_word' id='word_1_578' title='bbox 3395 4209 3522 4250; x_wconf 87' lang='lat' dir='ltr'>non</span> 
     </span>
    </p>
   </div>
   <div class='ocr_carea' id='block_1_86' title="bbox 1872 4272 3521 4348">
    <p class='ocr_par' dir='ltr' id='par_1_86' title="bbox 1872 4272 3521 4348">
     <span class='ocr_line' id='line_1_86' title="bbox 1872 4272 3521 4348; baseline 0.007 -19"><span class='ocrx_word' id='word_1_579' title='bbox 1872 4272 2290 4343; x_wconf 84' lang='lat' dir='ltr'>adversantur,</span> <span class='ocrx_word' id='word_1_580' title='bbox 2345 4275 2647 4348; x_wconf 89' lang='lat' dir='ltr'>suscipere</span> <span class='ocrx_word' id='word_1_581' title='bbox 2694 4281 2751 4334; x_wconf 89' lang='lat' dir='ltr'>et</span> <span class='ocrx_word' id='word_1_582' title='bbox 2804 4277 3123 4336; x_wconf 88' lang='lat' dir='ltr'>observare</span> <span class='ocrx_word' id='word_1_583' title='bbox 3183 4287 3521 4342; x_wconf 88' lang='lat' dir='ltr'>teneantur.</span> 
     </span>
    </p>
   </div>
   <div class='ocr_carea' id='block_1_87' title="bbox 1869 4363 3525 4442">
    <p class='ocr_par' dir='ltr' id='par_1_87' title="bbox 1869 4363 3525 4442">
     <span class='ocr_line' id='line_1_87' title="bbox 1869 4363 3525 4442; baseline 0.008 -24"><span class='ocrx_word' id='word_1_584' title='bbox 1869 4366 1948 4418; x_wconf 90' lang='lat' dir='ltr'>Ne</span> <span class='ocrx_word' id='word_1_585' title='bbox 1977 4367 2176 4420; x_wconf 90' lang='lat' dir='ltr'>autem</span> <span class='ocrx_word' id='word_1_586' title='bbox 2215 4363 2354 4420; x_wconf 90' lang='lat' dir='ltr'>dicti</span> <span class='ocrx_word' id='word_1_587' title='bbox 2386 4365 2654 4438; x_wconf 88' lang='lat' dir='ltr'>episcopi</span> <span class='ocrx_word' id='word_1_588' title='bbox 2695 4368 2878 4424; x_wconf 75' lang='lat' dir='ltr'>Graeci</span> <span class='ocrx_word' id='word_1_589' title='bbox 2934 4385 3008 4424; x_wconf 84' lang='lat' dir='ltr'>ex</span> <span class='ocrx_word' id='word_1_590' title='bbox 3031 4369 3214 4442; x_wconf 85' lang='lat' dir='ltr'>hujus</span> <span class='ocrx_word' id='word_1_591' title='bbox 3245 4372 3525 4431; x_wconf 80' lang='lat' dir='ltr'>observa-</span> 
     </span>
    </p>
   </div>
   <div class='ocr_carea' id='block_1_88' title="bbox 1870 4453 3518 4537">
    <p class='ocr_par' dir='ltr' id='par_1_88' title="bbox 1870 4453 3518 4537">
     <span class='ocr_line' id='line_1_88' title="bbox 1870 4453 3518 4537; baseline 0.008 -29"><span class='ocrx_word' id='word_1_592' title='bbox 1870 4453 2027 4509; x_wconf 87' lang='lat' dir='ltr'>tione</span> <span class='ocrx_word' id='word_1_593' title='bbox 2059 4453 2524 4521; x_wconf 89' lang='lat' dir='ltr'>Constitutionis,</span> <span class='ocrx_word' id='word_1_594' title='bbox 2552 4471 2676 4530; x_wconf 87' lang='lat' dir='ltr'>qua</span> <span class='ocrx_word' id='word_1_595' title='bbox 2699 4457 2780 4515; x_wconf 89' lang='lat' dir='ltr'>ad</span> <span class='ocrx_word' id='word_1_596' title='bbox 2803 4459 3178 4533; x_wconf 84' lang='lat' dir='ltr'>episcopales</span> <span class='ocrx_word' id='word_1_597' title='bbox 3204 4462 3384 4520; x_wconf 86' lang='lat' dir='ltr'>etiam</span> <span class='ocrx_word' id='word_1_598' title='bbox 3413 4481 3518 4537; x_wconf 87' lang='lat' dir='ltr'>sy-</span> 
     </span>
    </p>
   </div>
   <div class='ocr_carea' id='block_1_89' title="bbox 153 4543 1772 4627">
    <p class='ocr_par' dir='ltr' id='par_1_89' title="bbox 153 4545 1762 4627">
     <span class='ocr_line' id='line_1_89' title="bbox 153 4545 1762 4627; baseline -0.001 -24"><span class='ocrx_word' id='word_1_599' title='bbox 153 4553 213 4603; x_wconf 81' lang='grc' dir='ltr'>οὶ</span> <span class='ocrx_word' id='word_1_600' title='bbox 235 4550 476 4627; x_wconf 73' lang='grc' dir='ltr'>ῥηθέντες</span> <span class='ocrx_word' id='word_1_601' title='bbox 497 4555 712 4626; x_wconf 77' lang='grc' dir='ltr'>Γραικοὶ</span> <span class='ocrx_word' id='word_1_602' title='bbox 764 4549 1040 4604; x_wconf 66' lang='grc' dir='ltr'>ἐπίσκοποι</span> <span class='ocrx_word' id='word_1_603' title='bbox 1093 4549 1416 4626; x_wconf 86' lang='grc' dir='ltr'>βαρύνωντοι</span> <span class='ocrx_word' id='word_1_604' title='bbox 1473 4549 1627 4627; x_wconf 87' lang='grc' dir='ltr'>βάρει</span> <span class='ocrx_word' id='word_1_605' title='bbox 1681 4545 1762 4602; x_wconf 75' lang='grc' dir='ltr'>δι-</span> 
     </span>
    </p>
   </div>
   <div class='ocr_carea' id='block_1_90' title="bbox 1892 4543 3517 4627">
    <p class='ocr_par' dir='ltr' id='par_1_90' title="bbox 1892 4543 3517 4624">
     <span class='ocr_line' id='line_1_90' title="bbox 1892 4543 3517 4624; baseline 0.009 -28"><span class='ocrx_word' id='word_1_606' title='bbox 1892 4544 2064 4597; x_wconf 82' lang='lat' dir='ltr'>iodos</span> <span class='ocrx_word' id='word_1_607' title='bbox 2123 4543 2465 4599; x_wconf 88' lang='lat' dir='ltr'>Latinorum</span> <span class='ocrx_word' id='word_1_608' title='bbox 2519 4546 2872 4616; x_wconf 88' lang='lat' dir='ltr'>pontiﬁcum</span> <span class='ocrx_word' id='word_1_609' title='bbox 2899 4548 3182 4606; x_wconf 89' lang='lat' dir='ltr'>accedere</span> <span class='ocrx_word' id='word_1_610' title='bbox 3220 4558 3517 4624; x_wconf 87' lang='lat' dir='ltr'>coguntur</span> 
     </span>
    </p>
   </div>
   <div class='ocr_carea' id='block_1_91' title="bbox 150 4635 1762 4714">
    <p class='ocr_par' dir='ltr' id='par_1_91' title="bbox 150 4635 1762 4714">
     <span class='ocr_line' id='line_1_91' title="bbox 150 4635 1762 4714; baseline -0.002 -18"><span class='ocrx_word' id='word_1_611' title='bbox 150 4640 276 4712; x_wconf 77' lang='grc' dir='ltr'>πλῷ</span> <span class='ocrx_word' id='word_1_612' title='bbox 301 4640 349 4692; x_wconf 75' lang='grc' dir='ltr'>ἐν</span> <span class='ocrx_word' id='word_1_613' title='bbox 379 4648 452 4711; x_wconf 82' lang='grc' dir='ltr'>τῷ</span> <span class='ocrx_word' id='word_1_614' title='bbox 493 4635 704 4694; x_wconf 80' lang='grc' dir='ltr'>δεῖσθαι</span> <span class='ocrx_word' id='word_1_615' title='bbox 731 4644 936 4708; x_wconf 81' lang='grc' dir='ltr'>τούτοις</span> <span class='ocrx_word' id='word_1_616' title='bbox 990 4642 1246 4714; x_wconf 84' lang='grc' dir='ltr'>ἔρχεσθαι</span> <span class='ocrx_word' id='word_1_617' title='bbox 1298 4640 1354 4693; x_wconf 74' lang='grc' dir='ltr'>ἐκ</span> <span class='ocrx_word' id='word_1_618' title='bbox 1383 4650 1476 4704; x_wconf 80' lang='grc' dir='ltr'>τῆς</span> <span class='ocrx_word' id='word_1_619' title='bbox 1517 4643 1762 4700; x_wconf 83' lang='grc' dir='ltr'>τοιαύτης</span> 
     </span>
    </p>
   </div>
   <div class='ocr_carea' id='block_1_92' title="bbox 153 4725 1764 4804">
    <p class='ocr_par' dir='ltr' id='par_1_92' title="bbox 153 4725 1764 4804">
     <span class='ocr_line' id='line_1_92' title="bbox 153 4725 1764 4804; baseline -0.001 -21"><span class='ocrx_word' id='word_1_620' title='bbox 153 4725 448 4794; x_wconf 80' lang='grc' dir='ltr'>διατάξεως</span> <span class='ocrx_word' id='word_1_621' title='bbox 496 4729 732 4804; x_wconf 79' lang='grc' dir='ltr'>ὀφείλειν,</span> <span class='ocrx_word' id='word_1_622' title='bbox 810 4733 898 4782; x_wconf 84' lang='grc' dir='ltr'>καὶ</span> <span class='ocrx_word' id='word_1_623' title='bbox 952 4729 1024 4791; x_wconf 86' lang='grc' dir='ltr'>εἰς</span> <span class='ocrx_word' id='word_1_624' title='bbox 1085 4731 1181 4792; x_wconf 82' lang='grc' dir='ltr'>τὰς</span> <span class='ocrx_word' id='word_1_625' title='bbox 1225 4729 1571 4794; x_wconf 73' lang='grc' dir='ltr'>ἐπίσκοπικὰς</span> <span class='ocrx_word' id='word_1_626' title='bbox 1615 4735 1764 4784; x_wconf 87' lang='grc' dir='ltr'>συνό-</span> 
     </span>
    </p>
   </div>
   <div class='ocr_carea' id='block_1_93' title="bbox 1871 4631 3510 4704">
    <p class='ocr_par' dir='ltr' id='par_1_93' title="bbox 1871 4631 3510 4704">
     <span class='ocr_line' id='line_1_93' title="bbox 1871 4631 3510 4704; baseline 0.007 -17"><span class='ocrx_word' id='word_1_627' title='bbox 1871 4631 2094 4704; x_wconf 89' lang='lat' dir='ltr'>duplici</span> <span class='ocrx_word' id='word_1_628' title='bbox 2115 4646 2214 4702; x_wconf 79' lang='lat' dir='ltr'>gra</span> <span class='ocrx_word' id='word_1_629' title='bbox 2228 4637 2437 4688; x_wconf 87' lang='lat' dir='ltr'>ventur</span> <span class='ocrx_word' id='word_1_630' title='bbox 2451 4649 2650 4702; x_wconf 90' lang='lat' dir='ltr'>onere,</span> <span class='ocrx_word' id='word_1_631' title='bbox 2679 4639 2997 4696; x_wconf 87' lang='lat' dir='ltr'>statuimus</span> <span class='ocrx_word' id='word_1_632' title='bbox 3009 4639 3088 4694; x_wconf 88' lang='lat' dir='ltr'>ad</span> <span class='ocrx_word' id='word_1_633' title='bbox 3101 4640 3510 4698; x_wconf 69' lang='lat' dir='ltr'>diaacesanam</span> 
     </span>
    </p>
   </div>
   <div class='ocr_carea' id='block_1_94' title="bbox 1873 4719 2972 4796">
    <p class='ocr_par' dir='ltr' id='par_1_94' title="bbox 1873 4719 2972 4796">
     <span class='ocr_line' id='line_1_94' title="bbox 1873 4719 2972 4796; baseline 0.005 -21"><span class='ocrx_word' id='word_1_634' title='bbox 1873 4719 2178 4792; x_wconf 85' lang='lat' dir='ltr'>synodum</span> <span class='ocrx_word' id='word_1_635' title='bbox 2198 4735 2300 4776; x_wconf 90' lang='lat' dir='ltr'>eos</span> <span class='ocrx_word' id='word_1_636' title='bbox 2331 4736 2452 4778; x_wconf 93' lang='lat' dir='ltr'>non</span> <span class='ocrx_word' id='word_1_637' title='bbox 2473 4736 2606 4780; x_wconf 88' lang='lat' dir='ltr'>esse</span> <span class='ocrx_word' id='word_1_638' title='bbox 2647 4725 2972 4796; x_wconf 91' lang='lat' dir='ltr'>cogendos.</span> 
     </span>
    </p>
   </div>
   <div class='ocr_carea' id='block_1_95' title="bbox 152 4807 3516 4895">
    <p class='ocr_par' dir='ltr' id='par_1_95' title="bbox 152 4807 3516 4895">
     <span class='ocr_line' id='line_1_95' title="bbox 152 4807 3516 4895; baseline 0.003 -25"><span class='ocrx_word' id='word_1_639' title='bbox 152 4815 287 4880; x_wconf 81' lang='grc' dir='ltr'>δους</span> <span class='ocrx_word' id='word_1_640' title='bbox 313 4827 410 4873; x_wconf 88' lang='grc' dir='ltr'>τῶν</span> <span class='ocrx_word' id='word_1_641' title='bbox 467 4818 750 4895; x_wconf 77' lang='grc' dir='ltr'>ἀρχιερέων</span> <span class='ocrx_word' id='word_1_642' title='bbox 805 4823 1040 4872; x_wconf 86' lang='grc' dir='ltr'>Λατίνων</span> <span class='ocrx_word' id='word_1_643' title='bbox 1091 4821 1310 4882; x_wconf 88' lang='grc' dir='ltr'>τούτους</span> <span class='ocrx_word' id='word_1_644' title='bbox 1341 4822 1616 4894; x_wconf 78' lang='grc' dir='ltr'>ἔρχεσθαι,</span> <span class='ocrx_word' id='word_1_645' title='bbox 1665 4819 1732 4882; x_wconf 81' lang='grc' dir='ltr'>εἰς</span> <span class='ocrx_word' id='word_1_646' title='bbox 1769 4819 1864 4875; x_wconf 72' lang='grc' dir='ltr'>τὴν</span> <span class='ocrx_word' id='word_1_647' title='bbox 1903 4816 1999 4870; x_wconf 80' lang='grc' dir='ltr'>τῆς</span> <span class='ocrx_word' id='word_1_648' title='bbox 2027 4807 2291 4883; x_wconf 80' lang='grc' dir='ltr'>ἐπαρχίας</span> <span class='ocrx_word' id='word_1_649' title='bbox 2329 4807 2549 4864; x_wconf 66' lang='grc' dir='ltr'>σύνοδον</span> <span class='ocrx_word' id='word_1_650' title='bbox 2606 4816 2856 4886; x_wconf 76' lang='grc' dir='ltr'>τάττομεν</span> <span class='ocrx_word' id='word_1_651' title='bbox 2907 4815 3001 4868; x_wconf 66' lang='grc' dir='ltr'>οὐκ</span> <span class='ocrx_word' id='word_1_652' title='bbox 3040 4815 3516 4889; x_wconf 69' lang='grc' dir='ltr'>ἀναγκαζομένους.</span> 
     </span>
    </p>
   </div>
   <div class='ocr_carea' id='block_1_96' title="bbox 234 4907 1759 4984">
    <p class='ocr_par' dir='ltr' id='par_1_96' title="bbox 234 4907 1759 4984">
     <span class='ocr_line' id='line_1_96' title="bbox 234 4907 1759 4984; baseline -0.002 -21"><span class='ocrx_word' id='word_1_653' title='bbox 234 4908 315 4963; x_wconf 86' lang='grc' dir='ltr'>Ἐν</span> <span class='ocrx_word' id='word_1_654' title='bbox 365 4915 480 4971; x_wconf 89' lang='grc' dir='ltr'>ταῖς</span> <span class='ocrx_word' id='word_1_655' title='bbox 536 4907 882 4984; x_wconf 80' lang='grc' dir='ltr'>ἐπιτηρήσεσι</span> <span class='ocrx_word' id='word_1_656' title='bbox 961 4913 1137 4982; x_wconf 75' lang='grc' dir='ltr'>μέντοι</span> <span class='ocrx_word' id='word_1_657' title='bbox 1210 4918 1310 4962; x_wconf 89' lang='grc' dir='ltr'>τῶν</span> <span class='ocrx_word' id='word_1_658' title='bbox 1361 4915 1594 4984; x_wconf 88' lang='grc' dir='ltr'>Γραικῶν</span> <span class='ocrx_word' id='word_1_659' title='bbox 1643 4909 1759 4962; x_wconf 73' lang='grc' dir='ltr'>ἐπι-</span> 
     </span>
    </p>
   </div>
   <div class='ocr_carea' id='block_1_97' title="bbox 150 4996 1759 5072">
    <p class='ocr_par' dir='ltr' id='par_1_97' title="bbox 150 4996 1759 5072">
     <span class='ocr_line' id='line_1_97' title="bbox 150 4996 1759 5072; baseline -0.001 -20"><span class='ocrx_word' id='word_1_660' title='bbox 150 5003 388 5067; x_wconf 78' lang='grc' dir='ltr'>σκόπων,</span> <span class='ocrx_word' id='word_1_661' title='bbox 434 4999 464 5056; x_wconf 74' lang='grc' dir='ltr'><strong>ἠ</strong></span> <span class='ocrx_word' id='word_1_662' title='bbox 523 5007 622 5051; x_wconf 85' lang='grc' dir='ltr'>τῶν</span> <span class='ocrx_word' id='word_1_663' title='bbox 674 4997 847 5062; x_wconf 77' lang='grc' dir='ltr'>οὐτοῖς</span> <span class='ocrx_word' id='word_1_664' title='bbox 894 5000 1336 5072; x_wconf 72' lang='grc' dir='ltr'>ὑποτεταγμένων,</span> <span class='ocrx_word' id='word_1_665' title='bbox 1383 4999 1578 5058; x_wconf 74' lang='grc' dir='ltr'>ἐκείνην</span> <span class='ocrx_word' id='word_1_666' title='bbox 1631 4996 1759 5072; x_wconf 83' lang='grc' dir='ltr'>βου-</span> 
     </span>
    </p>
   </div>
   <div class='ocr_carea' id='block_1_98' title="bbox 146 5083 1759 5162">
    <p class='ocr_par' dir='ltr' id='par_1_98' title="bbox 146 5083 1759 5162">
     <span class='ocr_line' id='line_1_98' title="bbox 146 5083 1759 5162; baseline -0.001 -22"><span class='ocrx_word' id='word_1_667' title='bbox 146 5087 350 5160; x_wconf 83' lang='grc' dir='ltr'>λόμεθα</span> <span class='ocrx_word' id='word_1_668' title='bbox 382 5090 522 5160; x_wconf 78' lang='grc' dir='ltr'>ἔχειν</span> <span class='ocrx_word' id='word_1_669' title='bbox 551 5090 674 5148; x_wconf 83' lang='grc' dir='ltr'>τοὺς</span> <span class='ocrx_word' id='word_1_670' title='bbox 733 5091 991 5150; x_wconf 86' lang='grc' dir='ltr'>Λατίνους</span> <span class='ocrx_word' id='word_1_671' title='bbox 1027 5086 1294 5162; x_wconf 75' lang='grc' dir='ltr'>ἀρχιερεῖς</span> <span class='ocrx_word' id='word_1_672' title='bbox 1323 5087 1372 5140; x_wconf 80' lang='grc' dir='ltr'>ἐν</span> <span class='ocrx_word' id='word_1_673' title='bbox 1428 5095 1539 5149; x_wconf 86' lang='grc' dir='ltr'>ταῖς</span> <span class='ocrx_word' id='word_1_674' title='bbox 1591 5083 1759 5148; x_wconf 76' lang='grc' dir='ltr'>ἰδίαις</span> 
     </span>
    </p>
   </div>
   <div class='ocr_carea' id='block_1_99' title="bbox 144 5175 1754 5252">
    <p class='ocr_par' dir='ltr' id='par_1_99' title="bbox 144 5175 1754 5252">
     <span class='ocr_line' id='line_1_99' title="bbox 144 5175 1754 5252; baseline -0.001 -21"><span class='ocrx_word' id='word_1_675' title='bbox 144 5176 340 5232; x_wconf 81' lang='grc' dir='ltr'>πόλεσι</span> <span class='ocrx_word' id='word_1_676' title='bbox 368 5180 458 5229; x_wconf 84' lang='grc' dir='ltr'>καὶ</span> <span class='ocrx_word' id='word_1_677' title='bbox 516 5175 736 5252; x_wconf 77' lang='grc' dir='ltr'>ένορίαις</span> <span class='ocrx_word' id='word_1_678' title='bbox 786 5180 880 5236; x_wconf 71' lang='grc' dir='ltr'>τὴν</span> <span class='ocrx_word' id='word_1_679' title='bbox 932 5176 1192 5245; x_wconf 76' lang='grc' dir='ltr'>ἐξουσίαν,</span> <span class='ocrx_word' id='word_1_680' title='bbox 1250 5175 1312 5236; x_wconf 78' lang='grc' dir='ltr'>ἣν</span> <span class='ocrx_word' id='word_1_681' title='bbox 1364 5186 1436 5248; x_wconf 84' lang='grc' dir='ltr'>τῷ</span> <span class='ocrx_word' id='word_1_682' title='bbox 1491 5196 1754 5252; x_wconf 86' lang='grc' dir='ltr'>μητροπο-</span> 
     </span>
    </p>
   </div>
   <div class='ocr_carea' id='block_1_100' title="bbox 143 5265 1757 5341">
    <p class='ocr_par' dir='ltr' id='par_1_100' title="bbox 143 5265 1757 5341">
     <span class='ocr_line' id='line_1_100' title="bbox 143 5265 1757 5341; baseline 0.001 -22"><span class='ocrx_word' id='word_1_683' title='bbox 143 5267 274 5340; x_wconf 66' lang='grc' dir='ltr'>λίτῃ</span> <span class='ocrx_word' id='word_1_684' title='bbox 320 5266 370 5318; x_wconf 74' lang='grc' dir='ltr'>ἐν</span> <span class='ocrx_word' id='word_1_685' title='bbox 398 5273 515 5327; x_wconf 86' lang='grc' dir='ltr'>ταῖς</span> <span class='ocrx_word' id='word_1_686' title='bbox 571 5265 916 5339; x_wconf 76' lang='grc' dir='ltr'>ἐπιτηρὴσεσι</span> <span class='ocrx_word' id='word_1_687' title='bbox 970 5275 1070 5318; x_wconf 86' lang='grc' dir='ltr'>τῶν</span> <span class='ocrx_word' id='word_1_688' title='bbox 1119 5265 1278 5320; x_wconf 75' lang='grc' dir='ltr'>αὐτοῦ</span> <span class='ocrx_word' id='word_1_689' title='bbox 1337 5269 1615 5341; x_wconf 80' lang='grc' dir='ltr'>συνερίθων</span> <span class='ocrx_word' id='word_1_690' title='bbox 1665 5271 1757 5320; x_wconf 77' lang='grc' dir='ltr'>καὶ</span> 
     </span>
    </p>
   </div>
   <div class='ocr_carea' id='block_1_101' title="bbox 143 5357 1760 5433">
    <p class='ocr_par' dir='ltr' id='par_1_101' title="bbox 143 5357 1760 5433">
     <span class='ocr_line' id='line_1_101' title="bbox 143 5357 1760 5433; baseline 0.002 -25"><span class='ocrx_word' id='word_1_691' title='bbox 143 5365 258 5413; x_wconf 73' lang='grc' dir='ltr'>τῶν</span> <span class='ocrx_word' id='word_1_692' title='bbox 333 5357 496 5410; x_wconf 76' lang='grc' dir='ltr'>αὐτοῦ</span> <span class='ocrx_word' id='word_1_693' title='bbox 569 5357 814 5416; x_wconf 80' lang='grc' dir='ltr'>ὑπηκόων</span> <span class='ocrx_word' id='word_1_694' title='bbox 893 5363 1282 5433; x_wconf 83' lang='grc' dir='ltr'>παραχωροῦσι</span> <span class='ocrx_word' id='word_1_695' title='bbox 1365 5359 1434 5412; x_wconf 82' lang='grc' dir='ltr'>τὰ</span> <span class='ocrx_word' id='word_1_696' title='bbox 1515 5359 1760 5411; x_wconf 79' lang='grc' dir='ltr'>κανονικὰ</span> 
     </span>
    </p>
   </div>
   <div class='ocr_carea' id='block_1_102' title="bbox 149 5449 515 5522">
    <p class='ocr_par' dir='ltr' id='par_1_102' title="bbox 149 5449 515 5522">
     <span class='ocr_line' id='line_1_102' title="bbox 149 5449 515 5522; baseline 0.008 -20"><span class='ocrx_word' id='word_1_697' title='bbox 149 5449 515 5522; x_wconf 76' lang='grc' dir='ltr'>θεσπίσματα.</span> 
     </span>
    </p>
   </div>
   <div class='ocr_carea' id='block_1_103' title="bbox 225 5535 1762 5615">
    <p class='ocr_par' dir='ltr' id='par_1_103' title="bbox 225 5535 1762 5615">
     <span class='ocr_line' id='line_1_103' title="bbox 225 5535 1762 5615; baseline 0.006 -24"><span class='ocrx_word' id='word_1_698' title='bbox 225 5541 311 5609; x_wconf 86' lang='grc' dir='ltr'>Τῷ</span> <span class='ocrx_word' id='word_1_699' title='bbox 364 5535 768 5614; x_wconf 76' lang='grc' dir='ltr'>ἀρχιεπισκόπῳ</span> <span class='ocrx_word' id='word_1_700' title='bbox 823 5537 1002 5615; x_wconf 68' lang='grc' dir='ltr'>μέντον</span> <span class='ocrx_word' id='word_1_701' title='bbox 1051 5539 1140 5595; x_wconf 80' lang='grc' dir='ltr'>καὶ</span> <span class='ocrx_word' id='word_1_702' title='bbox 1191 5541 1301 5606; x_wconf 73' lang='grc' dir='ltr'>τοῖς</span> <span class='ocrx_word' id='word_1_703' title='bbox 1356 5541 1600 5610; x_wconf 73' lang='grc' dir='ltr'>Λατίνοις</span> <span class='ocrx_word' id='word_1_704' title='bbox 1652 5537 1762 5600; x_wconf 64' lang='grc' dir='ltr'>ἐπιδ</span> 
     </span>
    </p>
   </div>
   <div class='ocr_carea' id='block_1_104' title="bbox 151 5629 1765 5711">
    <p class='ocr_par' dir='ltr' id='par_1_104' title="bbox 151 5629 1765 5711">
     <span class='ocr_line' id='line_1_104' title="bbox 151 5629 1765 5711; baseline 0.006 -29"><span class='ocrx_word' id='word_1_705' title='bbox 151 5631 398 5702; x_wconf 78' lang='grc' dir='ltr'>σκόποις,</span> <span class='ocrx_word' id='word_1_706' title='bbox 449 5629 573 5682; x_wconf 81' lang='grc' dir='ltr'>ὅταν</span> <span class='ocrx_word' id='word_1_707' title='bbox 645 5633 840 5694; x_wconf 87' lang='grc' dir='ltr'>ταύτας</span> <span class='ocrx_word' id='word_1_708' title='bbox 913 5634 1010 5694; x_wconf 79' lang='grc' dir='ltr'>τὰς</span> <span class='ocrx_word' id='word_1_709' title='bbox 1063 5631 1266 5709; x_wconf 78' lang='grc' dir='ltr'>ίνορίας</span> <span class='ocrx_word' id='word_1_710' title='bbox 1324 5637 1414 5697; x_wconf 79' lang='grc' dir='ltr'>τὰς</span> <span class='ocrx_word' id='word_1_711' title='bbox 1476 5640 1596 5711; x_wconf 81' lang='grc' dir='ltr'>περὶ</span> <span class='ocrx_word' id='word_1_712' title='bbox 1641 5640 1765 5699; x_wconf 78' lang='grc' dir='ltr'>τοὺς</span> 
     </span>
    </p>
   </div>
   <div class='ocr_carea' id='block_1_105' title="bbox 1941 4896 3518 4976">
    <p class='ocr_par' dir='ltr' id='par_1_105' title="bbox 1941 4896 3518 4976">
     <span class='ocr_line' id='line_1_105' title="bbox 1941 4896 3518 4976; baseline 0.009 -24"><span class='ocrx_word' id='word_1_713' title='bbox 1941 4899 2007 4953; x_wconf 91' lang='lat' dir='ltr'>In</span> <span class='ocrx_word' id='word_1_714' title='bbox 2032 4896 2350 4970; x_wconf 85' lang='lat' dir='ltr'>puniendis</span> <span class='ocrx_word' id='word_1_715' title='bbox 2380 4915 2520 4956; x_wconf 87' lang='lat' dir='ltr'>vero</span> <span class='ocrx_word' id='word_1_716' title='bbox 2543 4903 2756 4958; x_wconf 66' lang='lat' dir='ltr'>Graecis</span> <span class='ocrx_word' id='word_1_717' title='bbox 2778 4904 3072 4976; x_wconf 89' lang='lat' dir='ltr'>episcopis</span> <span class='ocrx_word' id='word_1_718' title='bbox 3107 4907 3203 4959; x_wconf 88' lang='lat' dir='ltr'>vel</span> <span class='ocrx_word' id='word_1_719' title='bbox 3225 4905 3284 4959; x_wconf 91' lang='lat' dir='ltr'>in</span> <span class='ocrx_word' id='word_1_720' title='bbox 3306 4921 3518 4966; x_wconf 87' lang='lat' dir='ltr'>eorum</span> 
     </span>
    </p>
   </div>
   <div class='ocr_carea' id='block_1_106' title="bbox 1871 4987 3517 5065">
    <p class='ocr_par' dir='ltr' id='par_1_106' title="bbox 1871 4987 3517 5065">
     <span class='ocr_line' id='line_1_106' title="bbox 1871 4987 3517 5065; baseline 0.008 -23"><span class='ocrx_word' id='word_1_721' title='bbox 1871 4987 2094 5044; x_wconf 87' lang='lat' dir='ltr'>ditione</span> <span class='ocrx_word' id='word_1_722' title='bbox 2141 4987 2494 5053; x_wconf 88' lang='lat' dir='ltr'>constitutis,</span> <span class='ocrx_word' id='word_1_723' title='bbox 2526 4989 2809 5047; x_wconf 88' lang='lat' dir='ltr'>volumus</span> <span class='ocrx_word' id='word_1_724' title='bbox 2835 4992 3069 5049; x_wconf 89' lang='lat' dir='ltr'>Latinos</span> <span class='ocrx_word' id='word_1_725' title='bbox 3101 4993 3414 5065; x_wconf 88' lang='lat' dir='ltr'>pontiﬁces</span> <span class='ocrx_word' id='word_1_726' title='bbox 3451 4999 3517 5054; x_wconf 90' lang='lat' dir='ltr'>in</span> 
     </span>
    </p>
   </div>
   <div class='ocr_carea' id='block_1_107' title="bbox 1871 5075 3514 5143">
    <p class='ocr_par' dir='ltr' id='par_1_107' title="bbox 1871 5075 3514 5143">
     <span class='ocr_line' id='line_1_107' title="bbox 1871 5075 3514 5143; baseline 0.007 -11"><span class='ocrx_word' id='word_1_727' title='bbox 1871 5076 1995 5132; x_wconf 90' lang='lat' dir='ltr'>suis</span> <span class='ocrx_word' id='word_1_728' title='bbox 2023 5075 2356 5134; x_wconf 85' lang='lat' dir='ltr'>civitatibus</span> <span class='ocrx_word' id='word_1_729' title='bbox 2377 5083 2432 5134; x_wconf 91' lang='lat' dir='ltr'>et</span> <span class='ocrx_word' id='word_1_730' title='bbox 2463 5076 2825 5136; x_wconf 68' lang='lat' dir='ltr'>dioecesibus</span> <span class='ocrx_word' id='word_1_731' title='bbox 2853 5097 2988 5136; x_wconf 89' lang='lat' dir='ltr'>eam</span> <span class='ocrx_word' id='word_1_732' title='bbox 3008 5081 3230 5138; x_wconf 90' lang='lat' dir='ltr'>habere</span> <span class='ocrx_word' id='word_1_733' title='bbox 3256 5088 3514 5143; x_wconf 89' lang='lat' dir='ltr'>auctori-</span> 
     </span>
    </p>
   </div>
   <div class='ocr_carea' id='block_1_108' title="bbox 1859 5167 3522 5242">
    <p class='ocr_par' dir='ltr' id='par_1_108' title="bbox 1859 5167 3522 5242">
     <span class='ocr_line' id='line_1_108' title="bbox 1859 5167 3522 5242; baseline 0.008 -22"><span class='ocrx_word' id='word_1_734' title='bbox 1859 5169 2045 5221; x_wconf 90' lang='lat' dir='ltr'>tatem</span> <span class='ocrx_word' id='word_1_735' title='bbox 2091 5181 2280 5238; x_wconf 89' lang='lat' dir='ltr'>quam</span> <span class='ocrx_word' id='word_1_736' title='bbox 2327 5167 2718 5240; x_wconf 71' lang='lat' dir='ltr'>metropolitte</span> <span class='ocrx_word' id='word_1_737' title='bbox 2763 5168 2825 5224; x_wconf 91' lang='lat' dir='ltr'>in</span> <span class='ocrx_word' id='word_1_738' title='bbox 2853 5170 3174 5242; x_wconf 88' lang='lat' dir='ltr'>puniendis</span> <span class='ocrx_word' id='word_1_739' title='bbox 3233 5174 3356 5228; x_wconf 90' lang='lat' dir='ltr'>suis</span> <span class='ocrx_word' id='word_1_740' title='bbox 3400 5177 3522 5236; x_wconf 74' lang='lat' dir='ltr'>sui.</span> 
     </span>
    </p>
   </div>
   <div class='ocr_carea' id='block_1_109' title="bbox 1861 5253 3518 5338">
    <p class='ocr_par' dir='ltr' id='par_1_109' title="bbox 1861 5253 3518 5338">
     <span class='ocr_line' id='line_1_109' title="bbox 1861 5253 3518 5338; baseline 0.007 -29"><span class='ocrx_word' id='word_1_741' title='bbox 1861 5253 2168 5324; x_wconf 83' lang='lat' dir='ltr'>fraganeis</span> <span class='ocrx_word' id='word_1_742' title='bbox 2181 5255 2412 5328; x_wconf 87' lang='lat' dir='ltr'>sibique</span> <span class='ocrx_word' id='word_1_743' title='bbox 2434 5256 2715 5328; x_wconf 87' lang='lat' dir='ltr'>subjectis</span> <span class='ocrx_word' id='word_1_744' title='bbox 2737 5273 3044 5316; x_wconf 89' lang='lat' dir='ltr'>canonum</span> <span class='ocrx_word' id='word_1_745' title='bbox 3060 5262 3397 5320; x_wconf 88' lang='lat' dir='ltr'>concedunt</span> <span class='ocrx_word' id='word_1_746' title='bbox 3415 5265 3518 5338; x_wconf 76' lang='lat' dir='ltr'>de.</span> 
     </span>
    </p>
   </div>
   <div class='ocr_carea' id='block_1_110' title="bbox 1865 5345 2048 5398">
    <p class='ocr_par' dir='ltr' id='par_1_110' title="bbox 1865 5345 2048 5398">
     <span class='ocr_line' id='line_1_110' title="bbox 1865 5345 2048 5398; baseline -0.011 0"><span class='ocrx_word' id='word_1_747' title='bbox 1865 5345 2048 5398; x_wconf 87' lang='lat' dir='ltr'>creta.</span> 
     </span>
    </p>
   </div>
   <div class='ocr_carea' id='block_1_111' title="bbox 1943 5537 3514 5629">
    <p class='ocr_par' dir='ltr' id='par_1_111' title="bbox 1943 5537 3514 5629">
     <span class='ocr_line' id='line_1_111' title="bbox 1943 5537 3514 5629; baseline 0.006 -24"><span class='ocrx_word' id='word_1_748' title='bbox 1943 5537 2197 5615; x_wconf 81' lang='lat' dir='ltr'>Quando</span> <span class='ocrx_word' id='word_1_749' title='bbox 2230 5539 2717 5622; x_wconf 86' lang='lat' dir='ltr'>archiepiscopus</span> <span class='ocrx_word' id='word_1_750' title='bbox 2755 5555 2815 5609; x_wconf 90' lang='lat' dir='ltr'>et</span> <span class='ocrx_word' id='word_1_751' title='bbox 2859 5552 3130 5629; x_wconf 88' lang='lat' dir='ltr'>episcopi</span> <span class='ocrx_word' id='word_1_752' title='bbox 3177 5554 3361 5616; x_wconf 86' lang='lat' dir='ltr'>Latini</span> <span class='ocrx_word' id='word_1_753' title='bbox 3407 5573 3514 5617; x_wconf 80' lang='lat' dir='ltr'>eas</span> 
     </span>
    </p>
   </div>
   <div class='ocr_carea' id='block_1_112' title="bbox 1869 5637 3514 5714">
    <p class='ocr_par' dir='ltr' id='par_1_112' title="bbox 1869 5637 3514 5714">
     <span class='ocr_line' id='line_1_112' title="bbox 1869 5637 3514 5714; baseline 0.008 -19"><span class='ocrx_word' id='word_1_754' title='bbox 1869 5637 2154 5696; x_wconf 65' lang='lat' dir='ltr'>dimenso:</span> <span class='ocrx_word' id='word_1_755' title='bbox 2175 5639 2239 5696; x_wconf 86' lang='lat' dir='ltr'>in</span> <span class='ocrx_word' id='word_1_756' title='bbox 2263 5639 2487 5714; x_wconf 88' lang='lat' dir='ltr'>quibus</span> <span class='ocrx_word' id='word_1_757' title='bbox 2511 5640 2697 5698; x_wconf 80' lang='lat' dir='ltr'>Graeci</span> <span class='ocrx_word' id='word_1_758' title='bbox 2725 5643 3064 5702; x_wconf 84' lang='lat' dir='ltr'>consistunt</span> <span class='ocrx_word' id='word_1_759' title='bbox 3107 5661 3250 5704; x_wconf 89' lang='lat' dir='ltr'>cum</span> <span class='ocrx_word' id='word_1_760' title='bbox 3293 5647 3514 5708; x_wconf 69' lang='lat' dir='ltr'>dioce-</span> 
     </span>
    </p>
   </div>
  </div>
