4054 6212
623 322 753 386 1551

2048 312 2448 381 ALEXANDRI
2485 309 2554 380 Ν

3766 334 3859 394 1352

616 468 767 510 sano
796 451 1018 509 vicario
1036 451 1169 523 jure
1201 446 1588 515 visitaverint,
1611 442 1725 505 hac
1750 450 1986 505 servata
2015 446 2217 519 justiti:

2255 452 2335 505 :A
2375 452 2645 522 Γραικοὺς,
2699 447 2827 521 μετὰ
2875 454 2970 501 τοῦ
3050 452 3144 510 τῆς
3193 447 3386 524 ἐνορίας
3456 446 3644 507 δικαίου
3713 456 3856 516 imm.

615 558 899 598 mensura
920 540 1204 614 pecunias
1224 557 1262 598 a
1283 539 1581 614 parochiis
1610 538 1937 609 exigendas
1955 552 2089 594 esse
2109 552 2257 610 pro-

614 631 1001 687 nuntiamus:
1036 630 1321 686 nimirum
1343 629 1471 702 ipse
1502 628 1986 701 archiepiscopus
2010 643 2047 684 a
2084 626 2261 700 quin-

611 737 730 793 que
761 723 992 776 tantum
1021 719 1319 792 parochiis
1349 720 1542 789 exiget
1577 737 1589 775 ι
1628 717 1814 790 Paphi
1852 718 2176 790 episcopus
2225 730 2263 772 a

612 815 885 882 quatuor,
912 812 1325 881 Famaugusta:
1348 827 1383 866 a
1410 808 1618 871 tribus,
1646 812 1703 865 et
1731 806 1964 865 Nemesi
1997 806 2263 863 similiter

613 915 649 955 a
670 896 875 953 tribus.
902 900 1048 954 Eam
1081 904 1281 954 autem
1312 898 1633 970 pecuniam
1659 913 1697 953 a
1718 896 1930 954 Graecis
1961 913 2087 953 suae
2116 896 2264 952 diu:-

612 987 763 1044 cesis
788 990 843 1042 et
864 986 1163 1059 parocbim
1212 986 1462 1058 singulis
1514 985 1813 1059 accipiant
1858 986 2059 1043 annis.
2126 985 2260 1042 Sin-

613 1075 769 1148 gula:
781 1091 921 1131 vero
933 1075 1231 1148 parochias
1245 1092 1539 1132 summam
1556 1074 1866 1148 praebeant
1878 1074 2116 1146 triginta
2127 1073 2261 1132 soli-

612 1164 828 1220 dorum
844 1165 1242 1221 tornesiorum
1256 1165 1379 1222 sive
1391 1164 1632 1222 totidem
1644 1164 1978 1237 byzantios,
2006 1164 2111 1236 qui
2135 1179 2259 1220 non

610 1259 986 1327 exsuperent,
1017 1255 1121 1311 sed
1143 1271 1278 1312 eam
1299 1260 1615 1328 exasquent
1633 1259 1902 1328 quotam.
1940 1254 2095 1311 Licet
2114 1269 2259 1312 sane

610 1345 1035 1418 parochiarnm
1056 1362 1375 1402 numerum
1397 1362 1533 1418 quae
1550 1346 1777 1403 ratione
1788 1344 2134 1401 visitationis
2149 1343 2261 1402 sol-

608 1450 749 1491 vere
779 1440 1074 1506 tenentur,
1108 1438 1332 1492 attenta
1369 1437 1750 1492 Ronweorum
1783 1439 2154 1507 paupertate.
2186 1450 2259 1492 ex

608 1523 981 1581 misericordi
1013 1523 1354 1596 provisione
1384 1524 1468 1581 ita
1497 1524 1863 1580 mediocrem
1893 1539 2025 1580 esse
2054 1525 2258 1583 decre-

607 1614 893 1681 verimus,
920 1613 1213 1686 quoniam
1244 1628 1382 1669 vero
1405 1612 1621 1669 Latinis
1658 1612 1906 1686 quidem
1957 1614 2259 1689 episcopis

608 1716 857 1758 suarum
890 1701 1290 1757 Ecclesiarum
1328 1701 1494 1758 bona
1529 1701 1664 1759 ideo
1711 1702 1923 1759 tradita
1953 1708 2094 1759 sunt
2114 1704 2256 1761 utin

608 1789 754 1861 ipsis
774 1789 1045 1847 debitum
1062 1790 1370 1846 ministerii
1385 1806 1596 1847 eorum
1615 1806 1837 1847 munus
1854 1791 2100 1863 integre,
2116 1808 2209 1850 cur

1177 1790 1370 1846 listerii
1385 1806 1596 1847 eorum
1615 1791 2100 1863 munusintegre,
2116 1808 2254 1850 cum
2285 1806 2326 1862 Β
2365 1781 2533 1835 αὖτῶν
2604 1781 2778 1854 ἀγαθά

607 1893 851 1935 necesse
881 1877 1075 1946 fuerit,
1103 1877 1340 1952 explere
1387 1879 1646 1949 valeant,
1697 1879 1747 1935 si
1793 1880 2116 1938 necessitas
2162 1897 2254 1939 or-

607 1966 886 2025 thodoxae
906 1965 1048 2025 fidei
1067 1966 1161 2023 vel
1179 1966 1534 2025 obedientias
1553 1968 1966 2041 promptitudo
1986 1986 2123 2043 quae
2140 1974 2252 2028 Ro-

604 2072 801 2113 manae
824 2055 1078 2113 debetur
1104 2056 1401 2125 Ecclesiae,
1428 2057 1522 2114 vel
1545 2073 1783 2114 morum
1812 2057 2131 2131 disciplina
2153 2075 2259 2133 pe-

603 2145 924 2217 stulaverit,
982 2145 1205 2219 pluries
1252 2146 1418 2219 ipsos
1467 2148 1699 2203 Graecos
1734 2162 1862 2203 esse
1892 2148 2246 2215 visitandos,

598 2234 901 2306 volumus,
927 2251 1050 2309 quo
1078 2236 1207 2292 sine
1243 2235 1367 2292 ullo
1400 2235 1742 2293 Latinorum
1790 2237 2143 2308 gravamine
2167 2238 2252 2295 vi-

596 2324 888 2383 sitationis
941 2341 1163 2382 munus
1193 2329 1574 2399 exsequatur,
1616 2328 1854 2384 Graecos
1884 2326 2049 2401 ipsos
2078 2328 2250 2402 quid-

593 2414 742 2488 quid
755 2414 1075 2472 visitationi
1088 2414 1340 2472 debetur
1362 2414 1485 2472 suis
1501 2414 1844 2489 sumptibus
1866 2417 2201 2489 persolvere
2230 2435 2244 2487 ;

590 2503 841 2576 quando
853 2518 995 2560 vero
1009 2519 1311 2561 canonum
1325 2502 1779 2561 constitutiones
1794 2505 1939 2577 ipsis
1949 2506 2247 2579 episcopis

590 2591 947 2648 visitationis
977 2607 1203 2648 munus
1233 2590 1573 2663 injungunt,
1601 2596 1743 2649 tunc
1764 2609 1919 2666 opus
1943 2598 2032 2652 est
2052 2600 2117 2652 ut
2136 2597 2245 2653 La-

589 2677 693 2734 tini
723 2679 838 2751 ipsi
869 2679 989 2735 suis
1014 2679 1305 2752 impensis
1329 2694 1553 2736 munus
1596 2679 1839 2752 obeant,
1885 2698 2025 2741 cum
2063 2684 2243 2742 etiam

587 2766 899 2840 apostolus
925 2767 1355 2835 Paulus,nostri
1383 2771 1572 2825 status
1597 2769 2240 2845 exemplar,aliquoties

584 2855 808 2914 victum
832 2855 943 2913 sibi
968 2856 1084 2928 ipsi
1107 2872 1353 2914 suarum
1374 2857 1581 2915 labore
1602 2874 1897 2917 manuum
1923 2876 2238 2935 compara-

581 2944 746 3016 verit,
774 2961 848 3002 ne
880 2945 1079 3018 gravis
1099 2945 1246 3003 foret
1268 2944 1337 3002 iis
1360 2946 1584 3019 quibus
1612 2948 2001 3020 Evangelium
2021 2952 2238 3024 priedi-

580 3034 777 3102 cabat,
802 3034 909 3108 qui
940 3050 1080 3092 cum
1109 3033 1336 3092 doctori
1363 3036 1738 3094 necessarios
1780 3037 2233 3099 subministrare

2371 556 2616 603 πτωνται,
2674 541 2734 589 τὸ
2782 537 2909 591 αὐτὸ
2965 536 3014 590 ἐν
3064 544 3175 599 ταῖς
3231 536 3568 612 ἀπητημέναις
3633 544 3858 622 ἐπιτροπιῖς

2372 624 2758 699 ἀπαγγέλλομεν
2809 634 2906 689 τῆς
2996 624 3331 688 δικαιοσύνης
3407 634 3575 705 μέτρον
3629 654 3640 667 ·
3688 644 3761 688 τοῦ
3802 644 3857 692 τόν

2372 714 2526 767 αὐτὸν
2581 714 2998 791 ἀρχιεπίσκοπον
3059 720 3206 769 πέντε
3255 722 3421 789 μόνον,
3475 723 3555 771 τὸν
3606 730 3688 782 τῆς
3734 729 3856 797 Πάγον

2368 810 2648 878 τέσσαρας⁹
2718 813 2808 866 ’ἧς
2888 806 3276 878 Ἀμμοχὼστου
3339 816 3484 880 τρεῖς,
3553 815 3633 863 καὶ
3686 818 3756 866 τὸν
3798 826 3856 881 τῆς

2369 900 2603 967 Νεμεσου
2634 895 2823 966 ὁμοίως
2852 904 2985 971 τρεῖς
3013 916 3025 928 ·
3053 895 3115 949 Ἃ
3174 892 3242 954 δὴ
3289 894 3386 949 ἀπὸ
3432 906 3522 949 τῶν
3572 905 3765 974 Γραικῶν
3802 915 3857 965 τῆς

2371 982 2534 1045 αὐτῆς
2583 983 2781 1057 ἐνορίας
2859 989 2949 1036 καὶ
3000 990 3093 1045 τῆς
3144 986 3327 1036 τούτου
3385 984 3639 1059 ἐπιτροπῆς
3681 988 3860 1062 Matini.

2368 1091 2541 1125 τωσαν
2588 1071 2701 1124 κατ’
2778 1074 2902 1140 ἔτος,
2961 1072 3029 1123 ὧν
3091 1071 3285 1130 ἐκάστη
3334 1073 3586 1145 κεφαλαιον
3656 1082 3860 1150 τριάκοντα

2371 1157 2581 1223 σόλιδος
2626 1165 2958 1234 τουρνεσίων,
3017 1160 3046 1219 ἧ
3111 1168 3345 1213 τοσαῦτα
3392 1159 3629 1232 βυζάντια
3667 1165 3777 1238 (21),
3820 1173 3861 1221 τὰ

2368 1253 2441 1322 μὴ
2491 1250 2877 1324 περιττεύοντα,
2913 1246 3046 1307 πλὴν
3087 1248 3392 1319 ἐξισούμενοι
3443 1253 3592 1322 τούτῳ
3641 1263 3699 1323 τῷ
3743 1266 3860 1327 ποσῷ,

2370 1338 2510 1397 Πλὴν
2560 1343 2648 1391 καὶ
2698 1341 2786 1391 τόν
2840 1336 3058 1412 ἀριθμὸν
3112 1346 3213 1390 τῶν
3276 1336 3551 1412 ἐπιτροπῶν
3599 1349 3683 1392 τῶν
3723 1343 3863 1415 69:116-

2367 1431 2528 1501 μένων
2585 1426 2898 1498 ἐπισκέψεως
2944 1427 3127 1500 χάριν,
3187 1432 3583 1502 κατανοουμὶνης
3640 1438 3717 1492 τῆς
3769 1453 3863 1485 stu-

2367 1519 2517 1588 χείας
2572 1524 2671 1567 τῶν
2752 1519 3035 1587 Ῥωμαίων,
3124 1510 3440 1589 διεκρίνομεν
3510 1516 3652 1577 Dion;
3709 1538 3863 1593 προμη-

2370 1607 2481 1677 θείᾳ
2531 1605 2690 1666 οὕτως
2746 1610 3170 1677 μετριοποιῆσαι.
3230 1604 3371 1657 Ἐπεὶ
3419 1608 3579 1677 μέντοι
3627 1615 3717 1670 τοῖς
3748 1615 3862 1662 Λατί-

2365 1712 2467 1755 νοις
2497 1692 2801 1753 ἐπισκόποις
2857 1695 2985 1767 πρός
3026 1696 3177 1745 τοῦτό
3235 1692 3337 1745 εἱσι
3393 1696 3455 1745 τὰ
3512 1701 3602 1746 τῶν
3648 1694 3861 1753 ἐκκλησιῶν

2883 1785 3389 1856 παρακεχωρημένα,
3457 1788 3540 1834 τοῦ
3609 1781 3651 1835 ἐν
3710 1783 3861 1847 ἐκείνοις

2363 1877 2481 1944 περὶ
2540 1874 2598 1924 τὸ
2685 1874 2843 1945 χρέος
2918 1877 3009 1932 τῆς
3091 1869 3259 1923 αὐτῶν
3340 1871 3610 1945 ὑπουργίας
3654 1870 3859 1936 ἁνιλλιεῶς

2366 1962 2572 2034 ἰσχύειν
2598 1962 2664 2012 τὰ
2690 1968 2784 2022 τῆς
2819 1963 3008 2034 χρείας
3062 1958 3296 2033 πληροῦν
3353 1958 3563 2032 θέλομιν,
3608 1960 3647 2013 εἰ
3686 1963 3710 2019 η
3749 1969 3860 2036 χρεία

2358 2058 2453 2112 τῆς
2504 2043 2790 2119 ὀρθοδὸξου
2842 2051 3084 2111 πίστεως,
3141 2047 3174 2107 ἦ
3225 2050 3283 2099 τὸ
3341 2049 3514 2100 ἄοκνον
3560 2056 3643 2110 τῆς
3688 2051 3855 2111 ὑπακοῆς

2359 2146 2455 2199 τῆς
2535 2135 2861 2209 ὀφειλομένης
2937 2143 2999 2207 τῇ
3090 2144 3189 2197 τῆς
3252 2135 3449 2209 Ῥώμης
3510 2134 3748 2209 Ἐκκλησία
3781 2139 3801 2196 ἧ
3835 2140 3853 2196 ἑ

2358 2234 2458 2278 τῶν
2509 2226 2646 2283 ἠθῶν
2699 2224 2981 2284 ἀπαιτήσει
3054 2222 3335 2285 παίδευσις
3403 2232 3494 2277 τοῦ
3545 2224 3857 2279 ἐπισκέπτεσθαι

2357 2318 2475 2375 τοὺς
2528 2313 2720 2377 αὐτοὺς
2798 2317 3050 2388 Γραικοὺς
3124 2313 3393 2379 πολλάκις,
3460 2312 3687 2367 ἀποτίνειν
3728 2314 3856 2374 αὐτοὺς

2358 2402 2442 2457 ἐπί
2471 2409 2622 2455 τοῦτο
2650 2406 2768 2477 περὶ
2810 2402 2993 2463 αὐτοὺς
3039 2403 3161 2456 ἄνευ
3216 2407 3356 2465 τινὸς
3407 2400 3588 2477 βάρους
3630 2402 3787 2455 ἐκιίνων
3819 2405 3855 2453 τὸ

2355 2501 2451 2555 τῆς
2478 2491 2796 2563 ἐπισκέψεως
2833 2495 2990 2567 χρέος
3020 2488 3187 2555 ἰδίαις
3241 2489 3511 2553 δαπάναις.
3559 2491 3693 2545 Ὀταν
3737 2497 3854 2563 μέντοι

2354 2581 2530 2643 αὐτοῖς
2556 2583 2610 2633 αἱ
2662 2588 2763 2632 τῶν
2815 2579 2976 2653 ἁγίων
3033 2576 3306 2645 διατάξεις
3357 2585 3566 2635 κανόνων
3614 2589 3738 2634 τοῦτο
3781 2580 3854 2633 ἐτι-

2350 2674 2631 2744 τρέπωσιν,
2672 2669 2934 2743 ὀφείλουσι
2988 2665 3344 2745 διαχορηγεῖν
3373 2692 3386 2704 ·
3443 2670 3545 2724 ἐπεὶ
3591 2676 3667 2723 καὶ
3704 2669 3725 2722 ὁ
3763 2668 3852 2720 ἀπὸ·

2351 2759 2524 2821 στολος
2584 2759 2787 2822 Παῦλος
2850 2761 2908 2812 τὸ
2983 2762 3113 2836 πρὸς
3202 2756 3497 2833 ὑπόδειγμα
3552 2767 3634 2822 τῆς
3676 2760 3849 2832 uimine;

2346 2849 2715 2909 καταστάσεως
2763 2847 2921 2902 ἐνίοτε
2952 2846 3118 2920 ἐαυτῷ
3148 2853 3249 2908 τὴν
3316 2850 3455 2911 ζωὴν
3503 2856 3570 2920 τῷ
3598 2856 3681 2901 τῶν
3719 2854 3843 2917 χειρῶν

2345 2942 2489 3011 κόπῳ
2520 2939 2798 3009 ἐκτήσατο,
2830 2945 2921 2992 τοῦ
2952 2943 3023 3012 μὴ
3086 2943 3330 3013 φορτικὸς
3370 2938 3493 2993 εἶναι
3539 2946 3636 3002 τοῖς
3678 2939 3732 2999 οἷς
3768 2937 3844 2993 αὴ·

2342 3046 2496 3103 ρυττε
2562 3031 2621 3082 τὸ
2672 3025 3001 3100 Εὐαγγέλιον,
3083 3030 3271 3092 οἵτινες
3361 3036 3688 3088 κατοκνοῦντες
3728 3026 3849 3096 ἐπιχο-

580 3128 858 3197 sumptus
917 3122 1342 3181 detrectassent
1411 3139 1482 3182 eo
1539 3124 1672 3197 ipso
1709 3125 2122 3199 impediebant
2156 3146 2181 3187 ε

2277 3124 2523 3219 Οιρηγείν
2548 3125 2620 3188 τῷ
2669 3112 2981 3189 διδασκάλῳ
3021 3112 3285 3191 δαπάνην,
3346 3118 3477 3171 κατὰ
3528 3124 3656 3171 τοῦτο
3683 3123 3752 3169 τοῦ
3790 3121 3849 3174 τῆς

578 3211 1022 3286 praedicationis
1046 3213 1401 3285 mysterium
1430 3219 1887 3287 propagaretur.

653 3301 722 3358 Ut
750 3305 950 3358 autem
996 3300 1255 3358 breviter
1309 3301 1476 3375 quod
1507 3318 1752 3375 aequum
1799 3308 1854 3362 et
1878 3305 2112 3377 justum
2146 3312 2237 3366 est

575 3389 999 3463 prmcipiamus
1023 3406 1035 3445 :
1063 3389 1329 3447 habeant
1348 3390 1688 3449 Latinorum
1706 3391 1977 3451 Ecclesiae
1994 3394 2056 3452 in
2079 3412 2233 3469 pree-

577 3479 701 3535 fata
738 3476 935 3535 insula
960 3476 1226 3535 decimas
1271 3483 1328 3535 et
1383 3479 1629 3536 obtenta
1666 3480 1797 3552 jam
1862 3485 2235 3544 consuetudo

578 3567 857 3639 exigendi
890 3566 1189 3639 ejusmodi
1218 3567 1485 3624 decimas
1510 3583 1620 3642 per
1642 3569 1957 3642 pontifices
2015 3578 2071 3629 et
2123 3573 2234 3630 cle-

578 3656 737 3714 ricos
778 3656 1119 3713 Latinorum
1158 3656 1491 3717 executioni
1538 3657 1824 3732 deinceps
1887 3662 2229 3719 mandetur.

581 3744 869 3812 Quocirca
897 3761 1035 3801 cum
1064 3745 1125 3801 in
1153 3744 1271 3802 hac
1308 3750 1477 3818 parte
1517 3748 1875 3805 servandam
1918 3765 2050 3806 esse
2090 3767 2232 3808 con-

581 3832 961 3890 suetudinem
994 3849 1359 3903 asseramus,
1391 3850 1571 3890 nemo
1599 3850 1809 3891 eorum
1839 3836 2137 3892 existimet
2170 3852 2234 3892 se

578 3921 915 3979 immunem
951 3939 987 3979 a
1012 3922 1305 3980 solutione
1331 3922 1705 3980 decimarum
1746 3924 1881 3995 jure
1939 3925 2234 3982 canonico

581 4015 638 4070 et
670 4011 873 4069 divino
911 4010 1274 4069 debitarum.

655 4194 939 4262 Quamvis
960 4194 1164 4268 itaque
1183 4197 1239 4251 et
1260 4194 1598 4251 Graecorum
1612 4192 1934 4250 Ecclesiam
1947 4193 2113 4265 regni
2127 4196 2234 4266 Cy-

582 4282 673 4354 pri
705 4299 777 4338 cx
806 4282 921 4339 hac
959 4282 1380 4339 constitutione
1416 4298 1532 4338 non
1568 4281 1644 4337 sit
1673 4280 1956 4354 deinceps
1986 4282 2235 4354 quidem

581 4369 862 4426 habitura
885 4368 1323 4442 metropolitam
1350 4386 1473 4425 sua:
1500 4369 1709 4441 gentis,
1732 4369 2013 4426 volumus
2032 4374 2235 4425 tamen

584 4458 879 4528 ejusmodi
913 4460 1297 4528 Germanum,
1320 4462 1653 4516 Graecorum
1684 4459 2229 4531 archiepiscopum,

582 4546 789 4621 quoad
808 4546 1015 4603 vixerit
1034 4546 1277 4603 nomine
1296 4552 1353 4603 ct
1372 4548 1598 4603 honore
1624 4546 1931 4618 dignitatis
1949 4548 2235 4622 archiepi-

584 4635 839 4710 scopalis
870 4636 1005 4693 frui.
1067 4637 1257 4703 Quam
1290 4635 1369 4693 ob
1400 4651 1647 4692 causam
1681 4641 1740 4693 et
1766 4652 1905 4692 eum
1932 4652 2125 4709 usque
2156 4637 2233 4694 ad

581 4731 835 4783 mortem
869 4742 906 4782 a
934 4728 1224 4798 potestate
1253 4728 1309 4781 et
1336 4723 1558 4780 ditione
1599 4725 1894 4781 Leucosiae
1948 4725 2236 4799 archiepi-

582 4814 748 4889 scOpi
773 4814 1108 4872 immunem
1141 4828 1386 4887 prorsus
1407 4828 1539 4870 esse
1572 4815 1850 4869 volumus
1883 4818 1940 4869 et
1967 4813 2235 4871 decerni-

582 4921 743 4972 mus,
775 4921 847 4961 ac
884 4902 1271 4978 pmcipimus
1310 4907 1395 4971 ut,
1444 4902 1727 4959 defuncto
1777 4902 2077 4974 ejusmodi
2104 4906 2237 4960 Ger-

583 5008 791 5059 mano,
821 4993 1020 5050 nullus
1043 4992 1195 5050 alius
1221 4995 1460 5049 Graecus
1485 4990 1974 5065 archiepiscopus
2001 4991 2060 5047 in
2086 5007 2236 5064 prie-

583 5081 705 5139 fato
734 5084 1129 5140 constituatur
1166 5097 1371 5154 regno.
1400 5083 1637 5147 Verum,
1673 5095 1749 5135 ne
1787 5079 2087 5151 ejusmodi
2142 5095 2232 5137 ar-

654 5258 1077 5333 ens-ageam.
1108 5259 1347 5333 Nummi
1392 5274 1580 5329 genus
1631 5259 1809 5315 unius
1842 5259 2023 5333 aurei.
2059 5259 2234 5316 Inno-

584 5330 865 5398 centjlll,
898 5332 999 5388 lib.
1028 5350 1040 5385 ι
1074 5332 1243 5404 epist.
1275 5333 1354 5387 ad
1380 5347 1583 5402 regem
1616 5330 1985 5401 Portugalliae
2012 5347 2026 5386 :
2054 5333 2237 5388 Pater

585 5412 722 5461 tuus
737 5410 975 5461 centum
991 5403 1296 5472 byzantios
1310 5404 1627 5460 annuatim
1641 5404 1926 5460 Romana:
1948 5403 2237 5460 Ecclesia!

584 5477 887 5532 constituit
919 5476 1242 5547 censuales.
1269 5476 1493 5547 Horum
1519 5480 1718 5547 autem
1738 5473 2096 5547 pondusex
2150 5489 2238 5530 rc-

585 5548 911 5619 sponsione
937 5544 1208 5619 ejusdem
1238 5544 1393 5614 regis
1421 5545 1500 5601 ad
1554 5544 1902 5619 pontiﬁcem
1956 5544 2185 5601 elicitur
2218 5562 2231 5601 :

583 5616 908 5694 respondet
933 5616 1096 5677 enim
1125 5632 1187 5675 se
1210 5632 1327 5691 pro
1351 5631 1530 5676 censu
1549 5616 1805 5675 annuati
1829 5618 2023 5685 decem
2051 5631 2235 5677 anno—

2344 3211 2606 3282 χορηγίας
2638 3225 2790 3280 στερη
2801 3208 2931 3259 ϐῶσι
2953 3225 3164 3280 μυστηρ
3174 3212 3281 3265 ίου.

2413 3295 2499 3359 Ὠς
2549 3296 2599 3348 ἐν
2653 3294 2914 3369 κεφαλαίῳ
2963 3292 3023 3349 δε
3076 3299 3135 3349 τὸ
3168 3293 3363 3356 ἀνῆκον
3403 3293 3592 3350 δίκαιον
3618 3301 3693 3348 τοῦ
3733 3291 3850 3345 mirio

2345 3405 2416 3439 ειν
2477 3406 2489 3419 ·
2550 3388 2639 3447 τὰς
2676 3382 2943 3445 δεκατείας
2992 3384 3039 3438 ἐν
3091 3392 3152 3458 τῇ
3217 3386 3559 3460 προλεχθείσῖῖ
3610 3390 3727 3456 νήσῳ
3769 3381 3850 3453 ἐκέ·

2344 3492 2520 3527 τωσαν
2550 3477 2605 3527 αἱ
2652 3481 2750 3527 τῶν
2792 3479 3023 3528 Λατίνων
3077 3473 3377 3543 ἐκκλησίαι,
3417 3480 3501 3529 καὶ
3549 3477 3576 3533 ἡ
3619 3471 3847 3531 συνήθιιαὲ

2343 3567 2841 3640 παρακεκρατημένη
2912 3562 2984 3626 εἷς
3046 3568 3140 3621 τήν
3206 3572 3309 3617 τῶν
3363 3567 3592 3618 τοιούτων
3649 3558 3849 3615 damula

2343 3652 2502 3724 λῆψιν
2569 3652 2669 3706 ἀπὸ
2727 3660 2826 3705 τῶν
2880 3651 3165 3728 ἀρχιερέων
3221 3659 3313 3707 καὶ
3367 3662 3463 3707 τῶν
3524 3653 3738 3727 κληρικῶν
3785 3654 3849 3699 τῶν

2346 3747 2601 3810 Λατίνων,
2657 3743 2725 3804 εἰς
2798 3745 2854 3795 τὸ
2912 3741 2997 3807 ἐξῆ
3010 3764 3031 3805 ς
3095 3738 3513 3818 διαπραττομένη
3567 3740 3843 3815 φυλαττέσθω.

2346 3834 2442 3884 Διὰ
2509 3839 2662 3883 τοῦτο
2722 3834 2896 3905 μέντοι
2944 3836 3023 3884 ὅτι
3076 3830 3124 3883 ἐν
3181 3836 3351 3906 τούτῳ
3411 3841 3480 3904 τῷ
3532 3836 3657 3905 μέρει
3701 3827 3847 3898 λέγομεν

2347 3920 2625 3994 φυλακτέον
2713 3924 2769 3973 τὸ
2822 3922 2948 3992 ἐθος,
3008 3926 3079 3993 μή
3134 3941 3219 3984 τις
3276 3922 3443 3975 αὐτῶν
3502 3921 3717 3995 νομιζέτω
3764 3912 3848 3968 εἶναι

2346 4008 2729 4082 ὑπεξῃρημενον
2772 4017 2869 4071 τῆς
2922 4017 3023 4061 τῶν
3083 4005 3363 4064 δεκατειῶν
3410 4011 3587 4070 λύσεως
3630 4018 3712 4060 τῶν
3758 4003 3849 4074 ὀνει-

2345 4097 2566 4171 λομένων
2604 4107 2855 4169 κανονικῷ
2885 4103 2975 4151 καὶ
3015 4099 3132 4170 θείῳ
3163 4095 3377 4173 δικαίῳ,

2424 4193 2606 4241 Τοίνυν
2649 4187 2744 4240 κᾶν
2774 4192 2863 4239 καὶ
2901 4190 2931 4245 ἡ
2987 4196 3086 4240 τῶν
3119 4194 3352 4262 Γραικῶν
3383 4188 3645 4246 Ἐκκλησία
3691 4190 3761 4235 τοῦ
3789 4188 3848 4237 τίς

2350 4279 2563 4351 Κύπρου
2592 4278 2824 4352 ῥηγάτου
2853 4279 2991 4329 κατὰ
3024 4281 3217 4336 ταύτην
3276 4282 3369 4337 τὴν
3398 4277 3554 4342 τάξιν,
3605 4272 3771 4346 οὑχέξιι
3810 4264 3845 4318 δι

2348 4368 2419 4429 εἰς
2448 4370 2506 4419 τὸ
2560 4370 2692 4439 μετὰ
2719 4376 2881 4420 ταῦτα
2931 4357 3319 4443 μητρὶπολίτην
3370 4376 3458 4421 τοῦ
3505 4367 3648 4425 αὐτῆς
3694 4364 3845 4415 ἔθνουγ

2349 4454 2554 4527 θελομεν
2584 4460 2758 4528 μέντοι
2791 4460 2877 4508 τὸν
2907 4466 3139 4510 τοιοῦτον
3193 4460 3446 4532 Γερμανόν
3490 4459 3569 4508 τὸν
3612 4462 3694 4506 τῶν
3740 4455 3768 4501 Γ
3767 4465 3846 4520 ραι·

2345 4554 2447 4598 κῶν
2474 4546 2890 4622 ἀρχιεπίσκοπον
2920 4550 3100 4620 κέχρις
3121 4546 3181 4598 ἂν
3212 4547 3277 4620 ζῇ
3309 4555 3380 4618 τῷ
3409 4555 3499 4608 τῆς
3527 4544 3847 4620 ἀρχιιπισκοπιο

2345 4644 2442 4698 κῆς
2469 4636 2612 4699 ἁξίάς
2641 4635 2855 4709 ὀνόματι
2883 4641 2972 4688 καὶ
2997 4643 3120 4709 τιμῇ
3153 4646 3263 4711 χρῆ
3275 4639 3397 4689 σθαι
3429 4657 3441 4670 ·
3472 4636 3529 4688 οὗ
3544 4636 3682 4687 ἕνεκεν
3706 4630 3773 4681 καὶ
3792 4627 3845 4676 τάν

2347 4732 2581 4778 τοιοῦτον
2636 4729 2801 4799 μέχρι
2861 4724 3097 4787 τελευτῆς
3150 4724 3411 4799 κωλύομεν
3455 4727 3546 4777 ὑπὸ
3596 4730 3649 4793 τῇ
3697 4717 3845 4781 ἕξουσίὲ

2346 4821 2439 4866 τοῦ
2477 4822 2572 4875 τῆς
2631 4817 2921 4876 Λευκοσίας
2985 4812 3406 4887 ἀρχιεπισκοπον
3450 4809 3681 4870 παντελῶς
3722 4800 3843 4857 εἶναι’

2345 4907 2436 4956 καὶ
2491 4905 2740 4975 τάττομεν
2771 4904 2858 4971 ὡς,
2918 4902 3322 4965 τελευτησαντος
3371 4910 3461 4955 κοῦ
3513 4902 3717 4954 τοιούτου
3762 4898 3788 4944 Γ
3788 4908 3841 4961 ερ·

2346 4998 2533 5065 pavo-3,
2612 4998 2704 5045 τοῦ
2755 4996 2827 5064 μὴ
2886 4992 2983 5044 τιν’
3034 4993 3202 5069 ἓτερον
3258 4991 3651 5068 ἁρχιεπίσκοπον
3692 4982 3838 5059 Γραικὸν

2346 5082 2609 5154 ταχθῆναι
2642 5079 2690 5133 ἐν
2742 5089 2815 5152 τῷ
2876 5080 3211 5155 προλεχοέντι
3268 5083 3494 5157 ῥηγάτῳ.
3525 5078 3650 5135 Πλὴν
3690 5080 3758 5126 τοῦ
3793 5074 3835 5139 ξιξ

2346 5262 2634 5343 rmnjam
2656 5260 2880 5318 misisse
2892 5260 3326 5343 mitteanreos.
3360 5261 3554 5343 Itaque
3572 5247 3758 5343 siege!
3771 5245 3837 5343 ξ

2346 5319 2524 5409 zantii
2540 5347 2728 5388 unum
2750 5329 3102 5409 pendebant
3123 5348 3393 5409 aureum.
3412 5319 3622 5409 Clarius
3636 5319 3836 5409 ἱᾷοιὲβξ

2346 5407 2493 5479 gest.
2522 5419 2616 5479 _xv,
2649 5396 2905 5479 θρίξ-79]
2938 5403 3017 5459 ad
3048 5403 3443 5479 patriai-chain
3470 5396 3835 5479 Antioche???

2342 5467 2531 5544 fratri
2550 5467 2654 5547 tuo
2686 5467 2855 5531 inille
2874 5467 3180 5547 byzaiitios
3210 5475 3450 5544 dedisse,
3469 5472 3547 5532 ad
3562 5467 3704 5527 mitte
3715 5469 3834 5521 ουνε-

2345 5561 2515 5604 orum
2554 5545 2908 5605 volentiam.
