4054 6212
198 283 337 346 I553

1494 239 1950 354 commune
1985 289 2255 353 evrum.

3418 287 3553 354 1884

196 416 286 467 τόν
328 417 562 467 τοιοῦτον
606 411 1027 489 ἀρχιεπίσκοπον
1102 419 1358 495 Γερμανόν
1427 422 1794 498 περιφερεσθαι

1925 419 2329 494 :hiepiscopus
2359 421 2690 478 Germanus
2709 413 3098 494 palabundus
3123 415 3362 477 oberret
3388 419 3554 477 nullo

196 505 271 575 μὴ
319 502 642 575 ίγνωσμίνου
686 511 780 557 τοῦ
833 506 1015 580 θρόνου
1075 507 1256 578 αὐτού,
1302 512 1388 563 τόν
1442 509 1796 584 προλεχθίντα

197 590 484 646 ίπίσκοπον
531 599 623 653 τῆς
669 601 770 646 τῶν
823 600 1055 669 Γραικῶν
1110 595 1371 674 καθίδρας
1420 608 1518 662 τῆς
1602 598 1651 653 ἕν
1731 607 1795 673 τῇ

197 679 394 754 Σωλείᾳ
419 689 518 744 τῆς
557 687 852 746 Λευκοσίας
903 684 1104 761 ὶνόρίας
1150 686 1254 742 ἀπὸ
1305 696 1398 743 τοῦ
1452 685 1654 763 δεσμοῦ
1704 695 1798 742 τοῦ

197 775 584 846 κεκρατημένον
631 780 694 845 τῇ
763 773 1054 850 Ἐκκλησία
1112 776 1294 850 αὐτοῦ,
1367 777 1551 852 λύομεν
1621 777 1794 844 αὐτόν,

198 862 335 934 πρὸς
357 863 445 912 τόν
479 858 816 915 ἐπισκοπικόν
867 865 1047 940 θρόνον
1095 873 1188 920 τοῦ
1239 867 1501 943 ’Δρσινοϋ,
1560 870 1648 920 τὸν
1701 874 1798 929 τῆς

205 949 389 1022 Πάγου
433 947 633 1025 ἇνορίας
706 951 1059 1026 σχολάζοντα,
1140 964 1204 1030 τῇ
1279 965 1375 1020 τῆς
1446 955 1799 1019 ἂποστολικῆς

201 1036 448 1102 ἔξουσίας
511 1035 668 1114 ἀδείᾳ
728 1045 820 1095 καὶ
904 1052 967 1117 τῇ
1053 1043 1218 1119 βουλῇ
1301 1055 1402 1100 τῶν
1473 1045 1800 1122 προρρηθέν-

196 1145 302 1179 των
360 1123 614 1200 ἀδελφῶνο
672 1133 762 1184 καὶ
813 1137 1161 1209 μεταφέρομεν
1233 1140 1324 1189 καὶ
1386 1131 1606 1210 δίδομεν
1659 1135 1801 1208 αύτῷ

199 1211 384 1270 ἄδειαν
412 1223 506 1270 τοῦ
535 1213 852 1294 διέρχεσθαι
905 1220 1181 1298 ὶλουθίρως
1239 1224 1306 1286 εἰς
1355 1227 1444 1279 τόν
1498 1225 1655 1279 αὐτόν
1680 1226 1802 1300 θρό-

201 1323 307 1360 νον.
356 1311 441 1377 Τῷ
510 1306 856 1384 προρῥηθέντι
926 1307 986 1366 δε
1059 1317 1302 1388 Γερμανῷ
1395 1312 1800 1388 ἀρχιεπισκόπῳ

204 1395 298 1455 τὰς
329 1394 602 1469 ῥηθείσας,
643 1401 732 1451 τόν
785 1400 961 1470 θρόνον
1017 1407 1106 1456 καὶ
1145 1421 1241 1462 την
1287 1411 1380 1465 τῆς
1430 1403 1651 1468 Σωλείας
1683 1402 1820 1459 Ἐκ-’

207 1483 430 1543 κλησίαν
460 1485 509 1539 ἂν
532 1497 902 1562 πνευματικοῖς
947 1495 1038 1545 καὶ
1089 1490 1138 1545 ἄν
1193 1501 1451 1570 καιρικοίς
1506 1497 1644 1548 κατά
1709 1498 1804 1553 τὴν

208 1576 403 1628 τούτων
455 1574 654 1650 βουλὴν
716 1583 806 1633 καὶ
886 1578 1126 1645 ίξουσίαν
1208 1585 1618 1658 παρατιθέμεθα,
1684 1573 1807 1659 παρ⁶

211 1663 374 1718 αὐτοῦ
413 1667 853 1742 κρατηθησόμενα
899 1670 1024 1744 οὔτῇ
1071 1679 1137 1744 τῇ
1195 1680 1320 1746 τιμῇ
1396 1672 1496 1740 ἀεὶ,
1554 1679 1644 1727 καὶ
1734 1679 1806 1744 τῷ

1907 525 2020 567 suo
2058 514 2338 584 acceptus
2374 509 2614 577 throno,
2653 508 2972 582 praefatum
3004 508 3357 582 episcopum
3395 509 3555 566 sedis

1907 601 2248 658 Graecorum
2278 598 2470 669 Salia,
2502 599 2776 656 direcesis
2808 600 3123 667 Leucosiae,
3177 615 3215 656 a
3263 615 3375 656 suo
3432 615 3556 673 quo

1905 693 2138 748 tenetur
2166 688 2437 747 Ecclesia)
2474 688 2711 746 vinculo
2740 687 3029 746 solvimus
3049 692 3107 745 et
3128 687 3208 746 ad
3247 689 3558 762 episcopa-

1905 778 2025 837 lem
2062 779 2267 837 sedem
2292 779 2596 852 Arsinoes,
2624 779 2901 837 dioecesis
2951 779 3158 853 Paphi.
3211 783 3555 848 vacantem,

1905 869 2246 943 apostolica
2283 868 2592 942 potestatis
2648 868 2996 926 auctoritate
3048 884 3119 926 ac
3169 867 3558 942 praefatorum

1905 957 2158 1017 fratrum
2196 962 2538 1016 nostrorum
2591 957 2858 1026 consilio,
2889 957 3328 1028 transierimus,
3386 957 3560 1030 eique

1906 1051 2262 1122 potestatem
2287 1047 2544 1106 facimus
2570 1047 2754 1105 libere
2782 1047 3205 1121 progrediendi
3255 1047 3336 1106 ad
3387 1062 3559 1103 suam

1908 1152 2044 1196 eam
2075 1136 2301 1194 sedem.
2336 1137 2586 1195 Prrefato
2612 1151 2758 1195 vero
2787 1138 3083 1194 Germano
3110 1135 3562 1210 archiepiscopo

1907 1225 2261 1301 praedictam
2291 1226 2464 1284 Solita
2503 1225 2710 1284 sedem
2753 1229 2810 1284 et
2846 1225 3170 1283 Ecolesiam
3199 1227 3261 1284 in
3290 1224 3564 1299 spiritua-

1909 1316 2067 1374 libus
2090 1320 2149 1374 et
2170 1315 2627 1392 temporalibus,
2654 1331 2729 1373 ex
2754 1316 3106 1374 eorumdem
3163 1315 3413 1374 consilio
3467 1329 3565 1372 ea-

1911 1407 2172 1480 demque
2199 1411 2490 1480 potestate
2514 1406 2857 1474 deferimus,
2882 1406 2964 1464 ab
2991 1407 3124 1480 ipso
3163 1421 3402 1479 semper
3423 1419 3563 1462 cum

1913 1495 2412 1554 suoretinendam
2423 1496 2652 1554 honore
2661 1495 3248 1569 etarchiepiscopalis
3257 1493 3563 1566 dignitatis

1913 1585 2159 1644 nomine
2187 1589 2246 1644 et
2270 1585 2600 1660 episcopali
2621 1585 2970 1643 auctoritate
2995 1584 3365 1655 regendam;
3392 1584 3474 1642 ita
3502 1587 3569 1639 ut

1914 1675 1978 1733 in
2003 1690 2115 1732 sua
2133 1675 2208 1732 sit
2235 1679 2526 1749 potestate
2555 1679 2613 1733 et
2637 1675 2946 1733 voluntate
2973 1690 3085 1748 pro
3116 1689 3228 1731 suo
3255 1672 3426 1731 libitu
3473 1673 3568 1730 in-

212 1759 308 1816 τῆς
360 1752 838 1828 ἅρχιεπισκοπικῆς
911 1758 1059 1824 ἀξίας
1147 1760 1363 1835 ὀνόματι
1453 1761 1806 1826 ἕπισκοπικῶς

1925 1764 2114 1823 colere
2136 1763 2229 1823 vel
2255 1763 2480 1822 dictam
2519 1763 2692 1823 Solis:
2739 1763 2949 1820 sedem
3003 1762 3100 1820 vel
3139 1762 3356 1834 degere
3402 1762 3569 1835 apud

212 1848 605 1917 ποιμαινόμενα·
657 1847 806 1911 οὗτος
840 1851 1025 1922 μέντοι
1067 1857 1159 1904 τοῦ
1228 1848 1357 1905 εἶναι
1439 1851 1593 1906 αὐτόν
1665 1850 1807 1906 ﬂai—

218 1932 418 2006 θερονὴ
449 1933 500 1987 ἂν
527 1942 600 2006 τῷ
648 1937 856 2010 ῥηθέντι
913 1941 1076 2012 θρόνῳ
1123 1949 1220 2003 τῆς
1279 1940 1520 2008 Σωλείας,
1569 1943 1599 2002 ἦ
1666 1943 1814 2016 παρὰ

213 2027 278 2093 τῇ
324 2019 578 2096 ἔκκλησίᾳ
613 2032 714 2076 τῶν
765 2031 996 2101 Γραικῶν
1057 2035 1151 2082 τοῦ
1195 2028 1371 2102 Ἁγίου
1421 2028 1662 2104 Βαρνάϐα
1717 2038 1810 2092 τῆς

216 2115 528 2180 Λευκοσίας,
580 2113 644 2172 ἣν
699 2115 773 2178 εἰς
821 2119 908 2170 τόν
955 2116 1237 2172 ἐπίσκοπον
1283 2127 1375 2174 τοῦ
1453 2120 1616 2174 αὐτοῦ
1689 2121 1812 2195 θρό-

217 2219 306 2254 νου
380 2209 436 2253 εκ
516 2209 609 2264 τῆς
687 2208 938 2269 τοιαύτης
1017 2207 1312 2283 εὐεργεσίας
1391 2217 1487 2272 τῆς
1559 2211 1813 2285 ἡμετέρας

220 2285 499 2354 διατάξεως
533 2293 781 2351 καθήκειν
842 2294 912 2358 εἰς
962 2299 1022 2350 τό
1079 2293 1315 2363 διηνεκὶς
1375 2297 1670 2373 βουλόμεθα
1721 2303 1813 2352 καὶ

217 2381 354 2433 κατὰ
400 2384 496 2439 τήν
551 2381 713 2436 αὐτοῦ
772 2383 978 2444 θέλησιν
1027 2396 1311 2445 κατοικεῖν.
1361 2388 1534 2443 Αὐτοῦ
1587 2384 1648 2442 δὲ
1718 2393 1813 2440 τοῦ

219 2467 642 2543 ἀρχιεπισκόπου
697 2473 957 2542 θανόντος,
1013 2477 1064 2529 ἂν
1107 2485 1178 2549 τῷ
1235 2485 1327 2540 τῆς
1377 2477 1593 2540 Σωλείας
1651 2479 1814 2552 θρόνῳ

219 2556 398 2620 ὁσάκις
423 2559 555 2634 αὐτῇ
586 2565 858 2637 χηρεύση,
901 2564 1097 2629 ἁπλοῦς
1145 2571 1300 2640 μόνον
1353 2573 1448 2620 τοῦ
1500 2574 1597 2628 τῶς
1656 2572 1815 2640 Γραι-

220 2655 322 2700 κῶν
377 2647 550 2712 ίθνους
601 2648 886 2714 ίπίσκοπος
943 2657 1367 2727 χειροτονείσθω,
1444 2657 1501 2718 ὃς
1576 2663 1650 2727 τῷ
1726 2662 1816 2716 τῆς

1920 1856 2260 1912 Graecorum
2289 1854 2603 1911 ecclesiam
2628 1853 2686 1910 S.
2709 1851 3002 1910 Barnabas
3028 1854 3327 1920 Leucosae,
3379 1866 3569 1924 quam

1919 1943 2000 2003 ad
2023 1941 2379 2016 episcopum
2415 1943 2600 2014 hujus
2649 1941 2810 1999 sedis
2861 1956 2936 1998 ex
2990 1939 3306 2014 praesentis
3339 1945 3565 1997 nostrae

1917 2031 2100 2104 hujus
2124 2030 2569 2092 Constitutionis
2611 2029 2907 2088 beneﬁcio
2960 2033 3250 2104 perpetuo
3299 2032 3570 2102 spectare

1918 2119 2224 2179 volumus.
2259 2123 2338 2177 Ι-ὶο
2366 2124 2568 2177 autem
2604 2119 3060 2192 archiepiscopo
3098 2117 3398 2179 defuncto.
3441 2115 3572 2173 sine

1919 2209 2046 2267 ulla
2073 2209 2478 2267 controversia
2505 2208 2678 2268 Solius
2731 2207 2938 2266 sedem
2990 2206 3224 2281 quoties
3282 2223 3394 2261 suo
3448 2205 3574 2261 fue-

1920 2299 1997 2356 rit
2022 2298 2237 2356 orbata
2263 2301 2524 2375 pastore,
2556 2313 2630 2354 ex
2675 2299 3018 2355 amcorum
3062 2296 3356 2354 duntaxat
3401 2298 3576 2365 gente

1921 2387 2245 2462 episcopus
2289 2386 2562 2458 eligatur,
2585 2386 2690 2460 qui
2717 2385 3014 2443 Leucosirn
3038 2385 3345 2458 episcopo,
3365 2382 3579 2440 eodem

1921 2475 2108 2535 modo
2135 2492 2259 2550 quo
2284 2481 2341 2534 et
2361 2477 2462 2534 alii
2484 2475 2752 2550 episcopi
2781 2474 2966 2532 δι’ωοὶ
3019 2473 3238 2531 Latinis
3305 2475 3583 2530 tenentur

1923 2563 2171 2622 subesse
2183 2565 2503 2638 episcopis,
2515 2579 2589 2622 ex
2597 2563 2907 2638 praesentis
2919 2565 3124 2620 tenore
3136 2559 3583 2620 Constitutionis

1923 2655 2104 2713 etiam
2137 2654 2264 2730 ipse
2302 2654 2511 2713 subsit.

222 2743 513 2802 Λευκοσίας
557 2738 824 2814 ἰπισκόπῳ
863 2751 936 2814 τῷ
983 2745 1122 2818 αὐτῷ
1182 2750 1359 2820 τρόπω
1411 2745 1452 2819 ᾧ
1492 2750 1584 2798 καὶ
1641 2745 1689 2798 oi
1731 2743 1877 2797 ἄλλοι
1915 2748 2130 2820 Γραικοὶ
2205 2743 2482 2798 ἐπίσκοποι
2559 2742 2850 2817 όφεῦιουσιν
2917 2742 3228 2796 ὑποκεῖσθαι
3294 2747 3402 2804 τοῖς
3479 2745 3584 2794 Λα-

219 2831 381 2892 τίνοις
428 2827 749 2900 ἐπισκόποις,
791 2834 926 2887 κατὰ
962 2838 1052 2892 τὴν
1093 2839 1339 2908 πρόνοιαν
1385 2844 1477 2900 τῆς
1519 2836 1797 2909 παρούσης
1846 2828 2134 2899 διατάξεως
2183 2833 2576 2892 ύποταττέσθω,

290 2921 390 2972 Τὸν
449 2918 606 2974 αὐτόν
691 2941 864 2996 μεντοι
941 2928 1222 3000 Γερμανὸν,
1292 2929 1378 2978 τὸν
1434 2935 1535 2979 τῶν
1588 2932 1821 2999 Γραικῶν

223 3008 524 3077 ίπίσκοπον,
583 3011 658 3073 οἱς
723 3012 1390 3092 μοναστήρια,ἐκκλησίας,
1466 3013 1656 3088 κλῆρον
1732 3020 1822 3068 καὶ⁵

2004 2928 2204 2996 ipsum
2236 2939 2416 2997 porro
2477 2925 2840 2980 Germanum
2863 2923 3203 2977 Graecorum
3233 2918 3585 2992 episcopum

1931 3013 2011 3070 ad
2041 3011 2424 3082 monasteria,
2455 3010 2758 3082 ecclesias,
2782 3007 3008 3068 clerum
3031 3011 3086 3063 et
3108 3006 3403 3080 populum
3432 3007 3586 3062 Grae-

223 3094 346 3149 λαόν
395 3105 494 3150 τῶν
551 3097 784 3176 Γραικῶν
849 3109 942 3164 τῆς
1003 3102 1200 3166 πόλεως
1230 3108 1520 3165 Λευκοσίας
1565 3109 1656 3158 καὶ
1720 3102 1813 3157 ἕνο-

1931 3117 2142 3159 corum
2183 3099 2481 3158 Leucosiae
2520 3096 2770 3154 civitatis
2825 3100 2882 3153 et
2923 3095 3200 3152 dioecesis
3246 3093 3580 3164 regendum

223 3191 344 3261 ρίας
398 3185 696 3262 βουλόμεθα
774 3189 914 3264 ἒχειν
980 3191 1174 3253 ἐκείνην
1248 3199 1342 3253 τήν
1411 3192 1650 3257 ἐξουσίαν
1729 3197 1822 3252 τήν

224 3283 594 3348 προγεγονυῖαν
644 3287 718 3350 τῷ
775 3279 1228 3356 ἐμπεπιστευμένῳ
1285 3285 1448 3359 θρόνῳ
1527 3282 1706 3350 αὐτοῦ,
1762 3284 1823 3342 ἣν

226 3366 278 3416 οἱ
319 3364 464 3418 ἄλλοι
511 3375 610 3420 τῶν
669 3373 902 3442 Γραικῶν
956 3370 1233 3425 ἐπίσκοποι
1275 3379 1368 3426 τοῦ
1436 3379 1533 3436 τῆς
1609 3375 1823 3448 Κύπρου

226 3453 462 3532 ῥηγάτου
493 3455 547 3508 ἐκ
576 3465 668 3518 τῆς
707 3461 962 3522 τοιαύπῆς
1013 3462 1332 3535 προμηθείας
1373 3461 1445 3525 εἰς
1499 3466 1623 3524 τοὺς
1665 3467 1823 3536 Γραι-

230 3545 354 3604 κοὺς
389 3545 713 3610 τούςίαύτοίς
737 3548 1179 3624 ὑποτεταγμένους
1205 3551 1628 3626 ἑπιπράττουσιν.

300 3633 402 3688 Τοῦ
431 3632 613 3687 λοιποῦ
633 3635 774 3708 αὐτῷ
825 3645 898 3708 τῷ
951 3647 1051 3691 τῶν
1113 3644 1345 3712 Γραικῶν
1416 3639 1822 3716 ἀρχιεπισκόπῳ

229 3720 407 3793 ζῶντι,
433 3722 461 3781 ἢ
492 3728 588 3782 τὴν
629 3728 725 3786 τὴς
764 3723 1248 3801 ἀρχιεπισκοπικῆς
1301 3727 1452 3793 ἀξίας
1493 3729 1822 3804 λειτουργίαν

223 3816 670 3888 παρακατίχοντι,
702 3815 860 3868 αὑτοῦ
887 3813 954 3876 δὴ
1001 3825 1093 3870 τοῦ
1142 3817 1569 3893 ἀρχιεπισκόπου
1599 3824 1689 3872 καὶ
1715 3827 1814 3872 τῶν

223 3898 518 3954 ἐπισκόπων
547 3910 647 3954 τῶν
694 3908 927 3956 Λατίνων
971 3903 1051 3958 ἐπὶ
1107 3912 1214 3966 τοῖς
1269 3911 1510 3980 Γραικόῖς
1553 3912 1671 3981 περὶ
1725 3911 1819 3966 τὴν

220 3987 462 4052 ἕξακολού
470 3991 531 4049 θη
541 4010 622 4043 σιν
746 4001 846 4045 τῶν
967 3992 1029 4068 ἀρ
1034 4014 1076 4066 χ
1084 4003 1453 4048 ιεπισκοπικῶν
1606 3997 1718 4060 ἕξου
1727 4002 1821 4050 σία

214 4085 310 4132 τού
366 4078 618 4134 ἀνακινεῖν
676 4085 762 4140 τὴν
817 4091 914 4146 τῆς
973 4079 1233 4148 διενέξεως
1307 4084 1432 4144 ὕλην
1497 4085 1814 4159 ἀφελκίσθω.

295 4171 555 4242 Τάττομεν
625 4176 794 4225 τοίνυν
872 4177 962 4224 καὶ
1027 4174 1341 4247 θεσπίζομεν
1411 4183 1594 4229 τοῦτον
1663 4175 1818 4228 αὐτόν

220 4259 639 4336 ἀρχιεπίσκοπον
686 4268 786 4313 τῶν
851 4267 1083 4337 Γραικῶν
1131 4267 1409 4340 Γερμανόν,
1466 4265 1556 4326 ἕως
1612 4263 1673 4317 ἂν
1725 4263 1816 4338 ζῇ,

222 4349 280 4402 ἐκ
337 4356 428 4410 τῆς
477 4351 840 4411 καταστάσεως
909 4359 1004 4414 τῆς
1068 4355 1311 4414 τοιαύτης
1385 4349 1647 4426 διαταγῆς
1699 4352 1817 4408 ἄνευ

1933 3205 2380 3264 promovemus,
2410 3203 2483 3244 ea
2507 3189 2797 3260 potestate
2817 3184 3136 3258 praeditum
3158 3184 3216 3240 in
3239 3182 3584 3240 concredita

1933 3279 2046 3336 sibi
2068 3277 2232 3348 sede,
2263 3293 2450 3349 quam
2463 3275 2912 3334 alliGraecorum
2927 3273 3194 3346 episcopi
3228 3272 3586 3344 regniCypri

1931 3384 2005 3426 ex
2035 3367 2335 3439 ejusmodi
2407 3365 2749 3440 provisione
2793 3365 2856 3422 in
2907 3364 3142 3420 Graecos
3207 3361 3323 3419 sub
3375 3376 3584 3420 eorum

1931 3457 2154 3516 ditione
2182 3456 2537 3513 constitutos
2560 3453 2851 3512 obtinent.

2003 3638 2084 3694 Eo
2148 3635 2394 3694 tandem
2459 3634 2803 3691 Graecorum
2840 3630 3296 3706 archiepiscopo
3327 3631 3585 3698 vivente,

1930 3728 2053 3786 sive
2091 3724 2616 3800 archiepiscopalis
2653 3723 2958 3795 dignitatis
2996 3737 3245 3780 munere
3280 3721 3584 3792 fungente,

1929 3817 2044 3890 ipsi
2072 3815 2318 3891 quidem
2330 3815 2781 3888 archiepiscopo
2793 3817 2850 3870 et
2877 3811 3180 3886 episcopis
3218 3811 3584 3877 Latinorum,

1929 3912 1994 3964 ut
2027 3905 2296 3964 exciendi
2309 3905 2560 3963 materia
2571 3903 2804 3961 dissidii
2816 3902 3081 3972 tollatur,
3095 3902 3169 3957 de
3188 3899 3581 3972 archiepisco~

1929 3991 2866 4072 palibusconsequendisjuribus
2900 4007 3086 4066 supra
3115 3992 3346 4046 Graecos
3380 3987 3582 4046 ablata

1929 4088 2002 4144 sit
2031 4091 2318 4160 potestas.

1997 4174 2380 4248 Praecipimus
2400 4173 2579 4243 igitur
2615 4175 2672 4228 et
2701 4169 3066 4227 mandamus
3091 4173 3157 4225 ut
3194 4167 3322 4241 ipse
3353 4169 3582 4223 Graaco-

1926 4281 2063 4324 rum
2129 4262 2617 4336 archiepiscopus
2689 4262 3046 4325 Germanus,
3084 4256 3291 4332 quoad
3353 4256 3579 4326 vixerit,

1927 4370 1998 4412 ex
2023 4353 2204 4423 hujus
2233 4351 2628 4424 dispositione
2657 4345 3123 4416 Constitutionis,
3171 4345 3298 4401 sine
3350 4344 3582 4401 Latino-

225 4437 519 4512 ἀντιλογίας
561 4447 660 4491 τῶν
708 4445 940 4493 Λατίνων
989 4439 1273 4517 ἀρχιερέων
1341 4441 1632 4516 ἐλευθέρως,
1698 4442 1813 4496 ὃταν

1927 4459 2063 4500 rum
2129 4439 2535 4498 controversia.
2597 4437 3041 4511 episcoporum,
3102 4433 3582 4507 quotiescunque

223 4529 398 4602 μέντοι
449 4536 727 4591 κανονικῶς
802 4533 923 4591 τούς
987 4535 1240 4606 Γραικοὺς
1311 4536 1431 4593 τούς
1487 4531 1822 4604 ἐκλεχθίντας

223 4623 290 4689 τῇ
345 4619 536 4691 Κύπρῳ
581 4617 798 4682 καθεξῆς
839 4623 1263 4692 χειροτονητίους
1340 4620 1410 4681 εἰς
1479 4619 1819 4691 ἐπισκόπους,

223 4709 318 4759 καὶ
363 4703 462 4758 ἀπὸ
508 4713 609 4759 τῶν
667 4711 900 4760 Λατίνων
967 4707 1272 4784 ἀρχιερέων,
1319 4709 1386 4770 εἰς
1437 4707 1504 4762 ὧν
1542 4716 1822 4786 παροικίας

226 4793 389 4859 εἰσίν,
485 4794 1048 4871 ἱπισφραγιζομένους,
1141 4793 1294 4870 ἀδείᾳ
1362 4799 1817 4874 μητροπολιτικῇ,

222 4886 352 4958 πρὸς
402 4887 492 4945 τὰς
555 4885 693 4958 ἱερὰς
761 4884 931 4949 τάξεις
1003 4885 1500 4962 προϐιϐαζομίνους,
1573 4908 1818 4964 χειροτο-

221 4976 384 5025 νείτωο
442 4976 563 5035 τοὺς
615 4969 676 5026 6“:
722 4973 903 5036 ἄλλους
965 4981 1057 5027 τοῦ
1117 4975 1277 5028 αὑτοῦ
1349 4976 1582 5051 ῥηγοίτοῦ
1666 4984 1820 5052 Γραι-

221 5064 348 5124 κοὺς
405 5061 718 5124 ἕπισκόπους
767 5063 1088 5136 συγκαλείτω
1131 5068 1258 5138 πρὸς
1323 5069 1382 5118 r6
1434 5074 1525 5126 τῆς
1577 5069 1818 5128 τοιαύτης

221 5156 549 5225 χειροτονίας
625 5158 909 5228 μυστήριον
977 5152 1154 5207 τελείνο
1248 5159 1337 5207 καὶ
1409 5161 1527 5229 περὶ
1627 5159 1820 5219 πάντας

223 5244 342 5302 τούς
381 5245 635 5316 Γραικοὺς
674 5251 766 5296 τοῦ
824 5242 984 5297 αὐτοῦ
1047 5244 1282 5317 ῥηγοὶτοῦ
1347 5245 1409 5316 τῇ
1488 5243 1616 5318 αὐτῇ
1666 5241 1822 5319 ἀδείᾳ

225 5327 524 5404 ἀπονεμίτω
569 5336 664 5390 τήν
742 5340 839 5394 τῆς
917 5331 1230 5403 ἐπισκέψεως
1305 5330 1632 5408 λειτουργίαν
1699 5336 1820 5388 ὅταν

227 5418 288 5473 ἐκ
313 5426 404 5473 τοῦ
453 5417 666 5474 δικαίου
715 5421 1066 5494 ἑπινεμηθείη·
1133 5425 1224 5474 καὶ
1281 5421 1332 5475 ἐν
1391 5428 1507 5484 ταῖς
1552 5425 1823 5487 τοιαύταις

229 5507 560 5578 επίσκοπαῖς,
639 5510 670 5569 ἡ
767 5509 815 5562 ἓν
903 5509 1076 5571 αὐτοῖς
1164 5512 1418 5569 ἀνήκουσι
1493 5512 1629 5584 λόγῳ
1715 5511 1823 5564 im-

233 5604 455 5670 σκοπῆς)
499 5599 562 5660 ἦν
614 5597 1055 5673 μητροπολιτικὴν
1093 5601 1143 5653 οἱ
1212 5600 1340 5654 θεῖοι
1387 5603 1592 5664 κανόνες
1649 5611 1818 5678 παρα·

1929 4532 2114 4591 Οτωοὶ
2138 4532 2198 4588 in
2231 4533 2426 4604 Cypro
2456 4528 2744 4586 canonice
2769 4525 2986 4584 fuerint
3024 4524 3237 4594 eﬂ‘ecti,
3267 4529 3330 4580 ut
3371 4528 3581 4596 postea

1928 4621 2279 4680 ordinentur
2299 4619 2585 4694 episcopi,
2629 4623 2689 4676 et
2736 4634 2774 4674 a
2831 4617 3050 4674 Latinis
3099 4613 3486 4689 pontiﬁcibus
3516 4611 3577 4666 in

1928 4727 2188 4785 quorum
2215 4713 2353 4766 sunt
2403 4707 2765 4765 dioecesibus
2813 4704 3172 4776 consignati,
3229 4699 3578 4757 auctoritate

1929 4799 2362 4874 metropolitica
2391 4798 2472 4856 ad
2491 4814 2694 4856 sacros
2719 4796 2961 4854 ordines
3013 4788 3430 4865 promovendi,
3472 4803 3576 4844 eos

1927 4889 2110 4947 libere
2137 4893 2441 4946 consecret
2472 4907 2484 4957 ;
2519 4887 2668 4945 alios
2696 4901 2839 4942 vero
2886 4881 3156 4954 ejusdem
3197 4877 3366 4948 regni
3411 4878 3576 4932 Gras-

1927 4995 2138 5036 corum
2167 4980 2482 5053 episcopos
2505 4977 2583 5033 ad
2612 4972 2909 5046 ejusmodi
2960 4965 3353 5025 ordinationis
3383 4981 3578 5022 sacra-

1928 5072 2199 5124 mentum
2224 5064 2655 5139 perﬁciendum
2670 5061 2744 5118 ad
2756 5065 2940 5127 vocet,
2964 5057 3092 5114 etin
3111 5056 3349 5112 Graecos
3364 5069 3578 5110 omnes

1928 5157 2199 5229 ejusdem
2215 5152 2606 5225 regnieadem
2621 5148 2968 5207 auctoritate
2984 5144 3339 5202 visitationis
3353 5159 3580 5200 munus

1929 5248 2201 5303 exerceat
2231 5242 2465 5316 quoties
2489 5241 2564 5297 de
2584 5241 2718 5312 jure
2746 5235 3146 5294 exercendum
3202 5233 3351 5305 erit;
3410 5237 3468 5288 et
3517 5233 3580 5288 in

1928 5335 2072 5392 istos
2095 5332 2477 5405 episcopatus
2499 5329 2595 5386 vel
2621 5328 2683 5386 in
2711 5342 2816 5384 eos
2837 5325 2944 5399 qui
2955 5323 3183 5382 ratione
3194 5321 3578 5397 episcopatus

1930 5425 1991 5482 in
2016 5424 2148 5495 ejus
2178 5426 2317 5480 sunt
2353 5419 2600 5489 ditione,
2638 5431 2827 5492 quam
2863 5411 3362 5487 metropoliticam
3393 5406 3582 5466 divini

1931 5505 2812 5582 traduntcanones,plenariam
2821 5520 2958 5563 eam
2968 5501 3191 5560 habeat
3207 5501 3580 5573 potestatem,

1926 5615 2154 5676 eosque
2173 5601 2237 5658 in
2265 5599 2384 5658 vita
2420 5597 2611 5672 ipsius
2630 5591 3030 5668 arhiepiscopi
3048 5591 3216 5662 regat
3243 5602 3256 5645 ι
3282 5584 3583 5660 siquidem
