4054 6212
221 301 357 355 1565

1242 293 1419 352 sum
1464 293 1802 365 IVSBULLA
1837 291 1932 346 AD
1974 288 2173 349 cvpm
2208 295 2608 356 EPISCOPOS.

2722 0 2777 5 4...,
2796 2 2905 5 ἠινν
2926 0 3377 9 ῌ--τ-μ--η-ν-
3390 0 4021 11 η-ι--μ--υ--ῇ-’μ-μ-ι--ικ
4041 2 4043 13 ς

3484 304 3511 362 1
3522 309 3624 365 566

211 421 308 479 vel
323 421 383 477 in
420 419 687 495 futurum
706 418 817 475 erit
840 416 901 474 in
921 415 1156 475 civitate
1185 422 1242 475 et
1296 418 1520 477 diocesi
1576 421 1872 477 Nicosien-
1902 418 1950 472 Α
1978 416 2040 473 in
2070 420 2244 492 cujus
2267 423 2488 481 diosesi
2510 426 2704 496 fuerit,
2737 425 2831 480 vel
2866 440 2974 498 per
3014 426 3285 496 ejusdem
3331 428 3622 487 vicarium

218 511 415 581 sibus,
446 513 551 565 aut
573 508 635 564 in
662 508 778 564 aha
803 508 1005 581 aliqua
1034 508 1270 566 civitate
1293 526 1401 566 seu
1439 510 1663 567 diocesi
1700 508 1870 579 regni

214 601 393 673 Cipri,
421 599 534 655 sub
564 614 710 654 cura
739 598 991 654 aliorum
1019 598 1539 669 suﬂ‘raganeorum
1568 603 1868 671 metropo-

213 690 382 747 litani
430 686 865 760 archiepiscopi
924 687 1279 744 Nicosiensis
1330 692 1387 745 et
1444 688 1871 761 episcoporum

214 779 561 835 Latinorum
605 776 948 833 immediate
986 794 1092 833 seu
1154 777 1413 835 mediate
1457 775 1905 852 existentibus,

213 866 479 923 tribunal
490 865 717 938 aliquid
730 868 834 921 aut
852 865 1118 939 aliquam
1126 866 1603 937 jurisdictionem
1632 868 1875 921 conten-

212 956 433 1012 tiosam
461 954 683 1011 habere
713 953 808 1010 vel
832 970 1123 1026 exercere,
1147 954 1262 1011 nisi
1280 955 1432 1011 inter
1458 972 1623 1023 suos,
1647 955 1709 1010 in
1741 953 1872 1009 loco

213 1058 325 1098 suo
352 1042 456 1115 qui
484 1048 736 1097 vocatur
756 1041 935 1110 Solia,
969 1058 1005 1099 a
1026 1059 1147 1115 quo
1173 1043 1352 1099 etiam
1378 1043 1699 1115 episcopus
1740 1044 1878 1097 Gre“

213 1131 460 1202 cusipse
472 1145 696 1186 nomen
708 1131 891 1187 sumit
902 1136 958 1187 et
978 1131 1236 1187 tribunal
1262 1147 1367 1187 seu
1391 1131 1870 1203 jurisdictionem

211 1218 640 1293 episcopalem,
667 1223 981 1292 tamquam
1024 1220 1441 1290 suﬁ‘raganeus
1490 1236 1558 1276 ac
1609 1219 1869 1275 vicarius

216 1309 402 1365 Latini
421 1309 698 1382 presulis,
728 1310 880 1366 inter
910 1326 1054 1367 suos
1085 1311 1301 1367 Grecos
1340 1326 1634 1376 exercere,
1663 1325 1866 1365 secun‘

214 1397 361 1453 dum
390 1398 755 1470 apostolicas
793 1398 1225 1469 ordinationes,
1270 1398 1766 1457 consuetudinem
1810 1402 1868 1455 et

218 1491 459 1554 statuta,
490 1491 557 1543 ut
584 1486 818 1554 dicitur,
860 1491 952 1544 est
968 1488 1265 1560 provisus.

289 1578 355 1633 Et
372 1575 659 1644 similiter,
686 1576 748 1631 in
775 1575 909 1632 loco
933 1578 1191 1649 Arsinoy
1217 1583 1272 1634 et
1326 1578 1645 1645 similibus,
1702 1584 1867 1637 extra

216 1665 504 1731 civitates,
527 1665 588 1720 in
610 1664 779 1721 dictis
817 1664 965 1721 locis
1001 1682 1109 1737 per
1136 1666 1405 1736 singulas
1450 1668 1717 1724 dioceses
1761 1668 1865 1725 ha<

1977 508 2379 582 episcopalem
2429 515 2506 570 ad
2532 515 2642 570 hoc
2687 514 3052 585 ordinatum,
3078 516 3431 587 precedente
3460 518 3625 577 bona

1978 597 2051 652 de
2076 599 2195 655 vita
2215 602 2343 671 ejus
2363 608 2420 658 et
2447 602 2861 659 confessorum
2892 619 2997 658 seu
3060 604 3507 676 predicatorum
3537 609 3624 666 fa-

1978 700 2098 753 ma,
2130 686 2442 759 diligenter
2471 692 2833 760 examinata,
2855 696 2913 747 et
2936 691 3109 748 claris
3131 692 3508 753 documentis
3530 713 3627 754 ca-

1979 770 2232 833 tholicus
2260 782 2315 833 et
2340 774 2618 850 ydoneus
2650 784 2919 852 repertus
2956 784 3016 836 et
3046 780 3390 838 solemniter
3409 800 3624 857 appro-

1978 863 2155 920 batus
2182 865 2374 934 fuerit,
2408 872 2465 925 et
2485 869 2563 925 ab
2592 869 2725 943 ipso
2754 870 3080 927 diocesano
3107 871 3202 926 vcl
3232 873 3362 944 ejus
3398 874 3623 931 vicario

1977 952 2270 1012 licentiam
2288 956 2503 1014 eodem
2524 974 2684 1015 anno
2695 974 2816 1031 quo
2828 958 3005 1015 debet
3015 960 3326 1032 predicare
3339 967 3395 1018 et
3433 963 3623 1019 conﬁ-

1978 1045 2166 1099 tentes
2197 1045 2404 1101 audire
2431 1062 2536 1103 seu
2567 1047 2880 1104 absolvere
2910 1048 3250 1104 solemniter
3275 1056 3331 1106 et
3375 1051 3439 1107 in
3469 1052 3620 1107 scri-

1976 1131 2093 1203 ptis
2117 1132 2457 1192 obtinuerit.

2047 1221 2339 1295 Quodque
2369 1226 2477 1281 etsi
2504 1226 2608 1298 qui
2632 1226 3044 1283 confessiones
3076 1227 3303 1294 audire,
3334 1234 3391 1285 et
3419 1230 3624 1287 simili-

1972 1312 2060 1364 ter
2079 1309 2127 1364 si
2155 1311 2260 1382 qui
2281 1314 2445 1369 Greci
2469 1314 2563 1369 vel
2592 1314 2692 1371 alii
2738 1315 3004 1387 episcopi
3061 1315 3122 1370 in
3171 1317 3512 1374 civitatibus
3562 1324 3620 1374 et

1971 1395 2316 1454 diocesibus
2340 1401 2451 1456 sub
2475 1402 2908 1475 archiepiscopi
2926 1402 3281 1458 Nicosiensis
3310 1420 3415 1459 seu
3443 1405 3623 1460 alicu—

1968 1484 2070 1556 jus
2083 1485 2387 1557 suﬂ‘ragan
2395 1505 2599 1546 eorum
2616 1507 2865 1546 suorum
2878 1491 3292 1563 episcoporum
3308 1493 3445 1548 dicti
3455 1494 3623 1563 regni

1972 1572 2127 1645 Cipri
2153 1591 2300 1631 cura
2337 1581 2393 1632 et
2420 1579 2784 1649 protectione
2815 1578 3073 1634 mediate
3132 1580 3226 1635 vel
3276 1582 3623 1637 immediate

1971 1660 2287 1719 existentes
2316 1666 2831 1739 qualitercumque
2852 1670 2909 1722 et
2929 1668 3467 1740 quandocumque,
3517 1686 3622 1725 ex-

217 1753 359 1809 bere
394 1769 500 1809 seu
529 1757 749 1822 tenere,
772 1758 828 1809 et
847 1754 1027 1809 etiam
1054 1754 1281 1810 eisdem
1306 1760 1363 1811 et
1382 1756 1864 1829 quibuscumque
1905 1772 1943 1825 Β
1972 1750 2156 1821 ceptis
2186 1752 2334 1808 locis
2357 1754 2528 1827 Solie,
2554 1756 2812 1827 Arsinoy
2838 1757 2883 1825 ²,
2933 1756 3235 1823 Lephcare
3290 1759 3332 1819 ³,
3386 1763 3443 1812 et
3491 1760 3623 1814 Car-

216 1842 351 1899 aliis
379 1842 758 1915 presentibus
782 1847 839 1909 et
862 1842 1075 1899 futuris
1096 1846 1416 1901 Grecorum
1436 1862 1543 1903 seu
1583 1852 1861 1905 Armeno-

218 1946 357 1987 rum
369 1936 426 1987 et
435 1931 687 1988 aliorum
698 1930 790 2002 cuj
800 1930 903 1987 use
910 1947 1131 2005 umque
1142 1934 1386 1989 ecclesia
1399 1930 1865 1992 Christianorum

219 2021 517 2093 episcopis
539 2021 651 2076 sub
671 2022 842 2093 penis
867 2021 1093 2077 eisdem
1122 2039 1239 2096 que
1282 2026 1358 2079 de
1409 2030 1601 2082 cetero
1648 2042 1866 2083 causas

204 2110 690 2171 .matrimoniales
710 2115 768 2167 et
786 2110 936 2169 alias
966 2128 1385 2186 quascumque
1405 2114 1740 2187 spirituales
1759 2132 1867 2173 au-

218 2199 343 2255 dire
368 2204 424 2255 et
441 2199 952 2272 qualitercumque
972 2200 1251 2272 difﬁnire,
1282 2218 1388 2257 seu
1409 2206 1482 2258 de
1518 2203 1635 2258 illis
1658 2204 1861 2277 aliquo

218 2291 402 2346 modo
433 2305 497 2345 se
525 2290 932 2358 intromittere,
963 2290 1059 2345 vel
1093 2290 1536 2361 juridictionem
1593 2309 1866 2350 exercere

213 2376 303 2433 vel
332 2376 849 2449 qualitercumque
877 2378 937 2433 in
968 2382 1024 2433 et
1052 2394 1233 2450 super
1270 2380 1666 2437 matrimoniis
1724 2398 1864 2437 con-

214 2465 414 2521 tractis
439 2464 531 2521 vel
557 2464 980 2521 contrahendis
1005 2464 1538 2539 dispensationem,
1571 2486 1676 2526 seu
1719 2486 1862 2544 qua-

211 2554 418 2611 litercu
427 2570 605 2628 mque
619 2555 715 2611 div
724 2554 886 2613 orcia
898 2557 1109 2624 facere,
1128 2572 1234 2612 seu
1246 2556 1399 2612 thori
1421 2559 1862 2630 separationem

215 2647 505 2716 prostare,
531 2659 637 2700 seu
667 2644 903 2715 aliquos
932 2644 1012 2701 ad
1040 2645 1444 2703 sacerdotium
1474 2648 1568 2703 vel
1604 2649 1682 2704 ad
1712 2649 1862 2704 alios

214 2748 610 2806 quoscunque
665 2749 870 2789 sacros
918 2734 1182 2804 ordines,
1238 2736 1353 2792 nisi
1412 2738 1696 2810 penitus‘
1760 2754 1866 2812 per

212 2820 511 2896 prefatum
536 2822 931 2879 diocesanum
955 2823 1227 2880 Latinum
1270 2826 1394 2882 sive
1426 2827 1554 2898 ejus
1578 2828 1861 2884 vicarium

216 2912 528 2981 diligenter
539 2913 911 2971 examinatos
923 2916 980 2970 et
991 2913 1358 2986 approbatos
1371 2932 1481 2988 pro
1512 2916 1864 2990 idoneisque

214 3018 320 3074 per
344 3001 588 3059 eosdem
608 3002 952 3059 solemniter
976 3007 1034 3058 et
1058 3003 1120 3059 in
1141 3004 1379 3075 scriptis
1437 3011 1811 3076 presentatos
1846 3025 1860 3062 :

214 3090 478 3163 aliquem
535 3105 912 3163 promovere,
962 3107 1159 3163 neque
1207 3094 1524 3163 pecuniam
1594 3094 1859 3166 aliquam
1894 3122 1933 3177 ο

211 3187 538 3253 propterea
564 3181 846 3252 recipere,
878 3180 972 3234 vel
1029 3179 1457 3253 qualicumque
1515 3186 1732 3253 petere,
1794 3197 1863 3238 ac

216 3270 330 3325 sub
359 3269 583 3325 eisdem
627 3269 801 3343 penis
849 3276 907 3325 et
946 3268 1248 3338 censuris;
1307 3285 1502 3341 neque
1554 3270 1628 3325 de
1668 3276 1863 3328 cetero

212 3359 439 3431 populo
470 3359 628 3415 clam
663 3375 771 3414 seu
798 3358 1005 3430 palam
1031 3357 1225 3427 legere
1257 3373 1363 3412 seu
1395 3358 1723 3430 predicare,
1760 3376 1865 3415 seu

213 3448 464 3519 alicujus
484 3447 895 3504 confessiones
925 3447 1267 3517 audire,seu
1291 3447 1365 3502 de
1380 3448 1638 3520 peccatis
1654 3465 1863 3505 eorum

213 3536 561 3593 conﬁtentes
588 3536 822 3610 aliquos
853 3536 1091 3592 Latinos
1119 3536 1215 3591 vel
1238 3538 1472 3604 Grecos,
1507 3553 1614 3593 seu
1658 3540 1864 3593 Arme-

212 3642 323 3681 nos
353 3631 457 3682 aut
478 3625 798 3691 Jacobitas,
829 3625 921 3683 vel
942 3624 1183 3683 alterius
1237 3628 1669 3700 cujuscumque
1724 3628 1866 3685 ritus

216 3730 321 3770 seu
339 3714 605 3781 ecclesie,
648 3714 957 3771 absolvere
1012 3714 1075 3769 in
1134 3714 1304 3770 dictis
1364 3715 1703 3771 civitatibus
1756 3732 1864 3772 seu

215 3804 557 3861 diocesibus
587 3803 727 3860 dicti
758 3804 927 3875 regni
951 3806 1129 3876 Cypri
1156 3806 1362 3876 possit,
1396 3822 1501 3861 seu
1558 3812 1866 3877 presumat

214 3894 429 3967 quovis
458 3893 664 3962 modo,
704 3892 817 3949 nisi
846 3892 943 3948 ille
978 3890 1110 3948 talis
1144 3893 1309 3964 prius
1337 3910 1443 3965 per
1472 3893 1862 3951 diocesanum

285 4071 301 4103 ¹
335 4073 425 4125 Au
450 4072 549 4125 Ms.
578 4070 764 4125 venis.

283 4142 305 4211 Ξ
339 4139 630 4197 ΒἈηνίΙΙθ
679 4140 849 4211 place
880 4139 1196 4203 l'Arsmoé,
1230 4154 1349 4211 que
1406 4140 1524 4195 l’on
1555 4141 1668 4198 sait
1696 4144 1865 4199 avoir

284 4155 305 4177 ³
339 4155 382 4195 υ
403 4155 630 4197 Αηνιιιθ
660 4155 849 4265 iplace
880 4155 1196 4203 L'Arsmoe,
1230 4155 1349 4211 que
1407 4155 1524 4195 l'on
1555 4155 1668 4198 sait
1696 4158 1863 4199 avonr

212 4210 392 4290 existe
422 4212 656 4290 ‘dansul'
704 4227 735 4266 e
784 4211 858 4290 de
929 4211 1265 4290 Chypre,_a
1321 4211 1465 4290 _Poli,
1514 4212 1732 4290 village
1776 4214 1863 4290 du

210 4279 533 4353 districtde
569 4282 950 4353 Chrysocho;
984 4279 1037 4337 le
1058 4279 1140 4337 'P.
1171 4279 1500 4350 'Lusignan
1536 4287 1593 4339 et
1633 4279 1864 4341 l’archi-

212 4352 509 4425 mandrite
531 4352 843 4425 chypriote
872 4354 1209 4424 Kyprianos
1259 4355 1485 4425 croient
1535 4370 1654 4425 que
1716 4362 1862 4413 cette

209 4422 502 4475 ancienne
531 4422 666 4477 ville
713 4428 802 4479 est
844 4422 1045 4493 Arsos,
1099 4426 1297 4491 bourg
1330 4424 1483 4478 dans
1540 4422 1861 4483 Pintérieur

1971 1838 2129 1911 pasii
2150 1841 2191 1904 ‘,
2208 1840 2284 1898 de
2303 1843 2524 1915 quibus
2543 1844 2791 1916 quidem
2815 1843 2963 1901 locis
2993 1844 3258 1917 episcopi
3307 1845 3474 1901 Greci
3516 1862 3623 1901 no-

1974 1942 2113 1983 men
2139 1936 2470 2001 sumerunt,
2497 1930 2554 1987 et
2577 1932 2802 1988 ibidem
2828 1931 2982 1989 inter
3006 1946 3148 1989 suos
3200 1935 3412 1990 Grecos
3443 1934 3625 1990 tribu-

1973 2015 2093 2082 nal,
2118 2022 2180 2073 ut
2206 2017 2439 2088 dicitur,
2471 2026 2724 2093 possunt
2748 2025 2805 2077 et
2836 2020 3047 2087 solent,
3072 2021 3300 2094 aliquid
3332 2023 3500 2095 quod
3544 2024 3623 2079 ad

1972 2103 2237 2165 ofﬁcium
2267 2124 2370 2164 seu
2400 2109 2871 2178 iurisdictionem
2892 2110 3316 2183 episcoporum
3338 2110 3496 2171 clam
3517 2128 3624 2169 seu

1974 2194 2179 2266 palam
2210 2210 2503 2265 exercere;
2552 2202 2609 2254 et
2635 2214 2815 2270 super
2840 2198 3385 2254 matrimonialibus
3410 2204 3466 2255 et
3494 2200 3623 2256 aliis

1976 2282 2381 2354 spiritualibus
2411 2287 2607 2341 causis
2627 2286 2837 2342 audire
2858 2302 2967 2342 seu
2997 2301 3381 2357 cognoscere,
3409 2288 3499 2343 vel
3545 2289 3623 2343 ad

1976 2387 2183 2427 sacros
2202 2373 2442 2431 ordines
2468 2375 2595 2431 sine
2615 2375 2850 2432 licentia
2871 2375 3175 2432 diocesani
3202 2376 3391 2432 Latini
3422 2392 3624 2449 quem-

1974 2461 2137 2535 piam
2160 2476 2534 2533 promovere,
2568 2463 2656 2519 vel
2679 2464 2908 2537 aliquid
2936 2464 2998 2519 in
3029 2463 3328 2520 similibus
3378 2469 3436 2521 et
3492 2465 3625 2522 aliis

1976 2549 2259 2605 connexis
2288 2553 2344 2605 et
2372 2550 2851 2623 dependentibus
2888 2550 2966 2607 ab
2996 2550 3219 2608 eisdem
3277 2552 3472 2609 facere
3518 2570 3625 2610 seu

1974 2642 2328 2710 attemptare
2375 2638 2469 2694 vel
2510 2639 2678 2696 aliter
2723 2656 2785 2697 se
2814 2640 3203 2697 intromittere
3238 2656 3626 2715 presumpse-

1973 2726 2109 2792 rint,
2145 2727 2274 2798 ipso
2288 2728 2443 2783 facto
2456 2728 3095 2785 excommunicationis
3118 2744 3271 2801 pene
3302 2730 3627 2787 sententias

1973 2814 2298 2883 incurrant,
2341 2820 2398 2872 et
2424 2832 2535 2890 pro
2565 2818 3100 2874 excommunicatis
3143 2818 3528 2890 publicentur
3571 2824 3629 2874 et

1974 2904 2285 2974 evitentur,
2317 2905 2511 2961 donec
2549 2900 2945 2962 absOlutionis
2974 2906 3335 2962 beneﬁcium
3376 2905 3453 2960 ab
3474 2910 3627 2975 Apo-

1975 2991 2184 3047 stolica
2226 2991 2374 3048 Sede
2411 2990 2761 3058 habuerint;
2814 2997 2870 3047 et
2915 2991 3265 3061 hujusmodi
3326 2989 3623 3047 absolutio

1973 3079 2424 3150 archiepiscopo
2466 3080 2789 3135 Nicosiensi
2829 3080 2933 3150 qui
2994 3094 3102 3150 pro
3136 3083 3407 3151 tempore
3453 3076 3626 3133 fuerit

1972 3166 2068 3221 vel
2108 3167 2237 3237 ejus
2272 3166 2496 3222 vicario
2542 3166 2788 3237 speciali
2845 3166 3183 3222 comitatur.
3232 3169 3622 3223 Decernentes

1974 3272 2047 3312 ex
2071 3271 2231 3310 nunc
2252 3254 2482 3311 irritum
2510 3260 2567 3311 et
2596 3257 2772 3312 inane
2804 3255 2850 3310 si
2884 3271 3055 3311 secus
3107 3271 3289 3329 super
3333 3256 3448 3311 hiis
3514 3271 3622 3327 per

1973 3359 2390 3417 quoscumque
2427 3344 2643 3416 quavis
2674 3344 3021 3400 auctoritate
3053 3343 3301 3400 scienter
3330 3344 3424 3400 vel
3454 3343 3619 3413 igno—

1973 3437 2175 3488 ranter
2234 3432 2587 3502 contingerit
2639 3432 3007 3505 attemptari,
3057 3448 3181 3489 non
3240 3433 3621 3489 obstantibus

1974 3520 2511 3591 constitutionibus,
2532 3528 2639 3577 etc.
2676 3521 2825 3577 Nulli
2855 3536 3020 3593 ergo,
3060 3526 3170 3578 etc.

2046 3612 2258 3665 Datum
2283 3613 2485 3677 Rome,
2504 3610 2667 3683 apud
2700 3612 2983 3667 Sanctum
3011 3610 3271 3680 Petrum,
3326 3626 3486 3667 anno
3538 3613 3623 3664 ln-

1973 3698 2340 3756 carnationis
2371 3700 2674 3756 Dominice
2715 3699 3030 3758 millesimo
3063 3700 3441 3770 CCCCLXX“,
3463 3714 3620 3772 pon—

1974 3788 2230 3845 tiﬁcatus
2257 3788 2441 3844 nostri
2465 3804 2626 3844 anno
2655 3790 2873 3861 primo.

1972 4069 2047 4149 de
2072 4069 2189 4149 l’ile
2234 4073 2271 4125 a
2307 4069 2435 4125 l‘est
2475 4068 2855 4149 de‘Paphos,
2895 4084 2974 4125 au
3027 4068 3139 4149 bas
3193 4069 3278 4149 du
3328 4068 3617 4149 fl‘rood‘os.

1974 4143 2079 4196 Les
2092 4141 2351 4266 evetgues
2370 4155 2539 4220 grecs
2553 4139 2627 4195 de
2644 4139 2900 4211 Paphos,
2923 4139 3299 4213 prenaientle
3323 4140 3452 4195 titre
3497 4139 3619 4193 d’é-

1974 4213 2196 4267 véaues
2264 4212 2544 4267 ’Arsmoé.

1971 4213 2196 4284 veques
2216 4213 2544 4267 d’Arsinoé.
3502 4280 3510 4289 ο

1980 4354 2012 4362 _
2042 4283 2065 4319 ³
2091 4281 2358 4362 Lefkara,
2380 4281 2534 4336 dans
2567 4281 2620 4335 le
2659 4284 2902 4348 Mazoto,
2932 4284 3071 4352 pres
3102 4280 3185 4337 du
3215 4285 3386 4337 mont
3416 4282 3616 4337 Sainte

1974 4354 2222 4480 ciori’iéa
2243 4424 2576 4495 Karpasso,
2602 4422 2756 4479 dans
2780 4423 2836 4478 le
2859 4424 3120 4495 Karpas.
