1917 3073
252 105 284 130 15
923 99 1055 128 NICETIE
1075 98 1259 128 CHONIATE

251 165 453 194 Osroenorum
472 163 547 191 urbe
560 163 716 197 oriundus,
731 163 827 191 factus
848 169 919 190 vero
932 161 1074 197 deinceps

1134 160 1264 193 Ἐδέσσης
1290 164 1334 199 μὲν
1356 166 1404 194 τῆς
1428 163 1577 201 Ὀσροηνῶν
1600 164 1737 202 ὑπάρχων,
1753 166 1911 202 γενόμεν

250 210 365 237 Emesce
384 208 556 244 episcopus,
569 208 620 244 qui
638 210 755 244 partem
775 207 967 236 astronomiae
984 213 1078 240 augu-

249 252 346 281 ralem
373 252 484 280 dictam
509 251 677 280 exercuisse
696 251 888 288 arguebatur.
912 252 1078 279 Recusante

250 305 323 326 vero
337 296 549 325 Alexandriam
572 296 713 331 Eusebio,
743 296 884 324 sutfectus
905 297 948 323 est
971 296 1078 330 Grego-

250 342 313 370 rius
337 341 439 370 Tarbee
470 341 650 377 episcopus,
680 348 741 377 qua
766 341 804 368 de
829 347 860 368 re
887 339 1078 374 indignantes

251 386 455 419 Alexandrini,
468 385 624 414 ecclesiam
647 385 782 422 Dionysii
800 385 892 420 hujus
911 383 994 412 urbis
1017 383 1078 419 epi-

252 431 335 468 scopi
354 430 477 460 nomine
491 431 603 459 dictam
622 430 839 465 incenderunt;
855 431 884 458 et
897 428 1079 458 Athanasius

251 476 375 513 quidem
387 475 505 511 fugiens
518 477 646 504 Romam
657 475 746 504 venit.

287 568 313 594 9.
334 565 425 594 Paulo
451 567 520 601 post
547 566 667 593 mortuo
693 563 831 597 Eusebio,
860 562 1079 592 contenderunt

249 618 373 638 rursum
385 610 422 638 de
438 609 698 646 Constantinopoli
712 609 821 637 Paulus
833 610 862 637 et
875 607 1076 636 Macedonius.

251 655 339 688 Quod
353 654 404 682 ubi
417 654 558 690 cognovit
571 654 761 683 Constantius
774 652 946 684 Antiochiae,
956 653 1077 680 Hermo-

250 699 319 735 geni
335 699 482 728 exercitus
498 699 566 727 duci
582 699 634 736 qui
653 699 684 727 in
698 698 854 727 Thraciam
872 697 981 725 missus
1003 697 1076 731 erat,

249 743 415 777 mandavit,
431 745 463 772 ut
480 743 537 772 iter
554 746 691 780 pergeret
712 743 752 772 ad
775 742 986 779 expellendum
1002 742 1076 769 Pau-

248 789 312 817 lum
328 797 365 817 ex
379 789 516 817 ecclesia.
528 789 602 817 Cum
613 788 683 816 illuc
697 787 879 820 advenisset,
895 785 1076 822 militarique

1132 206 1239 244 ὕστερον
1253 207 1366 244 Ἐμέσης
1385 207 1536 243 ἐπίσκοπος,
1557 208 1585 239 ὃς
1598 211 1643 235 καὶ
1663 207 1837 237 διεϐάλλετο
1863 209 1911 236 ἀσ

1133 251 1176 277 θαι
1200 255 1247 283 τῆς
1267 251 1439 290 ἀστρονομίας
1463 254 1491 279 τὸ
1517 252 1752 290 ἁποτελεσματικὸν
1780 255 1911 292 καὶ-οὑχ

1131 297 1224 333 μέρος·
1250 299 1481 334 παραίτησαμένου
1507 295 1537 324 δὲ
1562 301 1608 324 τοῦ
1633 298 1758 326 Εὔσεϐίου
1800 302 1871 329 τὴν

1132 339 1278 378 ξάνδρειαν,
1299 341 1430 379 ἐπετράπη
1455 342 1468 368 ὁ
1488 344 1632 379 Γρηγόριος
1655 348 1704 370 τῶν
1725 344 1911 382 Ταρϐασθι

1132 385 1171 421 ἐφ’
1195 386 1214 421 ᾧ
1236 385 1424 422 χαλεπήναντες
1453 388 1477 413 οἰ
1504 386 1690 426 Ἀλεξανδρεῖς,
1718 392 1766 419 τήν
1806 390 1911 426 ὁμών

1131 433 1268 457 Διονυσίου
1289 435 1334 457 τοῦ
1348 429 1413 468 τῇδε
1433 430 1655 466 ἐπισκοπήσαντο,
1671 433 1834 463 ἐκκλησίαν
1856 433 1911 461 ἐνέ

1133 484 1181 501 σαν
1194 485 1200 492 σ
1214 477 1258 502 καὶ
1272 475 1428 507 Ἀθανάσιος
1441 477 1485 512 μὲν
1501 479 1589 512 φυγὼν
1605 477 1641 508 εἰς
1654 477 1753 515 Ῥώμην
1769 478 1911 516 ἁφίκετι

1169 518 1199 548 θ’.
1220 520 1282 547 Μετ’
1298 520 1327 546 οὐ
1343 520 1407 547 πολὺ
1430 519 1460 547 δὲ
1480 520 1679 553 τελευτήσαντος
1702 523 1871 558 Εὐσεϐἱου,
1900 522 1911 550 ἐ

1130 566 1276 593 ποιήσαντο
1306 564 1382 591 πάλιν
1422 569 1470 594 τῆν
1503 568 1805 599 Κωνσταντινουπὰλεως
1856 572 1911 595 Πα

1131 610 1175 635 καὶ
1200 607 1374 640 Μακεδόνιος.
1404 611 1582 641 Κωνστάντιος
1609 609 1657 645 δὲ,
1684 616 1760 639 τοῦτο
1787 613 1911 650 μαθὼν

1131 653 1299 690 Ἀντιοχείᾳ,
1343 653 1478 691 ἐπέτρεψεν
1517 654 1663 692 Ἑρμογένει
1701 661 1738 693 τῷ
1781 658 1911 686 στατηῖ

1130 699 1196 736 πρὸς
1224 699 1259 725 τὰ
1284 699 1389 736 Θρᾴκια
1415 701 1569 735 πεμπομένῳ
1597 702 1683 737 μέρη,
1709 699 1775 728 ὁδοῦ
1810 704 1911 739 πάρει

1130 747 1242 772 ποιῆσαι
1260 744 1289 769 τὸ
1314 742 1444 774 ἐξωθῆσαι
1466 743 1567 770 Παυλον
1589 748 1636 775 τῆς
1656 745 1806 778 ἐκκλησίας
1821 756 1831 763 ·
1854 747 1896 773 οὗ

1129 789 1297 824 ραγευομένου
1329 789 1375 814 καὶ
1415 792 1589 826 στρατιωτικῇ
1623 792 1696 827 χειρὶ
1734 795 1911 829 χρησαμέν

249 841 344 863 manu
368 836 510 868 uteretur,
530 833 691 861 insurrexit
715 832 1004 868 populus,eumquo
1029 838 1074 858 ra-

1129 831 1271 858 ἐστασίασε
1294 833 1324 858 τὸ
1348 831 1457 867 πλῆθος,
1480 834 1525 859 καὶ
1551 832 1628 859 αὐτὸν
1658 836 1783 872 σύραντες
1811 838 1911 863 άπέκτ

247 881 365 915 ptatum
389 878 609 906 interfecerunt.
634 879 673 905 De
699 885 734 905 eo
754 877 860 905 certior
881 875 976 904 factus
1002 875 1075 903 Con-

249 924 388 957 stantius,
405 922 697 960 Constantinopolim
713 922 804 957 venit,
824 923 853 949 et
870 920 994 949 Paulum
1009 920 1074 956 qui—

246 968 315 996 dem
339 968 458 1004 expulit,
476 967 583 995 urbem
606 975 678 995 vero
701 966 826 1003 punivit,
840 965 982 994 frumenti
1005 972 1073 993 eam

244 1012 328 1049 quod
347 1015 432 1049 pater
446 1011 621 1049 praestabat,
636 1010 841 1048 quadraginta
859 1017 1072 1038 mensurarum

244 1057 378 1085 millibus
401 1060 429 1086 et
453 1057 531 1085 ultra
556 1065 625 1085 eam
646 1056 781 1093 privavit.
809 1055 965 1090 Octoginta
992 1055 1072 1083 enim

244 1101 338 1130 millia
361 1102 444 1137 prius
467 1101 618 1129 dabantur
641 1100 757 1129 civibus
782 1100 907 1135 singulis
926 1099 1013 1128 annis
1035 1107 1072 1127 ex

244 1145 362 1174 tributis
377 1146 553 1182 Egyptiaco
566 1145 680 1181 populo
692 1145 851 1182 impositis.
865 1144 1072 1172 Macedonium

245 1192 346 1218 autem
361 1198 423 1218 non
437 1190 536 1219 statim
549 1190 632 1217 urbis
647 1190 825 1226 episcopum
837 1188 922 1223 fecit;
940 1189 992 1216 sed
1007 1188 1073 1217 sivit

243 1234 328 1263 illum
342 1235 490 1263 adversus
513 1234 638 1263 Paulum
654 1234 685 1262 in
705 1233 847 1270 praedicta
862 1233 987 1262 ecclesia
1002 1241 1071 1261 con-

243 1279 346 1308 cilium
369 1280 467 1308 facere
490 1279 522 1308 in
543 1287 604 1316 qua
619 1281 647 1307 et
660 1279 816 1307 ordinatus
840 1281 903 1313 est;
921 1281 1009 1314 atque
1031 1278 1072 1307 ita

242 1323 307 1360 ipse
321 1324 510 1353 Antiochiam
522 1331 659 1353 reversus
670 1325 728 1358 est;
742 1323 850 1352 Paulus
861 1330 931 1352 vero
944 1324 1071 1351 Romam

244 1369 409 1398 descendit.

282 1461 325 1488 tO.
346 1460 387 1487 Ea
402 1467 473 1487 vero
496 1467 565 1495 quae
589 1457 776 1487 Alexandriae
796 1457 875 1486 facta
896 1459 966 1486 sunt
986 1457 1070 1486 aliter

1128 886 1182 904 ναν.
1211 877 1359 913 Πυθόμενος
1388 875 1417 902 δὲ
1441 878 1470 902 τὸ
1496 879 1600 913 γεγονὸς
1632 881 1833 913 Κωνστάντιος,
1870 891 1911 908 κα

1127 921 1188 948 λαϐε
1221 924 1267 951 τήν
1299 921 1569 948 Κωνσταντινούπολιν
1603 925 1648 950 καὶ
1679 926 1721 950 τὸν
1753 927 1803 962 μὲν
1839 930 1911 953 ﬂavi

1127 966 1244 1000 ἐξήλασε,
1270 968 1317 996 τὴν
1337 964 1366 993 δε
1393 966 1465 993 πόλιν
1493 966 1648 1004 ἐζημίωσεν,
1663 967 1760 1005 ἀφελὼν
1786 975 1843 997 τοῦ
1870 981 1911 997 σιτ

1125 1013 1215 1048 ρεσίου
1249 1014 1295 1037 τοῦ
1328 1012 1537 1049 παρασχεθέντος
1566 1013 1615 1038 ὑπό
1646 1017 1692 1039 τοῦ
1720 1017 1827 1052 πατρὸς
1863 1017 1911 1043 1-31

1126 1057 1189 1093 ὑπὲρ
1215 1056 1263 1086 τὰς
1285 1058 1418 1093 τέσσαρας
1440 1055 1590 1092 μυριάδας·
1615 1056 1682 1084 ὀκτὼ
1703 1059 1754 1096 γὰρ
1775 1058 1870 1096 ἐγγὺς
1896 1072 1911 1097 ρ

1125 1099 1217 1138 ριάδες
1249 1100 1424 1137 ἐχορηγοῦντο
1454 1103 1578 1139 πρότερον
1613 1104 1688 1129 σίτου
1720 1107 1776 1135 τοίς
1813 1105 1911 1131 noli.-

1126 1145 1237 1171 ἑκάστου
1265 1147 1337 1176 ἔτους
1365 1144 1394 1171 ἐκ
1425 1149 1475 1171 τῶν
1508 1146 1684 1183 κομιζομένων
1717 1146 1761 1174 ἀπ’
1793 1149 1911 1185 Αἰγύπκι

1124 1193 1160 1225 τῷ
1194 1188 1270 1226 δήμῳ
1300 1192 1395 1227 φόρων.
1425 1188 1587 1216 Μακεδόνων
1615 1189 1645 1217 δὲ
1672 1196 1717 1222 τῆς
1743 1192 1850 1226 πόλεως
1885 1204 1911 1221 τε

1125 1235 1266 1261 ἑπίσκοπον
1295 1234 1342 1260 οὐκ
1371 1233 1509 1270 ἐποίησε),
1540 1234 1592 1261 ἀλλ’
1622 1237 1706 1262 εἴασεν
1737 1237 1816 1264 αὐτόν
1853 1239 1885 1265 ἐν

1124 1278 1246 1315 λεγομένη
1273 1277 1314 1305 ἐπὶ
1344 1278 1444 1305 Παῦλον
1471 1278 1596 1317 ἐκκλησίᾳ
1626 1282 1756 1318 συνάγειν,
1783 1282 1810 1308 ἐν
1843 1283 1863 1319 ᾗ
1899 1294 1911 1310 ιι

1125 1322 1330 1360 ἐχειροτονήθη·
1361 1325 1407 1350 καὶ
1438 1324 1521 1354 οὕτως
1554 1324 1629 1356 αὐτὸς
1656 1327 1701 1361 μὲν
1730 1325 1876 1359 ἀνέζευξεν
1907 1338 1911 1355 ε

1124 1369 1279 1404 Αντιὸχειαν
1291 1379 1297 1384 ·
1315 1367 1416 1398 Παῦλος
1433 1366 1463 1395 δὴ
1475 1371 1522 1398 τὴν
1535 1368 1635 1406 Ῥὦμην
1649 1370 1795 1399 κατέλαϐεν.

1160 1412 1184 1440 ι’.
1206 1415 1268 1450 Περὶ
1293 1411 1322 1439 δὲ
1348 1417 1398 1439 τῶν
1420 1414 1476 1439 κατ’
1501 1412 1693 1451 Ἀλεξάνδρειαν
1718 1415 1911 1452 συμϐεϐηκότι

1124 1456 1285 1494 Θεοδώριτος
1314 1458 1359 1494 μὶν
1383 1457 1465 1489 illa);
1490 1459 1596 1495 ἱστορεῖ.
1621 1462 1689 1488 Φησὶ
1709 1461 1761 1496 γὰρ
1783 1462 1856 1496 μετά
1887 1472 1911 1488 τ]

243 1506 346 1533 narrat
369 1503 579 1532 Theodoretus.
604 1503 676 1531 Dicit
699 1503 779 1531 enim
803 1503 977 1538 Gregorium
1001 1505 1069 1539 post

1125 1502 1281 1528 Ἀθανασίου
1295 1504 1378 1538 φυγὴν
1394 1502 1574 1532 ἔπισκοπῆσαι
1595 1506 1737 1541 Γρηγόριον
1757 1505 1825 1542 ἄχρι
1839 1510 1894 1536 τῆς

243 1549 398 1577 Athanasii
429 1549 534 1584 fugam
569 1548 776 1585 episcopatum
809 1547 940 1583 gessisse
972 1555 1068 1583 usque

243 1593 283 1622 ad
298 1593 427 1622 Sardicre
446 1593 582 1621 habitam
603 1592 765 1629 synodum.
780 1594 848 1620 Post
870 1592 949 1620 hanc
968 1594 1069 1620 autem

243 1638 396 1674 synodum
421 1637 594 1673 Gregorium
615 1637 653 1665 ab
672 1636 881 1665 Alexandrinis
897 1636 1068 1672 dep0situm

244 1690 320 1717 esse,
336 1682 458 1710 rediisse
483 1685 554 1709 tunc
574 1681 773 1709 Athanasium
797 1681 829 1708 in
851 1680 1004 1716 propriam
1027 1689 1070 1708 se-

244 1726 315 1754 dem
327 1734 381 1762 per
391 1725 560 1754 Constantis
569 1725 691 1760 litteras,
701 1725 753 1761 qui
764 1727 834 1752 tunc
849 1726 950 1752 Romae
965 1732 1069 1760 regna—

243 1770 306 1798 bat.
336 1771 498 1805 Postquam
528 1771 630 1797 autem
656 1770 803 1797 Constans
827 1771 966 1796 mortuus
992 1769 1068 1804 fuit,

242 1822 365 1844 rursum
386 1813 499 1849 fugisse
514 1813 723 1847 Athanasium,
741 1815 770 1841 et
791 1812 919 1841 electum
937 1821 1003 1841 esse
1029 1814 1068 1842 ab

242 1859 360 1888 Arianis
375 1858 534 1893 Georgium
550 1858 771 1894 Cappadocem,
785 1866 916 1895 eumque
929 1861 1070 1888 sexcenta

243 1904 326 1932 mala
346 1903 501 1932 Athanasii
521 1903 689 1931 fautoribus
715 1903 922 1931 machinatum
943 1911 1017 1938 esse,
1036 1904 1068 1932 in

243 1948 439 1985 exsiliumque
467 1948 586 1976 misisse
602 1948 762 1976 nonnullos
776 1949 894 1984 zEgypti
907 1948 1068 1985 Lybiieque

241 1993 411 2030 episcopos,
428 1993 533 2021 Caium
556 1993 723 2026 Paraetonii,
739 1993 888 2029 Agathum
904 1993 1068 2028 Phragonis

241 2040 270 2067 et
291 2039 383 2074 partis
401 2037 561 2066 Elearchiae
577 2037 705 2074 Egypti,
720 2038 914 2066 Ammonium
935 2039 1068 2066 Pachne-

240 2083 342 2111 munis
355 2085 383 2110 et
402 2082 525 2118 reliquae
546 2082 705 2110 Elearchiae
717 2082 822 2118 partis,
837 2083 1068 2117 Agathodaemo-

239 2135 311 2156 nem
323 2127 462 2156 Schedeae
476 2129 503 2154 et
513 2127 666 2163 Menelaiti,
679 2127 871 2155 Dracontium
882 2128 1067 2165 Hcrmopolis

239 2172 373 2207 minoris,
389 2171 570 2221 Adelphium
593 2172 738 2223 Onuphis,
760 2172 965 2221 Paphnutium
993 2173 1065 2207 Sais,
1081 2195 1104 2223 Β

239 2218 326 2252 cujus
336 2217 473 2244 meminit
484 2224 613 2251 magnus
625 2216 804 2244 Athanasius
814 2217 845 2244 in
856 2225 911 2245 sua
922 2217 960 2245 de
968 2217 1066 2254 ipsius

237 2261 311 2296 fuga
332 2261 497 2297 Apologia;
521 2263 550 2289 et
573 2263 681 2297 praeter
704 2261 770 2289 illos
795 2261 923 2290 alterum
947 2264 1067 2291 Ammo-

237 2305 333 2340 nium,
345 2306 465 2340 Moium,
479 2305 646 2338 Philonem,
657 2306 806 2339 Hermem,
816 2305 952 2341 Plinium,
964 2308 1067 2336 Psene-

237 2349 331 2386 sirim,
352 2350 555 2386 Agamphum,
580 2351 721 2385 Marcum,
743 2350 974 2386 Nilammonem,
994 2354 1067 2382 Mar-

236 2402 307 2422 cum
323 2395 461 2428 alterum,
473 2395 709 2430 Athenodorum,
720 2397 747 2423 et
760 2395 953 2432 presbyteros
968 2397 1064 2428 Hiera-

234 2447 300 2468 cem
317 2442 345 2468 et
357 2439 541 2468 Dioscorum.
555 2441 650 2476 Atque
662 2440 703 2467 ita
714 2439 839 2476 quidem
849 2441 1062 2472 Theodoretus.

235 2486 372 2514 Socrates
385 2487 486 2513 autem
500 2487 528 2513 et
542 2486 725 2513 Sozomenus
739 2488 863 2514 narrant
872 2486 996 2515 Arianos
1007 2491 1063 2517 sta-

233 2529 286 2557 tim
302 2531 371 2566 post
389 2529 471 2557 Pauli
493 2529 701 2565 expulsionem
717 2531 745 2557 et
758 2529 889 2558 reditum
903 2531 1063 2568 imperato-

232 2574 272 2602 ris
294 2574 491 2609 Antiochiam,
518 2573 694 2610 deposuisse
719 2574 894 2609 Gregorium
916 2578 1062 2613 tanquam

230 2616 440 2647 Aleiandrinis
461 2626 524 2647 non
545 2621 662 2653 gratum
678 2620 706 2647 et
721 2619 922 2654 negligentem
947 2623 1062 2659 proprii

229 2663 381 2697 dogmatis
406 2662 703 2699 propugnationem;
720 2663 807 2699 cujus
830 2664 861 2692 in
884 2664 986 2694 locum
1010 2668 1061 2695 Ge-

229 2707 350 2742 orgium
379 2708 487 2736 misere
522 2707 575 2743 qui
602 2715 639 2736 ex
671 2708 863 2744 Cappadocia
890 2711 1058 2748 oriundus,

227 2751 285 2781 sibi
299 2751 414 2782 famam
431 2752 463 2781 in
477 2752 587 2782 Ariana
611 2753 822 2789 superstitione
844 2755 1056 2792 acquisiverat.

1123 1545 1238 1583 Σαρὸικῇ
1254 1545 1379 1580 συνόδου,
1390 1547 1456 1583 μετὰ
1471 1545 1500 1573 δὲ
1514 1549 1561 1577 τὴν
1577 1546 1686 1574 σύνοδον
1699 1550 1870 1584 ταύτην,’τὸν
1884 1551 1911 1586 μζ

1124 1593 1266 1628 Γρηγόριον
1289 1590 1455 1629 ὰναιρέθῆναι
1478 1593 1551 1629 παρὰ
1570 1596 1619 1618 τῶν
1643 1592 1842 1630 Ἀλεξανδρίων,
1867 1593 1911 1621 ἐπε

1123 1635 1216 1662 νελθεῖν
1233 1633 1262 1662 δὲ
1277 1635 1353 1662 πάλιν
1372 1637 1415 1662 τὸν
1429 1635 1583 1663 Ἀθανάσιον
1599 1637 1632 1668 εἰς
1647 1639 1691 1664 τὸν
1714 1637 1807 1665 οἰκεῖον
1833 1639 1911 1676 θρόνε

1124 1680 1331 1718 ὃιάγραμμοξτων
1356 1683 1522 1712 Κώνσταντος
1544 1685 1590 1708 τοῦ
1615 1681 1639 1708 ἓν
1654 1682 1738 1719 Ῥώμῃ
1765 1683 1911 1720 βασιλεύοι

1123 1735 1176 1756 τος.
1208 1725 1278 1752 Ἐπεὶ
1311 1723 1340 1752 6“:
1374 1728 1496 1756 Κώνστας
1526 1725 1699 1762 ἐτελεύτησεν,
1727 1726 1802 1759 αὖθις
1833 1732 1911 1765 qur/£1

1124 1770 1288 1806 ’AOatvu'a'ow,
1319 1773 1364 1797 καὶ
1394 1770 1589 1809 προϐεϐλῆσθαι
1618 1774 1689 1809 παρὰ
1715 1777 1764 1799 τῶν
1784 1773 1911 1812 ’Δρειανᾱ

1123 1818 1142 1841 Γ
1144 1818 1250 1852 εώργιον
1280 1817 1324 1842 τὸν
1358 1814 1557 1852 Καππαδόκην,
1590 1819 1673 1854 μυρία
1704 1819 1773 1844 κακὰ
1804 1822 1862 1850 τοῖς
1896 1829 1911 1845 τ

1123 1860 1281 1886 Ἀθανασίου
1315 1864 1452 1897 φρονοῦσιν
1485 1859 1662 1897 ἐνδείξασθαι,
1696 1865 1741 1888 καί
1771 1872 1845 1894 τινας
1877 1867 1911 1890 τῶ

1123 1904 1167 1931 ἀπ’
1190 1905 1324 1941 Αἰγύπτου
1346 1907 1391 1932 καὶ
1413 1904 1512 1936 Λιϐύης
1533 1905 1680 1933 ἐπισκόπων
1702 1906 1827 1944 ἐξορίσαι,
1847 1910 1911 1934 Γάῑο

1123 1952 1308 1987 Παραιτονίου,
1323 1949 1438 1986 Ἀγαθον
1458 1953 1614 1987 Φραγώνεως
1635 1951 1679 1978 καὶ
1697 1953 1792 1989 μέρους
1813 1953 1908 1992 Ἐλεαρ

1122 1996 1185 2030 χίας
1211 1998 1257 2024 τῆς
1283 1993 1437 2030 Αἰγύπτου,
1463 1994 1607 2032 Ἀμμώνιον
1641 1998 1846 2032 Παχνεμούνεως
1879 2008 1911 2025 κα

1121 2042 1168 2065 τοῦ
1197 2039 1288 2065 λοιποῦ
1315 2041 1409 2077 μέρους
1440 2044 1485 2070 τῆς
1517 2039 1681 2077 Ἐλεαρχίας,
1708 2040 1911 2079 ’Δγαθοδαίμονι

1122 2081 1238 2119 Σχεὸἐας
1264 2086 1310 2110 καὶ
1342 2083 1515 2120 Μενελαῖτου,
1544 2086 1697 2122 Δρακόντιον
1728 2085 1908 2123 Ἐρμουπόλεω

1122 2132 1229 2166 μικρᾶς,
1263 2127 1398 2165 Ἀδελφιον
1432 2129 1586 2166 Ὀνούφεως,
1628 2132 1789 2167 Παφνούτιον
1820 2133 1906 2164 Σάεως

1121 2173 1155 2199 ὧν
1179 2175 1223 2199 καὶ
1247 2174 1260 2200 ὁ
1284 2175 1363 2210 μέγας
1383 2174 1538 2205 Ἀθανάσιος
1563 2173 1587 2200 ἓν
1614 2178 1645 2211 τῇ
1673 2175 1737 2212 ὑπὲρ
1759 2180 1805 2207 τῆς
1834 2181 1905 2212 φυγῇ

1121 2218 1201 2244 αὐτοῦ
1233 2217 1360 2255 ἀπολογίᾳ
1391 2220 1538 2255 μέμνηται·
1566 2221 1611 2246 καὶ
1639 2221 1705 2256 πρὸς
1733 2221 1833 2252 τούτοις
1858 2221 1911 2258 Ἀμη

1120 2265 1214 2299 μώνιον
1247 2263 1341 2301 ἕτερον,
1374 2266 1472 2299 Μώῖον,
1508 2263 1617 2298 Φίλωνα,
1655 2263 1760 2302 Ἑρμῆν,
1795 2264 1911 2301 Πληνιον,

1120 2308 1264 2345 Ψενέσιριν,
1298 2307 1445 2345 Ἀγαμφον,
1478 2309 1596 2346 Μάρκον,
1626 2308 1808 2346 Νειλάμμωνα,
1838 2311 1911 2347 Μοίρ-

1120 2363 1163 2380 κον
1191 2354 1284 2390 ἕτερον,
1314 2351 1504 2391 ’Δθηνόδωροη
1530 2356 1575 2380 καὶ
1604 2353 1793 2392 πρεσϐυτέρους
1816 2353 1911 2392 Ἱέρακα

1118 2400 1164 2424 καὶ
1187 2400 1337 2436 Διόσκορον.
1358 2398 1446 2429 Οὕτως
1470 2399 1515 2435 μεν
1539 2395 1583 2425 οὖν
1608 2397 1789 2437 Θεοδὼριτος·
1811 2401 1911 2437 Σωκρά-

1118 2453 1166 2474 της
1192 2441 1222 2469 δὲ
1253 2445 1298 2469 καὶ
1330 2443 1475 2479 Σωζόμενός
1506 2452 1585 2479 φασιν
1613 2444 1653 2470 ὅτι
1685 2444 1762 2475 εὐθὺς
1792 2445 1855 2480 μετὰ
1883 2446 1911 2471 τὸ

1117 2487 1274 2518 ἐκϐληθῆναι
1302 2487 1413 2523 Παῦλον,
1438 2489 1484 2513 καὶ
1508 2486 1648 2520 ἀναζεῦξαι
1677 2489 1850 2515 Κωνστάντιον
1877 2489 1911 2521 εἰς

1119 2533 1305 2569 Ἀντιόχειαν,
1339 2533 1363 2558 οἱ
1393 2531 1580 2569 ὰρειανίζοντες
1618 2535 1782 2570 μετέστησαν
1813 2532 1838 2559 ἐι
1867 2537 1911 2564 τῆς

1117 2575 1313 2615 Ἀλεξανδρειας
1344 2578 1506 2615 Γρηγόρῐον,
1545 2578 1580 2609 ὡς
1620 2579 1678 2604 οὔτε
1719 2577 1911 2614 Ἀλεξανδρεῦσι

1116 2623 1288 2659 καταθύμιον,
1306 2624 1351 2648 καὶ
1367 2622 1402 2653 ὡς
1426 2621 1505 2658 ἀμελῆ
1523 2624 1588 2660 πρὸς
1605 2624 1735 2649 σύστασιν
1754 2626 1800 2649 τοῦ
1819 2622 1909 2650 οἰκείου

1118 2666 1267 2705 δόγματος·
1296 2667 1353 2693 ἀντὶ
1387 2665 1417 2693 6‘:
1448 2668 1554 2703 τούτου,
1581 2669 1708 2704 Γεώργιον
1739 2667 1859 2705 ἔπεμψαν,
1885 2668 1909 2699 ὃς

1117 2713 1142 2740 ἐκ
1176 2711 1367 2744 Καππαδοκίας
1397 2713 1442 2749 μὲν
1473 2714 1588 2750 ὡρμᾶτο,
1615 2711 1695 2745 δόξαν
1727 2711 1757 2741 δε
1787 2714 1841 2752 περὶ
1863 2715 1908 2744 τὴν

1116 2758 1237 2798 ἀρειανὴν
1254 2759 1393 2797 θρησκείαν
1409 2757 1542 2787 ἐκέκτητο.
