1917 3073
228 66 263 94 19
903 62 1043 93 NICETIE

1111 62 1230 94 ONITIE

229 129 283 166 qui
297 128 439 158 dicebant
449 128 553 156 Filium
576 129 627 157 Dei
645 136 712 157 esse
727 129 765 158 de
785 128 890 162 nihilo,
910 135 946 156 ac
966 127 1055 155 fuisse

1111 137 1207 163 ’νοντας
1232 129 1276 155 τὸν
1304 129 1362 156 Υίόν
1382 132 1429 156 τοῦ
1448 131 1522 164 Θεοῦ,
1537 131 1583 156 καὶ
1599 129 1639 156 ὅτι
1663 130 1694 159 ἦν
1716 131 1772 158 ὅτε
1793 129 1874 156 οὐκ

230 177 351 210 tempus
361 174 485 210 quando
498 182 559 202 non
568 176 647 209 erat;
661 177 805 211 prmterea
818 177 846 203 et
858 173 1056 206 Sabellianos,

231 227 309 255 quos
339 219 498 247 nominant
527 219 653 248 Romani
684 220 933 256 Patropassimos,
954 219 1057 255 utpote

231 265 349 292 Patrem
363 272 430 292 cum
448 263 518 292 Filio
532 266 561 292 et
579 264 690 301 Spiritu
705 267 810 293 sancto
827 263 1056 297 confundentes,

232 310 261 337 et
274 316 356 337 nunc
366 308 489 345 quidem
505 316 574 336 eum
590 310 714 346 Patrem,
736 317 817 338 nunc
835 309 951 344 Filium,
976 315 1058 336 nunc

234 353 375 390 Spiritum
392 355 531 381 sanctum
546 353 745 389 appellantes.
761 354 932 382 Promiscue
942 352 1022 382 enim
1030 354 1058 381 et

232 398 392 426 indiscrete
412 399 548 426 Romana
574 398 679 434 lingua
702 399 810 427 dicitur
831 399 955 435 passim.
984 400 1057 427 Cum

233 445 335 471 autem
357 443 437 471 hanc
469 442 561 470 fidem
594 451 656 471 non
695 444 880 481 recepissent
918 443 1059 471 Occiden—

232 488 317 523 tales,
331 488 384 516 sed
400 488 532 516 dicerent
546 487 603 516 sibi
618 488 755 517 sufﬁcere
770 489 891 517 Nicaana
903 489 1057 523 dogmata,

234 533 352 570 scripsit
362 532 401 561 ad
420 532 542 561 fratrem
559 534 706 562 Constans
721 533 777 562 sibi
790 534 905 570 justum
919 533 1011 562 videri
1027 535 1060 561 ut

232 577 388 607 Athanasii
408 577 578 606 fautoribus
602 578 745 615 proprit‘e"
758 578 844 607 sedes
868 578 1059 607 restitueren-

233 625 293 653 tur.

270 669 315 696 13.
350 667 499 700 Quoniam
526 669 627 696 autem
655 667 729 696 nihil
755 667 922 704 perfectum
949 667 1056 702 fuerat,

233 713 354 741 duobus
370 712 604 749 imperatoribus
613 712 726 749 placuit
734 713 895 741 concilium
902 713 1057 742 Sardicam

233 758 443 787 convocari.Et
458 760 664 786 convenerunt
683 766 719 786 ex
739 758 923 786 Theodoreto
936 757 1057 786 ducenti

233 805 262 831 et
288 802 509 840 quinquaginta
532 802 682 839 episcopi;
705 811 742 831 ex
765 804 884 832 Socrate
908 805 1010 831 autem
1030 794 1092 832 etB

234 848 410 882 Sozomeno,
438 855 473 875 ex
502 847 738 876 occidentalibus
763 847 900 884 partibus
919 847 980 875 fere
999 849 1056 875 tre-

233 892 320 927 centi,
342 900 376 920 ex
392 891 588 920 orientalibus
604 893 705 920 autem
722 900 774 920 sex
795 893 824 920 et
842 892 1034 929 septuaginta
1048 901 1055 927 ;

231 944 364 973 quorum
391 937 421 964 in
439 944 566 964 numero
581 938 667 965 erant
684 936 824 970 Sabinus,
853 936 1000 965 Heracleae
1026 937 1056 965 in

230 981 354 1010 Thracia
378 981 664 1010 Macedonianorum
683 981 855 1018 episcopus,
874 983 903 1009 et
921 981 1057 1017 lschyras

229 1026 435 1063 quiMareotite
442 1026 652 1062 episcopatum
665 1026 704 1055 ab
715 1026 871 1055 Athanasii
879 1026 1056 1055 adversariis

231 1070 606 1107 acceperat.0ccidentales
614 1070 737 1107 quidem
746 1071 899 1099 Sardicam
910 1079 1056 1099 convene-

229 1117 310 1150 runt,
322 1115 481 1144 orientales
498 1123 580 1148 vero,
598 1123 667 1143 cum
695 1115 926 1152 Philippopolim
954 1123 1056 1152 perve-

230 1162 356 1193 nissent,
370 1160 405 1188 iis
420 1163 526 1188 notum
550 1160 684 1188 fecerunt
707 1168 739 1188 se
753 1168 824 1188 cum
849 1161 885 1188 iis
907 1168 968 1189 non
981 1160 1055 1189 velle

231 1205 376 1241 colloqui,
391 1205 449 1233 nisi
464 1213 482 1233 a
497 1205 633 1233 sessione
651 1208 680 1233 et
702 1205 917 1233 communione
936 1205 1056 1241 expule-

227 1250 288 1278 rint
302 1249 456 1277 Athanasii
469 1249 601 1277 fautores
616 1251 650 1278 ut
662 1249 825 1286 depositus.
838 1249 895 1278 Illis
908 1252 1009 1278 autem
1024 1249 1055 1278 id

227 1303 290 1323 non
306 1294 482 1329 ferentibus,
500 1294 519 1321 ii
533 1294 693 1322 concilium
707 1293 842 1322 habuere
857 1295 887 1322 in
900 1294 966 1331 ipsa
980 1294 1054 1323 urbe

227 1339 440 1376 Philippopoli,
467 1340 495 1367 et
517 1339 732 1375 deposuerunt,
747 1346 803 1375 pro
824 1339 918 1372 libito,
942 1339 1054 1368 Julium

226 1385 408 1417 Romanum,
420 1391 456 1412 eo
467 1384 550 1420 quod
562 1384 678 1420 primus
694 1391 764 1412 cum
773 1384 936 1413 Athanasio
952 1386 980 1412 et
989 1385 1054 1420 ejus

226 1428 396 1457 fautoribus
411 1428 674 1464 communicasset,
691 1428 813 1457 Hosium
828 1428 1053 1457 Cordubensem

1111 174 1175 209 πρὸς
1191 171 1220 200 δὲ
1234 175 1279 200 καὶ
1297 175 1359 205 τοὺς
1380 174 1573 208 Σαϐιλλιανοὺς,
1598 174 1641 205 οὓς
1663 175 1881 212 ὀνομάζουσι

1111 220 1185 254 μαῖοι
1207 221 1455 256 πατροπασσίμους,
1486 220 1520 250 ὡς
1548 220 1592 245 τὸν
1619 222 1720 256 Πατέρα
1748 222 1905 256 συγχέε

1112 262 1146 293 εἱς
1164 264 1224 290 Υἱὸν
1243 266 1288 290 καὶ
1309 265 1339 290 τὸ
1358 267 1471 300 Πνεῦμα,
1488 266 1533 291 καὶ
1553 265 1614 291 ποτὶ
1634 267 1679 301 μέν
1701 265 1803 291 αὐτὸν
1828 268 1905 290 Hart

1112 309 1173 334 ποτε
1197 306 1227 335 δὲ
1239 309 1308 342 Υἱὸν,
1329 310 1391 336 ποτε
1407 307 1437 336 δὲ
1465 312 1570 345 Πνεῦμα
1598 309 1791 346 ὀνομαζοντας
1811 318 1822 326 ο
1857 310 1905 335 τόη

1111 351 1202 389 χύδην
1226 355 1271 379 καὶ
1298 352 1459 392 ἀδιακρίτως
1483 355 1618 390 πάσσιμον
1643 355 1658 384 ἡ
1681 356 1852 392 Ῥωμαῖκὴ
1898 354 1905 380 Ἰ

1113 400 1193 433 φωνή.
1223 399 1325 428 Ταύτην
1354 397 1385 425 δὲ
1417 401 1464 428 την
1492 401 1583 425 πίστιν
1615 401 1651 435 μη
1691 398 1905 437 παραδεξαμ.

1112 446 1162 468 τῶν
1190 445 1314 476 Δυτικῶν,
1338 442 1391 469 ἀλλ’
1414 442 1536 470 εἰπόντων
1561 443 1698 481 ἀρκεῖσθαι
1725 448 1798 475 τοῖς
1844 445 1882 470 ἓν

1112 489 1177 523 καίᾳ
1200 486 1319 521 δόξασιν,
1346 488 1443 525 ἔγραψε
1467 489 1531 526 πρὸς
1554 489 1597 514 τὸν
1622 487 1731 526 ἀδελφὸν
1757 489 1776 515 ὁ
1810 491 1905 515 Κὼν‹

1114 531 1190 563 ἀξιῶν
1213 531 1377 564 ἀποδοθῆναι
1395 537 1448 564 τοῖς
1470 535 1530 570 περὶ
1544 533 1700 560 Ἀθανάσιον
1718 535 1795 566 τοὺς
1822 533 1905 560 οἶκε

1114 577 1228 614 θρόνους.

1149 666 1194 703 ιγ’.
1208 665 1250 697 Ὠς
1272 665 1302 693 δὲ
1324 665 1400 694 οὐδὲν
1426 666 1517 697 ῆνύετο
1536 667 1622 702 πλέον,
1649 666 1723 700 ἔδοξε
1750 668 1879 705 γνώμῃ

1113 709 1161 738 δύο
1190 711 1319 748 βασιλέων
1339 711 1513 748 ἀθροισθῆναι
1542 710 1653 739 σύνοδον
1677 714 1702 739 ἓν
1730 711 1888 750 Σαρδικῆ

1111 755 1202 783 πόλει·
1223 759 1268 783 καὶ
1292 757 1473 794 ἠθροίσθησαν
1497 759 1566 784 κατὰ
1593 759 1638 794 μὲν
1664 756 1864 796 Θεοδώρητον
1889 767 1905 784 11

1111 803 1224 830 τήκοντα
1235 804 1280 828 καὶ
1302 800 1436 829 διακόσιοι
1457 802 1607 836 ἐπίσκοποι,
1623 804 1691 829 κατὰ
1719 801 1748 829 δὲ
1774 803 1905 840 Σωκρσὲ

1111 848 1155 872 καὶ
1183 846 1329 882 Σωζόμενον
1355 846 1382 872 ἐκ
1407 848 1452 883 μὲν
1487 851 1536 873 τῶν
1569 847 1693 884 ἑσπερίων
1729 852 1832 885 μερῶν
1879 857 1905 873 π

1110 892 1170 922 τοὺς
1195 893 1372 928 τριακοσίους,
1390 890 1417 917 ἐκ
1449 889 1479 918 δὲ
1506 895 1556 918 τῶν
1579 891 1645 927 ἑῴων
1669 892 1697 923 ἐξ
1723 894 1769 918 καὶ
1805 890 1905 927 ἑϐδορ

1110 943 1205 962 κοντα”
1229 934 1268 967 οἷς
1291 937 1475 973 συνηριθμεῖτο
1493 939 1539 963 και
1555 936 1689 968 Σαϐῖνοςὸ
1708 940 1757 963 τῶν
1787 937 1820 963 ἓν
1849 936 1905 974 Ὶῐρ

1110 980 1182 1017 κλείᾳ
1212 985 1260 1011 τῆς
1297 982 1404 1018 Θρᾴκης
1437 979 1636 1008 Μακεδονιανῶν
1675 981 1844 1017 ἕπίτκοπος,
1894 992 1905 1008 ν

1111 1025 1239 1062 Ἰσχύρας
1265 1025 1413 1063 ἐπιτραπεὶς
1442 1028 1489 1055 τὴν
1517 1029 1563 1052 τοῦ
1589 1029 1731 1063 Μαρεώτου
1763 1025 1905 1053 ἔπισκοπ

1110 1071 1182 1108 παρὰ
1205 1074 1254 1096 τῶν
1291 1069 1506 1107 ἀπεχθανομένων
1538 1074 1575 1106 τῷ
1610 1071 1769 1107 ¹Αθανασίῳ.
1813 1074 1880 1098 Καὶ

1110 1116 1155 1151 μὶν
1170 1117 1275 1141 Δυτικοὶ
1293 1116 1351 1141 κατ’
1375 1115 1455 1144 αὐτὴν
1483 1117 1530 1145 τὴν
1552 1114 1684 1153 Σαρδίκὴν
1710 1115 1852 1146 συνῆλθον
1867 1125 1875 1131 ·

1111 1157 1141 1186 δὲ
1176 1159 1346 1196 Ἀνατολικοὶ,
1380 1160 1568 1191 καταλαϐόντες
1605 1163 1652 1190 τὴν
1691 1160 1905 1188 Φιλιππούπολι

1110 1202 1245 1234 ἐδήλωσαν
1277 1204 1368 1236 αὐτοῖς
1393 1206 1428 1236 ὡς
1456 1204 1503 1231 οὐκ
1535 1204 1616 1236 ἄλλως
1644 1205 1680 1236 εἰς
1708 1205 1805 1242 λόγους
1841 1205 1905 1232 ὲλθε

1109 1249 1199 1280 αὐτοῖς
1224 1248 1365 1283 ἐθέλουσιν,
1398 1249 1419 1276 εἰ
1443 1252 1479 1286 μὴ
1504 1251 1561 1281 τοὺς
1590 1252 1649 1287 περὶ
1665 1250 1829 1277 Ἀθανάσιον
1865 1249 1905 1276 ἀπ

1109 1293 1221 1320 λάσουσι
1244 1297 1290 1320 τοῦ
1313 1292 1451 1332 συνεδρίου
1472 1296 1517 1320 καὶ
1547 1299 1594 1326 τῆς
1617 1296 1749 1326 κοινωνίας
1767 1296 1806 1326 ὡς
1836 1296 1905 1321 καθ]

1108 1341 1244 1375 ρημένους.
1269 1342 1325 1365 Τῶν
1341 1337 1371 1365 δὲ
1385 1341 1421 1375 μὴ
1448 1338 1620 1376 ἀνεχομένων,
1642 1341 1732 1366 imiimi
1757 1338 1905 1376 συνήδρευ

1110 1393 1157 1409 σαν
1173 1383 1292 1414 ἀλλήλοις
1316 1383 1340 1410 ἐν
1355 1383 1420 1421 αὗτῃ
1450 1388 1481 1420 τῇ
1507 1383 1718 1417 Φιλιππουπόλει,
1747 1386 1795 1410 καὶ
1826 1385 1905 1411 καθεέ

1107 1427 1160 1462 λον,
1197 1429 1229 1459 ὡς
1269 1427 1401 1464 ἐνόμισαν,
1441 1428 1547 1456 Ἰούλιον
1575 1429 1620 1465 μὶν
1652 1432 1699 1460 τῆς
1727 1429 1846 1466 Ῥώμης,
1886 1430 1905 1454 ὡ

227 1476 350 1511 propter
364 1473 506 1502 eamdem
519 1481 657 1507 causam,
674 1475 703 1502 et
724 1474 796 1510 quia
819 1474 935 1502 amicus
958 1474 1054 1502 fuerat

1111 1472 1223 1509 εἵρξαντα
1244 1476 1292 1504 τῆς
1317 1474 1382 1510 πρὸς
1408 1472 1564 1500 Ἀθανασιον
1587 1475 1632 1499 καὶ
1655 1475 1717 1504 τοὺς
1742 1472 1805 1509 ἀμφ’
1835 1473 1905 1499 αὐτὸ

228 1519 344 1548 Paulini
365 1521 393 1547 et
404 1518 550 1547 Eustathii
566 1518 618 1554 qui
633 1518 821 1547 Antiochiam
832 1521 981 1553 rexerant,
997 1520 1054 1547 Ma-

226 1564 377 1593 ximinum
398 1563 613 1599 Trevirensem,
642 1565 745 1600 utpote
768 1564 821 1600 qui
845 1564 963 1600 primus
984 1571 1053 1592 cum

226 1608 319 1637 Paulo
343 1608 606 1642 communicasset,
632 1609 827 1644 Protogenem
857 1608 986 1637 Sardicaa
1018 1615 1054 1636 eo

227 1652 312 1689 quod
327 1652 497 1681 Marcellum
512 1652 686 1680 defenderet
704 1660 796 1689 quem
811 1652 895 1689 prius
910 1652 1054 1680 condem-

227 1698 363 1729 naverat,
380 1696 581 1724 Gaudentium
598 1698 632 1725 ut
645 1696 730 1725 aliter
745 1699 885 1733 agentem
907 1704 941 1724 ac
958 1696 1054 1732 Cyria-

230 1749 282 1769 cus
297 1740 346 1768 cui
359 1743 555 1776 successerat,
571 1742 600 1769 et
623 1743 655 1769 ut
676 1740 797 1777 plurimi
820 1741 980 1769 facientem
1003 1749 1055 1770 eos

230 1793 308 1822 quos
321 1785 533 1822 deposuerant.

267 1920 311 1948 14.
325 1919 404 1948 Hosii
413 1921 514 1948 autem
523 1919 657 1948 fautores
666 1921 829 1956 postquam
841 1922 1055 1955 convenerant,

230 1965 405 1994 innocentes
418 1964 649 1993 declaraverunt
672 1965 867 1993 Athanasium
885 1965 1008 2001 quidem
1024 1967 1056 1993 ut

230 2010 339 2046 injuste
356 2009 395 2038 ab
409 2010 445 2038 iis
460 2010 512 2046 qui
522 2011 632 2046 Tyrum
645 2009 799 2045 congressi
811 2011 1053 2045 erantvexatum,

231 2055 402 2084 Marcellum
414 2063 486 2083 vero
500 2057 534 2083 ut
547 2055 671 2083 minime
682 2057 864 2083 annuentem
878 2063 910 2083 se
925 2056 1054 2090 cogitare

231 2108 298 2136 quae
305 2100 382 2128 falso
390 2099 765 2135 arguebanturManifestae
774 2100 853 2129 enim
860 2100 1056 2137 erant,inquit

1107 1519 1251 1553 κοινωνίας,
1266 1516 1359 1544 Ὀσιον
1381 1515 1410 1544 δὲ
1434 1519 1477 1544 τὸν
1507 1516 1660 1554 Κορδούϐης
1685 1516 1731 1544 διά
1753 1528 1779 1544 τε
1797 1520 1847 1547 τὴν
1871 1518 1905 1544 αὖ

1108 1563 1155 1590 τὴν
1171 1561 1267 1596 αἰτίαν,
1288 1564 1332 1589 καὶ
1359 1563 1399 1589 ὅτι
1424 1561 1495 1599 φίλος
1522 1561 1620 1598 ἐγένετο
1643 1562 1761 1598 Παυλίνῳ
1785 1565 1832 1589 καὶ
1860 1563 1905 1589 Εὐ

1110 1608 1209 1643 σταθὶῳ
1235 1611 1289 1639 τοῖς
1318 1608 1496 1644 ἠγησαμένοις
1517 1611 1565 1639 τῆς
1591 1607 1766 1644 Ἀντιοχιίας,
1793 1608 1905 1644 Μαξιμῖ

1107 1661 1149 1678 νον
1179 1650 1209 1678 δὴ
1232 1652 1373 1690 Τριϐέρεως
1401 1654 1434 1683 ὠς
1458 1657 1559 1690 πρῶτον
1583 1652 1677 1689 Παύλῳ
1701 1655 1903 1681 κοινωνήσαντα

1109 1698 1277 1733 Πρωτογένην
1315 1695 1345 1724 δὲ
1377 1701 1425 1728 τῆς
1461 1695 1595 1735 Σαρδικῆς
1629 1699 1664 1729 ὡς
1702 1697 1905 1735 ὑπερμαχοῦντα

1108 1741 1258 1778 Μαρκέλλου
1285 1745 1331 1768 τοῦ
1365 1744 1489 1779 πρότερον
1522 1742 1564 1768 ὑπ’
1588 1742 1668 1768 αὐτοῦ
1690 1741 1905 1778 καταψηφισθέν-

1108 1796 1162 1822 τος,
1193 1785 1346 1814 Γαυδέντιον
1370 1785 1400 1814 δε
1428 1788 1463 1818 ὡς
1489 1788 1628 1814 ὑπεναντία
1649 1786 1834 1818 σπουδάζοντα
1859 1790 1905 1814 Κυ-

1108 1836 1192 1868 ριακῷ
1217 1833 1244 1859 ὄν
1271 1831 1416 1867 διεδέξατο,
1440 1835 1486 1860 καὶ
1513 1835 1573 1865 τοὺς
1597 1833 1659 1871 παρ’
1683 1833 1767 1859 αὐτῶν
1787 1834 1905 1870 καθῃρη-

1109 1878 1199 1913 μένους
1212 1879 1271 1914 περὶ
1285 1877 1378 1904 πολλοῦ
1392 1878 1554 1915 ποιούμενον.

1146 1920 1192 1950 ιδ’.
1208 1923 1240 1948 Οἱ
1256 1920 1287 1949 δέ
1298 1933 1328 1958 γε
1347 1921 1412 1959 ἀμφὶ
1433 1924 1477 1949 τὸν
1495 1922 1597 1957 Ὀσιον,
1621 1922 1789 1957 συνελθόντες,
1805 1922 1905 1952 ἆθώους

1109 1966 1240 2003 ἀπέφηναν
1273 1966 1427 1994 Ἀθανοὲσιον
1464 1969 1509 2004 μὲν
1545 1969 1579 1999 ὡς
1616 1965 1715 1999 ἀδίκως
1757 1966 1901 1994 ἐπιϐουλευ-

1111 2012 1185 2038 θέντα
1213 2013 1285 2048 παρὰ
1313 2016 1362 2038 τῶν
1391 2013 1415 2039 ἐν
1443 2013 1520 2050 Τύρῴ
1549 2012 1731 2046 συνελθόντων,
1758 2012 1902 2049 Μάρκελλον

1110 2054 1140 2082 δὲ
1170 2055 1213 2083 οἶα
1240 2059 1275 2093 μὴ
1310 2057 1377 2083 οὕτω
1403 2057 1511 2094 λέγοντα
1536 2061 1634 2095 φρονεῖν
1667 2058 1701 2088 ὡς
1726 2055 1869 2084 διεϐάλλετο
1892 2063 1899 2072 ·

1109 2100 1228 2138 ἐφωράθη
1248 2102 1310 2139 γὰρ,
1340 2104 1419 2138 φησὶν
1441 2103 1454 2128 ὁ
1485 2100 1667 2139 Θεοδώρὴτος,
1700 2105 1748 2127 τῶν
1774 2104 1828 2138 περὶ
1858 2103 1899 2128 τόν

230 2145 443 2179 Theodoretus,
472 2144 560 2173 malae
588 2145 826 2173 Eusebianorum
859 2148 949 2173 artes.
982 2146 1053 2179 Quae

1111 2145 1259 2176 Εὐσέϐιονὴ
1290 2148 1449 2183 κακοτεχνία
1466 2155 1472 2162 ·
1497 2146 1536 2173 ὃτι
1565 2146 1583 2173 ἃ
1609 2146 1693 2177 ζητῶν
1717 2148 1730 2173 ὸ
1758 2146 1899 2183 Μάρκελλος

230 2190 322 2218 emim
337 2189 491 2218 Marcellus
503 2193 537 2218 ut
551 2190 676 2226 quaesita
691 2190 816 2224 dixerat,
833 2198 868 2219 ea
884 2192 916 2218 ut
929 2190 967 2219 ab
988 2190 1053 2226 ipso

230 2237 314 2263 extra
329 2235 562 2263 controversiam
573 2235 670 2272 posita
683 2235 956 2264 calumniabantur.
979 2237 1053 2264 Cum

229 2281 330 2308 autem
344 2287 379 2308 ea
391 2279 421 2308 in
441 2280 559 2316 synodo
584 2280 713 2308 Sardicea
731 2280 835 2308 habita
848 2280 924 2308 lecta
943 2282 1052 2316 essent,

227 2326 309 2353 recta
322 2325 444 2353 inventa
458 2327 504 2353 est
529 2325 620 2361 hujus
642 2325 774 2353 hominis
801 2325 887 2354 ﬁdes.
917 2326 1052 2354 Socrates

228 2373 330 2399 autem
354 2370 425 2399 dicit
446 2370 617 2399 Marcellum
644 2372 677 2398 ut
703 2370 988 2399 condemnationem
1009 2378 1054 2399 re-

229 2415 362 2452 pelleret,
376 2416 564 2452 persuasisse
578 2415 728 2451 episcopis
744 2415 873 2444 Sardica:
889 2423 1051 2451 congrega-

227 2462 264 2490 tis
279 2468 330 2489 eos
343 2460 503 2497 quiipsum
517 2460 721 2496 deposuerant
734 2467 796 2488 non
806 2460 970 2496 intelligere
982 2469 1050 2497 quae

227 2506 398 2543 scripserat,
414 2508 504 2542 atque
519 2504 587 2533 ideo
612 2513 643 2533 se
668 2505 888 2534 Samosatensis
918 2506 1051 2543 episcopi

226 2551 414 2588 suspiciones
435 2550 607 2578 incurrisse.
633 2550 806 2579 Patriarcha
828 2558 900 2579 vero
928 2551 1048 2579 Photius

224 2597 412 2625 narrationes
424 2595 582 2624 conferens
591 2595 720 2624 Socratis
731 2604 766 2624 ac
778 2596 964 2631 Theodoreti,
979 2596 1050 2625 dicit

225 2641 419 2670 Sardicenses
432 2641 590 2677 episcopos
611 2648 681 2669 vere
695 2641 837 2678 deceptos
852 2649 939 2675 esse;
963 2649 1047 2668 cum-

222 2694 282 2722 que
296 2694 358 2714 non
371 2686 448 2714 bene
463 2685 676 2724 intellegissent
693 2685 820 2714 Marcelli
836 2686 955 2722 scripta,
967 2686 1046 2714 male

221 2738 291 2759 eum
303 2730 499 2767 justiﬁcasse;
516 2729 585 2758 inde
600 2729 753 2758 neminem
775 2730 925 2766 accepisse
941 2738 1045 2759 eorum

1109 2191 1205 2228 εἴρηκε,
1252 2195 1336 2218 ταῦτα
1386 2193 1418 2222 ὡς
1466 2192 1653 2228 ὡμολογημένα
1705 2190 1895 2220 διαϐεϐλήκασι.

1108 2237 1211 2262 Τούτων
1239 2235 1264 2263 δ’
1298 2236 1340 2263 ἐπὶ
1372 2241 1417 2268 τῆς
1447 2235 1560 2263 συνόδου
1591 2240 1638 2268 τῆς
1674 2236 1740 2262 κατὰ
1773 2234 1894 2272 Σαρδικην

1109 2279 1334 2317 ἀναγνωσθέντων,
1357 2282 1420 2319 ὀρθὴ
1448 2285 1494 2308 τοῦ
1520 2279 1613 2319 ἀνδρὸς
1641 2282 1656 2311 ἡ
1686 2283 1776 2312 πίστις
1797 2282 1890 2318 εὑρέθη.

1109 2328 1246 2363 Σωκρατης
1280 2324 1310 2352 δέ
1340 2336 1418 2363 φησιν
1454 2327 1495 2353 ὃτι
1521 2325 1686 2352 ἀναπαλαίων
1713 2327 1725 2352 ὁ
1757 2325 1892 2363 Μάρκελλος

1108 2372 1155 2399 τὴν
1174 2369 1321 2400 καταδίκην
1349 2372 1436 2397 ἔπεισε
1464 2373 1525 2402 τόὺς
1552 2370 1576 2397 ἐν
1603 2369 1719 2408 Σαρδικῇ
1748 2372 1781 2408 μὴ
1803 2371 1889 2399 νοῆσαι

1107 2417 1167 2446 τοὺς
1185 2415 1340 2446 καθελόντας
1360 2415 1447 2448 αὐτὸν,
1481 2415 1498 2441 ἁ
1521 2417 1635 2452 γέγραφε
1651 2423 1658 2430 ³
1682 2417 1728 2441 καὶ
1753 2414 1794 2442 διὰ
1818 2419 1887 2441 τοῦτο

1107 2462 1154 2489 τὴν
1176 2460 1297 2486 ὑπόνοιαν
1325 2463 1371 2486 τοῦ
1398 2462 1567 2496 Σαμοσατέως
1583 2459 1679 2488 λαϐεῖν.
1694 2460 1724 2486 Ὀ
1752 2458 1780 2486 δὲ
1803 2469 1884 2497 ἰτατρι⁴

1106 2505 1195 2541 άρχης
1224 2506 1329 2538 Φώτιος,
1352 2503 1450 2540 σχόλια
1468 2505 1594 2542 παραθεὶς
1626 2508 1672 2531 τοῦ
1701 2514 1728 2531 τε
1754 2505 1886 2539 Σωκράτους

1105 2551 1150 2576 καὶ
1170 2553 1216 2576 τοῦ
1232 2548 1415 2587 Θεοδωρήτου,
1437 2551 1516 2585 φησὶν
1545 2549 1585 2575 ὃτι
1616 2549 1641 2575 ἒν
1667 2547 1780 2586 Σαρδικῇ
1802 2548 1883 2585 μᾶλλον

1105 2595 1280 2624 ἠπατήθησαν
1298 2601 1304 2607 ·

1103 2639 1191 2666 κέλλου
1219 2640 1390 2676 σύγγραμμα,
1420 2643 1507 2670 κακῶς
1536 2639 1614 2665 αὑτὸν
1638 2636 1808 2664 ἐδικαίωσαν·
1832 2639 1879 2665 ὅθεν

1336 2596 1381 2620 καὶ
1409 2596 1445 2631 μή
1472 2596 1611 2625 νοήσαντες
1639 2593 1751 2630 ἀκριϐῶς
1775 2595 1799 2619 τὸ
1820 2597 1880 2631 Μαρ-

1103 2682 1189 2715 οὔδεὶς
1211 2682 1371 2721 παρεδέξατο
1394 2686 1440 2713 τὴν
1469 2685 1528 2722 περὶ
1552 2684 1645 2710 τούτου
1672 2685 1759 2721 κρίσιν
1787 2683 1875 2710 αὐτῶν·

1102 2729 1156 2756 ἀλλ’
1186 2730 1256 2756 ἔστιν
1271 2729 1319 2761 ἔξω
1330 2734 1376 2761 τῆς
1400 2729 1584 2761 Ἐκκλησίαςό
1604 2728 1762 2766 Μάρκελλος.
1786 2728 1874 2756 nam-
