1917 3073
224 101 258 128 23
891 94 1025 125 NICETE
1045 92 1229 125 CHONIATE

225 161 397 191 interfectus
408 162 454 189 est
466 160 517 198 qui
526 162 628 189 Romae
642 160 844 197 imperaverat
856 156 1039 194 Magnentius

1129 162 1233 185 ωτεινοῦ
1253 159 1366 187 συνόδου
1392 163 1538 198 γεγονυίας,
1555 163 1579 189 ἄν
1593 166 1630 199 τῷ
1651 165 1748 200 μεταξὺ
1774 167 1915 202 accep}:

225 209 254 235 et
276 209 423 243 tyrannus
436 205 520 240 alter,
542 205 679 234 Silvanus
696 205 829 235 nomine.
843 207 950 240 Magna
962 203 1052 238 igitur

226 251 383 280 securitate
397 251 428 279 in
442 252 574 279 veterem
589 252 715 278 Romam
740 250 891 286 profectus
915 251 958 277 est
977 250 1050 277 Con-

227 296 355 326 stantius
367 296 516 332 jussitquc
527 295 679 332 synodum
693 295 850 324 Mediolani
861 294 935 323 ﬁeri.

264 435 307 461 l7.
333 434 458 467 lnterea,
474 434 507 460 ut
521 433 625 460 narrat
649 431 841 465 Sozomenus,
858 438 926 459 cum
951 430 1049 459 Antio-

227 478 325 506 chiam
341 477 552 505 convenissent
566 476 719 504 Narcissus
732 475 905 512 Irenopolis,
920 477 948 504 et
961 475 1052 503 Theo-

215 523 318 551 'dorus
329 521 673 556 Heracleaa,etEugenius
688 521 741 557 qui
753 521 916 556 Theognidi
931 520 1050 548 Nicaeno

225 569 411 597 successerat
433 570 461 596 et
482 566 667 603 Petrophilus
689 566 888 603 Scythopolis,
914 568 942 593 et
956 567 1052 594 Meno-

226 614 358 650 phantus
383 612 492 649 Ephesi
516 614 544 640 et
569 611 620 639 alii
638 619 733 647 prope
758 611 888 645 triginta,
905 610 1051 638 universis

226 658 374 694 episcopis
402 660 507 685 contra
533 656 730 685 Athanasium
755 656 911 692 scripsere.
937 657 1051 684 Conve-

225 705 336 731 nerunt
371 705 470 730 autem
504 701 703 730 Mediolanum
741 701 829 737 pauci
858 700 981 736 quidem
1015 709 1051 729 ex

227 748 353 781 Oriente,
385 747 450 775 aliis
480 746 723 784 praetexentibus,
751 748 784 774 ut
811 746 970 789 verisimile
994 748 1049 777 est,

226 795 407 822 senectutem
423 795 475 821 aut
488 791 628 819 morbum
640 793 692 819 aut
701 791 812 819 itineris
824 790 1048 824 difﬁcultatem;

1105 204 1178 238 παρὰ
1191 208 1241 230 τῶν
1254 205 1335 232 αὑτοῦ
1353 211 1507 243 στρατηγῶν
1517 207 1531 232 ὁ
1546 211 1710 244 τυραννήσας
1725 210 1823 247 Ῥώμη
1837 221 1858 242 ς
1879 213 1915 237 Μ

1105 249 1208 284 νέντιος,
1224 252 1269 276 καὶ
1285 251 1369 288 ἔτερος
1395 253 1516 289 τύραννος
1533 252 1553 287 ᾧ
1579 253 1698 285 Σιλϐανός
1719 257 1802 292 ὄνομα
1827 265 1840 270 ·
1884 265 1915 281 κ

1106 292 1201 323 πολλὴν
1225 297 1311 321 τοίνυν
1326 294 1416 323 ἀδιιαν
1432 296 1474 323 ἰπὶ
1498 299 1546 326 τήν
1569 299 1748 337 πρεσϐυτέραν
1767 300 1911 337 Ῥώμη

1106 340 1284 371 Κωνστοξντιος
1296 341 1425 378 ὁρμήσας,
1439 341 1567 369 ὶκέλευσεν
1582 342 1606 369 ἐν
1621 342 1775 382 Μεδιολάνῳ
1787 348 1886 382 γενέ
1892 354 1915 371 σ

1106 382 1226 412 σύνοδον.

1142 428 1186 459 ιζ.
1213 430 1253 457 Ἐν
1281 432 1375 467 τούτῳ,
1403 432 1473 458 καθά
1498 441 1578 469 φησιν
1604 433 1761 471 Σωζόμενος,
1791 435 1854 467 εἰς
1896 436 1915 463 ³.

1104 474 1222 509 τιόχειαν
1255 476 1417 507 συνελθόντες
1452 478 1604 514 Νάρκισσος
1638 479 1651 504 ὁ
1682 479 1915 516 Εὶρηνου-,τὸλει

1105 520 1149 544 καὶ
1176 518 1313 558 Θεόδωρος
1338 521 1502 558 Ἡρακλείας,
1531 525 1576 549 καὶ
1596 523 1715 559 Εὐγένιος
1738 526 1751 551 ὁ
1772 523 1915 561 διάδο;

1106 562 1246 599 Θεόγνιδος
1278 569 1323 591 τοῦ
1355 569 1477 600 Νικαίας,
1505 569 1550 593 καὶ
1581 569 1742 604 Πατρόφιλος
1777 571 1915 596 Σκυθοπ

1105 606 1176 642 λεως,
1203 612 1249 635 καὶ
1276 612 1444 646 Μηνὸφαντος
1471 612 1484 637 ὁ
1519 611 1637 648 Ἐφέσου,
1665 616 1708 640 καὶ
1734 614 1814 641 ἄλλοι
1871 614 1915 651 ἀρ

1105 653 1254 688 τριάκοντα,
1282 655 1396 691 ἔγραψαν
1419 659 1472 686 τοῖς
1495 661 1635 693 πανταχοῦ
1663 657 1824 690 ἐπισκόποις
1870 670 1915 686 κο

1106 695 1263 724 Ἀθανασὼυ
1280 708 1286 714 ·
1321 700 1446 730 συνῆλθον
1472 699 1501 727 δὲ
1523 701 1556 732 εἰς
1580 703 1610 728 τὸ
1635 701 1795 730 Μεδιόλανον
1839 705 1915 740 ὁὶίτ

1105 742 1150 776 μὲν
1170 740 1196 767 ἐκ
1223 747 1270 773 τῆς
1299 743 1360 779 Ἕω,
1384 748 1434 771 τῶν
1459 745 1551 779 ἄλλων,
1577 747 1611 777 ὡς
1636 746 1714 781 εἰκός,
1739 758 1915 786 προφασιο

1105 787 1185 820 μένων
1210 791 1293 825 γῆρας
1316 789 1330 818 ἦ
1361 791 1436 815 νόσον
1456 789 1470 818 ἦ
1496 788 1648 827 ὁδοιπορίαν
1670 794 1773 829 μακράν
1788 801 1796 808 '
1838 795 1886 820 ἑκ

226 847 262 866 ex
284 837 442 866 Occidente
457 839 557 865 autem
573 836 744 872 congregati
764 838 835 863 sunt
849 835 926 863 ultra
938 838 1042 863 trecen-

1127 836 1153 856 ὒν
1184 831 1324 868 Ἐσπερίων
1356 833 1419 870 ὑπὲρ
1452 836 1511 865 τοὺς
1541 839 1716 870 τριακοσίους.
1753 837 1915 869 ’Λξιοὺντ

223 885 281 911 tos.
309 882 508 911 Orientalibus
537 881 627 916 igitur
652 881 779 916 dignum
808 881 1048 909 existimantibus

218 930 418 956 ‘communem
442 926 511 954 ferri
525 929 629 955 contra
646 925 841 953 Athanasium
858 926 1046 960 sententiam,

221 972 392 999 restiterunt
405 971 529 1007 quidam
546 978 583 998 ex
597 969 832 998 occidentalibus
848 970 901 1006 qui
916 970 984 998 etin
999 979 1049 999 ex-

222 1016 320 1044 silium
346 1015 432 1044 missi
456 1017 535 1050 sunt,
559 1017 591 1043 ut
613 1015 747 1043 Liberius
774 1015 884 1048 Romae,
905 1015 1048 1043 Paulinus

221 1061 353 1090 Treveris
369 1061 400 1089 in
424 1060 534 1094 Galliis,
552 1060 712 1096 Dionysius
737 1059 820 1087 Albae
836 1060 867 1087 in
882 1060 974 1094 ltalia,
993 1062 1046 1089 Eu-

215 1106 323 1134 'sebius
334 1105 525 1134 Vercellensis
539 1105 571 1133 in
591 1105 719 1141 Liguria,
735 1105 851 1134 Lucifer
861 1105 1046 1134 Carallarum

221 1151 252 1179 in
281 1151 429 1185 Sardinia,
448 1153 477 1179 et
500 1150 627 1179 Hilarius
655 1150 851 1179 Pictaviensis
867 1151 898 1179 in
913 1150 1047 1179 secunda

220 1195 391 1232 Aquitania.

216 1243 221 1246 '
254 1241 299 1268 18.
325 1239 428 1268 Soluta
451 1241 552 1268 autem
574 1239 685 1268 infecta
698 1247 730 1268 re
745 1240 872 1276 synodo,
894 1239 1046 1269 Eudoxius

219 1284 414 1313 Germaniciae
429 1292 498 1312 cum
518 1284 670 1313 didicisset
695 1287 849 1313 mortuum
868 1293 934 1313 esse
955 1286 1046 1313 Leon-

218 1329 293 1358 tium
309 1329 471 1358 Antiochiw
483 1329 515 1357 in
530 1329 625 1366 Syria,
637 1329 802 1366 postulavit
813 1330 852 1358 ab
865 1330 1045 1366 imperatore

212 1376 250 1403 'ut
267 1374 364 1403 redire
387 1376 491 1411 posset
505 1375 600 1402 Roma
624 1375 852 1408 Germaniciam,
869 1383 935 1411 quae
950 1375 1045 1411 ipsius

215 1419 346 1447 reditum
361 1419 511 1455 cupiebat.
527 1419 614 1452 Quod
629 1427 698 1448 cum
721 1419 909 1452 obtinuisset,
924 1420 1044 1448 sortitus

216 1465 262 1492 est
284 1463 482 1498 Antiochiam,
500 1465 528 1491 et
540 1463 720 1492 Arianorum
741 1464 851 1501 favore,
876 1465 1043 1501 praesertim

1103 876 1147 902 οὖν
1159 880 1210 902 τῶν
1226 876 1383 903 ἀνατολικῶν
1398 881 1486 908 κοινὴν
1501 878 1652 917 ἐκφέρεσθαι
1667 883 1733 908 κατὰ
1745 882 1773 908 Ἀ
1780 884 1915 910 θανασί

1102 920 1199 956 ψῆφον,
1226 920 1388 951 ἀντίστησάν
1413 933 1476 954 τινες
1504 929 1555 950 τῶν
1575 924 1700 962 ἐσπερίων
1724 928 1750 953 οῖ
1773 930 1826 954 καὶ
1862 939 1915 965 πρ

1102 966 1241 1004 ὑπερορίαν
1255 967 1434 1003 ἐπέμφθησαν,
1461 969 1513 995 οἷον
1536 969 1657 1007 Λιϐέριος
1676 971 1818 1008 ὀῬώμης,
1850 977 1915 1000 Hoc

1101 1011 1166 1042 λῖνος
1182 1012 1194 1037 ὁ
1216 1012 1358 1050 Τριϐἐρεως
1373 1017 1421 1044 τῆς
1435 1013 1459 1039 ἓν
1481 1014 1610 1046 Γαλλίαις,
1627 1017 1761 1048 Διονύσιος
1776 1018 1790 1043 ὁ
1805 1017 1851 1045 “Α
1858 1018 1915 1045 λϐι

1101 1061 1149 1087 τῆς
1168 1057 1192 1083 ἓν
1208 1056 1315 1093 Ἰταλίᾳ,
1336 1057 1457 1089 Εὐσέϐιος
1471 1059 1484 1085 ό
1504 1059 1645 1097 Βερχέλλων
1672 1065 1719 1092 τῆς
1745 1064 1914 1100 Λιγουρία

1101 1103 1232 1138 Λουκίφερ
1256 1101 1269 1127 ὀ
1297 1102 1435 1139 Καράλλων
1461 1107 1506 1134 τῆς
1521 1102 1678 1141 Σαρδανίας,
1695 1108 1740 1132 καὶ
1758 1105 1899 1144 Ἱλάριος

1101 1145 1236 1173 Πικτοίϐων
1252 1147 1267 1176 ἦ
1282 1148 1407 1183 Ποτάμων
1422 1152 1470 1179 τῆς
1485 1146 1609 1185 δευτέρας
1620 1149 1795 1182 ’Δκυῑτανίας.

1137 1235 1180 1264 ιη’.
1197 1235 1346 1273 ’Δπράκτου
1376 1235 1406 1263 δε
1433 1241 1479 1268 τῆς
1509 1237 1623 1265 συνόδου
1648 1240 1746 1272 ταύτης
1770 1239 1915 1269 διαλυθει

1101 1289 1159 1314 σης,
1194 1279 1321 1312 Εὗδόξιος
1357 1282 1370 1308 ὁ
1408 1285 1591 1319 Γερμανιχείας
1627 1284 1782 1315 τελευτῆσαι
1817 1289 1915 1323 μαθὰ

1099 1326 1220 1351 Λεόντιον
1244 1327 1288 1351 τὸν
1313 1326 1477 1362 Ἀντιοχείας
1502 1332 1548 1358 τῆς
1571 1329 1640 1355 κατὰ
1668 1332 1772 1367 Συρίαν,
1808 1330 1912 1361 ἑδεήθ

1099 1372 1145 1394 τοῦ
1180 1368 1311 1405 βασιλέως
1348 1369 1491 1398 ἕπανελθεῖν
1525 1371 1575 1399 ἀπὸ
1607 1373 1707 1410 Ῥώμης
1734 1374 1768 1406 εἰς
1804 1378 1915 1414 Γερμα

1098 1416 1204 1448 νικείαν,
1226 1415 1258 1445 ὡς
1284 1417 1441 1451 χρῃζούσης
1463 1416 1542 1443 αὐτοῦ
1565 1422 1613 1448 τῆς
1631 1420 1755 1450 τοιαύτης
1783 1420 1905 1452 πόλεως

1098 1457 1247 1496 ἐπιτραπεὶς
1283 1457 1327 1486 οὖν
1364 1463 1451 1495 τοῦτο,
1486 1461 1616 1498 κατὴαχε
1652 1465 1699 1492 τὴν
1725 1463 1915 1501 Ἀντιόχειαν

214 1514 287 1537 vero
298 1508 451 1543 regiorum
467 1508 685 1540 cunuchorum,
704 1508 762 1537 sibi
775 1509 866 1545 hujus
885 1509 968 1538 urbis
984 1509 1042 1546 epi-

1127 1505 1142 1529 ιὶ
1165 1502 1269 1540 σπουδῇ
1296 1508 1344 1530 τῶν
1361 1505 1507 1541 Ἀρειανῶν,
1534 1507 1652 1543 μάλιστα
1667 1506 1697 1534 δε
1723 1513 1773 1534 τῶν
1802 1509 1914 1536 ϐασιλι

214 1551 374 1589 'scopatum
399 1554 554 1581 assecutus
570 1554 625 1581 est.
648 1554 792 1581 Caeterum
811 1553 897 1582 rediit
911 1553 950 1582 ad
969 1554 1043 1582 Aetii

214 1597 383 1626 doctrinam
414 1597 590 1626 dissimilem
622 1598 697 1626 Patri
729 1597 835 1626 Filium
872 1598 1041 1632 docentem,

213 1650 277 1671 una
292 1650 360 1670 cum
377 1642 476 1670 Acacii
501 1643 654 1678 Caesareae,
672 1644 700 1670 et
715 1642 815 1671 Uranii
830 1643 898 1678 Cyri
910 1643 1043 1679 episcopi

213 1687 393 1715 fautoribus.
418 1687 560 1721 Georgius
573 1689 675 1715 autem
691 1687 845 1715 Laodiceae
860 1687 898 1715 de
910 1687 968 1715 hac
988 1689 1042 1716 Eu-

213 1731 295 1759 doxii
321 1731 515 1759 innovatione
531 1731 648 1759 monuit
668 1731 809 1759 Basilium
831 1731 965 1768 Ancyrae,
987 1733 1044 1760 Ma-

213 1776 375 1804 cedonium
389 1775 583 1812 Mopsuestiae,
595 1778 623 1803 et
636 1777 835 1812 Necropceum
846 1776 1040 1812 Nicomediae;

213 1821 276 1858 qui,
299 1820 452 1848 Eustathio
480 1820 621 1854 Sebastee,
647 1821 676 1848 et
700 1820 816 1848 Eleusio
832 1821 925 1857 Cyzici
945 1821 1042 1857 juncti

209 1864 389 1901 imperatori
414 1864 497 1900 quod
513 1863 675 1892 accidisset
696 1864 884 1899 indicavere;
899 1867 1040 1900 rogantes

212 1911 247 1938 ut
258 1917 295 1938 ea.
308 1909 384 1937 ﬁdes
397 1908 573 1945 praevaleret
598 1917 667 1945 qua:
682 1908 753 1937 dicit
769 1909 873 1937 Filium
890 1917 952 1938 non
971 1918 1041 1939 con-

214 1953 455 1989 substantialem,
467 1953 521 1982 sed
533 1953 661 1982 similem
672 1955 782 1982 natura
797 1954 882 1990 Patri,
901 1955 964 1983 sive
978 1962 1041 1984 non

210 1998 513 2029 consubstantialem;
526 1999 554 2026 et
564 1999 597 2026 ut
608 1998 628 2026 ii
636 1998 689 2034 qui
700 1998 985 2027 consubstantialem
998 1999 1041 2027 di-

214 2046 325 2079 cerent,
336 2043 569 2080 deponerentur.
582 2042 631 2070 His
645 2042 785 2079 precibus
796 2051 934 2071 annuens
949 2044 1041 2080 impe-

213 2091 305 2120 rator,
322 2096 399 2124 quas
421 2087 582 2124 caeteroqui
597 2087 637 2115 ab
660 2087 725 2115 aliis
740 2087 889 2124 episcopis
903 2088 1042 2117 laudatas

214 2132 391 2169 reperiebat,
407 2139 518 2167 nempe
533 2140 551 2160 a
566 2131 686 2160 Valente
701 2133 814 2167 Mursae,
835 2133 955 2161 Ursacio
971 2133 1042 2168 Sigi-

1098 1551 1148 1574 κῶν
1177 1548 1318 1585 εὐνούχων,
1338 1553 1521 1588 περιεποίησεν
1551 1552 1631 1588 ἑαυτῷ
1658 1555 1706 1583 τὴν
1734 1553 1831 1581 ἐνθάδε
1859 1555 1915 1582 ἐπι

1099 1596 1200 1622 σκοπήν
1216 1604 1222 1610 ·
1254 1596 1299 1620 καὶ
1325 1594 1413 1621 λοιπὸν
1438 1595 1543 1633 ἐπανῄει
1564 1598 1594 1623 τὸ
1618 1597 1718 1624 ’Λετίου
1739 1597 1835 1636 δόγμα
1870 1602 1915 1627 τότ

1097 1638 1156 1664 Υἱὸν
1173 1637 1292 1675 ἀνόμοιον
1307 1642 1344 1674 τῷ
1359 1642 1444 1677 Πατρί
1462 1639 1582 1678 δοξάζον,
1599 1642 1654 1678 οἶμαι
1681 1646 1737 1674 τοῖς
1757 1644 1915 1681 όμὸφροσιι

1098 1681 1211 1718 Ἀκοαίῳ
1243 1687 1280 1719 τῷ
1314 1687 1472 1722 Καισαρείας
1509 1688 1554 1713 καὶ
1585 1687 1704 1724 Οὐρανίῳ
1735 1692 1772 1724 τῷ
1805 1691 1915 1726 Τύρουη

1098 1729 1224 1763 Γεώργιος
1260 1727 1290 1754 δὲ
1327 1729 1340 1755 ὁ
1378 1728 1536 1762 Λαοδικείας
1582 1731 1712 1758 ἐπέστειλε
1756 1736 1820 1770 περὶ
1865 1739 1915 1767 τῆς

1098 1772 1222 1803 τοιαύτης
1268 1771 1398 1804 Εὖόοξίου
1446 1778 1642 1813 νεωτεροποιίας
1691 1777 1819 1814 Βασιλείῳ
1878 1783 1915 1815 τῷ

1096 1815 1238 1853 ’Δγχύρας,
1272 1819 1317 1843 καὶ
1355 1819 1510 1855 Μακεδονίῳ
1548 1823 1584 1855 τῷ
1620 1820 1820 1856 Μοψουεστίας,
1866 1826 1915 1850 καὶ

1095 1863 1245 1898 Νεκροποίῳ
1272 1865 1308 1897 τῷ
1330 1861 1511 1899 Νικομηδείας
1531 1872 1538 1879 ·
1562 1865 1597 1898 οἶ,
1626 1865 1818 1902 προσλαϐόντες
1855 1868 1915 1894 Εὑ-

1097 1906 1203 1931 στάθιον
1222 1907 1266 1932 τὸν
1294 1906 1449 1938 Σεϐαστείας
1468 1911 1513 1935 καὶ
1543 1909 1674 1936 Ἐλεύσιον
1696 1911 1739 1936 τὸν
1770 1912 1913 1948 Κυζίκου)

1096 1954 1131 1985 τῷ
1158 1949 1265 1986 βασιλεῖ
1285 1953 1314 1977 τὸ
1344 1953 1449 1988 γεγονὸς
1475 1951 1621 1987 ίδήλωσαν,
1652 1954 1783 1986 αἰτοῦντες
1804 1955 1915 1986 inivria

1095 1999 1197 2031 κρατεῖν
1220 1998 1267 2024 τὴν
1292 1998 1382 2023 πίστιν
1408 1997 1423 2026 ἣ
1444 1997 1511 2033 λέγει
1527 1999 1570 2024 τὸν
1585 1999 1644 2025 Υἱὸν
1670 1999 1723 2035 οὐχ
1748 2000 1912 2036 ὁμοούσιον,

1096 2039 1150 2066 ἀλλ’
1179 2041 1266 2076 ὅμοιον
1282 2045 1317 2076 τῷ
1331 2043 1416 2078 Πατρὶ
1433 2042 1490 2068 κατ’
1510 2043 1602 2070 οὐσίαν
1626 2046 1676 2071 εἴτε
1695 2044 1890 2081 ἆνομοιούσιον
1905 2054 1912 2061 ·

1096 2086 1154 2115 τοὺς
1178 2083 1206 2111 δὲ
1232 2084 1352 2121 λέγοντας
1377 2087 1516 2122 ὀμοούσιον
1542 2089 1737 2125 καθαιρεῖσθαι.
1760 2090 1912 2127 Δεξάμενος

1098 2127 1127 2155 δὲ
1152 2131 1199 2158 τὴν
1219 2131 1322 2158 αἴτησιν
1342 2132 1440 2157 τούτων
1461 2131 1473 2158 ὸ
1489 2131 1623 2169 βασιλεὺς,
1643 2135 1689 2159 καὶ
1708 2134 1787 2170 εὑρὼν
1802 2138 1913 2164 ταύτην

215 2177 312 2212 donis,
328 2177 478 2204 Germano
501 2176 609 2210 Sirmii,
625 2176 774 2205 Auxentio
796 2176 961 2210 Mediolani,
989 2180 1042 2206 De-

1127 2176 1332 2211 ινεπαινονμένην
1367 2177 1410 2202 καὶ
1443 2176 1505 2212 παρ’
1539 2177 1630 2215 ἑτέρων
1661 2177 1820 2214 ἐπισκόπων,
1854 2179 1912 2207 οἷον

214 2221 350 2258 mophilo
367 2221 531 2249 Berrcetein
542 2221 676 2253 Thracia,
686 2221 816 2249 decrevit
831 2221 1043 2251 celebrandam

214 2274 281 2295 esse
296 2265 401 2294 Nicaeae
415 2265 579 2302 synodum.
591 2265 808 2294 Recusantibus
824 2269 924 2294 autem
940 2267 976 2295 iis
990 2261 1043 2304 qui

213 2312 427 2348 imperatorem
438 2310 717 2345 circumdabant,eo
725 2311 807 2347 quod
815 2311 886 2339 olim
895 2311 925 2339 in
934 2312 1042 2341 eadem

213 2356 289 2385 urbe
319 2355 357 2385 de
388 2355 525 2384 doctrina
554 2355 732 2391 quaestiones
757 2355 874 2391 agitatae
903 2356 1039 2391 fuissent,

212 2400 328 2438 placuit
349 2399 431 2428 illam
453 2399 633 2428 Nicomedia:
657 2399 733 2428 ﬁeri.
750 2401 823 2429 Cum
839 2402 940 2429 autem
956 2403 1039 2430 terra:

212 2448 314 2476 motus
329 2453 397 2474 eam
419 2445 607 2479 vastavisset,
631 2453 752 2474 rursum
772 2445 924 2474 decretum
940 2448 984 2474 est
1007 2449 1040 2475 ut

212 2493 316 2521 Nicaea
330 2491 414 2520 ﬁeret
426 2491 572 2527 synodus.
597 2493 761 2528 Imperator
785 2494 886 2521 autem
910 2493 1039 2521 mutavit

212 2537 401 2573 sententiam,
431 2539 459 2567 et
486 2537 625 2566 Seleucia:
652 2537 684 2566 in
713 2538 826 2566 lsauria
850 2545 917 2566 eam
944 2538 1038 2567 voluit

211 2583 397 2620 congregari.

246 2665 288 2692 19.
296 2665 525 2694 Considerantes
535 2664 636 2694 autem
645 2663 666 2692 ii
676 2664 729 2700 qui
742 2664 868 2693 Eudoxii
883 2665 983 2700 partes
994 2666 1035 2694 te-

207 2708 390 2738 nebantfore
404 2712 437 2738 ut
450 2718 510 2738 non
523 2711 647 2746 possent
661 2709 803 2737 omnibus
813 2709 962 2745 episcopis
972 2717 1033 2739 una

205 2755 393 2791 congregatis
403 2755 585 2792 persuadere
601 2756 633 2783 ut
642 2753 788 2783 dissimile
798 2755 976 2791 acciperent,
985 2763 1032 2791 sy-

1099 2218 1240 2250 Ούάλεντος
1267 2221 1404 2256 Μούρσης,
1439 2221 1589 2254 οὗρσακίου
1624 2220 1774 2258 Σιγηδόνος,
1805 2226 1910 2262 Γερμι-

1097 2265 1152 2289 νίου
1179 2266 1294 2300 Σιρμίου,
1319 2265 1458 2296 Αὐξεντίου
1477 2264 1653 2298 Μεδιολάνων,
1676 2267 1826 2303 Δημοφίλου
1845 2269 1909 2306 Βεῤ-

1095 2307 1166 2344 ῥοίας
1181 2311 1228 2339 τῆς
1253 2309 1371 2344 Θρᾴκης,
1395 2310 1490 2347 ἔκρινεν
1510 2309 1656 2337 ἐπιτελέσαι
1676 2309 1787 2338 σύνοδον
1807 2311 1832 2338 ἐν
1856 2317 1908 2341 Νι-

1095 2354 1168 2388 καίᾳ.
1196 2355 1434 2390 Παραιτησαμένων
1455 2352 1484 2381 δε
1501 2359 1551 2381 τῶν
1574 2354 1640 2392 ἀμφὶ
1667 2357 1710 2382 τὸν
1723 2355 1839 2392 βασιλέα
1857 2357 1908 2385 διὰ

1094 2399 1124 2424 τὸ
1141 2399 1186 2424 καὶ
1200 2398 1280 2424 πάλαι
1301 2397 1393 2425 ἐνθάδε
1407 2401 1453 2428 τὴν
1470 2401 1530 2435 περὶ
1550 2404 1595 2426 τοῦ
1615 2398 1748 2437 δόγματος
1763 2402 1905 2438 σύμϐῆναι

1095 2442 1217 2475 ζήτησιν,
1232 2441 1304 2475 ἔδοξε
1319 2444 1416 2473 ταύτην
1435 2445 1460 2469 ἓν
1484 2443 1653 2481 Νικομηδείᾳ
1676 2446 1797 2481 γενέσθαι
1809 2455 1816 2461 ’
1845 2457 1904 2474 σει-

1094 2491 1162 2524 σμοῦ
1191 2486 1221 2514 δὲ
1249 2488 1314 2524 αὐτῇ
1345 2487 1531 2524 ἐνσκήψαντος,
1552 2489 1629 2516 πάλιν
1658 2489 1747 2527 ἐκρίθη
1772 2493 1900 2527 γενέσθαι

1092 2534 1140 2562 τὴν
1156 2530 1265 2558 σύνοδον
1281 2531 1304 2558 ἐν
1317 2535 1340 2558 Ν
1344 2535 1416 2569 ικαίᾳ
1427 2541 1434 2547 '
1451 2532 1722 2571 μεταϐουλευσάμενος
1747 2533 1772 2561 δ’
1788 2536 1802 2561 ὁ
1818 2535 1903 2572 βασι-

1091 2575 1157 2612 λεὺς,
1171 2575 1196 2602 ἒν
1212 2576 1343 2613 Σελευκείᾳ
1356 2580 1404 2608 τῆς
1419 2577 1550 2615 Ἰσαυρίας
1566 2579 1648 2608 αὐτὴν
1664 2579 1789 2609 ἠθέλησεν
1810 2579 1901 2619 ἄθροι-

1091 2622 1199 2651 σθῆναι.

1126 2665 1168 2694 ιθ’.
1185 2667 1360 2701 Λογισάμενοι
1377 2665 1406 2693 δὲ
1430 2668 1455 2694 οἱ
1478 2670 1537 2705 περὶ
1565 2666 1691 2700 Εὑδόξιον
1712 2669 1755 2703 ὡς,
1776 2669 1898 2698 ἁπάντων

1088 2710 1153 2746 ὁμοῦ
1185 2714 1234 2736 τῶν
1268 2709 1415 2738 ἐπισκόπων
1444 2711 1648 2750 ἀθροιζομένων9
1671 2713 1718 2740 οὐκ
1743 2712 1774 2739 ἂν
1802 2715 1897 2748 αὐτούς

1087 2753 1221 2785 δυνηθεῖεν
1246 2758 1336 2782 πεῖσαι
1365 2758 1394 2783 τὸ
1427 2756 1548 2794 ἀνόμοιον
1576 2756 1790 2796 παραδέξασθαι,
1823 2771 1895 2798 μερι.
