1917 3073
214 66 247 97 ιι
653 90 658 94 .
884 60 1021 91 NlCET/E
1042 61 1228 92 CHONIATE
1878 70 1903 97 1

213 135 300 157 sacro
313 127 406 156 calice
429 125 630 163 inquisierunt
643 126 671 155 et
697 126 734 154 de
751 125 930 163 episcopalis
959 125 1035 154 sedis

1112 125 1323 161 ος,Μακεδόνιος
1346 126 1541 162 Μοψουεστίας,
1558 129 1583 154 οἱ
1607 130 1652 155 καὶ
1675 129 1848 163 ζητήσαντες
1878 141 1917 157 τ‹

211 173 378 207 eversione,
393 180 462 201 vera
477 171 600 208 quidem
615 171 879 207 praetermiserunt,
896 171 974 199 falsa
987 178 1039 199 au-

211 221 273 247 tem
288 218 348 255 ipsi
360 216 515 253 imaginati
531 218 612 251 sunt,
627 215 902 252 deposueruntque,
919 218 952 244 ut
975 223 1037 243 cre-

212 263 336 294 debant,
352 261 561 293 Athanasium,
579 260 644 296 ejus
669 260 737 289 loco
755 260 856 297 ipsum
878 260 1037 288 Arsenium

212 308 404 345 accipientes.
420 307 508 343 cujus
522 313 650 334 manum
669 308 859 342 amputatam
873 313 938 334 esse
960 304 1038 333 dice-

211 353 303 388 bant;
314 352 368 389 qui
381 352 466 388 prius
480 351 705 380 Meletianorum
728 350 948 387 superstitionis
958 350 1036 386 epis-

211 405 306 435 copus
317 399 389 426 tunc
402 396 574 434 apudipsos
587 397 619 424 ut
628 395 856 432 Hypseletorum
867 395 949 424 urbis
961 395 1037 432 epis-

211 450 307 480 copus
321 444 426 472 contra
444 440 645 470 Athanasium
660 440 847 476 subscripsit.

246 534 274 562 3.
294 532 410 561 Interea
435 538 506 560 vero
531 529 663 567 perfecto
683 529 895 566 Hierosolymis
923 529 1036 565 templo

210 584 306 615 prope
321 584 392 606 eum
407 575 530 605 calvarii
552 574 653 604 locum
667 574 721 611 qui
734 582 883 610 magnum
907 574 1036 602 testimo-

210 621 296 651 nium
310 623 446 654 vocatur,
460 620 551 657 jussit
565 619 728 656 imperator
738 619 896 655 episcopos
907 618 960 655 qui
969 618 1036 654 Tyri

209 665 337 696 aderant
349 664 588 701 Hierosolymam
597 663 696 692 venire
707 665 735 692 et
744 663 802 692 hoc
810 663 956 699 templum
968 670 1036 691 con-

210 718 337 740 secrare.
352 711 433 739 Tunc
443 711 543 738 autem
554 708 744 737 occasionem
754 708 939 736 invenientes
954 707 1035 736 Aria-

209 763 320 785 norum
332 754 464 784 fautores
483 755 673 783 tentaverunt
696 755 729 781 ut
750 752 962 788 Hierosolymis
987 761 1035 788 sy-

1092 174 1214 207 περὶτῆς
1235 175 1282 198 τοῦ
1314 176 1444 208 μυστικοῦ
1468 175 1598 210 ποτηρίου
1615 174 1762 212 συντριϐῆς,
1779 179 1831 202 καὶ
1859 180 1909 205 τῆ

1092 217 1266 253 καθαιρέσεως
1287 221 1332 243 τοῦ
1363 216 1535 243 ἐπίσκοπικοῡ
1563 218 1664 254 θρόνου,
1692 221 1725 245 τὰ
1747 222 1794 256 μὲν
1812 220 1917 250 alno:

1091 260 1232 298 παρῆλθον,
1265 261 1411 288 ἐπλάσαντο
1437 260 1467 288 δὲ
1494 264 1538 288 καὶ
1565 262 1639 289 αὐτοὶ
1665 264 1698 289 τὰ
1725 263 1831 299 ψευδῆ,
1860 275 1917 291 κα

1091 306 1292 343 καθῄρησαν,ὡς
1324 306 1455 343 ἐνόμισαν,
1494 307 1659 343 Ἀθάνασιον,
1686 307 1828 345 δεξάμενοι
1859 320 1914 336 κα

1091 350 1169 377 αὐτὸν
1200 351 1342 387 Ἀρσένιον,
1368 351 1399 377 οὗ
1425 351 1513 388 ἔλεγον
1546 351 1698 389 ἐκκεκόφθαι
1729 357 1776 383 τὴν
1805 359 1911 391 χεῖρα

1091 396 1128 429 ὃς,
1156 398 1280 434 πρότερον
1305 400 1352 427 τῆς
1376 395 1535 423 Μελιτιανῶν
1571 398 1712 434 θρησκείας
1752 397 1917 425 ἐπίσκοποι

1090 441 1135 475 ὦν,
1150 444 1295 470 τηνικαῦτα
1316 441 1378 478 παρ’
1403 441 1491 472 αὐτοῖς
1512 442 1544 472 ὡς
1566 446 1613 472 τῆς
1631 442 1813 478 ’Υψηλετητῶν
1849 443 1917 470 ἐπί-

1092 495 1189 517 σκοπος
1208 486 1303 516 πόλεως
1317 485 1452 522 ὑπέγραψε
1464 487 1532 512 κατὰ
1543 485 1711 515 Ἀθανασίου.

1125 529 1158 566 γ’.
1185 530 1226 557 Ἐν
1249 532 1332 566 τούτῳ
1354 529 1380 557 δ’
1403 530 1602 568 ἐξεργασθέντος
1625 536 1671 558 τοῦ
1698 531 1724 558 ἐν
1751 532 1903 570 Ἱεροσολῠ

1090 585 1147 611 μοις
1184 579 1247 602 ναοῦ
1274 578 1332 613 περὶ
1371 577 1415 601 τὸν
1444 580 1490 602 τοῦ
1516 579 1622 614 κρανίου
1654 580 1743 614 χῶρον
1769 578 1798 609 ὃς
1830 580 1917 614 μέγα

1089 621 1314 658 προσαγορεύεται
1354 622 1506 657 μαρτύριον,
1546 620 1674 648 ἐκελευσεν
1710 623 1723 648 ὁ
1766 621 1917 658 βασιλεὺς

1089 667 1148 695 τοὺς
1177 664 1200 691 ἐν
1239 666 1314 702 Τύρῳ
1346 665 1553 702 συνειλεγμενους
1592 665 1751 698 ἐπισκόπους
1780 667 1917 694 καταλα-

1090 709 1142 736 ϐεῖν
1164 711 1195 739 τὴ
1225 709 1402 746 Ἰεροσόλυμα,
1442 712 1486 736 καὶ
1515 712 1559 736 τὸν
1586 715 1703 737 τοιοῦτον
1731 712 1917 749 καθιερῶσαι

1088 755 1159 781 ναόν.
1189 757 1340 783 Τηνικαῦτα
1365 752 1394 780 δὲ
1417 756 1507 791 καιρὸν
1531 755 1644 792 εὑρόντες
1672 757 1696 781 οὶ
1724 755 1912 794 ἁρετανόφρο-

209 800 309 830 nodus
318 799 402 828 ﬁeret
420 801 450 828 et
465 798 639 828 communio
658 798 726 826 Ario
747 799 775 826 et
794 797 902 826 Euzoio
928 804 1032 826 conce-

1117 809 1127 830 ς
1147 797 1316 824 ἐσπούδασαν
1338 798 1362 824 ἰν
1387 798 1575 836 Ἱεροσολύμοις
1619 801 1741 836 γενέσθαι
1768 799 1910 836 σύνοδον,

209 845 339 874 deretur.
355 843 534 881 Imperatori
554 843 645 878 igitur
661 842 736 871 illud
761 849 815 879 per
833 842 928 878 ipsius
953 849 1034 870 soro-

208 897 273 919 rem
295 889 503 919 Constantiam
526 887 755 925 quemdamque
788 887 880 923 hujus
900 886 1033 914 mulieris

207 933 389 963 familiarem
413 932 626 970 presbyterum
643 932 784 961 arianum
808 939 986 968 persuasere
1006 933 1034 959 et

207 986 350 1008 curavere
379 980 412 1007 ut
434 977 538 1006 Arium
568 977 772 1013 Euzoiumque
809 976 931 1011 videret,
954 983 1033 1011 quos

206 1025 370 1061 postquam
385 1023 460 1052 vidit
474 1022 718 1059 censuitq'uefere
733 1023 766 1050 ut
780 1021 915 1050 Nicaenos
930 1021 1033 1049 Patres

207 1068 338 1102 credere,
346 1076 398 1097 eos
408 1068 448 1096 ad
459 1067 619 1104 episcopos
630 1066 843 1102 Hierosolymis
868 1073 1033 1101 congrega-

206 1114 252 1142 tos
266 1112 357 1148 misit,
372 1111 508 1141 scribens
523 1113 555 1140 ut
575 1111 612 1140 de
635 1111 693 1140 illis
714 1111 881 1146 benignum
908 1110 1034 1139 ferretur

207 1157 399 1193 suffragium,
427 1157 453 1185 si
467 1159 546 1185 recte
561 1156 682 1185 credere
697 1155 877 1184 viderentur.
895 1155 1033 1184 Occasio-

203 1209 274 1231 nem
284 1202 376 1238 igitur
387 1200 563 1238 arripientes
575 1200 676 1229 Ariani
691 1208 742 1229 eos
765 1202 954 1236 exceperunt,
976 1199 1033 1227 im-

202 1246 396 1284 peratorique
415 1248 444 1275 et
460 1245 606 1274 universis
635 1245 786 1282 episcopis
813 1245 958 1281 scripsere
981 1252 1033 1272 eos

203 1291 389 1321 orthodoxos
405 1299 480 1320 esse.

238 1338 266 1365 4.
283 1336 335 1364 His
349 1335 391 1365 ita
407 1335 492 1370 actis,
509 1335 692 1364 Athanasius
710 1336 787 1371 Tyro
798 1333 928 1370 jfugiens
943 1334 1031 1362 Cons-

203 1380 415 1418 tantinopolim
428 1381 527 1415 venit;
540 1380 626 1416 cujus
637 1379 777 1416 precibus
792 1386 929 1407 annuens
940 1378 1033 1414 impeo

203 1427 286 1455 rator
295 1425 423 1454 dicentis
435 1433 466 1453 se
477 1433 539 1454 non
549 1425 629 1461 juste
638 1423 817 1452 damnatum
826 1431 901 1457 esse,
913 1422 1033 1459 scripsit

204 1471 354 1517 episcopis
365 1473 436 1500 tunc
450 1470 518 1507 Tyri
539 1469 728 1517 congregatis
754 1468 839 1517 ut‘ad
862 1469 965 1505 ipsum
984 1468 1034 1517 de—
1051 1490 1070 1517 Ο

205 1516 392 1550 scenderent,
403 1518 437 1545 ut
446 1523 548 1544 coram
560 1515 628 1552 ipso
639 1513 796 1543 Anathasii
814 1522 907 1542 causa
922 1513 1034 1542 exami-

204 1562 338 1590 naretur.
358 1561 524 1597 Postquam
552 1559 642 1595 igitur
665 1559 863 1594 advenerunt,
889 1557 1034 1586 Eusebius

203 1605 384 1635 Nicomediae
403 1604 606 1634 contendebat
629 1603 744 1640 justam
777 1604 809 1632 in
837 1603 1034 1632 Athanasium

173 1683 175 1685 _
203 1649 298 1679 latam
313 1658 378 1679 esse
392 1649 570 1678 sententiam
585 1658 592 1683 ;
610 1650 700 1677 testes
717 1647 853 1685 praestitit
869 1647 1033 1682 Theognim

206 1697 236 1724 et
247 1694 372 1723 Marium
385 1696 413 1722 et
423 1694 612 1722 Theodorum
624 1695 653 1721 et
666 1692 819 1721 Valentem
830 1694 858 1720 et
868 1692 1034 1720 Ursacium.

206 1740 373 1776 Imperator
392 1740 494 1767 autem
516 1737 579 1766 sive
607 1737 740 1766 crederet
758 1745 831 1766 vera
859 1745 928 1773 quas
957 1737 1036 1765 dice-

206 1783 328 1819 bantur,
358 1783 422 1812 sive
466 1782 637 1811 consentire
674 1781 880 1818 suspicaretur
922 1781 1036 1818 episco-

207 1836 265 1866 pos
288 1830 322 1857 ut
336 1836 352 1857 e
376 1827 477 1856 medio
493 1827 644 1856 tolleretur
665 1826 859 1860 Athanasius,
880 1826 1037 1856 mandavit

208 1875 242 1902 ut
251 1873 278 1902 is
287 1872 437 1902 Treverim
450 1872 658 1905 abduceretur,
673 1879 741 1908 quae
760 1873 804 1899 est
818 1870 890 1899 urbs
902 1870 1037 1900 occiden-

208 1917 315 1948 talium
329 1917 500 1952 Gallorum;
513 1916 723 1952 abductusque
736 1915 971 1944 estAthanasius
984 1915 1038 1945 ibi-

209 1971 269 2001 que
281 1962 392 1992 mansit
407 1969 502 1999 usque
513 1961 553 1990 ad
564 1963 691 1990 mortem
707 1961 900 1989 Constantini.

247 2010 274 2037 5.
289 2008 376 2036 Arius
390 2009 491 2036 autem
503 2008 573 2043 post
584 2005 722 2035 habitam
750 2005 964 2043 Hierosolymis
990 2015 1038 2043 sy-

210 2052 328 2082 nodum
346 2052 377 2080 in
397 2053 558 2088 Egyptum
577 2050 668 2078 venit.
691 2051 764 2078 Cum
791 2050 842 2078 illo
861 2052 962 2079 autem
976 2059 1039 2079 non

211 2096 456 2126 communicante
471 2094 743 2123 Alexandrinorum
762 2094 902 2129 Ecclesia,
918 2103 1038 2124 rursum

212 2139 503 2177 Constantinopolim
515 2139 613 2168 rediit.
629 2141 725 2176 Atque
737 2139 777 2168 ita
787 2139 956 2176 adimpleta:
969 2142 1039 2169 sunt

213 2186 310 2216 sancti
319 2185 481 2214 Alexandri
496 2192 611 2222 preces.
621 2184 757 2213 Posthaec
768 2187 868 2213 autem
880 2185 1038 2214 manifeste

212 2232 369 2268 coeperunt
382 2230 527 2258 innovare
543 2229 706 2258 Eusebiani
720 2229 799 2258 circa
826 2230 1038 2266 episcoporum

212 2277 316 2306 Nicaeae
328 2277 579 2312 congregatorum
586 2274 804 2312 expositionem
812 2277 839 2303 et
848 2276 958 2311 scripto
969 2284 1040 2304 con-

213 2320 411 2350 substantiale
426 2321 558 2357 rejicere.
587 2319 744 2356 Synodum
764 2319 856 2356 igitur
878 2321 1040 2350 Constanti.

211 2366 347 2404 nopolim
359 2366 521 2395 convenire
532 2367 686 2400 curarunt,
696 2364 962 2402 deposueruntque
975 2367 1039 2394 etin

212 2411 335 2441 exilium
366 2410 442 2440 mitti
466 2410 646 2438 studuerunt
672 2409 937 2438 consubstantialis
965 2419 1040 2448 prae-

212 2465 313 2491 cones,
336 2454 509 2492 Asclepium
541 2456 623 2483 Gazae
652 2455 838 2492 episcopum,
870 2455 1039 2485 Climatium

210 2501 366 2534 Antaradi,
378 2501 505 2529 alterum
517 2500 689 2528 Climatium
713 2499 798 2534 Palti,
825 2501 1039 2536 Ephrationem

211 2547 316 2576 Baiani
331 2546 443 2583 Cyrum
461 2547 595 2581 Berroeae,
611 2545 811 2574 Domnioncm
834 2545 944 2581 Sirmii,
965 2546 1039 2575 Ella-

210 2599 304 2620 neum
313 2590 449 2628 Tripolis,
459 2590 562 2618 Arium
572 2589 730 2618 Petrarum
741 2589 887 2625 Paleonze,
905 2593 934 2618 et
956 2591 1038 2619 Aste-

209 2636 289 2664 rium
295 2637 449 2664 Petrarum
454 2634 758 2672 Arabim,01ympium
768 2635 843 2670 rEni,
850 2634 1037 2664 Theodulum

208 2681 273 2717 Traj
278 2680 426 2717 anopolis,
436 2680 623 2709 Vincentium
631 2681 752 2717 Capuae,
763 2680 925 2716 Ephratam
934 2679 1038 2717 Agrip-

207 2724 756 2764 pinae,EutropiumAdrianopolis,cui
762 2724 908 2754 successit
915 2724 1034 2761 Lucius,

1087 845 1133 870 καὶ
1144 845 1279 873 κοινωνίας
1298 841 1458 879 μεταδοῦναι
1473 844 1565 881 ’Δρείῳ
1584 846 1630 870 καὶ
1657 845 1764 881 Εύζωίῳ
1785 848 1911 872 mica-1-

1087 897 1126 918 τις
1147 890 1233 914 τοίνυν
1261 889 1305 914 τὸν
1333 887 1446 924 βασιλεα
1479 887 1526 915 διὰ
1561 893 1609 920 τῆς
1652 889 1743 916 ἑαυτοῦ
1777 888 1910 927 ἀδελφῆς

1089 935 1270 964 Κωνσταντίας
1308 936 1353 959 καὶ
1389 937 1435 959 τοῦ
1460 936 1689 971 προσῳκειωμένου
1722 936 1805 972 ταύτῃ
1834 946 1889 973 πρε

1088 977 1213 1015 σϐυτέρου
1256 976 1386 1015 ἀρειανοῡ,
1411 979 1609 1015 παρεσκεύασαν
1635 979 1712 1005 αὐτὸν
1745 980 1907 1006 θεάσασθαι

1087 1022 1190 1060 Ἀρειον
1206 1024 1251 1048 καὶ
1264 1022 1389 1057 Εύζὼῐον,
1420 1022 1464 1053 οὓς
1494 1020 1557 1049 ἰδὼν
1583 1025 1628 1049 καὶ
1654 1023 1788 1050 ὑπολαϐὼν
1804 1035 1909 1062 παρα-

1087 1066 1206 1097 πλησίως
1220 1070 1275 1098 τοῖς
1291 1066 1315 1092 ἐν
1340 1069 1439 1103 Νικαίᾳ
1461 1065 1592 1101 δοξάζειν,
1623 1068 1721 1104 ἔπεμψε
1743 1070 1809 1105 πρὸς
1836 1071 1907 1101 τοὺς

1088 1111 1113 1137 ἒν
1150 1110 1338 1148 Ἰεροσολύμοις
1371 1111 1551 1145 συνελθόντας,
1578 1112 1685 1149 γράψας
1712 1113 1907 1152 φιλάνθρωπον

1087 1155 1126 1183 ἐπ’
1142 1156 1232 1187 αὐτοῖς
1254 1155 1391 1192 ἐνεχθῆναι
1420 1155 1516 1192 ψῆφον,
1545 1156 1566 1182 εἰ
1591 1156 1673 1194 ὀρθῶς
1689 1161 1785 1193 φανεῖεν
1816 1157 1908 1191 δόξα-

1088 1201 1185 1232 ζοντες·
1202 1204 1296 1238 καιροῦ
1311 1203 1397 1227 τοίνυν
1418 1199 1577 1238 δραξάμενοι
1590 1203 1614 1228 οἱ
1630 1202 1756 1240 Ἀρειανοὶ
1786 1201 1904 1235 ἐδέξαν-

1086 1255 1116 1272 το
1140 1247 1258 1280 τούτους,
1281 1248 1326 1272 καὶ
1350 1248 1420 1281 αὐτῷ
1450 1245 1556 1282 βασιλεῖ
1579 1249 1625 1273 καὶ
1648 1251 1704 1278 τοῖς
1732 1249 1901 1284 ἁπανταχοῦ

1087 1291 1240 1322 ἐπισκόποις
1273 1290 1389 1327 ἔγραψαν
1418 1289 1576 1328 ὀρθοδόξους
1616 1293 1745 1329 ὑπάρχειν
1781 1293 1899 1325 αύτούς,

1124 1334 1157 1364 δ’,
1192 1337 1294 1363 Τούτων
1327 1335 1394 1364 οὓτω
1431 1338 1623 1373 πραττομένων,
1663 1337 1820 1369 Ἀθανασιος
1868 1338 1900 1365 ἐκ

1087 1382 1172 1418 Τύρου
1193 1382 1280 1417 φυγὼν
1302 1383 1338 1411 εὶς
1368 1381 1636 1407 Κωνσταντινούπολιν
1665 1380 1750 1411 ἦλθεν·
1786 1381 1817 1408 οὗ
1848 1387 1899 1414 τῆς

1089 1424 1203 1457 δεήσεως
1230 1425 1345 1457 ἀκούσας
1369 1426 1381 1451 ὁ
1410 1425 1534 1462 βασιλεὺς
1558 1429 1593 1463 μὴ
1624 1424 1732 1457 δικαίως
1766 1428 1899 1464 κριθῆναι

1087 1470 1216 1506 λέγοντος,
1244 1470 1341 1507 ἔγραψε
1368 1473 1423 1501 τοῖς
1455 1470 1479 1496 ἐν
1507 1473 1581 1508 Τύρῳ
1608 1472 1818 1508 συναθροισθεῖσι
1845 1476 1898 1503 τὴ·

1087 1519 1197 1541 νικαῦτα
1224 1514 1377 1542 καταλαϐεῖν
1401 1516 1464 1553 πρὸς
1484 1515 1572 1550 αὐτὸν,
1594 1517 1637 1550 ,ὡς
1667 1517 1698 1542 ἄν
1736 1516 1767 1542 ἐπ
1798 1517 1899 1552 ὄψεσιν

1088 1559 1169 1586 αὐτοῦ
1194 1557 1369 1596 δοκιμασθείη
1397 1561 1430 1586 τὰ
1466 1561 1534 1586 κατὰ
1572 1560 1740 1589 Ἀθανασίου.
1772 1561 1900 1589 Καταλα-

1089 1604 1184 1630 ϐὀντων
1206 1603 1251 1630 οὖν
1266 1604 1362 1639 αὐτῶν,
1391 1604 1512 1635 Εὐσέϐιος
1535 1605 1547 1630 ό
1572 1604 1755 1642 Νικομηδείας
1782 1606 1899 1644 ἰσχυρί-

1090 1649 1146 1679 ζετο
1176 1647 1282 1676 δικαίαν
1308 1652 1355 1679 τὴν
1384 1649 1426 1676 ἐπὶ
1454 1648 1610 1676 Ἀθανάσιον
1635 1651 1756 1686 γενέσθαι
1793 1650 1898 1687 ψῆφον,

1089 1695 1223 1732 μάρτυρας
1235 1697 1338 1731 παρῆγε
1354 1696 1461 1730 Θέογνιν
1490 1696 1537 1721 καὶ
1565 1695 1650 1733 Μάριν
1679 1697 1723 1721 καὶ
1755 1694 1899 1733 Θεόδωρον

1090 1740 1135 1764 καὶ
1160 1738 1292 1765 Οὐάλεντα
1315 1741 1359 1765 καὶ
1388 1738 1547 1775 Ούρσάκιον.
1573 1739 1603 1766 Ὁ
1639 1737 1668 1766 δὲ
1691 1739 1814 1776 βασιλεὺς
1842 1743 1900 1768 εἴτε

1091 1781 1173 1813 ἀληθῆ
1197 1784 1342 1813 πιστεύσας
1376 1781 1441 1809 εἶναι
1468 1784 1501 1810 τὰ
1520 1783 1652 1820 λεγομενα,
1678 1785 1727 1811 εἴτε
1741 1785 1900 1821 ὁμονοήσειν

1091 1829 1240 1859 ὑπονοήσας
1254 1831 1314 1859 τοὺς
1327 1830 1497 1863 επισκόπους,
1508 1829 1540 1854 ἶν’
1556 1828 1674 1856 ἐκποδὼν
1694 1832 1793 1866 γένοιτο
1816 1830 1901 1858 Ἀθα-

1090 1874 1188 1909 νάσιος,
1206 1875 1362 1911 προσέταττε
1390 1873 1573 1910 ἀπηνεχθῆναι
1600 1878 1692 1901 τοῦτον
1715 1875 1751 1906 εἱς
1773 1874 1899 1913 Τρίϐεριν

1091 1922 1140 1944 τῶν
1164 1919 1229 1955 πρὸς
1255 1916 1333 1944 δύσιν
1356 1917 1488 1953 Γαλατῶν,
1516 1921 1561 1945 καὶ
1577 1919 1589 1945 ὁ
1603 1920 1647 1956 μὲν
1666 1918 1785 1955 ἀπήχθη,
1801 1923 1847 1947 καὶ
1865 1919 1897 1951 ἦν

1092 1963 1144 1989 εκεῖ
1157 1963 1204 1994 ἕως
1214 1967 1261 1994 τῆς
1281 1965 1475 1990 Κωνσταντίνου
1491 1963 1622 1996 τελευτῆς.

1128 2007 1154 2037 ε’.
1187 2007 1216 2034 ’0
1241 2006 1272 2034 δέ
1294 2007 1397 2045 ’Ἄρειος
1425 2010 1491 2045 μετὰ
1519 2011 1562 2039 τὴν
1594 2009 1617 2035 ἐν
1641 2008 1825 2046 Ἱεροσολύμοις
1849 2012 1898 2038 σύ-

1091 2050 1177 2086 νοδον,
1194 2053 1254 2082 ἧκεν
1270 2052 1303 2083 εἰς
1327 2054 1469 2089 Αἴγυπτον·
1499 2055 1534 2090 μὴ
1565 2055 1738 2086 κοινωνούσης
1766 2053 1795 2081 δὲ
1820 2055 1897 2092 αὐτῷ

1091 2095 1337 2136 τῆςἊλεξανδρέων
1355 2098 1521 2132 Ἐκκλησίας,
1535 2098 1612 2125 πᾶλιν
1628 2097 1734 2128 ἀνηλθιν
1762 2099 1796 2131 εἰς
1822 2103 1898 2127 Κων-

1094 2143 1314 2170 σταντινούπολιν·
1344 2146 1389 2170 καὶ
1415 2144 1498 2175 οὕτως
1525 2145 1598 2182 ἔργον
1627 2144 1722 2181 ἐγένετο
1746 2150 1792 2176 τῆς
1821 2145 1897 2173 Ἀλε-

1093 2187 1205 2226 ξάνδρου
1221 2192 1265 2215 τοῦ
1282 2189 1350 2226 ἱεροῦ
1365 2192 1531 2226 προσευχῆς.
1551 2190 1624 2216 Μετὰ
1651 2187 1681 2216 δὲ
1704 2200 1787 2216 ταυτα
1800 2199 1895 2217 νεωτε-

1093 2233 1174 2271 ρίζειν
1201 2237 1314 2271 φανερῶς
1338 2234 1362 2260 οἱ
1387 2236 1446 2271 περί
1472 2233 1598 2261 Εὐσέϐιον
1621 2234 1733 2271 ἤρξαντο
1761 2237 1818 2272 περὶ
1843 2238 1894 2265 τήν

1094 2279 1194 2305 ἔκθεσιν
1209 2283 1259 2304 τῶν
1281 2278 1305 2305 ἐν
1319 2281 1419 2316 Νικαίᾳ
1446 2279 1665 2314 συνεληλυθότων,
1696 2282 1741 2306 καὶ
1765 2279 1893 2307 εκϐαλλειν

1095 2322 1227 2361 ἐγγράφως
1267 2325 1296 2350 τὸ
1318 2324 1465 2360 ὁμοούσιον·
1497 2322 1606 2351 σύνοδον
1635 2322 1678 2350 οὖν
1723 2323 1894 2361 ἀθροισθῆναι

1094 2369 1342 2405 παρασκευάσαντες
1392 2368 1416 2394 ἐν
1463 2368 1733 2395 Κωνσταντινουπόλει
1777 2370 1894 2396 καθεῖλον

1094 2423 1139 2439 και
1164 2414 1314 2449 πεμφθῆναι
1332 2414 1399 2450 πρὸς
1425 2413 1564 2450 ὑπερορίαν
1601 2414 1730 2439 ἔσπευσαν
1759 2416 1817 2446 τοὺς
1844 2419 1893 2441 τοῦ

1094 2459 1235 2495 ὀμοουσίου
1270 2460 1396 2495 κήρυκας,
1433 2458 1583 2487 Ἀσκληπᾶν
1619 2457 1757 2486 ἐπίσκοπον
1797 2460 1890 2495 Γάζης,

1093 2505 1138 2529 καὶ
1166 2503 1306 2539 Κλιμάτιον
1343 2501 1515 2540 Ἀνταράδου,
1544 2503 1627 2540 ἕτερον
1664 2504 1801 2541 Κλιμάτιον
1826 2503 1892 2531 Πολ-

1092 2557 1150 2582 του,
1175 2547 1335 2584 Ἐφρατίωνα
1373 2547 1512 2580 Βαλανέων,
1548 2551 1632 2587 Κῦρον
1659 2549 1798 2587 1Βςῤῥοίοις,
1822 2551 1890 2586 Δομ-

1092 2594 1170 2618 νὶωνα
1199 2594 1317 2628 Σίρμίου,
1337 2592 1465 2620 Ἑλλάνεον
1487 2593 1643 2631 Τριπόλεως,
1670 2594 1770 2630 Ἀρειον
1791 2597 1889 2631 Πετρῶν

1092 2641 1139 2668 τῆς
1166 2636 1318 2674 Παλαιόνης,
1357 2640 1402 2664 καὶ
1433 2637 1566 2676 Ἀστέριον
1603 2641 1705 2676 Πετρῶν
1744 2642 1791 2668 τῆς
1817 2638 1889 2675 Ἀρα-

1092 2681 1161 2715 ϐίας,
1183 2681 1325 2719 Ὀλύμπιον
1355 2684 1442 2717 Αἴνου,
1477 2682 1622 2710 Θεόδουλον
1654 2682 1886 2721 Τραϊανουπόλεως,

1092 2729 1235 2755 Βινκέντιον
1283 2729 1401 2762 Καπύης,
1446 2729 1575 2766 Ἐφράταν
1622 2727 1805 2767 Ἀγριππίνὴς,
1841 2729 1887 2756 Εὐ-
