1917 3073
247 107 279 132 15
917 101 1049 129 ΝΙΟΕΤᾹΞ

1127 100 1160 129 )Ν
1165 102 1253 130 ἰΑΤιΕ

246 167 447 195 Osroenorum
466 164 540 192 urbe
553 164 709 198 oriundus,
725 164 821 193 factus
842 171 913 192 vero
926 162 1067 199 deinceps

1127 161 1258 195 Ἐδέσσης
1283 165 1328 201 μὶν
1350 168 1398 196 τῆς
1423 165 1571 202 Ὀσροηνῶν
1595 166 1732 205 ὑπάρχων,
1748 171 1903 206 γενόμενος

245 211 359 238 Emesa:
378 209 549 246 episcopus,
563 210 614 246 qui
632 211 749 246 partem
768 208 961 237 astronomiae
978 215 1072 242 augu-

243 254 340 282 ralem
366 253 478 281 dictam
502 253 671 281 exercuisse
690 253 882 289 arguebatur.
906 253 1072 280 Recusante

244 306 316 327 vero
331 297 542 326 Alexandriam
566 297 706 333 Eusebio,
737 297 878 326 suﬂectus
898 299 942 325 est
965 297 1071 331 Grego-

244 343 307 371 rius
330 342 432 371 Tarbae
464 342 644 379 episcopus,
673 350 735 378 qua
760 342 797 370 de
823 349 854 370 re
881 340 1072 375 Indignantes

245 387 448 420 Alexandrini,
461 386 617 415 ecclesiam
642 386 775 423 Dionysii
794 386 886 422 hujus
904 384 988 413 urbis
1010 384 1071 420 epi-

245 432 329 469 scopi
347 431 470 460 nomine
485 432 596 460 dictam
615 431 832 466 incenderunt;
849 432 878 460 et
890 429 1072 459 Athanasius

245 477 369 513 quidem
381 476 498 512 fugiens
512 478 639 505 Romam
651 476 740 505 venit.

281 569 307 595 9.
327 566 418 595 Paulo
445 568 514 603 post
541 567 660 595 mortuo
686 565 825 599 Eusebio,
853 563 1072 593 contenderunt

243 619 366 639 rursum
379 610 416 639 de
431 610 692 647 Constantinopoli
705 610 814 639 Paulus
827 611 855 638 et
869 608 1070 637 Macedonius.

245 655 332 689 Quod
347 654 397 683 ubi
410 655 551 691 cognovit
564 655 754 684 Constantius
768 653 939 686 Antiochiae,
949 654 1070 681 Hermo-

243 700 313 735 geni
328 700 476 728 exercitus
491 700 559 728 duci
575 700 628 737 qui
646 700 678 728 in
691 699 847 728 Thraciam
865 698 975 726 missus
996 699 1069 732 erat,

242 745 408 778 mandavit,
424 746 456 773 ut
474 745 530 773 iter
548 747 684 781 pergeret
705 744 746 773 ad
769 743 979 780 expellendum
995 743 1069 770 Pau-

241 789 305 818 lum
321 798 357 817 ex
372 789 509 818 ecclesia.
522 790 596 818 Cum
606 789 676 817 illuc
691 788 873 821 advenisset,
889 787 1069 823 militarique

1126 207 1233 246 ὕστερον
1247 209 1360 245 Ἐμέσης
1379 208 1530 245 ἐπίσκοπος,
1551 211 1579 242 ὃς
1592 214 1638 238 καὶ
1658 210 1805 240 διεϐάλλετο
1821 214 1911 241 ἁσκεῑ

1127 253 1170 278 Θαι
1194 257 1241 284 τῆς
1260 253 1433 291 ἀστρονομίας
1457 256 1485 281 τό
1511 254 1747 293 ἀποτελεσματικὸν
1770 259 1911 296 καλούμεῖ

1125 299 1218 335 μέρος⁸
1244 301 1475 336 παραίτησαμίνου
1501 297 1530 326 δε
1556 303 1602 326 τοῦ
1626 301 1753 329 Εὖσεϐίου
1782 306 1830 333 τὴν
1869 305 1907 330 Ἀ

1126 340 1272 380 ξάνδρειαν,
1293 343 1424 380 ἐπετράπη
1449 344 1462 370 ό
1482 347 1626 382 Γρηγόριος
1649 350 1698 372 τῶν
1720 348 1911 385 Ταρςασθηνο

1125 386 1165 423 ἐφ’
1230 387 1417 424 χαλεπήναντες
1447 390 1471 415 οἱ
1498 388 1684 428 Ἀλεξανδρεῖς,
1712 394 1759 422 τὴν
1787 394 1912 430 ὁμώνυμ

1125 434 1262 458 Διονυσίου
1283 436 1327 458 τοῦ
1341 431 1407 470 τῇδε
1427 432 1649 469 ἰπισκοπὴσαντο,
1666 435 1807 466 ἐκκλησίαν
1822 437 1912 475 ἔνέπρ

1127 485 1175 503 σαν
1188 487 1194 493 '
1207 479 1252 503 καὶ
1265 477 1421 509 Ἀθανάσιος
1435 479 1479 514 μὲν
1496 481 1583 514 φυγὼν
1599 479 1635 511 εἰς
1648 479 1747 518 Ῥώμην
1762 481 1898 519 ἀφίκετο.

1163 520 1193 549 θ’.
1214 522 1276 548 Μετ’
1291 522 1321 548 οὐ
1336 522 1400 549 πολὺ
1424 521 1454 549 δὲ
1474 522 1673 556 τελευτήσαντος
1695 526 1836 562 Εὐσεείου,
1863 526 1912 553 ἀντ

1125 568 1269 594 ποιήσαντο
1299 566 1376 593 πάλιν
1416 571 1463 596 τῆν
1498 570 1789 602 Κωνσταντινουπόλεως
1824 572 1912 598 Hau?)

1125 612 1168 636 καὶ
1194 608 1368 642 Μακεδόνιος.
1398 613 1576 643 Κωνστάντιος
1603 611 1651 647 δὲ,
1678 618 1753 642 τοῦτο
1778 617 1882 652 μαθὼν

1125 654 1292 692 ’Δντιοχείᾳ,
1337 654 1472 693 ἐπέτρεψεν
1511 656 1656 694 Ἑρμογένει
1695 663 1732 695 τῷ
1772 661 1913 690 nar-1.71:6

1124 701 1189 737 πρὸς
1218 701 1252 726 τὰ
1278 701 1382 737 Θρᾴκια
1408 703 1563 737 πεμπομένῳ
1591 705 1677 739 μέρη,
1703 702 1767 731 ὀδοῦ
1795 707 1913 742 πάρεργ

1123 749 1235 774 ποιῆσαι
1253 745 1283 771 τὸ
1307 744 1438 776 ἔξωθῆσαι
1459 745 1561 772 Παυλον
1582 751 1630 778 τῆς
1649 747 1811 781 ἐκκλησίας·
1827 750 1865 776 οὗ
1884 761 1913 777 πι

1122 791 1291 825 ραγῇρομίνου
1323 792 1368 816 καὶ
1408 794 1583 828 στρατιωτικῇ
1617 795 1690 830 χειρὶ
1728 797 1913 831 χρησαμένῃ

242 842 338 864 manu
362 836 504 869 uteretur,
524 834 684 862 insurrexit
708 833 998 870 populus,eumquc
1022 839 1067 860 ra-

1127 832 1265 860 ἒστασίασε
1288 835 1317 860 τὸ
1341 833 1451 870 πλῆθος,
1473 836 1518 861 καὶ
1545 835 1622 861 αὐτόν
1651 838 1773 874 σύραντες
1798 840 1914 866 ἀπέδετο

240 881 359 916 ptatum
382 879 603 907 interfecerunt.
628 880 666 906 De
692 886 728 906 eo
748 878 854 906 certior
875 877 970 905 factus
996 877 1069 905 Con-

242 925 382 958 stantius,
398 923 691 960 Constantinopolim
707 923 798 958 venit,
817 925 846 951 et
864 921 988 950 Paulum
1003 922 1067 958 qui-

240 969 308 997 dem
333 969 452 1006 expulit,
469 969 577 997 urbem
600 976 671 997 vero
694 967 819 1004 punivit,
834 966 975 995 frumenti
998 974 1066 994 eam

237 1013 321 1050 quod
341 1015 425 1050 pater
440 1013 614 1050 praestabat,
630 1012 834 1049 quadraginta
852 1018 1066 1040 mensurarum

237 1058 371 1086 millibus
395 1061 422 1087 et
446 1059 524 1086 ultra
549 1066 618 1086 eam
639 1058 774 1094 privavit.
802 1056 958 1092 Octoginta
985 1056 1065 1085 enim

237 1102 331 1131 millia
354 1103 438 1138 prius
460 1102 610 1130 dabantur
634 1101 750 1130 civibus
774 1101 900 1136 singulis
919 1101 1006 1129 annis
1028 1108 1065 1129 ex

237 1146 355 1174 tributis
370 1147 545 1183 Aigyptiaco
559 1146 672 1183 populo
684 1146 843 1182 impositis.
858 1145 1065 1174 Macedonium

237 1193 339 1219 autem
354 1199 415 1219 non
429 1191 528 1219 statim
542 1191 625 1219 urbis
640 1191 817 1227 episcopum
830 1189 915 1224 fecit;
932 1190 984 1218 sed
1000 1190 1066 1218 sivit

235 1235 321 1263 illum
335 1236 483 1264 adversus
505 1235 630 1264 Paulum
647 1235 678 1263 in
697 1234 840 1271 praedicta
855 1234 980 1263 ecclesia
994 1243 1064 1263 con-

235 1280 339 1308 cilium
362 1280 459 1308 facerc
483 1280 514 1308 in
535 1288 597 1317 qua
611 1282 639 1308 et
652 1280 809 1308 ordinatus
832 1282 896 1314 est;
913 1282 1002 1316 atque
1024 1279 1065 1309 ita

235 1324 299 1360 ipse
314 1325 502 1354 Antiochiam
514 1333 651 1354 reversus
663 1326 720 1360 est;
734 1324 842 1353 Paulus
854 1331 924 1353 vero
936 1326 1063 1353 Romam

236 1369 401 1399 descendit.

274 1462 317 1489 10.
338 1461 379 1488 Ea
395 1467 466 1488 vero
489 1467 557 1496 quae
581 1459 768 1488 Alexandriae
788 1459 867 1488 facta
888 1461 958 1487 sunt
978 1458 1062 1488 aliter

1121 888 1176 906 ναν.
1204 879 1352 914 Πυθόμενος
1381 877 1411 904 δὲ
1434 881 1463 904 τὸ
1489 881 1593 915 γεγονὸς
1625 883 1815 916 Κωνστάντιος,
1845 894 1914 911 κατι

1120 922 1181 949 λαϐε
1214 926 1260 952 τήν
1292 923 1562 951 Κωνσταντινοὺπολιν
1597 928 1641 952 καὶ
1672 928 1714 952 τὸν
1746 929 1791 964 μὶν
1820 929 1914 956 "utili

1120 967 1237 1001 ἐξήλασε,
1263 970 1310 998 τήν
1330 966 1360 994 δε
1386 968 1458 994 πόλιν
1487 968 1641 1006 ἐζημίωσεν,
1656 969 1753 1007 ἀφελὼν
1776 977 1825 999 τοῦ
1848 984 1914 1003 aut

1118 1015 1208 1049 ρεσίου
1242 1016 1288 1039 τοῦ
1321 1013 1530 1050 παρασχεοέντος
1559 1014 1609 1040 ὑπὸ
1638 1019 1686 1042 τοῦ
1713 1019 1811 1055 πατρὸς
1842 1019 1914 1045 αὐτο

1119 1057 1181 1094 ὑπὲρ
1208 1058 1255 1088 τὰς
1278 1059 1411 1095 τέσσαρας
1433 1056 1582 1094 μυριάδας·
1608 1058 1675 1086 ὀκτὼ
1696 1062 1746 1099 γὰρ
1767 1061 1850 1098 ἔγγὺς
1875 1074 1915 1099 μυ

1118 1100 1209 1139 ριάδες
1242 1101 1417 1138 ἐχορηγοῦντο
1447 1105 1571 1141 πρότερον
1606 1106 1680 1131 σίτου
1713 1109 1768 1138 τοῖς
1801 1107 1915 1134 πολίτου

1119 1146 1230 1173 ἑκάστου
1258 1148 1330 1178 ἔτους
1358 1145 1386 1172 ἔκ
1418 1151 1468 1173 τῶν
1500 1147 1677 1185 κομιζομιῆοων
1709 1149 1753 1176 ἀπ’
1783 1151 1915 1188 Liv/Orno

1117 1195 1152 1226 τῷ
1187 1189 1263 1228 δήμῳ
1293 1193 1388 1228 φόρων,
1418 1190 1580 1218 Μακεδόνιον
1608 1191 1638 1219 δὲ
1665 1198 1710 1225 τῆς
1735 1195 1832 1227 πόλεως
1865 1200 1915 1223 τέο.

1117 1237 1258 1263 ἐπίσκοπον
1287 1235 1334 1262 οὐκ
1364 1235 1501 1272 ἕποίησεν,
1532 1236 1585 1263 ἀλλ’
1614 1239 1698 1265 εἴασεν
1729 1239 1806 1266 αὐτὸν
1835 1241 1867 1267 ἐν
1898 1252 1915 1268 τ

1117 1279 1238 1317 λεγομένῃ
1266 1279 1307 1307 ἐπὶ
1336 1280 1437 1307 Παῦλον
1463 1280 1588 1318 ἐκκλησίᾳ
1619 1284 1748 1319 συνάγειν,
1775 1284 1800 1310 ἐν
1827 1286 1846 1321 ᾔ
1882 1296 1916 1312 χο

1117 1324 1323 1362 ἐχειροτονήθη·
1353 1327 1399 1351 καὶ
1431 1326 1513 1356 οὕτως
1545 1326 1622 1357 αὐτὸς
1649 1329 1694 1364 μὶν
1723 1328 1860 1361 ἀνέζευξεν
1890 1331 1914 1357 εἰ

1117 1370 1271 1406 Δντιὸχειαν
1283 1381 1290 1386 -
1307 1369 1409 1400 Παῦλος
1425 1369 1455 1396 δε
1466 1373 1514 1400 τὴν
1527 1370 1628 1408 Ῥώμην
1641 1372 1786 1401 κατέλαϐεν.

1152 1414 1177 1442 ι’.
1198 1417 1261 1451 Περὶ
1285 1413 1315 1441 δί
1340 1419 1390 1441 τῶν
1412 1415 1469 1441 κατ’
1493 1414 1686 1453 Ἀλεξάνδρειαν
1710 1417 1916 1454 συμϐεϐηκότα

1115 1457 1277 1496 Θεοδώριτος
1306 1460 1351 1495 μεν
1375 1459 1457 1491 ἄλλως
1482 1461 1588 1497 ἱστορεῖ.
1612 1464 1681 1490 Φησὶ
1702 1463 1753 1498 γὰρ
1775 1464 1843 1499 μετά
1873 1467 1916 1494 τὴπ

235 1507 339 1534 narrat
360 1504 571 1533 Theodoretus.
596 1505 668 1532 Dicit
691 1504 771 1532 enim
795 1504 969 1540 Gregorium
993 1506 1061 1540 post

1127 1505 1273 1530 Αθανασίου
1287 1506 1370 1540 φυγὴν
1386 1503 1566 1534 ἐπισκοπῆσαι
1587 1507 1729 1544 Γρηγόριον
1749 1508 1815 1544 ἄχρι
1828 1512 1881 1539 τῆς
1899 1508 1917 1535 ἐη

235 1549 389 1578 Athanasii
421 1550 526 1584 fugam
561 1549 769 1586 episcopatum
801 1548 932 1584 gessisse
964 1556 1060 1585 usque

236 1594 276 1622 ad
291 1594 419 1622 Sardicze
438 1594 574 1622 habitam
595 1593 757 1630 synodum.
773 1595 840 1621 Post
862 1593 941 1621 hanc
960 1596 1061 1621 autem

235 1638 388 1674 synodum
413 1638 587 1674 Gregorium
607 1638 646 1666 ab
665 1637 873 1665 Alexandrinis
889 1637 1061 1673 depositum

236 1691 312 1717 esse,
328 1683 451 1710 rediisse
474 1685 546 1710 tunc
567 1682 765 1710 Athanasium
789 1682 821 1709 in
843 1681 997 1717 propriam
1019 1689 1062 1710 se-

236 1727 307 1755 dem
319 1734 372 1763 per
383 1726 552 1755 Constantis
562 1726 683 1761 litteras,
694 1726 745 1762 qui
756 1729 826 1754 tunc
841 1727 942 1754 Romae
957 1734 1061 1761 regna-

235 1771 298 1799 bat.
329 1772 490 1806 Postquam
521 1772 622 1798 autem
648 1771 795 1798 Constans
820 1772 958 1798 mortuus
984 1770 1060 1806 fuit,

234 1823 357 1845 rursum
378 1814 491 1850 fugisse
506 1814 715 1848 Athanasium,
732 1816 762 1842 et
783 1813 910 1843 electum
929 1823 995 1843 esse
1020 1815 1060 1844 ab

234 1860 352 1888 Arianis
367 1859 526 1894 Georgium
541 1859 762 1896 Cappadocem,
777 1867 908 1896 eumque
921 1863 1061 1889 sexcenta

235 1905 318 1933 mala
338 1904 492 1932 Athanasii
513 1904 681 1932 fautoribus
706 1904 914 1932 machinatum
934 1912 1009 1940 esse,
1028 1905 1060 1934 in

235 1949 431 1986 exsiliumque
459 1949 578 1977 misisse
593 1949 754 1977 nonnullos
768 1950 885 1986 Egypti
899 1950 1060 1986 Lybiwque

233 1994 403 2031 episcopos,
420 1994 524 2022 Caium
548 1993 714 2027 Partetonii,
731 1994 880 2030 Agathum
895 1995 1060 2030 Phragonis

233 2041 262 2068 et
283 2039 375 2075 partis
394 2039 553 2067 Elearchiae
568 2039 697 2075 Egypti,
712 2039 905 2068 Ammonium
927 2040 1060 2068 Pachne-

231 2084 334 2112 munis
346 2085 375 2112 et
394 2083 517 2120 reliquae
539 2083 696 2111 Elearchiaz
709 2083 814 2120 partis,
829 2084 1059 2119 Agathodaemo-

230 2136 302 2156 nem
314 2128 454 2156 Schedem
467 2127 658 2164 etMcnelaiti,
671 2128 862 2157 Dracontium
873 2130 1059 2166 Hermopolis

230 2173 365 2207 minoris,
381 2172 562 2208 Adelphium
584 2173 730 2208 Onuphis,
754 2173 957 2209 Paphnutium
984 2175 1056 2209 Sais,

231 2219 317 2253 cujus
328 2217 465 2246 meminit
476 2225 605 2252 magnus
616 2217 795 2245 Athanasius
806 2218 836 2246 in
847 2227 902 2247 sua
913 2219 951 2247 de
959 2219 1058 2255 ipsius

228 2262 302 2297 fuga
324 2262 488 2298 Apologia;
513 2264 541 2290 et
565 2264 673 2298 praeter
696 2262 761 2290 illos
787 2263 914 2291 alterum
938 2266 1058 2292 Ammo-

228 2306 325 2342 nium,
337 2307 457 2341 Moium,
471 2306 638 2338 Philonem,
649 2307 797 2340 Hermem,
807 2307 943 2343 Plinium,
955 2309 1058 2337 Psene—

229 2351 322 2387 sirim,
343 2350 546 2387 Agamphum,
571 2352 713 2385 Marcum,
734 2351 965 2386 Nilammonem,
986 2356 1058 2384 Mar-

227 2403 298 2423 cum
314 2395 453 2428 alterum,
465 2395 700 2431 Athenodorum,
711 2399 739 2424 et
752 2397 943 2433 presbyteros
959 2399 1056 2429 Hiera-

226 2448 292 2469 cem
308 2442 336 2469 et
348 2440 533 2468 Dioscorum.
547 2442 641 2477 Atque
654 2440 694 2468 ita
706 2441 830 2477 quidem
840 2442 1054 2474 Theodoretus.

227 2487 364 2514 Socrates
376 2488 478 2513 autem
491 2488 520 2513 et
533 2487 716 2514 Sozomenus
730 2489 854 2515 narrant
863 2487 988 2516 Arianos
998 2492 1055 2519 sta-

225 2530 278 2558 tim
293 2532 362 2567 post
381 2529 462 2557 Pauli
484 2529 692 2566 expulsionem
708 2532 736 2558 et
750 2531 880 2560 reditum
894 2532 1054 2569 imperato-

223 2575 264 2603 ris
286 2574 482 2610 Antiochiam,
509 2574 685 2611 deposuisse
710 2576 885 2610 Gregorium
907 2580 1054 2614 tanquam

221 2616 431 2647 Alexandrinis
453 2627 514 2648 non
535 2622 653 2654 gratum
669 2621 697 2648 et
711 2620 913 2655 negligentem
938 2624 1053 2660 proprii

221 2663 372 2698 dogmatis
398 2664 671 2700 propugnationem
688 2673 694 2698 ;
711 2664 798 2700 cujus
821 2665 851 2693 in
875 2665 977 2695 locum
1001 2669 1053 2697 Ge-

220 2708 341 2744 orgium
370 2709 478 2737 misere
513 2708 566 2745 qui
593 2716 630 2737 ex
662 2709 854 2745 Cappadocia
881 2711 1050 2749 oriundus,

218 2753 276 2782 sibi
289 2752 405 2783 famam
421 2753 453 2782 in
467 2753 578 2783 Ariana
602 2753 812 2790 superstitione
835 2755 1047 2793 acquisiverat.

1115 1546 1230 1584 Σαρδικῇ
1247 1547 1371 1582 συνόδου,
1382 1550 1448 1584 μετὰ
1462 1547 1492 1575 δι
1506 1551 1552 1578 τὴν
1569 1548 1678 1576 σύνοδον
1691 1552 1802 1587 ταύτην,
1812 1553 1859 1578 τὸν
1873 1554 1917 1589 μὲι

1115 1595 1258 1630 Γρηγόριον
1281 1592 1447 1631 ἀναιρεθῆναι
1470 1595 1542 1631 παρά
1562 1598 1610 1620 τῶν
1635 1593 1833 1632 Ἀλεξανδρίων,
1857 1596 1917 1623 ἐπα

1115 1637 1209 1664 νελοεῖν
1225 1635 1254 1663 δὲ
1269 1637 1345 1663 πάλιν
1364 1639 1407 1663 τὸν
1421 1637 1576 1664 Ἀθανάσιον
1591 1638 1624 1669 εἰς
1638 1641 1682 1665 τὸν
1706 1639 1799 1667 οἰκεῖον
1825 1641 1917 1678 θρόνοι

1116 1681 1322 1720 διαγραμμάτων
1348 1685 1514 1713 Κώνσταντος
1536 1687 1583 1709 τοῦ
1607 1683 1631 1710 ἄν
1645 1683 1730 1722 Ῥώμῃ
1756 1685 1917 1722 βασιλεύον-

1115 1737 1168 1757 τος.
1200 1727 1269 1754 Ἐπεὶ
1303 1725 1332 1754 δε
1366 1730 1487 1758 Κώνστας
1517 1727 1690 1764 ἐτελεύτησεν,
1719 1727 1794 1761 αὖθις
1825 1735 1917 1767 φυγεῐι

1116 1772 1280 1808 Ἀθανάσοιν,
1311 1775 1356 1799 καὶ
1386 1772 1581 1810 προϐεϐλῆσθαι
1609 1775 1681 1811 παρὰ
1707 1779 1756 1801 τῶν
1776 1775 1917 1813 ’Δρειοινῶτ

1115 1819 1242 1854 Γεὼργιον
1272 1818 1315 1843 τὸν
1350 1815 1548 1854 Καππαδόκην,
1581 1821 1665 1856 μυρία
1695 1821 1765 1846 κακὰ
1796 1824 1854 1852 τοῖς
1889 1822 1917 1848 τᾶ

1115 1861 1273 1888 Ἀθανασίου
1307 1866 1444 1898 φρονοῦσιν
1476 1860 1653 1899 ἐνδείξασθαι,
1687 1866 1733 1890 καί
1763 1874 1836 1896 τινας
1869 1870 1917 1892 τῶι

1115 1905 1159 1932 ἀπ’
1182 1907 1315 1942 Αἰγύπτου
1338 1909 1382 1934 καὶ
1404 1906 1503 1938 Λιϐύης
1525 1907 1672 1934 ἕπισκόπων
1693 1908 1819 1945 ἐξορίσαι,
1837 1912 1917 1937 Γαῐοπ

1115 1954 1299 1988 Παραιτονίου,
1315 1951 1430 1988 ’Δγαθον
1450 1955 1605 1988 Φραγώνεως
1626 1953 1671 1980 καί
1689 1955 1784 1990 μέρους
1805 1954 1917 1994 Ἐλεαρ-

1114 1998 1176 2032 χίας
1203 1999 1248 2026 τῆς
1274 1995 1428 2032 Αἰγύπτου,
1454 1996 1600 2033 Ἀμμώνιον
1633 2000 1837 2034 Παχνεμοὺνεως
1874 2003 1917 2027 καί

1113 2044 1160 2066 τοῦ
1188 2040 1279 2067 λοιποῦ
1307 2043 1400 2078 μέρους
1431 2045 1477 2071 τῆς
1509 2041 1673 2078 Ἐλεαρχίας,
1700 2041 1917 2080 ’Δγαθοδαίμονο

1113 2083 1229 2121 Σχεδέας
1256 2088 1301 2111 καὶ
1333 2084 1507 2122 Μενελαῖτου,
1535 2088 1689 2124 Δρακόντιον
1719 2087 1917 2125 Ἐρμουπόλεως

1113 2133 1221 2167 μικρᾶς,
1254 2129 1390 2167 Ἀδέλφιον
1424 2131 1578 2168 Ὀνούφεως,
1620 2133 1780 2169 Παφνούτιον
1813 2135 1917 2168 Σάεως,

1112 2175 1146 2200 ὧν
1171 2177 1215 2201 καὶ
1238 2175 1251 2201 ὁ
1275 2177 1354 2211 μέγας
1374 2176 1529 2206 Ἀθανάσιος
1555 2175 1579 2202 ἓν
1605 2180 1636 2213 τῇ
1665 2177 1728 2213 ὑπὲρ
1751 2181 1797 2209 τῆς
1827 2184 1917 2215 φυγῆς

1113 2219 1192 2246 αὐτοῦ
1223 2219 1351 2256 ἀπολογίᾳ
1382 2222 1530 2256 μέμνηταισ
1557 2223 1603 2247 καὶ
1630 2222 1696 2258 πρὸς
1725 2223 1827 2254 τούτοις
1852 2223 1917 2260 Ἀμε

1111 2267 1205 2301 μώνιον
1238 2265 1333 2302 ἕτερον,
1366 2268 1463 2301 Μώῐον,
1499 2265 1609 2300 Φίλωνα,
1646 2265 1752 2303 Ἑρμῆν,
1787 2266 1917 2303 Πληνιον,

1111 2310 1255 2347 Ψενέσιριν,
1289 2309 1437 2347 Ἀγαμφον,
1469 2311 1587 2347 Μάρκον,
1617 2310 1801 2347 Νειλάμμωνα,
1833 2314 1917 2350 Μοίρ-

1111 2364 1154 2381 χον
1182 2355 1276 2392 ἕτερον,
1305 2353 1495 2392 Ἀθηνόδωρον,
1521 2358 1566 2382 καὶ
1596 2355 1786 2394 πρεσϐυτέρους
1809 2356 1917 2394 ’ἱέρακα

1110 2402 1156 2426 καὶ
1178 2402 1329 2438 Διόσκορον.
1350 2400 1438 2431 Οὕτως
1461 2401 1507 2436 μεν
1531 2398 1574 2426 οὖν
1599 2399 1782 2438 θεοδώριτος·
1806 2404 1917 2440 Σωκρά-

1109 2454 1157 2476 της
1183 2443 1213 2472 δε
1245 2446 1290 2471 καὶ.
1322 2445 1466 2481 Σωζόμενός
1497 2454 1576 2480 φασιν
1604 2445 1644 2471 ὅτι
1677 2445 1754 2476 εὐθὺς
1784 2447 1852 2482 μετὰ
1886 2449 1916 2475 τὸ

1109 2488 1266 2519 ἕκϐληθῆναι
1294 2489 1404 2524 Παῦλον,
1429 2490 1475 2515 καὶ
1499 2487 1639 2521 ἀναζεῦξαι
1668 2491 1846 2517 Κωνστάντιον
1879 2492 1917 2524 εἰς

1110 2534 1297 2571 Ἀντιόχειαν,
1330 2534 1355 2560 οἱ
1385 2533 1572 2571 ἆρειανίζοντες
1609 2537 1772 2571 μετέστησαν
1804 2533 1833 2561 ἔκ
1867 2540 1917 2568 τῆς

1109 2577 1304 2616 Ἀλεξανδρειας
1335 2580 1497 2616 Γρηγόρῑον,
1536 2580 1571 2611 ὡς
1612 2581 1670 2606 οὕτε
1711 2578 1916 2617 ’Δλεξοινδρεῦσι

1107 2625 1279 2661 καταθύμιον,
1297 2625 1342 2650 καὶ
1358 2624 1394 2655 ὡς
1417 2622 1497 2660 ἀμελῆ
1514 2626 1580 2662 πρὸς
1596 2626 1726 2651 σύστασιν
1745 2628 1792 2651 τοῦ
1814 2624 1914 2653 οἰκείου

1109 2668 1258 2706 δόγματος·
1287 2667 1343 2695 ἀντὶ
1378 2666 1408 2695 δί
1439 2670 1545 2704 τούτου,
1572 2672 1698 2706 Γεώργιον
1729 2669 1858 2706 ἔπεμψαν,
1890 2672 1915 2703 ὃς

1108 2714 1134 2741 ἐκ
1167 2712 1358 2746 Καππαδοκίας
1388 2715 1433 2751 μεν
1464 2716 1579 2751 ὡρμᾶτο,
1607 2712 1686 2746 δόξαν
1718 2711 1748 2742 δε
1779 2716 1838 2754 περὶ
1864 2718 1915 2748 τήν

1107 2759 1228 2799 ἀρειανήν
1245 2760 1385 2798 θρησκείαν
1400 2759 1533 2789 ἐκέκτητο.
