1917 3073
224 65 258 94 19
899 62 1038 92 ΝΙΟΕΤΛΕ
1060 62 1226 93 αΗΟΝΙΤΛΕ

225 128 278 165 qui
293 127 434 157 dicebant
445 127 548 156 Filium
572 128 622 157 Dei
641 136 707 157 esse
723 129 760 157 de
780 128 885 162 nihilo,
906 135 942 156 ac
961 127 1050 155 fuisse

1110 137 1203 162 γοντας
1227 129 1272 155 τὸν
1299 129 1358 156 Υίὸν
1377 132 1424 156 τοῦ
1444 131 1517 164 Θεοῦ,
1534 131 1579 156 καὶ
1595 130 1636 157 ὅτι
1659 131 1691 160 ἦν
1712 132 1754 158 ὅτι
1766 132 1815 158 οὐκ
1867 129 1909 160 ἧι

225 176 345 210 tempus
356 173 481 209 quando
493 181 554 202 non
564 176 643 209 erat;
656 176 801 211 praeterea
814 177 842 203 et
854 173 1052 206 Sabellianos,

226 226 304 255 quos
334 219 494 246 nominant
523 219 649 247 Romani
679 219 929 256 Patropassimos,
950 219 1053 254 utpote

227 265 344 291 Patrem
358 271 425 291 cum
444 263 514 292 Filio
528 265 556 291 et
575 264 684 300 Spiritu
700 267 805 292 sancto
823 263 1052 296 confundentes,

227 310 256 336 et
270 316 351 336 nunc
361 308 485 344 quidem
499 315 570 336 eum
585 310 709 345 Patrem,
731 317 813 337 nunc
831 308 947 344 Filium,
972 315 1053 336 nunc

229 353 370 389 Spiritum
387 355 526 380 sanctum
542 353 740 389 appellantes.
757 354 927 382 Promiscne
937 352 1017 381 enim
1025 354 1054 381 et

227 397 387 425 indiscrete
407 399 543 426 Romana
570 397 674 433 lingua
697 398 806 427 dicitur
827 398 951 435 passim.
980 399 1053 426 Cum

228 444 330 470 autem
353 442 432 470 hunc
463 442 557 470 ﬁdem
589 450 651 471 non
690 444 875 480 recepissent
913 443 1054 471 Occiden-

227 487 312 522 tales,
326 487 379 515 sed
395 487 527 515 dicerent
541 487 598 516 sibi
613 487 750 516 sufﬁcere
765 488 886 516 Nicsena
898 488 1052 523 dogmata,

229 531 396 568 scripsitad
415 531 537 560 fratrem
554 533 701 561 Constans
717 533 773 562 sibi
785 534 900 569 justum
914 533 1006 561 videri
1023 535 1055 561 ut

227 577 383 606 Athanasii
404 576 573 606 fautoribus
597 578 740 614 propriae“
753 578 840 607 sedes
862 577 1054 606 restitueren-

227 624 289 653 tur.

265 668 310 695 13.
345 667 494 700 Quoniam
521 668 623 696 autem
651 667 725 695 nihil
751 667 917 704 perfectum
944 667 1051 702 fuerat,

228 712 349 740 duobus
365 711 600 748 imperatoribus
608 711 722 748 placuit
729 712 890 741 concilium
897 712 1052 741 Serdicam

228 757 438 786 convocari.Et
453 759 659 786 convenerunt
678 765 714 786 ex
734 757 918 786 'l'heodoreto
931 757 1052 786 ducenti

228 804 257 830 et
282 801 504 839 quinquaginta
528 802 677 839 episcopi;
700 810 738 830 ex
760 803 880 831 Socrate
904 804 1005 830 autem
1025 793 1088 831 etB

228 847 404 881 Sozomeno,
432 854 468 874 ex
497 846 733 875 occidentalibus
758 847 895 883 partibus
914 847 975 875 fere
994 849 1051 874 tre-

228 891 314 926 centi,
336 899 371 919 ex
386 890 583 919 orientalibus
599 893 700 919 autem
717 899 769 920 sex
791 893 819 920 et
837 891 1050 928 septuaginta;

226 943 358 972 quorum
386 936 416 963 in
433 943 561 963 numero
576 937 662 964 erant
679 935 820 970 Sabinus,
849 936 995 965 Heracleae
1021 936 1051 964 in

225 980 349 1008 Thracia
372 980 658 1008 Macedonianorum
677 981 850 1017 episcopus,
869 983 898 1009 et
915 981 1052 1017 Ischyras

225 1025 430 1062 quiMareotiaa
437 1025 647 1062 episcopatum
661 1025 700 1054 ab
710 1026 866 1054 Athanasii
874 1026 1051 1054 adversariis

225 1070 601 1106 acceperat.Occidentales
609 1070 732 1107 quidem
741 1070 895 1099 Sardicam
906 1078 1051 1099 convene-

224 1116 305 1149 runt,
317 1115 475 1143 orientales
493 1122 574 1148 vero,
592 1122 662 1143 cum
690 1115 922 1151 Philippopolim
949 1123 1051 1152 perve-

224 1161 350 1192 nissent,
365 1159 400 1187 iis
414 1162 520 1188 notum
544 1159 679 1188 fecerunt
703 1168 733 1188 se
748 1168 818 1188 cum
844 1160 879 1188 iis
901 1168 964 1188 non
975 1160 1050 1188 velle

226 1204 371 1241 colloqui,
387 1204 443 1232 nisi
458 1212 476 1232 a
492 1204 628 1233 sessione
646 1207 675 1233 et
696 1205 912 1233 communione
931 1205 1051 1241 expule-

222 1249 282 1277 rint
297 1248 451 1276 Athanasii
463 1248 596 1277 fautores
611 1251 644 1278 ut
657 1249 820 1286 depositos.
832 1249 889 1277 Illis
903 1252 1003 1277 autem
1018 1249 1050 1278 id

222 1302 284 1322 non
300 1293 477 1329 ferentibus,
494 1293 513 1321 ii
527 1294 687 1322 concilium
702 1293 836 1322 habuere
851 1294 882 1322 in
894 1294 961 1331 ipsa
975 1294 1049 1322 urbe

222 1338 434 1375 Philippopoli,
461 1340 489 1366 et
511 1337 726 1375 deposuerunt,
742 1346 797 1375 pro
818 1338 912 1372 libito,
936 1339 1049 1367 Iulium

221 1384 402 1416 Romanum,
415 1391 450 1411 eo
461 1383 545 1420 quod
557 1383 673 1419 primus
688 1391 758 1411 cum
767 1384 930 1412 Athanasio
946 1386 974 1412 et
984 1384 1048 1420 ejus

220 1427 390 1456 fautoribus
405 1427 669 1464 communicasset,
685 1427 808 1456 Hosium
822 1428 1048 1457 Cordubensem

1106 174 1171 209 πρὸς
1187 171 1216 200 δὲ
1229 175 1274 200 καὶ
1292 175 1354 205 τοὺς
1375 174 1569 208 Σαϐελλιανοὺς,
1594 175 1637 206 οὓς
1659 175 1826 213 ὀνομάζουσι
1866 176 1909 202 Ῥ

1106 220 1181 254 μαῖοι
1203 221 1450 256 πατροπασσίμους,
1482 220 1516 251 ὡς
1544 221 1588 246 τὸν
1615 223 1716 257 Πατέρα
1743 223 1909 258 ωγχέθντ

1107 262 1141 293 εἰς
1160 263 1220 289 Υίὸν
1239 266 1283 290 καὶ
1304 265 1334 290 τὸ
1353 267 1466 301 Πνεῦμα,
1483 266 1528 291 καὶ
1549 265 1609 291 ποτε
1630 267 1675 301 μὲν
1697 265 1775 292 αὑτὸν
1791 268 1909 302 Πατέρ

1107 309 1169 334 ποτε
1193 306 1222 334 δὲ
1234 309 1304 343 Υἰόν,
1324 310 1386 336 ποτὶ
1402 307 1433 336 δὲ
1461 312 1566 346 Πνεῦμα
1593 309 1788 346 ὃνομαζοντας*
1809 312 1857 337 τὸ
1883 320 1909 346 γ

1107 351 1197 389 χύδην
1220 355 1266 380 καὶ
1293 352 1455 391 ἀδιακρίτως
1478 355 1613 391 πάσσιμον
1640 356 1654 384 ἡ
1677 358 1808 392 Ῥωμαῖκῆ
1854 355 1909 391 le",

1108 399 1188 433 φωνή.
1218 399 1320 428 Ταύτην
1350 397 1380 425 δε
1412 401 1460 428 τὴν
1488 401 1578 425 πίστιν
1611 401 1647 435 μὴ
1686 399 1905 437 παραδεξαμέν

1107 446 1157 468 τῶν
1185 445 1309 475 Δυτικῶν,
1334 442 1386 470 ἀλλ’
1410 442 1532 470 εὲπόντων
1557 443 1694 481 ἀρκεῖσθαι
1721 448 1776 476 τοῖς
1806 446 1841 471 ἓν
1886 448 1909 471 Β

1108 489 1172 523 καίᾳ
1196 486 1315 521 δόξασιν,
1341 488 1438 525 ἔγραψε
1463 489 1526 526 πρός
1549 490 1593 515 τὸν
1617 488 1726 526 ἀδελφόν
1750 491 1763 516 ό
1784 493 1909 516 Κώνστ-

1109 531 1186 563 ἀξιῶν
1209 531 1372 563 ἀποδοθῆναι
1390 536 1443 564 τοῖς
1465 535 1525 570 περὶ
1540 533 1696 561 ’Δθανάσιον
1714 535 1777 566 τοὺς
1795 534 1909 561 οἱκείο

1109 577 1223 614 θρόνους.

1144 665 1189 702 ιγ’.
1203 665 1245 697 Ὠς
1267 665 1297 693 δε
1319 665 1396 693 οὐδὲν
1422 667 1512 697 ἣνῦετο
1532 667 1617 702 πλέον,
1644 666 1718 700 ἔδοξε
1745 669 1846 705 γνώμῃ
1877 679 1909 695 τε

1107 708 1156 737 δύο
1186 710 1315 747 βασιλέων
1334 711 1508 748 ἀθροισθῆναι
1537 711 1648 739 σύνοδον
1673 714 1697 740 ἓν
1726 711 1858 750 Σαρδικῆ
1900 724 1909 740 1

1106 755 1197 782 πόλει·
1218 758 1263 782 καὶ
1287 757 1468 793 ἠθροίσθησαν
1492 759 1561 784 κατὰ
1588 759 1633 794 μὲν
1658 756 1834 795 Θεοδὼρητον
1862 768 1909 785 πε

1106 803 1219 830 τήκοντα
1230 803 1275 827 καὶ
1297 800 1431 828 διακόσιοι
1452 802 1602 836 ἐπίσκοποι,
1618 804 1686 829 κατὰ
1714 801 1744 829 δὲ
1765 804 1909 841 Σωκράτι

1105 847 1150 872 καὶ
1178 846 1324 882 Σωζόμενον
1350 845 1377 872 ἐκ
1402 848 1447 883 μὶν
1482 851 1531 873 τῶν
1564 847 1688 884 ἑσπερίων
1724 852 1810 885 μερῶν
1855 857 1909 886 πεί

1105 892 1165 921 τοὺς
1190 893 1367 928 τριακοσίους,
1385 890 1412 917 ἐκ
1444 889 1473 917 δε
1502 895 1551 918 τῶν
1573 892 1640 927 ἑῴων
1664 892 1692 924 ἐξ
1718 894 1762 918 καὶ
1791 891 1909 929 ἐϐδομι

1105 944 1200 961 κοντα·
1224 933 1263 967 οἷς
1286 936 1470 973 συνηριθμεῖτο
1488 939 1534 962 και
1550 936 1683 968 Σαϐῖνοςό
1703 941 1751 963 τῶν
1776 937 1803 964 ἓν
1824 937 1909 975 εΗρονε

1105 979 1177 1017 κλείᾳ
1206 984 1255 1011 τῆς
1292 982 1399 1017 Θρᾴκης
1431 979 1630 1008 Μακεδονιανῶν
1670 981 1822 1018 ὶπίσκοπος,
1874 993 1909 1009 κο

1106 1024 1234 1062 Ἰσχύρας
1260 1024 1408 1063 ἐπιτραπεὶς
1436 1028 1483 1055 τὴν
1511 1030 1557 1052 τοῦ
1584 1029 1726 1064 Μαρεώτου
1757 1026 1909 1057 ἐπισκοπή

1105 1071 1177 1107 παρὰ
1200 1073 1249 1095 τῶν
1285 1069 1501 1106 ἀπεχθανομένων
1533 1074 1570 1106 τῷ
1604 1071 1762 1108 Ἀθανασίῳ.
1800 1075 1861 1099 Καὶ
1901 1082 1909 1099 ι

1105 1115 1150 1151 μὲν
1165 1116 1270 1141 Δυτικοὶ
1288 1115 1346 1141 κατ’
1369 1115 1450 1144 αὐτὴν
1478 1117 1525 1145 τὴν
1547 1114 1679 1154 Σαρδίκήν
1704 1116 1834 1146 συνῆλθον
1850 1126 1858 1132 ·
1900 1127 1909 1143 ι

1106 1157 1136 1185 δὲ
1171 1159 1340 1195 Ἀνατολικοὶ,
1374 1159 1562 1192 καταλαϐόντες
1599 1163 1647 1190 τὴν
1686 1161 1909 1188 mlunt-obtain

1105 1201 1240 1233 ἐδήλωσαν
1272 1204 1362 1236 αὐτοῖς
1388 1206 1422 1236 ὡς
1451 1204 1498 1231 οὐκ
1529 1205 1610 1236 ἄλλως
1638 1205 1674 1236 εἰς
1703 1205 1794 1242 λόγους
1824 1206 1909 1233 ελθεί

1104 1248 1193 1280 αὐτοῖς
1219 1248 1360 1282 ἐθέλουσιν,
1393 1249 1414 1276 εἰ
1437 1251 1473 1286 μὴ
1498 1251 1556 1281 τοὺς
1585 1252 1644 1287 περὶ
1660 1250 1816 1277 Ἀθανάσιον
1851 1250 1909 1278 ἀπε

1103 1293 1216 1320 λάσουσι
1238 1297 1285 1320 τοῦ
1308 1292 1446 1332 συνεδρίου
1466 1296 1512 1320 καὶ
1541 1299 1588 1325 τῆς
1611 1297 1743 1326 κοινωνίας
1761 1296 1797 1326 ὡς
1822 1297 1907 1325 χαϐη

1103 1341 1239 1375 ρημένους.
1264 1342 1320 1365 Τῶν
1336 1337 1365 1365 δὲ
1380 1341 1416 1375 μὴ
1443 1338 1614 1376 ἀνεχομένων,
1636 1341 1727 1366 ἐκεῖνοι
1751 1339 1909 1377 συνήδρευ‹

1105 1393 1152 1409 σαν
1168 1382 1287 1414 ἀλλήλοις
1311 1383 1334 1410 έν
1350 1383 1415 1421 αὑτῃ
1445 1387 1476 1420 τῇ
1501 1383 1712 1417 Φιλιππουπόλει,
1742 1387 1787 1411 καὶ
1815 1387 1909 1412 mea

1102 1427 1155 1462 λον,
1191 1429 1224 1458 ὡς
1263 1427 1396 1464 ἐνόμισαν,
1435 1428 1541 1456 Ἰούλιον
1569 1429 1613 1465 μὶν
1646 1432 1693 1460 τῆς
1721 1429 1834 1466 Ῥώμης,
1878 1431 1909 1461 ὡς

221 1475 344 1510 propter
359 1473 500 1501 eamdem
513 1480 651 1507 causam,
668 1475 697 1501 et
718 1473 790 1510 quia
814 1473 929 1502 amicus
952 1474 1048 1502 fuerat

1110 1472 1218 1509 ἔρξαντα
1239 1476 1286 1503 τῆς
1312 1474 1376 1510 πρὸς
1403 1473 1558 1500 Ἀθανάσιον
1582 1475 1627 1499 καὶ
1649 1475 1711 1504 τοὺς
1736 1472 1799 1510 ἀμφ’
1824 1474 1909 1500 αὐτότί

222 1518 338 1547 Paulini
359 1520 387 1546 et
399 1517 545 1546 Eustathii
561 1518 613 1554 qui
627 1518 815 1547 Antiochiam
826 1521 975 1553 rexerant,
992 1520 1049 1547 Ma-

220 1563 370 1591 ximinum
392 1563 607 1599 Trevirensem,
636 1564 739 1600 utpote
762 1563 815 1600 qui
839 1563 957 1600 primus
978 1571 1048 1591 cum

221 1607 313 1636 Paulo
337 1607 600 1641 communicasset,
627 1609 821 1644 Protogenem
851 1607 980 1636 Sardicm
1012 1615 1048 1636 eo

222 1652 305 1688 quod
321 1651 491 1680 Marcellum
506 1651 680 1680 defenderet
698 1660 790 1688 quem
805 1652 889 1689 prius
904 1652 1049 1680 condem-

222 1697 357 1728 naverat,
374 1696 575 1724 Gaudentium
592 1698 626 1724 ut
640 1696 724 1724 aliter
739 1698 879 1732 agentem
901 1704 935 1724 ac
952 1695 1048 1732 Cyria-

223 1748 277 1768 cus
292 1740 340 1768 cui
353 1742 549 1775 successerat,
565 1742 594 1769 et
617 1742 649 1768 ut
670 1740 791 1777 plurimi
815 1740 974 1769 facientem
997 1749 1049 1769 eos

224 1793 302 1822 quos
315 1784 527 1822 deposuerant.

261 1919 305 1947 14.
318 1919 398 1948 Hosii
407 1920 508 1948 autem
517 1918 650 1948 fautores
660 1920 823 1956 postquam
835 1921 1049 1954 convenerant,

224 1964 399 1993 innocentes
412 1964 643 1993 declaraverunt
665 1964 861 1992 Athanasium
880 1964 1002 2001 quidem
1018 1966 1050 1994 ut

224 2009 333 2045 injuste
350 2009 389 2037 ab
403 2009 439 2037 iis
454 2009 506 2046 qui
516 2010 627 2045 Tyrum
638 2009 792 2045 congressi
805 2011 1047 2044 erantvexatum,

224 2054 396 2082 Marcellum
407 2062 480 2082 vero
495 2056 527 2082 ut
541 2054 665 2082 minime
676 2057 858 2083 annuentem
871 2063 903 2083 se
919 2055 1048 2090 cogitare

224 2107 292 2135 quae
299 2100 376 2127 falso
383 2099 759 2135 arguebanturManil‘estm
768 2100 847 2128 enim
854 2100 1049 2137 erant,inquit

1102 1519 1245 1553 κοινωνίας,
1261 1515 1353 1544 Ὀσιον
1375 1515 1405 1544 δὲ
1428 1519 1471 1544 τὸν
1501 1516 1654 1554 Κορδούϐης
1679 1516 1725 1544 διά
1747 1527 1773 1545 τε
1791 1520 1838 1547 τὴν
1863 1519 1909 1545 αὐ-

1102 1563 1149 1590 τὴν
1165 1561 1261 1596 αἰτίαν,
1282 1565 1327 1589 καὶ
1353 1563 1393 1589 ὅτι
1418 1562 1489 1599 φίλος
1517 1562 1614 1599 ἐγένετο
1637 1562 1755 1599 Παυλίνῳ
1779 1565 1824 1589 καὶ
1852 1564 1909 1590 Εὐ-

1105 1608 1203 1643 σταθίῳ
1229 1611 1284 1639 τοῖς
1312 1609 1489 1645 ἡγησαμένοις
1512 1611 1559 1639 τῆς
1585 1608 1760 1644 Ἀντιοχείας,
1787 1608 1909 1645 Μαξιμῖι

1102 1661 1144 1678 νον
1173 1650 1203 1678 δὲ
1226 1652 1367 1690 Τριϐέρεως
1395 1654 1428 1684 ὡς
1452 1657 1553 1691 πρῶτον
1578 1653 1671 1689 Παύλῳ
1695 1655 1909 1688 κοινωνήσαντα,

1104 1699 1271 1733 Πρωτογένην
1310 1695 1339 1724 δὲ
1372 1701 1420 1729 τῆς
1455 1695 1590 1735 Σαρδικῆς
1623 1699 1658 1729 ὡς
1696 1697 1909 1735 ὑπερμαχοῦντα

1102 1741 1253 1778 Μαρκέλλου
1279 1746 1326 1769 τοῦ
1359 1744 1483 1780 πρότερον
1516 1742 1559 1769 ὑπ¹
1582 1743 1662 1769 αὑτοῦ
1684 1742 1909 1779 καταψηφισθέν-

1102 1796 1156 1822 τος,
1186 1785 1340 1814 Γαυδέντιον
1364 1786 1395 1814 δὲ
1422 1789 1457 1819 ὡς
1483 1788 1621 1814 ὑπεναντία
1643 1786 1830 1818 σπουδάζοντα
1855 1791 1909 1815 Κυ-

1102 1836 1186 1868 ριακῷ
1212 1833 1238 1859 ὃν
1265 1831 1410 1867 διεδέξατο,
1435 1835 1480 1860 καὶ
1507 1834 1568 1865 τοὺς
1591 1833 1653 1872 παρ’
1677 1832 1761 1860 αὐτῶν
1783 1834 1909 1871 καθῃρη-

1103 1877 1193 1913 μένους
1206 1879 1264 1914 περὶ
1279 1877 1372 1904 πολλοῦ
1387 1879 1548 1915 ποιούμενον.

1140 1920 1186 1950 ιδ’.
1202 1923 1234 1948 Οἱ
1250 1920 1281 1949 δέ
1292 1933 1321 1959 γε
1341 1922 1407 1959 ἀμφὶ
1427 1924 1471 1949 τόν
1489 1923 1591 1957 ⁴Οσιον,
1615 1922 1784 1958 συνελθόντες,
1801 1922 1909 1953 ἀθώους

1103 1966 1234 2003 ἀπέφηναν
1267 1967 1421 1994 Ἀθανάσιον
1458 1969 1503 2005 μὲν
1539 1969 1573 1999 ὡς
1610 1966 1709 1999 ἀδίκως
1751 1967 1904 1995 ἐπιϐουλευ-

1105 2012 1179 2038 θέντα
1206 2013 1278 2049 παρὰ
1306 2016 1356 2039 τῶν
1385 2013 1409 2039 ἐν
1436 2013 1514 2050 Τὺρῴ
1543 2012 1724 2046 συνελθόντων,
1752 2013 1906 2050 Μάρκελλον

1104 2054 1133 2082 δὲ
1164 2055 1207 2083 οἷα
1234 2059 1269 2093 μὴ
1304 2057 1371 2084 οὕτω
1397 2057 1505 2094 λέγοντα
1530 2062 1628 2095 φρονεῖν
1661 2059 1695 2089 ὡς
1720 2055 1872 2084 διεϐάλλετο
1896 2064 1904 2073 ⁰

1103 2100 1222 2138 ἐφωράθη
1242 2102 1303 2139 γὰρ,
1334 2104 1414 2139 φησὶν
1435 2103 1448 2128 ό
1479 2100 1661 2139 Θεοδὼρητος,
1694 2106 1742 2128 τῶν
1769 2105 1827 2139 περὶ
1860 2105 1905 2129 τόν

223 2144 437 2178 Theodoretus,
466 2144 553 2172 malae
582 2144 820 2173 Eusebianorum
853 2147 943 2173 artes.
976 2146 1047 2178 Quae

1110 2146 1253 2176 Εὐσέϐιονή
1284 2149 1444 2183 κακοτεχνία
1459 2155 1466 2162 ·
1491 2147 1530 2173 ὃτι
1560 2146 1576 2173 ἃ
1602 2147 1687 2177 ζητῶν
1711 2148 1724 2173 ὸ
1751 2147 1905 2184 Μάρκελλος

224 2189 316 2217 emim
331 2189 484 2217 Marcellus
497 2191 531 2217 ut
545 2189 670 2226 quaesita
685 2190 810 2224 dixerat,
826 2198 862 2219 ea
877 2192 909 2218 ut
922 2190 960 2219 ab
981 2190 1047 2226 ipso

223 2236 308 2262 extra
323 2234 556 2263 controversiam
567 2235 664 2271 posita
677 2235 950 2264 calumniabantur.
972 2237 1046 2264 Cum

222 2281 324 2307 autem
338 2279 415 2307 eain
435 2279 553 2316 synodo
578 2279 707 2308 Sardicee
725 2279 828 2308 habita
841 2280 917 2308 lecta
936 2282 1045 2315 essent,

221 2325 303 2352 recta
315 2324 438 2353 inventa
452 2326 498 2352 est
523 2324 614 2360 hujus
635 2324 768 2353 hominis
794 2325 881 2354 ﬁdes.
911 2326 1045 2354 Socrates

222 2373 323 2398 autem
347 2370 418 2398 dieit
440 2370 611 2398 Marcellum
638 2371 671 2398 ut
697 2370 981 2399 condemnationem
1003 2378 1047 2399 re-

222 2414 355 2451 pelleret,
369 2415 557 2451 persuasisse
571 2414 721 2451 episcopis
737 2415 866 2443 Sardica:
882 2423 1045 2451 congrega-

220 2461 257 2489 tis
273 2467 323 2488 eos
336 2460 388 2496 qui
396 2460 496 2496 ipsum
510 2459 714 2496 deposuerant
728 2467 789 2488 non
800 2460 963 2496 intelligere
976 2469 1044 2497 quae

220 2505 391 2542 scripserat.
408 2507 498 2541 atque
513 2504 581 2532 ideo
605 2512 636 2532 se
661 2505 882 2534 Samosatensis
911 2506 1044 2542 episcopi

220 2550 408 2587 suspiciones
429 2550 601 2578 incurrisse.
626 2550 799 2579 Patriarcha
821 2558 893 2579 vero
921 2550 1042 2579 Photius

217 2596 406 2624 narrationes
417 2595 574 2623 conferens
585 2595 713 2624 Socratis
724 2603 760 2624 ac
771 2595 957 2630 Theodoreti,
972 2596 1043 2625 dicit

218 2640 412 2669 Sardicenses
425 2640 584 2677 episcopos
604 2648 673 2668 vere
689 2640 830 2677 deceptos
846 2648 932 2675 esse;
956 2648 1041 2668 cum-

215 2693 275 2722 que
289 2693 352 2714 non
365 2685 440 2713 bene
456 2685 669 2724 intellexissent
686 2685 813 2713 Marcelli
829 2685 948 2722 scripta,
961 2685 1039 2715 male

215 2738 283 2758 eum
295 2729 492 2767 justiﬁcasse;
508 2729 578 2758 inde
593 2729 746 2758 neminem
768 2729 918 2766 accepisse
934 2737 1038 2758 eorum

1103 2192 1199 2228 εἴρηκε,
1246 2196 1330 2218 ταῦτα
1380 2193 1412 2223 ὡς
1460 2192 1647 2228 ὡμολογημένα
1699 2190 1902 2221 διαϐεϐλήκασι,

1102 2237 1205 2262 Τούτων
1233 2235 1258 2263 δ’
1291 2236 1334 2263 ἐπὶ
1366 2241 1411 2267 τῆς
1441 2235 1553 2263 συνόδου
1585 2241 1632 2268 τῆς
1668 2237 1734 2263 κατά
1767 2235 1902 2273 Σαρδιχὴν

1103 2279 1328 2317 ἀναγνωσθέντων,
1351 2282 1414 2319 ὀρθὴ
1442 2285 1488 2308 τοῦ
1513 2280 1607 2319 ἀνδρὸς
1635 2282 1649 2311 ἡ
1680 2283 1770 2313 πίστις
1795 2282 1899 2319 εὑρέθη.

1102 2328 1240 2364 Σωκρατης
1274 2324 1305 2353 δέ
1334 2336 1412 2363 φησιν
1448 2327 1488 2353 ὅτι
1514 2326 1679 2353 ἀναπαλαίων
1706 2327 1719 2352 ό
1751 2326 1900 2363 Μάρκελλος

1102 2372 1148 2399 τὴν
1167 2369 1315 2399 καταδίκην
1343 2372 1429 2398 ἔπεισε
1458 2373 1518 2402 τοὺς
1546 2370 1570 2397 ἔν
1597 2369 1712 2408 Σαρδικῇ
1742 2372 1777 2408 μὴ
1803 2371 1898 2400 νοῆσαι

1101 2417 1161 2446 τοὺς
1178 2415 1334 2446 καθελόντας
1353 2415 1441 2449 αὐτὸν,
1475 2415 1492 2441 ἀ
1515 2417 1628 2452 γέγραφε
1644 2424 1651 2430 ·
1676 2418 1721 2441 καὶ
1746 2414 1792 2442 διὰ
1819 2420 1897 2442 τοῦτο

1101 2462 1147 2489 τὴν
1169 2460 1291 2486 ὑπόνοιαν
1319 2464 1364 2486 τοῦ
1391 2462 1560 2496 Σαμοσατέως
1576 2459 1717 2488 λαϐεῖν,”0
1746 2458 1775 2486 δὲ
1802 2470 1894 2497 πατρι-

1100 2506 1189 2541 άρχης
1217 2506 1323 2539 Φὼτιος,
1345 2503 1444 2541 σχόλια
1462 2505 1587 2542 παραθεὶς
1619 2508 1665 2531 τοῦ
1695 2514 1721 2531 τε
1747 2505 1896 2540 Σωκράτους

1098 2551 1143 2575 καὶ
1163 2553 1209 2576 τοῦ
1225 2548 1408 2588 Θεοδωρήτου,
1430 2551 1510 2586 φησὶν
1539 2549 1579 2576 ὃτι
1609 2549 1634 2576 ἐν
1660 2548 1776 2587 Σαρδιχῇ
1801 2549 1894 2586 μᾶλλον

1098 2595 1273 2624 ἠπατήθησαν
1291 2601 1298 2608 ⁸
1330 2596 1375 2620 καὶ
1403 2596 1439 2631 μὴ
1465 2597 1605 2625 νοήσαντες
1633 2593 1746 2631 ἀκριϐῶς
1770 2595 1799 2620 τὸ
1822 2597 1892 2632 Μαρ-

1097 2639 1185 2666 κέλλου
1213 2640 1384 2676 σύγγραμμα,
1414 2644 1500 2671 κακῶς
1530 2639 1608 2666 αὐτὸν
1631 2637 1809 2665 ἐδικαίωσαν·
1837 2640 1890 2666 ὅθεν

1095 2683 1182 2716 οὐδεὶς
1204 2682 1364 2722 παρεδέξατο
1387 2686 1434 2714 τὴν
1462 2686 1522 2722 περὶ
1546 2685 1638 2710 τούτου
1665 2686 1753 2721 κρίσιν
1784 2684 1865 2711 αὐτῶν
1880 2695 1887 2702 -

1095 2729 1150 2756 ἀλλ’
1179 2730 1249 2756 ἔστιν
1265 2729 1312 2761 ἔξω
1324 2734 1369 2761 τῆς
1394 2729 1578 2761 Ἐκκλησίαςό
1598 2729 1756 2766 Μάρκελλος.
1784 2729 1886 2757 Ἠθώω-
