1917 3073
208 96 242 123 23
875 90 1009 121 NlCET/E

1118 91 1213 122 [ῙΛΤᾸΞ

1867 103 1917 130 24

208 157 381 186 interfectus
391 158 437 185 est
449 156 500 193 qui
509 158 612 185 Romae
625 156 828 193 imperaverat
839 153 1023 190 Magnentius

1118 158 1216 182 υτεινοῦ
1236 155 1349 184 συνόδου
1375 159 1521 195 γεγονυίας,
1538 159 1563 186 ἂν
1577 162 1613 195 τῷ
1635 162 1731 197 μεταξὺ
1757 165 1917 202 nemeae:

210 205 237 230 et
260 204 407 238 tyrannus
420 201 503 236 alter,
525 201 662 230 Silvanus
679 201 813 231 nomine.
826 203 933 236 Magna
946 200 1035 235 igitur

209 246 365 275 securitate
381 246 411 274 in
425 248 557 274 veterem
572 248 698 274 Romam
723 246 874 282 profectus
899 247 942 274 est
960 246 1034 274 Con-

210 291 339 320 stantius
350 291 499 328 jussitquc
510 291 663 327 synodum
676 291 833 320 Mediolani
844 290 919 319 ﬁeri.

247 431 290 456 ΓΙ.
317 429 441 462 Interea,
457 429 491 455 ut
504 428 608 455 narrat
632 427 824 461 Sozomenus,
841 435 911 455 cum
935 426 1033 455 Antio-

209 473 309 501 chiam
324 472 536 500 convenissent
549 472 702 500 Narcissus
716 471 889 508 lrenopolis,
903 473 932 500 et
944 472 1035 500 Theo-

199 518 301 546 "dorus
312 517 656 552 Heraclew,etEugenius
672 517 723 553 qui
737 517 899 552 Theognidi
915 517 1033 545 Niceano

201 565 394 592 successerat
416 565 444 591 et
465 562 650 599 Petrophilus
673 562 872 599 Scythopolis,
897 564 926 590 et
940 563 1035 590 Meno—

209 609 341 646 phantus
366 608 475 644 Ephesi
499 609 528 635 et
553 607 602 635 alii
622 615 716 643 prope
741 607 871 642 triginta.
889 607 1034 634 universis

209 653 357 690 episcopis
385 655 490 681 contra
517 652 714 681 Athanasium
739 652 894 688 scripsere.
920 653 1034 680 Conve-

208 700 319 726 nerunt
354 701 453 726 autem
488 697 686 726 Mediolanum
724 697 812 733 pauci
841 696 965 733 quidem
998 705 1034 726 ex

209 743 336 777 Oriente,
368 743 432 771 aliis
463 742 707 780 praetexentibus,
734 744 767 770 ut
794 742 953 785 verisimile
977 745 1032 774 est,

208 791 390 816 senectutem
406 790 457 816 aut
471 788 610 815 morbum
623 789 675 815 aut
684 787 795 815 itineris
807 787 1013 815 difﬁcultatem
1025 796 1031 820 ;

208 842 244 861 ex
267 832 424 861 Occidente
440 835 540 860 autem
556 832 727 867 congregati
747 834 818 859 sunt
832 831 909 859 ultra
921 834 1031 860 trecen-
1046 829 1066 857 Β

206 880 263 906 tos.
292 877 491 906 Orientalibus
520 877 610 912 igitur
635 876 762 912 dignum
791 877 1031 905 existimantibus

200 926 400 951 "communem
425 921 495 950 ferri
508 924 612 950 contra
629 921 824 949 Athanasium
841 921 1029 956 sententiam,

204 967 375 995 restiterunt
388 966 512 1002 quidam
529 974 565 994 ex
580 965 816 994 occidentalibus
831 966 884 1002 qui
899 966 966 994 etin
983 975 1032 995 ex-

205 1012 303 1039 silium
330 1011 416 1039 missi
439 1013 518 1045 sunt,
542 1012 575 1038 ut
597 1010 730 1038 Liberius
756 1011 867 1044 Romae,
888 1011 1031 1039 Paulinus

204 1056 336 1085 Treveris
352 1056 383 1084 in
407 1055 517 1089 Galliis,
534 1055 695 1092 Dionysius
721 1055 804 1083 Albae
818 1056 850 1083 in
865 1055 957 1090 Italia,
975 1058 1030 1085 Eu—

198 1101 306 1130 ‘sebius
316 1101 508 1129 Vercellensis
522 1101 553 1128 in
574 1101 702 1137 Liguria,
718 1101 834 1130 Lucifer
844 1101 1029 1130 Carallarum

204 1147 235 1175 in
264 1146 412 1181 Sardinia,
431 1148 460 1175 et
482 1146 609 1175 Hilarius
638 1147 833 1175 Pictaviensis
849 1147 881 1175 in
896 1147 1029 1176 secunda

203 1191 374 1228 Aquitania.

198 1239 203 1242 '
237 1237 281 1264 18.
307 1236 410 1264 Soluta
433 1237 534 1264 autem
557 1235 712 1265 iniectare
727 1236 854 1273 synodo,
877 1236 1028 1266 Eudoxius

202 1280 396 1309 Germanicim
411 1288 481 1308 cum
500 1280 653 1309 didicisset
677 1283 831 1309 mortuum
851 1289 917 1309 esse
937 1283 1028 1310 Leon-

200 1325 275 1354 tium
291 1325 453 1354 Autiochiae
465 1325 496 1354 in
512 1325 607 1362 Syria,
619 1326 784 1362 postulavit
796 1326 835 1354 ab
847 1327 1027 1363 imperatore

194 1372 232 1399 'ut
249 1370 346 1399 redire
369 1373 473 1407 posset
487 1371 583 1398 Roma
606 1371 834 1404 Germaniciam,
851 1379 918 1407 quae
932 1371 1027 1408 ipsius

197 1415 328 1444 reditum
343 1415 493 1451 cupiebat.
510 1415 596 1448 Quod
611 1423 680 1444 cum
703 1415 892 1448 obtinuisset,
906 1416 1027 1444 sortitus

198 1461 244 1488 est
266 1459 465 1494 Antiochiam,
482 1461 510 1487 et
522 1459 702 1488 Arianorum
724 1460 834 1497 favore,
859 1461 1025 1497 praesertim

1089 200 1161 235 παρὰ
1175 204 1224 226 τῶν
1238 201 1319 229 αὐτοῦ
1336 207 1490 240 στρατηγῶν
1501 204 1514 229 6
1529 208 1694 241 τυραννήσας
1707 206 1810 244 Ῥώμης
1820 200 1914 244 Μαι-γ

1088 245 1192 281 νέντιος,
1208 249 1252 272 καὶ
1268 248 1353 285 ἔτερος
1378 250 1500 286 τύραννος
1563 250 1681 282 Σιλόανός
1702 254 1783 288 ὄνομα
1795 262 1802 268 ·
1824 254 1917 280 χοετά

1089 289 1184 319 πολλὴν
1208 294 1294 318 τοίνυν
1310 291 1400 319 ἄδειαν
1416 293 1458 320 ἐπὶ
1481 295 1529 323 τὴν
1552 295 1731 333 πρεσϐυτέραν
1749 297 1861 335 Ῥώμην
1906 299 1917 324 ὲ

1090 336 1267 379 Κωνστάντιος
1280 337 1408 375 ὁρμήσας,
1421 337 1550 365 ἐκέλευσεν
1565 339 1589 366 ἓν
1604 339 1757 378 Μεδιολάνῳ
1770 345 1917 379 γενέσθαι

1090 378 1210 408 σύνοδον.

1125 424 1169 455 ιζ.
1197 426 1236 453 Ἐν
1264 428 1359 464 τούτῳ,
1387 429 1456 455 καθά
1481 439 1560 465 φησιν
1586 430 1744 467 Σωζόμενος,
1774 432 1813 464 εἰς
1835 434 1917 461 Ἀν-

1088 471 1205 505 τιὸχειαν
1238 472 1400 503 συνελθόντες
1435 475 1586 511 Νάρκισσος
1621 476 1634 501 6
1664 476 1909 514 Εἰρηνουπόλεως,

1088 517 1133 540 καὶ
1159 515 1295 554 Θεόδωρος
1321 517 1485 555 Ἡρακλείας,
1515 521 1560 545 καὶ
1579 520 1697 556 Εὗγένιος
1721 522 1733 547 ὁ
1754 520 1917 559 διάδοχος

1089 559 1229 595 Θεόγνιδος
1261 565 1306 588 τοῦ
1338 565 1460 597 Νικαίας,
1488 565 1533 590 καὶ
1564 565 1725 601 Πατρόφιλος
1760 569 1917 594 Σκυθοπό-

1087 603 1159 638 λεως,
1186 608 1231 631 καὶ
1259 609 1427 643 Μηνόφαντος
1454 609 1467 634 6
1502 608 1620 645 Ἐφέσου,
1647 612 1692 636 καὶ
1718 611 1792 638 ἄλλοι
1826 612 1917 649 ἀμφὶ

1089 649 1237 685 τριάκοντα,
1264 651 1379 688 ἔγραψαν
1402 656 1455 683 τοῖς
1478 657 1618 689 πανταχοῦ
1646 653 1799 687 ἐπισκόποις
1825 659 1917 684 κατὰ

1089 691 1245 738 Ἀθανασίου
1263 705 1269 710 ·
1303 696 1429 726 συνῆλθον
1455 696 1484 723 δὲ
1506 698 1539 728 εἰς
1564 700 1593 724 τὸ
1617 698 1778 727 Μεδιόλανον
1808 701 1914 738 ὀλίγοι

1088 738 1133 772 μὲν
1153 736 1180 763 ἐκ
1206 743 1253 770 τῆς
1281 739 1342 775 Ἕω,
1366 745 1416 767 τῶν
1442 741 1534 776 ἄλλων,
1560 744 1594 773 ὡς
1619 743 1698 777 εἰκὸς,
1722 755 1912 782 προφασισα-

1087 783 1167 816 μένων
1193 787 1276 821 ’γῆρας
1298 785 1313 814 ἢ
1344 787 1418 812 νόσον
1439 786 1453 815 ἢ
1479 785 1632 824 ὁδοιπορίαν
1653 791 1755 827 μακράν
1770 798 1778 805 ”
1809 792 1838 817 ἑκ
1867 790 1911 818 δὲ

1086 832 1135 853 τῶν
1167 827 1307 865 Ἐσπερίων
1339 830 1402 866 ὑπὲρ
1434 833 1494 862 τοὺς
1523 835 1699 866 τριακοσίους.
1736 833 1909 866 Ἀξιούντων

1086 872 1130 898 οὖν
1143 876 1193 898 τῶν
1209 872 1365 900 ἀνατολικῶν
1381 877 1469 904 κοινὴν
1484 875 1635 913 ἐκφέρεσθαι
1650 879 1716 905 κατὰ
1727 879 1905 907 Ἀθανασίου

1085 916 1182 953 ψῆφον,
1209 916 1371 947 ἀντέστησαν
1395 929 1459 950 τινες
1487 925 1538 946 τῶν
1558 920 1683 959 ἐσπερίων
1707 925 1733 949 οῖ
1755 926 1800 950 καὶ
1824 927 1907 962 πρὸς

1086 962 1223 1000 ὑπερορίαν
1237 964 1416 999 ἐπέμφθησαν,
1443 965 1496 991 οἶον
1518 965 1640 1003 Λιϐἰριος
1659 967 1795 1005 ὁῬώμης,
1818 974 1902 997 Παυ-

1085 1007 1150 1038 λῖνος
1165 1008 1177 1034 6
1199 1007 1340 1046 Τριϐἐρεως
1356 1014 1404 1040 τῆς
1418 1009 1442 1035 ἐν
1464 1010 1594 1043 Γαλλίαις,
1610 1013 1744 1045 Διονύσιος
1758 1015 1772 1040 6
1786 1014 1900 1047 ’Ἄλϐης

1084 1057 1132 1083 τῆς
1151 1054 1174 1078 ἑν
1191 1052 1297 1089 Ἰταλίᾳ,
1319 1054 1440 1086 Εὐσέϐιος
1454 1056 1467 1081 6
1486 1056 1628 1093 Βερκέλλων
1655 1061 1703 1089 τῆς
1728 1061 1897 1096 Λιγουρίας,

1084 1099 1214 1134 Λουκίφερ
1239 1097 1251 1123 ὁ
1280 1098 1418 1135 Καράλλων
1444 1103 1488 1130 τῆς
1504 1099 1661 1137 Σαρδανίας,
1678 1105 1723 1129 καὶ
1741 1102 1855 1141 Ἰλάριος
1881 1106 1899 1132 ὁ

1084 1141 1219 1169 Πικτάϐων
1234 1143 1249 1173 ἢ
1264 1144 1390 1180 Ποτάμων
1405 1148 1453 1175 τῆς
1468 1143 1592 1182 δευτέρας
1602 1146 1777 1179 ’Δκυῑτανίας.

1120 1231 1162 1260 ιη’.
1179 1231 1328 1269 ’Δπράκτου
1358 1231 1388 1260 δὲ
1416 1238 1462 1264 τῆς
1492 1234 1606 1262 συνόδου
1630 1237 1729 1268 ταύτης
1753 1236 1899 1266 διαλυθεί-

1083 1286 1141 1310 σης,
1176 1275 1304 1308 Εὗδόξιος
1340 1278 1353 1304 ὁ
1391 1281 1574 1316 Γερμανικιίας
1610 1281 1764 1312 τελευτῆσαι
1795 1285 1899 1320 μαθὼν

1082 1322 1202 1347 Λεόντιον
1226 1323 1270 1348 τὸν
1296 1323 1460 1359 Ἀντιοχείας
1484 1329 1530 1355 τῆς
1554 1326 1623 1352 κατὰ
1650 1329 1754 1364 Συρίαν,
1787 1326 1895 1358 ἐδεήθη

1081 1368 1127 1391 τοῦ
1163 1365 1293 1402 βασιλέως
1331 1366 1474 1394 ἐπανελθεῖν
1508 1368 1558 1395 ἀπὸ
1590 1369 1689 1406 Ῥώμης
1715 1371 1750 1402 εἰς
1784 1375 1895 1409 Γερμα-

1080 1412 1187 1444 νικείαν,
1208 1412 1240 1441 ὡς
1267 1413 1424 1448 χρῃζούσης
1446 1413 1525 1439 αὐτοῦ
1548 1419 1596 1445 τῆς
1614 1416 1736 1447 τοιαύτης
1763 1417 1870 1448 πόλεως
1884 1426 1893 1433 ·

1080 1454 1229 1492 ἐπιτραπεὶς
1266 1454 1310 1482 οὖν
1347 1461 1434 1491 τοῦτο,
1469 1458 1598 1495 κατέλαχε
1635 1462 1682 1489 τὴν
1707 1459 1891 1498 Ἀντιόχειαν,

195 1510 268 1533 Vero
280 1504 433 1539 regiorum
449 1504 668 1536 eunuchorum,
687 1504 744 1533 sibi
758 1506 848 1541 hujus
867 1506 951 1534 urbis
966 1506 1025 1542 epi«

1118 1502 1125 1525 ἱ
1148 1498 1252 1536 σπουδῇ
1278 1505 1327 1527 τῶν
1343 1501 1490 1538 Ἀρειανῶν,
1517 1503 1634 1539 μάλιστα
1650 1502 1680 1531 δί
1705 1509 1755 1530 τῶν
1781 1505 1894 1532 ϐασιλι-

196 1547 357 1585 scopatum
381 1550 536 1577 assecutus
553 1550 607 1578 est.
631 1550 774 1577 Caeterum
793 1550 880 1578 rediit
894 1550 933 1578 ad
952 1550 1025 1578 Aetii

197 1594 366 1622 doctrinam
397 1593 573 1622 dissimilem
604 1594 680 1622 Patri
711 1594 817 1622 Filium
855 1594 1023 1628 docentem,

195 1647 259 1667 una
274 1647 343 1666 cum
359 1638 458 1666 Acacii
483 1640 637 1674 Cmsareas,
655 1640 683 1667 et
698 1639 798 1667 Uranii
813 1639 880 1675 Cyri
893 1639 1026 1676 episcopi

196 1683 376 1711 fautoribus.
401 1683 543 1718 Georgius
556 1685 659 1712 autem
673 1683 827 1711 Laodiceae
843 1683 880 1711 de
892 1683 950 1711 hac
970 1685 1024 1712 Eu-

196 1727 277 1755 doxii
303 1727 498 1755 innovatione
514 1727 631 1755 monuit
650 1727 792 1755 Basilium
813 1728 947 1764 Ancyrae,
969 1730 1026 1757 Ma-

195 1772 357 1801 cedonium
370 1771 565 1808 Mopsuestiae,
577 1774 605 1800 et
619 1774 818 1808 Necropoeum
828 1772 1022 1809 Nicomediae;

195 1817 259 1854 qui,
282 1816 435 1845 Eustathio
462 1816 604 1851 Sebastee,
629 1818 659 1844 et
683 1816 798 1845 Eleusio
814 1817 907 1853 Cyzici
928 1817 1024 1853 juncti

192 1860 371 1897 imperatori
397 1860 479 1897 quod
496 1860 657 1888 accidisset
678 1860 866 1895 indicavere;
881 1863 1023 1896 rogantes

195 1908 230 1935 ut
240 1914 277 1934 ea
290 1905 366 1933 ﬁdes
380 1905 556 1942 praevaleret
581 1913 649 1941 qua
665 1905 736 1934 dicit
751 1905 855 1934 Filium
873 1913 935 1934 non
954 1914 1023 1935 con-

195 1950 438 1986 substantialem,
450 1950 503 1978 sed
516 1950 643 1979 similem
655 1951 764 1979 natura
780 1951 865 1986 Patri,
884 1951 947 1979 sive
961 1959 1024 1980 non

192 1994 496 2025 consubstantialem;
508 1996 537 2023 et
546 1996 579 2022 ut
591 1994 611 2022 ii
619 1995 671 2031 qui
682 1994 968 2023 consubstantialem
980 1995 1024 2023 di-

197 2043 307 2076 cerent,
319 2040 552 2077 deponerentur.
565 2039 614 2067 His
627 2039 768 2075 precibus
779 2047 916 2068 annuens
932 2040 1024 2076 impe-

196 2087 287 2117 rator,
304 2093 381 2121 quas
404 2084 565 2120 ceteroqui
580 2083 619 2111 ab
643 2083 708 2112 aliis
723 2083 872 2120 episcopis
886 2084 1024 2113 laudatas

197 2129 374 2166 reperiebat,
389 2136 500 2164 nempe
516 2137 534 2156 a
549 2128 668 2156 Valente
684 2130 796 2163 Mursaz,
818 2129 938 2157 Ursacio
953 2129 1025 2164 Sigi—

197 2174 294 2209 donis,
310 2174 460 2201 Germano
483 2173 591 2207 Sirmii,
607 2172 757 2201 Auxentio
779 2172 944 2206 Mediolani,
971 2175 1025 2202 De-

197 2218 332 2256 mophilo
350 2218 514 2246 Berrmtein
525 2218 659 2250 Thracia,
669 2217 799 2246 decrevit
814 2217 1026 2247 celebrandam

197 2271 264 2292 esse
279 2263 383 2291 Nicaeae
398 2262 561 2299 synodum.
574 2262 791 2291 Recusantibus
807 2265 907 2291 autem
923 2263 959 2291 iis
973 2257 1026 2300 qui

196 2309 410 2345 imperatorem
421 2306 700 2341 circumdabant,eo
708 2307 790 2343 quod
798 2307 869 2335 olim
877 2308 908 2336 in
917 2308 1024 2337 eadem

196 2353 272 2382 urbe
302 2353 340 2381 de
370 2352 508 2380 doctrina
537 2352 715 2388 quaestiones
740 2351 858 2387 agitatae
886 2352 1021 2387 fuissent,

195 2397 310 2435 placuit
331 2396 414 2425 illam
436 2396 616 2425 Nicomediae
641 2396 716 2424 ﬁeri.
732 2397 806 2425 Cum
822 2398 923 2425 autem
938 2399 1022 2426 terra:

195 2445 298 2472 motus
312 2450 380 2471 eam
402 2441 590 2475 vastavisset,
614 2449 735 2470 rursum
755 2441 907 2470 decretum
922 2445 967 2470 est
990 2445 1023 2472 ut

196 2489 299 2518 Nicaea:
313 2488 397 2516 ﬁeret
409 2488 555 2524 synodus.
580 2489 744 2524 imperator
768 2490 869 2517 autem
893 2489 1022 2518 mutavit

196 2534 384 2569 sententiam,
414 2536 443 2564 et
469 2533 608 2563 Seleuciae
636 2533 667 2562 in
696 2534 809 2562 Isauria
833 2541 900 2562 eam
927 2534 1021 2563 voluit

194 2580 381 2617 congregari.

229 2663 272 2690 19.
279 2661 509 2690 Considerantes
518 2661 618 2689 autem
628 2660 649 2689 ii
659 2661 712 2698 qui
725 2660 851 2690 Eudoxii
866 2662 966 2697 partes
977 2662 1018 2690 te-

190 2706 373 2736 nebantfore
387 2708 421 2735 ut
434 2714 494 2734 non
507 2708 630 2743 possent
644 2706 786 2735 omnibus
796 2705 944 2742 episcopis
955 2713 1017 2736 una

189 2752 376 2789 congregatis
386 2752 568 2789 persuadere
583 2753 616 2780 ut
625 2751 771 2780 dissimile
781 2751 959 2788 acciperent,
968 2760 1016 2788 sy-

1081 1548 1131 1570 κῶν
1160 1544 1301 1582 εὐνούχων,
1321 1550 1504 1584 περιεποίησεν
1533 1548 1614 1585 ἑαυτῷ
1641 1552 1689 1580 τὴν
1717 1549 1808 1577 ἐνθάδε
1830 1551 1892 1578 ἔπιε

1082 1592 1182 1619 σκοπήν
1199 1601 1205 1606 ·
1237 1593 1282 1616 καὶ
1308 1590 1396 1617 λοιπὸν
1420 1591 1526 1628 ἐπανῄει
1547 1595 1576 1619 τὸ
1601 1593 1701 1620 Ἀετίου
1722 1593 1810 1632 δόγμα
1839 1598 1891 1622 τὸν

1079 1635 1139 1661 Υἱὸν
1155 1633 1275 1671 ἀνόμοιον
1290 1639 1326 1670 τῷ
1341 1638 1428 1672 Πατρὶ
1444 1634 1565 1673 δοξάζον,
1581 1638 1636 1674 οἶμα
1664 1643 1720 1671 τοῖς
1740 1641 1891 1677 ὁμόφροσιν

1081 1678 1193 1715 Ἀκακίῳ
1226 1683 1262 1714 τῷ
1297 1683 1455 1717 Καισαρείας
1491 1684 1536 1708 καὶ
1568 1682 1687 1720 Οὖρανίῳ
1718 1688 1754 1720 τῷ
1785 1686 1891 1721 Τύρου,

1081 1725 1206 1759 Γεὼργιος
1243 1722 1273 1750 δὲ
1310 1724 1322 1750 6
1361 1723 1519 1757 Λαοδικείας
1564 1726 1695 1754 ἐπέστειλε
1738 1731 1799 1766 περὶ
1836 1734 1891 1762 τῆς

1080 1769 1203 1799 τοιαύτης
1251 1766 1380 1800 Εὐδοξίον
1429 1774 1624 1808 νεωτεροποιίας
1674 1773 1798 1809 Βασιλιίῳ
1849 1779 1890 1810 τῷ

1079 1811 1220 1849 Ἀγκύρας,
1255 1815 1300 1839 καὶ
1338 1814 1492 1850 Μακεδονίῳ
1530 1819 1567 1851 τῷ
1602 1816 1799 1852 Μοῲουεστίας,
1838 1822 1890 1845 καὶ

1077 1859 1227 1894 Νεκροποίῳ
1254 1861 1290 1892 τῷ
1313 1857 1494 1894 Νικομηδείας
1514 1868 1520 1874 -
1545 1860 1580 1894 οἶ,
1608 1860 1797 1898 προσλαϐόντες
1829 1863 1888 1889 Εὐ-

1079 1902 1186 1927 στάθιον
1205 1903 1248 1928 τὸν
1276 1902 1432 1934 Σεϐαστείας
1451 1906 1496 1930 καὶ
1525 1904 1657 1932 Ἐλεύσιον
1678 1907 1722 1932 τὸν
1752 1907 1886 1944 Κυζίκου,

1078 1949 1114 1981 τῷ
1141 1945 1297 1982 βασιλεῖτό
1326 1949 1431 1984 γεγονὸς
1458 1947 1603 1983 ἕδήλωσαν,
1635 1949 1765 1982 αἰτοῦντες
1784 1950 1888 1981 ἐκείνην

1078 1994 1180 2027 κρατεῖν
1203 1993 1250 2020 τὴν
1275 1994 1365 2018 πίστιν
1391 1993 1406 2022 ἢ
1427 1993 1494 2029 λέγει
1509 1995 1552 2020 τὸν
1567 1995 1626 2021 Υὶόν
1653 1994 1705 2031 οὐχ
1730 1996 1885 2032 ὁμοούσιον,

1079 2035 1134 2062 ἀλλ’
1161 2036 1249 2072 ὅμοιον
1264 2041 1300 2072 τῷ
1313 2039 1398 2074 Πατρὶ
1415 2038 1473 2064 κατ’
1493 2038 1584 2065 οὐσίαν
1608 2041 1658 2066 εἴτε
1677 2039 1862 2077 ἄνομοιούσιον
1877 2050 1884 2057 '

1079 2082 1137 2111 τοὺς
1161 2079 1189 2107 δὲ
1214 2080 1335 2117 λέγοντας
1360 2083 1498 2119 όμοούσιον
1524 2084 1720 2120 καθαιρεῖσθαι.
1742 2085 1886 2122 Δεξάμενος

1081 2123 1110 2150 δὲ
1135 2127 1182 2154 τὴν
1202 2127 1305 2155 αἴτησιν
1325 2128 1423 2153 τούτων
1443 2127 1455 2153 6
1472 2126 1605 2164 βασιλεὺς,
1626 2130 1671 2155 καὶ
1691 2129 1769 2165 εὑρὼν
1783 2132 1886 2160 ταύτην

1040 2182 1064 2212 D
1082 2173 1315 2206 συνεπαινουμένην
1349 2173 1393 2197 καὶ
1426 2171 1487 2208 παρ’
1522 2172 1613 2210 ἑτέρων
1644 2172 1800 2210 ἐπισκόπων,
1830 2173 1886 2201 οἷον

1082 2214 1223 2246 Οὐάλεντος
1250 2217 1387 2252 Μούρσης,
1421 2216 1572 2250 Οὐρσαχίου
1607 2215 1756 2253 Σιγηδὸνος,
1787 2221 1884 2256 Γερμι-

1080 2261 1135 2285 νίου
1162 2262 1276 2296 Σιρμίου,
1302 2260 1440 2292 Αὐξεντίου
1460 2259 1636 2294 Μεδιολάνων,
1659 2263 1807 2299 Δημοφίλου
1823 2264 1883 2301 Βερ-

1077 2303 1149 2340 ῥοίας
1164 2307 1211 2335 τῆς
1235 2305 1354 2340 Θρᾴκης,
1378 2306 1473 2343 ἔκρινεν
1493 2305 1639 2333 ἐπιτελέσαι
1660 2305 1770 2334 σύνοδον
1790 2307 1814 2334 ἐν
1833 2312 1883 2336 Νι-

1078 2351 1150 2384 καίᾳ.
1179 2351 1417 2386 Παραιτησαμένων
1438 2348 1467 2376 δὲ
1484 2354 1534 2376 τῶν
1557 2350 1622 2388 ἀμφὶ
1650 2353 1693 2377 τὸν
1706 2351 1820 2388 βασιλέα
1835 2352 1883 2380 διὰ

1077 2394 1106 2420 τὸ
1124 2395 1169 2420 καὶ
1183 2393 1263 2420 πάλαι
1285 2393 1376 2421 ἐνθάδε
1390 2397 1436 2424 τὴν
1453 2397 1513 2431 περὶ
1533 2399 1578 2422 τοῦ
1598 2394 1731 2432 δόγματος
1746 2396 1881 2433 συμϐῆναι

1077 2438 1200 2471 ζήτησιν,
1215 2437 1287 2471 ἔδοξε
1302 2441 1399 2469 ταύτην
1418 2441 1443 2465 ἓν
1467 2439 1636 2477 Νικομηδείᾳ
1658 2442 1780 2477 γενέσθαι
1792 2451 1798 2457 ·
1826 2452 1880 2469 σει-

1077 2487 1145 2520 σμοῦ
1174 2482 1204 2510 δὲ
1232 2484 1297 2520 αὐτῇ
1328 2483 1514 2520 ἐνσκήψαντος,
1535 2485 1612 2512 πάλιν
1641 2485 1730 2522 ἐκρίθη
1755 2488 1878 2522 γενέσθαι

1075 2530 1123 2558 τὴν
1139 2526 1248 2554 σύνοδον
1264 2527 1288 2554 ἐν
1301 2530 1399 2564 Νικαίᾳ
1411 2537 1417 2543 ·
1435 2528 1705 2566 μεταϐουλευσάμενος
1729 2528 1755 2556 δ’
1770 2531 1783 2555 ὁ
1798 2529 1880 2566 βασι-

1075 2572 1140 2608 λεὺς,
1154 2572 1179 2599 ἕν
1195 2572 1326 2609 Σελευκείᾳ
1339 2576 1387 2604 τῆς
1403 2573 1533 2611 Ἰσαυρίας
1549 2574 1631 2604 αὐτὴν
1646 2574 1770 2604 ἠθέλησεν
1790 2574 1879 2614 ἀθροι-

1075 2618 1182 2647 σθῆναι.

1109 2661 1152 2690 ιϐ’.
1169 2663 1343 2698 Λογισσίμενοι
1359 2661 1389 2689 δὲ
1414 2664 1438 2690 οἱ
1461 2666 1520 2701 περὶ
1547 2661 1673 2694 Εὐδόξιον
1694 2664 1736 2697 ὡς,
1758 2664 1877 2693 ἁπάντων

1071 2707 1136 2743 ὁμοῦ
1169 2711 1218 2733 τῶν
1251 2706 1399 2734 ἐπισκόπων
1427 2707 1630 2746 ἀθροιζομένων,
1654 2707 1701 2734 οὐκ
1725 2708 1756 2734 ἆν
1784 2710 1877 2742 αὐτοὺς

1071 2749 1204 2781 δυνηθεῖεν
1230 2754 1320 2779 πεῖσαι
1348 2755 1377 2779 τὸ
1411 2753 1530 2790 ἀνόμοίον
1559 2751 1773 2791 παραδέξασθαι,
1805 2766 1875 2793 μερι-
