1917 3073
65 85 93 112 25

732 81 908 111 THESAURI
927 82 992 110 LIB.
1012 83 1058 112 VI.

1721 85 1756 113 26

64 147 162 176 σθιίοης
179 143 212 172 δέ
236 148 289 177 τῆς
316 143 436 172 συνόδου
457 146 519 185 ῥᾷον
533 147 656 172 πείσουσι
686 147 748 177 τοὺς
760 144 870 180 ὀλίγους.

949 145 1013 173 ιοᾶο
1028 147 1127 175 autem
1140 146 1303 175 dissociata
1317 146 1433 188 facilius
1445 146 1507 175 fore
1521 149 1554 175 ut
1566 148 1670 183 paucis
1685 154 1755 184 per-

63 192 272 228 παρεσνιεύασαν,
292 193 522 229 συμπραττόντων
547 191 636 222 αὐτοῖς
660 194 709 217 τῶν
734 190 875 225 εὐνούχων,

62 235 105 262 δύο
115 236 239 271 γενέσθαι
257 237 314 266 τὰς
338 234 479 270 συνόδους,
493 239 543 261 τῶν
564 236 608 272 μὲν
625 235 749 271 ἑσπερίων
772 233 878 260 ἑπισκό·

63 291 112 306 των
130 280 155 306 ἕν
175 279 315 316 Ἀριμίνῳ
338 284 389 312 τῆς
410 279 533 314 Ἰταλίας,
549 284 599 306 τῶν
615 278 645 306 δι
660 280 727 315 ἑῴων
747 278 770 305 ἓν
786 278 876 305 Σελευ-

63 327 114 361 ιιίᾳ
127 329 173 354 τῆς
188 324 344 361 Ἱσαυρίας
356 335 363 342 ·
388 327 434 351 καὶ
456 325 498 351 ἶνα
517 326 550 351 τὰ
567 324 650 351 πολλὰ
672 325 814 360 συντέμνω,
829 327 876 350 τοῦ

65 375 106 401 τῆς
113 372 251 406 aucupia;
266 369 376 401 λήξεως
389 370 493 396 Παύλου
505 371 549 396 τὸν
563 374 608 400 τῆς
628 368 764 406 ὁμολογίας
780 370 875 405 στέφα-

64 425 99 441 νοι
116 414 264 450 εἰληφότος,
305 414 493 450 ἁντεισάγεται
518 413 690 447 Μακεδόνιος,
711 415 743 444 ὡς
774 413 805 439 οἶν
835 423 877 444 τις

64 461 113 495 εἶπεν
128 461 223 490 σκότος
241 459 355 496 ἡμέρας
380 457 522 495 διάδοχον
542 459 591 485 Ἦν
615 457 646 485 δε
663 459 697 485 τὰ
720 460 765 495 μὲν
784 462 876 496 πρῶτοι

64 505 251 541 σνςιοερόμενος
268 507 332 535 τοῖς
357 506 419 542 περὶ
435 504 555 531 Ἀκοὶκιον
579 506 623 530 τὸν
652 505 809 540 Καισαρείας
827 507 876 534 τῆς

65 549 249 579 Παλαιστίνης,
266 551 319 575 καὶ
337 551 398 575 οὔτε
423 549 571 585 ὀμοιούσιον
592 552 629 584 τῷ
642 550 726 585 Harp}.
750 548 818 583 ἔλεγε
831 549 874 574 τὸν

63 595 126 627 Υἱόν,
158 592 352 629 ἀλλ’ὃμοιον·
384 595 450 630 μετὰ
479 592 509 620 δὲ
538 595 568 620 τὸ
599 594 786 631 καθαιρεθῆναι
809 594 873 630 πρὸς

62 638 155 665 ἐκείνων
167 637 418 674 ἆποχρησαμίνων
431 642 461 675 τῇ
476 638 535 664 κατ’
552 638 632 665 αὐτοῦ
648 637 712 674 ὀργῇ
729 641 774 664 τοῦ
789 636 873 673 βασι-

63 684 117 714 λέως
138 686 348 717 Κωνσταντίου,
374 684 412 714 οἷς
435 685 478 710 τὸν
500 685 589 720 νεκρὸν
610 687 656 709 τοῦ
682 685 778 720 πατρὸς
793 682 873 708 αὐτοῦ

65 731 257 755 Κωνοταντίνου
293 732 345 754 τοῦ
380 728 500 764 Μεγάλου
538 730 694 766 παρεκίνησε
710 748 717 760 ,
746 729 791 753 καὶ
823 731 873 753 τῶν

65 773 167 799 ἑπεῦθςν
187 777 304 809 σφαγῶν
320 772 434 809 ἀνεφάνη
456 774 546 809 αἴτιος,
562 775 621 809 περὶ
639 770 669 799 δὲ
682 773 778 798 τούτων
793 771 872 798 εἰπεῖν

932 190 1104 225 suaderent,
1118 193 1299 219 curaverunt
1312 199 1347 219 ex
1361 191 1570 220 eunuchorum
1580 192 1754 220 auctoritate

931 236 963 262 ut
977 234 1044 263 dum
1060 236 1290 271 synodiﬁerent,
1300 236 1531 264 occidentalium
1540 236 1754 272 episcoporum

930 279 1064 308 Ariminii
1078 280 1108 308 in
1122 281 1215 315 Italia,
1230 281 1420 310 orientalium
1441 284 1542 310 autem
1568 281 1709 310 Seleucia;
1724 282 1753 309 in

930 325 1052 353 Isauria.
1068 327 1163 362 Atque
1182 329 1215 354 ut
1229 326 1405 354 brevissime
1416 326 1524 359 dicam,
1541 325 1637 354 beatae
1651 325 1755 354 condi-

930 369 1018 398 tionis
1034 370 1126 398 Paulo
1140 371 1340 399 confessionis
1362 379 1505 399 coronam
1521 371 1631 407 adepto
1647 371 1756 399 sufﬁci-

929 416 978 442 tur
993 415 1195 450 Macedonius,
1208 418 1242 444 ut
1264 416 1305 444 ita
1329 416 1437 450 dicam,
1458 416 1545 452 quasi
1564 418 1632 452 post
1655 415 1754 443 lucem

929 459 1067 487 tenebrae.
1086 461 1152 487 Erat
1167 462 1267 488 autem
1293 460 1425 496 primum
1451 460 1550 488 Acacii
1569 460 1709 488 Caesareae
1723 459 1754 487 in

929 503 1090 532 Palaestina
1103 504 1225 532 asseclis
1240 505 1428 533 consentiens
1441 512 1539 541 neque
1558 505 1663 532 Filium
1678 504 1754 533 Patri

928 547 959 575 in
975 548 1142 577 substantia
1157 549 1284 577 similem
1301 558 1368 577 esse
1383 549 1512 583 dicebat,
1525 549 1577 577 sed
1589 552 1706 577 tantum
1717 549 1754 576 si-

928 592 1047 626 milem;
1070 596 1233 630 postquam
1255 596 1356 622 autem
1373 594 1527 630 depositus
1537 597 1583 621 est
1597 594 1636 621 ab
1650 593 1686 621 iis
1701 594 1754 630 qui

929 638 1098 666 Constantis
1125 638 1313 674 imperatoris
1340 639 1386 666 ira
1412 639 1614 666 abun-bantur
1637 638 1667 666 in
1683 646 1753 666 eum

927 682 1112 717 indignantis
1137 691 1172 710 eo
1196 683 1279 719 quod
1303 684 1486 711 Constantini
1513 683 1605 719 patris
1625 683 1754 711 cadaver

926 726 993 755 loco
1008 730 1143 755 moverat
1155 731 1184 756 et
1193 728 1320 756 recentis
1336 728 1426 756 caedis
1434 736 1527 756 causa
1541 728 1637 755 fuerat
1646 728 1694 764 (de
1707 727 1753 755 his

927 771 1058 800 diximus
1072 775 1180 808 antea),
1195 772 1372 808 aliquandiu
1389 781 1481 809 prope
1503 772 1593 809 Pylas
1604 771 1752 808 Bithyniae

66 818 175 854 ἰοθημεν,
193 816 321 854 διέτριϐε
336 819 384 854 μὲν
406 819 442 848 εἰς
458 828 483 844 τι
498 820 558 854 περὶ
580 817 666 848 Πύλας
687 820 735 848 τῆς
755 817 870 847 Βιθυνίας

949 825 1027 844 tcum
1048 820 1254 845 commoratus
1281 820 1338 853 est,
1363 818 1415 845 ubi
1431 820 1459 846 et
1481 820 1620 845 mortuus
1633 819 1687 844 est.
1707 816 1753 844 Ad

68 865 165 899 χωρίον,
181 863 246 888 ἔνθα
258 865 310 888 καὶ
331 862 498 892 ἐτελεύτησε·
513 864 577 898 πρὸς
596 860 626 888 δὲ
645 863 705 893 τοὺς
719 865 765 888 τοῦ
785 861 871 899 ἐτέρου

70 909 148 943 μέρους
174 909 238 936 ἤτοι
268 909 335 938 τοὺς
366 906 541 944 Ἦμιαριίους,
571 909 637 943 φημὶ
671 905 701 933 δε
726 908 787 937 τοὺς
806 905 872 943 ἀμφὶ

70 955 183 989 Γιώργιον
207 953 254 978 τὸν
283 950 451 983 Λαοδικείας
478 954 524 978 καὶ
550 951 681 978 Βασίλειον
708 953 751 977 τὸν
780 951 872 987 Ἀγκὺ-

70 1006 117 1033 ρας,
137 996 269 1029 ἀπέκλινε,
297 999 349 1023 καὶ
372 998 417 1023 τὸν
435 998 493 1024 Υίὸν
512 996 568 1023 κατ’
583 997 677 1028 αὐτοὺς
701 994 872 1034 ἐδογμάτιζεν

70 1043 221 1077 dacto-3m”.

99 1139 128 1168 κ’.
145 1140 336 1177 Αἱρεσιιὶρχης
358 1138 389 1167 δέ
409 1140 583 1177 φιλοτιμηθεὶς
605 1139 792 1178 ὼαρῥηθῆναι,
815 1150 872 1166 και-

72 1187 160 1221 νοτερόν
179 1195 204 1211 τι
227 1187 444 1222 προσῇτε-νόησε,
474 1188 518 1212 καὶ
545 1184 720 1222 σφοδρότερον
748 1185 872 1214 έλύττησε

72 1231 128 1255 κατὰ
153 1233 198 1256 τοῦ
232 1230 316 1266 ἁγίου
349 1231 514 1266 Πνεύματος·
546 1234 622 1257 τοῦτο
647 1231 698 1268 γὰρ
722 1233 766 1257 καὶ
794 1231 818 1257 οἱ
841 1232 870 1257 τὸ

74 1275 209 1310 ὁμοιούσιον
224 1275 390 1312 εἰσάγοντες,
413 1276 458 1301 καὶ
480 1276 504 1301 οἱ
523 1277 552 1301 τὸ
568 1276 655 1312 ὅμοιον
674 1275 808 1313 ληροῦντες
825 1279 871 1306 τῆς

74 1318 151 1349 οὐςίας
177 1322 279 1355 χωρὶς,
308 1322 358 1345 καὶ
385 1319 469 1350 ἁπλῶς
492 1321 516 1346 οἱ
539 1319 590 1346 ἀπὸ
613 1320 750 1357 Ἀρειανῶν
780 1322 871 1351 πάντες

76 1366 163 1399 κτίσμα
179 1366 225 1400 μὲν
240 1364 334 1400 ἔλεγον
353 1366 459 1390 καὶτοῦ
473 1365 534 1391 Υἱοῡ
557 1363 770 1401 καταδεέστερον,
789 1365 868 1401 ὅμως,

77 1406 97 1434 δ’
109 1406 148 1434 οὖν
161 1413 191 1444 τῇ
206 1409 274 1445 ἁγίᾳ
289 1407 394 1446 Τριάδι
414 1410 605 1446 συνηρίθμουν·
629 1410 704 1440 οὗτος
719 1407 749 1435 δι
763 1410 776 1435 6
790 1410 870 1436 κατοί-

77 1462 142 1489 ρατος
156 1453 190 1484 εἰς
201 1456 248 1483 τὴν
268 1452 393 1491 Τριάδος
407 1453 470 1480 αὐτὸ
487 1453 618 1490 θεολογίαν
634 1454 869 1491 συναναλαμϐάνειν

79 1496 193 1532 ἐξέκλινεν,
209 1499 326 1535 ἄμοιρον
339 1497 405 1524 εἶναι
419 1498 498 1534 λέγων
513 1503 562 1524 τῶν
575 1500 697 1525 τοιούτων
713 1498 868 1535 πρεσϐείων,

80 1540 185 1568 διάκονόν
199 1552 226 1569 τε
236 1545 283 1570 καὶ
299 1543 436 1580 ὑπηρέτην
445 1543 540 1578 καλῶν,
554 1545 600 1569 καὶ
620 1544 670 1570 ὅσα
684 1545 743 1581 περὶ
758 1543 869 1579 ἀγγέλων

80 1586 192 1623 τιςλίγων
207 1587 256 1614 οὐκ
276 1587 311 1614 ἂν
327 1588 441 1625 ἁμάρτοι
453 1598 459 1604 ·
474 1588 529 1614 ὅθεν
548 1587 626 1619 αὐτὸς
648 1598 677 1614 τε
690 1590 735 1614 καὶ
757 1589 772 1617 ἡ
789 1589 870 1614 αὐτοῦ

82 1634 198 1668 συμμορία
223 1633 450 1669 πνενματομάχοι
470 1634 542 1670 παρὰ
560 1637 610 1659 τῶν
631 1631 776 1670 ὀρθοδόξων
796 1633 870 1663 ἐκλή-

83 1675 162 1704 Θησαν.
194 1677 324 1709 Πῧξησιιν
356 1676 386 1703 δὲ
418 1677 534 1714 μάλιστα
565 1679 612 1707 τήν
644 1678 743 1713 αἵρεσιν
773 1679 870 1707 ταύτην

82 1722 231 1757 Μαραθώνιος
256 1722 270 1747 ὁ
301 1720 495 1758 Νικομηδείας,
523 1721 565 1758 ὄψ’
590 1722 634 1748 οὖν
662 1724 707 1748 καὶ
737 1723 869 1760 Μαραθω-

84 1767 151 1791 νιοινοὶ
163 1768 224 1803 πρὸς
237 1776 319 1792 τινων
346 1767 371 1792 οἱ
398 1765 588 1793 Μακεδονιανοὶ
608 1767 809 1803 ὠνομάσθησαν,
825 1769 871 1793 χαὶ

85 1807 196 1840 Ἐλεύο-ιος
217 1811 231 1837 6
254 1811 388 1841 Κυζίκου.
416 1811 558 1838 Ἰουλιανοῡ
592 1809 622 1838 δὲ
655 1811 869 1848 βασιλεύσαντος,

87 1852 161 1886 ἁδείας
178 1859 207 1892 τῇ
235 1858 424 1883 Κωνσταντίον
450 1856 554 1892 τελευτῇ
583 1856 720 1893 λαϐόμενοι
748 1858 773 1884 οἱ
791 1867 870 1884 πνευ-

86 1900 220 1935 μπομᾶχοι
236 1923 244 1936 ,
273 1901 311 1927 ὧν
341 1899 372 1930 ἦν
397 1901 530 1932 Βασίλειος
553 1901 566 1927 6
590 1900 726 1939 Ἀγκύρας,
752 1902 871 1932 Σιλϐανὸς

88 1942 233 1980 ὁΤαρσοῦ,
264 1945 415 1976 Εὗστάθιος
446 1946 459 1971 6
493 1945 665 1980 Σιϐαστείας,
698 1946 828 1977 Ἐλεύσιος
858 1947 871 1973 6

89 1988 197 2023 Κυζίκου,
227 1993 392 2021 Παυσίνικος
417 1991 430 2016 6
457 1990 555 2024 Ζήλων,
592 1993 712 2022 Λεόντιος
734 1992 747 2018 6
773 1993 871 2028 Κωμά-

89 2041 134 2065 νυν,
148 2033 339 2071 Καλλίστρατος
355 2036 368 2060 6
392 2034 612 2069 Καλλιουπόλεως,
628 2036 750 2072 Θεόφιλος
770 2037 783 2062 6
801 2039 871 2063 Κασ-

88 2076 194 2112 τεϐἄὶων,
225 2082 372 2118 Σωφρὸνιος
389 2081 401 2106 6
429 2080 676 2117 Πομπηίουπόλεως,
696 2084 740 2107 καὶ
760 2082 785 2107 οἰ
808 2083 871 2108 τοὺ-

89 2130 128 2146 των
148 2123 289 2161 όμόγρονις,
313 2125 351 2156 εἰς
372 2123 439 2151 ἳδιον
463 2126 590 2161 σύστημα
615 2123 797 2163 διεκρίθησαν,
826 2128 871 2152 κοιὶ

925 869 978 889 eos
993 869 1061 889 vero
1072 862 1122 898 qui
1132 861 1255 890 alteram
1269 864 1384 897 partem
1394 861 1626 894 constituebant,
1639 861 1754 889 Semia‘

926 906 1027 934 rianos
1042 914 1161 942 nempe,
1185 906 1305 941 Georgii
1335 906 1500 941 Laodiceae,
1515 906 1613 934 Basilii
1628 907 1752 942 Ancyrae

926 951 1057 979 fautores
1069 950 1238 986 declinavit,
1254 954 1281 979 et
1299 951 1414 986 Filium,
1430 951 1506 979 sicut
1518 953 1546 979 et
1558 950 1625 987 ipsi,
1638 951 1667 978 in
1683 950 1753 978 sub-

927 995 1037 1024 stantia
1051 995 1127 1024 Patri
1140 995 1267 1024 similem
1281 1003 1346 1024 esse
1359 995 1473 1025 docuit.

961 1141 1008 1169 20.
1037 1141 1239 1169 Hieresiarcha
1267 1143 1367 1169 autem
1395 1139 1559 1169 renuntiari
1587 1139 1751 1176 peroptans

925 1193 1038 1213 novum
1050 1186 1164 1222 aliquid
1177 1185 1365 1221 excogitavit,
1377 1188 1405 1214 et
1419 1186 1450 1214 in
1460 1184 1635 1222 quamdam’
1641 1183 1751 1212 violen-

926 1230 1030 1258 liorem
1046 1230 1161 1258 rabiem
1177 1233 1283 1259 contra
1310 1230 1452 1267 Spiritum
1478 1233 1616 1258 sanctum
1636 1228 1749 1257 incidit.

925 1274 1011 1302 Illum
1024 1275 1104 1303 enim
1119 1277 1147 1303 et
1162 1275 1214 1312 qui
1227 1275 1329 1303 Filium
1341 1275 1510 1303 substantia
1521 1274 1648 1303 similem
1658 1273 1751 1301 ﬁnxe-

923 1321 992 1348 rant
1011 1321 1039 1348 et
1066 1320 1119 1357 qui
1146 1320 1273 1349 similem
1295 1329 1360 1349 esse
1387 1320 1516 1349 dicendo
1541 1320 1750 1353 deliraverant,

924 1367 1045 1401 excepta
1058 1365 1238 1399 substantia,
1255 1369 1348 1402 utque
1362 1373 1423 1393 uno
1438 1365 1530 1393 verbo
1541 1364 1652 1397 dicam,
1663 1365 1750 1400 quot-

924 1412 997 1446 quot
1011 1410 1138 1438 Arianas
1145 1413 1245 1448 partes
1261 1410 1413 1445 tenebant,
1426 1413 1594 1439 creaturam
1606 1409 1750 1446 Spiritum

924 1454 1074 1489 dicebant,
1109 1455 1240 1492 Filioque
1270 1456 1438 1489 minorem,
1472 1455 1557 1483 illum
1586 1457 1686 1482 tamen
1719 1453 1750 1481 in

884 1500 906 1530 Ο
925 1504 1030 1527 sancta
1043 1499 1182 1528 Trinitate
1209 1500 1480 1533 connumerabant,
1496 1500 1544 1528 ille
1568 1502 1669 1527 autem
1689 1505 1750 1526 sce-

923 1544 1015 1572 lestus
1040 1543 1070 1571 in
1086 1544 1199 1572 Triadis
1221 1544 1371 1581 theologia
1396 1552 1465 1572 eum
1494 1542 1750 1580 comprehendere

924 1589 1031 1620 renuit,
1049 1588 1114 1616 talis
1128 1588 1281 1623 dignitatis
1295 1597 1356 1617 non
1367 1589 1544 1625 participem
1554 1596 1620 1616 esse
1635 1587 1748 1622 dicens,

924 1633 1157 1669 ministrumque
1170 1635 1199 1661 et
1209 1641 1330 1661 servum
1342 1641 1412 1660 eum
1423 1640 1547 1666 vocans,
1558 1632 1653 1668 iisque
1664 1633 1749 1658 utens

924 1678 1099 1706 nominibus
1109 1677 1220 1714 quibus
1234 1686 1272 1706 ne
1287 1678 1386 1713 angeli
1401 1677 1525 1714 quidem
1539 1682 1751 1711 nuncuparen-

925 1724 980 1751 tur.
989 1722 1072 1750 Unde
1080 1723 1143 1759 ipse
1157 1726 1185 1750 et
1196 1723 1260 1758 ejus
1270 1722 1403 1750 consocii
1411 1722 1535 1758 Spiritus
1542 1720 1637 1749 sancti
1647 1720 1750 1748 adver-

926 1767 996 1795 sarii
1005 1767 1044 1795 ab
1055 1767 1231 1795 orthodoxis
1245 1767 1388 1804 appellati
1398 1769 1476 1795 sunt.
1490 1767 1638 1794 Auxerunt
1650 1767 1749 1793 autem

924 1811 1003 1840 hanc
1025 1812 1162 1839 haeresim
1188 1812 1391 1840 Marathonius
1411 1811 1600 1846 Nicomediae,
1616 1818 1634 1838 a
1649 1817 1710 1846 quo
1724 1811 1753 1837 et

925 1856 1139 1885 Marathoniam
1155 1864 1173 1884 a
1199 1856 1352 1885 nonnullis
1372 1856 1578 1885 Macedoniani
1606 1854 1753 1883 nominati

926 1904 1041 1935 sunt,et
1052 1901 1186 1929 Eleusius
1209 1901 1315 1938 Cyzici.
1330 1901 1449 1929 Juliano
1460 1904 1562 1929 autem
1573 1901 1752 1936 imperante,

926 1946 1114 1974 securitatem
1129 1954 1165 1974 ex
1181 1946 1344 1974 Constantii
1354 1948 1451 1974 morte
1464 1946 1563 1982 adepti
1575 1946 1752 1981 pneumato-

925 1989 1035 2025 machi,
1049 1997 1084 2018 ex
1095 1998 1227 2026 quorum
1237 1998 1365 2018 numero
1375 1992 1461 2019 erant
1476 1989 1602 2018 Basilius
1616 1992 1751 2025 Ancyrae,

927 2034 1065 2063 Silvanus
1078 2035 1170 2070 Tarsi,
1186 2035 1358 2063 Eustathius
1373 2035 1525 2069 Sebastim,
1550 2034 1683 2062 Eleusius
1698 2035 1754 2070 Cy-

926 2079 990 2113 zici,
1013 2079 1187 2107 Pausinicus
1203 2080 1349 2114 Zelarum,
1368 2081 1505 2108 Leontius
1521 2080 1671 2112 Comanze,
1688 2078 1753 2107 Cal-

926 2123 1060 2152 listratus
1086 2124 1268 2161 Calliopolis,
1297 2125 1478 2161 Theophilus
1509 2124 1669 2158 Castabali,
1700 2125 1752 2152 50-

90 2165 259 2195 Mattio-umet
302 2169 441 2196 καλεῖσθαι
479 2173 592 2206 φανερῶς
634 2170 744 2208 ἤρξαντο
761 2192 768 2205 ,
811 2180 870 2196 συν-

949 2169 1073 2197 hronius
1104 2169 1335 2206 Pompeiopolis,
1364 2177 1530 2206 eorumque
1564 2168 1694 2204 asseclaa,
1722 2168 1754 2197 in

92 2209 156 2243 ὁδους
179 2216 204 2239 τέ
234 2224 306 2245 τινας
336 2216 521 2251 ποιησάμενοι,
551 2217 614 2246 τοὺς
652 2214 717 2252 ἀμφὶ
750 2215 872 2242 ’Δκάκιον

94 2253 189 2295 ἃπιιήρυ
193 2259 245 2290 ξαν,

122 2344 164 2373 ια’.
182 2347 308 2375 Ἰοϐιανοῦ
343 2346 373 2375 6":
405 2352 450 2379 τῆς
480 2348 618 2385 βασιλείας
643 2348 870 2385 ἓπιϐατεύσαντος,

97 2387 177 2423 βιϐλίον
195 2392 261 2428 αὖτῷ
285 2391 401 2424 δεήσεως
423 2391 535 2428 ἔδωκαν,
563 2393 689 2425 ἀξιοῦντες
717 2393 872 2425 ἐξωθεῖσθαι

97 2436 135 2458 τῶν
159 2435 293 2466 ἐκκλησιῶν
324 2439 386 2469 τοὺς
417 2439 446 2464 τὸ
480 2437 600 2474 ἀνόμοιον
638 2437 846 2475 δογματίζοντας
862 2461 870 2474 ,

97 2475 269 2517 ἆντεισοὲγεσθαι
299 2481 330 2509 δὲ
358 2482 464 2514 ἑαυτοὺς
485 2484 518 2514 ὡς
541 2485 571 2509 τὸ
604 2484 743 2520 ὁμοούσιον
775 2485 871 2521 κηρύτ-

98 2531 176 2554 mut.
201 2526 228 2553 Ὀ
257 2526 288 2553 δὲ
323 2526 446 2563 βασιλεὺς
478 2527 668 2565 ἀναποκρίτους
698 2529 790 2559 αὐτοὺς
823 2528 870 2555 ἀπ-

98 2567 175 2603 έπεμψε
190 2590 196 2602 ,
222 2574 297 2608 μόνον
331 2575 407 2598 τοῦτο
436 2571 677 2610 ἐπιφθεγξάμενος,
706 2577 792 2610 μισεῖν
825 2575 871 2610 μὲν

100 2610 235 2650 φιλονεικίαν,
267 2616 375 2652 ἀγαπᾷν
405 2615 434 2643 δὲ
466 2620 526 2648 τοὺς
548 2621 579 2654 τῇ
610 2618 717 2655 ὁμονοίᾳ
744 2620 869 2656 προστρέ-

101 2664 184 2700 ᾗδντας.
201 2663 348 2690 Τηνααῡτα
372 2658 401 2688 δὲ
423 2663 436 2688 6
459 2662 599 2698 φιλόνεικος
624 2665 719 2700 τρόπος
741 2667 791 2689 τῶν
811 2666 869 2700 περὶ

102 2698 197 2729 ’Δκιὶκιον
219 2704 383 2742 ἐξηλέγχετο,
403 2709 447 2733 καὶ
470 2708 503 2737 ὡς
537 2698 643 2737 εἴησαν*
656 2708 696 2734 ἀεὶ
718 2709 783 2745 πρὸς
811 2698 869 2739 τοὺς

101 2751 227 2781 ιρατοῦντας
254 2749 445 2783 ἀποκλίνοντες.
479 2751 639 2785 Συνελθόντες
671 2754 722 2791 γὰρ
756 2752 780 2779 ἰν
812 2753 868 2780 ’Δν-

926 2213 1083 2249 quoddam
1099 2214 1255 2250 proprium
1268 2214 1426 2249 collegium
1438 2214 1556 2242 discreti
1570 2215 1648 2248 sunt,
1659 2216 1687 2241 et
1696 2214 1754 2242 Ma-

927 2257 1086 2286 cedoniani
1098 2259 1198 2286 vocari
1214 2259 1373 2287 manifeste
1384 2261 1548 2295 coeperunt,
1560 2258 1754 2295 synodosque

926 2303 1078 2337 facientes,
1092 2304 1191 2331 Acacii
1204 2304 1334 2332 fautores
1350 2304 1659 2332 excommunicavere.

960 2350 1003 2376 2t.
1016 2348 1143 2377 Joviano
1157 2348 1196 2377 ad
1208 2348 1323 2384 regiam
1333 2349 1511 2384 dignitatem
1521 2351 1634 2382 evecto,
1643 2348 1754 2376 librum

925 2392 965 2421 illi
979 2393 1165 2428 rogatorium
1180 2393 1338 2427 dederunt,
1354 2394 1544 2430 postulantes
1560 2396 1591 2421 ut
1605 2393 1645 2422 ab
1664 2393 1755 2421 eccle-

926 2438 977 2466 siis
997 2441 1170 2466 arcerentur
1184 2439 1237 2475 qui
1249 2439 1355 2467 Filium
1369 2447 1430 2467 non
1441 2439 1569 2467 similem
1589 2447 1654 2467 esse
1667 2438 1755 2466 doce-

926 2483 1010 2518 bant,
1027 2482 1085 2519 ipsi
1098 2491 1171 2512 vero
1185 2483 1457 2517 introducerentur,
1470 2486 1502 2512 ut
1512 2482 1754 2511 consubstantia—

923 2527 984 2555 lem
997 2528 1230 2564 proclamantes.
1247 2530 1414 2565 Imperator
1437 2530 1538 2557 autem
1557 2527 1624 2555 illos
1637 2527 1754 2563 absque

925 2572 1072 2600 sententia
1091 2572 1216 2608 dimisit,
1244 2573 1318 2601 illud
1342 2576 1460 2602 tantum
1477 2572 1604 2605 addens,
1632 2580 1662 2600 se
1677 2571 1755 2600 rixa-

923 2624 991 2645 rum
1004 2617 1131 2654 cupidos
1146 2617 1257 2652 odisse,
1274 2618 1396 2653 diligere
1409 2625 1478 2646 vero
1489 2624 1540 2645 eos
1554 2617 1608 2653 qui
1627 2617 1667 2646 ad
1685 2624 1755 2645 con-

924 2661 1058 2690 cordiam
1074 2666 1280 2699 properarent.
1290 2665 1364 2691 Tum
1375 2662 1509 2691 rixarum
1523 2662 1659 2692 studium
1670 2662 1754 2699 apud

923 2706 1025 2735 Acacii
1051 2707 1181 2736 fautores
1209 2707 1494 2745 reprehendebatur,
1529 2706 1682 2746 simulque
1710 2708 1754 2736 eis

922 2751 1144 2788 objurgabatur
1158 2752 1241 2789 quod
1253 2759 1372 2788 semper
1382 2751 1421 2781 ad
1430 2751 1614 2788 potentiores
1624 2752 1754 2782 declina-
