1917 3073
157 74 192 100 27
811 71 945 100 NICETIE
965 71 1150 100 CHONIATE

1813 74 1870 101 28

157 136 234 163 rent.
248 134 464 163 Convenientes
475 133 554 163 enim
571 135 749 164 Antochiam
761 135 864 172 Syriae,
877 135 907 163 in
923 134 982 163 col-

1045 136 1141 170 τιοχείᾳ
1169 137 1217 164 τῆς
1245 135 1355 170 Συρίας,
1381 133 1417 165 εἰς
1449 132 1542 170 λόγους
1575 135 1696 172 ἔρχονται
1720 134 1868 171 Μελετίῳ

157 179 294 216 loquium
310 187 380 208 cum
391 179 504 208 Meletio
519 187 638 214 venere,
655 181 708 217 qui
727 179 982 208 consubstantiale

159 224 298 252 docebat.
314 226 409 261 Atque
424 224 464 253 ita
483 227 619 260 egerunt,
633 227 794 262 postquam
809 233 877 253 eum
890 225 984 254 hono-

157 270 257 297 ratum
269 269 370 297 videre
382 269 421 297 ab
434 269 614 305 imperatore
636 270 678 298 ibi
693 273 763 298 tunc
776 270 918 306 temporis
934 269 983 298 de-

159 316 256 349 gente.
272 314 527 349 Communiigitur
538 315 683 343 sententia
696 315 856 343 concilium
868 316 983 351 septem

159 360 187 386 et
208 357 312 393 viginti
337 358 549 395 episcoporum
580 367 793 394 convocavere,
823 359 984 395 libelloque

158 403 337 439 composito,
360 403 617 432 consubstantiale
636 404 764 432 confessi
779 406 867 438 sunt;
889 406 918 432 et
936 404 984 432 Ni-

158 455 275 476 cwnam
287 447 379 475 ﬁdem
393 448 608 477 conﬁrmantes
627 448 711 477 illum
729 449 902 485 imperatori
923 451 983 477 tra-

158 491 270 520 didere.
287 493 435 521 Preeerant
445 493 516 521 huic
535 493 653 530 synodo
668 493 797 522 Meletius
810 493 983 527 Antiochiae,

158 537 302 565 Eusebius
319 538 494 573 Samosatee,
521 538 647 566 Aeacius
676 539 827 571 Caesareae,
848 538 985 576 Pelagius

159 582 313 611 Laodicea:
324 583 354 610 in
369 583 461 619 Syria,
478 583 660 611 Athanasius
672 584 813 619 Ancyrae.

194 629 239 655 22.
257 627 312 656 Ubi
326 630 429 656 autem
444 627 666 656 Valentinianus
679 631 707 656 et
721 628 827 656 Valens
837 628 985 665 imperare

160 674 326 708 coeperunt,
341 679 449 700 omnes
460 672 665 701 Macedoniani
677 673 860 709 deputarunt
874 681 929 709 pro
953 681 985 701 se

157 716 292 752 legatum
306 716 345 744 ad
365 716 605 745 Valentinianum
617 718 769 753 Hypatum
787 718 915 746 Perinthi
926 718 985 753 epi-

161 769 300 798 scopum,
325 764 467 797 rogantes
493 764 527 790 ut
555 761 612 790 sibi
636 762 737 790 liceret
769 763 928 790 convenire
946 762 986 790 ad

1037 178 1205 215 πρεσϐεύοντι
1218 180 1247 205 τό
1263 179 1402 215 όμοούσιον
1412 186 1418 193 ·
1439 182 1517 205 τοῦτο
1541 177 1572 205 δὲ
1592 178 1727 215 ἐποίησαν,
1745 177 1860 208 ἐπειδὴ

1038 225 1179 259 τιμώμενον
1203 224 1254 250 ὑπὸ
1282 227 1328 250 τοῦ
1351 223 1480 260 βασιλέως
1505 223 1587 260 ἑώρων
1612 223 1665 250 ἐκεῖ
1690 226 1748 251 τότε
1783 223 1864 251 d‘m'-

1037 277 1126 303 γοντος
1138 277 1144 284 ·
1161 272 1233 305 κοινῇ
1249 266 1293 294 οὖν
1308 271 1398 305 γνώμῃ
1415 266 1525 295 σύνοδον
1541 268 1708 306 ἀθροίσαντες
1732 268 1862 296 ἐπισκό-

1037 321 1091 339 πων
1107 311 1172 339 ἑπτὰ
1185 315 1229 339 καὶ
1253 315 1346 347 εἴκοσι,
1368 312 1470 350 βιϐλίον
1495 314 1678 347 συντάττουσι,
1694 314 1861 351 καθομολο-

1037 360 1117 392 γοῦσι
1131 367 1158 384 τε
1169 359 1197 384 τὸ
1212 358 1351 394 ὁμοούσιον
1362 369 1368 375 ·
1390 361 1435 385 καὶ
1452 360 1496 388 τὴν
1516 357 1540 384 ἐν
1558 361 1656 395 Νικαίᾳ
1673 368 1858 395 κυρωσοιντες

1037 403 1137 436 πίστιν,
1158 407 1195 438 τῷ
1216 402 1323 439 βασιλεῖ
1341 407 1418 430 τοῦτο
1443 401 1593 430 δεδώκασι·
1613 405 1723 439 ἡγοῦντο
1744 402 1776 430 δὲ
1795 407 1859 434 τῆς

1040 445 1152 474 συνόδου
1172 449 1268 479 τούτης
1282 448 1404 479 Μελέτιος
1423 448 1595 484 Ἀντιοχείας,
1613 448 1736 479 Εὐσέϐιος
1752 452 1857 485 Σαμο-

1040 492 1135 525 σάτων,
1148 491 1269 524 ’Δκάκιος
1291 495 1461 529 Καισαρείας,
1480 493 1605 529 Πελάγιος
1618 491 1782 525 Λαοδικείας
1795 497 1835 522 τῆ
1844 502 1858 524 ς

1038 538 1106 563 κατὰ
1120 539 1224 574 Συρίαν,
1242 537 1394 568 Ἀθανάσιος
1404 538 1544 575 Ἀγκύρας.

1073 626 1128 663 κβ“.
1152 626 1224 663 Ἅμα
1252 625 1282 653 δε
1316 631 1352 663 τῷ
1384 626 1543 663 βασιλεῦσαι
1575 626 1762 654 Οὐαλεντιανὸν
1799 628 1857 654 καὶ

1039 671 1179 705 Οὐάλεντα,
1203 673 1293 702 πάντες
1321 673 1346 698 οἱ
1373 670 1564 699 Μακεδονιανοὶ
1578 671 1750 709 προεϐάλοντο
1777 672 1856 710 ὑπὲρ

1040 715 1137 742 ἑαυτῶν
1151 716 1265 754 πρέσϐυν
1291 718 1354 754 πρὸς
1376 716 1561 743 Οὖαλεντιανόν
1576 718 1695 744 ’Υπάτιον
1716 718 1759 743 τόν
1785 720 1856 743 Πει-

1039 762 1128 798 ρίνθου
1144 760 1295 795 ἐπίσκοπον,
1310 761 1441 793 ἀξιοῦντες
1459 760 1634 798 ἕπιτραπῆναι
1657 761 1790 788 συνελθεῖν
1802 761 1855 788 επὶ

159 805 369 841 corrigendam
384 806 563 835 doctrinam.
590 807 753 844 Respondit
766 810 866 836 autem
882 808 986 836 Valen—

1045 803 1182 843 διορθώσει
1206 809 1251 832 τοῦ
1281 804 1422 842 δόγματος.
1445 805 1475 832 Ὁ
1500 804 1530 832 δε
1558 805 1745 837 Οὑαλιντιανός
1772 807 1824 842 ἔφη
1842 815 1851 823 ’

159 850 291 879 tinianus
308 862 322 876 (ι
337 851 405 879 Mihi
418 859 480 881 non
494 851 562 880 licet
587 852 618 880 in
645 852 748 888 populi
770 852 875 880 ordine
888 853 985 888 posito

159 895 231 923 talia
241 896 352 930 agitare
365 904 372 929 ;
391 896 560 924 sacerdotes
576 904 646 924 vero
659 896 769 933 quibus
784 897 821 925 de
835 897 883 925 his
893 899 984 925 rebus

159 947 232 968 cura
244 942 299 973 est,
315 948 369 976 per
384 940 499 976 seipsos
513 948 697 978 quocunque
707 942 867 976 voluerint,
881 949 986 970 conve-

159 984 254 1012 niant.
275 984 379 1012 Statim
398 984 488 1020 igitur
513 985 555 1013 illi
582 986 782 1022 Lampsacum
806 994 985 1023 convenere,

158 1028 297 1065 duosque
323 1036 444 1057 menses
463 1029 708 1058 deliberationem
734 1030 878 1063 habuere.
895 1033 923 1059 et
937 1031 987 1059 de-

159 1075 317 1101 creverunt
332 1073 413 1102 irrita
428 1081 495 1101 esse
509 1082 577 1110 quae
591 1075 754 1103 Antiochiae
767 1075 805 1103 ab
819 1075 892 1111 ipsis
907 1075 986 1104 facta

159 1118 279 1146 fuerant
293 1120 321 1146 et
336 1118 443 1146 melius
468 1127 532 1147 esse
550 1119 653 1147 Filium
670 1120 746 1148 Patri
767 1120 936 1148 substantia
949 1121 986 1148 si-

159 1162 261 1190 milem
277 1170 348 1191 esse
376 1163 503 1200 opinari.
534 1164 583 1192 His
611 1164 752 1198 deﬁnitis,
786 1165 922 1193 redeunti
950 1173 987 1194 ex

158 1207 283 1235 Thracia
305 1207 418 1236 Valenti
444 1208 526 1243 (cum
553 1208 642 1237 fratre
669 1209 750 1237 enim
772 1211 899 1237 Romam
919 1217 986 1246 pro-

158 1251 309 1280 ﬁciscente
332 1252 521 1288 aliquantum
544 1252 658 1281 itineris
680 1253 811 1289 fecerat),
837 1254 986 1282 Heracleae

159 1298 365 1324 occurrerunt.
387 1296 440 1329 Qui
455 1297 578 1333 quidem
593 1297 627 1324 iis
643 1297 737 1326 suasit
747 1305 785 1325 ne
798 1298 837 1326 ab
852 1298 985 1327 Eudoxio

159 1340 361 1369 dissentirent.
388 1341 439 1369 Hic
461 1343 563 1369 autem
589 1341 762 1370 Macedonio
788 1344 984 1377 successerat,

158 1385 366 1422 Eunomioque
381 1388 410 1414 et
422 1386 486 1421 ejus
501 1386 669 1414 fautoribus
684 1387 900 1415 consentiebat.
912 1389 986 1416 Cum

158 1431 260 1458 autem
271 1430 450 1464 tenuissent,
463 1438 514 1458 eos
530 1430 562 1459 in
572 1431 710 1459 exsilium
723 1431 764 1459 ire
774 1432 870 1466 jussit.
881 1433 986 1460 Postea

157 1482 229 1503 vero
246 1474 398 1503 Eleusium
412 1475 539 1510 reduxit,
553 1476 710 1513 coegitque
723 1477 755 1504 ut
765 1484 834 1504 eum
852 1476 984 1504 Eudoxio

158 1519 189 1547 in
217 1519 278 1547 ﬁde
310 1519 500 1548 consentiret.
531 1522 572 1548 Ac
598 1521 746 1557 principio
780 1521 828 1548 ille
859 1521 984 1555 restitit;

158 1563 267 1591 deinde
277 1571 349 1591 vero
362 1564 500 1592 exsilium
512 1567 540 1592 et
552 1564 761 1601 expulsionem
774 1564 985 1600 reformidans,

158 1607 241 1644 quod
251 1609 357 1644 jussus
371 1611 443 1645 erat,
459 1608 546 1642 fecit;
566 1612 596 1637 at
616 1609 715 1638 statim
743 1617 812 1638 eum
836 1610 985 1646 pcenituit.

158 1653 296 1689 Cyzicum
310 1653 390 1681 enim
403 1653 522 1682 rediens
538 1657 695 1690 peccatum
710 1662 798 1682 suum
814 1654 845 1682 in
859 1653 986 1682 ecclesia

159 1698 313 1726 confessus
328 1700 382 1733 est,
399 1706 531 1735 suosque
554 1699 690 1727 hortatus
705 1701 750 1727 est
774 1701 807 1727 ut
822 1699 879 1727 sibi
894 1699 986 1728 alium

158 1743 335 1779 episcopum
355 1743 507 1779 eligerent,
535 1752 571 1772 eo
598 1744 680 1781 quod
709 1745 774 1780 ipse
807 1744 986 1773 necessitate

158 1787 333 1824 compulsus
358 1788 510 1825 propriam
526 1789 695 1817 doctrinam
724 1788 889 1817 abnuisset.
904 1789 985 1825 Cyzi—

158 1832 223 1860 ceni
241 1835 343 1861 autem
358 1841 412 1861 suo
428 1841 500 1869 erga
515 1841 585 1861 eum
602 1841 704 1861 amore
720 1833 789 1860 victi
805 1833 883 1860 illius
897 1833 987 1861 haere-

158 1877 215 1905 sim
229 1885 291 1905 non
306 1877 464 1912 admisere,
481 1886 623 1906 mansere
637 1885 709 1906 vero
723 1879 828 1913 postea
841 1877 898 1905 sub
909 1878 986 1906 illius

158 1921 395 1956 gubernatione;
411 1930 474 1959 quo
497 1922 611 1957 audito,
632 1922 784 1950 Eudoxius
804 1922 986 1950 Eunomium

158 1966 188 1994 in
201 1966 295 2003 Cyzici
311 1967 520 2004 episcopatum
533 1967 692 2003 proposuit

193 2014 237 2040 23.
252 2012 374 2048 Expuisi
403 2014 473 2041 sunt
496 2012 535 2040 ab
551 2011 687 2039 Eudoxio
713 2011 987 2047 Constantinopolis

158 2056 300 2092 episcopo
313 2058 341 2084 et
355 2056 477 2085 Valente
488 2056 672 2092 imperatore
684 2063 746 2083 non
758 2055 850 2083 modo
857 2055 989 2092 quicon-

159 2100 390 2129 substantialem
414 2101 518 2129 Filium
542 2100 772 2136 proﬁtebantur,
794 2099 847 2128 sed
874 2100 938 2136 jam
959 2102 988 2128 et

159 2146 219 2182 ipsi
230 2145 452 2179 Macedoniam;
469 2145 521 2181 qui
536 2145 678 2180 injuriam
699 2152 760 2173 non
778 2144 917 2178 ferentes,
931 2147 988 2173 sta—

157 2193 278 2220 tuerunt
293 2191 333 2219 ad
347 2190 537 2227 imperatoris
551 2190 671 2218 fratrem
684 2192 713 2218 et
725 2190 764 2218 ad
775 2189 925 2218 Liberium
934 2192 988 2218 Ro-

158 2243 215 2263 mae
226 2234 403 2271 episcopum
423 2234 596 2269 confugere,
613 2241 718 2261 eorum
739 2233 832 2262 ﬁdem
847 2233 987 2270 amplecti

158 2288 250 2316 quam
258 2287 327 2307 cum
334 2279 469 2307 Eudoxio
476 2278 702 2306 communicare
713 2278 916 2314 praeferentes.
927 2278 987 2307 Mit-

159 2325 317 2360 tuntigitur
323 2323 509 2352 Eustathium
519 2323 659 2351 Sebastiaz
666 2322 799 2351 etSilvan
805 2331 855 2351 um
861 2323 950 2359 Tarsi,
959 2326 988 2352 et

157 2369 354 2406 Theophilum
365 2367 515 2396 Castabaii
531 2368 561 2395 in
573 2367 688 2402 Cilicia;
705 2367 757 2404 qui
769 2370 930 2404 postquam
944 2368 986 2396 Li-

157 2414 274 2442 berium
286 2413 395 2448 adiere,
411 2412 514 2440 Arium
532 2412 775 2440 condemnantet
788 2412 921 2440 similiter
936 2420 988 2441 eos

158 2459 211 2495 qui
227 2458 294 2487 Ario
309 2456 537 2485 consentiebant
558 2456 683 2493 ejusque
705 2456 874 2485 doctrinam
897 2457 988 2486 doce—

157 2505 241 2538 bant,
255 2502 393 2538 rejiciunt
406 2502 507 2529 autem
522 2509 645 2529 omnem
664 2501 795 2530 haeresim
815 2501 884 2530 ﬁdei
901 2502 988 2530 Nicae-

157 2556 204 2576 ηδε
232 2546 435 2580 contrariam;
456 2548 485 2574 et
508 2545 765 2574 consubstantiale
795 2546 989 2575 solummodo

157 2591 317 2628 recipiunt,
333 2590 364 2618 in
381 2598 416 2619 eo
440 2598 532 2619 sensu
547 2590 630 2627 quod
655 2591 721 2618 haec
743 2598 801 2619 vox
819 2591 990 2619 substantia

158 2637 287 2664 similem
307 2635 501 2670 significaret.
526 2636 608 2664 Hanc
637 2643 742 2664 eorum
767 2636 989 2664 confessionem

158 2682 299 2717 scriptam
330 2680 479 2717 accipiens
506 2681 639 2709 Liberius
657 2703 664 2715 ,
690 2689 760 2710 cum
786 2681 843 2709 illis
863 2689 988 2709 causam

158 2726 231 2763 egit;
242 2725 406 2764 litterisque
424 2725 463 2755 ab
480 2726 530 2755 illo
548 2726 693 2764 acceptis,
713 2726 744 2754 in
762 2725 891 2755 Siciliam
907 2725 990 2754 navi-

1042 852 1114 887 Ἐμοὶ
1127 850 1155 877 οὗ
1174 852 1245 887 θέμις
1264 852 1330 887 μετὰ
1344 851 1407 877 λαοῦ
1419 853 1565 888 τεταγμένῳ
1588 852 1621 877 τὰ
1637 855 1746 878 τοιαῦτα
1760 851 1850 877 πολυ-

1040 900 1196 934 πραγμονεῖν
1207 907 1213 912 ·
1228 897 1252 922 οἱ
1269 894 1299 922 δὲ
1314 897 1387 933 ἱερεῖς
1402 897 1439 927 οἷς
1453 897 1549 923 τούτων
1559 896 1639 932 μέλει,
1656 897 1717 929 καθ,
1731 895 1851 927 ἑαυτοὺς

1040 941 1089 970 ὅπη
1107 940 1246 977 βούλονται
1262 943 1418 968 συνίτωσαν.
1434 940 1516 971 Εὐθὺς
1530 939 1574 967 οὖν
1597 941 1688 967 ὶκεῖνοι
1712 940 1847 970 συνῆλθον

1040 985 1076 1016 εἰς
1090 985 1248 1022 Λαμψακόν,
1263 987 1308 1012 κλιὶ
1331 984 1378 1012 δύο
1405 985 1608 1022 βουλευσάμενοι
1632 989 1727 1022 μῆνας,
1745 985 1849 1023 ἐψηφί-

1041 1040 1118 1057 σαντο
1136 1031 1222 1067 ἄκυρα
1234 1029 1298 1056 εἶναι
1311 1032 1342 1057 τὰ
1353 1030 1378 1057 ἐν
1392 1031 1541 1067 Ἀντιοχείᾳ
1551 1041 1614 1068 παρ,
1627 1030 1710 1057 αὐτῶν
1724 1041 1848 1067 πεπραγ-

1040 1078 1113 1112 μένα,
1127 1078 1172 1102 καὶ
1182 1079 1283 1113 κρατεῖν
1298 1077 1327 1102 τό
1341 1078 1428 1112 ὅμοιον
1442 1073 1562 1107 δοξάζειν
1576 1080 1612 1112 τῷ
1626 1079 1710 1113 Πατρὶ
1724 1077 1768 1102 τὸν
1779 1077 1846 1102 Υἱόν

1040 1121 1097 1147 κατ’
1108 1120 1199 1147 οὐσίαν
1214 1132 1219 1137 ·
1240 1124 1323 1147 ταῦτα
1333 1121 1468 1157 ὁρίσαντες
1482 1120 1610 1147 ἐπανιόντι
1627 1125 1662 1156 τῷ
1674 1121 1801 1147 Οὐάλεντι
1812 1120 1844 1147 ἐκ

1039 1169 1087 1196 τῆς
1114 1167 1219 1203 Θρᾴκης
1249 1163 1292 1201 (ἦν
1312 1166 1363 1202 γὰρ
1393 1163 1576 1201 ἀποδημοῦντι
1602 1169 1638 1201 τῷ
1667 1164 1770 1201 ἀδελφῷ
1805 1165 1844 1197 εἰς

1038 1210 1138 1246 Ῥώμην
1153 1212 1235 1247 μέχρι
1249 1211 1318 1241 τινός
1344 1209 1534 1246 συναπελθὼν),
1548 1210 1573 1236 ἐν
1587 1209 1724 1247 Ἡρακλείᾳ
1751 1212 1845 1248 περιέ-

1016 1287 1019 1289 _
1039 1264 1131 1290 τυχον,
1146 1254 1175 1280 Ὀ
1205 1253 1234 1281 δε
1256 1254 1390 1291 ἐπέτρεψεν
1413 1254 1502 1286 αὐτοῖς
1521 1256 1556 1284 μὴ
1583 1253 1754 1292 διαφέρεσθαι
1776 1256 1844 1292 πρὸς

1039 1297 1178 1330 Εὖδόξιον-
1208 1297 1238 1328 ἧν
1262 1297 1291 1325 δὲ
1316 1299 1389 1330 οὗτος
1411 1297 1597 1336 διαδεξάμενος
1615 1297 1775 1326 Μακεδόνων
1794 1301 1843 1326 καὶ

1041 1346 1164 1380 σύμφρων
1175 1344 1292 1380 Εὐνομίῳ
1305 1346 1350 1370 καὶ
1365 1347 1420 1375 τοῖς
1432 1345 1499 1370 κατὰ
1514 1347 1613 1372 τοῦτον.
1626 1344 1696 1371 Ἐπεὶ
1709 1342 1738 1370 δὲ
1753 1343 1840 1371 ἀντει-

1038 1399 1097 1422 πον,
1117 1388 1245 1416 ἐκέλευσεν
1274 1389 1366 1419 αὐτοὺς
1394 1390 1614 1427 ὑπερορισθῆναιι
1643 1391 1779 1426 μετέπειτα
1810 1388 1841 1416 δὲ

1040 1433 1145 1470 αγαγὼν
1170 1433 1300 1460 Ἐλεύσιον
1337 1433 1454 1464 ἐϐιάζετο
1484 1437 1611 1460 κοινωνεῖν
1646 1432 1763 1470 Εὐδοξίῳ
1792 1438 1839 1464 τῆς

1040 1481 1163 1510 πίστεως.
1177 1478 1205 1505 Ὀ
1229 1477 1258 1505 δὲ
1279 1479 1308 1505 τὸ
1332 1481 1377 1515 μέν
1397 1483 1498 1516 πρῶτον
1514 1480 1664 1506 ἀντέτεινεν-
1679 1477 1734 1505 εἶτα
1748 1479 1840 1516 ὑπερο-

1040 1525 1099 1561 ρίας
1119 1525 1200 1560 φυγὴν
1224 1525 1268 1550 καὶ
1288 1521 1418 1560 δήμευσιν
1443 1521 1586 1558 δειλιάσας,
1613 1524 1642 1550 τό
1670 1525 1839 1561 προσταχθὲν

1041 1567 1130 1595 ἐποίει·
1145 1570 1190 1594 καὶ
1203 1567 1276 1598 εὐθὺς
1283 1567 1443 1605 μετεμέλετο,
1457 1567 1597 1594 ἐπανελθὼν
1607 1569 1656 1605 γὰρ
1668 1568 1704 1599 εἰς
1716 1569 1837 1604 Κύζικον,

1040 1615 1087 1642 τὴν
1110 1612 1237 1649 ἁμαρτίαν
1253 1612 1293 1639 ἐπὶ
1312 1617 1358 1643 τῆς
1381 1612 1521 1643 ἐκκλησίας
1540 1612 1681 1648 ἐξήγγειλε,
1695 1616 1740 1639 καὶ
1757 1615 1839 1645 ζητεῖν

1042 1657 1141 1689 ἑαυτοῖς
1153 1658 1236 1695 ἕτερον
1252 1659 1392 1684 ἐπίσκοπον
1408 1658 1538 1694 ἐπέτρεπε,
1555 1655 1625 1684 διότι
1640 1657 1719 1689 αὐτὸς
1739 1657 1836 1695 ἀνάγκῃ

1041 1704 1070 1728 τὸ
1086 1702 1179 1729 οἰκεῖον
1201 1702 1334 1740 ἠρνήσατο
1362 1700 1462 1738 δόγμα.
1490 1702 1634 1733 Κυζικηνοὶ
1655 1701 1695 1736 δὲ,
1724 1706 1755 1738 τῇ
1781 1705 1837 1740 περὶ

1041 1751 1131 1774 τοῦτον
1161 1747 1331 1785 φιλοστοργίᾳ
1365 1748 1554 1784 κρατούμενοι,
1588 1752 1636 1779 τῆς
1671 1749 1716 1784 μὲν
1744 1747 1836 1778 οἰκείας

1042 1793 1165 1830 αἱρέσεως
1191 1792 1220 1818 οὗ
1248 1793 1418 1828 μετετίθεντο,
1448 1794 1533 1828 ἔμενον
1558 1790 1588 1819 δὲ
1611 1793 1680 1828 ὅμως
1711 1791 1753 1818 ὑπ’
1769 1791 1836 1828 αὐτῲ

1041 1839 1208 1873 ταττόμενοι“
1225 1837 1285 1874 ὅπερ
1301 1838 1390 1873 μαθὼν
1406 1835 1533 1869 Εὖδόξιος
1551 1837 1703 1875 προεϐάλετο
1716 1837 1835 1873 Εὐνόμιον

1041 1882 1075 1913 εἰς
1093 1884 1139 1911 τὴν
1156 1881 1272 1912 Κυζίκου
1287 1881 1443 1911 ἐπισκοπὴν.

1077 2006 1127 2043 κγ’.
1144 2006 1297 2033 Ἠλαύνοντο
1324 2005 1353 2033 δὲ
1372 2008 1443 2044 παρὰ
1476 2005 1603 2039 Εὐδοξίου
1633 2011 1678 2034 τοῦ
1705 2010 1834 2034 Κωνσταν-

1042 2062 1112 2079 τινου
1132 2051 1226 2082 πόλεως
1242 2051 1385 2078 ἐπισκόπου
1409 2054 1452 2078 καὶ
1478 2052 1619 2082 Οὐάλεντος
1645 2056 1690 2079 τοῦ
1714 2051 1836 2089 βασιλέως

1042 2097 1095 2132 οὐχ
1117 2098 1140 2123 οἱ
1166 2098 1209 2123 τὸν
1231 2097 1369 2133 ὁμοούσιον
1391 2096 1571 2134 πρεσϐεύοντες
1596 2099 1683 2133 μόνον,
1714 2097 1766 2123 ἀλλ’
1785 2096 1832 2126 ἤδη

1042 2144 1086 2168 καὶ
1102 2143 1177 2168 αὐτοὶ
1203 2143 1227 2168 οἱ
1253 2140 1461 2168 Μακεδονιανοί·
1479 2141 1503 2168 οἳ
1527 2144 1582 2176 καὶ,
1598 2144 1633 2178 μὴ
1659 2144 1774 2178 φέροντες
1791 2144 1833 2171 τὴν

1042 2186 1174 2224 ἐπήρειαν,
1192 2185 1245 2213 δεῖν
1265 2188 1379 2222 ἔγνωσαν
1407 2190 1565 2222 καταφυγεῖν
1581 2185 1622 2213 ἐπὶ
1648 2188 1691 2213 τόν
1716 2190 1760 2213 τοῦ
1787 2186 1832 2223 βα-

1043 2231 1132 2262 σιλέως
1161 2229 1280 2267 ἀδελφὸν,
1310 2234 1355 2257 καὶ
1382 2230 1424 2257 ἐπὶ
1453 2230 1572 2268 Λιϐέριον
1601 2233 1644 2257 τὸν
1659 2231 1759 2268 Ῥώμης
1783 2231 1820 2258 ἐπί

1046 2286 1153 2309 σκοπον,
1183 2275 1351 2308 ἀσπάζεσθαι
1385 2275 1480 2312 μᾶλλον
1515 2275 1628 2312 ἑλόμενοι
1659 2279 1705 2305 τὴν
1742 2275 1832 2302 ἐκείνων

1042 2323 1131 2348 πίστιν
1158 2321 1172 2350 ἦ
1204 2324 1331 2347 κοινωνεῖν
1355 2324 1410 2352 τοῖς
1442 2323 1501 2358 περὶ
1526 2319 1669 2353 Εὐδόξιονυ
1694 2322 1830 2357 πέμπουσιν

1042 2366 1086 2392 οὖν
1119 2365 1264 2393 Εὖστάθιον
1292 2367 1335 2392 τόν
1363 2365 1533 2398 Σεϐαστείας,
1564 2368 1610 2392 καὶ
1645 2365 1764 2392 Σιλϐανόν
1793 2368 1829 2392 τὸν

1042 2412 1158 2448 Ταρσοῦ,
1177 2413 1221 2437 καὶ
1237 2409 1360 2447 Θεόφιλον
1375 2412 1418 2436 τὸν
1444 2409 1620 2437 Κασταϐάλων
1643 2415 1691 2441 τῆς
1707 2411 1830 2442 Κιλικίας·

1043 2455 1067 2482 οἳ
1095 2457 1164 2488 καὶ,
1192 2457 1258 2492 πρὸς
1289 2455 1405 2492 Λιϐέριον
1438 2457 1663 2492 παραγεγονότες,
1697 2458 1828 2491 καταγινώ-

1045 2510 1141 2527 σκουσι
1169 2502 1214 2536 μὲν
1237 2500 1337 2537 Ἀρείου
1362 2501 1407 2525 καὶ
1425 2503 1475 2525 τῶν
1501 2500 1594 2535 ὁμοίως
1624 2499 1693 2536 αὐτῷ
1722 2501 1831 2537 φρονούν-

1043 2555 1093 2572 των
1130 2547 1175 2571 καὶ
1209 2542 1408 2570 διδασκόντων·
1444 2542 1658 2582 ἁποκηρύττουσι
1691 2542 1720 2570 δὴ
1756 2546 1829 2570 πᾶσαν

1044 2590 1144 2627 αἵρεσιν
1181 2589 1375 2625 ἐναντιουμένην
1413 2593 1443 2626 τῇ
1478 2591 1566 2616 πίστει
1600 2594 1648 2620 τῆς
1680 2588 1704 2614 ἐν
1745 2591 1830 2625 Νικαίᾳ

1045 2633 1175 2661 συνόδον-
1203 2636 1247 2660 κοιὶ
1266 2635 1296 2660 τό
1316 2633 1456 2670 ὀμοούσιον
1484 2635 1560 2671 μόνον
1589 2632 1724 2671 δέχονται,
1747 2634 1778 2664 ὡς
1799 2638 1829 2670 τῷ

1045 2679 1124 2715 ὁμοίῳ
1149 2678 1205 2706 κατ’
1225 2678 1317 2706 οὐσίαν
1339 2680 1433 2705 ταυτὸν
1467 2682 1605 2716 σημαῖνον.
1633 2679 1736 2708 Ταύτην
1759 2678 1829 2705 αὐτῶν

1044 2726 1090 2754 τὴν
1125 2723 1261 2761 ὁμολογίαν
1294 2725 1420 2761 ἔγγραφον
1448 2723 1531 2751 λαϐὼν
1563 2724 1575 2749 ὁ
1608 2722 1727 2760 Λιεέριος
1743 2745 1750 2759 ,
1771 2722 1828 2750 ἐκοι-
