1917 3073
74 79 101 106 29

749 80 921 109 THESAURI
947 81 1011 108 LIB.
1031 80 1076 109 VI.

1718 81 1754 108 30

73 144 170 168 νώννεσιν
194 139 299 171 αὐτοῖς’
333 143 383 168 καὶ
411 143 554 180 γράμματα
571 143 635 181 παρ’
647 143 728 170 αὐτοῦ
743 142 870 176 λαϐόντες,

963 143 1094 176 Lverunt;
1108 143 1288 178 synodoque
1308 141 1351 170 ibi
1368 143 1562 176 congregata,
1577 141 1684 170 eadem
1703 141 1753 170 de-

71 184 184 211 ἔπλενσαν
208 184 245 216 εἰς
264 185 403 213 Σικελίαν·
434 186 546 214 συνόδου
575 186 605 215 δὶ
631 188 705 215 κάκεῖ
729 188 874 224 συναχθεί-

72 239 123 264 σης,
144 231 187 255 καὶ
209 230 242 255 τὰ
271 230 350 257 αὐτὰ
373 231 561 269 ψηγισαμένων
573 237 624 260 τῶν
636 231 701 271 τῇδε
713 233 873 268 ἐπισκόπων,

72 274 209 304 ἐπανῆλθον.

101 325 148 355 κδ’.
161 327 225 354 Κατ’
239 327 328 355 ἐκεῖνο
352 328 383 356 δε
398 334 491 367 καιροῦ
511 329 621 358 σύνοδον
637 330 751 367 ἀγόντων
764 331 788 357 ἐν
802 332 875 358 Tw?—

73 382 115 402 νοις
123 372 250 399 Εὐσεϐίου
261 377 314 399 τοῦ
327 377 490 412 Καισαρείας
501 375 703 410 Καππαδοκίας,
717 376 874 403 Ἀθανασίου

73 417 198 453 ’.Δγκύρας,
219 417 363 454 Πιλαγίου
383 418 544 452 Λαοδικείας
565 424 613 452 τῆς
637 423 742 459 Συρίας,
757 423 875 452 Ζήνωνος

71 463 153 496 “pou,
163 461 271 488 Παύλου
281 463 414 499 Ἐμσης,
426 465 549 502 Ὀτρηῖου
560 465 716 501 Μελιτηνῆς,
729 468 873 504 Γρηγορίου

70 506 220 542 Ναζιανζοῦ,
236 510 286 533 καὶ
310 508 416 535 πολλῶν
431 509 522 543 ἄλλων,
543 510 626 545 οἱξκαὶ
641 509 665 536 ἐν
680 510 830 547 Ἀντιοχείᾳ
844 512 873 537 τὸ

70 552 196 586 όμοούσιον
226 551 405 589 ἕψηγίσαντο
427 553 470 581 ἆπὶ
498 558 546 586 τῆς
565 554 692 582 Ἰοϐιανοῡ
724 554 871 592 βασιλείας,

70 595 207 631 ἇνεγνώσθη
231 597 268 623 τὰ
285 597 416 636 Αιϐερίου
435 601 480 625 καὶ
494 603 544 626 τῶν
559 598 608 626 ἀνὰ
625 602 672 629 τὴν
692 598 770 626 δύσιν
784 610 873 637 γραμ-

153 643 198 666 xui
212 646 384 679 περιχαρεῖς
403 643 446 670 ἐπὶ
465 645 567 676 τούτοις
587 647 728 681 γενόμενοι,
758 645 873 681 ἔγραψαν

71 688 156 716 πάσαις
170 689 227 717 ταῖς
241 688 319 713 κατὰ
336 689 386 717 τὴν
402 688 494 715 Ἀσίαν
505 689 675 721 Ἐκκλησίαις
688 689 802 726 ἐντυχεῖν
818 694 873 721 τοῖς

70 731 183 760 τοιούτοις
206 732 370 768 γράμμασι,
401 736 446 759 καὶ
471 735 509 760 ἔτι
535 732 598 772 ἦρος
620 737 698 770 ὄντος,
720 734 755 767 εἰς
769 737 872 773 Ταρσὸν

72 774 199 804 συνελθεῖν.
235 775 314 805 Ἤδη
346 776 378 803 δί
405 779 584 805 συνίστασθαι
609 779 754 816 μελλούσης
777 784 822 810 τῆς
848 780 872 806 ἐν

71 822 153 856 Ταρσῷ
189 819 325 852 συνόδου,
366 823 507 859 τριάκοντα
531 825 576 850 καὶ
598 825 723 862 τέσσαρες
755 824 874 852 ’Δσιανοὶ

74 866 208 901 ἐπίσκοποι,
246 866 420 898 συνελθόντες
448 867 472 894 ἰν
502 867 652 905 Ἀντιοχείᾳ
684 874 732 901 τῆς
761 873 872 906 Καρίας,

136 911 180 945 μὶν
209 910 254 937 ἐπὶ
359 913 467 949 ὁμονοίᾳ
493 917 544 940 τῶν
573 914 733 944 Ἐκκλησιῶν
752 914 873 944 σπουδὴν

74 955 177 989 trimum,
189 960 368 992 παρῃτοῦντο
382 955 413 984 δὲ
421 959 451 984 τὸ
470 962 516 984 τοῦ
526 959 679 995 όμοουσίου·
697 959 800 990 Οὐάλης
817 958 846 985 δὲ
859 960 871 985 ὁ

75 998 181 1030 Βασιλεὺς
202 999 343 1033 Εὔδοξίου
366 1001 470 1039 σπουδῇ
484 1005 531 1032 τήν
547 1003 572 1030 ἐν
593 1004 699 1040 Κιλικίᾳ
713 1003 871 1041 προσδοκω-

75 1047 140 1079 μένην
159 1044 271 1072 σύνοδον
297 1047 404 1074 ἔλυσεν·
430 1049 454 1074 οἰ
475 1046 505 1075 δὲ
523 1048 716 1075 Μακεδονίανοὶ
729 1048 871 1087 ἀδιάφορον

76 1091 184 1122 ingruit;
193 1094 297 1127 χρόνου
314 1094 367 1121 τὴν
381 1096 515 1119 κοινωνίαν
526 1093 658 1120 ἐποιοῦντο
670 1093 718 1121 ἀνὰ
733 1093 871 1125 ἐκκλησίας

74 1135 112 1164 τὰς
124 1134 147 1160 ἰν
164 1135 263 1172 ἑκάστῃ
280 1137 372 1171 πόλει,
387 1137 506 1169 ἀλλήλοις
520 1149 547 1165 τε
558 1138 752 1176 ἐπιμιγνύμενοι
762 1142 808 1166 καὶ
817 1143 870 1171 τοῖς

78 1179 98 1210 ἐξ
111 1179 188 1217 ὶρχῆς
200 1181 389 1218 πρεσϐεύουσι
403 1184 432 1210 τὸ
446 1184 596 1220 όμοοὺσιον.

105 1234 144 1262 κί’.
167 1235 238 1261 Ἐπεὶ
265 1233 298 1262 δὲ
335 1235 479 1269 Οὐάλεντος
506 1237 705 1268 τελευτήσαντος
717 1239 872 1275 Τρατιανὸς

80 1277 233 1315 ἒδομοθέτησε
266 1281 339 1316 μετὰ
367 1280 457 1313 ἀδείας
493 1282 617 1314 ἑκάστους
656 1283 807 1319 θρησκεύειν
840 1284 872 1314 ὡς

81 1321 203 1358 βούλονται
230 1325 278 1352 καὶ
314 1325 508 1360 ἐκκλησιάζειν,
542 1327 609 1356 πλὴν
640 1330 798 1364 Μανιχαίων
827 1330 873 1354 καὶ

82 1372 121 1393 τῶν
142 1371 170 1398 τὴ
204 1372 338 1397 Φωτεινοῡ
368 1373 413 1397 καὶ
441 1371 568 1409 Εὖνομίου
596 1373 765 1410 φρονούντων,
797 1371 872 1399 πάλιν

83 1414 102 1438 εἰ
123 1412 216 1445 πλείους
244 1413 431 1451 ἔδογμοξτισαν
455 1416 623 1453 ἐκτρέπεσθαι
637 1419 685 1447 τὴν
709 1421 754 1443 τοῦ
779 1417 873 1454 ὁμοου-

85 1460 132 1483 σίου
153 1462 245 1494 φωνήν.
274 1460 307 1486 Ὀ
332 1459 362 1486 δὶ
381 1460 503 1492 Βασιλεὺς
528 1459 670 1492 Θεοδόσιος
689 1463 702 1488 ό
723 1464 809 1498 Μέγας
828 1465 891 1493 τοῦ,

82 1502 205 1539 ὀμοουσίου
221 1504 404 1537 σπουδαστὴς
427 1506 470 1538 ὧν,
504 1505 614 1533 σύνοδον
639 1506 787 1533 ἐπισκόπων
810 1502 908 1543 ὁμοῆε

84 1546 152 1580 δόξων
185 1549 268 1586 ἑαυτῷ
310 1550 465 1578 συνεκάλεσε
492 1551 659 1588 βεϐαιώσεως
678 1552 751 1579 ἕνεκα
779 1556 828 1578 τῶν
850 1551 874 1577 ἐν

83 1596 166 1630 Nimia
190 1593 335 1626 δοξάντων·
362 1595 496 1622 ὑπολαϐὼν
524 1595 553 1623 δε
587 1595 718 1623 δύνασθαι
748 1596 874 1628 συντάξαι

84 1640 107 1671 τῇ
124 1638 229 1664 καθόλου
254 1639 403 1675 Ἐκκλησία
435 1643 492 1671 τοὺς
515 1641 688 1678 καλουμένους
710 1639 874 1668 Μακεδονια-

84 1683 138 1712 νονς,
173 1684 329 1712 συνεκάλεσε
367 1688 411 1712 καὶ
452 1688 566 1717 τούτους·
607 1685 733 1715 συνῆλθον
767 1684 810 1712 οὖν
848 1685 872 1712 ἓν

86 1729 342 1756 Κωνσταντινονπόλει
378 1730 406 1757 ἐκ
433 1735 482 1757 τῶν
520 1732 658 1767 ὁμοούσιον
689 1733 736 1760 τὴν
769 1729 873 1768 Τρίάδα

88 1769 228 1803 δοξαζόγτων
257 1774 328 1812 ἀμφὶ
348 1775 437 1802 ἑκατὸν
459 1778 505 1802 καὶ
533 1778 701 1810 πεντήκοντα,
731 1775 755 1802 ἐν
782 1773 818 1806 οἷς
841 1776 872 1805 ἧν

88 1819 212 1869 Sanctam;
239 1821 252 1847 ό
286 1821 426 1858 Θεολόγος,
456 1822 470 1848 ό
507 1823 617 1853 Νύσσης
645 1823 790 1859 Γρηγὸριος
821 1821 870 1856 (1),

97 1863 239 1900 Λμςνιλόχιός
262 1875 291 1892 τε
326 1868 371 1892 καὶ
398 1867 478 1904 ἕτεροι
508 1870 558 1892 τῶν
587 1865 722 1902 ὶπισὴμων
744 1868 801 1892 τότε
821 1869 873 1892 Πα-

88 1908 160 1955 ῖέρων,
189 1909 212 1935 οἱ
246 1908 281 1940 δή
323 1912 416 1942 πάντες
453 1910 554 1938 ἐδέοντο
591 1915 640 1938 τῶν
673 1909 873 1938 Μακεδονιανῶν

90 1957 207 1987 σπι-[νῶναι
240 1957 269 1981 τὸ
306 1955 455 1991 ὀμοούσιον,
494 1955 733 1993 ἀναμιμνήσκοντες
779 1955 874 1986 αὐτοῦς

89 1999 126 2027 τῆς
141 1999 272 2033 πρεσϐείας
294 2003 341 2026 καὶ
361 2000 500 2037 ὁμολογίας
520 2001 550 2030 ἢν
570 2002 654 2027 ἔθεντο
673 2001 739 2037 πρὸς
755 2000 873 2036 Λιϐἑριον

89 2042 123 2088 fit"
142 2041 234 2079 Ῥώμης
265 2043 316 2071 διὰ
332 2045 478 2072 Εύσταθίου
499 2048 543 2071 καὶ
567 2044 689 2071 Σιλεανοῡ
720 2047 764 2071 καὶ
779 2047 875 2080 Θεοφί-

91 2093 135 2113 mu.
161 2088 190 2113 Οἱ
219 2087 248 2115 δε
266 2087 402 2126 μηδέποτε
421 2091 560 2126 ὁμοούσιον
584 2093 620 2125 τῷ
650 2092 733 2127 Πατρὶ
752 2090 794 2115 τὸν
814 2091 873 2116 Υὶον

92 2131 216 2165 αναφωιδὸν
249 2132 372 2166 δοξάζειν
407 2135 526 2167 εἰπόντες,
560 2135 582 2161 εἰ
612 2137 657 2161 καὶ
685 2134 787 2160 ἐναντία
818 2137 873 2164 ταῖς

929 189 1087 215 creverunt
1110 195 1146 216 ac
1166 187 1257 223 hujus
1281 186 1387 215 insulas
1414 186 1565 223 episcopi,
1590 189 1619 214 et
1642 186 1752 215 reversi

929 233 1009 260 sunt.

964 332 1009 360 24.
1032 332 1092 359 Hoc
1105 333 1204 359 autem
1221 333 1356 368 tempore
1371 331 1464 367 Tyani
1475 330 1628 368 synodum
1641 330 1754 366 agenti~

927 375 985 403 bus
1001 376 1128 404 Eusebio
1144 376 1283 404 Caesareae
1307 376 1338 404 in
1360 375 1561 412 Cappadocia,
1588 374 1752 403 Athanasio

928 423 1066 457 Ancyrae,
1078 420 1194 456 Pelagio
1212 421 1362 449 Laodiceae
1380 421 1410 448 in
1436 421 1530 457 Syria,
1547 422 1663 448 Zenone
1673 420 1750 456 Tyri,

928 466 1019 494 Paulo
1047 467 1171 499 Emesae,
1193 466 1273 494 Otrio
1288 466 1437 499 Meletinae,
1454 465 1594 501 Gregorio
1615 465 1753 492 Nazianzi

928 513 956 538 et
969 510 1069 538 multis
1085 510 1161 545 aliis,
1173 511 1223 547 qui
1238 513 1266 539 et
1284 511 1446 539 Antiochiae
1462 509 1752 538 consubstantialem

929 555 1032 584 Filium
1049 557 1253 590 decreverant,
1262 556 1388 584 Joviano
1399 557 1577 592 imperante,
1587 555 1670 583 lectae
1683 557 1753 583 sunt

928 601 1034 630 Liberii
1042 603 1070 629 et
1078 601 1308 629 occidentalium
1317 599 1547 634 litterae.Quibus
1558 600 1702 634 laetantes,
1713 599 1752 628 ad

926 653 1033 674 omnes
1045 646 1121 674 Asiae
1130 646 1277 674 Ecclesias
1286 646 1470 682 scripserunt
1480 649 1510 673 ut
1519 645 1564 673 his
1574 645 1675 672 litteris
1683 652 1752 672 con-

927 691 1096 723 cordarent,
1109 695 1146 726 et,
1164 692 1236 720 dum
1256 692 1357 720 adhuc
1372 700 1422 720 ver
1439 694 1526 725 esset,
1543 692 1664 718 Tarsum
1681 697 1752 718 con-

926 736 1151 765 venirent.Cum
1168 739 1268 765 autem
1277 737 1339 772 jam
1357 737 1387 764 in
1400 744 1435 764 eo
1444 737 1542 764 essent
1552 737 1584 763 ut
1599 735 1751 771 synodum

926 781 1007 810 Tarsi
1022 781 1170 810 haberent
1184 781 1329 818 episcopi,
1345 783 1476 818 quatuor
1497 783 1525 808 et
1539 779 1660 815 triginta
1674 779 1751 807 asia-

888 821 910 848 Β
927 827 976 855 tici
1006 827 1141 863 episcopi
1169 827 1332 855 Antiochiae
1352 827 1381 854 in
1402 826 1488 855 Caria
1513 824 1686 860 congregati
1711 823 1751 851 ad

928 872 1127 900 Ecclesiarum
1141 871 1337 899 concordiam
1358 871 1498 898 ardorem
1509 870 1680 903 laudavere,
1698 868 1751 896 sed

928 917 1055 953 rcjecere
1067 916 1333 944 consubstantiale.
1350 918 1516 951 Imperator
1527 916 1627 942 autem
1643 913 1750 941 Valens

926 961 1051 989 Eudoxii
1066 960 1340 989 machinationibus
1354 960 1506 996 synodum
1524 967 1592 994 quae
1606 958 1636 986 in
1653 958 1752 985 Cilicia

925 1005 988 1034 ﬁeri
1003 1005 1143 1038 debebat,
1163 1004 1308 1033 dissolvit.
1323 1003 1526 1033 Macedoniani
1547 1010 1617 1030 vero
1637 1001 1750 1029 indiffe-

925 1054 1024 1079 renter
1042 1059 1111 1078 cum
1128 1050 1192 1078 aliis
1216 1050 1246 1078 in
1267 1049 1454 1084 singularum
1471 1048 1591 1076 urbium
1619 1045 1751 1074 ecclesiis

926 1096 1115 1132 aliquantum
1141 1095 1286 1130 temporis
1311 1092 1590 1124 communicahant,
1607 1091 1656 1119 alii
1682 1091 1750 1119 aliis

924 1140 1049 1168 immisti
1065 1141 1162 1176 iisque
1182 1139 1234 1176 qui
1257 1138 1296 1167 ab
1311 1138 1395 1166 initio
1411 1135 1668 1165 consubstantiale
1683 1143 1750 1172 pro-

924 1186 997 1215 fessi
1020 1187 1114 1214 erant.

963 1243 1007 1269 25.
1020 1240 1188 1276 POStquam
1199 1240 1311 1272 autem,
1323 1237 1443 1266 Valente
1455 1237 1586 1269 mortuo,
1594 1234 1752 1263 Gratianus

926 1285 1025 1320 legem
1040 1284 1106 1312 tulit
1120 1292 1156 1312 ex
1169 1291 1231 1320 qua
1244 1290 1347 1310 secure
1362 1282 1490 1318 quisque
1500 1282 1532 1308 ut
1546 1279 1640 1315 vellet,
1659 1280 1752 1306 Deum

928 1330 1037 1358 coleret
1046 1332 1074 1357 et
1085 1329 1323 1362 concionaretur,
1336 1326 1466 1363 exceptis
1477 1323 1646 1354 Manichaeis
1655 1323 1752 1359 iisque

927 1375 981 1411 qui
1005 1375 1128 1403 Photino
1149 1376 1177 1402 et
1197 1372 1342 1401 Eunomio
1367 1370 1607 1402 consentiebant,
1630 1375 1753 1396 rursum

927 1419 1063 1456 plerique
1098 1419 1266 1447 docuerunt
1295 1415 1523 1453 exstirpandam
1554 1421 1619 1442 esse
1647 1419 1753 1440 vocem

930 1464 1221 1493 Consubstantialis.
1245 1463 1410 1498 Imperator
1438 1462 1539 1488 autem
1567 1457 1752 1487 Theodosius

930 1511 1066 1544 Magnus,
1089 1507 1359 1537 Consubstantialis
1382 1506 1490 1540 fautor,
1508 1503 1659 1540 synodum
1675 1501 1754 1538 epis-

929 1562 1075 1591 coporum
1091 1553 1147 1581 sibi
1162 1551 1414 1580 consentientium
1427 1547 1614 1582 convocavit,
1631 1546 1670 1574 ad
1681 1553 1751 1574 con—

928 1589 1080 1628 firmanda.
1095 1606 1130 1626 ea
1148 1606 1215 1634 quae
1235 1597 1339 1625 Nicaeae
1360 1595 1480 1623 decreta
1494 1595 1593 1626 erant;
1608 1589 1752 1627 poseibile

928 1648 1029 1673 autem
1045 1644 1106 1672 fore
1123 1645 1234 1680 putans
1247 1640 1401 1670 catholicae
1414 1638 1550 1667 Ecclesiae
1563 1634 1752 1664 Macedonia-

927 1699 983 1719 nos
1003 1697 1166 1726 apponere,
1183 1696 1235 1716 eos
1255 1693 1377 1723 quoque
1399 1682 1586 1713 convocavit.
1601 1682 1753 1710 Convene-

926 1737 996 1764 runt
1011 1724 1100 1770 igitur
1122 1730 1411 1768 Constantinopolim
1433 1737 1470 1757 ex
1495 1728 1530 1756 iis
1549 1726 1601 1763 qui
1623 1724 1751 1753 consub-

928 1780 1097 1809 stantialem
1119 1778 1291 1807 Trinitatem
1322 1774 1543 1804 conﬁtebantur
1567 1773 1689 1800 centum
1724 1770 1753 1797 et

927 1824 1149 1862 quinquaginta
1168 1822 1299 1854 circiter,
1325 1821 1355 1848 in
1378 1819 1489 1855 quibus
1511 1818 1575 1845 erat
1595 1814 1752 1850 Gregorius

927 1858 1108 1904 'l-"heol—ogus,
1130 1869 1159 1896 et
1184 1865 1342 1901 Gregorius
1362 1866 1524 1900 Nyssenus,
1544 1858 1752 1904 Amphilochi-

927 1922 1023 1951 usque
1038 1902 1067 1941 et
1083 1912 1130 1941 alii
1142 1920 1178 1940 ex
1194 1909 1382 1939 celeberimis
1397 1908 1488 1943 hujus
1502 1902 1750 1951 temporis_Patri-_

927 1949 1055 1994 bus.qui
1067 1957 1190 1994 quidem
1208 1963 1314 1984 omnes
1329 1962 1347 1982 a
1368 1950 1587 1983 Macedonianis
1600 1949 1710 1986 petiere
1720 1949 1754 1975 ut

928 1992 1184 2032 consubstantiale
1207 2001 1423 2035 agnoscerent,
1455 1997 1486 2025 in
1510 1994 1688 2024 memoriam
1715 1992 1752 2020 iis

927 2050 1101 2076 revocantes
1126 2045 1308 2081 legationem
1330 2046 1358 2071 et
1379 2041 1600 2071 confessionem
1621 2045 1697 2074 quas
1712 2036 1753 2065 ad

929 2092 1077 2120 Liberium
1093 2092 1193 2119 Romae
1214 2097 1267 2126 per
1288 2087 1478 2116 Eustathium
1503 2086 1531 2113 et
1556 2083 1709 2113 Silvanum
1724 2083 1753 2110 et

927 2135 1124 2172 Theophilum
1149 2135 1302 2162 miserant.
1337 2132 1379 2160 Illi
1403 2133 1503 2159 autem
1533 2137 1563 2157 se
1592 2134 1751 2172 nunquam

92 2177 144 2211 πρὸς
164 2178 277 2215 Λιϐἐριον
308 2179 455 2215 ὁμολογίαις
488 2179 602 2216 ἐροῦσιν,
623 2178 822 2214 ἀπηλλάγησαν*
849 2180 870 2205 οὶ

963 2171 1017 2209 ιῙΓῙῨ
1031 2178 1320 2208 consubstantialem
1348 2184 1414 2205 esse
1441 2175 1545 2204 Filium
1569 2174 1670 2209 aperte
1699 2171 1751 2200 do-

93 2216 116 2245 ’ἴε
135 2226 174 2247 τοῦ
199 2222 283 2260 ἐτέρου
315 2227 408 2260 μέρους
445 2224 617 2261 ἐπιμείναντες
645 2226 689 2250 καὶ
718 2225 746 2250 τὸ
769 2227 874 2260 Πνεῦμα

94 2273 117 2312 ῖδ
143 2266 217 2301 ἅγιον,
246 2270 340 2306 Κύριον
365 2271 410 2295 καὶ
436 2270 563 2300 ζωοποιόν
583 2271 628 2295 καὶ
653 2269 682 2295 ἐκ
703 2273 748 2296 τοῦ
769 2271 873 2307 Πατρός

95 2315 268 2349 umet-4651.902
309 2316 354 2340 καὶ
400 2318 436 2350 τῷ
474 2317 558 2352 Πατρὶ
593 2316 871 2351 σνμπροσκυνούμενον

97 2357 130 2380 καὶ
147 2355 357 2396 συνδοξαζόμενον
381 2357 599 2396 δογματίσαντες,
632 2361 664 2390 ὡς
696 2362 742 2385 καὶ
774 2359 798 2385 ἐν
835 2364 870 2396 τῷ

98 2398 142 2434 θείῳ
167 2403 280 2440 συμϐόλῳ
313 2405 436 2440 ἔγκειται,
464 2407 509 2431 καὶ
533 2406 576 2430 τὸν
601 2403 762 2431 Μακεδόνιον
791 2406 870 2432 καθυ-

99 2443 225 2479 ποεαλὸντες
244 2447 396 2485 ἀναθέματι,
424 2450 549 2480 ὡσαύτως
578 2452 622 2475 καὶ
642 2451 703 2480 τοὺς
721 2451 750 2475 τὸ
766 2450 870 2486 ὁμοιού-

98 2496 140 2514 σιθν
161 2493 199 2518 καὶ
221 2493 308 2529 ὅμοιον
338 2492 380 2520 ἐπὶ
400 2497 445 2520 τοῦ
469 2496 532 2520 Υίοῡ
548 2492 719 2527 δοξάζοντας,
739 2497 784 2520 καὶ
803 2495 869 2530 μετὰ

98 2535 133 2561 τὴν
160 2534 180 2561 ἐν
206 2538 300 2575 Νικαίᾳ
320 2536 441 2572 σύνοδον,
476 2537 599 2575 δευτέραν
637 2540 733 2568 ταύτην
773 2538 865 2569 εὐσεϐῆ

99 2582 276 2619 συστησάμενοι,
311 2582 375 2609 ἀλλά
406 2586 451 2609 καὶ
495 2586 605 2614 κανόνας
641 2583 772 2620 ἐπιθέμενοι
807 2592 851 2609 πε(

126 2676 157 2721 if)
172 2677 225 2720 Hac
236 2679 363 2721 fortasse
377 2680 534 2721 occasione
542 2682 569 2721 S_.
581 2681 740 2721 Gregorius
753 2683 865 2721 Nysse-

101 2717 144 2738 nus
156 2715 259 2752 scripsit
278 2715 346 2746 illos
362 2718 505 2747 adversus
517 2717 621 2747 Arium
640 2715 860 2747 Macedoniam-

927 2226 1024 2254 cuisse
1039 2225 1181 2259 dicentes,
1207 2223 1260 2251 etsi
1285 2220 1468 2249 contrarium
1494 2219 1524 2247 in
1545 2226 1601 2246 sua
1615 2217 1654 2246 ad
1671 2217 1752 2245 Libe-

926 2270 1003 2298 rium
1024 2268 1214 2297 confessione
1243 2266 1381 2299 dixerint,
1401 2264 1517 2292 dimissi
1543 2264 1623 2291 sunt.
1650 2261 1751 2290 Caeteri

926 2322 996 2342 vero
1011 2313 1142 2350 partium
1160 2312 1287 2340 aliarum
1309 2310 1530 2343 remanserunt,
1542 2310 1571 2336 et
1588 2309 1751 2344 postquam

924 2359 1118 2388 decreverunt
1135 2357 1276 2393 Spiritum
1289 2358 1426 2383 sanctum
1445 2353 1605 2382 Dominum
1630 2359 1695 2379 esse
1710 2350 1750 2378 vi-

925 2404 1096 2432 viﬁcantem
1108 2404 1135 2429 et
1149 2409 1184 2429 ex
1196 2403 1280 2429 Patre
1292 2399 1455 2436 procedere
1466 2401 1494 2426 et
1507 2405 1575 2425 cum
1585 2398 1668 2424 Patre
1679 2394 1752 2423 ado-

923 2448 984 2476 rari
999 2450 1027 2476 et
1042 2446 1202 2483 gloriﬁcari
1216 2448 1250 2474 ut
1268 2445 1298 2473 in
1318 2445 1420 2472 divino
1448 2441 1587 2479 symbolo
1607 2439 1751 2475 scriptum

923 2494 980 2527 est,
993 2482 1262 2526 Macedoniumque
1274 2497 1386 2526 eOSque
1399 2488 1451 2525 qui
1463 2488 1567 2516 Filium
1583 2482 1751 2513 substantia

923 2537 1052 2566 similem
1073 2537 1118 2565 vel
1134 2535 1308 2572 simpliciter
1323 2534 1450 2562 similem
1464 2531 1614 2560 docebant
1628 2527 1750 2556 anathe-

922 2585 1003 2611 mate
1022 2583 1246 2619 percusserunt,
1268 2586 1396 2616 eamque
1419 2576 1584 2606 secundam
1604 2573 1686 2610 piam
1702 2580 1751 2608 sy-

921 2688 980 2718 que
1001 2681 1250 2718 tractatus,_guos
1264 2684 1377 2718 ego_ex
1395 2675 1538 2718 va't'i'cano
1552 2672 1655 2703 codice
1668 2671 1750 2702 edidi

920 2711 951 2745 in
963 2715 1150 2745 Collectionis
1162 2711 1312 2744 V'aticanie
1325 2715 1407 2741 tomo
1420 2711 1491 2740 VlIl.
