1917 3073
137 81 168 108 3t

801 75 933 105 NICETE
953 72 1137 103 (ΞΗΟΝῙΑΤΑΞ

1799 78 1851 106 32

136 141 253 171 nodum
271 149 339 170 esse
362 142 432 178 post
450 139 602 169 Nicsenam
628 140 858 173 constituerunt,
875 145 966 166 cano-

1036 134 1155 174 ⁵ιαφόρων
1177 137 1402 168 ἔκκλησιαστικῶν
1432 138 1602 176 ζητημάτων,
1636 139 1845 167 ἐϐουλεύσαντο

135 193 251 223 nesque
259 186 297 214 de
303 185 429 213 diversis
440 184 649 213 ecclesiasticis
657 183 876 221 quaestionibus
884 189 965 210 com-

136 239 276 268 posuere,
290 230 538 258 deliberationem
553 229 735 263 habuerunt,
747 236 838 265 quem
849 227 879 256 in
895 226 966 255 sede

138 275 471 312 Constantinopolitana
489 276 662 302 statuerent.
685 274 850 310 Imperator
863 275 963 301 autem

138 321 190 359 qui
206 321 381 356 Gregorium
394 319 583 355 Theologum
591 319 792 347 admiratione
804 325 965 355 proseque-

138 367 239 398 batur,
254 365 312 393 hoc
327 365 507 402 episcopatu
518 373 585 392 eum
599 363 727 399 dignum
738 371 802 392 esse
813 362 962 391 decrevit;

139 412 360 439 consenserunt
378 409 469 445 hujus
483 408 594 445 synodi
611 408 756 445 plerique.
778 409 843 444 Ipse
864 408 964 435 autem

138 455 307 489 intelligens
319 453 483 482 nonnullos
490 453 636 482 obsistere
649 452 874 490 prmsertimque
880 453 967 488 Egy-

139 498 229 536 ptios,
257 498 411 534 aliquanto
437 500 507 534 post
530 497 689 526 recusavit.
722 497 849 525 Diodoro
876 496 966 530 igitur

139 547 222 578 teste,
234 543 385 572 Nectarius
396 542 557 578 Tarsensis,
569 542 706 570 nondum
724 541 905 578 baptizatus,
916 539 967 568 eli-

139 589 217 625 gitur
232 591 261 617 et
275 589 454 625 baptizatur,
466 587 703 624 baptismalique
716 587 815 615 adhuc
831 588 911 613 veste
924 585 967 613 in-

138 635 230 663 dutus
242 633 592 669 Constantinopolitanus
606 632 768 668 episcopus
781 631 948 659 ordinatur.

175 681 220 707 26.
241 679 310 706 Post
333 678 398 706 haec
422 680 523 706 autem
541 676 754 705 convenientes
772 675 925 704 Nectarius
938 676 967 703 et

140 723 190 752 alii
201 724 353 752 Nicmnam
368 722 459 751 ﬁdem
470 723 688 750 conﬁrmarunt
699 723 727 749 et
736 728 859 749 omnem
874 720 968 748 haere-

141 769 197 798 sim
208 769 556 801 excommunicaverunt,
577 764 834 802 decreveruntque
861 772 967 794 omnes

1022 183 1073 207 τίνι
1097 180 1152 208 δέοι
1178 185 1225 213 τὴν
1259 183 1403 214 ἐπισκοπὴν
1438 185 1739 216 Κωνσταντινουπόλεως
1774 185 1845 211 ἐπι-

1022 225 1127 262 τρέψαι.
1153 226 1182 254 ὀ
1207 226 1236 254 6“:
1259 227 1396 265 βασιλεὺς,
1427 229 1567 266 θαυμάζων
1599 231 1642 255 τὸν
1680 232 1843 267 Γρηγὸριον

1022 272 1065 297 τὸν
1092 271 1228 309 Θεολόγον,
1258 277 1306 305 τῆς
1332 273 1475 304 ἐπισκοπῆς
1494 273 1566 305 ἄξιον
1595 273 1735 310 ἐψηφίζετο
1765 275 1842 300 ταὺ-

1022 325 1079 347 της·
1101 319 1227 353 συνῄνουν
1251 316 1281 345 δί
1308 321 1352 345 καὶ
1375 320 1424 350 τὴς
1438 317 1551 345 συνόδου
1575 319 1601 345 οἰ
1615 318 1740 350 πλείονες.
1755 319 1838 345 Ἀλλ’

1023 360 1109 395 αὐτὸς,
1147 361 1298 399 αἰσθόμενός
1330 373 1402 394 τινας
1437 363 1577 400 ἀνταίρειν,
1622 366 1666 390 καὶ
1707 364 1841 399 μάλιστα

1022 406 1083 437 τοὺς
1134 405 1178 433 ἀπ’
1216 407 1363 443 Αἰγύπτου,
1400 411 1572 445 παρῃτήσατο
1613 409 1678 445 μετὰ
1720 411 1836 446 καιρόν*

1024 448 1155 488 Διοδώρου
1196 454 1282 478 τοίνυν
1309 456 1442 491 μαρτυρίᾳ
1474 454 1615 490 Νικτάριος
1649 453 1839 489 συγκλητικὸς

1024 495 1037 522 ὁ
1069 498 1185 534 Ταρσεὺς
1214 496 1332 533 ἀμύητος
1362 498 1395 523 ὢν
1410 497 1555 534 ψηφίζεται
1579 499 1623 524 καὶ
1649 502 1766 534 μυιῖται,
1784 500 1840 524 καὶ

1023 542 1070 570 τὴν
1098 543 1230 577 μυστικὴν
1256 543 1294 569 in
1317 542 1416 572 ἐσθῆτα
1438 543 1610 580 ἠμφιεσμένος
1636 546 1840 580 χειροτονεῖται

1025 586 1320 618 Κωνσταντινουπόλεως
1335 587 1484 618 ἐπίσκοπος.

1059 630 1111 663 κςί.
1140 633 1213 659 Μετὰ
1239 630 1268 659 δὲ
1291 636 1375 658 ταῦτα
1398 632 1561 664 συνελθόντες
1575 633 1720 670 Νεκτάριος
1734 634 1783 658 καὶ
1808 633 1839 659 οἱ

1024 675 1106 709 ἄλλοι,
1133 678 1179 705 τὴν
1213 676 1236 703 ἐν
1267 680 1366 713 Νικαίᾳ
1383 679 1473 703 πίστιν
1499 676 1644 715 ἐκύρωσαν,
1665 677 1711 703 καί
1737 680 1838 703 πᾶσαν

1024 721 1125 758 αἵρεσιν
1152 721 1324 759 ἀπεκήρυξαν,
1349 724 1395 748 καὶ
1420 720 1578 749 διοικεῖσθαι
1612 723 1658 752 τὰς
1686 725 1837 758 πανταχοῦ

1025 763 1146 798 διέταξαν
1170 766 1324 797 Ἐκκλησίας
1350 768 1418 793 κατὰ
1446 769 1504 797 τοὺς
1532 767 1613 793 πάλαι
1637 769 1757 799 κανόνας,
1782 768 1835 793 καὶ

142 814 283 842 ecclesias
298 813 558 842 administrandas
571 820 637 840 esse
649 812 736 847 juxta
750 813 863 838 veteres
876 817 965 838 cano-

1036 809 1084 841 ὀὐς
1111 810 1271 842 ἐπισκόπους
1299 810 1340 838 ἰπὶ
1373 815 1422 837 τῶν
1452 809 1526 838 ἰδίων
1547 813 1629 848 μένειν
1652 811 1833 845 Ἐκκλησιῶν,

142 866 206 892 nes,
221 859 249 886 et
262 858 423 894 episcopos
437 857 467 885 in
483 857 611 893 propriis
630 855 763 884 ecclesiis
780 863 902 884 manere
919 854 968 882 de-

141 903 230 932 bere:
251 911 350 939 neque
371 902 411 930 ad
438 904 575 930 externas
602 901 764 938 procedere
786 908 884 936 neque
906 907 969 928 non

141 950 264 976 vocatos
284 955 315 974 se
337 947 503 983 peregrinis
528 946 770 975 ordinationibus
791 945 921 981 injicere,
936 946 969 972 ut

141 992 224 1029 prius
252 991 355 1023 ﬁebat,
376 994 406 1019 et
429 991 539 1028 saepius
569 990 736 1024 accidebat,
760 990 839 1018 male
864 989 968 1017 habita

141 1036 289 1065 catholica
304 1035 437 1064 Ecclesia
447 1044 454 1069 ;
464 1044 501 1064 ea
510 1037 612 1064 autem
623 1043 690 1072 quae
702 1035 872 1063 acciderent
885 1033 968 1070 apud

142 1081 382 1117 uniuscujusque
392 1081 523 1109 nationis
538 1080 701 1109 concilium
716 1078 966 1112 administranda,

142 1128 175 1154 ut
200 1125 312 1162 optime
332 1125 397 1154 ﬁeri
425 1128 538 1162 posset.
563 1126 633 1154 Post
653 1127 754 1154 Romae
778 1124 965 1161 episcopum,

142 1169 365 1207 prasidentiam
376 1169 488 1205 habere
495 1169 769 1206 Constantinopolis
778 1170 965 1206 episcopum,

143 1215 257 1251 quippe
273 1214 324 1251 qui
335 1222 423 1243 nova;
437 1210 539 1244 Romae
551 1215 694 1243 thronum
710 1216 881 1251 occuparet.
897 1213 972 1241 Con-

145 1259 401 1296 ﬁrmaveruntque
411 1267 534 1288 rursum
549 1261 698 1288 Nicaenam
713 1259 815 1292 ﬁdem,
833 1260 861 1286 et
884 1256 974 1294 patri-

149 1304 257 1332 archas
278 1305 495 1333 constituerunt
508 1304 719 1333 distribuentes
739 1303 918 1341 provincias,
934 1302 976 1330 ita

151 1351 184 1376 ut
212 1348 371 1385 episcopos
401 1349 479 1377 ultra
505 1358 593 1377 suam
608 1349 762 1377 dioecesim
778 1348 818 1377 ad
837 1351 975 1376 externas

152 1392 295 1422 ecclesias
310 1401 372 1422 non
387 1394 572 1422 accederent.
591 1395 715 1422 Sortitur
729 1401 798 1422 vero
813 1393 976 1429 imperato-

152 1438 228 1466 riam
244 1438 351 1466 urbem
366 1441 394 1467 et
418 1439 575 1467 Thraciam
597 1437 768 1471 Nectarius;
794 1437 976 1475 patriarcha-

153 1485 217 1511 tum
232 1486 335 1512 autem
344 1482 474 1512 Pontica:
485 1484 647 1512 diceceseOs
661 1483 813 1511 Helladius
823 1483 976 1517 Caesareae,

153 1529 182 1555 et
196 1528 354 1562 Gregorius
364 1529 477 1564 Nyssee,
490 1531 518 1556 et
529 1528 643 1556 Otreius
653 1527 803 1561 Melitenae,
816 1527 977 1556 Asiaticam

153 1572 318 1600 sortiuntur
329 1573 556 1609 Amphilochius
571 1572 662 1600 lconii
675 1575 703 1601 et
723 1573 859 1609 Optimus
879 1572 977 1600 Antio-

154 1616 229 1644 chiae
255 1617 287 1645 in
306 1617 426 1651 Pisidia,
450 1617 569 1654 Egypti
588 1625 659 1646 vero
673 1617 812 1653 regiones
824 1616 978 1646 Timotheo

154 1660 342 1689 Alexandriae
359 1661 530 1690 commissae
556 1663 634 1689 sunt.
663 1662 858 1690 Orientalium
878 1662 979 1689 autem

154 1705 349 1734 ecclesiarum
378 1705 668 1734 administrationem
683 1706 801 1741 Pelagio
815 1706 979 1739 Laodiceae,

155 1754 184 1779 et
200 1751 327 1779 Diodoro
342 1751 424 1779 Tarsi
448 1751 610 1786 tradidere,
628 1751 711 1780 salva
728 1752 921 1780 Antiochense
937 1758 982 1778 ec-

155 1795 255 1824 clesiae
273 1795 428 1830 dignitate,
443 1803 538 1832 quam
561 1795 682 1832 Meletio,
697 1796 749 1832 qui
763 1796 878 1829 aderat,
892 1794 983 1823 dede.

156 1847 198 1868 re.
214 1840 352 1868 Deﬁnivit
367 1842 467 1869 autem
488 1841 625 1876 synodus
639 1841 799 1877 provinciae
815 1840 943 1877 synodo,
957 1836 983 1865 si

157 1892 234 1921 opus
250 1887 339 1919 esset,
354 1893 390 1913 ea
409 1893 477 1922 qute
490 1893 544 1921 per
564 1885 698 1921 singulas
714 1885 885 1922 provincias
910 1891 982 1913 con-

159 1929 315 1964 tingerent,
329 1930 463 1958 curanda
476 1938 551 1958 esse.
564 1930 700 1958 Examini
710 1938 832 1967 quoque
846 1929 983 1965 subjecta

157 1976 227 2002 sunt
240 1982 309 2010 quae
325 1974 364 2002 ad
377 1974 539 2003 Maximum
555 1974 742 2011 spectabant,
753 1983 844 2011 quem
858 1974 982 2002 Alexan-

158 2018 279 2047 drinum
296 2027 415 2054 genere,
429 2020 631 2056 cynicumque
650 2020 765 2048 ratione
781 2019 900 2047 vivendi
913 2019 979 2056 phi-

157 2063 332 2100 losophum,
344 2065 499 2093 ardentem
510 2072 582 2093 vero
593 2065 717 2093 Nicanae
728 2065 871 2093 doctrinae
884 2065 981 2093 fauto-

158 2115 222 2136 rem
238 2108 316 2136 clam
331 2108 459 2145 Egyptii
478 2111 542 2136 tum
566 2109 740 2144 congregati
757 2109 980 2142 ordinaverant,

1024 857 1069 880 καὶ
1092 857 1128 891 μὴ
1163 859 1221 886 ταῖς
1240 856 1385 893 ὑπερορίοις
1408 855 1566 893 προϐαίνειν,
1600 858 1667 892 μήτι
1696 855 1837 886 ἀκλήτους

1024 901 1198 937 χειροτονίαις
1235 899 1383 937 ἀλλοτρίαις
1420 900 1525 931 ἑαυτοὺς
1563 900 1715 935 ἐπιϐάλλειν,
1758 901 1836 927 καθὰ

1024 946 1157 982 πρότερον,
1186 945 1217 975 ὡς
1243 945 1322 981 ἔτυχε
1353 944 1477 976 πολλάκις
1509 947 1554 971 καὶ
1587 944 1692 980 συνέϐη,
1727 943 1834 971 διωκο-

1024 990 1104 1025 μένης
1127 993 1172 1019 τῆς
1196 989 1308 1015 καθόλου
1329 989 1494 1020 Ἐκκλησίας·
1514 990 1548 1016 τὰ
1573 988 1603 1016 δὲ
1625 989 1687 1026 παρ’
1713 989 1834 1018 ἑκάστην

1026 1032 1204 1069 συμϐαίνοντα
1226 1035 1273 1063 τὴν
1298 1036 1344 1060 τοῦ
1364 1034 1451 1065 ἔθνους
1478 1032 1599 1069 σύνοδον,
1629 1034 1661 1064 ὡς
1680 1033 1711 1060 ἂν
1730 1035 1836 1071 ἄριστα

1025 1080 1127 1114 φανείη,
1166 1076 1285 1104 διοικεῖν·
1328 1079 1395 1114 μετὰ
1427 1076 1457 1105 δὲ
1483 1080 1526 1105 τὸν
1554 1077 1665 1115 Ῥώμης,
1688 1080 1731 1105 τόν
1760 1082 1836 1105 Κων-

1027 1122 1260 1155 στᾱντινουπόλέως
1298 1123 1439 1150 ἐπίσκοπον
1466 1125 1499 1150 τὰ
1526 1123 1651 1162 πρεσϐεῖα
1683 1124 1765 1160 ἔχειν,
1799 1125 1835 1154 ὡς

1777 1169 1834 1196 ἐϐε-

1027 1213 1144 1240 ϐαίωσαν
1175 1223 1201 1239 τι
1229 1211 1303 1244 αὖθις
1329 1215 1376 1242 τὴν
1405 1213 1430 1240 ἐν
1463 1216 1563 1249 Νικαίᾳ
1581 1216 1681 1246 πίστιν,
1702 1216 1748 1240 καὶ
1777 1224 1834 1240 πα-

1025 1170 1069 1195 τὸν
1093 1169 1180 1205 θρόνον
1213 1168 1420 1195 ἑπισκοπεύοντα
1452 1173 1496 1199 τῆς
1532 1171 1589 1200 νέας
1621 1169 1732 1206 Ῥώμης·

1027 1259 1158 1296 τριάρχας
1184 1260 1350 1288 κατέστησαν
1385 1257 1581 1295 διανειμάμενοι
1614 1260 1661 1290 τὰς
1690 1259 1833 1295 ἐπαρχίας·

1029 1304 1094 1330 ὦστι
1122 1305 1183 1334 τοὺς
1214 1304 1277 1340 ὑπὲρ
1307 1301 1440 1333 διοίκησιν
1467 1303 1623 1334 ἐπισκόπους
1655 1307 1711 1334 ταῖς
1735 1304 1833 1341 ὑπερο-

1028 1350 1095 1385 ρίοις
1129 1348 1296 1379 Ἐκκλησίαις
1328 1350 1364 1384 μὴ
1393 1347 1550 1385 προϐαίνειν.
1569 1347 1716 1386 Κληροῦται
1736 1347 1765 1375 δὲ
1783 1351 1832 1378 τὴν

1029 1394 1074 1430 μὲν
1101 1390 1232 1429 βασιλίδα
1251 1393 1325 1419 πολιν
1351 1395 1396 1419 καὶ
1421 1395 1468 1422 τὴν
1484 1394 1590 1430 Θρᾴκην
1611 1394 1763 1430 Νικτάριος·
1783 1395 1832 1423 τήν

1030 1436 1061 1464 δὲ
1088 1441 1136 1469 τῆς
1160 1441 1286 1469 Ποντικῆς
1312 1435 1466 1469 διοικήσεως
1489 1440 1668 1475 πατριαρχίαν
1696 1436 1831 1470 Ἐλλάδιος

997 1482 1044 1523 Cé
1067 1485 1235 1520 Καισαρείας,
1260 1485 1305 1509 καὶ
1320 1485 1462 1520 Γρηγόριος
1481 1484 1494 1509 6
1518 1484 1637 1518 Νύσσης,
1652 1485 1698 1509 καὶ
1711 1483 1831 1519 Ὀτρὴῐος

1030 1527 1043 1552 6
1074 1526 1228 1558 Μιλιτηνῆς*
1256 1529 1302 1557 τὴν
1329 1527 1453 1556 Ἀσιανὴν
1473 1525 1503 1553 δὲ
1530 1526 1710 1563 λαγχάνουσιν
1738 1526 1831 1563 Ἀμφι-

1029 1571 1122 1607 λόγιος
1153 1572 1166 1597 ὁ
1192 1572 1311 1605 Ἰκονίου,
1339 1571 1384 1598 καὶ
1408 1571 1539 1608 ’Ὀπτιμος
1568 1572 1581 1597 6
1601 1571 1765 1607 ’Δντιοχείας
1783 1575 1831 1603 τῆς

1030 1616 1098 1642 κατὰ
1131 1614 1266 1642 Πισιδίαν·
1295 1617 1328 1642 τὰ
1361 1614 1390 1642 δὲ
1410 1617 1478 1642 κατὰ
1498 1618 1545 1645 τὴν
1564 1617 1696 1651 Αἴγυπτον
1716 1617 1829 1653 Γιμοθίῳ

1031 1665 1067 1696 τῷ
1092 1659 1300 1697 Ἀλεξανδρείας,
1328 1661 1521 1697 προσενεμήθη·
1550 1665 1600 1687 τῶν
1629 1659 1659 1687 δὲ
1691 1662 1759 1697 κατά
1783 1663 1829 1691 τὴν

1031 1704 1158 1734 ἀνατολὴν
1188 1704 1350 1734 Ἐκκλησιῶν
1377 1703 1511 1734 διοίκησιν
1540 1704 1680 1743 ἐπέτρεψαν
1716 1705 1830 1742 Πελαγίῳ

1031 1754 1068 1786 τῷ
1096 1747 1265 1782 Λαοδικείας,
1295 1751 1340 1776 καὶ
1359 1747 1481 1787 Διοδώρῳ
1500 1753 1535 1785 τῷ
1559 1753 1675 1786 Ταρσοῦ,
1707 1749 1830 1786 φυλάξαν-

1033 1805 1074 1826 re;
1110 1796 1143 1820 τὰ
1174 1794 1300 1831 πρεσϐεῖα
1331 1798 1379 1826 τῆς
1410 1795 1564 1826 Έκκλησίοις
1587 1799 1636 1821 τῶν
1662 1795 1827 1831 ’Δντιοχέων,

1034 1839 1099 1876 οἷπερ
1122 1838 1216 1865 ἔδοσαν
1235 1843 1271 1875 τῷ
1295 1839 1409 1876 Μελιτίῳ
1430 1842 1549 1877 παρόντι.
1567 1839 1662 1877 Ὠρισε
1692 1838 1721 1866 δὲ
1753 1840 1827 1875 ὥστε,

1035 1885 1056 1911 εἰ
1075 1886 1156 1922 χρεία
1187 1884 1301 1918 καλέσοι,
1335 1885 1369 1910 τὰ
1395 1884 1453 1910 καθ’
1478 1884 1589 1913 ἑκάστην
1618 1883 1748 1922 ἕπαρχίαν
1783 1886 1827 1914 τὴν

1034 1933 1081 1960 τῆς
1104 1929 1236 1966 ἐπαρχίας
1263 1927 1372 1955 σύνοδον
1399 1927 1519 1957 διοικεῖν.
1542 1929 1672 1961 Ἐζητήθη
1694 1927 1723 1955 δὴ
1742 1930 1829 1956 καὶτὰ

1034 1975 1102 2000 κατά
1129 1973 1259 2010 Μάξιμον,
1282 1973 1309 2000 ὃν
1326 1972 1498 2011 Ἀλεξανδρέα
1521 1975 1550 2000 τὸ
1569 1976 1640 2010 γένος
1663 1974 1734 2006 ὄντα,
1756 1984 1827 2000 κυνι-

1033 2029 1080 2054 Ξον
1104 2028 1131 2046 τε
1151 2018 1288 2055 φιλόσοφον
1314 2020 1344 2044 τὸ
1369 2016 1543 2054 ἐπιτήδευμα,
1566 2016 1710 2045 σπουδαῖον
1731 2017 1760 2045 δὲ
1773 2021 1828 2057 περὶ

1034 2065 1063 2089 τὸ
1091 2060 1179 2099 δόγμα
1206 2067 1254 2094 τῆς
1282 2063 1306 2089 ἐν
1334 2065 1432 2099 Νικαίᾳ
1462 2061 1585 2096 συνόδου,
1619 2062 1755 2097 κ)έψαντις
1784 2065 1828 2092 τὴν

1034 2110 1199 2145 χειροτονίαν
1236 2108 1261 2134 οί
1296 2110 1354 2134 τότε
1396 2108 1422 2139 ἐξ
1458 2107 1590 2144 Αἰγύπτου
1624 2106 1825 2140 συνεληλυθότες,

160 2152 396 2188 episcopumque
435 2153 708 2189 Constantinopolis
743 2153 957 2182 constituerant

1036 2152 1176 2179 ἐπίσκοπον
1193 2152 1485 2183 Κωνσταντινουπολεως
1496 2154 1673 2186 κατέστησαν,
1684 2153 1721 2178 ἔτι
1737 2155 1827 2189 Γρηγο-

161 2197 302 2231 Gregorio
315 2196 465 2232 Theologo
479 2197 558 2225 hanc
574 2198 677 2226 sedem
693 2198 792 2226 adhuc
803 2200 932 2226 tenente.
949 2197 983 2225 Et

161 2239 315 2269 decretum
335 2242 379 2269 est
397 2248 557 2278 nunquam
577 2242 662 2270 illum
681 2242 775 2270 fuisse
794 2242 980 2278 episcopum,

161 2293 259 2321 neque
272 2293 336 2313 esse
347 2305 353 2316 ,
363 2293 462 2322 neque
478 2286 600 2315 clericos
615 2287 655 2315 ab
666 2287 732 2324 ipso
747 2287 913 2322 ordinatos,
931 2287 984 2315 sed

161 2337 284 2358 manere
296 2329 378 2359 irrita
392 2338 460 2367 quae
475 2331 513 2359 de
526 2331 576 2360 illo
589 2332 666 2361 etab
681 2331 731 2361 illo
744 2332 824 2361 facta.
837 2333 965 2362 fuerant.

1035 2199 1094 2235 ρίου
1115 2201 1160 2224 τοῦ
1184 2197 1312 2233 Θεολόγου
1333 2199 1377 2224 τὸν
1398 2197 1485 2233 θρόνον
1507 2201 1598 2223 τοῦτον
1624 2194 1766 2227 διέποντος
1786 2198 1826 2222 καὶ

1036 2243 1138 2289 piamen
1163 2245 1229 2279 μήτε
1251 2243 1405 2278 γεγενῆσθαι
1424 2245 1514 2268 τοῦτον
1530 2244 1592 2278 μήτε
1613 2242 1677 2267 εἶναι
1692 2241 1825 2267 ἐπισκοπον

1037 2285 1103 2324 μήτε
1117 2287 1258 2324 κληρικοὺς
1271 2288 1331 2317 τοὺς
1347 2286 1408 2324 παρ’
1424 2286 1505 2313 αὐτού
1516 2287 1752 2323 χειροτονηθέντας,
1767 2285 1826 2312 ἀλλὰ

1037 2334 1119 2369 μένειν
1130 2333 1215 2369 ἄκυρα
1234 2333 1266 2358 τὰ
1281 2331 1320 2358 ἐπ’
1336 2331 1406 2368 αὐτῷ
1421 2333 1466 2358 καὶ
1483 2331 1544 2368 παρ’
1560 2331 1640 2358 αὐτοῦ
1655 2333 1824 2368 πιπραγμένα.
