1917 3073
61 89 88 117 33
731 87 904 116 THESAURI
931 87 997 116 LIB.
1020 89 1078 116 Vlll
1083 109 1090 116 .
1717 94 1752 122 3g

62 151 1744 165 ———_—__—_—__—_______

397 282 801 358 NIGETXE
875 282 1430 360 CHONIATAE

679 431 773 479 EX
804 430 995 479 LIBRO
1029 431 1148 478 VIII

335 545 703 603 THESAURI
768 547 1232 602 ORTHODOX/E
1294 549 1488 603 FIDEI

351 740 418 776 Περὶ
429 741 585 776 Νεστορίου.

87 801 117 830 α’.
132 803 286 839 Νεστόριος
302 802 421 839 ὥρμητο
432 803 478 838 μεν
500 801 525 828 ἄν
541 803 718 839 Γερμανικέων
738 801 874 837 πολίχνης,

58 846 97 872 6'51
114 844 175 873 οἶδα
194 850 340 877 ποταποῖς
363 848 394 872 τὸ
422 846 448 878 ἐξ
463 846 549 884 ἀρχῆς
568 846 771 884 ἐκτεθραμμένος
786 846 875 875 imm-

60 889 188 927 δώμασιν,
208 891 298 920 ἄλλην
322 889 356 918 δε
375 891 402 922 ἐξ
417 891 497 923 ἄλλης
511 891 623 928 ἀμείϐων
638 894 740 928 χώραν,
756 892 872 927 καθάπερ

62 938 215 971 “Turnus:
240 945 287 968 τις
314 935 431 972 μάστιξ,
453 936 483 972 τῇ
512 937 612 973 μεγάλῃ
639 941 688 963 τῶν
717 936 873 972 Ἀντιοχέων

60 979 174 1016 ἐνέσκηψε
203 980 298 1008 πόλει.
327 980 376 1008 Ἐν
399 982 481 1017 ταύτῃ
502 981 585 1016 λόγων
601 980 747 1018 ἐλευθερίων
762 982 873 1017 μετρίως

61 1027 233 1060 μετεσχηκώς,
268 1027 366 1061 φωνήν
395 1034 422 1051 τε
441 1026 478 1051 ὅτι
504 1024 646 1055 καλλίστην
672 1028 717 1051 καὶ
744 1027 872 1061 μεγίστην

61 1068 181 1104 iniam,
255 1068 414 1106 Ἐκκλησία
431 1073 477 1096 τοῦ
504 1074 571 1096 Θιοῡ
588 1074 704 1108 προσιῶν
719 1070 870 1107 εἰσεφθάρη,

62 1116 99 1140 uti
112 1118 146 1149 τῷ
159 1114 306 1150 καταλόγῳ
323 1117 379 1140 τῶν
391 1113 573 1152 πρεσϐυτέρων
587 1114 734 1152 ἐναρίθμιος
748 1117 870 1150 γεγονὼς,

61 1160 98 1184 τόν
112 1168 139 1185 τε
157 1162 205 1185 τοῦ
220 1162 296 1185 Θεοῦ
313 1158 382 1185 λαιόν
398 1156 536 1185 διδάσκειν
550 1160 761 1195 πεπιστευμένος,
777 1157 871 1190 ἔδειξεν

63 1202 129 1233 εὐθὺς
143 1202 166 1229 ἰν
180 1205 345 1240 προοιμίοις
357 1203 409 1233 οἷος
418 1202 490 1240 παρὰ
499 1204 585 1230 πάντα
594 1204 638 1230 τὸν
649 1202 708 1240 βίον
722 1205 870 1239 γενήσεται·

62 1247 86 1272 οὐ
99 1250 145 1283 γὰρ
158 1250 203 1273 τὸν
220 1247 320 1284 εὐγενῆ
339 1249 394 1274 λκαὶ
414 1249 531 1283 γόνιμον,
553 1250 599 1273 καὶ
613 1251 765 1285 γεωργῆσαι
779 1247 872 1283 ψυχὰς

65 1291 193 1329 ἀνθρώπων
213 1290 373 1328 δυνάμενον
397 1290 512 1322 ἐζήλωσε
532 1296 694 1329 χαρακτῆρα
712 1296 763 1318 τῶν
777 1292 870 1328 λόγων,

68 1336 123 1362 αλλὰ
134 1339 198 1373 πρὸς
213 1338 245 1363 τὸ
265 1335 438 1374 δημοτερπὲς
457 1335 606 1370 ἀποκλίνας,
627 1339 672 1363 καὶ
688 1340 738 1363 τῶν
759 1336 794 1368 εἰς
810 1336 874 1373 ἀέρα

65 1381 181 1417 impium
193 1384 303 1418 κρότων
321 1382 453 1419 θηρευτὴς
469 1381 490 1408 ιί
499 1384 545 1408 καὶ
556 1392 595 1413 τις
604 1381 680 1413 ἄλλος
692 1384 832 1418 γινόμενος,
843 1383 872 1407 τὸ

68 1425 218 1463 capys-ranis;
238 1426 289 1453 καὶ
320 1425 492 1463 ἀστάθμητον
506 1426 604 1458 πλῆθος
625 1428 689 1463 πρὸς
713 1428 756 1453 τὸν
779 1426 873 1453 οἰκεῖον

68 1471 224 1502 ἐξεκαλέσατο
261 1472 365 1506 πόθον,
401 1473 475 1507 φαιὸν
518 1471 731 1509 περιϐεϐλημένος
759 1472 873 1507 ἱμάτιον,

70 1514 221 1552 ἓττνγνακὼς
232 1515 378 1553 βαδίζων,
387 1518 448 1547 τοὺς
458 1515 596 1553 ἀγοραίους
604 1516 725 1542 ἐκκλίνων
737 1516 873 1553 θορύϐους,

71 1560 197 1597 ὠχρότητι
214 1564 349 1598 σώματος
368 1562 398 1586 τὸ
413 1559 499 1587 δοκεῖν
518 1560 693 1598 έγκροιτευτὴς
707 1561 771 1587 εἶναι
792 1562 876 1599 θηρώ-

71 1614 145 1641 μενος,
165 1607 234 1632 οἶκοι
261 1607 300 1632 τὰ
320 1605 405 1635 πολλᾷ
424 1604 537 1641 βιϐλίοις
550 1607 732 1642 προσανέχων,
753 1607 798 1632 καὶ
816 1606 875 1632 καθ’

72 1650 182 1686 inlini
213 1651 304 1686 ἑαυτῷ
334 1651 526 1686 συγγινόμενος,
549 1651 677 1682 τοιούτοις
694 1653 817 1687 σχήμασι
831 1652 876 1677 καὶ

73 1693 203 1731 πλάσμασι
242 1697 310 1726 τοὺς
343 1694 454 1726 πολλοὺς
495 1693 634 1728 δελεάζων,
672 1697 753 1732 μέχρι
789 1694 877 1732 πόῤῥω

73 1740 176 1775 προῆλθε
200 1744 255 1772 τῆς
280 1740 404 1775 ἡλικίας,
433 1741 462 1766 τὸ
478 1738 564 1767 δοκεῖν
577 1741 735 1777 Χριστιᾰνός
747 1739 812 1766 εἶναι
827 1741 877 1778 πρὸ

75 1788 114 1810 τοῦ
125 1788 187 1811 ιῐναι
197 1783 322 1821 διώκων,
334 1786 436 1816 καὶτῆς
448 1788 493 1812 τοῦ
506 1788 625 1823 Χριστοῦ
637 1783 717 1816 δόξης
725 1786 772 1814 τὴν
786 1785 878 1811 ἑαυτοῦ

75 1834 210 1866 προτιμῶν.

107 1890 138 1927 β.
152 1891 223 1918 Ἐπεὶ
248 1890 281 1918 δὴ
297 1892 370 1918 κατὰ
394 1892 424 1918 τὸ
451 1891 584 1929 εἰρημένον
604 1895 641 1928 τῷ
657 1893 786 1929 Δεσπότῃ,
803 1889 879 1919 οὐδὲν

77 1937 179 1971 κρυπτὸν
201 1935 215 1962 ὂ
237 1935 270 1962 οὐ
286 1936 484 1972 γνωσθήσεται,
508 1934 571 1962 οὐδὲ
595 1937 744 1973 ἀπόκρυφον
770 1936 783 1962 ὃ
797 1936 827 1962 οὐ
841 1938 878 1973 μὴ

80 1979 110 2009 εἰς
133 1983 240 2018 φανερὸν
265 1981 345 2017 ἔλθῃ,
364 1982 410 2006 καὶ
437 1981 470 2006 τὰ
501 1980 569 2006 καλὰ
592 1982 654 2017 ἔργα
675 1979 797 2018 πρόδηλοί
812 1980 879 2016 ἐστι,

79 2026 118 2050 καὶ
148 2027 181 2051 τὰ
217 2025 304 2056 ἄλλως
337 2027 434 2061 ἔχοντα
455 2024 583 2061 κρυϐῆναι
609 2025 639 2051 οὐ
671 2024 791 2059 δύναται,
813 2027 881 2052 κατά

80 2071 119 2098 τήν
135 2068 340 2107 ἆνιξιχνίαστον
365 2074 416 2096 τῶν
433 2073 479 2096 τοῦ
504 2073 568 2097 Θιοῡ
595 2080 728 2108 κριματων
751 2070 879 2107 ἄϐυσσον,

81 2117 121 2140 ut
145 2118 293 2153 Νιστόριος
323 2115 404 2151 ψήφῳ
426 2119 476 2141 τῶν
498 2116 605 2152 περὶτὰ
627 2114 751 2152 βασίλεια
762 2118 808 2142 καὶ
821 2118 881 2147 τοὺς

84 2159 190 2196 θρόνους,
225 2163 274 2186 καὶ
308 2160 390 2187 αὐτοῦ
417 2164 563 2189 τηνικαῦτα
588 2164 636 2192 τῆς
667 2160 818 2198 οἰκουμένης
849 2161 882 2187 τὰ

85 2208 197 2242 σκῆπτρα
243 2204 391 2238 διέποντος,
435 2209 481 2236 τῆς
510 2206 578 2232 κατὰ
611 2205 882 2232 Κωνσταντινούπολιν

84 2253 127 2275 τῶν
154 2248 304 2288 ὀρθοδόξων
333 2249 476 2281 καθολικῆς
507 2250 662 2282 Ἐκκλησίας
690 2253 737 2280 τὴν
765 2260 882 2288 προστα-

88 2296 139 2320 σίαν
164 2297 329 2328 πιστεύεται,
357 2293 432 2322 ουὸἓν
456 2293 486 2321 δε
512 2295 589 2331 ἦττον
604 2297 650 2322 καὶ
669 2299 715 2332 τῇς
730 2295 882 2332 οἰκουμένης

88 2338 193 2371 ἁπάσης.
225 2340 272 2371 Ὠς
301 2338 332 2366 δὲ
361 2341 404 2366 τὸν
449 2341 575 2376 μέγιστον
621 2339 715 2367 ἐκεῖνον
758 2340 883 2367 κατέλαϐε

91 2384 178 2420 θρόνον,
199 2385 320 2421 καθάπερ
345 2386 403 2411 τινὰ
427 2383 572 2422 τυραννίδα
603 2389 650 2416 τῆς
682 2384 884 2422 ἀρχιερωσύνης

89 2430 129 2457 τήν
143 2432 307 2466 προστασίαν
322 2428 454 2467 ἁρπάσας,
470 2429 557 2456 οὐκέτι
568 2431 689 2466 κατέχειν
705 2431 729 2456 ἐν
740 2429 821 2466 ἐαυτῷ
835 2431 884 2459 τὴν

92 2471 164 2500 animi
175 2479 221 2506 τῆς
242 2473 367 2505 ἆσιϐεὲας
392 2473 444 2504 οἶός
462 2474 487 2500 τ’
504 2472 544 2508 ἦν,
561 2473 615 2500 ἀλλ’
635 2473 686 2500 ἀπὸ
701 2478 749 2506 τῆς
763 2474 884 2507 ἔξουσίας

91 2518 233 2554 προσλαϐὼν
247 2518 337 2556 ἀμαθῆ
354 2518 517 2556 παρρησίαν,
532 2519 569 2550 εἰς
578 2520 656 2556 μέσον
667 2520 725 2556 οἶγει
740 2522 785 2546 καὶ
795 2521 885 2557 προτί-

94 2563 160 2591 Θεσιν
173 2564 282 2598 ἅπασιν,
300 2563 331 2593 ἣν
350 2563 430 2590 πάλαι
450 2562 572 2590 συνέλαϐε
586 2565 654 2591 κατὰ
665 2568 711 2590 τοῦ
726 2568 885 2600 Μονογενοῦς

1244 739 1286 767 De
1298 739 1444 767 Nestorio.

967 802 992 827 t.
1012 799 1166 828 Nestorius
1185 802 1267 828 ortus
1287 803 1350 829 erat
1375 809 1411 829 ex
1436 801 1602 830 Germaniae
1627 802 1752 840 oppido,

929 844 1030 873 nescio
1045 845 1156 881 quibus
1178 845 1218 873 ab
1246 845 1330 874 initio
1356 846 1523 882 disciplinis
1551 847 1702 882 eruditus;
1717 848 1754 876 de

927 888 994 918 loco
1006 891 1106 917 autem
1118 890 1148 917 in
1160 889 1261 918 locum
1276 890 1419 925 migrans,
1438 894 1583 927 tanquam
1598 891 1755 927 quoddam

926 933 1136 970 Egyptiacum
1152 933 1316 969 ﬂagellum,
1340 934 1371 962 in
1395 943 1540 970 magnam
1557 937 1757 965 Antiocheno—

926 985 994 1006 rum
1004 977 1112 1006 urbem
1126 978 1219 1006 irruit.
1231 978 1273 1006 lbi
1288 979 1478 1007 mediocriter
1487 979 1637 1008 bonarum
1646 981 1755 1010 artium

926 1022 1078 1059 particeps
1107 1022 1239 1057 effectus,
1262 1030 1431 1060 vocemque
1456 1023 1690 1060 pulcherrimam
1718 1033 1755 1053 ac

926 1066 1074 1103 optimam
1095 1066 1235 1095 exercitio
1258 1066 1397 1103 adeptus,
1413 1068 1443 1096 in
1464 1068 1516 1096 Dei
1539 1069 1700 1097 Ecclesium
1715 1069 1754 1098 ir-

925 1111 1018 1147 repsit
1035 1113 1065 1139 et
1083 1111 1222 1147 catalogo
1240 1111 1486 1148 presbyterorum
1499 1112 1680 1150 adscriptus,
1692 1114 1757 1142 Dei-

926 1162 987 1192 que
999 1155 1149 1192 populum
1170 1156 1299 1184 docendi
1318 1164 1424 1185 curam
1446 1157 1585 1192 sortitus,
1608 1158 1648 1186 ab
1670 1158 1754 1188 initio

927 1200 1063 1228 exhibuit
1086 1200 1185 1236 qualis
1208 1208 1262 1237 per
1288 1203 1383 1229 totam
1408 1201 1503 1230 vitam
1531 1201 1649 1230 futurus
1663 1205 1752 1232 esset.

928 1243 993 1272 Non
1006 1244 1087 1272 enim
1101 1244 1293 1280 ingeniosum
1309 1248 1336 1273 et
1351 1245 1484 1274 nobilem
1501 1248 1529 1274 et
1544 1247 1652 1275 animis
1667 1255 1753 1276 exco-

928 1288 1025 1317 lendis
1040 1292 1147 1325 aptum
1166 1292 1296 1318 sectatus
1312 1292 1356 1318 est
1374 1291 1544 1319 orationum
1559 1294 1753 1326 caraclerem,

928 1333 982 1362 sed
995 1333 1035 1362 ad
1049 1334 1152 1370 populi
1163 1333 1368 1363 adulationem
1384 1335 1525 1371 proclivis
1534 1335 1757 1372 plausuumque

890 1373 911 1400 Β
926 1377 958 1405 in
978 1385 1079 1406 aerem
1103 1378 1320 1414 dissipatorum
1343 1381 1376 1407 ut
1398 1380 1450 1416 qui
1469 1380 1602 1408 maxime
1630 1383 1757 1416 amator,

927 1422 1016 1450 vilem
1030 1425 1059 1451 et
1069 1422 1240 1451 instabilem
1259 1423 1448 1459 plebeculam
1464 1432 1520 1452 suo
1539 1425 1687 1453 desiderio
1699 1424 1759 1454 im-

928 1466 1052 1500 buebat,
1065 1466 1153 1495 fusco
1168 1467 1294 1495 indutus
1310 1467 1413 1504 pallio,
1427 1468 1518 1497 tristis
1533 1469 1688 1501 incedens,
1704 1469 1761 1498 fori

929 1511 1091 1542 tumultum
1104 1513 1232 1547 evitans,
1248 1513 1383 1549 corporis
1401 1513 1518 1549 pallore
1536 1515 1709 1550 temperans
1722 1515 1763 1543 vi-

930 1556 995 1586 deri
1008 1556 1143 1593 cupiens,
1168 1557 1250 1585 domi
1271 1557 1451 1594 plerumque
1473 1558 1557 1586 libris
1581 1559 1761 1587 incumbens

931 1603 959 1630 et
970 1609 1024 1638 per
1037 1601 1133 1630 otium
1145 1609 1247 1629 secum
1263 1609 1459 1634 conversans,
1477 1602 1525 1630 tali
1541 1602 1647 1636 habitu
1663 1606 1691 1632 et
1703 1604 1761 1632 for-

931 1655 983 1675 ma
1008 1645 1234 1675 multitudinem
1258 1649 1396 1683 captans,
1423 1647 1463 1675 ad
1489 1647 1615 1676 multam
1642 1650 1761 1677 aetatem

931 1690 1091 1727 processit,
1116 1689 1300 1719 Christianus
1328 1690 1423 1719 videri
1444 1691 1543 1727 potius
1569 1700 1663 1729 quam
1695 1699 1762 1720 esse

932 1737 1107 1773 peroptans,
1119 1737 1148 1764 et
1160 1734 1267 1764 Christi
1280 1734 1382 1771 gloria
1398 1735 1554 1773 propriam
1568 1736 1695 1773 gloriam
1706 1744 1760 1766 an-

934 1782 1089 1817 teponens.

970 1897 998 1925 2.
1019 1897 1092 1924 Cum
1107 1897 1219 1930 autem,
1241 1898 1274 1924 ut
1295 1904 1313 1925 a
1332 1896 1460 1925 Domino
1481 1896 1596 1926 dictum
1613 1899 1668 1932 est,
1687 1897 1764 1926 nihil

935 1941 972 1968 sit
987 1943 1137 1968 secretum
1155 1940 1240 1976 quod
1266 1948 1328 1968 non
1357 1941 1477 1976 sciatur,
1499 1940 1573 1969 nihil
1599 1941 1762 1970 obscurum

897 1993 918 2022 ο
935 1985 1020 2022 quod
1034 1993 1096 2014 non
1112 1984 1268 2019 reveletur,
1281 1987 1309 2013 et
1320 1984 1403 2013 bona
1418 1993 1511 2022 opera
1523 1986 1685 2015 manifesta
1703 1987 1762 2015 sint

936 2032 965 2058 et
977 2029 1058 2058 mala
1080 2032 1233 2066 nequeant
1246 2029 1401 2063 occultari,
1414 2030 1500 2065 juxta
1521 2029 1764 2065 investigabilem

933 2073 1118 2110 judiciorum
1139 2073 1190 2102 Dei
1203 2073 1360 2110 abyssum,
1374 2075 1403 2102 et
1416 2073 1569 2102 Nestorius
1583 2082 1689 2103 eorum
1702 2074 1763 2103 suf-

936 2118 1032 2153 fragio
1045 2118 1098 2154 qui
1107 2117 1196 2154 regiis
1210 2120 1240 2146 et
1253 2117 1369 2146 thronis
1384 2117 1520 2147 assident
1540 2120 1568 2147 et
1588 2118 1684 2155 ipsius
1712 2119 1766 2156 qui

936 2165 1001 2191 tum
1017 2162 1160 2199 temporis
1174 2162 1258 2190 orbis
1278 2162 1411 2191 universi
1431 2165 1550 2199 sceptra
1569 2163 1700 2197 tenebat,
1716 2171 1764 2192 or-

935 2207 1139 2236 thodoxorum
1151 2207 1305 2236 catholicae
1312 2207 1651 2244 Constantinopolitano:
1665 2208 1762 2237 Eccle-

938 2252 990 2281 siae
1003 2251 1174 2288 praeﬁcitur,
1188 2259 1244 2280 nec
1266 2251 1366 2280 minus
1393 2259 1488 2288 quam
1507 2253 1650 2281 universo
1673 2255 1764 2282 terra.-

937 2305 1005 2326 rum
1021 2296 1097 2325 orbi.
1120 2296 1175 2325 Ubi
1193 2298 1296 2325 autem
1313 2296 1345 2324 in
1369 2297 1538 2326 maximam
1553 2297 1637 2326 illam
1661 2298 1765 2327 sedem

937 2341 1075 2371 ascendit
1084 2340 1244 2378 rapuitque
1258 2340 1484 2377 praesidentiam
1498 2344 1647 2379 tanquam
1660 2345 1764 2379 tyran-

937 2385 1041 2414 nidem
1056 2385 1224 2422 quamdam
1234 2385 1438 2422 episcopatus,
1449 2393 1511 2414 non
1519 2386 1584 2422 jam
1597 2388 1630 2415 in
1643 2395 1676 2416 se
1686 2387 1767 2416 cohi-

937 2431 1009 2460 bere
1025 2430 1119 2459 valuit
1132 2430 1294 2467 impietatis
1305 2433 1438 2467 partum,
1452 2431 1504 2460 sed
1516 2439 1553 2460 ex
1568 2439 1624 2460 sua
1633 2432 1767 2468 potentia

938 2475 1107 2504 inauditam
1122 2475 1297 2511 concipiens
1311 2474 1484 2511 audaciam,
1500 2476 1531 2505 in
1555 2476 1690 2504 medium
1712 2475 1767 2504 ad-

938 2519 1022 2549 ducit
1032 2517 1210 2556 prtet'e'rtque
1222 2520 1338 2548 cunctis
1348 2528 1442 2557 quam
1452 2521 1518 2557 jam
1531 2520 1646 2549 dudum
1659 2520 1767 2556 imagi-

939 2567 1029 2594 natus
1041 2564 1162 2593 essetin
1172 2565 1361 2601 unigenitum
1369 2565 1601 2602 blasphemiam,
1610 2566 1639 2592 et
1652 2563 1767 2594 bellum

96 2605 264 2645 βλασφημίαν,
280 2611 329 2634 καὶ
340 2608 449 2645 πόλεμον
464 2609 586 2647 ἄντικρυς
600 2610 669 2635 κατά
680 2613 730 2636 τῶν
747 2608 883 2636 ἀποστολι-

968 2609 1042 2638 ιὶειω
1064 2609 1210 2638 adversus
1233 2609 1399 2646 apostolica
1412 2609 1556 2645 dogmata
1571 2609 1718 2645 suscitat;
1739 2611 1768 2638 et

95 2656 138 2677 ιῶν
156 2654 263 2690 αἱρεῖται
285 2651 440 2690 δογματων·
463 2655 509 2680 καὶ
523 2657 573 2679 τῶν
596 2653 678 2690 ἁγίων
693 2655 824 2691 Πατίρων,
842 2652 887 2690 ἀφ’

99 2695 123 2722 οὗ
136 2697 277 2734 κατηγγέλη
298 2700 328 2724 τό
348 2697 503 2734 Εὑαγγέλιον
517 2702 563 2730 τῆς
578 2703 629 2725 τῶν
642 2697 788 2736 ὁρθοὸόξων
804 2699 887 2728 καθηι

99 2744 238 2779 Ὶησαμὶνων
256 2745 378 2777 πίστεως,
403 2741 532 2771 ὶκϐοίλλιιν
553 2746 676 2782 πειρᾶται
697 2745 759 2777 τοὺς
779 2743 886 2782 λόγους,

941 2656 1114 2683 sanctorum
1127 2653 1261 2690 Patrum,
1272 2662 1308 2683 ex
1322 2662 1384 2691 quo
1397 2654 1609 2682 annuntiatum
1619 2656 1664 2682 est
1676 2655 1768 2683 Evan-

940 2699 1052 2736 gelium
1062 2699 1303 2728 orthodoxorum
1311 2699 1424 2727 ducum
1438 2698 1670 2736 ﬁdegexpellere
1679 2707 1766 2728 cona-

940 2746 989 2776 tur
1006 2752 1104 2781 voces,
1118 2744 1245 2775 turbans
1256 2743 1382 2781 quidem
1404 2743 1496 2781 regis:
1519 2743 1648 2774 civitatis
1669 2743 1767 2773 Eccle-
