1917 3073
151 89 185 116 35
821 82 953 110 ΝΙΟΕΤᾸΞ
974 81 1162 110 ΟΗΟΝΙΑΤΕ

1812 85 1861 112 36

151 156 237 182 siam,
252 148 375 176 turbans
387 148 416 174 et
425 146 530 174 orbem
549 145 735 173 universum.
752 146 852 180 Neque
866 152 886 171 ει
901 143 975 171 divi-

1038 145 1163 180 ταράττων
1190 144 1235 180 μὲν
1254 147 1302 174 τῆς
1320 142 1457 174 Βασιλὶδος
1475 143 1573 176 πόλεως
1590 145 1638 173 τὴν
1661 145 1860 181 Ἐκκλησίαν,

149 201 189 221 no
203 192 294 221 Paulo
310 192 460 219 clamante
471 198 635 218 conversus
648 199 654 218 :
673 190 729 224 Qui
745 197 793 218 vos
807 189 918 219 turbat,
929 189 976 224 iu-

150 237 263 265 dicium
283 237 372 271 feret,
389 236 558 271 quicunque
569 235 607 263 sit
621 242 632 270 ;
648 234 700 262 sed
723 242 813 270 super
837 233 976 261 candela-

150 282 241 310 brum
251 281 358 309 divinae
372 280 585 317 episcoporum
601 280 749 308 cathedras
771 287 832 307 non
845 278 975 307 veritatis

149 327 264 358 lumen,
281 326 333 354 sed
348 325 510 361 impietatis
524 324 663 353 tenebras
679 324 772 361 ponit.

188 462 213 489 3.
227 460 270 488 Fit
284 461 385 488 autem
401 459 440 487 illi
464 459 596 496 primum
609 458 811 487 innovationis
825 460 977 487 tentamen

156 512 219 533 non
242 506 381 540 oportere
406 503 629 532 sanctissimam
651 504 801 538 Virginem
818 502 868 530 Dei
891 502 978 530 Verbi

152 549 322 578 secundum
337 556 460 576 carnem
475 551 605 577 matrem
621 548 673 576 Dei
687 550 815 576 matrem
831 547 977 581 conﬁteri,

153 594 206 622 sed
228 595 343 622 tantum
363 593 477 628 Christi,
499 593 572 621 dum
593 595 697 621 contra
718 592 910 620 vetustissimi
929 593 977 620 Ec-

152 638 250 666 clesiae
265 645 432 674 praecones,
450 637 617 665 secundum
633 636 831 673 apostolicam
844 636 977 664 traditio-

152 690 233 715 nem.
249 682 299 710 Dei
315 684 437 710 Matrem
453 690 518 710 eam
529 682 748 710 nominandam
759 690 824 710 esse
839 681 980 710 docerent

159 729 186 756 et
201 727 320 755 Domini
339 728 461 755 Matrem
476 727 670 755 credendam.
690 727 752 761 Age
767 734 847 760 vero,
863 729 891 754 et
904 726 980 754 blas—

156 772 300 808 phemam
315 771 395 799 hanc
413 771 576 799 verborum
592 774 686 799 artem
706 771 818 799 nemini
835 772 918 807 prius
929 779 980 799 no-

152 819 215 845 tam
231 816 370 844 observa:
388 827 401 840 ‹‹
415 815 521 844 Christi
535 815 706 852 appellatio,
723 816 829 852 inquit,
841 816 917 844 duas
928 823 981 844 na-
1000 824 1020 852 Β

153 862 236 889 turas
260 860 420 895 signiﬁcat,
441 860 590 896 Unigeniti
609 868 720 897 nempe
743 861 927 889 divinitatem
953 863 981 890 et

153 905 373 934 humanitatem
387 915 393 940 ;
410 906 467 934 Dei
480 908 579 933 autem
592 905 727 941 sejuncta
739 913 797 933 vox
812 905 981 942 simplicem

154 952 183 977 et
199 950 420 986 incorporalem
438 950 488 977 Dei
510 950 597 978 Verbi
621 949 821 978 substantiam
845 951 979 987 praebet;

153 1002 213 1022 vox
228 996 329 1022 autem
345 994 431 1022 homo
447 994 543 1022 solam
567 994 734 1023 humanam
753 995 981 1024 ostenditnatu-

153 1046 220 1067 ram
237 1047 243 1066 :
257 1038 326 1066 ideo
341 1038 450 1067 Christi
470 1038 655 1074 genitricem,
676 1039 785 1076 inquit,
803 1047 863 1068 non
879 1042 981 1068 autem

154 1083 216 1115 Dei,
236 1083 387 1118 Virginem
403 1083 538 1112 conﬁteri
553 1091 677 1112 necesse
694 1087 748 1118 est,
770 1092 809 1112 ne
832 1084 907 1113 forte
929 1093 981 1113 no.

152 1127 199 1156 bis
214 1128 331 1156 accidat
349 1131 381 1156 ut
396 1128 446 1156 Dei
470 1128 598 1156 Verbum
618 1129 799 1165 principium
819 1129 982 1158 exsistendi

162 1180 198 1200 ex
210 1175 314 1201 sancta
329 1173 446 1208 Virgine
465 1173 628 1209 acceperit;
643 1175 734 1210 atque
746 1175 788 1202 ita
801 1174 885 1210 prius
897 1175 980 1210 geni-

158 1219 221 1245 tam
237 1225 304 1245 esse
323 1220 451 1246 matrem
465 1226 558 1254 quam
581 1217 629 1246 ille
644 1218 696 1254 qui
718 1226 755 1247 ex
772 1227 808 1247 ea
821 1221 910 1248 natus
926 1222 979 1253 est,

156 1261 292 1290 conﬁteri
305 1269 460 1297 cogamur.
480 1273 490 1288 ›

191 1397 218 1424 4.
239 1397 280 1425 Ne
295 1398 395 1425 autem
411 1396 568 1426 videamur
586 1398 674 1426 vanis
697 1398 814 1434 injuriis
827 1399 870 1426 sic
886 1399 981 1428 homi-

156 1449 226 1469 nem
240 1441 390 1478 persequi,
404 1450 473 1470 eum
488 1442 588 1479 ipsum
608 1451 661 1479 per
676 1451 712 1471 ea
726 1451 793 1480 quae
809 1444 894 1480 dixit,
914 1453 982 1482 pro-

154 1486 227 1523 prias
242 1486 403 1523 impietatis
415 1489 519 1515 testem
530 1487 685 1516 faciemus.
698 1488 763 1516 Suis
774 1489 852 1517 enim
868 1490 981 1525 cogita-

155 1530 286 1559 tionibus
301 1539 424 1559 omnem
448 1531 685 1568 apostolicarum
699 1532 903 1563 doctrinarum
920 1543 981 1563 me-
995 1544 1016 1572 ο

152 1575 283 1603 moriam
310 1577 515 1611 transgressus
537 1579 565 1604 et
588 1576 749 1612 cujuslibet
766 1579 871 1612 sancti,
892 1579 922 1607 in
935 1587 981 1608 or-

152 1619 357 1648 thodoxorum
371 1619 499 1648 ecclesia
512 1621 621 1650 multas
629 1621 798 1650 istiusmodi
812 1623 980 1659 proclama-

153 1664 195 1692 vit
210 1672 299 1692 voces
316 1673 322 1693 :
336 1676 350 1690 α
362 1666 426 1693 Non
438 1665 562 1701 peperit,
585 1674 603 1694 ο
625 1666 748 1702 optime,
770 1668 864 1695 Deum
878 1669 978 1702 Maria,

154 1708 208 1736 sed
234 1708 389 1737 hominem
416 1709 532 1745 peperit
554 1710 717 1739 divinitatis
735 1711 979 1741 instrumentum.

153 1754 186 1781 Et
207 1754 238 1781 in
265 1753 331 1781 aliis
355 1762 476 1782 rursum
497 1755 663 1789 nugatoriis
688 1755 980 1792 irreprehensibilem

154 1799 274 1827 Matrem
297 1799 434 1833 gentium
448 1798 504 1827 diis
535 1799 695 1829 assimilat.
722 1801 883 1830 Judaicam
898 1803 980 1830 enim

155 1843 334 1871 sententiam
348 1843 517 1880 amplexus,
530 1852 592 1873 non
609 1844 705 1873 Verbo
722 1853 845 1874 carnem
867 1846 978 1875 factum

154 1895 221 1916 esse
234 1887 370 1917 absolute
385 1888 514 1922 dicebat,
529 1888 584 1917 sed
597 1889 629 1916 in
643 1889 780 1925 quodam
798 1890 921 1919 homine
935 1891 981 1919 in-

154 1932 319 1967 habitasse,
332 1935 364 1961 ut
378 1932 410 1961 in
424 1933 526 1969 aliquo
546 1933 763 1970 prophetarum
779 1937 807 1963 et
830 1935 887 1963 sibi
899 1936 981 1964 hunc

155 1977 313 2015 proprium
327 1977 472 2014 peculiari
486 1986 589 2006 amore
600 1978 719 2012 fecisse;
735 1982 763 2008 et
776 1987 844 2008 esse
858 1981 982 2017 quidem

155 2023 245 2052 alium
271 2022 388 2056 Filium,
407 2023 499 2051 alium
517 2030 588 2051 vero
603 2023 673 2058 dici,
686 2032 783 2060 neque
797 2032 862 2052 esse
878 2025 980 2060 genui-

154 2076 228 2096 num
241 2067 359 2101 Filium,
383 2067 435 2095 sed
460 2067 636 2104 adoptivum
658 2068 711 2104 qui
733 2068 790 2096 hoc
805 2069 927 2097 nomine
939 2069 983 2098 di-

154 2111 284 2146 cebatur,
300 2113 405 2140 Jesum
419 2112 578 2140 Christum.
603 2112 674 2140 Inde
687 2113 801 2141 dictum
824 2121 890 2142 esse
905 2114 982 2143 duos

155 2165 222 2186 esse
237 2156 334 2192 Filios,
350 2164 450 2193 neque
461 2165 556 2185 unum
572 2159 700 2186 tantum.
713 2159 816 2195 Itaque
841 2159 981 2195 synodali

156 2201 300 2250 suffragio
311 2201 432 2250 et_re_gi_a
448 2201 599 2250 voluntate
615 2202 790 2250 episcopatu
805 2203 979 2250 expellitur;
996 2222 1019 2250 Β

157 2249 185 2275 et
200 2246 300 2275 Oasim
310 2245 480 2274 inhabitare
488 2246 600 2282 jussus,
622 2246 727 2276 futura:
743 2248 905 2284 impiorum
920 2257 981 2285 pce-

156 2299 203 2319 nse
212 2289 392 2327 praeludium
406 2291 532 2327 accepit,
550 2300 605 2319 sua
624 2292 748 2328 propria
762 2292 913 2321 dementia
930 2293 981 2322 ab-

158 2337 332 2371 sumptuset
340 2334 371 2362 in
381 2343 412 2362 se
419 2334 589 2371 adimplens
596 2335 669 2364 illud
675 2336 807 2372 Apostoli
813 2337 978 2366 oraculum:

159 2379 360 2414 Quorumdam
373 2379 526 2408 hominum
541 2381 639 2415 culpae
649 2382 804 2417 manifeste
816 2383 930 2411 ducunt
941 2384 982 2412 ad

157 2425 390 2453 damnationem.
400 2425 557 2453 Suscitavit
569 2425 649 2453 enim
663 2425 692 2453 in
705 2426 790 2455 illum
808 2427 885 2455 Deus
898 2428 981 2464 spiri-

157 2472 222 2498 tum
236 2469 334 2506 Cyrilli
349 2470 535 2498 Alexandria:
551 2470 728 2506 patriarcha:
741 2480 748 2505 ;
764 2472 816 2508 qui
829 2472 869 2500 ad
880 2472 981 2509 ipsum

158 2515 326 2543 Nestorium
345 2514 470 2550 scripsit,
488 2523 558 2542 eum
579 2515 610 2543 in
631 2516 869 2545 orthodoxorum
887 2518 981 2546 ﬁdem

156 2560 313 2596 impellens
325 2562 354 2588 et
367 2560 490 2588 hortans
504 2563 536 2588 ut
549 2561 600 2588 Dei
620 2562 740 2590 Matrem
757 2563 981 2592 sanctissimam

156 2605 279 2634 Mariam
293 2605 464 2633 nominaret
478 2612 513 2633 ac
528 2605 672 2635 crederet.
685 2608 756 2635 Cum
770 2610 870 2636 autem
884 2610 980 2645 preci-

156 2650 214 2678 bus
233 2657 295 2677 non
305 2649 433 2681 cederet,
448 2649 574 2679 alteram
589 2659 693 2680 rursus
710 2653 790 2681 misit
805 2653 978 2689 epistolam;

156 2693 377 2724 oonrtadicente
392 2697 494 2725 autem
504 2695 565 2732 illo,
574 2697 757 2727 ocnvocatur
771 2701 876 2735 postea
887 2699 980 2736 Ephe—

1029 189 1163 224 ταράττων
1179 187 1209 214 δὲ
1224 190 1269 214 καὶ
1287 190 1334 218 τὴν
1345 187 1497 224 οἰκουμένην
1507 189 1623 216 ἅπασαν·
1636 189 1698 217 οὔδε
1715 193 1766 217 τοῦ
1782 193 1861 218 Θεσ-

1030 235 1122 259 πεσίου
1162 232 1266 259 Παύλου
1301 235 1457 270 κεκραγότος
1490 235 1712 272 ἐπιστρεφόμενος.
1745 236 1779 263 Ὀ
1817 235 1859 263 δὲ

1030 278 1171 314 ταράσσων
1202 278 1270 314 ὑμᾶς
1299 277 1431 314 βαστάσει
1460 279 1490 304 τὸ
1519 283 1609 315 κρῖμα,
1639 281 1710 311 ὅστις
1741 291 1776 307 αν
1818 282 1854 317 ᾖ·

1030 320 1083 346 ἀλλ’
1104 320 1146 347 έπὶ
1158 323 1205 351 τὴν
1217 321 1327 358 λυχνίαν
1345 326 1391 349 τοῦ
1407 323 1475 349 θείου
1490 327 1539 349 τῶν
1555 323 1696 362 ἀρχιερέων
1712 324 1855 362 βήματος

1030 364 1060 391 οὐ
1079 366 1122 392 τὸν
1146 365 1243 402 λύχνον
1271 370 1318 398 τῆς
1346 367 1478 402 ἀληθείας,
1495 366 1559 394 ἀλλὰ
1578 368 1654 405 ζόγον
1674 370 1773 399 τίθησι
1796 375 1854 401 τῆς

1031 408 1161 442 ἀσεϐείας.

1066 455 1102 490 γ’.
1141 457 1241 482 Γίνεται
1280 454 1310 482 δε
1343 456 1414 492 αὐτῷ
1450 461 1550 493 πρῶτον
1587 461 1635 489 τῆς
1664 462 1852 497 καινοτομίας

1032 497 1180 536 ἔγχείρημα
1203 501 1232 527 τὸ
1260 503 1296 537 μὴ
1321 499 1375 527 δεῖν
1394 503 1441 531 τὴν
1461 501 1538 537 ἁγίαν
1558 503 1687 539 Παρθένον
1710 506 1761 534 τὴν
1795 508 1850 531 τοῦ

1033 546 1100 569 Θεοῦ
1120 546 1207 580 Λόγου
1238 546 1306 572 κατά
1336 546 1423 583 σάρκα
1453 548 1554 583 μητέρα
1580 549 1706 574 Θεοτόκον
1738 549 1850 585 ὁμολο-

1032 591 1086 624 γεῖν
1105 591 1284 626 Χριστοτόκον
1309 588 1338 616 δε
1371 592 1457 626 μόνον,
1478 595 1528 617 τῶν
1547 591 1628 618 πάλαι
1646 595 1691 619 καὶ
1709 597 1762 619 τῶν
1790 604 1850 632 προ

1032 632 1111 659 πάλαι
1139 637 1184 664 τῆς
1206 634 1359 665 Ἐκκλησίας
1387 636 1518 673 κηρύκων,
1543 637 1610 662 κατὰ
1634 639 1680 666 τὴν
1718 637 1848 665 ἀποστο-

1033 676 1108 706 λικὴν
1122 677 1282 714 παράδοσιν,
1303 681 1429 706 Θεοτόκον
1450 678 1613 712 δοξαζόντων
1635 681 1773 718 ὀνομάζειν
1795 686 1848 710 καὶ

1033 731 1165 749 πιστευειν
1188 725 1234 752 τὴν
1253 727 1299 750 τοῦ
1327 726 1424 762 Κυρίου
1453 727 1569 761 Μητέρα.
1593 728 1653 764 Φέρε
1681 737 1726 763 μοι
1746 727 1847 754 λοιπὸν

1034 768 1079 793 καὶ
1107 769 1153 796 τὴν
1181 767 1337 805 βλάσφημον
1367 768 1535 805 τεχνολογίαν
1563 773 1764 809 παρατήρησον,
1792 773 1846 799 οὖ-

1035 808 1090 837 δενὶ
1115 814 1237 849 πρότερον
1265 812 1436 849 ἐγνωσμένην.
1464 813 1492 841 Ἦ
1516 817 1561 841 τοῦ
1589 819 1706 853 Χριστοῦ
1734 827 1846 854 προση-

1034 858 1120 893 γορία,
1149 859 1225 893 φησὶ,
1250 862 1298 883 τῶν
1331 856 1378 884 δύο
1413 860 1513 894 φύσεων
1546 863 1706 896 σημαντικὴ,
1732 865 1782 893 τῆς
1813 871 1845 888 τε

1036 900 1156 932 θεότητος
1189 906 1234 928 τοῦ
1269 905 1427 939 Μονογενοῡς
1461 906 1506 930 καὶ
1543 908 1591 935 τῆς
1624 904 1842 942 ἀνθρωπότητος·

1035 945 1049 973 ἡ
1072 943 1102 971 δέ
1120 949 1165 972 τοῦ
1194 950 1262 973 Θεοῦ
1288 945 1423 978 ἁπολύτως
1445 947 1569 984 λεγομένη
1601 952 1670 986 φωνὴ
1691 952 1737 980 τήν
1753 950 1844 981 ἁπλῆν

1034 992 1080 1015 καὶ
1114 989 1252 1026 ἀσώματον
1283 995 1329 1017 τοῦ
1356 995 1423 1018 Θεοῦ
1446 994 1533 1028 Λόγου
1553 996 1716 1031 παρίστησιν
1732 996 1841 1022 οὐσίαν·

1035 1034 1050 1063 ἡ
1080 1032 1110 1060 δε
1135 1039 1180 1061 τοῦ
1207 1035 1340 1071 ἄνθρωπος
1368 1039 1448 1073 μόνην
1476 1039 1524 1067 τὴν
1544 1037 1704 1075 ἀνθρωπείαν
1731 1039 1843 1067 ὑποδεί-

1034 1088 1112 1105 κνυσι
1140 1081 1227 1115 φύσιν·
1262 1079 1308 1107 διὰ
1334 1085 1409 1108 τοῦτο
1442 1084 1628 1119 Χριστοτόκον,
1658 1086 1748 1120 φησὶν,
1784 1084 1841 1111 ἀλλ’

1035 1123 1065 1149 οὗ
1102 1126 1227 1151 Θεοτὸκον
1254 1127 1301 1154 τὴν
1342 1127 1471 1163 Παρθένον
1512 1126 1644 1163 ὁμολογεῖν
1685 1128 1839 1165 ἀναγκαῖον,

1034 1170 1135 1204 μήποτε
1161 1168 1276 1206 λάθωμεν
1305 1169 1393 1208 ἀρχην
1422 1175 1469 1198 τοῦ
1495 1170 1561 1198 εἶναι
1578 1172 1690 1207 λέγοντες
1706 1176 1750 1200 τὸν
1771 1175 1838 1201 Θιόν

1036 1214 1120 1248 Λόγον
1149 1212 1176 1239 ἐκ
1199 1218 1245 1245 τῆς
1271 1214 1348 1251 ἁγίας
1378 1215 1500 1252 εἰληφότα
1514 1218 1655 1254 Παρθένον
1689 1221 1735 1245 καὶ
1767 1219 1837 1245 οὕτω

1034 1260 1235 1296 προγενεστέραν
1285 1262 1328 1289 τὴν
1366 1262 1467 1298 μητέρα
1503 1265 1549 1287 τοῦ
1596 1263 1759 1298 γίννηθέντος
1809 1263 1838 1297 ἐξ

1035 1302 1131 1338 αὐτῆς,
1183 1304 1250 1330 κατὰ
1287 1305 1316 1330 τὸ
1354 1304 1509 1341 ἀκόλουθον,
1548 1306 1680 1343 ὁμολογεῖν
1719 1307 1836 1344 βιασθῶ-

1034 1357 1089 1383 μεν.

1071 1390 1104 1419 δ’.
1129 1392 1185 1419 Ἵνα
1211 1391 1240 1419 δὲ
1272 1396 1307 1430 μὴ
1341 1391 1456 1431 δόξωμεν
1482 1393 1628 1432 λοιδορίαις
1647 1400 1731 1427 κεναῖς
1753 1401 1837 1424 ταῦτα

1033 1440 1079 1462 τοῦ
1102 1435 1198 1475 ἀνδρὸς
1221 1442 1387 1475 κατηγορεῖν,
1413 1439 1490 1466 αὐτὸν
1523 1439 1616 1466 ἐκεῖνον
1643 1441 1682 1472 οἷς
1707 1440 1761 1468 εἶπε
1790 1445 1836 1473 τῆς

1035 1481 1130 1513 οἰκείας
1169 1480 1322 1514 δυσσεϐείας
1350 1486 1497 1520 ποιήσομαι
1525 1486 1655 1523 μάρτυρα.
1694 1489 1748 1512 Τῶν
1785 1488 1835 1524 γὰρ

1035 1525 1213 1553 ἀποστολικῶν
1234 1525 1406 1564 διδαγμοίτων
1436 1531 1481 1555 καί
1509 1531 1605 1560 παντὸς
1629 1529 1706 1566 ἁγίου
1733 1533 1834 1567 μνήμην

1034 1579 1083 1607 τῆς
1106 1575 1199 1602 ἑαυτοῦ
1220 1574 1339 1607 διανοίας
1367 1577 1535 1614 ὑπερορίσας,
1564 1577 1589 1604 ἐν
1608 1582 1639 1615 τῇ
1656 1583 1707 1605 τῶν
1724 1578 1833 1616 ἀρθοδό-

1035 1619 1084 1651 ξων
1130 1619 1258 1657 ἐκκλησίᾳ
1294 1620 1386 1652 πολλὰς
1423 1623 1547 1653 τοιαύτας
1586 1623 1706 1655 ίξεϐόησε
1741 1626 1830 1661 φωνάς·

1036 1676 1050 1689 ιι
1077 1664 1133 1691 Οὐκ
1161 1666 1252 1700 ἔτεκεν,
1277 1664 1296 1691 ὦ
1317 1665 1447 1702 βέλτιστε,
1477 1670 1568 1704 Μαρία
1588 1669 1658 1704 Θεὸν,
1685 1668 1738 1695 ἀλλ’
1753 1670 1831 1696 ἔτεκεν

1034 1709 1168 1747 ἄνθρωπον
1197 1711 1315 1741 θεότητος
1339 1713 1458 1749 ὄργανον.
1478 1721 1493 1738 ι
1515 1714 1566 1739 Καὶ
1597 1713 1622 1739 ἐν
1647 1713 1744 1750 ἑτέροις
1757 1714 1830 1740 πάλιν

1035 1753 1176 1791 φληνάφοις
1207 1753 1362 1790 ἀνέγκλητον
1387 1758 1488 1792 μητέρα
1519 1756 1644 1786 Ἑλλήνων
1671 1758 1735 1788 θεοῖς
1765 1758 1830 1785 imi-

1036 1799 1133 1834 σάγων,
1175 1797 1319 1826 Ἰουδαϊκὸν
1345 1801 1395 1837 γὰρ
1431 1799 1620 1837 ἀναδεξάμενος
1646 1804 1772 1839 φρόνημα,
1800 1804 1829 1830 οὗ

1034 1844 1077 1869 τὸν
1106 1845 1190 1880 Λόγον
1217 1853 1303 1881 σαρκα
1326 1844 1458 1882 ἀτρέπτως
1488 1847 1647 1883 γεγενῆσθαι
1666 1846 1756 1882 ἔλεγεν,
1778 1846 1831 1872 ἀλλ’

1036 1889 1067 1921 εἰ,
1098 1897 1156 1914 τινα
1176 1889 1310 1926 ἄνθρωπον
1337 1889 1480 1924 ἐνοικῆσαι,
1515 1891 1547 1921 ὡς
1575 1890 1609 1921 εἰς
1628 1892 1672 1917 ἕνα
1699 1895 1747 1917 τῶν
1766 1901 1829 1928 προ-

1036 1936 1133 1969 φητῶν,
1159 1935 1205 1960 καὶ
1229 1932 1418 1961 ἰδιοποιείσθαι
1440 1938 1531 1961 τοῦτον
1555 1935 1675 1972 ἐξαιρέτῳ
1692 1935 1826 1972 ἀγαπήσει*

1035 1979 1081 2004 καὶ
1103 1977 1168 2004 εἶναι
1190 1980 1235 2015 μὲν
1255 1978 1330 2005 ἄλλον
1358 1981 1424 2012 υἱὸν,
1448 1979 1522 2006 ἄλλον
1543 1978 1573 2006 δὲ
1591 1980 1711 2016 λέγεσθαι
1725 1981 1777 2017 μὲν,
1795 1982 1828 2017 μή

1037 2021 1102 2049 εἶναι
1130 2021 1160 2049 δὲ
1187 2026 1306 2059 γνήσιον,
1332 2025 1403 2050 θετὸν
1429 2022 1458 2051 δὲ
1488 2025 1544 2050 υἱὸν
1563 2026 1607 2050 τόν
1632 2024 1763 2061 λεγόμενον
1782 2025 1828 2054 ⁷1η-

1038 2071 1099 2094 σοῡν
1139 2070 1264 2104 Χριστόν·
1301 2068 1413 2095 ἐντεῦθεν
1443 2067 1491 2095 δύο
1528 2070 1612 2104 Υίοὺς,
1639 2071 1685 2095 καὶ
1716 2071 1751 2106 μὴ
1778 2070 1826 2106 ἕνα,

1036 2111 1157 2148 λέγεσθαι
1185 2117 1261 2142 εἰναι.
1282 2113 1358 2140 Ὅθεν
1386 2118 1432 2144 τῆς
1462 2113 1661 2151 ἀρχιερωσύνης
1687 2113 1826 2141 ἐκϐάλλεται

1036 2157 1115 2194 ψηφῳ
1143 2157 1296 2195 [συνοδικῇ]
1319 2161 1364 2185 καὶ
1398 2157 1530 2195 βασιλικῷ
1562 2159 1680 2196 νεύμάτι·
1711 2161 1755 2186 καὶ
1783 2161 1825 2190 τὴν

1035 2201 1131 2229 ’Ὀασιν
1169 2202 1376 2234 καταδικασθεὶς
1416 2203 1494 2230 οἰκεῖν
1523 2207 1569 2234 τῆς
1605 2203 1747 2240 μελλούσης
1780 2208 1824 2230 τῶν

1035 2246 1134 2274 ἀσεϐῶν
1167 2248 1297 2279 κολάσεως
1334 2246 1438 2279 ἐδέξατο
1467 2249 1500 2274 τὰ
1543 2250 1678 2286 προοίμια,
1722 2250 1825 2285 παρανά-

1033 2292 1108 2330 λωμα
1135 2297 1182 2325 τῆς
1224 2293 1321 2324 οἰκείας
1368 2292 1562 2330 φρενοϐλαϐείας
1602 2295 1744 2330 γενόμενος,
1785 2295 1825 2320 καὶ

1035 2338 1072 2374 ἐφ’
1097 2338 1180 2373 ἑαυτῷ
1210 2337 1353 2375 πληρώσας
1380 2339 1409 2364 τὸ
1432 2337 1605 2364 ἁποστολικόν
1630 2338 1709 2365 ἐκεῖνο
1737 2340 1820 2374 Λόγιον,

1035 2383 1076 2410 ὅτι
1103 2387 1183 2410 Τινῶν
1209 2382 1349 2420 ἀνθρώπων
1387 2383 1414 2409 αἱ
1444 2384 1572 2420 άμαρτίαι
1601 2381 1730 2419 πρόδηλοί
1768 2383 1821 2417 εἱσι,

1035 2430 1201 2466 προάγουσαι
1235 2428 1270 2459 εἰς
1296 2430 1396 2466 κρίσιν.
1429 2428 1559 2466 Ἐξήγειρε
1581 2430 1631 2465 γὰρ
1654 2429 1667 2455 ὁ
1692 2430 1754 2460 Θεὸς
1774 2429 1824 2456 κατ’

1036 2474 1116 2501 αὐτοῦ
1144 2475 1174 2500 τὸ
1202 2477 1304 2509 πνεῦμα
1340 2472 1466 2511 Κυρίλλον
1504 2474 1673 2510 πατριάρχου
1717 2473 1822 2505 Ἀλεξαν-

1037 2518 1135 2556 δρείας,
1161 2520 1205 2545 καὶ
1228 2519 1321 2556 γράφει
1347 2520 1411 2556 πρὸς
1438 2517 1516 2544 αὑτὸν
1547 2519 1698 2555 Νεσινὸριον⁷
1723 2518 1756 2549 εἰς
1783 2520 1822 2547 τὴν

1036 2563 1176 2601 ὀρθόὸοξον
1197 2563 1344 2600 ἐμϐιϐάζων
1362 2565 1462 2597 πίστιν,
1483 2565 1528 2589 καὶ
1557 2565 1681 2589 Θεοτόκον
1697 2565 1742 2592 τὴν
1756 2562 1821 2599 ἁγίαν

1035 2611 1139 2646 Μαρίαν
1168 2608 1324 2645 παρακαλῶν
1354 2607 1489 2644 ὀνομάζειν
1522 2617 1549 2634 τε
1582 2610 1626 2634 καὶ
1655 2611 1758 2644 φρονείν.
1784 2607 1822 2639 Ὡς

1036 2652 1066 2681 δὲ
1089 2653 1135 2680 οὒκ
1169 2651 1298 2687 ἐνεδίδου⁷
1326 2653 1401 2691 ἕτερα
1433 2653 1509 2679 πάλιν
1543 2652 1640 2689 ἔπεμψε
1680 2653 1818 2689 γράμματα·

1035 2698 1208 2736 ἀντιλέγοντος
1234 2696 1264 2725 δὲ
1292 2697 1383 2733 αὐτοῦ,
1413 2700 1458 2725 καὶ
1482 2699 1548 2736 πρὸς
1573 2698 1658 2724 ταῦτα
1685 2695 1786 2729 σύνοδος
1798 2697 1818 2724 ἐν
