  <div class='ocr_page' id='page_1' title='image "/cluster/home/n/w/nwhite01/storage/ocr_20150623/140/njp.32101010942850/037.png"; bbox 0 0 1917 3073; ppageno 0'>
   <div class='ocr_carea' id='block_1_1' title="bbox 203 90 1916 141">
    <p class='ocr_par' dir='ltr' id='par_1_1' title="bbox 203 90 1916 141">
     <span class='ocr_line' id='line_1_1' title="bbox 203 90 1916 141; baseline -0.002 0"><span class='ocrx_word' id='word_1_1' title='bbox 203 114 236 141; x_wconf 82' lang='lat'><strong>39</strong></span> <span class='ocrx_word' id='word_1_2' title='bbox 525 90 527 92; x_wconf 44' lang='grc'><em>’</em></span> <span class='ocrx_word' id='word_1_3' title='bbox 866 109 1002 138; x_wconf 74' lang='lat' dir='ltr'><strong>meum</strong></span> <span class='ocrx_word' id='word_1_4' title='bbox 1025 108 1212 136; x_wconf 69' lang='lat' dir='ltr'><strong>CHONIATE</strong></span> <span class='ocrx_word' id='word_1_5' title='bbox 1868 111 1916 138; x_wconf 70' lang='grc' dir='ltr'><strong><em>ιο</em></strong></span> 
     </span>
    </p>
   </div>
   <div class='ocr_carea' id='block_1_2' title="bbox 202 169 1018 208">
    <p class='ocr_par' dir='ltr' id='par_1_2' title="bbox 202 170 1018 208">
     <span class='ocr_line' id='line_1_2' title="bbox 202 170 1018 208; baseline -0.005 -5"><span class='ocrx_word' id='word_1_6' title='bbox 202 182 264 203; x_wconf 83' lang='grc' dir='ltr'><strong><em>ιιοιι</em></strong></span> <span class='ocrx_word' id='word_1_7' title='bbox 276 175 414 202; x_wconf 81' lang='lat' dir='ltr'><strong>accurate</strong></span> <span class='ocrx_word' id='word_1_8' title='bbox 427 172 500 200; x_wconf 90' lang='lat' dir='ltr'><strong>scio.</strong></span> <span class='ocrx_word' id='word_1_9' title='bbox 512 171 671 208; x_wconf 81' lang='lat' dir='ltr'><strong>Improbus</strong></span> <span class='ocrx_word' id='word_1_10' title='bbox 685 172 775 208; x_wconf 82' lang='lat' dir='ltr'><strong>igitur</strong></span> <span class='ocrx_word' id='word_1_11' title='bbox 790 172 938 208; x_wconf 85' lang='lat' dir='ltr'><strong>Eutyches</strong></span> <span class='ocrx_word' id='word_1_12' title='bbox 949 170 1018 199; x_wconf 83' lang='lat' dir='ltr'><strong>blas</strong></span> 
     </span>
    </p>
   </div>
   <div class='ocr_carea' id='block_1_3' title="bbox 1070 169 1917 208">
    <p class='ocr_par' dir='ltr' id='par_1_3' title="bbox 1084 169 1917 208">
     <span class='ocr_line' id='line_1_3' title="bbox 1084 169 1917 208; baseline 0.002 -13"><span class='ocrx_word' id='word_1_13' title='bbox 1084 169 1252 207; x_wconf 71' lang='grc' dir='ltr'><strong>ἀνεγερθῆναι</strong></span> <span class='ocrx_word' id='word_1_14' title='bbox 1280 169 1415 202; x_wconf 74' lang='grc' dir='ltr'><strong>ἐξήκοντα⁶</strong></span> <span class='ocrx_word' id='word_1_15' title='bbox 1445 170 1468 197; x_wconf 68' lang='lat' dir='ltr'><strong>ii</strong></span> <span class='ocrx_word' id='word_1_16' title='bbox 1504 169 1534 197; x_wconf 68' lang='grc' dir='ltr'><strong>δὲ</strong></span> <span class='ocrx_word' id='word_1_17' title='bbox 1562 172 1608 198; x_wconf 85' lang='grc' dir='ltr'><strong>καὶ</strong></span> <span class='ocrx_word' id='word_1_18' title='bbox 1633 169 1734 202; x_wconf 79' lang='grc' dir='ltr'>ἀληθὴς</span> <span class='ocrx_word' id='word_1_19' title='bbox 1762 171 1776 197; x_wconf 85' lang='grc' dir='ltr'><strong>ὀ</strong></span> <span class='ocrx_word' id='word_1_20' title='bbox 1819 171 1917 208; x_wconf 73' lang='grc' dir='ltr'>λόγος</span> 
     </span>
    </p>
   </div>
   <div class='ocr_carea' id='block_1_4' title="bbox 201 217 1027 256">
    <p class='ocr_par' dir='ltr' id='par_1_4' title="bbox 201 217 1027 256">
     <span class='ocr_line' id='line_1_4' title="bbox 201 217 1027 256; baseline -0.005 -8"><span class='ocrx_word' id='word_1_21' title='bbox 201 219 350 256; x_wconf 89' lang='lat' dir='ltr'><strong>phemans</strong></span> <span class='ocrx_word' id='word_1_22' title='bbox 374 217 493 246; x_wconf 87' lang='lat' dir='ltr'><strong>dicebat</strong></span> <span class='ocrx_word' id='word_1_23' title='bbox 517 225 549 245; x_wconf 88' lang='lat' dir='ltr'><strong>se</strong></span> <span class='ocrx_word' id='word_1_24' title='bbox 562 217 637 245; x_wconf 85' lang='lat' dir='ltr'><strong>scire</strong></span> <span class='ocrx_word' id='word_1_25' title='bbox 652 217 815 246; x_wconf 88' lang='lat' dir='ltr'><strong>Dominum</strong></span> <span class='ocrx_word' id='word_1_26' title='bbox 828 219 966 245; x_wconf 85' lang='lat' dir='ltr'><strong>nostrum</strong></span> <span class='ocrx_word' id='word_1_27' title='bbox 981 217 1027 244; x_wconf 83' lang='lat' dir='ltr'><strong>Je-</strong></span> 
     </span>
    </p>
   </div>
   <div class='ocr_carea' id='block_1_5' title="bbox 202 262 1028 292">
    <p class='ocr_par' dir='ltr' id='par_1_5' title="bbox 202 262 1028 292">
     <span class='ocr_line' id='line_1_5' title="bbox 202 262 1028 292; baseline -0.002 0"><span class='ocrx_word' id='word_1_28' title='bbox 202 272 270 292; x_wconf 88' lang='lat' dir='ltr'><strong>sum</strong></span> <span class='ocrx_word' id='word_1_29' title='bbox 291 263 438 292; x_wconf 77' lang='lat' dir='ltr'><strong>Christum</strong></span> <span class='ocrx_word' id='word_1_30' title='bbox 453 271 488 291; x_wconf 85' lang='lat' dir='ltr'><strong>ex</strong></span> <span class='ocrx_word' id='word_1_31' title='bbox 504 262 626 291; x_wconf 85' lang='lat' dir='ltr'><strong>duabus</strong></span> <span class='ocrx_word' id='word_1_32' title='bbox 640 263 808 291; x_wconf 83' lang='lat' dir='ltr'><strong>constitisse</strong></span> <span class='ocrx_word' id='word_1_33' title='bbox 830 263 945 291; x_wconf 88' lang='lat' dir='ltr'><strong>naturis</strong></span> <span class='ocrx_word' id='word_1_34' title='bbox 959 264 1028 290; x_wconf 88' lang='lat' dir='ltr'><strong>ante</strong></span> 
     </span>
    </p>
   </div>
   <div class='ocr_carea' id='block_1_6' title="bbox 200 308 1028 344">
    <p class='ocr_par' dir='ltr' id='par_1_6' title="bbox 200 308 1028 344">
     <span class='ocr_line' id='line_1_6' title="bbox 200 308 1028 344; baseline -0.004 -6"><span class='ocrx_word' id='word_1_35' title='bbox 200 309 357 342; x_wconf 90' lang='lat' dir='ltr'><strong>unionem,</strong></span> <span class='ocrx_word' id='word_1_36' title='bbox 373 316 409 336; x_wconf 85' lang='lat' dir='ltr'><strong>ex</strong></span> <span class='ocrx_word' id='word_1_37' title='bbox 425 308 515 336; x_wconf 89' lang='lat' dir='ltr'><strong>unica</strong></span> <span class='ocrx_word' id='word_1_38' title='bbox 538 315 610 336; x_wconf 83' lang='lat' dir='ltr'><strong>vero</strong></span> <span class='ocrx_word' id='word_1_39' title='bbox 629 309 697 344; x_wconf 90' lang='lat' dir='ltr'><strong>post</strong></span> <span class='ocrx_word' id='word_1_40' title='bbox 711 308 872 342; x_wconf 85' lang='lat' dir='ltr'><strong>unionem;</strong></span> <span class='ocrx_word' id='word_1_41' title='bbox 894 309 923 336; x_wconf 88' lang='lat' dir='ltr'><strong>et</strong></span> <span class='ocrx_word' id='word_1_42' title='bbox 942 315 1028 335; x_wconf 88' lang='lat' dir='ltr'><strong>sanc-</strong></span> 
     </span>
    </p>
   </div>
   <div class='ocr_carea' id='block_1_7' title="bbox 201 352 1027 389">
    <p class='ocr_par' dir='ltr' id='par_1_7' title="bbox 201 352 1027 389">
     <span class='ocr_line' id='line_1_7' title="bbox 201 352 1027 389; baseline -0.001 -8"><span class='ocrx_word' id='word_1_43' title='bbox 201 353 351 382; x_wconf 88' lang='lat' dir='ltr'><strong>tissimam</strong></span> <span class='ocrx_word' id='word_1_44' title='bbox 366 352 491 389; x_wconf 87' lang='lat' dir='ltr'><strong>quidem</strong></span> <span class='ocrx_word' id='word_1_45' title='bbox 503 352 652 388; x_wconf 78' lang='lat' dir='ltr'><strong>Virginem</strong></span> <span class='ocrx_word' id='word_1_46' title='bbox 675 352 960 381; x_wconf 75' lang='lat' dir='ltr'><strong>consubstantialem</strong></span> <span class='ocrx_word' id='word_1_47' title='bbox 973 359 1027 380; x_wconf 89' lang='lat' dir='ltr'><strong>no-</strong></span> 
     </span>
    </p>
   </div>
   <div class='ocr_carea' id='block_1_8' title="bbox 199 397 1027 435">
    <p class='ocr_par' dir='ltr' id='par_1_8' title="bbox 199 397 1027 435">
     <span class='ocr_line' id='line_1_8' title="bbox 199 397 1027 435; baseline -0.002 -9"><span class='ocrx_word' id='word_1_48' title='bbox 199 398 246 426; x_wconf 91' lang='lat' dir='ltr'><strong>bis</strong></span> <span class='ocrx_word' id='word_1_49' title='bbox 257 405 337 432; x_wconf 89' lang='lat' dir='ltr'><strong>esse;</strong></span> <span class='ocrx_word' id='word_1_50' title='bbox 348 397 402 435; x_wconf 87' lang='lat' dir='ltr'><strong>qui</strong></span> <span class='ocrx_word' id='word_1_51' title='bbox 415 399 516 426; x_wconf 87' lang='lat' dir='ltr'><strong>autem</strong></span> <span class='ocrx_word' id='word_1_52' title='bbox 527 405 564 425; x_wconf 84' lang='lat' dir='ltr'><strong>ex</strong></span> <span class='ocrx_word' id='word_1_53' title='bbox 573 404 611 426; x_wconf 88' lang='lat' dir='ltr'><strong>ea</strong></span> <span class='ocrx_word' id='word_1_54' title='bbox 625 405 747 426; x_wconf 86' lang='lat' dir='ltr'><strong>carnem</strong></span> <span class='ocrx_word' id='word_1_55' title='bbox 760 399 924 433; x_wconf 81' lang='lat' dir='ltr'><strong>receperat,</strong></span> <span class='ocrx_word' id='word_1_56' title='bbox 934 398 1027 425; x_wconf 90' lang='lat' dir='ltr'><strong>Deum</strong></span> 
     </span>
    </p>
   </div>
   <div class='ocr_carea' id='block_1_9' title="bbox 200 441 1028 477">
    <p class='ocr_par' dir='ltr' id='par_1_9' title="bbox 200 441 1028 477">
     <span class='ocr_line' id='line_1_9' title="bbox 200 441 1028 477; baseline 0 -7"><span class='ocrx_word' id='word_1_57' title='bbox 200 442 334 471; x_wconf 85' lang='lat' dir='ltr'><strong>Verbum</strong></span> <span class='ocrx_word' id='word_1_58' title='bbox 346 449 408 470; x_wconf 92' lang='lat' dir='ltr'><strong>non</strong></span> <span class='ocrx_word' id='word_1_59' title='bbox 422 441 510 470; x_wconf 90' lang='lat' dir='ltr'><strong>nobis</strong></span> <span class='ocrx_word' id='word_1_60' title='bbox 520 449 586 470; x_wconf 88' lang='lat' dir='ltr'><strong>esse</strong></span> <span class='ocrx_word' id='word_1_61' title='bbox 603 441 901 470; x_wconf 81' lang='lat' dir='ltr'><strong>consubstantialem.</strong></span> <span class='ocrx_word' id='word_1_62' title='bbox 914 441 1028 477; x_wconf 88' lang='lat' dir='ltr'><strong>Corpus</strong></span> 
     </span>
    </p>
   </div>
   <div class='ocr_carea' id='block_1_10' title="bbox 200 486 1029 523">
    <p class='ocr_par' dir='ltr' id='par_1_10' title="bbox 200 486 1029 523">
     <span class='ocr_line' id='line_1_10' title="bbox 200 486 1029 523; baseline 0 -8"><span class='ocrx_word' id='word_1_63' title='bbox 200 487 292 520; x_wconf 89' lang='lat' dir='ltr'><strong>enim,</strong></span> <span class='ocrx_word' id='word_1_64' title='bbox 319 487 426 523; x_wconf 84' lang='lat' dir='ltr'><strong>inquit,</strong></span> <span class='ocrx_word' id='word_1_65' title='bbox 452 486 559 514; x_wconf 81' lang='lat' dir='ltr'><strong>Christi</strong></span> <span class='ocrx_word' id='word_1_66' title='bbox 586 494 697 523; x_wconf 85' lang='lat' dir='ltr'><strong>corpus</strong></span> <span class='ocrx_word' id='word_1_67' title='bbox 720 486 800 521; x_wconf 85' lang='lat' dir='ltr'><strong>dico,</strong></span> <span class='ocrx_word' id='word_1_68' title='bbox 814 494 877 515; x_wconf 92' lang='lat' dir='ltr'><strong>non</strong></span> <span class='ocrx_word' id='word_1_69' title='bbox 899 486 965 522; x_wconf 88' lang='lat' dir='ltr'><strong>jam</strong></span> <span class='ocrx_word' id='word_1_70' title='bbox 983 487 1029 515; x_wconf 83' lang='lat' dir='ltr'><strong>est</strong></span> 
     </span>
    </p>
   </div>
   <div class='ocr_carea' id='block_1_11' title="bbox 198 531 1028 568">
    <p class='ocr_par' dir='ltr' id='par_1_11' title="bbox 198 531 1028 568">
     <span class='ocr_line' id='line_1_11' title="bbox 198 531 1028 568; baseline -0.002 -8"><span class='ocrx_word' id='word_1_71' title='bbox 198 539 310 568; x_wconf 86' lang='lat' dir='ltr'><strong>corpus</strong></span> <span class='ocrx_word' id='word_1_72' title='bbox 330 531 475 560; x_wconf 87' lang='lat' dir='ltr'><strong>hominis.</strong></span> <span class='ocrx_word' id='word_1_73' title='bbox 488 531 569 560; x_wconf 88' lang='lat' dir='ltr'><strong>Illius</strong></span> <span class='ocrx_word' id='word_1_74' title='bbox 593 531 709 560; x_wconf 85' lang='lat' dir='ltr'><strong>amicus</strong></span> <span class='ocrx_word' id='word_1_75' title='bbox 723 533 752 560; x_wconf 86' lang='lat' dir='ltr'><strong>et</strong></span> <span class='ocrx_word' id='word_1_76' title='bbox 764 531 922 560; x_wconf 81' lang='lat' dir='ltr'><strong>familiaris</strong></span> <span class='ocrx_word' id='word_1_77' title='bbox 936 532 1028 559; x_wconf 85' lang='lat' dir='ltr'><strong>Euse-</strong></span> 
     </span>
    </p>
   </div>
   <div class='ocr_carea' id='block_1_12' title="bbox 197 576 1029 612">
    <p class='ocr_par' dir='ltr' id='par_1_12' title="bbox 197 576 1029 612">
     <span class='ocr_line' id='line_1_12' title="bbox 197 576 1029 612; baseline -0.001 -7"><span class='ocrx_word' id='word_1_78' title='bbox 197 576 268 605; x_wconf 90' lang='lat' dir='ltr'><strong>bius</strong></span> <span class='ocrx_word' id='word_1_79' title='bbox 283 576 418 612; x_wconf 64' lang='lat' dir='ltr'><strong>Doryleae</strong></span> <span class='ocrx_word' id='word_1_80' title='bbox 432 576 591 612; x_wconf 87' lang='lat' dir='ltr'><strong>episcopus</strong></span> <span class='ocrx_word' id='word_1_81' title='bbox 612 576 723 612; x_wconf 66' lang='lat' dir='ltr'><strong>saepius</strong></span> <span class='ocrx_word' id='word_1_82' title='bbox 736 576 822 604; x_wconf 90' lang='lat' dir='ltr'><strong>illum</strong></span> <span class='ocrx_word' id='word_1_83' title='bbox 834 576 972 604; x_wconf 77' lang='lat' dir='ltr'><strong>hortatus</strong></span> <span class='ocrx_word' id='word_1_84' title='bbox 984 577 1029 604; x_wconf 86' lang='lat' dir='ltr'><strong>est</strong></span> 
     </span>
    </p>
   </div>
   <div class='ocr_carea' id='block_1_13' title="bbox 198 619 1026 656">
    <p class='ocr_par' dir='ltr' id='par_1_13' title="bbox 198 619 1026 656">
     <span class='ocr_line' id='line_1_13' title="bbox 198 619 1026 656; baseline -0.004 -6"><span class='ocrx_word' id='word_1_85' title='bbox 198 623 233 650; x_wconf 89' lang='lat' dir='ltr'><strong>ut</strong></span> <span class='ocrx_word' id='word_1_86' title='bbox 246 621 317 650; x_wconf 86' lang='lat' dir='ltr'><strong>talia</strong></span> <span class='ocrx_word' id='word_1_87' title='bbox 327 620 472 656; x_wconf 78' lang='lat' dir='ltr'><strong>dogmata</strong></span> <span class='ocrx_word' id='word_1_88' title='bbox 481 623 570 649; x_wconf 68' lang='lat' dir='ltr'><strong>rectae</strong></span> <span class='ocrx_word' id='word_1_89' title='bbox 581 620 652 649; x_wconf 88' lang='lat' dir='ltr'><strong>ﬁdei</strong></span> <span class='ocrx_word' id='word_1_90' title='bbox 662 621 814 650; x_wconf 84' lang='lat' dir='ltr'><strong>contraria</strong></span> <span class='ocrx_word' id='word_1_91' title='bbox 826 627 887 649; x_wconf 91' lang='lat' dir='ltr'><strong>non</strong></span> <span class='ocrx_word' id='word_1_92' title='bbox 899 619 1026 649; x_wconf 66' lang='lat' dir='ltr'><strong>diceret;</strong></span> 
     </span>
    </p>
   </div>
   <div class='ocr_carea' id='block_1_14' title="bbox 198 664 1028 698">
    <p class='ocr_par' dir='ltr' id='par_1_14' title="bbox 198 664 1028 698">
     <span class='ocr_line' id='line_1_14' title="bbox 198 664 1028 698; baseline -0.002 -3"><span class='ocrx_word' id='word_1_93' title='bbox 198 674 269 695; x_wconf 87' lang='lat' dir='ltr'><strong>cum</strong></span> <span class='ocrx_word' id='word_1_94' title='bbox 295 668 396 694; x_wconf 83' lang='lat' dir='ltr'><strong>autem</strong></span> <span class='ocrx_word' id='word_1_95' title='bbox 424 665 509 694; x_wconf 88' lang='lat' dir='ltr'><strong>illum</strong></span> <span class='ocrx_word' id='word_1_96' title='bbox 535 664 757 693; x_wconf 85' lang='lat' dir='ltr'><strong>immutabilem</strong></span> <span class='ocrx_word' id='word_1_97' title='bbox 787 666 932 698; x_wconf 81' lang='lat' dir='ltr'><strong>cerneret,</strong></span> <span class='ocrx_word' id='word_1_98' title='bbox 965 664 1028 693; x_wconf 86' lang='lat' dir='ltr'><strong>Fla-</strong></span> 
     </span>
    </p>
   </div>
   <div class='ocr_carea' id='block_1_15' title="bbox 197 709 1026 746">
    <p class='ocr_par' dir='ltr' id='par_1_15' title="bbox 197 709 1026 746">
     <span class='ocr_line' id='line_1_15' title="bbox 197 709 1026 746; baseline -0.002 -6"><span class='ocrx_word' id='word_1_99' title='bbox 197 711 289 740; x_wconf 83' lang='lat' dir='ltr'><strong>viano</strong></span> <span class='ocrx_word' id='word_1_100' title='bbox 316 712 389 738; x_wconf 88' lang='lat' dir='ltr'><strong>tunc</strong></span> <span class='ocrx_word' id='word_1_101' title='bbox 403 709 548 746; x_wconf 86' lang='lat' dir='ltr'><strong>temporis</strong></span> <span class='ocrx_word' id='word_1_102' title='bbox 562 709 838 746; x_wconf 81' lang='lat' dir='ltr'><strong>Constantinopolis</strong></span> <span class='ocrx_word' id='word_1_103' title='bbox 849 709 1026 746; x_wconf 65' lang='lat' dir='ltr'><strong>patriarcha:</strong></span> 
     </span>
    </p>
   </div>
   <div class='ocr_carea' id='block_1_16' title="bbox 197 755 397 784">
    <p class='ocr_par' dir='ltr' id='par_1_16' title="bbox 197 755 397 784">
     <span class='ocr_line' id='line_1_16' title="bbox 197 755 397 784; baseline -0.01 0"><span class='ocrx_word' id='word_1_104' title='bbox 197 755 397 784; x_wconf 82' lang='lat' dir='ltr'><strong>denuntiavit.</strong></span> 
     </span>
    </p>
   </div>
   <div class='ocr_carea' id='block_1_17' title="bbox 232 799 1026 835">
    <p class='ocr_par' dir='ltr' id='par_1_17' title="bbox 232 799 1026 835">
     <span class='ocr_line' id='line_1_17' title="bbox 232 799 1026 835; baseline 0 -7"><span class='ocrx_word' id='word_1_105' title='bbox 232 802 260 828; x_wconf 85' lang='lat'><strong>2.</strong></span> <span class='ocrx_word' id='word_1_106' title='bbox 275 800 330 833; x_wconf 87' lang='lat' dir='ltr'><strong>Qui</strong></span> <span class='ocrx_word' id='word_1_107' title='bbox 345 807 415 827; x_wconf 89' lang='lat' dir='ltr'><strong>cum</strong></span> <span class='ocrx_word' id='word_1_108' title='bbox 425 799 578 835; x_wconf 85' lang='lat' dir='ltr'><strong>Eutychen</strong></span> <span class='ocrx_word' id='word_1_109' title='bbox 594 799 633 827; x_wconf 90' lang='lat' dir='ltr'><strong>ad</strong></span> <span class='ocrx_word' id='word_1_110' title='bbox 644 806 675 827; x_wconf 90' lang='lat' dir='ltr'><strong>se</strong></span> <span class='ocrx_word' id='word_1_111' title='bbox 688 800 837 834; x_wconf 84' lang='lat' dir='ltr'><strong>vocasset,</strong></span> <span class='ocrx_word' id='word_1_112' title='bbox 848 800 878 827; x_wconf 81' lang='lat' dir='ltr'><strong>et</strong></span> <span class='ocrx_word' id='word_1_113' title='bbox 885 806 949 828; x_wconf 89' lang='lat' dir='ltr'><strong>rem</strong></span> <span class='ocrx_word' id='word_1_114' title='bbox 964 807 1026 828; x_wconf 86' lang='lat' dir='ltr'><strong>una</strong></span> 
     </span>
    </p>
   </div>
   <div class='ocr_carea' id='block_1_18' title="bbox 1083 213 1917 252">
    <p class='ocr_par' dir='ltr' id='par_1_18' title="bbox 1083 213 1917 252">
     <span class='ocr_line' id='line_1_18' title="bbox 1083 213 1917 252; baseline 0.002 -12"><span class='ocrx_word' id='word_1_115' title='bbox 1083 214 1169 249; x_wconf 69' lang='grc' dir='ltr'><strong><em>οὗτος,</em></strong></span> <span class='ocrx_word' id='word_1_116' title='bbox 1198 214 1311 251; x_wconf 75' lang='grc' dir='ltr'>ἀκριϐῶς</span> <span class='ocrx_word' id='word_1_117' title='bbox 1340 215 1386 242; x_wconf 78' lang='grc' dir='ltr'><strong>οὐκ</strong></span> <span class='ocrx_word' id='word_1_118' title='bbox 1414 217 1503 252; x_wconf 70' lang='grc' dir='ltr'><strong>ἵσημι.</strong></span> <span class='ocrx_word' id='word_1_119' title='bbox 1534 215 1616 246; x_wconf 71' lang='grc' dir='ltr'>Οὗτος</span> <span class='ocrx_word' id='word_1_120' title='bbox 1648 213 1692 242; x_wconf 79' lang='grc' dir='ltr'><strong><em>οὗν</em></strong></span> <span class='ocrx_word' id='word_1_121' title='bbox 1723 217 1737 242; x_wconf 89' lang='grc' dir='ltr'><strong><em>ὁ</em></strong></span> <span class='ocrx_word' id='word_1_122' title='bbox 1773 213 1917 247; x_wconf 76' lang='grc' dir='ltr'><strong>δείλαιος</strong></span> 
     </span>
    </p>
   </div>
   <div class='ocr_carea' id='block_1_19' title="bbox 1082 258 1914 298">
    <p class='ocr_par' dir='ltr' id='par_1_19' title="bbox 1082 258 1914 298">
     <span class='ocr_line' id='line_1_19' title="bbox 1082 258 1914 298; baseline 0.001 -13"><span class='ocrx_word' id='word_1_123' title='bbox 1082 258 1206 295; x_wconf 78' lang='grc' dir='ltr'><strong><em>Εὐτυχής</em></strong></span> <span class='ocrx_word' id='word_1_124' title='bbox 1244 258 1409 296; x_wconf 74' lang='grc' dir='ltr'>βλασφημῶν</span> <span class='ocrx_word' id='word_1_125' title='bbox 1451 260 1534 296; x_wconf 76' lang='grc' dir='ltr'>ἕλιγιν</span> <span class='ocrx_word' id='word_1_126' title='bbox 1574 258 1670 287; x_wconf 67' lang='grc' dir='ltr'><strong>εἰδέναι</strong></span> <span class='ocrx_word' id='word_1_127' title='bbox 1708 262 1752 287; x_wconf 87' lang='grc' dir='ltr'><strong><em>τὸν</em></strong></span> <span class='ocrx_word' id='word_1_128' title='bbox 1794 262 1914 298; x_wconf 82' lang='grc' dir='ltr'><strong>Κύριον</strong></span> 
     </span>
    </p>
   </div>
   <div class='ocr_carea' id='block_1_20' title="bbox 1083 303 1912 342">
    <p class='ocr_par' dir='ltr' id='par_1_20' title="bbox 1083 303 1912 342">
     <span class='ocr_line' id='line_1_20' title="bbox 1083 303 1912 342; baseline 0.002 -13"><span class='ocrx_word' id='word_1_129' title='bbox 1083 304 1156 340; x_wconf 81' lang='grc' dir='ltr'><strong>ἡμῶν</strong></span> <span class='ocrx_word' id='word_1_130' title='bbox 1172 303 1275 334; x_wconf 81' lang='grc' dir='ltr'><strong>Ἰησοῦν</strong></span> <span class='ocrx_word' id='word_1_131' title='bbox 1297 306 1414 342; x_wconf 77' lang='grc' dir='ltr'><strong><em>Χριστὸν</em></strong></span> <span class='ocrx_word' id='word_1_132' title='bbox 1437 304 1466 331; x_wconf 69' lang='grc' dir='ltr'><strong><em>ἔκ</em></strong></span> <span class='ocrx_word' id='word_1_133' title='bbox 1490 303 1539 332; x_wconf 83' lang='grc' dir='ltr'><strong>δύο</strong></span> <span class='ocrx_word' id='word_1_134' title='bbox 1557 305 1603 341; x_wconf 75' lang='grc' dir='ltr'><strong>μὶν</strong></span> <span class='ocrx_word' id='word_1_135' title='bbox 1632 306 1732 341; x_wconf 75' lang='grc' dir='ltr'><strong>φύσεων</strong></span> <span class='ocrx_word' id='word_1_136' title='bbox 1762 307 1820 342; x_wconf 85' lang='grc' dir='ltr'><strong><em>πρὸ</em></strong></span> <span class='ocrx_word' id='word_1_137' title='bbox 1850 309 1912 336; x_wconf 81' lang='grc' dir='ltr'><strong>τῆς</strong></span> 
     </span>
    </p>
   </div>
   <div class='ocr_carea' id='block_1_21' title="bbox 1083 347 1908 386">
    <p class='ocr_par' dir='ltr' id='par_1_21' title="bbox 1083 347 1908 386">
     <span class='ocr_line' id='line_1_21' title="bbox 1083 347 1908 386; baseline 0.002 -12"><span class='ocrx_word' id='word_1_138' title='bbox 1083 348 1206 383; x_wconf 73' lang='grc' dir='ltr'><strong><em>ένὼσεως,</em></strong></span> <span class='ocrx_word' id='word_1_139' title='bbox 1235 351 1299 385; x_wconf 84' lang='grc' dir='ltr'>μιᾶς</span> <span class='ocrx_word' id='word_1_140' title='bbox 1329 347 1359 376; x_wconf 65' lang='grc' dir='ltr'><strong>δὲ</strong></span> <span class='ocrx_word' id='word_1_141' title='bbox 1391 359 1457 386; x_wconf 84' lang='grc' dir='ltr'>μετα</span> <span class='ocrx_word' id='word_1_142' title='bbox 1486 351 1533 379; x_wconf 79' lang='grc' dir='ltr'><strong>τὴν</strong></span> <span class='ocrx_word' id='word_1_143' title='bbox 1565 350 1666 377; x_wconf 79' lang='grc' dir='ltr'><strong>ἕνωσιν·</strong></span> <span class='ocrx_word' id='word_1_144' title='bbox 1691 352 1737 376; x_wconf 85' lang='grc' dir='ltr'><strong>καὶ</strong></span> <span class='ocrx_word' id='word_1_145' title='bbox 1763 352 1816 379; x_wconf 79' lang='grc' dir='ltr'><strong>τήν</strong></span> <span class='ocrx_word' id='word_1_146' title='bbox 1853 351 1908 386; x_wconf 70' lang='grc' dir='ltr'><strong>μὲν</strong></span> 
     </span>
    </p>
   </div>
   <div class='ocr_carea' id='block_1_22' title="bbox 1082 392 1908 432">
    <p class='ocr_par' dir='ltr' id='par_1_22' title="bbox 1082 392 1908 432">
     <span class='ocr_line' id='line_1_22' title="bbox 1082 392 1908 432; baseline 0.001 -13"><span class='ocrx_word' id='word_1_147' title='bbox 1082 392 1161 428; x_wconf 83' lang='grc' dir='ltr'>ἁγίαν</span> <span class='ocrx_word' id='word_1_148' title='bbox 1188 396 1314 420; x_wconf 82' lang='grc' dir='ltr'><strong><em>Θιοτόκον</em></strong></span> <span class='ocrx_word' id='word_1_149' title='bbox 1342 394 1480 430; x_wconf 86' lang='grc' dir='ltr'><strong><em>ὁμοούσιον</em></strong></span> <span class='ocrx_word' id='word_1_150' title='bbox 1502 395 1564 430; x_wconf 75' lang='grc' dir='ltr'>ἡμῖν</span> <span class='ocrx_word' id='word_1_151' title='bbox 1588 395 1776 432; x_wconf 78' lang='grc' dir='ltr'><strong><em>ὑπάρχουσαν,</em></strong></span> <span class='ocrx_word' id='word_1_152' title='bbox 1792 396 1846 421; x_wconf 82' lang='grc' dir='ltr'><strong><em>τὸν</em></strong></span> <span class='ocrx_word' id='word_1_153' title='bbox 1871 393 1908 420; x_wconf 74' lang='grc' dir='ltr'><strong>δὲ</strong></span> 
     </span>
    </p>
   </div>
   <div class='ocr_carea' id='block_1_23' title="bbox 1082 437 1904 476">
    <p class='ocr_par' dir='ltr' id='par_1_23' title="bbox 1082 437 1904 476">
     <span class='ocr_line' id='line_1_23' title="bbox 1082 437 1904 476; baseline 0.002 -12"><span class='ocrx_word' id='word_1_154' title='bbox 1082 437 1111 469; x_wconf 80' lang='grc' dir='ltr'><strong>ὶξ</strong></span> <span class='ocrx_word' id='word_1_155' title='bbox 1139 438 1221 470; x_wconf 73' lang='grc' dir='ltr'>αὐτῆς</span> <span class='ocrx_word' id='word_1_156' title='bbox 1250 440 1418 476; x_wconf 67' lang='grc' dir='ltr'><strong>σαρκο-»θέντα</strong></span> <span class='ocrx_word' id='word_1_157' title='bbox 1445 441 1510 466; x_wconf 87' lang='grc' dir='ltr'><strong><em>Θεὸν</em></strong></span> <span class='ocrx_word' id='word_1_158' title='bbox 1541 440 1626 476; x_wconf 86' lang='grc' dir='ltr'><strong><em>Λόγον</em></strong></span> <span class='ocrx_word' id='word_1_159' title='bbox 1660 439 1713 475; x_wconf 72' lang='grc' dir='ltr'><strong>οὐχ</strong></span> <span class='ocrx_word' id='word_1_160' title='bbox 1743 440 1904 476; x_wconf 73' lang='grc' dir='ltr'><strong><em>ὁμοοὺσιον</em></strong></span> 
     </span>
    </p>
   </div>
   <div class='ocr_carea' id='block_1_24' title="bbox 1082 483 1903 522">
    <p class='ocr_par' dir='ltr' id='par_1_24' title="bbox 1082 483 1903 522">
     <span class='ocr_line' id='line_1_24' title="bbox 1082 483 1903 522; baseline 0.002 -13"><span class='ocrx_word' id='word_1_161' title='bbox 1082 483 1156 519; x_wconf 81' lang='grc' dir='ltr'>ἡμῖν,</span> <span class='ocrx_word' id='word_1_162' title='bbox 1179 487 1257 520; x_wconf 86' lang='grc' dir='ltr'>Σῶμα</span> <span class='ocrx_word' id='word_1_163' title='bbox 1274 485 1336 521; x_wconf 82' lang='grc' dir='ltr'><strong><em>γὰρ,</em></strong></span> <span class='ocrx_word' id='word_1_164' title='bbox 1362 486 1438 521; x_wconf 70' lang='grc' dir='ltr'><strong><em>φησὶ,</em></strong></span> <span class='ocrx_word' id='word_1_165' title='bbox 1453 483 1519 521; x_wconf 71' lang='grc' dir='ltr'>λέγω</span> <span class='ocrx_word' id='word_1_166' title='bbox 1538 486 1567 510; x_wconf 84' lang='grc' dir='ltr'><strong><em>τὸ</em></strong></span> <span class='ocrx_word' id='word_1_167' title='bbox 1582 488 1628 510; x_wconf 85' lang='grc' dir='ltr'><strong>τοῦ</strong></span> <span class='ocrx_word' id='word_1_168' title='bbox 1652 488 1772 521; x_wconf 82' lang='grc' dir='ltr'><strong>Χριστοῦ</strong></span> <span class='ocrx_word' id='word_1_169' title='bbox 1799 489 1903 522; x_wconf 78' lang='grc' dir='ltr'><strong><em>σῶμα,</em></strong></span> 
     </span>
    </p>
   </div>
   <div class='ocr_carea' id='block_1_25' title="bbox 1083 527 1902 566">
    <p class='ocr_par' dir='ltr' id='par_1_25' title="bbox 1083 527 1902 566">
     <span class='ocr_line' id='line_1_25' title="bbox 1083 527 1902 566; baseline 0.002 -12"><span class='ocrx_word' id='word_1_170' title='bbox 1083 527 1170 554; x_wconf 71' lang='grc' dir='ltr'><strong><em>οὐκέτι</em></strong></span> <span class='ocrx_word' id='word_1_171' title='bbox 1190 527 1219 555; x_wconf 71' lang='grc' dir='ltr'><strong>δι</strong></span> <span class='ocrx_word' id='word_1_172' title='bbox 1245 530 1290 555; x_wconf 85' lang='grc' dir='ltr'>καὶ</span> <span class='ocrx_word' id='word_1_173' title='bbox 1328 533 1405 565; x_wconf 84' lang='grc' dir='ltr'><strong><em>σῶμα</em></strong></span> <span class='ocrx_word' id='word_1_174' title='bbox 1439 528 1587 566; x_wconf 76' lang='grc' dir='ltr'><strong><em>ἀνθρώπου.</em></strong></span> <span class='ocrx_word' id='word_1_175' title='bbox 1611 529 1699 565; x_wconf 73' lang='grc' dir='ltr'>Τούτῳ</span> <span class='ocrx_word' id='word_1_176' title='bbox 1728 529 1804 566; x_wconf 67' lang='grc' dir='ltr'><strong><em>φίλος</em></strong></span> <span class='ocrx_word' id='word_1_177' title='bbox 1847 532 1902 556; x_wconf 76' lang='grc' dir='ltr'><strong><em>καὶ</em></strong></span> 
     </span>
    </p>
   </div>
   <div class='ocr_carea' id='block_1_26' title="bbox 1081 573 1901 612">
    <p class='ocr_par' dir='ltr' id='par_1_26' title="bbox 1081 573 1901 612">
     <span class='ocr_line' id='line_1_26' title="bbox 1081 573 1901 612; baseline 0.002 -13"><span class='ocrx_word' id='word_1_178' title='bbox 1081 575 1212 610; x_wconf 83' lang='grc' dir='ltr'><strong>γνώριμος</strong></span> <span class='ocrx_word' id='word_1_179' title='bbox 1240 574 1274 600; x_wconf 83' lang='grc' dir='ltr'><strong><em>ὧν</em></strong></span> <span class='ocrx_word' id='word_1_180' title='bbox 1289 573 1414 606; x_wconf 71' lang='grc' dir='ltr'><strong>Εὐσέϐιος</strong></span> <span class='ocrx_word' id='word_1_181' title='bbox 1442 575 1454 600; x_wconf 84' lang='grc' dir='ltr'><strong><em>ὁ</em></strong></span> <span class='ocrx_word' id='word_1_182' title='bbox 1476 574 1618 612; x_wconf 82' lang='grc' dir='ltr'><strong><em>Δορυλαίου</em></strong></span> <span class='ocrx_word' id='word_1_183' title='bbox 1647 574 1800 608; x_wconf 75' lang='grc' dir='ltr'><strong><em>ἓπίσκοπος,</em></strong></span> <span class='ocrx_word' id='word_1_184' title='bbox 1823 575 1901 601; x_wconf 83' lang='grc' dir='ltr'><strong>πολ-</strong></span> 
     </span>
    </p>
   </div>
   <div class='ocr_carea' id='block_1_27' title="bbox 1082 617 1901 656">
    <p class='ocr_par' dir='ltr' id='par_1_27' title="bbox 1082 617 1901 656">
     <span class='ocr_line' id='line_1_27' title="bbox 1082 617 1901 656; baseline 0.002 -12"><span class='ocrx_word' id='word_1_185' title='bbox 1082 617 1156 650; x_wconf 71' lang='grc' dir='ltr'>λάκις</span> <span class='ocrx_word' id='word_1_186' title='bbox 1188 620 1318 655; x_wconf 79' lang='grc' dir='ltr'>παρῄνεσε</span> <span class='ocrx_word' id='word_1_187' title='bbox 1348 621 1384 655; x_wconf 74' lang='grc' dir='ltr'><strong>μὴ</strong></span> <span class='ocrx_word' id='word_1_188' title='bbox 1423 622 1534 646; x_wconf 82' lang='grc' dir='ltr'>τοιαῦτα</span> <span class='ocrx_word' id='word_1_189' title='bbox 1571 619 1651 655; x_wconf 79' lang='grc' dir='ltr'>λέγειν</span> <span class='ocrx_word' id='word_1_190' title='bbox 1682 618 1808 656; x_wconf 78' lang='grc' dir='ltr'>ἀλλότρια</span> <span class='ocrx_word' id='word_1_191' title='bbox 1843 624 1901 651; x_wconf 83' lang='grc' dir='ltr'><strong>τῆς</strong></span> 
     </span>
    </p>
   </div>
   <div class='ocr_carea' id='block_1_28' title="bbox 1082 661 1898 702">
    <p class='ocr_par' dir='ltr' id='par_1_28' title="bbox 1082 661 1898 702">
     <span class='ocr_line' id='line_1_28' title="bbox 1082 661 1898 702; baseline 0.002 -13"><span class='ocrx_word' id='word_1_192' title='bbox 1082 663 1162 700; x_wconf 81' lang='grc' dir='ltr'><strong>ὀρθῆς</strong></span> <span class='ocrx_word' id='word_1_193' title='bbox 1176 661 1299 700; x_wconf 82' lang='grc' dir='ltr'>δόγματα</span> <span class='ocrx_word' id='word_1_194' title='bbox 1312 666 1435 695; x_wconf 75' lang='grc' dir='ltr'><strong><em>πίστεωςο</em></strong></span> <span class='ocrx_word' id='word_1_195' title='bbox 1452 665 1519 702; x_wconf 83' lang='grc' dir='ltr'><strong><em>ὁρῶν</em></strong></span> <span class='ocrx_word' id='word_1_196' title='bbox 1540 662 1570 691; x_wconf 61' lang='grc' dir='ltr'><strong>δὴ</strong></span> <span class='ocrx_word' id='word_1_197' title='bbox 1588 663 1752 701; x_wconf 69' lang='grc' dir='ltr'><strong>ἀμεταθέτως</strong></span> <span class='ocrx_word' id='word_1_198' title='bbox 1774 665 1898 700; x_wconf 73' lang='grc' dir='ltr'><strong><em>ἔχοντα,</em></strong></span> 
     </span>
    </p>
   </div>
   <div class='ocr_carea' id='block_1_29' title="bbox 1082 707 1895 747">
    <p class='ocr_par' dir='ltr' id='par_1_29' title="bbox 1082 707 1895 747">
     <span class='ocr_line' id='line_1_29' title="bbox 1082 707 1895 747; baseline 0.002 -13"><span class='ocrx_word' id='word_1_199' title='bbox 1082 707 1216 744; x_wconf 72' lang='grc' dir='ltr'>Φλαϐιανῷ</span> <span class='ocrx_word' id='word_1_200' title='bbox 1260 708 1435 745; x_wconf 68' lang='grc' dir='ltr'><strong>προσήγγειλε</strong></span> <span class='ocrx_word' id='word_1_201' title='bbox 1481 710 1510 736; x_wconf 82' lang='grc' dir='ltr'><strong><em>τὸ</em></strong></span> <span class='ocrx_word' id='word_1_202' title='bbox 1543 712 1689 739; x_wconf 77' lang='grc' dir='ltr'>τηνικαῦτα</span> <span class='ocrx_word' id='word_1_203' title='bbox 1725 711 1895 747; x_wconf 69' lang='grc' dir='ltr'><strong><em>πατριάρχῃ</em></strong></span> 
     </span>
    </p>
   </div>
   <div class='ocr_carea' id='block_1_30' title="bbox 1083 753 1390 784">
    <p class='ocr_par' dir='ltr' id='par_1_30' title="bbox 1083 753 1390 784">
     <span class='ocr_line' id='line_1_30' title="bbox 1083 753 1390 784; baseline 0.007 -5"><span class='ocrx_word' id='word_1_204' title='bbox 1083 755 1139 779; x_wconf 78' lang='grc' dir='ltr'><strong>Κων</strong></span> <span class='ocrx_word' id='word_1_205' title='bbox 1143 753 1378 784; x_wconf 78' lang='grc' dir='ltr'><strong>σταντινουπόλεως</strong></span> <span class='ocrx_word' id='word_1_206' title='bbox 1384 775 1390 781; x_wconf 92' lang='grc'>.</span> 
     </span>
    </p>
   </div>
   <div class='ocr_carea' id='block_1_31' title="bbox 1117 796 1894 835">
    <p class='ocr_par' dir='ltr' id='par_1_31' title="bbox 1117 796 1894 835">
     <span class='ocr_line' id='line_1_31' title="bbox 1117 796 1894 835; baseline -0.001 -10"><span class='ocrx_word' id='word_1_207' title='bbox 1117 796 1152 834; x_wconf 83' lang='grc' dir='ltr'><strong>β’.</strong></span> <span class='ocrx_word' id='word_1_208' title='bbox 1179 798 1218 824; x_wconf 80' lang='grc' dir='ltr'><strong>οὗ</strong></span> <span class='ocrx_word' id='word_1_209' title='bbox 1244 798 1485 835; x_wconf 71' lang='grc' dir='ltr'><strong>μετακαλεσαμένου</strong></span> <span class='ocrx_word' id='word_1_210' title='bbox 1512 799 1555 824; x_wconf 83' lang='grc' dir='ltr'><strong>τὸν</strong></span> <span class='ocrx_word' id='word_1_211' title='bbox 1582 798 1714 834; x_wconf 71' lang='grc' dir='ltr'><strong>Εὑτνχέα,</strong></span> <span class='ocrx_word' id='word_1_212' title='bbox 1744 800 1791 824; x_wconf 86' lang='grc' dir='ltr'><strong>καὶ</strong></span> <span class='ocrx_word' id='word_1_213' title='bbox 1819 800 1894 835; x_wconf 81' lang='grc' dir='ltr'><strong>μετὰ</strong></span> 
     </span>
    </p>
   </div>
   <div class='ocr_carea' id='block_1_32' title="bbox 197 840 1018 881">
    <p class='ocr_par' dir='ltr' id='par_1_32' title="bbox 197 844 1018 880">
     <span class='ocr_line' id='line_1_32' title="bbox 197 844 1018 880; baseline 0 -7"><span class='ocrx_word' id='word_1_214' title='bbox 197 853 268 873; x_wconf 89' lang='lat' dir='ltr'><strong>eum</strong></span> <span class='ocrx_word' id='word_1_215' title='bbox 284 844 324 873; x_wconf 92' lang='lat' dir='ltr'><strong>ibi</strong></span> <span class='ocrx_word' id='word_1_216' title='bbox 337 846 475 872; x_wconf 83' lang='lat' dir='ltr'><strong>versante</strong></span> <span class='ocrx_word' id='word_1_217' title='bbox 488 844 700 880; x_wconf 81' lang='lat' dir='ltr'><strong>episcoporum</strong></span> <span class='ocrx_word' id='word_1_218' title='bbox 716 844 834 880; x_wconf 88' lang='lat' dir='ltr'><strong>synodo</strong></span> <span class='ocrx_word' id='word_1_219' title='bbox 855 844 1018 873; x_wconf 41' lang='lat' dir='ltr'><strong>examines:</strong></span> 
     </span>
    </p>
   </div>
   <div class='ocr_carea' id='block_1_33' title="bbox 1070 840 1893 881">
    <p class='ocr_par' dir='ltr' id='par_1_33' title="bbox 1080 840 1893 880">
     <span class='ocr_line' id='line_1_33' title="bbox 1080 840 1893 880; baseline 0.002 -12"><span class='ocrx_word' id='word_1_220' title='bbox 1080 846 1129 873; x_wconf 82' lang='grc' dir='ltr'><strong>τῆς</strong></span> <span class='ocrx_word' id='word_1_221' title='bbox 1154 840 1319 879; x_wconf 76' lang='grc' dir='ltr'><strong>ὶνδημούσης</strong></span> <span class='ocrx_word' id='word_1_222' title='bbox 1345 847 1395 870; x_wconf 80' lang='grc' dir='ltr'><strong>τῶν</strong></span> <span class='ocrx_word' id='word_1_223' title='bbox 1416 842 1564 869; x_wconf 80' lang='grc' dir='ltr'><strong><em>ἰπισκοπων</em></strong></span> <span class='ocrx_word' id='word_1_224' title='bbox 1581 841 1694 869; x_wconf 78' lang='grc' dir='ltr'><strong>συνόδου</strong></span> <span class='ocrx_word' id='word_1_225' title='bbox 1719 844 1748 869; x_wconf 84' lang='grc' dir='ltr'><strong><em>τὸ</em></strong></span> <span class='ocrx_word' id='word_1_226' title='bbox 1771 847 1893 880; x_wconf 78' lang='grc' dir='ltr'><strong><em>πρᾶγμα</em></strong></span> 
     </span>
    </p>
   </div>
   <div class='ocr_carea' id='block_1_34' title="bbox 197 887 1025 924">
    <p class='ocr_par' dir='ltr' id='par_1_34' title="bbox 197 887 1025 924">
     <span class='ocr_line' id='line_1_34' title="bbox 197 887 1025 924; baseline 0 -7"><span class='ocrx_word' id='word_1_227' title='bbox 197 890 254 923; x_wconf 85' lang='lat' dir='ltr'><strong>set,</strong></span> <span class='ocrx_word' id='word_1_228' title='bbox 280 888 428 924; x_wconf 87' lang='lat' dir='ltr'><strong>Eutyches</strong></span> <span class='ocrx_word' id='word_1_229' title='bbox 453 895 484 916; x_wconf 91' lang='lat' dir='ltr'><strong>se</strong></span> <span class='ocrx_word' id='word_1_230' title='bbox 513 887 749 916; x_wconf 88' lang='lat' dir='ltr'><strong>condemnatum</strong></span> <span class='ocrx_word' id='word_1_231' title='bbox 774 887 890 923; x_wconf 86' lang='lat' dir='ltr'><strong>videns,</strong></span> <span class='ocrx_word' id='word_1_232' title='bbox 904 888 1025 917; x_wconf 84' lang='lat' dir='ltr'><strong>cuidam</strong></span> 
     </span>
    </p>
   </div>
   <div class='ocr_carea' id='block_1_35' title="bbox 196 932 1024 970">
    <p class='ocr_par' dir='ltr' id='par_1_35' title="bbox 196 932 1024 970">
     <span class='ocr_line' id='line_1_35' title="bbox 196 932 1024 970; baseline -0.001 -8"><span class='ocrx_word' id='word_1_233' title='bbox 196 934 292 962; x_wconf 90' lang='lat' dir='ltr'><strong>Nomo</strong></span> <span class='ocrx_word' id='word_1_234' title='bbox 301 932 436 967; x_wconf 87' lang='lat' dir='ltr'><strong>nomine,</strong></span> <span class='ocrx_word' id='word_1_235' title='bbox 445 934 474 960; x_wconf 89' lang='lat' dir='ltr'><strong>et</strong></span> <span class='ocrx_word' id='word_1_236' title='bbox 484 934 555 960; x_wconf 88' lang='lat' dir='ltr'><strong>tunc</strong></span> <span class='ocrx_word' id='word_1_237' title='bbox 569 932 713 968; x_wconf 85' lang='lat' dir='ltr'><strong>temporis</strong></span> <span class='ocrx_word' id='word_1_238' title='bbox 726 933 842 961; x_wconf 89' lang='lat' dir='ltr'><strong>consuli</strong></span> <span class='ocrx_word' id='word_1_239' title='bbox 855 936 884 961; x_wconf 89' lang='lat' dir='ltr'><strong>et</strong></span> <span class='ocrx_word' id='word_1_240' title='bbox 898 933 1024 970; x_wconf 89' lang='lat' dir='ltr'><strong>Chrysa-</strong></span> 
     </span>
    </p>
   </div>
   <div class='ocr_carea' id='block_1_36' title="bbox 195 976 1023 1014">
    <p class='ocr_par' dir='ltr' id='par_1_36' title="bbox 195 976 1023 1014">
     <span class='ocr_line' id='line_1_36' title="bbox 195 976 1023 1014; baseline 0 -8"><span class='ocrx_word' id='word_1_241' title='bbox 195 978 258 1014; x_wconf 88' lang='lat' dir='ltr'><strong>pho</strong></span> <span class='ocrx_word' id='word_1_242' title='bbox 274 976 458 1006; x_wconf 85' lang='lat' dir='ltr'><strong>cubiculario</strong></span> <span class='ocrx_word' id='word_1_243' title='bbox 473 979 675 1012; x_wconf 87' lang='lat' dir='ltr'><strong>cognomento</strong></span> <span class='ocrx_word' id='word_1_244' title='bbox 688 977 809 1013; x_wconf 83' lang='lat' dir='ltr'><strong>Zymbae</strong></span> <span class='ocrx_word' id='word_1_245' title='bbox 823 977 881 1014; x_wconf 87' lang='lat' dir='ltr'><strong>ipsi</strong></span> <span class='ocrx_word' id='word_1_246' title='bbox 892 986 1023 1006; x_wconf 85' lang='lat' dir='ltr'><strong>consen-</strong></span> 
     </span>
    </p>
   </div>
   <div class='ocr_carea' id='block_1_37' title="bbox 195 1021 1024 1059">
    <p class='ocr_par' dir='ltr' id='par_1_37' title="bbox 195 1021 1024 1059">
     <span class='ocr_line' id='line_1_37' title="bbox 195 1021 1024 1059; baseline 0.001 -8"><span class='ocrx_word' id='word_1_247' title='bbox 195 1021 339 1051; x_wconf 81' lang='lat' dir='ltr'><strong>tientibus</strong></span> <span class='ocrx_word' id='word_1_248' title='bbox 353 1022 504 1058; x_wconf 86' lang='lat' dir='ltr'><strong>persuasit</strong></span> <span class='ocrx_word' id='word_1_249' title='bbox 518 1024 550 1050; x_wconf 87' lang='lat' dir='ltr'><strong>ut</strong></span> <span class='ocrx_word' id='word_1_250' title='bbox 564 1022 778 1058; x_wconf 87' lang='lat' dir='ltr'><strong>imperatorem</strong></span> <span class='ocrx_word' id='word_1_251' title='bbox 793 1023 831 1051; x_wconf 92' lang='lat' dir='ltr'><strong>de</strong></span> <span class='ocrx_word' id='word_1_252' title='bbox 845 1023 881 1051; x_wconf 86' lang='lat' dir='ltr'><strong>iis</strong></span> <span class='ocrx_word' id='word_1_253' title='bbox 901 1031 970 1059; x_wconf 66' lang='lat' dir='ltr'><strong>qua:</strong></span> <span class='ocrx_word' id='word_1_254' title='bbox 985 1023 1024 1052; x_wconf 89' lang='lat' dir='ltr'><strong>ad</strong></span> 
     </span>
    </p>
   </div>
   <div class='ocr_carea' id='block_1_38' title="bbox 194 1067 1026 1104">
    <p class='ocr_par' dir='ltr' id='par_1_38' title="bbox 194 1067 1026 1104">
     <span class='ocr_line' id='line_1_38' title="bbox 194 1067 1026 1104; baseline 0.001 -9"><span class='ocrx_word' id='word_1_255' title='bbox 194 1067 296 1104; x_wconf 89' lang='lat' dir='ltr'><strong>ipsum</strong></span> <span class='ocrx_word' id='word_1_256' title='bbox 323 1067 511 1103; x_wconf 82' lang='lat' dir='ltr'><strong>spectabant,</strong></span> <span class='ocrx_word' id='word_1_257' title='bbox 529 1067 685 1096; x_wconf 89' lang='lat' dir='ltr'><strong>certiorem</strong></span> <span class='ocrx_word' id='word_1_258' title='bbox 705 1067 846 1102; x_wconf 86' lang='lat' dir='ltr'><strong>facerent,</strong></span> <span class='ocrx_word' id='word_1_259' title='bbox 869 1075 888 1096; x_wconf 85' lang='lat' dir='ltr'><strong>a</strong></span> <span class='ocrx_word' id='word_1_260' title='bbox 902 1068 1026 1104; x_wconf 84' lang='lat' dir='ltr'><strong>patriar-</strong></span> 
     </span>
    </p>
   </div>
   <div class='ocr_carea' id='block_1_39' title="bbox 194 1111 1023 1149">
    <p class='ocr_par' dir='ltr' id='par_1_39' title="bbox 194 1111 1023 1149">
     <span class='ocr_line' id='line_1_39' title="bbox 194 1111 1023 1149; baseline 0.001 -9"><span class='ocrx_word' id='word_1_261' title='bbox 194 1112 253 1140; x_wconf 86' lang='lat' dir='ltr'><strong>cha</strong></span> <span class='ocrx_word' id='word_1_262' title='bbox 265 1111 345 1140; x_wconf 84' lang='lat' dir='ltr'><strong>male</strong></span> <span class='ocrx_word' id='word_1_263' title='bbox 356 1111 461 1140; x_wconf 83' lang='lat' dir='ltr'><strong>haberi</strong></span> <span class='ocrx_word' id='word_1_264' title='bbox 475 1111 575 1140; x_wconf 88' lang='lat' dir='ltr'><strong>virum</strong></span> <span class='ocrx_word' id='word_1_265' title='bbox 586 1112 671 1148; x_wconf 91' lang='lat' dir='ltr'><strong>pium</strong></span> <span class='ocrx_word' id='word_1_266' title='bbox 685 1114 714 1140; x_wconf 85' lang='lat' dir='ltr'><strong>et</strong></span> <span class='ocrx_word' id='word_1_267' title='bbox 719 1112 847 1148; x_wconf 88' lang='lat' dir='ltr'><strong>justum.</strong></span> <span class='ocrx_word' id='word_1_268' title='bbox 856 1113 921 1145; x_wconf 89' lang='lat' dir='ltr'><strong>Quo</strong></span> <span class='ocrx_word' id='word_1_269' title='bbox 935 1112 1023 1149; x_wconf 83' lang='lat' dir='ltr'><strong>facto,</strong></span> 
     </span>
    </p>
   </div>
   <div class='ocr_carea' id='block_1_40' title="bbox 196 1155 1024 1193">
    <p class='ocr_par' dir='ltr' id='par_1_40' title="bbox 196 1155 1024 1193">
     <span class='ocr_line' id='line_1_40' title="bbox 196 1155 1024 1193; baseline 0.002 -9"><span class='ocrx_word' id='word_1_270' title='bbox 196 1156 360 1185; x_wconf 80' lang='lat' dir='ltr'><strong>Florentius</strong></span> <span class='ocrx_word' id='word_1_271' title='bbox 370 1155 513 1192; x_wconf 88' lang='lat' dir='ltr'><strong>patricius</strong></span> <span class='ocrx_word' id='word_1_272' title='bbox 527 1163 545 1184; x_wconf 89' lang='lat' dir='ltr'><strong>a</strong></span> <span class='ocrx_word' id='word_1_273' title='bbox 560 1156 736 1184; x_wconf 86' lang='lat' dir='ltr'><strong>consulibus</strong></span> <span class='ocrx_word' id='word_1_274' title='bbox 752 1158 780 1184; x_wconf 91' lang='lat' dir='ltr'><strong>et</strong></span> <span class='ocrx_word' id='word_1_275' title='bbox 792 1157 1024 1193; x_wconf 88' lang='lat' dir='ltr'><strong>proconsulibus</strong></span> 
     </span>
    </p>
   </div>
   <div class='ocr_carea' id='block_1_41' title="bbox 193 1200 1023 1238">
    <p class='ocr_par' dir='ltr' id='par_1_41' title="bbox 193 1200 1023 1238">
     <span class='ocr_line' id='line_1_41' title="bbox 193 1200 1023 1238; baseline 0.002 -10"><span class='ocrx_word' id='word_1_276' title='bbox 193 1200 304 1229; x_wconf 88' lang='lat' dir='ltr'><strong>missus</strong></span> <span class='ocrx_word' id='word_1_277' title='bbox 319 1203 363 1229; x_wconf 87' lang='lat' dir='ltr'><strong>est</strong></span> <span class='ocrx_word' id='word_1_278' title='bbox 373 1208 509 1229; x_wconf 86' lang='lat' dir='ltr'><strong>sessurus</strong></span> <span class='ocrx_word' id='word_1_279' title='bbox 525 1200 555 1228; x_wconf 92' lang='lat' dir='ltr'><strong>in</strong></span> <span class='ocrx_word' id='word_1_280' title='bbox 572 1200 703 1229; x_wconf 81' lang='lat' dir='ltr'><strong>Flaviani</strong></span> <span class='ocrx_word' id='word_1_281' title='bbox 716 1201 834 1237; x_wconf 86' lang='lat' dir='ltr'><strong>synodo</strong></span> <span class='ocrx_word' id='word_1_282' title='bbox 847 1201 1023 1238; x_wconf 84' lang='lat' dir='ltr'><strong>Eutycbem-</strong></span> 
     </span>
    </p>
   </div>
   <div class='ocr_carea' id='block_1_42' title="bbox 193 1245 1023 1282">
    <p class='ocr_par' dir='ltr' id='par_1_42' title="bbox 193 1245 1023 1282">
     <span class='ocr_line' id='line_1_42' title="bbox 193 1245 1023 1282; baseline 0.002 -9"><span class='ocrx_word' id='word_1_283' title='bbox 193 1253 253 1282; x_wconf 88' lang='lat' dir='ltr'><strong>que</strong></span> <span class='ocrx_word' id='word_1_284' title='bbox 279 1245 389 1281; x_wconf 81' lang='lat' dir='ltr'><strong>injuria</strong></span> <span class='ocrx_word' id='word_1_285' title='bbox 417 1245 520 1273; x_wconf 82' lang='lat' dir='ltr'><strong>vexari</strong></span> <span class='ocrx_word' id='word_1_286' title='bbox 548 1252 611 1273; x_wconf 87' lang='lat' dir='ltr'><strong>non</strong></span> <span class='ocrx_word' id='word_1_287' title='bbox 641 1246 854 1281; x_wconf 84' lang='lat' dir='ltr'><strong>permissurus.</strong></span> <span class='ocrx_word' id='word_1_288' title='bbox 885 1246 1023 1275; x_wconf 91' lang='lat' dir='ltr'><strong>Secundo</strong></span> 
     </span>
    </p>
   </div>
   <div class='ocr_carea' id='block_1_43' title="bbox 193 1289 1022 1328">
    <p class='ocr_par' dir='ltr' id='par_1_43' title="bbox 193 1289 1022 1328">
     <span class='ocr_line' id='line_1_43' title="bbox 193 1289 1022 1328; baseline 0.004 -11"><span class='ocrx_word' id='word_1_289' title='bbox 193 1289 283 1326; x_wconf 79' lang='lat' dir='ltr'><strong>igitur</strong></span> <span class='ocrx_word' id='word_1_290' title='bbox 295 1291 407 1318; x_wconf 84' lang='lat' dir='ltr'><strong>statuto</strong></span> <span class='ocrx_word' id='word_1_291' title='bbox 422 1289 571 1324; x_wconf 81' lang='lat' dir='ltr'><strong>examine,</strong></span> <span class='ocrx_word' id='word_1_292' title='bbox 588 1290 686 1325; x_wconf 82' lang='lat' dir='ltr'><strong>magis</strong></span> <span class='ocrx_word' id='word_1_293' title='bbox 711 1290 802 1318; x_wconf 87' lang='lat' dir='ltr'><strong>etiam</strong></span> <span class='ocrx_word' id='word_1_294' title='bbox 825 1298 919 1327; x_wconf 85' lang='lat' dir='ltr'><strong>quam</strong></span> <span class='ocrx_word' id='word_1_295' title='bbox 939 1291 1022 1328; x_wconf 87' lang='lat' dir='ltr'><strong>prius</strong></span> 
     </span>
    </p>
   </div>
   <div class='ocr_carea' id='block_1_44' title="bbox 192 1334 1022 1371">
    <p class='ocr_par' dir='ltr' id='par_1_44' title="bbox 192 1334 1022 1371">
     <span class='ocr_line' id='line_1_44' title="bbox 192 1334 1022 1371; baseline 0.002 -9"><span class='ocrx_word' id='word_1_296' title='bbox 192 1334 282 1362; x_wconf 71' lang='lat' dir='ltr'><strong>mala:</strong></span> <span class='ocrx_word' id='word_1_297' title='bbox 296 1334 440 1362; x_wconf 65' lang='lat' dir='ltr'><strong>doctrinas</strong></span> <span class='ocrx_word' id='word_1_298' title='bbox 455 1335 611 1362; x_wconf 88' lang='lat' dir='ltr'><strong>convictus</strong></span> <span class='ocrx_word' id='word_1_299' title='bbox 635 1337 679 1363; x_wconf 89' lang='lat' dir='ltr'><strong>est</strong></span> <span class='ocrx_word' id='word_1_300' title='bbox 700 1335 847 1371; x_wconf 87' lang='lat' dir='ltr'><strong>Eutyches</strong></span> <span class='ocrx_word' id='word_1_301' title='bbox 871 1337 900 1364; x_wconf 92' lang='lat' dir='ltr'><strong>et</strong></span> <span class='ocrx_word' id='word_1_302' title='bbox 923 1343 1022 1364; x_wconf 82' lang='lat' dir='ltr'><strong>sacer-</strong></span> 
     </span>
    </p>
   </div>
   <div class='ocr_carea' id='block_1_45' title="bbox 192 1379 1019 1416">
    <p class='ocr_par' dir='ltr' id='par_1_45' title="bbox 192 1379 1019 1416">
     <span class='ocr_line' id='line_1_45' title="bbox 192 1379 1019 1416; baseline 0.001 -9"><span class='ocrx_word' id='word_1_303' title='bbox 192 1379 275 1408; x_wconf 92' lang='lat' dir='ltr'><strong>dotio</strong></span> <span class='ocrx_word' id='word_1_304' title='bbox 295 1379 452 1415; x_wconf 87' lang='lat' dir='ltr'><strong>depositus</strong></span> <span class='ocrx_word' id='word_1_305' title='bbox 465 1382 518 1407; x_wconf 89' lang='lat' dir='ltr'><strong>est.</strong></span> <span class='ocrx_word' id='word_1_306' title='bbox 550 1379 608 1407; x_wconf 91' lang='lat' dir='ltr'><strong>Sed</strong></span> <span class='ocrx_word' id='word_1_307' title='bbox 630 1381 742 1407; x_wconf 91' lang='lat' dir='ltr'><strong>Nomus</strong></span> <span class='ocrx_word' id='word_1_308' title='bbox 755 1382 783 1408; x_wconf 88' lang='lat' dir='ltr'><strong>et</strong></span> <span class='ocrx_word' id='word_1_309' title='bbox 805 1380 1019 1416; x_wconf 88' lang='lat' dir='ltr'><strong>Chrysaphius,</strong></span> 
     </span>
    </p>
   </div>
   <div class='ocr_carea' id='block_1_46' title="bbox 192 1423 1022 1460">
    <p class='ocr_par' dir='ltr' id='par_1_46' title="bbox 192 1423 1022 1460">
     <span class='ocr_line' id='line_1_46' title="bbox 192 1423 1022 1460; baseline 0.002 -9"><span class='ocrx_word' id='word_1_310' title='bbox 192 1423 249 1451; x_wconf 87' lang='lat' dir='ltr'><strong>levi</strong></span> <span class='ocrx_word' id='word_1_311' title='bbox 265 1423 456 1460; x_wconf 86' lang='lat' dir='ltr'><strong>imperatoris</strong></span> <span class='ocrx_word' id='word_1_312' title='bbox 471 1423 575 1452; x_wconf 87' lang='lat' dir='ltr'><strong>animo</strong></span> <span class='ocrx_word' id='word_1_313' title='bbox 598 1423 710 1457; x_wconf 87' lang='lat' dir='ltr'><strong>abnsis,</strong></span> <span class='ocrx_word' id='word_1_314' title='bbox 731 1431 800 1452; x_wconf 90' lang='lat' dir='ltr'><strong>eum</strong></span> <span class='ocrx_word' id='word_1_315' title='bbox 821 1424 974 1453; x_wconf 85' lang='lat' dir='ltr'><strong>adduxere</strong></span> <span class='ocrx_word' id='word_1_316' title='bbox 988 1428 1022 1454; x_wconf 90' lang='lat' dir='ltr'><strong>ut</strong></span> 
     </span>
    </p>
   </div>
   <div class='ocr_carea' id='block_1_47' title="bbox 192 1467 1020 1504">
    <p class='ocr_par' dir='ltr' id='par_1_47' title="bbox 192 1467 1020 1504">
     <span class='ocr_line' id='line_1_47' title="bbox 192 1467 1020 1504; baseline 0.001 -8"><span class='ocrx_word' id='word_1_317' title='bbox 192 1468 345 1504; x_wconf 85' lang='lat' dir='ltr'><strong>synodum</strong></span> <span class='ocrx_word' id='word_1_318' title='bbox 357 1467 477 1503; x_wconf 87' lang='lat' dir='ltr'><strong>juberet</strong></span> <span class='ocrx_word' id='word_1_319' title='bbox 491 1467 554 1496; x_wconf 85' lang='lat' dir='ltr'><strong>ﬁeri</strong></span> <span class='ocrx_word' id='word_1_320' title='bbox 577 1467 683 1504; x_wconf 86' lang='lat' dir='ltr'><strong>Ephesi</strong></span> <span class='ocrx_word' id='word_1_321' title='bbox 700 1470 728 1496; x_wconf 89' lang='lat' dir='ltr'><strong>et</strong></span> <span class='ocrx_word' id='word_1_322' title='bbox 746 1468 877 1503; x_wconf 88' lang='lat' dir='ltr'><strong>judicari</strong></span> <span class='ocrx_word' id='word_1_323' title='bbox 897 1469 1020 1498; x_wconf 88' lang='lat' dir='ltr'><strong>sanctis-</strong></span> 
     </span>
    </p>
   </div>
   <div class='ocr_carea' id='block_1_48' title="bbox 191 1512 1019 1550">
    <p class='ocr_par' dir='ltr' id='par_1_48' title="bbox 191 1512 1019 1550">
     <span class='ocr_line' id='line_1_48' title="bbox 191 1512 1019 1550; baseline 0.004 -10"><span class='ocrx_word' id='word_1_324' title='bbox 191 1512 302 1541; x_wconf 87' lang='lat' dir='ltr'><strong>simum</strong></span> <span class='ocrx_word' id='word_1_325' title='bbox 327 1512 501 1542; x_wconf 83' lang='lat' dir='ltr'><strong>Flavianum</strong></span> <span class='ocrx_word' id='word_1_326' title='bbox 530 1520 599 1540; x_wconf 88' lang='lat' dir='ltr'><strong>cum</strong></span> <span class='ocrx_word' id='word_1_327' title='bbox 627 1513 760 1549; x_wconf 85' lang='lat' dir='ltr'><strong>Eutyche</strong></span> <span class='ocrx_word' id='word_1_328' title='bbox 778 1513 924 1550; x_wconf 89' lang='lat' dir='ltr'><strong>deposito,</strong></span> <span class='ocrx_word' id='word_1_329' title='bbox 935 1514 1019 1549; x_wconf 88' lang='lat' dir='ltr'><strong>judi-</strong></span> 
     </span>
    </p>
   </div>
   <div class='ocr_carea' id='block_1_49' title="bbox 191 1556 1020 1594">
    <p class='ocr_par' dir='ltr' id='par_1_49' title="bbox 191 1556 1020 1594">
     <span class='ocr_line' id='line_1_49' title="bbox 191 1556 1020 1594; baseline 0.004 -9"><span class='ocrx_word' id='word_1_330' title='bbox 191 1559 277 1586; x_wconf 88' lang='lat' dir='ltr'><strong>cante</strong></span> <span class='ocrx_word' id='word_1_331' title='bbox 293 1557 435 1585; x_wconf 90' lang='lat' dir='ltr'><strong>Dioscoro</strong></span> <span class='ocrx_word' id='word_1_332' title='bbox 452 1556 638 1585; x_wconf 69' lang='lat' dir='ltr'><strong>Alexandrina</strong></span> <span class='ocrx_word' id='word_1_333' title='bbox 654 1565 724 1586; x_wconf 89' lang='lat' dir='ltr'><strong>cum</strong></span> <span class='ocrx_word' id='word_1_334' title='bbox 747 1558 878 1594; x_wconf 83' lang='lat' dir='ltr'><strong>Eutyche</strong></span> <span class='ocrx_word' id='word_1_335' title='bbox 896 1567 1020 1587; x_wconf 87' lang='lat' dir='ltr'><strong>consen-</strong></span> 
     </span>
    </p>
   </div>
   <div class='ocr_carea' id='block_1_50' title="bbox 190 1601 1019 1639">
    <p class='ocr_par' dir='ltr' id='par_1_50' title="bbox 190 1601 1019 1639">
     <span class='ocr_line' id='line_1_50' title="bbox 190 1601 1019 1639; baseline 0.004 -10"><span class='ocrx_word' id='word_1_336' title='bbox 190 1601 288 1635; x_wconf 86' lang='lat' dir='ltr'><strong>tiente,</strong></span> <span class='ocrx_word' id='word_1_337' title='bbox 304 1603 451 1638; x_wconf 68' lang='lat' dir='ltr'><strong>praesente</strong></span> <span class='ocrx_word' id='word_1_338' title='bbox 471 1603 500 1630; x_wconf 93' lang='lat' dir='ltr'><strong>et</strong></span> <span class='ocrx_word' id='word_1_339' title='bbox 525 1603 668 1630; x_wconf 85' lang='lat' dir='ltr'><strong>Barsumo</strong></span> <span class='ocrx_word' id='word_1_340' title='bbox 689 1602 867 1639; x_wconf 88' lang='lat' dir='ltr'><strong>presbytero</strong></span> <span class='ocrx_word' id='word_1_341' title='bbox 881 1605 910 1632; x_wconf 88' lang='lat' dir='ltr'><strong>et</strong></span> <span class='ocrx_word' id='word_1_342' title='bbox 924 1604 1019 1632; x_wconf 87' lang='lat' dir='ltr'><strong>archi-</strong></span> 
     </span>
    </p>
   </div>
   <div class='ocr_carea' id='block_1_51' title="bbox 190 1646 1020 1685">
    <p class='ocr_par' dir='ltr' id='par_1_51' title="bbox 190 1646 1020 1685">
     <span class='ocr_line' id='line_1_51' title="bbox 190 1646 1020 1685; baseline 0.004 -11"><span class='ocrx_word' id='word_1_343' title='bbox 190 1646 343 1674; x_wconf 84' lang='lat' dir='ltr'><strong>mandrita</strong></span> <span class='ocrx_word' id='word_1_344' title='bbox 360 1646 520 1682; x_wconf 86' lang='lat' dir='ltr'><strong>cujusdam</strong></span> <span class='ocrx_word' id='word_1_345' title='bbox 535 1646 564 1674; x_wconf 92' lang='lat' dir='ltr'><strong>in</strong></span> <span class='ocrx_word' id='word_1_346' title='bbox 582 1647 700 1676; x_wconf 87' lang='lat' dir='ltr'><strong>Oriente</strong></span> <span class='ocrx_word' id='word_1_347' title='bbox 721 1648 904 1682; x_wconf 85' lang='lat' dir='ltr'><strong>monasterii,</strong></span> <span class='ocrx_word' id='word_1_348' title='bbox 916 1649 968 1685; x_wconf 91' lang='lat' dir='ltr'><strong>qui</strong></span> <span class='ocrx_word' id='word_1_349' title='bbox 986 1651 1020 1678; x_wconf 86' lang='lat' dir='ltr'><strong>ut</strong></span> 
     </span>
    </p>
   </div>
   <div class='ocr_carea' id='block_1_52' title="bbox 189 1691 1018 1728">
    <p class='ocr_par' dir='ltr' id='par_1_52' title="bbox 189 1691 1018 1728">
     <span class='ocr_line' id='line_1_52' title="bbox 189 1691 1018 1728; baseline 0.002 -9"><span class='ocrx_word' id='word_1_350' title='bbox 189 1691 374 1720; x_wconf 84' lang='lat' dir='ltr'><strong>orthodoxus</strong></span> <span class='ocrx_word' id='word_1_351' title='bbox 402 1691 572 1719; x_wconf 87' lang='lat' dir='ltr'><strong>habebatur</strong></span> <span class='ocrx_word' id='word_1_352' title='bbox 591 1692 709 1728; x_wconf 86' lang='lat' dir='ltr'><strong>vitaque</strong></span> <span class='ocrx_word' id='word_1_353' title='bbox 738 1693 1018 1728; x_wconf 87' lang='lat' dir='ltr'><strong>irreprehensibilis,</strong></span> 
     </span>
    </p>
   </div>
   <div class='ocr_carea' id='block_1_53' title="bbox 191 1734 1016 1772">
    <p class='ocr_par' dir='ltr' id='par_1_53' title="bbox 191 1734 1016 1772">
     <span class='ocr_line' id='line_1_53' title="bbox 191 1734 1016 1772; baseline 0.002 -9"><span class='ocrx_word' id='word_1_354' title='bbox 191 1743 259 1763; x_wconf 89' lang='lat' dir='ltr'><strong>cum</strong></span> <span class='ocrx_word' id='word_1_355' title='bbox 274 1737 374 1763; x_wconf 87' lang='lat' dir='ltr'><strong>tamen</strong></span> <span class='ocrx_word' id='word_1_356' title='bbox 390 1734 467 1763; x_wconf 87' lang='lat' dir='ltr'><strong>alius</strong></span> <span class='ocrx_word' id='word_1_357' title='bbox 480 1737 557 1763; x_wconf 87' lang='lat' dir='ltr'><strong>esset</strong></span> <span class='ocrx_word' id='word_1_358' title='bbox 572 1736 718 1771; x_wconf 83' lang='lat' dir='ltr'><strong>Eutyches</strong></span> <span class='ocrx_word' id='word_1_359' title='bbox 741 1736 844 1772; x_wconf 88' lang='lat' dir='ltr'><strong>quoad</strong></span> <span class='ocrx_word' id='word_1_360' title='bbox 856 1737 993 1765; x_wconf 68' lang='lat' dir='ltr'><strong>hmresim</strong></span> <span class='ocrx_word' id='word_1_361' title='bbox 1009 1746 1016 1772; x_wconf 87' lang='lat'><strong>;</strong></span> 
     </span>
    </p>
   </div>
   <div class='ocr_carea' id='block_1_54' title="bbox 188 1779 1018 1817">
    <p class='ocr_par' dir='ltr' id='par_1_54' title="bbox 188 1779 1018 1817">
     <span class='ocr_line' id='line_1_54' title="bbox 188 1779 1018 1817; baseline 0.004 -9"><span class='ocrx_word' id='word_1_362' title='bbox 188 1788 322 1817; x_wconf 75' lang='lat' dir='ltr'><strong>praeesee</strong></span> <span class='ocrx_word' id='word_1_363' title='bbox 334 1782 435 1808; x_wconf 88' lang='lat' dir='ltr'><strong>autem</strong></span> <span class='ocrx_word' id='word_1_364' title='bbox 447 1779 565 1815; x_wconf 89' lang='lat' dir='ltr'><strong>synodo</strong></span> <span class='ocrx_word' id='word_1_365' title='bbox 576 1780 753 1808; x_wconf 85' lang='lat' dir='ltr'><strong>Dioscorum</strong></span> <span class='ocrx_word' id='word_1_366' title='bbox 767 1781 1018 1816; x_wconf 68' lang='lat' dir='ltr'><strong>Alexandrim,Ju-</strong></span> 
     </span>
    </p>
   </div>
   <div class='ocr_carea' id='block_1_55' title="bbox 187 1823 1016 1862">
    <p class='ocr_par' dir='ltr' id='par_1_55' title="bbox 187 1823 1016 1862">
     <span class='ocr_line' id='line_1_55' title="bbox 187 1823 1016 1862; baseline 0.005 -10"><span class='ocrx_word' id='word_1_367' title='bbox 187 1824 324 1853; x_wconf 85' lang='lat' dir='ltr'><strong>venalem</strong></span> <span class='ocrx_word' id='word_1_368' title='bbox 338 1823 560 1860; x_wconf 62' lang='lat' dir='ltr'><strong>Hierosolymis,</strong></span> <span class='ocrx_word' id='word_1_369' title='bbox 576 1824 765 1853; x_wconf 86' lang='lat' dir='ltr'><strong>Thalassium</strong></span> <span class='ocrx_word' id='word_1_370' title='bbox 780 1827 912 1862; x_wconf 59' lang='lat' dir='ltr'><strong>Caesarie,</strong></span> <span class='ocrx_word' id='word_1_371' title='bbox 926 1829 1016 1856; x_wconf 87' lang='lat' dir='ltr'><strong>Euse-</strong></span> 
     </span>
    </p>
   </div>
   <div class='ocr_carea' id='block_1_56' title="bbox 186 1869 1016 1905">
    <p class='ocr_par' dir='ltr' id='par_1_56' title="bbox 186 1869 1016 1905">
     <span class='ocr_line' id='line_1_56' title="bbox 186 1869 1016 1905; baseline 0.004 -7"><span class='ocrx_word' id='word_1_372' title='bbox 186 1869 272 1898; x_wconf 87' lang='lat' dir='ltr'><strong>bium</strong></span> <span class='ocrx_word' id='word_1_373' title='bbox 300 1871 425 1905; x_wconf 71' lang='lat' dir='ltr'><strong>Ancyraa</strong></span> <span class='ocrx_word' id='word_1_374' title='bbox 451 1869 482 1897; x_wconf 91' lang='lat' dir='ltr'><strong>in</strong></span> <span class='ocrx_word' id='word_1_375' title='bbox 511 1869 635 1904; x_wconf 86' lang='lat' dir='ltr'><strong>Galatia,</strong></span> <span class='ocrx_word' id='word_1_376' title='bbox 663 1869 805 1898; x_wconf 88' lang='lat' dir='ltr'><strong>Basilium</strong></span> <span class='ocrx_word' id='word_1_377' title='bbox 831 1870 970 1900; x_wconf 71' lang='lat' dir='ltr'><strong>Seleuciae</strong></span> <span class='ocrx_word' id='word_1_378' title='bbox 985 1873 1016 1902; x_wconf 91' lang='lat' dir='ltr'><strong>in</strong></span> 
     </span>
    </p>
   </div>
   <div class='ocr_carea' id='block_1_57' title="bbox 187 1913 1016 1951">
    <p class='ocr_par' dir='ltr' id='par_1_57' title="bbox 187 1913 1016 1951">
     <span class='ocr_line' id='line_1_57' title="bbox 187 1913 1016 1951; baseline 0.004 -9"><span class='ocrx_word' id='word_1_379' title='bbox 187 1914 313 1944; x_wconf 87' lang='lat' dir='ltr'><strong>Isauria.</strong></span> <span class='ocrx_word' id='word_1_380' title='bbox 331 1913 517 1942; x_wconf 85' lang='lat' dir='ltr'><strong>Eustathium</strong></span> <span class='ocrx_word' id='word_1_381' title='bbox 533 1913 650 1950; x_wconf 86' lang='lat' dir='ltr'><strong>Beryti:</strong></span> <span class='ocrx_word' id='word_1_382' title='bbox 676 1922 860 1951; x_wconf 88' lang='lat' dir='ltr'><strong>omnemque</strong></span> <span class='ocrx_word' id='word_1_383' title='bbox 886 1918 1016 1945; x_wconf 86' lang='lat' dir='ltr'><strong>auctori-</strong></span> 
     </span>
    </p>
   </div>
   <div class='ocr_carea' id='block_1_58' title="bbox 186 1958 1015 1995">
    <p class='ocr_par' dir='ltr' id='par_1_58' title="bbox 186 1958 1015 1995">
     <span class='ocr_line' id='line_1_58' title="bbox 186 1958 1015 1995; baseline 0.004 -8"><span class='ocrx_word' id='word_1_384' title='bbox 186 1960 278 1987; x_wconf 83' lang='lat' dir='ltr'><strong>tatem</strong></span> <span class='ocrx_word' id='word_1_385' title='bbox 290 1960 318 1986; x_wconf 86' lang='lat' dir='ltr'><strong>et</strong></span> <span class='ocrx_word' id='word_1_386' title='bbox 327 1958 566 1986; x_wconf 87' lang='lat' dir='ltr'><strong>dominationem</strong></span> <span class='ocrx_word' id='word_1_387' title='bbox 578 1958 753 1987; x_wconf 85' lang='lat' dir='ltr'><strong>Dioscorum</strong></span> <span class='ocrx_word' id='word_1_388' title='bbox 770 1959 896 1995; x_wconf 85' lang='lat' dir='ltr'><strong>habere;</strong></span> <span class='ocrx_word' id='word_1_389' title='bbox 908 1962 1015 1991; x_wconf 85' lang='lat' dir='ltr'><strong>adesse</strong></span> 
     </span>
    </p>
   </div>
   <div class='ocr_carea' id='block_1_59' title="bbox 186 2003 1014 2040">
    <p class='ocr_par' dir='ltr' id='par_1_59' title="bbox 186 2003 1014 2040">
     <span class='ocr_line' id='line_1_59' title="bbox 186 2003 1014 2040; baseline 0.005 -9"><span class='ocrx_word' id='word_1_390' title='bbox 186 2005 214 2031; x_wconf 88' lang='lat' dir='ltr'><strong>et</strong></span> <span class='ocrx_word' id='word_1_391' title='bbox 235 2003 409 2032; x_wconf 86' lang='lat' dir='ltr'><strong>Flavianum</strong></span> <span class='ocrx_word' id='word_1_392' title='bbox 434 2003 717 2040; x_wconf 86' lang='lat' dir='ltr'><strong>Constantinopolis,</strong></span> <span class='ocrx_word' id='word_1_393' title='bbox 733 2006 760 2032; x_wconf 86' lang='lat' dir='ltr'><strong>et</strong></span> <span class='ocrx_word' id='word_1_394' title='bbox 774 2005 935 2034; x_wconf 88' lang='lat' dir='ltr'><strong>Eusebium</strong></span> <span class='ocrx_word' id='word_1_395' title='bbox 961 2008 1014 2035; x_wconf 93' lang='lat' dir='ltr'><strong>Do-</strong></span> 
     </span>
    </p>
   </div>
   <div class='ocr_carea' id='block_1_60' title="bbox 184 2047 1013 2084">
    <p class='ocr_par' dir='ltr' id='par_1_60' title="bbox 184 2047 1013 2084">
     <span class='ocr_line' id='line_1_60' title="bbox 184 2047 1013 2084; baseline 0.006 -9"><span class='ocrx_word' id='word_1_396' title='bbox 184 2047 286 2084; x_wconf 83' lang='lat' dir='ltr'><strong>ryleae,</strong></span> <span class='ocrx_word' id='word_1_397' title='bbox 302 2047 378 2076; x_wconf 86' lang='lat' dir='ltr'><strong>nihil</strong></span> <span class='ocrx_word' id='word_1_398' title='bbox 399 2055 450 2075; x_wconf 89' lang='lat' dir='ltr'><strong>eos</strong></span> <span class='ocrx_word' id='word_1_399' title='bbox 475 2055 564 2083; x_wconf 81' lang='lat' dir='ltr'><strong>agere</strong></span> <span class='ocrx_word' id='word_1_400' title='bbox 587 2050 689 2076; x_wconf 89' lang='lat' dir='ltr'><strong>tamen</strong></span> <span class='ocrx_word' id='word_1_401' title='bbox 705 2051 757 2077; x_wconf 83' lang='lat' dir='ltr'><strong>aut</strong></span> <span class='ocrx_word' id='word_1_402' title='bbox 780 2048 888 2082; x_wconf 86' lang='lat' dir='ltr'><strong>dicere.</strong></span> <span class='ocrx_word' id='word_1_403' title='bbox 905 2053 938 2080; x_wconf 88' lang='lat' dir='ltr'><strong>ut</strong></span> <span class='ocrx_word' id='word_1_404' title='bbox 951 2059 1013 2080; x_wconf 91' lang='lat' dir='ltr'><strong>non</strong></span> 
     </span>
    </p>
   </div>
   <div class='ocr_carea' id='block_1_61' title="bbox 183 2092 1014 2128">
    <p class='ocr_par' dir='ltr' id='par_1_61' title="bbox 183 2092 1014 2128">
     <span class='ocr_line' id='line_1_61' title="bbox 183 2092 1014 2128; baseline 0.006 -8"><span class='ocrx_word' id='word_1_405' title='bbox 183 2093 330 2121; x_wconf 88' lang='lat' dir='ltr'><strong>habentes</strong></span> <span class='ocrx_word' id='word_1_406' title='bbox 349 2092 553 2128; x_wconf 83' lang='lat' dir='ltr'><strong>judicantium</strong></span> <span class='ocrx_word' id='word_1_407' title='bbox 575 2093 713 2122; x_wconf 84' lang='lat' dir='ltr'><strong>ordinem</strong></span> <span class='ocrx_word' id='word_1_408' title='bbox 734 2094 786 2123; x_wconf 92' lang='lat' dir='ltr'><strong>sed</strong></span> <span class='ocrx_word' id='word_1_409' title='bbox 806 2094 934 2124; x_wconf 81' lang='lat' dir='ltr'><strong>aliorum</strong></span> <span class='ocrx_word' id='word_1_410' title='bbox 949 2105 1014 2125; x_wconf 85' lang='lat' dir='ltr'><strong>exs-</strong></span> 
     </span>
    </p>
   </div>
   <div class='ocr_carea' id='block_1_62' title="bbox 183 2137 1012 2178">
    <p class='ocr_par' dir='ltr' id='par_1_62' title="bbox 183 2137 1012 2178">
     <span class='ocr_line' id='line_1_62' title="bbox 183 2137 1012 2178; baseline 0.007 -13"><span class='ocrx_word' id='word_1_411' title='bbox 183 2140 336 2174; x_wconf 86' lang='lat' dir='ltr'><strong>pectantes</strong></span> <span class='ocrx_word' id='word_1_412' title='bbox 357 2137 509 2172; x_wconf 74' lang='lat' dir='ltr'><strong>suffragia.</strong></span> <span class='ocrx_word' id='word_1_413' title='bbox 531 2137 687 2174; x_wconf 84' lang='lat' dir='ltr'><strong>quoniam,</strong></span> <span class='ocrx_word' id='word_1_414' title='bbox 708 2138 815 2176; x_wconf 88' lang='lat' dir='ltr'><strong>inquit,</strong></span> <span class='ocrx_word' id='word_1_415' title='bbox 835 2148 871 2169; x_wconf 87' lang='lat' dir='ltr'><strong>ea</strong></span> <span class='ocrx_word' id='word_1_416' title='bbox 889 2149 957 2178; x_wconf 62' lang='lat' dir='ltr'><strong>quae</strong></span> <span class='ocrx_word' id='word_1_417' title='bbox 972 2142 1012 2171; x_wconf 87' lang='lat' dir='ltr'><strong>ab</strong></span> 
     </span>
    </p>
   </div>
   <div class='ocr_carea' id='block_1_63' title="bbox 183 2182 725 2218">
    <p class='ocr_par' dir='ltr' id='par_1_63' title="bbox 183 2182 725 2218">
     <span class='ocr_line' id='line_1_63' title="bbox 183 2182 725 2218; baseline 0.002 -8"><span class='ocrx_word' id='word_1_418' title='bbox 183 2183 219 2210; x_wconf 88' lang='lat' dir='ltr'><strong>iis</strong></span> <span class='ocrx_word' id='word_1_419' title='bbox 234 2182 338 2210; x_wconf 85' lang='lat' dir='ltr'><strong>decisa</strong></span> <span class='ocrx_word' id='word_1_420' title='bbox 352 2184 431 2216; x_wconf 85' lang='lat' dir='ltr'><strong>sunt,</strong></span> <span class='ocrx_word' id='word_1_421' title='bbox 448 2189 528 2210; x_wconf 88' lang='lat' dir='ltr'><strong>nunc</strong></span> <span class='ocrx_word' id='word_1_422' title='bbox 541 2182 725 2218; x_wconf 85' lang='lat' dir='ltr'><strong>judicantur.</strong></span> 
     </span>
    </p>
   </div>
   <div class='ocr_carea' id='block_1_64' title="bbox 1081 885 1888 925">
    <p class='ocr_par' dir='ltr' id='par_1_64' title="bbox 1081 885 1888 925">
     <span class='ocr_line' id='line_1_64' title="bbox 1081 885 1888 925; baseline 0.001 -12"><span class='ocrx_word' id='word_1_423' title='bbox 1081 886 1251 921; x_wconf 75' lang='grc' dir='ltr'><strong>ζητήσαντας,</strong></span> <span class='ocrx_word' id='word_1_424' title='bbox 1279 885 1343 914; x_wconf 72' lang='grc' dir='ltr'><strong>ἰδὼν</strong></span> <span class='ocrx_word' id='word_1_425' title='bbox 1380 887 1502 924; x_wconf 72' lang='grc' dir='ltr'><strong><em>Εὐτυχής</em></strong></span> <span class='ocrx_word' id='word_1_426' title='bbox 1528 890 1745 925; x_wconf 85' lang='grc' dir='ltr'>κατακρινόμενον</span> <span class='ocrx_word' id='word_1_427' title='bbox 1778 887 1888 921; x_wconf 73' lang='grc' dir='ltr'><strong><em>ἑαυτὸν,</em></strong></span> 
     </span>
    </p>
   </div>
   <div class='ocr_carea' id='block_1_65' title="bbox 1079 931 1888 968">
    <p class='ocr_par' dir='ltr' id='par_1_65' title="bbox 1079 931 1888 968">
     <span class='ocr_line' id='line_1_65' title="bbox 1079 931 1888 968; baseline 0.002 -11"><span class='ocrx_word' id='word_1_428' title='bbox 1079 933 1166 967; x_wconf 84' lang='grc' dir='ltr'><strong>Νόμον</strong></span> <span class='ocrx_word' id='word_1_429' title='bbox 1192 933 1250 958; x_wconf 80' lang='grc' dir='ltr'>τινὰ</span> <span class='ocrx_word' id='word_1_430' title='bbox 1275 931 1431 968; x_wconf 83' lang='grc' dir='ltr'><strong><em>καλούμενον</em></strong></span> <span class='ocrx_word' id='word_1_431' title='bbox 1454 934 1498 958; x_wconf 86' lang='grc' dir='ltr'><strong>καὶ</strong></span> <span class='ocrx_word' id='word_1_432' title='bbox 1525 932 1623 959; x_wconf 84' lang='grc' dir='ltr'><strong><em>ὕπατον</em></strong></span> <span class='ocrx_word' id='word_1_433' title='bbox 1645 934 1706 958; x_wconf 73' lang='grc' dir='ltr'>ὄντα</span> <span class='ocrx_word' id='word_1_434' title='bbox 1727 931 1783 958; x_wconf 85' lang='grc' dir='ltr'>κατ’</span> <span class='ocrx_word' id='word_1_435' title='bbox 1800 931 1888 959; x_wconf 74' lang='grc' dir='ltr'>εκεῖνο</span> 
     </span>
    </p>
   </div>
   <div class='ocr_carea' id='block_1_66' title="bbox 1079 974 1888 1014">
    <p class='ocr_par' dir='ltr' id='par_1_66' title="bbox 1079 974 1888 1014">
     <span class='ocr_line' id='line_1_66' title="bbox 1079 974 1888 1014; baseline 0.001 -12"><span class='ocrx_word' id='word_1_436' title='bbox 1079 979 1183 1012; x_wconf 74' lang='grc' dir='ltr'><strong><em>καιροῦ,</em></strong></span> <span class='ocrx_word' id='word_1_437' title='bbox 1198 977 1264 1013; x_wconf 87' lang='grc' dir='ltr'><strong><em>πρὸς</em></strong></span> <span class='ocrx_word' id='word_1_438' title='bbox 1292 974 1323 1003; x_wconf 60' lang='grc' dir='ltr'><strong>δὲ</strong></span> <span class='ocrx_word' id='word_1_439' title='bbox 1349 978 1395 1002; x_wconf 77' lang='grc' dir='ltr'><strong>καὶ</strong></span> <span class='ocrx_word' id='word_1_440' title='bbox 1423 977 1576 1014; x_wconf 69' lang='grc' dir='ltr'><strong><em>Χρυσάφιον</em></strong></span> <span class='ocrx_word' id='word_1_441' title='bbox 1602 975 1818 1014; x_wconf 79' lang='grc' dir='ltr'><strong><em>κονϐικουλάριον</em></strong></span> <span class='ocrx_word' id='word_1_442' title='bbox 1838 979 1888 1003; x_wconf 73' lang='grc' dir='ltr'><strong>τόν</strong></span> 
     </span>
    </p>
   </div>
   <div class='ocr_carea' id='block_1_67' title="bbox 1079 1019 1890 1058">
    <p class='ocr_par' dir='ltr' id='par_1_67' title="bbox 1079 1019 1890 1058">
     <span class='ocr_line' id='line_1_67' title="bbox 1079 1019 1890 1058; baseline 0.004 -12"><span class='ocrx_word' id='word_1_443' title='bbox 1079 1019 1185 1050; x_wconf 67' lang='grc' dir='ltr'><strong><em>ἐπίκλην</em></strong></span> <span class='ocrx_word' id='word_1_444' title='bbox 1205 1020 1344 1057; x_wconf 78' lang='grc' dir='ltr'><strong>Τζούμϐαν</strong></span> <span class='ocrx_word' id='word_1_445' title='bbox 1362 1022 1395 1051; x_wconf 79' lang='grc' dir='ltr'>ὡς</span> <span class='ocrx_word' id='word_1_446' title='bbox 1424 1020 1576 1058; x_wconf 72' lang='grc' dir='ltr'><strong>ὁμόφρονας,</strong></span> <span class='ocrx_word' id='word_1_447' title='bbox 1593 1022 1678 1048; x_wconf 75' lang='grc' dir='ltr'><strong><em>ἔπεισι</em></strong></span> <span class='ocrx_word' id='word_1_448' title='bbox 1708 1025 1745 1057; x_wconf 82' lang='grc' dir='ltr'><strong><em>τῷ</em></strong></span> <span class='ocrx_word' id='word_1_449' title='bbox 1774 1021 1890 1058; x_wconf 80' lang='grc' dir='ltr'>βασιλεῖ</span> 
     </span>
    </p>
   </div>
   <div class='ocr_carea' id='block_1_68' title="bbox 1079 1064 1887 1104">
    <p class='ocr_par' dir='ltr' id='par_1_68' title="bbox 1079 1064 1887 1104">
     <span class='ocr_line' id='line_1_68' title="bbox 1079 1064 1887 1104; baseline 0.002 -12"><span class='ocrx_word' id='word_1_450' title='bbox 1079 1068 1208 1102; x_wconf 81' lang='grc' dir='ltr'><strong>γνωρίσαι</strong></span> <span class='ocrx_word' id='word_1_451' title='bbox 1230 1067 1262 1092; x_wconf 80' lang='grc' dir='ltr'><strong><em>τὰ</em></strong></span> <span class='ocrx_word' id='word_1_452' title='bbox 1287 1065 1344 1092; x_wconf 73' lang='grc' dir='ltr'><strong><em>κατ’</em></strong></span> <span class='ocrx_word' id='word_1_453' title='bbox 1372 1065 1463 1102; x_wconf 75' lang='grc' dir='ltr'><strong><em>αὐτὸν,</em></strong></span> <span class='ocrx_word' id='word_1_454' title='bbox 1484 1064 1636 1093; x_wconf 72' lang='grc' dir='ltr'><strong><em>ἀδικεῖσθαι</em></strong></span> <span class='ocrx_word' id='word_1_455' title='bbox 1661 1068 1734 1104; x_wconf 77' lang='grc' dir='ltr'><strong><em>παρὰ</em></strong></span> <span class='ocrx_word' id='word_1_456' title='bbox 1757 1071 1804 1093; x_wconf 87' lang='grc' dir='ltr'><strong>τοῦ</strong></span> <span class='ocrx_word' id='word_1_457' title='bbox 1827 1077 1887 1094; x_wconf 87' lang='grc' dir='ltr'><strong>πα-</strong></span> 
     </span>
    </p>
   </div>
   <div class='ocr_carea' id='block_1_69' title="bbox 1078 1109 1886 1149">
    <p class='ocr_par' dir='ltr' id='par_1_69' title="bbox 1078 1109 1886 1149">
     <span class='ocr_line' id='line_1_69' title="bbox 1078 1109 1886 1149; baseline 0.001 -12"><span class='ocrx_word' id='word_1_458' title='bbox 1078 1112 1210 1148; x_wconf 80' lang='grc' dir='ltr'><strong>τριάρχου</strong></span> <span class='ocrx_word' id='word_1_459' title='bbox 1233 1111 1354 1148; x_wconf 72' lang='grc' dir='ltr'>λέγοντας</span> <span class='ocrx_word' id='word_1_460' title='bbox 1380 1109 1466 1149; x_wconf 81' lang='grc' dir='ltr'><strong><em>ἄνδρα</em></strong></span> <span class='ocrx_word' id='word_1_461' title='bbox 1487 1110 1593 1140; x_wconf 70' lang='grc' dir='ltr'><strong>θεοσεϐῆ</strong></span> <span class='ocrx_word' id='word_1_462' title='bbox 1623 1114 1669 1138; x_wconf 82' lang='grc' dir='ltr'><strong>καὶ</strong></span> <span class='ocrx_word' id='word_1_463' title='bbox 1697 1109 1818 1139; x_wconf 79' lang='grc' dir='ltr'><strong><em>δίκαιονο</em></strong></span> <span class='ocrx_word' id='word_1_464' title='bbox 1851 1113 1886 1139; x_wconf 75' lang='grc' dir='ltr'><strong>οὗ</strong></span> 
     </span>
    </p>
   </div>
   <div class='ocr_carea' id='block_1_70' title="bbox 1078 1155 1884 1195">
    <p class='ocr_par' dir='ltr' id='par_1_70' title="bbox 1078 1155 1884 1195">
     <span class='ocr_line' id='line_1_70' title="bbox 1078 1155 1884 1195; baseline 0.001 -13"><span class='ocrx_word' id='word_1_465' title='bbox 1078 1159 1223 1192; x_wconf 67' lang='grc' dir='ltr'><strong>γεγονότος,</strong></span> <span class='ocrx_word' id='word_1_466' title='bbox 1272 1155 1402 1193; x_wconf 78' lang='grc' dir='ltr'><strong>ἐπετράπη</strong></span> <span class='ocrx_word' id='word_1_467' title='bbox 1451 1155 1605 1193; x_wconf 71' lang='grc' dir='ltr'><strong><em>Φλωρέντιος</em></strong></span> <span class='ocrx_word' id='word_1_468' title='bbox 1652 1158 1790 1195; x_wconf 79' lang='grc' dir='ltr'><strong>πατρίκιος</strong></span> <span class='ocrx_word' id='word_1_469' title='bbox 1828 1156 1884 1184; x_wconf 81' lang='grc' dir='ltr'><strong><em>ἀπὸ</em></strong></span> 
     </span>
    </p>
   </div>
   <div class='ocr_carea' id='block_1_71' title="bbox 1078 1199 1884 1238">
    <p class='ocr_par' dir='ltr' id='par_1_71' title="bbox 1078 1199 1884 1238">
     <span class='ocr_line' id='line_1_71' title="bbox 1078 1199 1884 1238; baseline 0.001 -11"><span class='ocrx_word' id='word_1_470' title='bbox 1078 1201 1181 1228; x_wconf 75' lang='grc' dir='ltr'><strong><em>ὑπάτων</em></strong></span> <span class='ocrx_word' id='word_1_471' title='bbox 1210 1211 1237 1227; x_wconf 85' lang='grc' dir='ltr'><strong><em>τι</em></strong></span> <span class='ocrx_word' id='word_1_472' title='bbox 1262 1203 1307 1227; x_wconf 89' lang='grc' dir='ltr'><strong>καὶ</strong></span> <span class='ocrx_word' id='word_1_473' title='bbox 1335 1200 1458 1238; x_wconf 76' lang='grc' dir='ltr'><strong><em>ὲπᾶρχων</em></strong></span> <span class='ocrx_word' id='word_1_474' title='bbox 1487 1199 1661 1238; x_wconf 78' lang='grc' dir='ltr'><strong><em>συνεδρεῦσαι</em></strong></span> <span class='ocrx_word' id='word_1_475' title='bbox 1683 1205 1713 1231; x_wconf 84' lang='grc' dir='ltr'><strong>τῆ</strong></span> <span class='ocrx_word' id='word_1_476' title='bbox 1732 1202 1800 1228; x_wconf 80' lang='grc' dir='ltr'>κατὰ</span> <span class='ocrx_word' id='word_1_477' title='bbox 1814 1202 1884 1229; x_wconf 69' lang='grc' dir='ltr'><strong>Φλα-</strong></span> 
     </span>
    </p>
   </div>
   <div class='ocr_carea' id='block_1_72' title="bbox 1078 1243 1883 1282">
    <p class='ocr_par' dir='ltr' id='par_1_72' title="bbox 1078 1243 1883 1282">
     <span class='ocr_line' id='line_1_72' title="bbox 1078 1243 1883 1282; baseline 0 -10"><span class='ocrx_word' id='word_1_478' title='bbox 1078 1245 1165 1272; x_wconf 72' lang='grc' dir='ltr'>ϐιανὸν</span> <span class='ocrx_word' id='word_1_479' title='bbox 1185 1243 1299 1282; x_wconf 79' lang='grc' dir='ltr'><strong><em>συνόδῳ,</em></strong></span> <span class='ocrx_word' id='word_1_480' title='bbox 1324 1247 1369 1271; x_wconf 81' lang='grc' dir='ltr'>καὶ</span> <span class='ocrx_word' id='word_1_481' title='bbox 1396 1247 1431 1282; x_wconf 83' lang='grc' dir='ltr'><strong>μὴ</strong></span> <span class='ocrx_word' id='word_1_482' title='bbox 1459 1243 1587 1282; x_wconf 76' lang='grc' dir='ltr'><strong><em>πιριιδεῖν</em></strong></span> <span class='ocrx_word' id='word_1_483' title='bbox 1607 1243 1777 1282; x_wconf 70' lang='grc' dir='ltr'><strong>ἀδικούμενον</strong></span> <span class='ocrx_word' id='word_1_484' title='bbox 1797 1247 1883 1273; x_wconf 77' lang='grc' dir='ltr'><strong><em>Εὐτυ-</em></strong></span> 
     </span>
    </p>
   </div>
   <div class='ocr_carea' id='block_1_73' title="bbox 1076 1289 1880 1329">
    <p class='ocr_par' dir='ltr' id='par_1_73' title="bbox 1076 1289 1880 1329">
     <span class='ocr_line' id='line_1_73' title="bbox 1076 1289 1880 1329; baseline 0.001 -13"><span class='ocrx_word' id='word_1_485' title='bbox 1076 1293 1138 1327; x_wconf 74' lang='grc' dir='ltr'><strong>χέα.</strong></span> <span class='ocrx_word' id='word_1_486' title='bbox 1163 1292 1303 1321; x_wconf 76' lang='grc' dir='ltr'><strong><em>Ζητήσιως</em></strong></span> <span class='ocrx_word' id='word_1_487' title='bbox 1332 1294 1470 1327; x_wconf 80' lang='grc' dir='ltr'><strong>τοιγαροῦν</strong></span> <span class='ocrx_word' id='word_1_488' title='bbox 1494 1289 1630 1326; x_wconf 75' lang='grc' dir='ltr'><strong><em>προϐάσης</em></strong></span> <span class='ocrx_word' id='word_1_489' title='bbox 1655 1289 1788 1329; x_wconf 70' lang='grc' dir='ltr'><strong><em>δευτέρας,</em></strong></span> <span class='ocrx_word' id='word_1_490' title='bbox 1807 1291 1880 1328; x_wconf 80' lang='grc' dir='ltr'><strong>μᾶλ-</strong></span> 
     </span>
    </p>
   </div>
   <div class='ocr_carea' id='block_1_74' title="bbox 1075 1333 1878 1373">
    <p class='ocr_par' dir='ltr' id='par_1_74' title="bbox 1075 1333 1878 1373">
     <span class='ocr_line' id='line_1_74' title="bbox 1075 1333 1878 1373; baseline 0.001 -12"><span class='ocrx_word' id='word_1_491' title='bbox 1075 1334 1118 1361; x_wconf 83' lang='grc' dir='ltr'><strong><em>λον</em></strong></span> <span class='ocrx_word' id='word_1_492' title='bbox 1144 1335 1160 1364; x_wconf 81' lang='grc' dir='ltr'>ἦ</span> <span class='ocrx_word' id='word_1_493' title='bbox 1187 1337 1310 1373; x_wconf 74' lang='grc' dir='ltr'><strong><em>πρότερον</em></strong></span> <span class='ocrx_word' id='word_1_494' title='bbox 1341 1334 1464 1370; x_wconf 77' lang='grc' dir='ltr'><strong>Εὑτυχὴς</strong></span> <span class='ocrx_word' id='word_1_495' title='bbox 1494 1334 1613 1370; x_wconf 76' lang='grc' dir='ltr'><strong>ἠλέγχθη</strong></span> <span class='ocrx_word' id='word_1_496' title='bbox 1639 1333 1800 1369; x_wconf 77' lang='grc' dir='ltr'><strong>κακοδοξῶν,</strong></span> <span class='ocrx_word' id='word_1_497' title='bbox 1829 1338 1878 1362; x_wconf 81' lang='grc' dir='ltr'><strong>καὶ</strong></span> 
     </span>
    </p>
   </div>
   <div class='ocr_carea' id='block_1_75' title="bbox 1076 1378 1876 1417">
    <p class='ocr_par' dir='ltr' id='par_1_75' title="bbox 1076 1378 1876 1417">
     <span class='ocr_line' id='line_1_75' title="bbox 1076 1378 1876 1417; baseline 0 -11"><span class='ocrx_word' id='word_1_498' title='bbox 1076 1379 1154 1406; x_wconf 68' lang='grc' dir='ltr'><strong><em>αὐτόν</em></strong></span> <span class='ocrx_word' id='word_1_499' title='bbox 1196 1379 1350 1417; x_wconf 73' lang='grc' dir='ltr'>Φλωρέντιον</span> <span class='ocrx_word' id='word_1_500' title='bbox 1388 1378 1511 1415; x_wconf 74' lang='grc' dir='ltr'><strong>ἐσχηκὼς</strong></span> <span class='ocrx_word' id='word_1_501' title='bbox 1543 1379 1797 1416; x_wconf 72' lang='grc' dir='ltr'>καταψηφιζόμενον,</span> <span class='ocrx_word' id='word_1_502' title='bbox 1831 1379 1876 1412; x_wconf 77' lang='grc' dir='ltr'><strong>ἐξ-</strong></span> 
     </span>
    </p>
   </div>
   <div class='ocr_carea' id='block_1_76' title="bbox 1075 1423 1874 1461">
    <p class='ocr_par' dir='ltr' id='par_1_76' title="bbox 1075 1423 1874 1461">
     <span class='ocr_line' id='line_1_76' title="bbox 1075 1423 1874 1461; baseline -0.001 -10"><span class='ocrx_word' id='word_1_503' title='bbox 1075 1426 1149 1451; x_wconf 71' lang='grc' dir='ltr'><strong><em>έπεσε</em></strong></span> <span class='ocrx_word' id='word_1_504' title='bbox 1171 1428 1219 1455; x_wconf 85' lang='grc' dir='ltr'><strong>τῆς</strong></span> <span class='ocrx_word' id='word_1_505' title='bbox 1244 1425 1395 1461; x_wconf 76' lang='grc' dir='ltr'><strong>ἱερωσύνης.</strong></span> <span class='ocrx_word' id='word_1_506' title='bbox 1421 1423 1488 1450; x_wconf 78' lang='grc' dir='ltr'>Ἀλλ’</span> <span class='ocrx_word' id='word_1_507' title='bbox 1517 1424 1541 1450; x_wconf 84' lang='grc' dir='ltr'><strong><em>οἱ</em></strong></span> <span class='ocrx_word' id='word_1_508' title='bbox 1563 1426 1623 1461; x_wconf 74' lang='grc' dir='ltr'><strong><em>περὶ</em></strong></span> <span class='ocrx_word' id='word_1_509' title='bbox 1641 1426 1685 1450; x_wconf 88' lang='grc' dir='ltr'><strong><em>τὸν</em></strong></span> <span class='ocrx_word' id='word_1_510' title='bbox 1713 1426 1798 1461; x_wconf 83' lang='grc' dir='ltr'><strong>Νόμον</strong></span> <span class='ocrx_word' id='word_1_511' title='bbox 1827 1427 1874 1451; x_wconf 81' lang='grc' dir='ltr'><strong>καὶ</strong></span> 
     </span>
    </p>
   </div>
   <div class='ocr_carea' id='block_1_77' title="bbox 1074 1468 1875 1506">
    <p class='ocr_par' dir='ltr' id='par_1_77' title="bbox 1074 1468 1875 1506">
     <span class='ocr_line' id='line_1_77' title="bbox 1074 1468 1875 1506; baseline 0 -10"><span class='ocrx_word' id='word_1_512' title='bbox 1074 1471 1118 1496; x_wconf 89' lang='grc' dir='ltr'><strong>τὸν</strong></span> <span class='ocrx_word' id='word_1_513' title='bbox 1158 1470 1321 1506; x_wconf 56' lang='grc' dir='ltr'><strong><em>Χρυσάριον,</em></strong></span> <span class='ocrx_word' id='word_1_514' title='bbox 1352 1468 1569 1506; x_wconf 73' lang='grc' dir='ltr'><strong>ἀποχρησάμενοι</strong></span> <span class='ocrx_word' id='word_1_515' title='bbox 1602 1473 1632 1505; x_wconf 75' lang='grc' dir='ltr'><strong>τῇ</strong></span> <span class='ocrx_word' id='word_1_516' title='bbox 1667 1472 1713 1495; x_wconf 83' lang='grc' dir='ltr'><strong>τοῦ</strong></span> <span class='ocrx_word' id='word_1_517' title='bbox 1745 1469 1875 1506; x_wconf 59' lang='grc' dir='ltr'><strong>βασιΜως</strong></span> 
     </span>
    </p>
   </div>
   <div class='ocr_carea' id='block_1_78' title="bbox 1073 1513 1872 1551">
    <p class='ocr_par' dir='ltr' id='par_1_78' title="bbox 1073 1513 1872 1551">
     <span class='ocr_line' id='line_1_78' title="bbox 1073 1513 1872 1551; baseline 0 -11"><span class='ocrx_word' id='word_1_518' title='bbox 1073 1516 1226 1550; x_wconf 75' lang='grc' dir='ltr'><strong>κουφότητι,</strong></span> <span class='ocrx_word' id='word_1_519' title='bbox 1246 1513 1367 1540; x_wconf 80' lang='grc' dir='ltr'>κελεῦσαι</span> <span class='ocrx_word' id='word_1_520' title='bbox 1389 1515 1588 1551; x_wconf 79' lang='grc' dir='ltr'><strong><em>παρισκεύασαν</em></strong></span> <span class='ocrx_word' id='word_1_521' title='bbox 1607 1513 1685 1540; x_wconf 66' lang='grc' dir='ltr'><strong><em>αὐτὸν</em></strong></span> <span class='ocrx_word' id='word_1_522' title='bbox 1723 1513 1747 1540; x_wconf 78' lang='grc' dir='ltr'><strong>ἐν</strong></span> <span class='ocrx_word' id='word_1_523' title='bbox 1773 1514 1872 1550; x_wconf 72' lang='grc' dir='ltr'><strong>Ἐφέσῳ</strong></span> 
     </span>
    </p>
   </div>
   <div class='ocr_carea' id='block_1_79' title="bbox 1073 1556 1873 1596">
    <p class='ocr_par' dir='ltr' id='par_1_79' title="bbox 1073 1556 1873 1596">
     <span class='ocr_line' id='line_1_79' title="bbox 1073 1556 1873 1596; baseline -0.001 -11"><span class='ocrx_word' id='word_1_524' title='bbox 1073 1560 1191 1595; x_wconf 74' lang='grc' dir='ltr'>γενέσθαι</span> <span class='ocrx_word' id='word_1_525' title='bbox 1216 1556 1335 1590; x_wconf 80' lang='grc' dir='ltr'><strong>σύνοδον,</strong></span> <span class='ocrx_word' id='word_1_526' title='bbox 1359 1561 1405 1585; x_wconf 85' lang='grc' dir='ltr'><strong>καὶ</strong></span> <span class='ocrx_word' id='word_1_527' title='bbox 1420 1559 1542 1596; x_wconf 78' lang='grc' dir='ltr'>κριθῆναι</span> <span class='ocrx_word' id='word_1_528' title='bbox 1567 1560 1611 1584; x_wconf 89' lang='grc' dir='ltr'><strong><em>τὸν</em></strong></span> <span class='ocrx_word' id='word_1_529' title='bbox 1637 1558 1780 1594; x_wconf 79' lang='grc' dir='ltr'>ἁγιώτατον</span> <span class='ocrx_word' id='word_1_530' title='bbox 1807 1558 1873 1585; x_wconf 75' lang='grc' dir='ltr'>Φλα-</span> 
     </span>
    </p>
   </div>
   <div class='ocr_carea' id='block_1_80' title="bbox 1073 1601 1872 1640">
    <p class='ocr_par' dir='ltr' id='par_1_80' title="bbox 1073 1601 1872 1640">
     <span class='ocr_line' id='line_1_80' title="bbox 1073 1601 1872 1640; baseline 0.001 -11"><span class='ocrx_word' id='word_1_531' title='bbox 1073 1603 1160 1630; x_wconf 74' lang='grc' dir='ltr'>ϐιανόν</span> <span class='ocrx_word' id='word_1_532' title='bbox 1183 1604 1237 1640; x_wconf 82' lang='grc' dir='ltr'>μετ’</span> <span class='ocrx_word' id='word_1_533' title='bbox 1266 1603 1403 1640; x_wconf 77' lang='grc' dir='ltr'><strong>Εὖτυχοῡς</strong></span> <span class='ocrx_word' id='word_1_534' title='bbox 1430 1607 1476 1629; x_wconf 83' lang='grc' dir='ltr'><strong>τοῦ</strong></span> <span class='ocrx_word' id='word_1_535' title='bbox 1499 1603 1692 1640; x_wconf 73' lang='grc' dir='ltr'><strong>καθῃρημένου,</strong></span> <span class='ocrx_word' id='word_1_536' title='bbox 1719 1601 1872 1635; x_wconf 76' lang='grc' dir='ltr'><strong>δικάζοντος</strong></span> 
     </span>
    </p>
   </div>
   <div class='ocr_carea' id='block_1_81' title="bbox 1074 1645 1869 1686">
    <p class='ocr_par' dir='ltr' id='par_1_81' title="bbox 1074 1645 1869 1686">
     <span class='ocr_line' id='line_1_81' title="bbox 1074 1645 1869 1686; baseline 0.001 -12"><span class='ocrx_word' id='word_1_537' title='bbox 1074 1650 1216 1686; x_wconf 81' lang='grc' dir='ltr'><strong><em>Διοσκόρου</em></strong></span> <span class='ocrx_word' id='word_1_538' title='bbox 1239 1651 1285 1674; x_wconf 73' lang='grc' dir='ltr'><strong>τοῦ</strong></span> <span class='ocrx_word' id='word_1_539' title='bbox 1309 1646 1504 1686; x_wconf 74' lang='grc' dir='ltr'><strong>Ἀλεξανδρείας</strong></span> <span class='ocrx_word' id='word_1_540' title='bbox 1536 1645 1666 1684; x_wconf 73' lang='grc' dir='ltr'><strong>ὀμοδόξου</strong></span> <span class='ocrx_word' id='word_1_541' title='bbox 1689 1652 1726 1684; x_wconf 86' lang='grc' dir='ltr'><strong><em>τῷ</em></strong></span> <span class='ocrx_word' id='word_1_542' title='bbox 1746 1648 1869 1684; x_wconf 75' lang='grc' dir='ltr'><strong>Εὐτνχεῖ,</strong></span> 
     </span>
    </p>
   </div>
   <div class='ocr_carea' id='block_1_82' title="bbox 1071 1691 1870 1731">
    <p class='ocr_par' dir='ltr' id='par_1_82' title="bbox 1071 1691 1870 1731">
     <span class='ocr_line' id='line_1_82' title="bbox 1071 1691 1870 1731; baseline -0.001 -12"><span class='ocrx_word' id='word_1_543' title='bbox 1071 1695 1198 1731; x_wconf 82' lang='grc' dir='ltr'><strong>παρόντος</strong></span> <span class='ocrx_word' id='word_1_544' title='bbox 1226 1691 1256 1719; x_wconf 72' lang='grc' dir='ltr'><strong>δὲ</strong></span> <span class='ocrx_word' id='word_1_545' title='bbox 1281 1694 1326 1719; x_wconf 80' lang='grc' dir='ltr'><strong>καὶ</strong></span> <span class='ocrx_word' id='word_1_546' title='bbox 1347 1695 1490 1730; x_wconf 86' lang='grc' dir='ltr'><strong>Βαρσουμᾱ</strong></span> <span class='ocrx_word' id='word_1_547' title='bbox 1516 1692 1692 1729; x_wconf 78' lang='grc' dir='ltr'><strong><em>πρεσϐυτέρου</em></strong></span> <span class='ocrx_word' id='word_1_548' title='bbox 1720 1695 1764 1719; x_wconf 84' lang='grc' dir='ltr'><strong>καὶ</strong></span> <span class='ocrx_word' id='word_1_549' title='bbox 1787 1692 1870 1730; x_wconf 80' lang='grc' dir='ltr'>ἀρχι-</span> 
     </span>
    </p>
   </div>
   <div class='ocr_carea' id='block_1_83' title="bbox 1072 1736 1867 1775">
    <p class='ocr_par' dir='ltr' id='par_1_83' title="bbox 1072 1736 1867 1775">
     <span class='ocr_line' id='line_1_83' title="bbox 1072 1736 1867 1775; baseline 0 -11"><span class='ocrx_word' id='word_1_550' title='bbox 1072 1736 1217 1775; x_wconf 80' lang='grc' dir='ltr'><strong><em>μανδρίτου</em></strong></span> <span class='ocrx_word' id='word_1_551' title='bbox 1242 1740 1312 1768; x_wconf 76' lang='grc' dir='ltr'>τινος</span> <span class='ocrx_word' id='word_1_552' title='bbox 1342 1742 1392 1763; x_wconf 86' lang='grc' dir='ltr'><strong><em>τῶν</em></strong></span> <span class='ocrx_word' id='word_1_553' title='bbox 1421 1738 1489 1764; x_wconf 70' lang='grc' dir='ltr'><strong><em>κατὰ</em></strong></span> <span class='ocrx_word' id='word_1_554' title='bbox 1515 1740 1560 1767; x_wconf 71' lang='grc' dir='ltr'><strong>τὴν</strong></span> <span class='ocrx_word' id='word_1_555' title='bbox 1594 1737 1645 1764; x_wconf 78' lang='grc' dir='ltr'><strong>Ἐω</strong></span> <span class='ocrx_word' id='word_1_556' title='bbox 1681 1740 1867 1774; x_wconf 80' lang='grc' dir='ltr'><strong><em>μοναστηρίου,</em></strong></span> 
     </span>
    </p>
   </div>
   <div class='ocr_carea' id='block_1_84' title="bbox 1072 1781 1868 1819">
    <p class='ocr_par' dir='ltr' id='par_1_84' title="bbox 1072 1781 1868 1819">
     <span class='ocr_line' id='line_1_84' title="bbox 1072 1781 1868 1819; baseline -0.001 -10"><span class='ocrx_word' id='word_1_557' title='bbox 1072 1781 1214 1819; x_wconf 79' lang='grc' dir='ltr'><strong><em>ὀρθοδοξου</em></strong></span> <span class='ocrx_word' id='word_1_558' title='bbox 1241 1783 1287 1819; x_wconf 68' lang='grc' dir='ltr'><strong>μὶν</strong></span> <span class='ocrx_word' id='word_1_559' title='bbox 1321 1782 1508 1819; x_wconf 76' lang='grc' dir='ltr'><strong><em>ύπονοουμὲνου</em></strong></span> <span class='ocrx_word' id='word_1_560' title='bbox 1546 1784 1590 1808; x_wconf 84' lang='grc' dir='ltr'><strong>καὶ</strong></span> <span class='ocrx_word' id='word_1_561' title='bbox 1621 1781 1792 1811; x_wconf 63' lang='grc' dir='ltr'><strong><em>ἀνεπιλήπτου</em></strong></span> <span class='ocrx_word' id='word_1_562' title='bbox 1825 1784 1868 1809; x_wconf 83' lang='grc' dir='ltr'><strong><em>τὸν</em></strong></span> 
     </span>
    </p>
   </div>
   <div class='ocr_carea' id='block_1_85' title="bbox 1071 1825 1865 1865">
    <p class='ocr_par' dir='ltr' id='par_1_85' title="bbox 1071 1825 1865 1865">
     <span class='ocr_line' id='line_1_85' title="bbox 1071 1825 1865 1865; baseline 0 -11"><span class='ocrx_word' id='word_1_563' title='bbox 1071 1827 1142 1865; x_wconf 78' lang='grc' dir='ltr'><strong><em>βίον,</em></strong></span> <span class='ocrx_word' id='word_1_564' title='bbox 1167 1827 1244 1854; x_wconf 75' lang='grc' dir='ltr'>ἄλλον</span> <span class='ocrx_word' id='word_1_565' title='bbox 1272 1825 1301 1854; x_wconf 72' lang='grc' dir='ltr'><strong>δὶ</strong></span> <span class='ocrx_word' id='word_1_566' title='bbox 1320 1829 1367 1856; x_wconf 86' lang='grc' dir='ltr'><strong>τήν</strong></span> <span class='ocrx_word' id='word_1_567' title='bbox 1396 1828 1496 1864; x_wconf 72' lang='grc' dir='ltr'>αἰρεσιν</span> <span class='ocrx_word' id='word_1_568' title='bbox 1529 1827 1663 1862; x_wconf 77' lang='grc' dir='ltr'><strong>Εὗτυχοϋς</strong></span> <span class='ocrx_word' id='word_1_569' title='bbox 1692 1827 1865 1864; x_wconf 73' lang='grc' dir='ltr'><strong>ὑπάρχοντος·</strong></span> 
     </span>
    </p>
   </div>
   <div class='ocr_carea' id='block_1_86' title="bbox 1069 1870 1866 1910">
    <p class='ocr_par' dir='ltr' id='par_1_86' title="bbox 1069 1870 1866 1910">
     <span class='ocr_line' id='line_1_86' title="bbox 1069 1870 1866 1910; baseline -0.001 -11"><span class='ocrx_word' id='word_1_570' title='bbox 1069 1871 1272 1910; x_wconf 79' lang='grc' dir='ltr'><strong><em>προεδρεύοντας</em></strong></span> <span class='ocrx_word' id='word_1_571' title='bbox 1287 1873 1332 1908; x_wconf 64' lang='grc' dir='ltr'>μιν</span> <span class='ocrx_word' id='word_1_572' title='bbox 1347 1871 1412 1898; x_wconf 84' lang='grc' dir='ltr'>εἶναι</span> <span class='ocrx_word' id='word_1_573' title='bbox 1436 1876 1484 1902; x_wconf 85' lang='grc' dir='ltr'><strong>τῆς</strong></span> <span class='ocrx_word' id='word_1_574' title='bbox 1515 1870 1627 1898; x_wconf 76' lang='grc' dir='ltr'><strong>συνόδου</strong></span> <span class='ocrx_word' id='word_1_575' title='bbox 1661 1874 1800 1908; x_wconf 83' lang='grc' dir='ltr'><strong><em>Διόσκορον</em></strong></span> <span class='ocrx_word' id='word_1_576' title='bbox 1822 1882 1866 1898; x_wconf 87' lang='grc' dir='ltr'><strong>τον</strong></span> 
     </span>
    </p>
   </div>
   <div class='ocr_carea' id='block_1_87' title="bbox 1071 1914 1864 1954">
    <p class='ocr_par' dir='ltr' id='par_1_87' title="bbox 1071 1914 1864 1954">
     <span class='ocr_line' id='line_1_87' title="bbox 1071 1914 1864 1954; baseline -0.001 -11"><span class='ocrx_word' id='word_1_577' title='bbox 1071 1914 1274 1954; x_wconf 77' lang='grc' dir='ltr'><strong>Ἀλιξανδρειας,</strong></span> <span class='ocrx_word' id='word_1_578' title='bbox 1304 1915 1471 1942; x_wconf 77' lang='grc' dir='ltr'><strong>Ἰουϐινάλιον</strong></span> <span class='ocrx_word' id='word_1_579' title='bbox 1508 1917 1551 1941; x_wconf 78' lang='grc' dir='ltr'><strong>τόν</strong></span> <span class='ocrx_word' id='word_1_580' title='bbox 1590 1915 1782 1952; x_wconf 77' lang='grc' dir='ltr'><strong>Ἱεροσολύμων.</strong></span> <span class='ocrx_word' id='word_1_581' title='bbox 1812 1919 1864 1942; x_wconf 87' lang='grc' dir='ltr'><strong>Θα-</strong></span> 
     </span>
    </p>
   </div>
   <div class='ocr_carea' id='block_1_88' title="bbox 1069 1959 1864 1998">
    <p class='ocr_par' dir='ltr' id='par_1_88' title="bbox 1069 1959 1864 1998">
     <span class='ocr_line' id='line_1_88' title="bbox 1069 1959 1864 1998; baseline -0.003 -10"><span class='ocrx_word' id='word_1_582' title='bbox 1069 1962 1178 1989; x_wconf 78' lang='grc' dir='ltr'>λάσσιον</span> <span class='ocrx_word' id='word_1_583' title='bbox 1198 1963 1242 1987; x_wconf 88' lang='grc' dir='ltr'><strong><em>τὸν</em></strong></span> <span class='ocrx_word' id='word_1_584' title='bbox 1270 1962 1437 1997; x_wconf 74' lang='grc' dir='ltr'><strong>Καισαρείας,</strong></span> <span class='ocrx_word' id='word_1_585' title='bbox 1460 1959 1584 1986; x_wconf 66' lang='grc' dir='ltr'><strong>Εὖσέϐιον</strong></span> <span class='ocrx_word' id='word_1_586' title='bbox 1612 1961 1655 1986; x_wconf 85' lang='grc' dir='ltr'><strong>τὸν</strong></span> <span class='ocrx_word' id='word_1_587' title='bbox 1673 1960 1798 1998; x_wconf 75' lang='grc' dir='ltr'><strong>Ἀγκύρας</strong></span> <span class='ocrx_word' id='word_1_588' title='bbox 1817 1965 1864 1992; x_wconf 79' lang='grc' dir='ltr'><strong>τῆς</strong></span> 
     </span>
    </p>
   </div>
   <div class='ocr_carea' id='block_1_89' title="bbox 1069 2004 1862 2042">
    <p class='ocr_par' dir='ltr' id='par_1_89' title="bbox 1069 2004 1862 2042">
     <span class='ocr_line' id='line_1_89' title="bbox 1069 2004 1862 2042; baseline -0.004 -8"><span class='ocrx_word' id='word_1_589' title='bbox 1069 2006 1206 2042; x_wconf 78' lang='grc' dir='ltr'>Γαλατίας,</span> <span class='ocrx_word' id='word_1_590' title='bbox 1233 2005 1365 2032; x_wconf 74' lang='grc' dir='ltr'><strong>Βασίλειον</strong></span> <span class='ocrx_word' id='word_1_591' title='bbox 1393 2006 1435 2031; x_wconf 87' lang='grc' dir='ltr'><strong>τὸν</strong></span> <span class='ocrx_word' id='word_1_592' title='bbox 1465 2004 1613 2036; x_wconf 74' lang='grc' dir='ltr'><strong>Σελευκείας</strong></span> <span class='ocrx_word' id='word_1_593' title='bbox 1636 2009 1683 2036; x_wconf 84' lang='grc' dir='ltr'><strong>τῆς</strong></span> <span class='ocrx_word' id='word_1_594' title='bbox 1724 2004 1862 2042; x_wconf 83' lang='grc' dir='ltr'><strong><em>Ἰσαυρίας,</em></strong></span> 
     </span>
    </p>
   </div>
   <div class='ocr_carea' id='block_1_90' title="bbox 1068 2048 1862 2086">
    <p class='ocr_par' dir='ltr' id='par_1_90' title="bbox 1068 2048 1862 2086">
     <span class='ocr_line' id='line_1_90' title="bbox 1068 2048 1862 2086; baseline -0.004 -7"><span class='ocrx_word' id='word_1_595' title='bbox 1068 2052 1212 2079; x_wconf 53' lang='lat' dir='ltr'><strong>nomen»</strong></span> <span class='ocrx_word' id='word_1_596' title='bbox 1242 2052 1286 2077; x_wconf 86' lang='grc' dir='ltr'><strong>τὸν</strong></span> <span class='ocrx_word' id='word_1_597' title='bbox 1311 2053 1449 2086; x_wconf 80' lang='grc' dir='ltr'><strong>Βηρυτοῦ·</strong></span> <span class='ocrx_word' id='word_1_598' title='bbox 1483 2052 1531 2079; x_wconf 84' lang='grc' dir='ltr'><strong>τὴν</strong></span> <span class='ocrx_word' id='word_1_599' title='bbox 1560 2048 1591 2076; x_wconf 72' lang='grc' dir='ltr'>δι</span> <span class='ocrx_word' id='word_1_600' title='bbox 1616 2052 1704 2076; x_wconf 82' lang='grc' dir='ltr'><strong><em>πᾶσαν</em></strong></span> <span class='ocrx_word' id='word_1_601' title='bbox 1732 2050 1862 2076; x_wconf 69' lang='grc' dir='ltr'><strong><em>αὑθεντίαν</em></strong></span> 
     </span>
    </p>
   </div>
   <div class='ocr_carea' id='block_1_91' title="bbox 1067 2093 1862 2135">
    <p class='ocr_par' dir='ltr' id='par_1_91' title="bbox 1067 2093 1862 2134">
     <span class='ocr_line' id='line_1_91' title="bbox 1067 2093 1862 2134; baseline -0.005 -10"><span class='ocrx_word' id='word_1_602' title='bbox 1067 2100 1112 2124; x_wconf 86' lang='grc' dir='ltr'><strong>καὶ</strong></span> <span class='ocrx_word' id='word_1_603' title='bbox 1138 2098 1283 2134; x_wconf 76' lang='grc' dir='ltr'><strong><em>κυριότητα</em></strong></span> <span class='ocrx_word' id='word_1_604' title='bbox 1303 2096 1347 2121; x_wconf 86' lang='grc' dir='ltr'><strong>τὸν</strong></span> <span class='ocrx_word' id='word_1_605' title='bbox 1366 2097 1506 2132; x_wconf 81' lang='grc' dir='ltr'><strong><em>Διόσκορον</em></strong></span> <span class='ocrx_word' id='word_1_606' title='bbox 1526 2095 1606 2131; x_wconf 78' lang='grc' dir='ltr'><strong>ἔχειν·</strong></span> <span class='ocrx_word' id='word_1_607' title='bbox 1633 2097 1753 2131; x_wconf 79' lang='grc' dir='ltr'><strong>παρεῖναι</strong></span> <span class='ocrx_word' id='word_1_608' title='bbox 1775 2093 1803 2121; x_wconf 64' lang='grc' dir='ltr'><strong>δὴ</strong></span> <span class='ocrx_word' id='word_1_609' title='bbox 1818 2097 1862 2121; x_wconf 84' lang='grc' dir='ltr'><strong>καὶ</strong></span> 
     </span>
    </p>
   </div>
   <div class='ocr_carea' id='block_1_92' title="bbox 1067 2139 1862 2171">
    <p class='ocr_par' dir='ltr' id='par_1_92' title="bbox 1067 2139 1862 2171">
     <span class='ocr_line' id='line_1_92' title="bbox 1067 2139 1862 2171; baseline -0.004 -3"><span class='ocrx_word' id='word_1_610' title='bbox 1067 2141 1208 2169; x_wconf 75' lang='grc' dir='ltr'>Φλαϐἱανόν</span> <span class='ocrx_word' id='word_1_611' title='bbox 1250 2141 1293 2167; x_wconf 82' lang='grc' dir='ltr'><strong><em>τὸν</em></strong></span> <span class='ocrx_word' id='word_1_612' title='bbox 1332 2139 1635 2171; x_wconf 82' lang='grc' dir='ltr'><strong><em>Κωνσταντινουπόλιως,</em></strong></span> <span class='ocrx_word' id='word_1_613' title='bbox 1663 2141 1707 2165; x_wconf 83' lang='grc' dir='ltr'><strong>καὶ</strong></span> <span class='ocrx_word' id='word_1_614' title='bbox 1743 2139 1862 2166; x_wconf 75' lang='grc' dir='ltr'><strong>Εὑσέϐιον</strong></span> 
     </span>
    </p>
   </div>
   <div class='ocr_carea' id='block_1_93' title="bbox 1026 2182 1859 2223">
    <p class='ocr_par' dir='ltr' id='par_1_93' title="bbox 1026 2182 1859 2223">
     <span class='ocr_line' id='line_1_93' title="bbox 1026 2182 1859 2223; baseline -0.006 -9"><span class='ocrx_word' id='word_1_615' title='bbox 1026 2189 1049 2215; x_wconf 93' lang='lat' dir='ltr'><strong>D</strong></span> <span class='ocrx_word' id='word_1_616' title='bbox 1066 2190 1110 2214; x_wconf 88' lang='grc' dir='ltr'><strong><em>τὸν</em></strong></span> <span class='ocrx_word' id='word_1_617' title='bbox 1137 2185 1287 2223; x_wconf 80' lang='grc' dir='ltr'><strong><em>Δορυλαίου,</em></strong></span> <span class='ocrx_word' id='word_1_618' title='bbox 1316 2185 1465 2222; x_wconf 72' lang='grc' dir='ltr'><strong>ἡσυχάζειν</strong></span> <span class='ocrx_word' id='word_1_619' title='bbox 1493 2186 1581 2221; x_wconf 78' lang='grc' dir='ltr'>μέντοι</span> <span class='ocrx_word' id='word_1_620' title='bbox 1604 2186 1649 2210; x_wconf 86' lang='grc' dir='ltr'><strong>καὶ</strong></span> <span class='ocrx_word' id='word_1_621' title='bbox 1669 2183 1749 2220; x_wconf 78' lang='grc' dir='ltr'>λέγειν</span> <span class='ocrx_word' id='word_1_622' title='bbox 1769 2182 1859 2220; x_wconf 64' lang='grc' dir='ltr'><strong>μηδὲν,</strong></span> 
     </span>
    </p>
   </div>
   <div class='ocr_carea' id='block_1_94' title="bbox 182 2224 1859 2269">
    <p class='ocr_par' dir='ltr' id='par_1_94' title="bbox 182 2224 1859 2269">
     <span class='ocr_line' id='line_1_94' title="bbox 182 2224 1859 2269; baseline 0.007 -17"><span class='ocrx_word' id='word_1_623' title='bbox 182 2228 214 2257; x_wconf 79' lang='grc' dir='ltr'><strong>ὡς</strong></span> <span class='ocrx_word' id='word_1_624' title='bbox 239 2229 275 2263; x_wconf 85' lang='grc' dir='ltr'><strong>μὴ</strong></span> <span class='ocrx_word' id='word_1_625' title='bbox 303 2224 437 2253; x_wconf 76' lang='grc' dir='ltr'><strong>δικαστῶν</strong></span> <span class='ocrx_word' id='word_1_626' title='bbox 463 2225 604 2262; x_wconf 69' lang='grc' dir='ltr'><strong>ἐπέχοντας</strong></span> <span class='ocrx_word' id='word_1_627' title='bbox 627 2227 711 2262; x_wconf 80' lang='grc' dir='ltr'><strong>τάξιν,</strong></span> <span class='ocrx_word' id='word_1_628' title='bbox 733 2227 796 2255; x_wconf 79' lang='grc' dir='ltr'><strong>ἀλλὰ</strong></span> <span class='ocrx_word' id='word_1_629' title='bbox 818 2231 864 2258; x_wconf 77' lang='grc' dir='ltr'><strong>τὴν</strong></span> <span class='ocrx_word' id='word_1_630' title='bbox 886 2235 935 2257; x_wconf 85' lang='grc' dir='ltr'><strong><em>τῶν</em></strong></span> <span class='ocrx_word' id='word_1_631' title='bbox 964 2232 1046 2260; x_wconf 54' lang='lat' dir='ltr'><strong>dna,»</strong></span> <span class='ocrx_word' id='word_1_632' title='bbox 1070 2231 1260 2269; x_wconf 74' lang='grc' dir='ltr'><strong>ἕκδεχομένους</strong></span> <span class='ocrx_word' id='word_1_633' title='bbox 1287 2230 1384 2267; x_wconf 68' lang='grc' dir='ltr'><strong>ψῆφον,</strong></span> <span class='ocrx_word' id='word_1_634' title='bbox 1409 2228 1499 2259; x_wconf 58' lang='grc' dir='ltr'><strong>ἔπειδὴ</strong></span> <span class='ocrx_word' id='word_1_635' title='bbox 1532 2230 1566 2256; x_wconf 78' lang='grc' dir='ltr'>τά</span> <span class='ocrx_word' id='word_1_636' title='bbox 1592 2228 1652 2266; x_wconf 82' lang='grc' dir='ltr'><strong>παρ’</strong></span> <span class='ocrx_word' id='word_1_637' title='bbox 1678 2228 1763 2254; x_wconf 61' lang='grc' dir='ltr'><strong>αὐτῶν</strong></span> <span class='ocrx_word' id='word_1_638' title='bbox 1787 2238 1859 2265; x_wconf 60' lang='lat' dir='ltr'><strong>FW&quot;,</strong></span> 
     </span>
    </p>
   </div>
   <div class='ocr_carea' id='block_1_95' title="bbox 181 2269 574 2308">
    <p class='ocr_par' dir='ltr' id='par_1_95' title="bbox 181 2269 574 2308">
     <span class='ocr_line' id='line_1_95' title="bbox 181 2269 574 2308; baseline 0.005 -12"><span class='ocrx_word' id='word_1_639' title='bbox 181 2273 319 2308; x_wconf 78' lang='grc' dir='ltr'><strong><em>κεκριμένα</em></strong></span> <span class='ocrx_word' id='word_1_640' title='bbox 332 2274 376 2296; x_wconf 78' lang='grc' dir='ltr'><strong>νῦν</strong></span> <span class='ocrx_word' id='word_1_641' title='bbox 392 2269 574 2307; x_wconf 79' lang='grc' dir='ltr'><strong>δοκιμάζεται.</strong></span> 
     </span>
    </p>
   </div>
   <div class='ocr_carea' id='block_1_96' title="bbox 217 2314 1010 2352">
    <p class='ocr_par' dir='ltr' id='par_1_96' title="bbox 217 2314 1010 2352">
     <span class='ocr_line' id='line_1_96' title="bbox 217 2314 1010 2352; baseline 0.01 -10"><span class='ocrx_word' id='word_1_642' title='bbox 217 2317 243 2343; x_wconf 90' lang='lat'><strong>3.</strong></span> <span class='ocrx_word' id='word_1_643' title='bbox 267 2314 390 2352; x_wconf 91' lang='lat' dir='ltr'><strong>Synodo</strong></span> <span class='ocrx_word' id='word_1_644' title='bbox 401 2315 491 2351; x_wconf 82' lang='lat' dir='ltr'><strong>igitur</strong></span> <span class='ocrx_word' id='word_1_645' title='bbox 503 2318 696 2352; x_wconf 85' lang='lat' dir='ltr'><strong>congregata,</strong></span> <span class='ocrx_word' id='word_1_646' title='bbox 718 2317 870 2352; x_wconf 85' lang='lat' dir='ltr'><strong>ingressus</strong></span> <span class='ocrx_word' id='word_1_647' title='bbox 884 2322 930 2349; x_wconf 88' lang='lat' dir='ltr'><strong>est</strong></span> <span class='ocrx_word' id='word_1_648' title='bbox 947 2321 1010 2350; x_wconf 82' lang='lat' dir='ltr'><strong>Fla-</strong></span> 
     </span>
    </p>
   </div>
   <div class='ocr_carea' id='block_1_97' title="bbox 180 2359 1011 2399">
    <p class='ocr_par' dir='ltr' id='par_1_97' title="bbox 180 2359 1011 2399">
     <span class='ocr_line' id='line_1_97' title="bbox 180 2359 1011 2399; baseline 0.01 -12"><span class='ocrx_word' id='word_1_649' title='bbox 180 2359 289 2388; x_wconf 80' lang='lat' dir='ltr'><strong>vianus</strong></span> <span class='ocrx_word' id='word_1_650' title='bbox 320 2362 466 2396; x_wconf 86' lang='lat' dir='ltr'><strong>tanquam</strong></span> <span class='ocrx_word' id='word_1_651' title='bbox 496 2368 575 2397; x_wconf 82' lang='lat' dir='ltr'><strong>reus,</strong></span> <span class='ocrx_word' id='word_1_652' title='bbox 593 2364 622 2389; x_wconf 91' lang='lat' dir='ltr'><strong>et</strong></span> <span class='ocrx_word' id='word_1_653' title='bbox 645 2361 721 2390; x_wconf 88' lang='lat' dir='ltr'><strong>sedit</strong></span> <span class='ocrx_word' id='word_1_654' title='bbox 741 2362 885 2399; x_wconf 87' lang='lat' dir='ltr'><strong>quintus;</strong></span> <span class='ocrx_word' id='word_1_655' title='bbox 907 2365 1011 2395; x_wconf 87' lang='lat' dir='ltr'><strong>vicarii</strong></span> 
     </span>
    </p>
   </div>
   <div class='ocr_carea' id='block_1_98' title="bbox 181 2405 1010 2445">
    <p class='ocr_par' dir='ltr' id='par_1_98' title="bbox 181 2405 1010 2445">
     <span class='ocr_line' id='line_1_98' title="bbox 181 2405 1010 2445; baseline 0.01 -13"><span class='ocrx_word' id='word_1_656' title='bbox 181 2406 284 2433; x_wconf 88' lang='lat' dir='ltr'><strong>autem</strong></span> <span class='ocrx_word' id='word_1_657' title='bbox 304 2405 420 2433; x_wconf 84' lang='lat' dir='ltr'><strong>Leoniis</strong></span> <span class='ocrx_word' id='word_1_658' title='bbox 453 2406 637 2434; x_wconf 90' lang='lat' dir='ltr'><strong>sanctissimi</strong></span> <span class='ocrx_word' id='word_1_659' title='bbox 660 2408 761 2435; x_wconf 73' lang='lat' dir='ltr'><strong>Romae</strong></span> <span class='ocrx_word' id='word_1_660' title='bbox 797 2408 897 2445; x_wconf 78' lang='lat' dir='ltr'><strong>Papae,</strong></span> <span class='ocrx_word' id='word_1_661' title='bbox 913 2411 1010 2440; x_wconf 84' lang='lat' dir='ltr'><strong>Julius</strong></span> 
     </span>
    </p>
   </div>
   <div class='ocr_carea' id='block_1_99' title="bbox 180 2449 1008 2493">
    <p class='ocr_par' dir='ltr' id='par_1_99' title="bbox 180 2449 1008 2493">
     <span class='ocr_line' id='line_1_99' title="bbox 180 2449 1008 2493; baseline 0.008 -15"><span class='ocrx_word' id='word_1_662' title='bbox 180 2449 343 2486; x_wconf 88' lang='lat' dir='ltr'><strong>episcopus</strong></span> <span class='ocrx_word' id='word_1_663' title='bbox 363 2451 392 2478; x_wconf 88' lang='lat' dir='ltr'><strong>et</strong></span> <span class='ocrx_word' id='word_1_664' title='bbox 418 2449 546 2479; x_wconf 86' lang='lat' dir='ltr'><strong>Hilarius</strong></span> <span class='ocrx_word' id='word_1_665' title='bbox 573 2451 729 2486; x_wconf 85' lang='lat' dir='ltr'><strong>diaconus,</strong></span> <span class='ocrx_word' id='word_1_666' title='bbox 757 2453 916 2489; x_wconf 86' lang='lat' dir='ltr'><strong>epistolam</strong></span> <span class='ocrx_word' id='word_1_667' title='bbox 943 2456 1008 2493; x_wconf 87' lang='lat' dir='ltr'><strong>ejus</strong></span> 
     </span>
    </p>
   </div>
   <div class='ocr_carea' id='block_1_100' title="bbox 179 2494 1011 2534">
    <p class='ocr_par' dir='ltr' id='par_1_100' title="bbox 179 2494 1011 2534">
     <span class='ocr_line' id='line_1_100' title="bbox 179 2494 1011 2534; baseline 0.01 -12"><span class='ocrx_word' id='word_1_668' title='bbox 179 2494 385 2530; x_wconf 84' lang='lat' dir='ltr'><strong>dogmaticam</strong></span> <span class='ocrx_word' id='word_1_669' title='bbox 400 2494 440 2522; x_wconf 87' lang='lat' dir='ltr'><strong>ad</strong></span> <span class='ocrx_word' id='word_1_670' title='bbox 451 2494 604 2531; x_wconf 89' lang='lat' dir='ltr'><strong>synodum</strong></span> <span class='ocrx_word' id='word_1_671' title='bbox 614 2495 760 2525; x_wconf 86' lang='lat' dir='ltr'><strong>directam</strong></span> <span class='ocrx_word' id='word_1_672' title='bbox 771 2498 965 2534; x_wconf 84' lang='lat' dir='ltr'><strong>proferentes,</strong></span> <span class='ocrx_word' id='word_1_673' title='bbox 977 2503 1011 2530; x_wconf 87' lang='lat' dir='ltr'><strong>ut</strong></span> 
     </span>
    </p>
   </div>
   <div class='ocr_carea' id='block_1_101' title="bbox 179 2539 1008 2576">
    <p class='ocr_par' dir='ltr' id='par_1_101' title="bbox 179 2539 1008 2576">
     <span class='ocr_line' id='line_1_101' title="bbox 179 2539 1008 2576; baseline 0.007 -8"><span class='ocrx_word' id='word_1_674' title='bbox 179 2547 215 2568; x_wconf 88' lang='lat' dir='ltr'><strong>ea</strong></span> <span class='ocrx_word' id='word_1_675' title='bbox 221 2540 370 2575; x_wconf 84' lang='lat' dir='ltr'><strong>legeretur</strong></span> <span class='ocrx_word' id='word_1_676' title='bbox 379 2539 501 2576; x_wconf 89' lang='lat' dir='ltr'><strong>petiere;</strong></span> <span class='ocrx_word' id='word_1_677' title='bbox 512 2539 671 2568; x_wconf 88' lang='lat' dir='ltr'><strong>Dioscorus</strong></span> <span class='ocrx_word' id='word_1_678' title='bbox 681 2540 712 2568; x_wconf 92' lang='lat' dir='ltr'><strong>id</strong></span> <span class='ocrx_word' id='word_1_679' title='bbox 724 2541 819 2571; x_wconf 88' lang='lat' dir='ltr'><strong>noluit</strong></span> <span class='ocrx_word' id='word_1_680' title='bbox 833 2545 1008 2574; x_wconf 89' lang='lat' dir='ltr'><strong>concedere.</strong></span> 
     </span>
    </p>
   </div>
   <div class='ocr_carea' id='block_1_102' title="bbox 179 2583 1009 2621">
    <p class='ocr_par' dir='ltr' id='par_1_102' title="bbox 179 2583 1009 2621">
     <span class='ocr_line' id='line_1_102' title="bbox 179 2583 1009 2621; baseline 0.01 -10"><span class='ocrx_word' id='word_1_681' title='bbox 179 2585 310 2621; x_wconf 85' lang='lat' dir='ltr'><strong>Eutyche</strong></span> <span class='ocrx_word' id='word_1_682' title='bbox 324 2591 415 2620; x_wconf 84' lang='lat' dir='ltr'><strong>porro</strong></span> <span class='ocrx_word' id='word_1_683' title='bbox 429 2583 610 2619; x_wconf 87' lang='lat' dir='ltr'><strong>introducto,</strong></span> <span class='ocrx_word' id='word_1_684' title='bbox 624 2592 694 2613; x_wconf 90' lang='lat' dir='ltr'><strong>eum</strong></span> <span class='ocrx_word' id='word_1_685' title='bbox 710 2586 869 2616; x_wconf 89' lang='lat' dir='ltr'><strong>Dioscorus</strong></span> <span class='ocrx_word' id='word_1_686' title='bbox 883 2589 1009 2619; x_wconf 85' lang='lat' dir='ltr'><strong>interro-</strong></span> 
     </span>
    </p>
   </div>
   <div class='ocr_carea' id='block_1_103' title="bbox 178 2628 1007 2670">
    <p class='ocr_par' dir='ltr' id='par_1_103' title="bbox 178 2628 1007 2670">
     <span class='ocr_line' id='line_1_103' title="bbox 178 2628 1007 2670; baseline 0.01 -14"><span class='ocrx_word' id='word_1_687' title='bbox 178 2629 260 2664; x_wconf 86' lang='lat' dir='ltr'><strong>gavit</strong></span> <span class='ocrx_word' id='word_1_688' title='bbox 281 2637 356 2657; x_wconf 90' lang='lat' dir='ltr'><strong>num</strong></span> <span class='ocrx_word' id='word_1_689' title='bbox 379 2628 498 2665; x_wconf 89' lang='lat' dir='ltr'><strong>synodo</strong></span> <span class='ocrx_word' id='word_1_690' title='bbox 513 2629 639 2657; x_wconf 74' lang='lat' dir='ltr'><strong>Nicsente</strong></span> <span class='ocrx_word' id='word_1_691' title='bbox 660 2632 688 2658; x_wconf 91' lang='lat' dir='ltr'><strong>et</strong></span> <span class='ocrx_word' id='word_1_692' title='bbox 706 2632 826 2667; x_wconf 86' lang='lat' dir='ltr'><strong>synodo</strong></span> <span class='ocrx_word' id='word_1_693' title='bbox 851 2634 1007 2670; x_wconf 63' lang='lat' dir='ltr'><strong>Ephesium</strong></span> 
     </span>
    </p>
   </div>
   <div class='ocr_carea' id='block_1_104' title="bbox 177 2672 1007 2713">
    <p class='ocr_par' dir='ltr' id='par_1_104' title="bbox 177 2672 1007 2713">
     <span class='ocr_line' id='line_1_104' title="bbox 177 2672 1007 2713; baseline 0.01 -13"><span class='ocrx_word' id='word_1_694' title='bbox 177 2672 364 2707; x_wconf 82' lang='lat' dir='ltr'><strong>adhaereret;</strong></span> <span class='ocrx_word' id='word_1_695' title='bbox 380 2673 433 2709; x_wconf 88' lang='lat' dir='ltr'><strong>qui</strong></span> <span class='ocrx_word' id='word_1_696' title='bbox 448 2673 500 2701; x_wconf 92' lang='lat' dir='ltr'><strong>ubi</strong></span> <span class='ocrx_word' id='word_1_697' title='bbox 523 2674 680 2710; x_wconf 87' lang='lat' dir='ltr'><strong>respondit</strong></span> <span class='ocrx_word' id='word_1_698' title='bbox 699 2683 730 2703; x_wconf 92' lang='lat' dir='ltr'><strong>se</strong></span> <span class='ocrx_word' id='word_1_699' title='bbox 753 2676 917 2713; x_wconf 80' lang='lat' dir='ltr'><strong>adhaerere,</strong></span> <span class='ocrx_word' id='word_1_700' title='bbox 932 2679 1007 2708; x_wconf 87' lang='lat' dir='ltr'><strong>nihil</strong></span> 
     </span>
    </p>
   </div>
   <div class='ocr_carea' id='block_1_105' title="bbox 178 2716 1006 2757">
    <p class='ocr_par' dir='ltr' id='par_1_105' title="bbox 178 2716 1006 2757">
     <span class='ocr_line' id='line_1_105' title="bbox 178 2716 1006 2757; baseline 0.008 -11"><span class='ocrx_word' id='word_1_701' title='bbox 178 2716 309 2753; x_wconf 85' lang='lat' dir='ltr'><strong>amplius</strong></span> <span class='ocrx_word' id='word_1_702' title='bbox 325 2717 384 2752; x_wconf 82' lang='lat' dir='ltr'><strong>egit</strong></span> <span class='ocrx_word' id='word_1_703' title='bbox 396 2717 434 2745; x_wconf 91' lang='lat' dir='ltr'><strong>de</strong></span> <span class='ocrx_word' id='word_1_704' title='bbox 450 2718 567 2752; x_wconf 59' lang='lat' dir='ltr'><strong>haeresi,</strong></span> <span class='ocrx_word' id='word_1_705' title='bbox 582 2719 633 2747; x_wconf 89' lang='lat' dir='ltr'><strong>sed</strong></span> <span class='ocrx_word' id='word_1_706' title='bbox 648 2719 690 2748; x_wconf 83' lang='lat' dir='ltr'><strong>ita</strong></span> <span class='ocrx_word' id='word_1_707' title='bbox 704 2719 822 2749; x_wconf 89' lang='lat' dir='ltr'><strong>locutus</strong></span> <span class='ocrx_word' id='word_1_708' title='bbox 847 2725 910 2751; x_wconf 88' lang='lat' dir='ltr'><strong>est:</strong></span> <span class='ocrx_word' id='word_1_709' title='bbox 927 2725 1006 2757; x_wconf 90' lang='lat' dir='ltr'><strong>Quo-</strong></span> 
     </span>
    </p>
   </div>
   <div class='ocr_carea' id='block_1_106' title="bbox 176 2761 1006 2805">
    <p class='ocr_par' dir='ltr' id='par_1_106' title="bbox 176 2761 1006 2805">
     <span class='ocr_line' id='line_1_106' title="bbox 176 2761 1006 2805; baseline 0.007 -13"><span class='ocrx_word' id='word_1_710' title='bbox 176 2762 260 2792; x_wconf 78' lang='lat' dir='ltr'><strong>niam</strong></span> <span class='ocrx_word' id='word_1_711' title='bbox 270 2761 419 2799; x_wconf 73' lang='lat' dir='ltr'><strong>Eutychos</strong></span> <span class='ocrx_word' id='word_1_712' title='bbox 430 2762 501 2792; x_wconf 90' lang='lat' dir='ltr'><strong>dicit</strong></span> <span class='ocrx_word' id='word_1_713' title='bbox 511 2770 543 2793; x_wconf 87' lang='lat' dir='ltr'><strong>se</strong></span> <span class='ocrx_word' id='word_1_714' title='bbox 553 2763 678 2793; x_wconf 66' lang='lat' dir='ltr'><strong>Nicaeum</strong></span> <span class='ocrx_word' id='word_1_715' title='bbox 687 2766 715 2794; x_wconf 90' lang='lat' dir='ltr'><strong>et</strong></span> <span class='ocrx_word' id='word_1_716' title='bbox 720 2765 876 2802; x_wconf 75' lang='lat' dir='ltr'><strong>Ephesius:</strong></span> <span class='ocrx_word' id='word_1_717' title='bbox 885 2768 1006 2805; x_wconf 90' lang='lat' dir='ltr'><strong>synodo</strong></span> 
     </span>
    </p>
   </div>
   <div class='ocr_carea' id='block_1_107' title="bbox 1098 2317 1860 2358">
    <p class='ocr_par' dir='ltr' id='par_1_107' title="bbox 1098 2317 1860 2358">
     <span class='ocr_line' id='line_1_107' title="bbox 1098 2317 1860 2358; baseline -0.007 -10"><span class='ocrx_word' id='word_1_718' title='bbox 1098 2321 1132 2358; x_wconf 77' lang='grc' dir='ltr'><strong>γ’.</strong></span> <span class='ocrx_word' id='word_1_719' title='bbox 1165 2324 1217 2351; x_wconf 84' lang='grc' dir='ltr'><strong>Τῆς</strong></span> <span class='ocrx_word' id='word_1_720' title='bbox 1259 2318 1372 2347; x_wconf 82' lang='grc' dir='ltr'><strong><em>συνόδου</em></strong></span> <span class='ocrx_word' id='word_1_721' title='bbox 1409 2320 1496 2345; x_wconf 81' lang='grc' dir='ltr'><strong><em>τοίνυν</em></strong></span> <span class='ocrx_word' id='word_1_722' title='bbox 1527 2317 1724 2355; x_wconf 70' lang='grc' dir='ltr'><strong><em>ἀθροισθείσης,</em></strong></span> <span class='ocrx_word' id='word_1_723' title='bbox 1762 2317 1860 2347; x_wconf 79' lang='grc' dir='ltr'><strong>εἰσῆλθε</strong></span> 
     </span>
    </p>
   </div>
   <div class='ocr_carea' id='block_1_108' title="bbox 1065 2362 1856 2401">
    <p class='ocr_par' dir='ltr' id='par_1_108' title="bbox 1065 2362 1856 2401">
     <span class='ocr_line' id='line_1_108' title="bbox 1065 2362 1856 2401; baseline -0.005 -8"><span class='ocrx_word' id='word_1_724' title='bbox 1065 2366 1208 2397; x_wconf 52' lang='lat' dir='ltr'><strong>suam;</strong></span> <span class='ocrx_word' id='word_1_725' title='bbox 1238 2366 1272 2396; x_wconf 83' lang='grc' dir='ltr'><strong>ὡς</strong></span> <span class='ocrx_word' id='word_1_726' title='bbox 1300 2366 1469 2401; x_wconf 80' lang='grc' dir='ltr'><strong>κατάκριτος,</strong></span> <span class='ocrx_word' id='word_1_727' title='bbox 1500 2366 1546 2390; x_wconf 85' lang='grc' dir='ltr'><strong>καὶ</strong></span> <span class='ocrx_word' id='word_1_728' title='bbox 1581 2362 1708 2391; x_wconf 72' lang='grc' dir='ltr'><strong><em>ἐκαθέσθη</em></strong></span> <span class='ocrx_word' id='word_1_729' title='bbox 1738 2365 1856 2398; x_wconf 70' lang='grc' dir='ltr'><strong><em>πέμπτος.</em></strong></span> 
     </span>
    </p>
   </div>
   <div class='ocr_carea' id='block_1_109' title="bbox 1064 2408 1857 2448">
    <p class='ocr_par' dir='ltr' id='par_1_109' title="bbox 1064 2408 1857 2448">
     <span class='ocr_line' id='line_1_109' title="bbox 1064 2408 1857 2448; baseline -0.006 -10"><span class='ocrx_word' id='word_1_730' title='bbox 1064 2412 1098 2438; x_wconf 84' lang='grc' dir='ltr'>Οἱ</span> <span class='ocrx_word' id='word_1_731' title='bbox 1122 2410 1151 2437; x_wconf 68' lang='grc' dir='ltr'><strong>δι</strong></span> <span class='ocrx_word' id='word_1_732' title='bbox 1166 2411 1343 2448; x_wconf 84' lang='grc' dir='ltr'><strong>τοποτηρηταὶ</strong></span> <span class='ocrx_word' id='word_1_733' title='bbox 1365 2411 1473 2439; x_wconf 72' lang='grc' dir='ltr'><strong><em>Λέοντος</em></strong></span> <span class='ocrx_word' id='word_1_734' title='bbox 1487 2411 1533 2435; x_wconf 82' lang='grc' dir='ltr'><strong><em>τοῦ</em></strong></span> <span class='ocrx_word' id='word_1_735' title='bbox 1555 2408 1702 2444; x_wconf 76' lang='grc' dir='ltr'><strong><em>ἁγιωτάτου</em></strong></span> <span class='ocrx_word' id='word_1_736' title='bbox 1718 2408 1791 2434; x_wconf 80' lang='grc' dir='ltr'><strong><em>πάπα</em></strong></span> <span class='ocrx_word' id='word_1_737' title='bbox 1804 2410 1857 2434; x_wconf 69' lang='lat' dir='ltr'><strong>Po)-</strong></span> 
     </span>
    </p>
   </div>
   <div class='ocr_carea' id='block_1_110' title="bbox 1063 2450 1857 2493">
    <p class='ocr_par' dir='ltr' id='par_1_110' title="bbox 1063 2450 1857 2493">
     <span class='ocr_line' id='line_1_110' title="bbox 1063 2450 1857 2493; baseline -0.008 -10"><span class='ocrx_word' id='word_1_738' title='bbox 1063 2466 1126 2493; x_wconf 83' lang='grc' dir='ltr'>μης,</span> <span class='ocrx_word' id='word_1_739' title='bbox 1150 2455 1257 2486; x_wconf 84' lang='grc' dir='ltr'><strong>Ἰούλιος</strong></span> <span class='ocrx_word' id='word_1_740' title='bbox 1287 2454 1430 2486; x_wconf 72' lang='grc' dir='ltr'><strong>ἐπίσκοπος</strong></span> <span class='ocrx_word' id='word_1_741' title='bbox 1450 2455 1496 2480; x_wconf 84' lang='grc' dir='ltr'><strong>καὶ</strong></span> <span class='ocrx_word' id='word_1_742' title='bbox 1519 2452 1627 2489; x_wconf 82' lang='grc' dir='ltr'><strong><em>Ἰλοίριος</em></strong></span> <span class='ocrx_word' id='word_1_743' title='bbox 1652 2450 1778 2487; x_wconf 76' lang='grc' dir='ltr'><strong>διάκονος,</strong></span> <span class='ocrx_word' id='word_1_744' title='bbox 1805 2451 1857 2478; x_wconf 74' lang='grc' dir='ltr'><strong><em>ἄπι-</em></strong></span> 
     </span>
    </p>
   </div>
   <div class='ocr_carea' id='block_1_111' title="bbox 1065 2495 1856 2536">
    <p class='ocr_par' dir='ltr' id='par_1_111' title="bbox 1065 2495 1856 2536">
     <span class='ocr_line' id='line_1_111' title="bbox 1065 2495 1856 2536; baseline -0.005 -9"><span class='ocrx_word' id='word_1_745' title='bbox 1065 2500 1158 2530; x_wconf 75' lang='grc' dir='ltr'>στολὴν</span> <span class='ocrx_word' id='word_1_746' title='bbox 1194 2500 1274 2527; x_wconf 76' lang='grc' dir='ltr'><strong><em>αὐτοῦ</em></strong></span> <span class='ocrx_word' id='word_1_747' title='bbox 1301 2498 1467 2536; x_wconf 79' lang='grc' dir='ltr'><strong>δογματικήν</strong></span> <span class='ocrx_word' id='word_1_748' title='bbox 1564 2495 1668 2533; x_wconf 79' lang='grc' dir='ltr'><strong><em>συνόδῳ</em></strong></span> <span class='ocrx_word' id='word_1_749' title='bbox 1703 2498 1856 2534; x_wconf 70' lang='grc' dir='ltr'><strong>πεμφθεῖσαν</strong></span> 
     </span>
    </p>
   </div>
   <div class='ocr_carea' id='block_1_112' title="bbox 1063 2541 1857 2584">
    <p class='ocr_par' dir='ltr' id='par_1_112' title="bbox 1063 2541 1857 2584">
     <span class='ocr_line' id='line_1_112' title="bbox 1063 2541 1857 2584; baseline -0.006 -12"><span class='ocrx_word' id='word_1_750' title='bbox 1063 2548 1243 2584; x_wconf 71' lang='grc' dir='ltr'><strong>προφέροντες,</strong></span> <span class='ocrx_word' id='word_1_751' title='bbox 1267 2544 1358 2576; x_wconf 81' lang='grc' dir='ltr'><strong><em>ἠξίουν</em></strong></span> <span class='ocrx_word' id='word_1_752' title='bbox 1387 2543 1587 2579; x_wconf 73' lang='grc' dir='ltr'><strong>ἀναγνωσθῆναι</strong></span> <span class='ocrx_word' id='word_1_753' title='bbox 1609 2543 1707 2570; x_wconf 78' lang='grc' dir='ltr'><strong><em>ταύτην</em></strong></span> <span class='ocrx_word' id='word_1_754' title='bbox 1721 2550 1728 2557; x_wconf 86' lang='grc'><strong>·</strong></span> <span class='ocrx_word' id='word_1_755' title='bbox 1758 2541 1809 2568; x_wconf 79' lang='grc' dir='ltr'>ἄλλ’</span> <span class='ocrx_word' id='word_1_756' title='bbox 1833 2543 1857 2568; x_wconf 84' lang='grc' dir='ltr'><strong>οἱ</strong></span> 
     </span>
    </p>
   </div>
   <div class='ocr_carea' id='block_1_113' title="bbox 1062 2584 1858 2628">
    <p class='ocr_par' dir='ltr' id='par_1_113' title="bbox 1062 2584 1858 2628">
     <span class='ocr_line' id='line_1_113' title="bbox 1062 2584 1858 2628; baseline -0.006 -11"><span class='ocrx_word' id='word_1_757' title='bbox 1062 2593 1121 2628; x_wconf 69' lang='grc' dir='ltr'><strong><em>περὶ</em></strong></span> <span class='ocrx_word' id='word_1_758' title='bbox 1145 2593 1285 2626; x_wconf 78' lang='grc' dir='ltr'><strong><em>Διόσκορον</em></strong></span> <span class='ocrx_word' id='word_1_759' title='bbox 1310 2589 1339 2616; x_wconf 80' lang='grc' dir='ltr'><strong>οὐ</strong></span> <span class='ocrx_word' id='word_1_760' title='bbox 1367 2590 1568 2625; x_wconf 83' lang='grc' dir='ltr'><strong>συνεχώρησαν.</strong></span> <span class='ocrx_word' id='word_1_761' title='bbox 1589 2586 1727 2623; x_wconf 73' lang='grc' dir='ltr'><strong>Εὖτυχοῦς</strong></span> <span class='ocrx_word' id='word_1_762' title='bbox 1747 2584 1772 2612; x_wconf 80' lang='grc' dir='ltr'><strong>δ’</strong></span> <span class='ocrx_word' id='word_1_763' title='bbox 1793 2585 1858 2612; x_wconf 71' lang='grc' dir='ltr'><strong>εἰσα-</strong></span> 
     </span>
    </p>
   </div>
   <div class='ocr_carea' id='block_1_114' title="bbox 1061 2631 1855 2672">
    <p class='ocr_par' dir='ltr' id='par_1_114' title="bbox 1061 2631 1855 2672">
     <span class='ocr_line' id='line_1_114' title="bbox 1061 2631 1855 2672; baseline -0.008 -10"><span class='ocrx_word' id='word_1_764' title='bbox 1061 2637 1182 2672; x_wconf 72' lang='grc' dir='ltr'><strong><em>χθέντος,</em></strong></span> <span class='ocrx_word' id='word_1_765' title='bbox 1207 2635 1220 2661; x_wconf 79' lang='grc' dir='ltr'><strong><em>ὁ</em></strong></span> <span class='ocrx_word' id='word_1_766' title='bbox 1251 2635 1392 2671; x_wconf 79' lang='grc' dir='ltr'><strong><em>Διόσκορος</em></strong></span> <span class='ocrx_word' id='word_1_767' title='bbox 1424 2634 1501 2670; x_wconf 72' lang='grc' dir='ltr'><strong><em>ἦρκτο</em></strong></span> <span class='ocrx_word' id='word_1_768' title='bbox 1534 2635 1626 2658; x_wconf 85' lang='grc' dir='ltr'><strong><em>τοῦτον</em></strong></span> <span class='ocrx_word' id='word_1_769' title='bbox 1659 2631 1680 2658; x_wconf 81' lang='grc' dir='ltr'>εἰ</span> <span class='ocrx_word' id='word_1_770' title='bbox 1715 2631 1855 2658; x_wconf 78' lang='grc' dir='ltr'><strong><em>συντίθεται</em></strong></span> 
     </span>
    </p>
   </div>
   <div class='ocr_carea' id='block_1_115' title="bbox 1060 2676 1849 2716">
    <p class='ocr_par' dir='ltr' id='par_1_115' title="bbox 1060 2676 1849 2716">
     <span class='ocr_line' id='line_1_115' title="bbox 1060 2676 1849 2716; baseline -0.008 -9"><span class='ocrx_word' id='word_1_771' title='bbox 1060 2684 1092 2716; x_wconf 72' lang='grc' dir='ltr'><strong>τῇ</strong></span> <span class='ocrx_word' id='word_1_772' title='bbox 1116 2679 1141 2707; x_wconf 70' lang='grc' dir='ltr'><strong><em>ἓν</em></strong></span> <span class='ocrx_word' id='word_1_773' title='bbox 1155 2681 1254 2716; x_wconf 82' lang='grc' dir='ltr'><strong><em>Νικαίᾳ</em></strong></span> <span class='ocrx_word' id='word_1_774' title='bbox 1274 2676 1377 2714; x_wconf 77' lang='grc' dir='ltr'><strong><em>συνόδῳ</em></strong></span> <span class='ocrx_word' id='word_1_775' title='bbox 1396 2680 1442 2704; x_wconf 83' lang='grc' dir='ltr'><strong>καὶ</strong></span> <span class='ocrx_word' id='word_1_776' title='bbox 1458 2681 1490 2714; x_wconf 77' lang='grc' dir='ltr'><strong><em>τῇ</em></strong></span> <span class='ocrx_word' id='word_1_777' title='bbox 1515 2676 1539 2703; x_wconf 79' lang='grc' dir='ltr'><strong>ἐν</strong></span> <span class='ocrx_word' id='word_1_778' title='bbox 1567 2677 1665 2713; x_wconf 49' lang='grc' dir='ltr'><strong><em>Ἐρέσῳ</em></strong></span> <span class='ocrx_word' id='word_1_779' title='bbox 1690 2677 1737 2702; x_wconf 87' lang='grc' dir='ltr'><strong><em>σὺν</em></strong></span> <span class='ocrx_word' id='word_1_780' title='bbox 1760 2677 1849 2712; x_wconf 74' lang='grc' dir='ltr'><strong>ταύτῃ.</strong></span> 
     </span>
    </p>
   </div>
   <div class='ocr_carea' id='block_1_116' title="bbox 1059 2722 1853 2758">
    <p class='ocr_par' dir='ltr' id='par_1_116' title="bbox 1059 2722 1853 2758">
     <span class='ocr_line' id='line_1_116' title="bbox 1059 2722 1853 2758; baseline -0.008 -6"><span class='ocrx_word' id='word_1_781' title='bbox 1059 2728 1111 2752; x_wconf 86' lang='grc' dir='ltr'><strong><em>Τοῦ</em></strong></span> <span class='ocrx_word' id='word_1_782' title='bbox 1143 2723 1173 2752; x_wconf 59' lang='grc' dir='ltr'><strong>δὲ</strong></span> <span class='ocrx_word' id='word_1_783' title='bbox 1201 2724 1316 2755; x_wconf 83' lang='grc' dir='ltr'><strong><em>εἰπόντος</em></strong></span> <span class='ocrx_word' id='word_1_784' title='bbox 1354 2723 1533 2756; x_wconf 77' lang='grc' dir='ltr'><strong><em>συντίθεσθαι,</em></strong></span> <span class='ocrx_word' id='word_1_785' title='bbox 1566 2723 1625 2758; x_wconf 80' lang='grc' dir='ltr'><strong><em>περὶ</em></strong></span> <span class='ocrx_word' id='word_1_786' title='bbox 1658 2724 1706 2752; x_wconf 76' lang='grc' dir='ltr'><strong>τῆς</strong></span> <span class='ocrx_word' id='word_1_787' title='bbox 1740 2722 1853 2758; x_wconf 73' lang='grc' dir='ltr'><strong>αἱρέσεως</strong></span> 
     </span>
    </p>
   </div>
   <div class='ocr_carea' id='block_1_117' title="bbox 1060 2763 1853 2808">
    <p class='ocr_par' dir='ltr' id='par_1_117' title="bbox 1060 2763 1853 2808">
     <span class='ocr_line' id='line_1_117' title="bbox 1060 2763 1853 2808; baseline -0.009 -10"><span class='ocrx_word' id='word_1_788' title='bbox 1060 2767 1135 2798; x_wconf 64' lang='grc' dir='ltr'><strong><em>οὗδὲν</em></strong></span> <span class='ocrx_word' id='word_1_789' title='bbox 1173 2769 1422 2808; x_wconf 73' lang='grc' dir='ltr'><strong>ἒπολνπραγμόνησε</strong></span> <span class='ocrx_word' id='word_1_790' title='bbox 1470 2766 1556 2800; x_wconf 75' lang='grc' dir='ltr'><strong><em>πλέον,</em></strong></span> <span class='ocrx_word' id='word_1_791' title='bbox 1609 2765 1673 2793; x_wconf 81' lang='grc' dir='ltr'>ἀλλὰ</span> <span class='ocrx_word' id='word_1_792' title='bbox 1722 2763 1853 2795; x_wconf 65' lang='grc' dir='ltr'>διελᾰλῃσε</span> 
     </span>
    </p>
   </div>
  </div>
