1917 3073
183 103 216 131 63
864 97 1004 127 NlCET/E
1022 96 1211 126 CHONIATJE
1833 102 1871 131 6.;

180 163 308 192 modum
327 161 476 197 Eutyches
491 159 680 197 supposititio
688 160 771 189 vultu
787 161 814 189 et
833 160 1002 188 tictitioVer-

1091 158 1238 195 τοϐολιμαίῳ
1263 163 1409 198 προστώπῳ
1433 163 1477 188 καὶ
1502 160 1672 198 φασματῶὃει
1700 164 1744 189 τὸν
1779 166 1871 200 Λόγον

182 209 257 237 bum
270 206 506 235 incarnationem
519 205 676 234 simulasse
687 205 798 238 docuit,
812 206 853 233 sic
865 208 893 233 et
905 205 944 232 illi
953 204 1011 232 alia

182 253 233 281 via
247 251 453 288 procedentes,
469 258 563 278 unam
577 252 718 278 naturam
734 250 771 277 de
785 250 902 278 Christo
913 249 1010 277 dicere

183 296 249 324 ausi
266 297 344 323 sunt.
362 296 455 322 Unam
465 294 587 330 quidem
599 296 702 330 etpost
717 294 859 322 unionem
871 300 1010 330 perman-

183 341 258 368 sisse
270 347 432 377 personam
448 332 637 373 dicunt,‘non
652 341 753 366 autem
766 338 944 374 eonjuuctas
960 345 1010 365 na-

182 387 264 415 turas
279 392 372 421 puras
390 386 419 412 et
432 383 607 412 inconfusas
634 383 664 411 in
695 383 758 411 suis
778 383 1010 420 proprietatibus

183 431 363 463 servantem,
372 428 425 456 sed
437 430 506 465 post
519 428 663 456 unionem
675 428 781 456 ambas
790 436 884 456 unum
896 427 1010 463 aliquid

183 474 277 503 factas
298 473 527 508 esse,confusas
540 473 568 500 in
590 480 645 500 sua
670 473 862 500 immistione.
879 473 912 500 Et
927 471 1010 500 aliud

183 527 345 548 commune
353 527 388 546 ex
399 518 537 546 mistione
548 518 736 554 apparuisse,
747 517 1009 554 quemadmodum

182 566 211 592 et
223 571 350 600 corpora
376 572 413 591 ex
436 565 566 599 quatuor
590 562 742 590 elementis
766 562 1009 590 commistionem

184 608 387 636 sortitaaliud
401 607 548 644 quiddam
562 609 630 643 post
645 607 813 634 mistionem
828 608 1007 642 sunt.i\'eque

184 653 280 681 {erum
302 660 400 688 neque
426 654 561 679 nostrum
581 659 691 687 corpus
719 654 769 679 aut
793 651 870 686 ignis
893 654 945 678 aut
958 658 1009 678 aer

183 700 235 726 aut
249 697 362 734 aliquid
379 705 415 724 ex
430 697 583 725 elementis
597 704 673 732 pura
689 699 775 730 sunt;
797 695 848 724 sed
858 704 892 724 ex
903 703 1007 723 eorum

183 741 321 770 mistione
341 741 470 769 formata
493 742 572 775 sunt,
588 743 615 768 et
630 743 697 777 post
710 740 880 768 mistionem
894 740 1007 776 aliquid

184 785 265 814 aliud
277 786 382 814 eﬂ'ecta
392 788 470 814 sunt.
488 785 538 813 Hic
553 788 654 814 autem
666 793 727 813 non
743 793 789 813 res
802 786 842 813 ita
854 793 885 812 se
900 785 1002 812 habet.

184 830 241 859 Sed
257 833 418 867 postquam
430 830 532 858 divina
542 830 767 866 forma,nempe
778 831 886 858 natura
899 829 928 856 in
945 837 1007 857 una
1022 838 1042 864 Β

182 883 216 903 ex
237 875 298 903 suis
320 874 460 911 personis
482 874 620 902 humanm
647 877 762 902 natura:
786 874 907 908 integrae
934 882 1007 901 con-

179 917 285 953 juncta
295 920 347 952 est,
363 924 424 945 non
439 916 521 944 aliud
535 916 681 953 quiddam
697 917 776 944 facta
790 919 835 944 est
850 924 885 943 ex
901 916 1006 944 inetl‘a—

180 961 231 990 bili
246 962 302 989 liae
315 961 452 990 mistionc
468 963 496 989 et
511 961 633 996 unione,
649 961 701 989 sed
716 963 785 998 post
800 961 942 989 unionem
953 969 1005 989 na-

180 1007 253 1035 turae
268 1005 435 1034 inconfuste
450 1007 638 1042 permanent.

215 1098 258 1124 29.
281 1097 315 1124 Ut
329 1098 431 1124 autem
446 1095 486 1124 ad
500 1095 672 1132 exemplum
685 1095 841 1132 quoddam
852 1097 1006 1124 vertamus

180 1140 457 1175 oculos,hominem
474 1140 664 1168 individuum
680 1141 945 1177 supponamus;in
957 1148 1006 1168 cu-

178 1185 301 1221 jusdam
312 1193 474 1221 personam
485 1192 647 1221 pervenere
658 1185 722 1221 ejus
733 1193 842 1221 corpus
854 1187 882 1213 et
892 1185 1004 1219 anima;

180 1230 233 1258 sed
245 1237 306 1259 non
313 1230 395 1258 aliud
406 1229 552 1266 quiddam
563 1229 641 1258 ultra
652 1232 696 1258 est
704 1229 891 1266 particularis
900 1230 1003 1258 homo.

179 1276 337 1311 llucusque
353 1275 444 1303 modo
469 1276 525 1302 stet
539 1274 722 1310 exemplum.
736 1275 764 1302 Si
779 1275 859 1302 enim
881 1274 1005 1302 ulterius

177 1320 418 1358 progrediamur,
430 1320 560 1349 multam
581 1320 768 1348 inveniemus
783 1319 997 1347 differentiam.

177 1367 217 1394 De
244 1365 414 1402 particulari
443 1364 523 1392 enim
548 1364 679 1400 homine,
693 1364 811 1400 proprie
841 1372 951 1400 corpus
976 1367 1004 1392 et

174 1411 278 1439 anima
287 1410 540 1446 dicuntur-,neque
551 1410 653 1438 anima
666 1418 775 1446 corpus
791 1409 1001 1446 appellaretur,

173 1463 272 1492 neque
288 1463 398 1491 corpus
419 1455 521 1483 anima
546 1454 761 1482 nominaretur.
779 1456 818 1482 De
838 1455 887 1482 Dei
901 1457 1002 1482 autem

1064 204 1255 241 ὑποκρίνασθαι
1270 207 1316 234 τὴν
1333 207 1465 242 σάρκωσιν
1485 205 1665 242 ἐδογμάτιζεν,
1683 207 1749 233 οὕτω
1770 206 1803 239 δὴ
1822 212 1871 235 καὶ

1064 246 1147 282 οὗτοι,
1164 250 1210 278 τὴν
1239 249 1352 276 ἐναντίοιν
1371 250 1442 286 αὖτῷ
1462 253 1628 287 τραπόμενοι,
1644 254 1706 288 μίαν
1726 254 1802 288 φύσιν
1825 253 1870 280 ἐπὶ

1064 296 1182 329 Χριστοῦ
1210 294 1385 330 τετολμήκάσι
1416 295 1497 330 λέγειν
1513 302 1520 309 ”
1536 295 1560 321 έν
1581 297 1626 331 μὲν
1656 297 1706 334 γὰρ
1734 300 1779 323 καὶ
1799 308 1870 334 μετα

1063 340 1110 367 τήν
1142 337 1232 364 ἕνωσιν
1264 342 1433 375 μεμενηκέναι
1461 341 1525 376 φασὶ
1552 343 1700 377 πρόσωπον,
1727 342 1756 368 οὐ
1780 345 1868 374 σῶζον

1065 380 1095 409 δὲ
1110 383 1156 413 τὰς
1181 383 1382 415 συνεληλυθυίας
1408 385 1496 420 φύσεις
1522 385 1639 422 καθαρὰς
1660 388 1705 412 καὶ
1736 386 1868 422 ἀσυγχύ-

1063 436 1124 458 τους
1143 426 1167 453 ἓν
1187 431 1242 459 τοῖς
1257 426 1335 460 ἰδίοις
1365 426 1516 465 ἰὸιώμασιν,
1535 428 1598 455 ἀλλὰ
1627 431 1693 466 μετὰ
1712 433 1758 460 τὴν
1773 430 1869 457 ἓνωσιν

1064 470 1208 508 ἀμφοτέρας
1231 473 1255 498 ἓν
1277 482 1302 499 τι
1327 475 1466 509 γεγονέναι,
1492 475 1671 509 συγχυθείσας
1694 474 1717 500 ἐν
1742 479 1772 511 τῇ
1801 475 1868 512 παρ’

1064 515 1172 546 ἀλλήλας
1208 516 1348 554 ἀνακράσει
1371 524 1377 532 ·
1407 520 1494 544 καίτοι
1526 528 1610 544 κοινον
1643 518 1726 555 ἕτερον
1759 519 1787 546 ἐκ
1818 524 1869 546 τοῦ

1062 563 1194 596 μίγματος
1221 565 1341 597 φανῆναι,
1373 563 1459 600 ὥσπερ
1489 565 1534 588 καί
1562 564 1595 590 τὰ
1622 566 1731 600 σώματα
1762 563 1789 590 ἐκ
1814 569 1869 590 τῶν

1062 605 1196 642 τεσσάρων
1231 608 1369 642 στοιχείων
1405 606 1531 642 εἰληχότα
1553 609 1600 637 τὴν
1631 611 1724 644 xpeto-tv
1750 608 1811 635 σῦλα)
1839 619 1868 634 τι

1062 649 1124 686 παρ’
1154 648 1236 675 ἐκεῖνά
1265 651 1392 686 τυγχάνει
1416 659 1422 666 δ
1447 653 1506 678 οὔτε
1532 654 1583 688 μὴν
1611 652 1624 678 ὸ
1655 651 1775 689 σίδηρος,
1805 655 1869 679 οὔτι

1062 695 1092 720 τὸ
1107 695 1229 731 ἡμέτερον
1255 699 1351 731 σῶμα,
1371 697 1385 724 ἦ
1407 699 1458 732 πῦρ
1488 695 1544 722 ἐστι
1563 697 1677 733 καθαρὸν
1694 718 1701 730 ,
1726 699 1741 726 ἦ
1772 697 1835 734 ἀήρ,
1849 700 1865 727 ἤ

1062 741 1088 764 τὶ
1125 743 1174 764 τῶν
1203 738 1284 764 ἀλλων
1324 741 1463 774 στοιχείων
1490 761 1497 772 ,
1530 739 1586 771 ἀλλ’
1615 740 1642 772 ἐξ
1680 741 1780 767 ἐκείνων
1817 744 1866 777 μὲν

1063 783 1207 820 συνεκράθη
1223 803 1232 815 ,
1254 782 1314 809 ἄλλο
1336 781 1366 810 δὲ
1391 793 1417 809 τι
1434 785 1499 820 μετὰ
1530 787 1576 814 τὴν
1598 786 1743 822 σύγκρασιν
1762 788 1865 821 γέγονε.

1061 828 1096 853 Τὸ
1109 825 1137 853 δὲ
1157 827 1209 863 οὐχ
1221 826 1302 858 οὑτως
1328 828 1389 863 ἕχον
1412 827 1482 854 ἐστίν
1499 837 1505 844 ·
1527 828 1591 855 ἀλλὰ
1610 834 1657 860 τῆς
1671 831 1738 861 οείάς
1761 834 1866 867 μορφῆς

1062 873 1120 901 ἤτοι
1136 873 1234 908 ιρύσεως
1261 871 1284 898 ἐν
1311 875 1360 908 μιᾷ
1380 876 1430 898 τῶν
1460 873 1542 905 αὐτῆς
1568 874 1736 900 ὑποστάσεων
1755 879 1785 911 τῇ
1818 874 1864 900 ἀν-

1063 917 1177 954 θρωπίνη
1204 917 1282 953 οὐσίᾳ
1312 916 1475 954 ἀτομωοείση
1507 918 1716 952 συνεληλυθυίας,
1735 919 1781 945 οὐκ
1800 920 1863 946 ἀλλο

1061 971 1086 986 τι
1109 963 1207 996 γέγονεν
1238 960 1288 987 ἀπὸ
1311 966 1357 991 τῆν
1383 962 1496 1000 ἀρρήτου
1524 965 1623 994 ταύτης
1649 963 1740 999 μίξεως
1765 974 1792 991 τε
1817 967 1863 991 καὶ

1060 1006 1197 1042 κράσεως,
1218 1005 1281 1032 ἀλλὰ
1299 1008 1365 1043 μετὰ
1388 1009 1434 1036 τὴν
1459 1008 1548 1034 ἕνωσιν
1577 1009 1605 1034 αἱ
1619 1009 1708 1044 φύσεις
1730 1010 1759 1035 τὸ
1779 1008 1863 1045 ἀσύγ-

1060 1060 1143 1087 χυτον
1157 1052 1275 1086 ἔχουσιν.

1095 1103 1143 1131 κθ’.
1162 1104 1217 1131 Ἵνα
1246 1102 1275 1131 δὲ
1307 1107 1352 1132 καὶ
1380 1107 1444 1143 πρὸς
1465 1107 1495 1133 τὸ
1520 1104 1691 1143 παράδειγμα
1712 1106 1862 1144 βλέψωμεν,

1061 1149 1074 1175 ὁ
1093 1149 1253 1175 καθέκαστον
1274 1150 1422 1177 ὑποκείσθω
1456 1151 1598 1188 ἄνθρωπος,
1615 1151 1649 1181 εἰς
1672 1151 1771 1182 οὗτινος
1795 1153 1863 1179 ὑπό-

1061 1203 1154 1220 στασιν
1175 1198 1250 1230 σῶμα
1273 1192 1408 1224 διελήλυθε
1422 1197 1467 1221 καὶ
1487 1195 1564 1231 ψυχή
1584 1204 1590 1210 “
1612 1195 1665 1221 ἀλλ’
1686 1196 1732 1222 οὐκ
1755 1196 1815 1222 ἄλλο
1835 1206 1863 1222 τι

1059 1240 1131 1276 παρὰ
1144 1242 1226 1266 ταῦτα
1246 1240 1379 1277 ὁμερικὸς
1404 1240 1546 1272 ἅνθρωπος.
1564 1240 1633 1270 Πλὴν
1659 1243 1741 1278 μέχρι
1765 1243 1862 1268 τούτου

1061 1286 1148 1313 στήτω
1176 1285 1239 1320 ἡμῖν
1271 1286 1301 1310 τό
1331 1283 1502 1321 παράδειγμα
1519 1295 1526 1302 ·
1543 1288 1700 1323 προσωτέρω
1723 1288 1774 1324 γὰρ
1799 1297 1862 1323 χω-

1057 1331 1171 1365 ροῦντες,
1194 1327 1289 1357 πολλὴν
1319 1331 1366 1357 τὴν
1396 1328 1524 1366 διαφορὰν
1557 1331 1698 1366 εὑρήσομεν
1719 1339 1726 1347 ο
1747 1330 1789 1357 ἐπὶ
1812 1333 1860 1367 μὲν

1057 1374 1106 1410 γὰρ
1120 1376 1166 1399 τοῦ
1194 1377 1301 1409 μερικοῡ
1321 1373 1468 1412 ἀνθρώπου,
1486 1372 1640 1405 ἰδιαζόντως
1664 1377 1693 1401 τὸ
1722 1379 1800 1412 σῶμα
1813 1379 1860 1402 καὶ

1058 1418 1072 1446 ἡ
1088 1417 1166 1453 ψυχὴ
1182 1418 1309 1453 λέγονται,
1323 1421 1367 1445 καὶ
1392 1419 1447 1445 οὗθ’
1461 1419 1475 1448 ἠ
1497 1418 1574 1455 ψυχὴ
1599 1423 1676 1455 σῶμα
1694 1420 1724 1446 ἄν
1748 1420 1857 1449 κληθείη

1057 1463 1127 1496 ποτὶ,
1145 1463 1203 1488 οὔτε
1226 1464 1255 1488 τὸ
1283 1467 1360 1499 σῶμα
1392 1463 1468 1499 ψυχὴ
1498 1465 1722 1501 προσαγορευθείη
1739 1473 1746 1480 ·
1764 1464 1807 1491 ἐπὶ
1827 1463 1858 1492 δε

172 1500 249 1529 inter
273 1507 329 1528 nos
342 1502 516 1536 persona,et
528 1501 620 1528 Deum
642 1502 746 1527 secure
760 1498 929 1527 diceremus
943 1499 1000 1526 lio-

1093 1517 1103 1537 ς
1123 1510 1168 1532 τοῦ
1189 1510 1256 1533 Θεοῦ
1286 1508 1345 1534 καθ’
1367 1509 1434 1544 ἡμᾶς
1457 1508 1636 1542 ὑποστάσεως,
1655 1511 1699 1535 καὶ
1723 1510 1767 1535 τόν
1792 1511 1858 1536 Θεὸν

173 1544 297 1578 minem,
310 1546 338 1572 et
352 1544 506 1572 hominem
528 1544 757 1578 Deum,mutatis
770 1543 902 1571 vicissim
917 1546 945 1571 et
960 1543 1001 1571 vi-

173 1589 274 1617 cissim
284 1589 361 1617 datis
379 1588 562 1622 nominibus,
575 1588 741 1616 secundum
756 1588 938 1616 ineffabilem
954 1596 1003 1615 co-

173 1633 359 1662 haerentiam.
375 1634 407 1661 Et
418 1632 643 1669 particularium
659 1632 817 1660 hominum
830 1632 1001 1660 communis

174 1679 219 1706 est
231 1678 359 1714 species;
370 1678 449 1705 unde
459 1676 625 1705 secundum
638 1677 717 1705 hanc
729 1676 1000 1704 individualitatem

172 1730 227 1759 per
242 1723 345 1751 omnia
367 1722 480 1750 similes
499 1721 648 1749 dicuntur.
663 1721 840 1756 Singulatim
851 1721 930 1749 enim
946 1721 1000 1749 ho-

173 1767 281 1802 mines,
298 1766 499 1795 caracteribus
511 1765 925 1799 differentes,similitudinem
939 1773 1001 1794 om-

175 1811 332 1840 nimodam
340 1811 505 1840 secundum
513 1810 644 1847 speciem
654 1810 775 1838 habent.
785 1810 893 1838 Divinte
900 1812 1000 1838 autem

175 1857 253 1885 illius
268 1859 444 1885 naturarum
462 1855 644 1892 hypostasis,
661 1863 721 1883 non
733 1857 779 1883 est
789 1855 903 1891 aliquid
917 1863 999 1883 com-

172 1909 264 1930 mune
273 1909 382 1929 nomen
394 1901 525 1928 Dhristus
535 1899 730 1936 appellatum,
738 1900 1000 1936 quemadmodum

173 1946 212 1974 de
228 1946 317 1974 nobis
343 1944 525 1973 vocabulum
551 1944 654 1979 homo,
668 1944 740 1980 quia
754 1952 816 1972 non
831 1947 900 1972 sunt
915 1944 1000 1972 mulli

173 1991 290 2023 Christi,
305 1989 356 2018 sed
371 1997 447 2017 unus
464 1989 555 2018 Patris
576 1989 722 2017 terminus
733 1991 761 2018 et
776 1989 904 2018 Verbum
916 1988 1000 2026 quod

173 2035 327 2063 divinitate
344 2034 428 2062 unxit
438 2033 667 2062 humanitatem.

211 2091 255 2117 30.
277 2088 307 2116 Si
320 2088 386 2125 quis
394 2089 495 2116 autem
509 2096 578 2116 cum
594 2087 725 2124 Eutyche
740 2087 929 2116 consentiens
947 2095 999 2116 oc-

171 2132 297 2161 currerit
311 2135 340 2160 et
354 2131 496 2167 objecerit
510 2131 664 2160 hominem
676 2131 796 2160 duabus
812 2133 924 2160 naturis
931 2139 998 2160 con-

1057 1550 1217 1589 θαρρούντως
1245 1550 1275 1577 ἃν
1304 1553 1418 1588 εἰποιμεν
1441 1553 1585 1589 ἄνθρωπον,
1612 1555 1656 1579 καὶ
1684 1555 1728 1579 τὸν
1757 1554 1859 1591 οἷνθρωυ

1055 1605 1103 1622 πον
1126 1598 1190 1622 Θεὸν
1211 1616 1218 1628 ,
1250 1598 1471 1634 μεταχωρούντων
1505 1596 1624 1628 ἀλλήλοις
1647 1602 1697 1624 τῶν
1723 1597 1857 1634 ὀνομάτων

1055 1643 1100 1667 καὶ
1129 1639 1351 1677 ἀναδιδομένων,
1381 1642 1447 1667 κατὰ
1479 1643 1525 1670 τήν
1558 1642 1668 1680 ἄρρητον
1706 1645 1852 1679 συμςιυίαν.

1057 1686 1107 1711 Καὶ
1134 1689 1184 1711 τῶν
1217 1687 1263 1722 μὲν
1293 1689 1404 1722 μερικῶν
1435 1685 1575 1722 ἀνθρώπων
1614 1686 1670 1713 ἐστὶ
1708 1689 1737 1714 τὸ
1771 1688 1857 1714 κοινὸν

1056 1728 1126 1761 εἶδος
1149 1739 1156 1746 ·
1185 1728 1228 1756 διὸ
1260 1729 1452 1766 ἀπαράλλακτοι
1485 1740 1552 1757 κατα
1578 1735 1653 1758 τοῦτο
1685 1733 1714 1758 τὸ
1750 1734 1856 1769 μερικόν

1054 1774 1192 1810 λέγονται·
1205 1775 1229 1800 οἱ
1252 1775 1301 1812 γὰρ
1325 1775 1392 1800 κατὰ
1411 1777 1487 1811 μέρος
1513 1776 1661 1813 ἄνθρωποι,
1682 1780 1737 1807 τοῖς
1763 1787 1857 1814 χοιρα-

1054 1823 1151 1856 χτῆρσι
1176 1818 1355 1851 διεστηκότες,
1382 1821 1429 1848 τὴν
1454 1819 1648 1857 ὰπαραλλαξίαν
1672 1822 1740 1847 κατὰ
1758 1824 1787 1848 τὸ
1819 1823 1856 1849 εἶ-

1057 1862 1100 1894 δος
1119 1865 1231 1900 ἔχουσι·
1246 1868 1292 1894 τῆς
1317 1862 1346 1890 δὲ
1367 1865 1435 1895 Θείας
1466 1864 1561 1896 ἐκείνης
1583 1869 1632 1891 τῶν
1662 1867 1762 1902 φύσεων
1790 1867 1855 1893 ὑπο-

1055 1909 1172 1939 στάσεως
1192 1908 1238 1934 οὐκ
1267 1910 1322 1935 ἔστι
1339 1919 1366 1935 τι
1386 1911 1470 1935 κοινὸν
1489 1911 1570 1946 ὄνομά
1593 1912 1709 1948 Χριστὸς
1725 1911 1855 1947 ὅνομαξόο

1053 1962 1137 1988 μενον,
1154 1954 1240 1989 ὧσπερ
1268 1952 1307 1989 ἐφ’
1333 1954 1407 1989 ἡμῶν
1426 1954 1569 1992 ἄνθρωπος,
1597 1956 1637 1981 ὃτι
1662 1953 1732 1992 μηδὲ
1764 1955 1855 1983 πολλοὶ

1053 1998 1133 2027 οὖτῶς
1159 2000 1281 2034 Χριστοὶ,
1296 1997 1349 2023 ἀλλ’
1368 1998 1404 2029 εἷς
1427 1998 1440 2024 ὁ
1467 2002 1512 2024 τοῦ
1536 2001 1634 2037 Πατρός
1656 2000 1713 2037 ὄρος
1732 2002 1777 2026 καὶ
1800 2003 1855 2027 Λό-

1053 2051 1096 2078 γος
1107 2046 1137 2078 τῇ
1156 2043 1258 2071 θεότητι
1277 2044 1377 2080 χρίσας
1391 2045 1436 2072 τήν
1453 2042 1648 2080 ἀνθρωπότητα.

1088 2085 1118 2114 λ’.
1138 2086 1169 2112 Εἰ
1189 2084 1219 2113 δέ
1240 2097 1280 2118 τις
1305 2088 1337 2113 τὰ
1356 2087 1491 2124 Εὗτυχοῡς
1513 2092 1610 2125 φρονῶν
1637 2088 1782 2119 ἀπαντήσει
1810 2092 1856 2117 καὶ

1052 2130 1221 2168 προϐαλεῐται
1262 2132 1294 2162 ὡς
1327 2132 1339 2158 ὁ
1379 2133 1515 2169 ἄνθρωπος
1550 2132 1577 2159 ἐκ
1613 2131 1662 2159 δύο
1698 2136 1858 2161 συνίσταται

173 2179 261 2211 stare,
273 2177 355 2204 hunc
369 2177 470 2204 autem
486 2184 504 2205 a
517 2177 576 2205 Deo
590 2179 780 2214 assumptum
795 2184 870 2209 esse,
884 2176 936 2210 qui
956 2175 996 2204 al-

1091 2185 1163 2209 σεων,
1178 2179 1269 2202 τοῦτον
1285 2174 1315 2203 δὲ
1338 2176 1350 2202 ὁ
1377 2178 1442 2207 Θεὸς
1464 2177 1648 2214 προσελάϐετο,
1674 2177 1747 2215 ἑτέρα
1776 2180 1858 2215 φύσις

173 2223 234 2250 tera
249 2221 327 2249 ultra.
339 2220 491 2249 hominem
503 2223 610 2249 natura
623 2224 679 2255 est,
691 2222 731 2249 ita
741 2224 772 2249 ut
787 2229 823 2248 ex
836 2220 930 2249 tribus
945 2227 998 2248 na-

172 2266 245 2295 turis
255 2266 444 2294 etl'ormatum
463 2274 531 2294 esse
544 2266 692 2294 Christum
715 2266 835 2293 credere
850 2267 994 2301 oporteat,

172 2310 290 2338 duabus
301 2309 424 2346 quidem
433 2310 680 2345 hominis,anima
691 2318 800 2346 nempe
813 2317 848 2337 ac
859 2317 995 2345 corpore,

170 2362 232 2383 una
246 2357 347 2383 autem
374 2355 505 2391 propria,
528 2355 585 2383 hoc
607 2355 647 2383 illi
668 2354 900 2390 responderetur
915 2354 998 2383 unita

170 2407 235 2428 esse
243 2399 343 2436 aliqua
351 2407 387 2428 ex
397 2400 546 2428 continuis
558 2399 749 2433 dici,sednon
758 2407 792 2427 ex
804 2398 994 2428 distantibus.

170 2445 227 2472 Cur
241 2445 320 2472 enim
345 2444 408 2480 ipse
432 2453 494 2472 non
522 2444 597 2472 dicis
624 2443 779 2472 hominem
803 2451 839 2472 ex
862 2444 996 2480 quinque

168 2489 320 2526 componi,
337 2489 382 2517 vel
407 2490 490 2525 quod
518 2488 619 2516 verius
633 2490 720 2522 esset,
732 2496 768 2516 ex
794 2490 919 2525 septem,
935 2497 997 2517 una

167 2534 290 2571 quidem
301 2533 548 2570 anima,quatuor
562 2535 663 2561 autem
679 2533 814 2569 corporis
829 2533 994 2568 elementis,

168 2581 196 2607 et
209 2578 310 2606 adhuc
323 2578 448 2606 materia
465 2579 494 2606 et
517 2577 625 2612 forma,
637 2585 704 2613 quae
719 2577 839 2613 longius
856 2579 946 2606 sunt?
963 2580 996 2606 Et

166 2631 223 2651 nos
248 2623 337 2658 igitur
357 2622 505 2650 Christum
530 2621 650 2649 duabus
671 2623 785 2650 naturis
801 2625 937 2651 constare
953 2623 996 2651 di-

169 2670 280 2699 centes.
295 2670 444 2702 tanquam
455 2674 546 2694 unam
567 2669 706 2695 naturam
717 2668 871 2696 hominem
888 2668 996 2704 accipi-

171 2721 250 2746 mus,
267 2712 307 2740 ad
321 2711 498 2740 continuum
513 2712 698 2741 attendentes
709 2721 807 2750 neque
818 2714 856 2742 ad
872 2716 996 2742 naturas

174 2757 285 2794 quibus
298 2755 346 2784 ille
358 2758 490 2786 constat.

1051 2221 1123 2255 παρὰ
1159 2225 1248 2247 τοῦτον
1286 2221 1426 2257 τυγχάνων
1443 2242 1450 2254 ,
1478 2222 1545 2249 ὣστε
1578 2222 1606 2248 ἐκ
1636 2227 1713 2259 τριῶν
1754 2225 1857 2259 φύσεων

1054 2263 1174 2297 δοξάζειν
1189 2268 1274 2302 χρεὼν
1303 2267 1346 2292 τὸν
1372 2267 1497 2304 Χριστὸν,
1523 2265 1572 2293 δύο
1604 2268 1649 2304 μὲν
1678 2272 1728 2294 τῶν
1743 2271 1789 2294 τοῦ
1810 2267 1856 2294 ἀν-

1055 2311 1167 2346 ορώπου,
1194 2310 1287 2346 ψυχῆς
1324 2310 1388 2347 λέγω
1419 2314 1464 2337 καὶ
1497 2314 1628 2348 σώματος,
1656 2316 1716 2348 μιᾶς
1742 2310 1772 2339 δὲ
1807 2317 1857 2345 τῆς

1053 2354 1149 2386 οἰκείας
1171 2354 1249 2381 ἐκεῖνο
1274 2356 1339 2392 πρὸς
1367 2355 1442 2382 αὐτὸν
1468 2355 1578 2391 λέγοιτο,
1602 2357 1642 2383 ὁτι
1670 2358 1702 2383 τὰ
1732 2357 1858 2394 ἱνούμενα

1052 2399 1078 2426 ἐκ
1100 2404 1150 2426 τῶν
1178 2403 1317 2438 προσεχῶν
1348 2399 1470 2426 ἐνοῦσθαι
1499 2400 1621 2437 λέγεται,
1639 2400 1689 2427 ἀλλ
1716 2401 1782 2437 οὐχὶ
1805 2406 1857 2428 τῶν

1052 2443 1140 2481 πόρρω
1156 2453 1162 2460 ’
1181 2442 1227 2470 διὰ
1248 2447 1273 2470 τί
1298 2445 1349 2481 γὰρ
1365 2445 1444 2475 αὐτὸς
1464 2447 1500 2481 μὴ
1517 2447 1560 2471 τὸν
1584 2446 1718 2483 ἄνθρωπον
1735 2445 1763 2472 ἐκ
1781 2448 1857 2474 πέντε

1051 2488 1119 2524 λέγει
1135 2490 1327 2524 συγκεῖσθαι,ἣ
1349 2491 1378 2515 τό
1392 2499 1421 2525 γε
1444 2488 1613 2527 ἀληθέστερον
1639 2488 1664 2521 ἐξ
1692 2489 1769 2523 ἑπτὰ,
1792 2494 1857 2527 μιᾶς

1051 2535 1098 2570 μὲν
1113 2536 1159 2564 τᾶς
1173 2533 1276 2569 ψυχῆς,
1293 2534 1426 2570 τεσσάρων
1451 2532 1480 2560 δὲ
1507 2538 1556 2560 τῶν
1582 2537 1722 2571 στοιχείων
1736 2539 1782 2561 τοῦ
1804 2539 1857 2562 σώ-

1052 2587 1144 2614 ματος,
1172 2580 1216 2604 καὶ
1248 2579 1286 2604 ἔτι
1313 2578 1376 2608 ὕλης
1399 2581 1444 2604 καὶ
1469 2577 1564 2612 εἴδους,
1594 2583 1644 2605 τῶν
1677 2579 1855 2618 πορῥωτέρωῖ

1055 2625 1104 2650 Καὶ
1120 2623 1194 2659 ἡμεῖς
1209 2627 1271 2659 γοῦν
1299 2625 1342 2649 τὸν
1372 2625 1486 2660 Χριστὸν
1502 2623 1529 2650 ἐκ
1556 2623 1603 2651 δύο
1624 2626 1723 2661 φύσεων
1750 2623 1856 2662 δογμα-

1050 2669 1175 2700 τίζοντες,
1192 2668 1227 2698 ὼς
1260 2670 1321 2703 μίαν
1350 2669 1427 2703 φύσιν
1453 2670 1495 2695 τὸν
1520 2669 1655 2706 ἄνθρωπον
1682 2669 1856 2706 προσλαμϐά-

1049 2721 1134 2748 νομεν,
1166 2713 1230 2749 πρὸς
1266 2714 1295 2739 τὸ
1319 2715 1450 2750 προσεχὲς
1477 2713 1629 2750 ἀφορῶντες,
1657 2716 1699 2740 καὶ
1731 2714 1762 2741 οὐ
1791 2716 1855 2751 πρῶ

1051 2759 1097 2787 τὰς
1117 2758 1216 2793 φύσεις,
1231 2757 1257 2789 ἐξ
1276 2758 1309 2784 ὧν
1328 2758 1422 2790 ἐκεῖνος
1437 2761 1606 2788 συνέστηκεν.
