  <div class='ocr_page' id='page_1' title='image "/cluster/home/n/w/nwhite01/storage/ocr_20150623/140/njp.32101010942850/063.png"; bbox 0 0 1917 3073; ppageno 0'>
   <div class='ocr_carea' id='block_1_1' title="bbox 168 87 1182 116">
    <p class='ocr_par' dir='ltr' id='par_1_1' title="bbox 168 87 1182 116">
     <span class='ocr_line' id='line_1_1' title="bbox 168 87 1182 116; baseline -0.001 0"><span class='ocrx_word' id='word_1_1' title='bbox 168 90 199 116; x_wconf 87' lang='grc'>91</span> <span class='ocrx_word' id='word_1_2' title='bbox 843 87 976 115; x_wconf 70' lang='grc' dir='ltr'>ΝΙΟΕΤᾸΞ</span> <span class='ocrx_word' id='word_1_3' title='bbox 996 87 1182 116; x_wconf 66' lang='grc' dir='ltr'>ΟΗΟΝΙΑΤᾸῦ</span> 
     </span>
    </p>
   </div>
   <div class='ocr_carea' id='block_1_2' title="bbox 1838 89 1872 115">
    <p class='ocr_par' dir='ltr' id='par_1_2' title="bbox 1838 89 1872 115">
     <span class='ocr_line' id='line_1_2' title="bbox 1838 89 1872 115; baseline 0 0"><span class='ocrx_word' id='word_1_4' title='bbox 1838 89 1872 115; x_wconf 78' lang='lat'>92</span> 
     </span>
    </p>
   </div>
   <div class='ocr_carea' id='block_1_3' title="bbox 169 148 995 186">
    <p class='ocr_par' dir='ltr' id='par_1_3' title="bbox 169 148 993 186">
     <span class='ocr_line' id='line_1_3' title="bbox 169 148 993 186; baseline -0.001 -8"><span class='ocrx_word' id='word_1_5' title='bbox 169 149 301 178; x_wconf 84' lang='lat' dir='ltr'>minatur</span> <span class='ocrx_word' id='word_1_6' title='bbox 315 148 400 177; x_wconf 84' lang='lat' dir='ltr'>itaut</span> <span class='ocrx_word' id='word_1_7' title='bbox 414 150 527 177; x_wconf 72' lang='lat' dir='ltr'>naturae</span> <span class='ocrx_word' id='word_1_8' title='bbox 546 149 669 185; x_wconf 85' lang='lat' dir='ltr'>quidem</span> <span class='ocrx_word' id='word_1_9' title='bbox 697 150 734 178; x_wconf 88' lang='lat' dir='ltr'>sit</span> <span class='ocrx_word' id='word_1_10' title='bbox 757 157 849 186; x_wconf 83' lang='lat' dir='ltr'>posse</span> <span class='ocrx_word' id='word_1_11' title='bbox 873 158 993 186; x_wconf 80' lang='lat' dir='ltr'>semper</span> 
     </span>
    </p>
   </div>
   <div class='ocr_carea' id='block_1_4' title="bbox 1064 148 1872 186">
    <p class='ocr_par' dir='ltr' id='par_1_4' title="bbox 1064 149 1872 186">
     <span class='ocr_line' id='line_1_4' title="bbox 1064 149 1872 186; baseline -0.001 -10"><span class='ocrx_word' id='word_1_12' title='bbox 1064 151 1085 176; x_wconf 71' lang='lat' dir='ltr'>rb</span> <span class='ocrx_word' id='word_1_13' title='bbox 1096 151 1234 185; x_wconf 69' lang='grc' dir='ltr'>πεφυκέναι</span> <span class='ocrx_word' id='word_1_14' title='bbox 1249 149 1342 184; x_wconf 78' lang='grc' dir='ltr'>λαλεῖν,</span> <span class='ocrx_word' id='word_1_15' title='bbox 1359 150 1445 186; x_wconf 77' lang='grc' dir='ltr'>ὡσπερ</span> <span class='ocrx_word' id='word_1_16' title='bbox 1465 152 1510 176; x_wconf 85' lang='grc' dir='ltr'>καὶ</span> <span class='ocrx_word' id='word_1_17' title='bbox 1536 151 1564 176; x_wconf 83' lang='grc' dir='ltr'><strong><em>τὸ</em></strong></span> <span class='ocrx_word' id='word_1_18' title='bbox 1586 151 1742 186; x_wconf 76' lang='grc' dir='ltr'>πεφυκέναι</span> <span class='ocrx_word' id='word_1_19' title='bbox 1768 149 1848 176; x_wconf 76' lang='grc' dir='ltr'>θέλειν</span> <span class='ocrx_word' id='word_1_20' title='bbox 1865 161 1872 167; x_wconf 85' lang='grc'><strong>·</strong></span> 
     </span>
    </p>
   </div>
   <div class='ocr_carea' id='block_1_5' title="bbox 167 194 993 231">
    <p class='ocr_par' dir='ltr' id='par_1_5' title="bbox 167 194 993 231">
     <span class='ocr_line' id='line_1_5' title="bbox 167 194 993 231; baseline 0 -9"><span class='ocrx_word' id='word_1_21' title='bbox 167 194 261 231; x_wconf 84' lang='lat' dir='ltr'>loqui,</span> <span class='ocrx_word' id='word_1_22' title='bbox 279 198 310 222; x_wconf 93' lang='lat' dir='ltr'>ut</span> <span class='ocrx_word' id='word_1_23' title='bbox 323 196 352 222; x_wconf 73' lang='lat' dir='ltr'>et</span> <span class='ocrx_word' id='word_1_24' title='bbox 365 201 455 230; x_wconf 86' lang='lat' dir='ltr'>posse</span> <span class='ocrx_word' id='word_1_25' title='bbox 469 194 553 221; x_wconf 74' lang='lat' dir='ltr'>velle.</span> <span class='ocrx_word' id='word_1_26' title='bbox 571 194 600 221; x_wconf 91' lang='lat' dir='ltr'>Si</span> <span class='ocrx_word' id='word_1_27' title='bbox 622 196 722 222; x_wconf 87' lang='lat' dir='ltr'>autem</span> <span class='ocrx_word' id='word_1_28' title='bbox 746 203 836 231; x_wconf 84' lang='lat' dir='ltr'>posse</span> <span class='ocrx_word' id='word_1_29' title='bbox 860 195 937 223; x_wconf 86' lang='lat' dir='ltr'>velle</span> <span class='ocrx_word' id='word_1_30' title='bbox 966 196 993 222; x_wconf 86' lang='lat' dir='ltr'>et</span> 
     </span>
    </p>
   </div>
   <div class='ocr_carea' id='block_1_6' title="bbox 169 239 992 276">
    <p class='ocr_par' dir='ltr' id='par_1_6' title="bbox 169 239 992 276">
     <span class='ocr_line' id='line_1_6' title="bbox 169 239 992 276; baseline 0 -10"><span class='ocrx_word' id='word_1_31' title='bbox 169 239 446 276; x_wconf 77' lang='lat' dir='ltr'>quomodocumque</span> <span class='ocrx_word' id='word_1_32' title='bbox 461 239 535 267; x_wconf 84' lang='lat' dir='ltr'>velle</span> <span class='ocrx_word' id='word_1_33' title='bbox 548 247 609 267; x_wconf 89' lang='lat' dir='ltr'>non</span> <span class='ocrx_word' id='word_1_34' title='bbox 621 241 691 267; x_wconf 88' lang='lat' dir='ltr'>sunt</span> <span class='ocrx_word' id='word_1_35' title='bbox 709 239 799 274; x_wconf 88' lang='lat' dir='ltr'>idem,</span> <span class='ocrx_word' id='word_1_36' title='bbox 821 239 873 267; x_wconf 74' lang='lat' dir='ltr'>sei</span> <span class='ocrx_word' id='word_1_37' title='bbox 896 241 992 275; x_wconf 87' lang='lat' dir='ltr'>poste-</span> 
     </span>
    </p>
   </div>
   <div class='ocr_carea' id='block_1_7' title="bbox 168 282 994 320">
    <p class='ocr_par' dir='ltr' id='par_1_7' title="bbox 168 282 994 320">
     <span class='ocr_line' id='line_1_7' title="bbox 168 282 994 320; baseline -0.001 -9"><span class='ocrx_word' id='word_1_38' title='bbox 168 284 231 311; x_wconf 89' lang='lat' dir='ltr'>rius</span> <span class='ocrx_word' id='word_1_39' title='bbox 247 291 283 311; x_wconf 90' lang='lat' dir='ltr'>ex</span> <span class='ocrx_word' id='word_1_40' title='bbox 309 282 433 311; x_wconf 85' lang='lat' dir='ltr'>volentis</span> <span class='ocrx_word' id='word_1_41' title='bbox 454 283 668 311; x_wconf 86' lang='lat' dir='ltr'>deliberatione</span> <span class='ocrx_word' id='word_1_42' title='bbox 693 283 837 320; x_wconf 81' lang='lat' dir='ltr'>procedit,</span> <span class='ocrx_word' id='word_1_43' title='bbox 861 283 994 311; x_wconf 82' lang='lat' dir='ltr'>habebat</span> 
     </span>
    </p>
   </div>
   <div class='ocr_carea' id='block_1_8' title="bbox 168 327 992 364">
    <p class='ocr_par' dir='ltr' id='par_1_8' title="bbox 168 327 992 364">
     <span class='ocr_line' id='line_1_8' title="bbox 168 327 992 364; baseline -0.001 -8"><span class='ocrx_word' id='word_1_44' title='bbox 168 328 259 363; x_wconf 80' lang='lat' dir='ltr'>igitur</span> <span class='ocrx_word' id='word_1_45' title='bbox 269 335 357 364; x_wconf 76' lang='lat' dir='ltr'>passe</span> <span class='ocrx_word' id='word_1_46' title='bbox 372 328 446 356; x_wconf 86' lang='lat' dir='ltr'>velle</span> <span class='ocrx_word' id='word_1_47' title='bbox 459 328 650 356; x_wconf 88' lang='lat' dir='ltr'>incarnatum</span> <span class='ocrx_word' id='word_1_48' title='bbox 666 327 806 362; x_wconf 82' lang='lat' dir='ltr'>Verbum,</span> <span class='ocrx_word' id='word_1_49' title='bbox 833 330 866 356; x_wconf 92' lang='lat' dir='ltr'>ut</span> <span class='ocrx_word' id='word_1_50' title='bbox 889 327 992 359; x_wconf 90' lang='lat' dir='ltr'>homo,</span> 
     </span>
    </p>
   </div>
   <div class='ocr_carea' id='block_1_9' title="bbox 170 373 993 408">
    <p class='ocr_par' dir='ltr' id='par_1_9' title="bbox 170 373 993 408">
     <span class='ocr_line' id='line_1_9' title="bbox 170 373 993 408; baseline 0 -8"><span class='ocrx_word' id='word_1_51' title='bbox 170 381 227 401; x_wconf 86' lang='lat' dir='ltr'>sua</span> <span class='ocrx_word' id='word_1_52' title='bbox 242 373 345 401; x_wconf 83' lang='lat' dir='ltr'>divina</span> <span class='ocrx_word' id='word_1_53' title='bbox 359 373 512 400; x_wconf 86' lang='lat' dir='ltr'>voluntate</span> <span class='ocrx_word' id='word_1_54' title='bbox 530 376 646 401; x_wconf 88' lang='lat' dir='ltr'>motum</span> <span class='ocrx_word' id='word_1_55' title='bbox 660 375 688 400; x_wconf 91' lang='lat' dir='ltr'>et</span> <span class='ocrx_word' id='word_1_56' title='bbox 704 373 906 401; x_wconf 81' lang='lat' dir='ltr'>eti&#39;ormatum.</span> <span class='ocrx_word' id='word_1_57' title='bbox 923 373 993 408; x_wconf 87' lang='lat' dir='ltr'>Ejus</span> 
     </span>
    </p>
   </div>
   <div class='ocr_carea' id='block_1_10' title="bbox 170 417 992 454">
    <p class='ocr_par' dir='ltr' id='par_1_10' title="bbox 170 417 992 454">
     <span class='ocr_line' id='line_1_10' title="bbox 170 417 992 454; baseline -0.002 -8"><span class='ocrx_word' id='word_1_58' title='bbox 170 418 250 446; x_wconf 86' lang='lat' dir='ltr'>enim</span> <span class='ocrx_word' id='word_1_59' title='bbox 265 417 415 452; x_wconf 80' lang='lat' dir='ltr'>voluntas,</span> <span class='ocrx_word' id='word_1_60' title='bbox 433 417 505 445; x_wconf 85' lang='lat' dir='ltr'>nihil</span> <span class='ocrx_word' id='word_1_61' title='bbox 522 419 581 446; x_wconf 92' lang='lat' dir='ltr'>Deo</span> <span class='ocrx_word' id='word_1_62' title='bbox 597 418 748 454; x_wconf 85' lang='lat' dir='ltr'>opposita,</span> <span class='ocrx_word' id='word_1_63' title='bbox 764 418 889 446; x_wconf 88' lang='lat' dir='ltr'>omnino</span> <span class='ocrx_word' id='word_1_64' title='bbox 909 417 992 445; x_wconf 85' lang='lat' dir='ltr'>deiti-</span> 
     </span>
    </p>
   </div>
   <div class='ocr_carea' id='block_1_11' title="bbox 170 462 994 499">
    <p class='ocr_par' dir='ltr' id='par_1_11' title="bbox 170 462 994 499">
     <span class='ocr_line' id='line_1_11' title="bbox 170 462 994 499; baseline 0 -9"><span class='ocrx_word' id='word_1_65' title='bbox 170 465 236 491; x_wconf 83' lang='lat' dir='ltr'>cata</span> <span class='ocrx_word' id='word_1_66' title='bbox 249 466 322 490; x_wconf 86' lang='lat' dir='ltr'>erat.</span> <span class='ocrx_word' id='word_1_67' title='bbox 341 462 367 490; x_wconf 92' lang='lat' dir='ltr'>Si</span> <span class='ocrx_word' id='word_1_68' title='bbox 382 465 482 490; x_wconf 88' lang='lat' dir='ltr'>autem</span> <span class='ocrx_word' id='word_1_69' title='bbox 496 462 702 497; x_wconf 85' lang='lat' dir='ltr'>deiﬁcabatur,</span> <span class='ocrx_word' id='word_1_70' title='bbox 718 465 798 499; x_wconf 90' lang='lat' dir='ltr'>patet</span> <span class='ocrx_word' id='word_1_71' title='bbox 819 471 887 490; x_wconf 88' lang='lat' dir='ltr'>eam</span> <span class='ocrx_word' id='word_1_72' title='bbox 911 462 994 490; x_wconf 89' lang='lat' dir='ltr'>deiﬁ-</span> 
     </span>
    </p>
   </div>
   <div class='ocr_carea' id='block_1_12' title="bbox 170 507 993 536">
    <p class='ocr_par' dir='ltr' id='par_1_12' title="bbox 170 507 993 536">
     <span class='ocr_line' id='line_1_12' title="bbox 170 507 993 536; baseline 0 -1"><span class='ocrx_word' id='word_1_73' title='bbox 170 507 264 536; x_wconf 82' lang='lat' dir='ltr'>cantis</span> <span class='ocrx_word' id='word_1_74' title='bbox 279 507 457 535; x_wconf 66' lang='lat' dir='ltr'>cohaerentia</span> <span class='ocrx_word' id='word_1_75' title='bbox 470 507 640 535; x_wconf 83' lang='lat' dir='ltr'>deiﬁcatam</span> <span class='ocrx_word' id='word_1_76' title='bbox 657 515 733 535; x_wconf 86' lang='lat' dir='ltr'>esse.</span> <span class='ocrx_word' id='word_1_77' title='bbox 759 508 902 535; x_wconf 85' lang='lat' dir='ltr'>Deiﬁcum</span> <span class='ocrx_word' id='word_1_78' title='bbox 921 515 993 535; x_wconf 86' lang='lat' dir='ltr'>vero</span> 
     </span>
    </p>
   </div>
   <div class='ocr_carea' id='block_1_13' title="bbox 171 552 994 586">
    <p class='ocr_par' dir='ltr' id='par_1_13' title="bbox 171 552 994 586">
     <span class='ocr_line' id='line_1_13' title="bbox 171 552 994 586; baseline 0 -7"><span class='ocrx_word' id='word_1_79' title='bbox 171 555 199 580; x_wconf 87' lang='lat' dir='ltr'>et</span> <span class='ocrx_word' id='word_1_80' title='bbox 212 552 384 580; x_wconf 80' lang='lat' dir='ltr'>deiﬁeatum</span> <span class='ocrx_word' id='word_1_81' title='bbox 399 552 461 580; x_wconf 93' lang='lat' dir='ltr'>duo</span> <span class='ocrx_word' id='word_1_82' title='bbox 476 555 553 580; x_wconf 80' lang='lat' dir='ltr'>certe</span> <span class='ocrx_word' id='word_1_83' title='bbox 580 555 665 586; x_wconf 87' lang='lat' dir='ltr'>sunt;</span> <span class='ocrx_word' id='word_1_84' title='bbox 683 552 735 580; x_wconf 89' lang='lat' dir='ltr'>sed</span> <span class='ocrx_word' id='word_1_85' title='bbox 765 560 826 580; x_wconf 88' lang='lat' dir='ltr'>non</span> <span class='ocrx_word' id='word_1_86' title='bbox 855 560 949 579; x_wconf 88' lang='lat' dir='ltr'>unum</span> <span class='ocrx_word' id='word_1_87' title='bbox 965 553 994 580; x_wconf 86' lang='lat' dir='ltr'>et</span> 
     </span>
    </p>
   </div>
   <div class='ocr_carea' id='block_1_14' title="bbox 170 597 993 633">
    <p class='ocr_par' dir='ltr' id='par_1_14' title="bbox 170 597 993 633">
     <span class='ocr_line' id='line_1_14' title="bbox 170 597 993 633; baseline -0.001 -8"><span class='ocrx_word' id='word_1_88' title='bbox 170 597 249 625; x_wconf 87' lang='lat' dir='ltr'>idem</span> <span class='ocrx_word' id='word_1_89' title='bbox 262 599 386 631; x_wconf 83' lang='lat' dir='ltr'>natura;</span> <span class='ocrx_word' id='word_1_90' title='bbox 405 597 428 624; x_wconf 90' lang='lat' dir='ltr'>si</span> <span class='ocrx_word' id='word_1_91' title='bbox 441 597 564 633; x_wconf 85' lang='lat' dir='ltr'>quidem</span> <span class='ocrx_word' id='word_1_92' title='bbox 578 605 693 631; x_wconf 86' lang='lat' dir='ltr'>eorum,</span> <span class='ocrx_word' id='word_1_93' title='bbox 710 605 778 633; x_wconf 81' lang='lat' dir='ltr'>quae</span> <span class='ocrx_word' id='word_1_94' title='bbox 795 599 864 625; x_wconf 84' lang='lat' dir='ltr'>sunt</span> <span class='ocrx_word' id='word_1_95' title='bbox 879 597 918 625; x_wconf 88' lang='lat' dir='ltr'>ad</span> <span class='ocrx_word' id='word_1_96' title='bbox 939 597 993 624; x_wconf 87' lang='lat' dir='ltr'>ali-</span> 
     </span>
    </p>
   </div>
   <div class='ocr_carea' id='block_1_15' title="bbox 170 641 992 678">
    <p class='ocr_par' dir='ltr' id='par_1_15' title="bbox 170 641 992 678">
     <span class='ocr_line' id='line_1_15' title="bbox 170 641 992 678; baseline -0.001 -9"><span class='ocrx_word' id='word_1_97' title='bbox 170 641 254 678; x_wconf 84' lang='lat' dir='ltr'>quid,</span> <span class='ocrx_word' id='word_1_98' title='bbox 269 641 412 669; x_wconf 85' lang='lat' dir='ltr'>deiﬁcans</span> <span class='ocrx_word' id='word_1_99' title='bbox 428 644 456 669; x_wconf 89' lang='lat' dir='ltr'>et</span> <span class='ocrx_word' id='word_1_100' title='bbox 470 641 644 670; x_wconf 84' lang='lat' dir='ltr'>deiﬁcatum</span> <span class='ocrx_word' id='word_1_101' title='bbox 661 645 740 676; x_wconf 90' lang='lat' dir='ltr'>sunt,</span> <span class='ocrx_word' id='word_1_102' title='bbox 765 649 801 670; x_wconf 87' lang='lat' dir='ltr'>ea</span> <span class='ocrx_word' id='word_1_103' title='bbox 827 649 897 669; x_wconf 83' lang='lat' dir='ltr'>vero</span> <span class='ocrx_word' id='word_1_104' title='bbox 926 649 992 677; x_wconf 80' lang='lat' dir='ltr'>quae</span> 
     </span>
    </p>
   </div>
   <div class='ocr_carea' id='block_1_16' title="bbox 171 685 994 721">
    <p class='ocr_par' dir='ltr' id='par_1_16' title="bbox 171 685 994 721">
     <span class='ocr_line' id='line_1_16' title="bbox 171 685 994 721; baseline -0.001 -8"><span class='ocrx_word' id='word_1_105' title='bbox 171 688 241 714; x_wconf 85' lang='lat' dir='ltr'>sunt</span> <span class='ocrx_word' id='word_1_106' title='bbox 255 685 293 713; x_wconf 86' lang='lat' dir='ltr'>ad</span> <span class='ocrx_word' id='word_1_107' title='bbox 309 685 423 721; x_wconf 83' lang='lat' dir='ltr'>aliquid</span> <span class='ocrx_word' id='word_1_108' title='bbox 437 686 650 721; x_wconf 84' lang='lat' dir='ltr'>possuntinter</span> <span class='ocrx_word' id='word_1_109' title='bbox 664 694 694 713; x_wconf 87' lang='lat' dir='ltr'>se</span> <span class='ocrx_word' id='word_1_110' title='bbox 709 686 794 719; x_wconf 90' lang='lat' dir='ltr'>uniri,</span> <span class='ocrx_word' id='word_1_111' title='bbox 807 686 994 721; x_wconf 88' lang='lat' dir='ltr'>alterumque</span> 
     </span>
    </p>
   </div>
   <div class='ocr_carea' id='block_1_17' title="bbox 172 730 995 766">
    <p class='ocr_par' dir='ltr' id='par_1_17' title="bbox 172 730 995 766">
     <span class='ocr_line' id='line_1_17' title="bbox 172 730 995 766; baseline -0.001 -8"><span class='ocrx_word' id='word_1_112' title='bbox 172 739 224 766; x_wconf 90' lang='lat' dir='ltr'>per</span> <span class='ocrx_word' id='word_1_113' title='bbox 238 730 365 758; x_wconf 83' lang='lat' dir='ltr'>alterum</span> <span class='ocrx_word' id='word_1_114' title='bbox 375 730 502 766; x_wconf 85' lang='lat' dir='ltr'>concipi.</span> <span class='ocrx_word' id='word_1_115' title='bbox 515 731 648 758; x_wconf 81' lang='lat' dir='ltr'>Habebat</span> <span class='ocrx_word' id='word_1_116' title='bbox 660 731 749 766; x_wconf 79' lang='lat' dir='ltr'>igitur</span> <span class='ocrx_word' id='word_1_117' title='bbox 759 731 926 759; x_wconf 77' lang='lat' dir='ltr'>naturalem</span> <span class='ocrx_word' id='word_1_118' title='bbox 941 738 995 757; x_wconf 88' lang='lat' dir='ltr'>vo-</span> 
     </span>
    </p>
   </div>
   <div class='ocr_carea' id='block_1_18' title="bbox 170 775 994 811">
    <p class='ocr_par' dir='ltr' id='par_1_18' title="bbox 170 775 994 811">
     <span class='ocr_line' id='line_1_18' title="bbox 170 775 994 811; baseline 0 -8"><span class='ocrx_word' id='word_1_119' title='bbox 170 775 328 811; x_wconf 87' lang='lat' dir='ltr'>luntatem,</span> <span class='ocrx_word' id='word_1_120' title='bbox 344 777 374 803; x_wconf 89' lang='lat' dir='ltr'>ut</span> <span class='ocrx_word' id='word_1_121' title='bbox 388 776 491 810; x_wconf 88' lang='lat' dir='ltr'>homo,</span> <span class='ocrx_word' id='word_1_122' title='bbox 508 776 643 804; x_wconf 78' lang='lat' dir='ltr'>Salvator</span> <span class='ocrx_word' id='word_1_123' title='bbox 658 784 712 804; x_wconf 85' lang='lat' dir='ltr'>sua</span> <span class='ocrx_word' id='word_1_124' title='bbox 728 776 829 804; x_wconf 84' lang='lat' dir='ltr'>divina</span> <span class='ocrx_word' id='word_1_125' title='bbox 843 776 994 804; x_wconf 74' lang='lat' dir='ltr'>voluntate</span> 
     </span>
    </p>
   </div>
   <div class='ocr_carea' id='block_1_19' title="bbox 1053 193 1873 230">
    <p class='ocr_par' dir='ltr' id='par_1_19' title="bbox 1053 193 1873 230">
     <span class='ocr_line' id='line_1_19' title="bbox 1053 193 1873 230; baseline 0 -9"><span class='ocrx_word' id='word_1_126' title='bbox 1053 195 1076 221; x_wconf 81' lang='grc' dir='ltr'>εἰ</span> <span class='ocrx_word' id='word_1_127' title='bbox 1089 193 1118 222; x_wconf 75' lang='grc' dir='ltr'>δὲ</span> <span class='ocrx_word' id='word_1_128' title='bbox 1133 197 1161 221; x_wconf 83' lang='grc' dir='ltr'>τὸ</span> <span class='ocrx_word' id='word_1_129' title='bbox 1176 197 1315 230; x_wconf 75' lang='grc' dir='ltr'>πεφυκέναι</span> <span class='ocrx_word' id='word_1_130' title='bbox 1332 194 1409 221; x_wconf 70' lang='grc' dir='ltr'>θέλειν</span> <span class='ocrx_word' id='word_1_131' title='bbox 1429 198 1473 222; x_wconf 83' lang='lat' dir='ltr'>xui.</span> <span class='ocrx_word' id='word_1_132' title='bbox 1499 197 1528 221; x_wconf 82' lang='grc' dir='ltr'><strong>τὸ</strong></span> <span class='ocrx_word' id='word_1_133' title='bbox 1552 200 1608 227; x_wconf 78' lang='grc' dir='ltr'>πῶς</span> <span class='ocrx_word' id='word_1_134' title='bbox 1634 195 1724 221; x_wconf 77' lang='grc' dir='ltr'>θέλειν</span> <span class='ocrx_word' id='word_1_135' title='bbox 1751 194 1800 220; x_wconf 76' lang='grc' dir='ltr'>οὐκ</span> <span class='ocrx_word' id='word_1_136' title='bbox 1817 196 1873 221; x_wconf 74' lang='grc' dir='ltr'>ἔστι</span> 
     </span>
    </p>
   </div>
   <div class='ocr_carea' id='block_1_20' title="bbox 1049 238 1865 276">
    <p class='ocr_par' dir='ltr' id='par_1_20' title="bbox 1049 238 1865 276">
     <span class='ocr_line' id='line_1_20' title="bbox 1049 238 1865 276; baseline -0.001 -11"><span class='ocrx_word' id='word_1_137' title='bbox 1049 241 1153 276; x_wconf 77' lang='grc' dir='ltr'>ταυτὸν,</span> <span class='ocrx_word' id='word_1_138' title='bbox 1179 241 1208 265; x_wconf 86' lang='grc' dir='ltr'>τὸ</span> <span class='ocrx_word' id='word_1_139' title='bbox 1237 238 1265 265; x_wconf 74' lang='grc' dir='ltr'>δὲ</span> <span class='ocrx_word' id='word_1_140' title='bbox 1291 243 1336 270; x_wconf 77' lang='grc' dir='ltr'>τῆς</span> <span class='ocrx_word' id='word_1_141' title='bbox 1368 243 1413 266; x_wconf 79' lang='grc' dir='ltr'>τού</span> <span class='ocrx_word' id='word_1_142' title='bbox 1443 240 1555 270; x_wconf 75' lang='grc' dir='ltr'>θελοντος</span> <span class='ocrx_word' id='word_1_143' title='bbox 1588 240 1719 276; x_wconf 76' lang='grc' dir='ltr'>ὑπάρχει</span> <span class='ocrx_word' id='word_1_144' title='bbox 1756 238 1865 275; x_wconf 70' lang='grc' dir='ltr'>βουλῆς,</span> 
     </span>
    </p>
   </div>
   <div class='ocr_carea' id='block_1_21' title="bbox 1050 284 1865 322">
    <p class='ocr_par' dir='ltr' id='par_1_21' title="bbox 1050 284 1865 322">
     <span class='ocr_line' id='line_1_21' title="bbox 1050 284 1865 322; baseline -0.001 -11"><span class='ocrx_word' id='word_1_145' title='bbox 1050 284 1118 320; x_wconf 77' lang='grc' dir='ltr'>εἶχεν</span> <span class='ocrx_word' id='word_1_146' title='bbox 1141 284 1192 322; x_wconf 64' lang='grc' dir='ltr'>οζοα</span> <span class='ocrx_word' id='word_1_147' title='bbox 1217 286 1247 310; x_wconf 89' lang='grc' dir='ltr'><em>τὸ</em></span> <span class='ocrx_word' id='word_1_148' title='bbox 1271 286 1409 320; x_wconf 76' lang='grc' dir='ltr'>πεφυκέναι</span> <span class='ocrx_word' id='word_1_149' title='bbox 1435 284 1512 311; x_wconf 78' lang='grc' dir='ltr'>θέλειν</span> <span class='ocrx_word' id='word_1_150' title='bbox 1538 285 1550 311; x_wconf 88' lang='grc' dir='ltr'><strong><em>ὀ</em></strong></span> <span class='ocrx_word' id='word_1_151' title='bbox 1578 285 1736 322; x_wconf 79' lang='grc' dir='ltr'>σαρκωθεὶς</span> <span class='ocrx_word' id='word_1_152' title='bbox 1767 285 1865 320; x_wconf 74' lang='grc' dir='ltr'>Λόγος,</span> 
     </span>
    </p>
   </div>
   <div class='ocr_carea' id='block_1_22' title="bbox 1049 328 1867 366">
    <p class='ocr_par' dir='ltr' id='par_1_22' title="bbox 1049 328 1867 366">
     <span class='ocr_line' id='line_1_22' title="bbox 1049 328 1867 366; baseline -0.001 -11"><span class='ocrx_word' id='word_1_153' title='bbox 1049 330 1083 359; x_wconf 81' lang='grc' dir='ltr'>ὡς</span> <span class='ocrx_word' id='word_1_154' title='bbox 1098 329 1241 366; x_wconf 73' lang='grc' dir='ltr'>ἄνθρωπος,</span> <span class='ocrx_word' id='word_1_155' title='bbox 1267 332 1302 364; x_wconf 78' lang='grc' dir='ltr'><em>τῷ</em></span> <span class='ocrx_word' id='word_1_156' title='bbox 1321 328 1401 354; x_wconf 66' lang='grc' dir='ltr'>αὐτοῦ</span> <span class='ocrx_word' id='word_1_157' title='bbox 1424 329 1500 365; x_wconf 73' lang='grc' dir='ltr'>θεῐκῷ</span> <span class='ocrx_word' id='word_1_158' title='bbox 1525 329 1686 365; x_wconf 75' lang='grc' dir='ltr'>βουλήματι</span> <span class='ocrx_word' id='word_1_159' title='bbox 1713 330 1867 364; x_wconf 78' lang='grc' dir='ltr'>κινούμενον</span> 
     </span>
    </p>
   </div>
   <div class='ocr_carea' id='block_1_23' title="bbox 1048 372 1866 410">
    <p class='ocr_par' dir='ltr' id='par_1_23' title="bbox 1048 372 1866 410">
     <span class='ocr_line' id='line_1_23' title="bbox 1048 372 1866 410; baseline 0 -10"><span class='ocrx_word' id='word_1_160' title='bbox 1048 377 1094 400; x_wconf 85' lang='grc' dir='ltr'>καί</span> <span class='ocrx_word' id='word_1_161' title='bbox 1119 375 1277 410; x_wconf 78' lang='grc' dir='ltr'>τυπούμενον</span> <span class='ocrx_word' id='word_1_162' title='bbox 1299 384 1306 390; x_wconf 90' lang='grc'><strong>·</strong></span> <span class='ocrx_word' id='word_1_163' title='bbox 1333 375 1362 400; x_wconf 84' lang='grc' dir='ltr'>τὸ</span> <span class='ocrx_word' id='word_1_164' title='bbox 1386 375 1435 410; x_wconf 74' lang='grc' dir='ltr'>γὰρ</span> <span class='ocrx_word' id='word_1_165' title='bbox 1455 373 1550 400; x_wconf 83' lang='grc' dir='ltr'>ἐκείνου</span> <span class='ocrx_word' id='word_1_166' title='bbox 1579 374 1666 401; x_wconf 66' lang='grc' dir='ltr'>θέλειν</span> <span class='ocrx_word' id='word_1_167' title='bbox 1693 372 1776 400; x_wconf 66' lang='grc' dir='ltr'>οὐδὲν</span> <span class='ocrx_word' id='word_1_168' title='bbox 1801 374 1866 400; x_wconf 83' lang='grc' dir='ltr'>ὑπε-</span> 
     </span>
    </p>
   </div>
   <div class='ocr_carea' id='block_1_24' title="bbox 1048 417 1866 454">
    <p class='ocr_par' dir='ltr' id='par_1_24' title="bbox 1048 417 1866 454">
     <span class='ocr_line' id='line_1_24' title="bbox 1048 417 1866 454; baseline -0.001 -9"><span class='ocrx_word' id='word_1_169' title='bbox 1048 421 1147 445; x_wconf 82' lang='grc' dir='ltr'>ναντίον</span> <span class='ocrx_word' id='word_1_170' title='bbox 1172 423 1238 454; x_wconf 74' lang='grc' dir='ltr'>Θεῷ,</span> <span class='ocrx_word' id='word_1_171' title='bbox 1264 420 1354 445; x_wconf 79' lang='grc' dir='ltr'>θεωθὲν</span> <span class='ocrx_word' id='word_1_172' title='bbox 1380 418 1438 445; x_wconf 80' lang='grc' dir='ltr'>ὅλον</span> <span class='ocrx_word' id='word_1_173' title='bbox 1455 429 1460 435; x_wconf 91' lang='grc'><strong>·</strong></span> <span class='ocrx_word' id='word_1_174' title='bbox 1487 419 1509 445; x_wconf 86' lang='grc' dir='ltr'>εἰ</span> <span class='ocrx_word' id='word_1_175' title='bbox 1534 417 1563 445; x_wconf 74' lang='grc' dir='ltr'>δὲ</span> <span class='ocrx_word' id='word_1_176' title='bbox 1591 420 1723 448; x_wconf 80' lang='grc' dir='ltr'>τεθέωτο,</span> <span class='ocrx_word' id='word_1_177' title='bbox 1757 422 1790 454; x_wconf 76' lang='grc' dir='ltr'>τῇ</span> <span class='ocrx_word' id='word_1_178' title='bbox 1821 422 1866 444; x_wconf 72' lang='grc' dir='ltr'>τοῦ</span> 
     </span>
    </p>
   </div>
   <div class='ocr_carea' id='block_1_25' title="bbox 1050 461 1864 499">
    <p class='ocr_par' dir='ltr' id='par_1_25' title="bbox 1050 461 1864 499">
     <span class='ocr_line' id='line_1_25' title="bbox 1050 461 1864 499; baseline -0.002 -9"><span class='ocrx_word' id='word_1_179' title='bbox 1050 465 1166 494; x_wconf 73' lang='grc' dir='ltr'>θεοῡντος</span> <span class='ocrx_word' id='word_1_180' title='bbox 1194 462 1315 492; x_wconf 70' lang='grc' dir='ltr'>δηλονότι</span> <span class='ocrx_word' id='word_1_181' title='bbox 1331 465 1449 499; x_wconf 71' lang='grc' dir='ltr'>συμφυίᾳ</span> <span class='ocrx_word' id='word_1_182' title='bbox 1473 465 1590 490; x_wconf 78' lang='grc' dir='ltr'>τεθέωτο.</span> <span class='ocrx_word' id='word_1_183' title='bbox 1611 465 1650 489; x_wconf 89' lang='grc' dir='ltr'>Τὸ</span> <span class='ocrx_word' id='word_1_184' title='bbox 1669 461 1701 489; x_wconf 69' lang='grc' dir='ltr'>δὲ</span> <span class='ocrx_word' id='word_1_185' title='bbox 1727 464 1804 489; x_wconf 72' lang='grc' dir='ltr'>θεοῡν</span> <span class='ocrx_word' id='word_1_186' title='bbox 1820 466 1864 489; x_wconf 81' lang='grc' dir='ltr'>καὶ</span> 
     </span>
    </p>
   </div>
   <div class='ocr_carea' id='block_1_26' title="bbox 1051 506 1864 545">
    <p class='ocr_par' dir='ltr' id='par_1_26' title="bbox 1051 506 1864 545">
     <span class='ocr_line' id='line_1_26' title="bbox 1051 506 1864 545; baseline -0.002 -11"><span class='ocrx_word' id='word_1_187' title='bbox 1051 510 1182 545; x_wconf 78' lang='grc' dir='ltr'>θεοὺμενον</span> <span class='ocrx_word' id='word_1_188' title='bbox 1199 506 1247 534; x_wconf 71' lang='grc' dir='ltr'>δύο</span> <span class='ocrx_word' id='word_1_189' title='bbox 1269 509 1382 542; x_wconf 61' lang='grc' dir='ltr'>πάντως,</span> <span class='ocrx_word' id='word_1_190' title='bbox 1407 507 1462 533; x_wconf 71' lang='grc' dir='ltr'>ἀλλ’</span> <span class='ocrx_word' id='word_1_191' title='bbox 1479 508 1530 544; x_wconf 72' lang='grc' dir='ltr'>οὑχ</span> <span class='ocrx_word' id='word_1_192' title='bbox 1545 508 1568 534; x_wconf 87' lang='grc' dir='ltr'>ἓν</span> <span class='ocrx_word' id='word_1_193' title='bbox 1581 511 1630 534; x_wconf 74' lang='grc' dir='ltr'>καὶ</span> <span class='ocrx_word' id='word_1_194' title='bbox 1647 509 1733 544; x_wconf 62' lang='grc' dir='ltr'>φύς-ει</span> <span class='ocrx_word' id='word_1_195' title='bbox 1756 510 1864 540; x_wconf 75' lang='grc' dir='ltr'>ταυτὸν,</span> 
     </span>
    </p>
   </div>
   <div class='ocr_carea' id='block_1_27' title="bbox 1049 551 1866 590">
    <p class='ocr_par' dir='ltr' id='par_1_27' title="bbox 1049 551 1866 590">
     <span class='ocr_line' id='line_1_27' title="bbox 1049 551 1866 590; baseline -0.001 -11"><span class='ocrx_word' id='word_1_196' title='bbox 1049 555 1118 590; x_wconf 80' lang='grc' dir='ltr'>εἴπερ</span> <span class='ocrx_word' id='word_1_197' title='bbox 1135 557 1182 578; x_wconf 80' lang='grc' dir='ltr'>τῶν</span> <span class='ocrx_word' id='word_1_198' title='bbox 1198 563 1260 590; x_wconf 80' lang='grc' dir='ltr'>προς</span> <span class='ocrx_word' id='word_1_199' title='bbox 1275 562 1300 578; x_wconf 82' lang='grc' dir='ltr'>τι</span> <span class='ocrx_word' id='word_1_200' title='bbox 1326 554 1354 578; x_wconf 86' lang='grc' dir='ltr'>τὸ</span> <span class='ocrx_word' id='word_1_201' title='bbox 1384 553 1455 578; x_wconf 75' lang='grc' dir='ltr'>θεοῠν</span> <span class='ocrx_word' id='word_1_202' title='bbox 1478 555 1522 578; x_wconf 77' lang='grc' dir='ltr'>καὶ</span> <span class='ocrx_word' id='word_1_203' title='bbox 1546 555 1575 578; x_wconf 72' lang='grc' dir='ltr'>τὸ</span> <span class='ocrx_word' id='word_1_204' title='bbox 1604 553 1765 588; x_wconf 79' lang='grc' dir='ltr'>οεούμενον,</span> <span class='ocrx_word' id='word_1_205' title='bbox 1783 553 1817 578; x_wconf 74' lang='grc' dir='ltr'>τὰ</span> <span class='ocrx_word' id='word_1_206' title='bbox 1837 551 1866 578; x_wconf 72' lang='grc' dir='ltr'>δὲ</span> 
     </span>
    </p>
   </div>
   <div class='ocr_carea' id='block_1_28' title="bbox 1048 596 1865 634">
    <p class='ocr_par' dir='ltr' id='par_1_28' title="bbox 1048 596 1865 634">
     <span class='ocr_line' id='line_1_28' title="bbox 1048 596 1865 634; baseline -0.002 -10"><span class='ocrx_word' id='word_1_207' title='bbox 1048 600 1113 634; x_wconf 80' lang='grc' dir='ltr'>πρὸς</span> <span class='ocrx_word' id='word_1_208' title='bbox 1136 608 1162 623; x_wconf 84' lang='grc' dir='ltr'>τι</span> <span class='ocrx_word' id='word_1_209' title='bbox 1185 598 1285 627; x_wconf 68' lang='grc' dir='ltr'>πάντως</span> <span class='ocrx_word' id='word_1_210' title='bbox 1309 596 1427 627; x_wconf 71' lang='grc' dir='ltr'>ἀλλήλοις</span> <span class='ocrx_word' id='word_1_211' title='bbox 1444 598 1651 632; x_wconf 71' lang='grc' dir='ltr'>συνεισάγεσοαι</span> <span class='ocrx_word' id='word_1_212' title='bbox 1677 599 1792 632; x_wconf 65' lang='grc' dir='ltr'>πέφυκε,</span> <span class='ocrx_word' id='word_1_213' title='bbox 1821 599 1865 622; x_wconf 76' lang='grc' dir='ltr'>καὶ</span> 
     </span>
    </p>
   </div>
   <div class='ocr_carea' id='block_1_29' title="bbox 1050 640 1865 679">
    <p class='ocr_par' dir='ltr' id='par_1_29' title="bbox 1050 640 1865 679">
     <span class='ocr_line' id='line_1_29' title="bbox 1050 640 1865 679; baseline -0.001 -11"><span class='ocrx_word' id='word_1_214' title='bbox 1050 643 1147 678; x_wconf 77' lang='grc' dir='ltr'>θατέρῳ</span> <span class='ocrx_word' id='word_1_215' title='bbox 1182 643 1389 668; x_wconf 76' lang='grc' dir='ltr'>συνεπινοεῖσθαι</span> <span class='ocrx_word' id='word_1_216' title='bbox 1423 643 1537 679; x_wconf 78' lang='grc' dir='ltr'>Θάτερον.</span> <span class='ocrx_word' id='word_1_217' title='bbox 1559 640 1643 678; x_wconf 78' lang='grc' dir='ltr'>Εἰχεν</span> <span class='ocrx_word' id='word_1_218' title='bbox 1681 641 1733 667; x_wconf 69' lang='grc' dir='ltr'>οὔκ</span> <span class='ocrx_word' id='word_1_219' title='bbox 1764 641 1865 677; x_wconf 58' lang='grc' dir='ltr'>θέλημα</span> 
     </span>
    </p>
   </div>
   <div class='ocr_carea' id='block_1_30' title="bbox 1050 685 1864 723">
    <p class='ocr_par' dir='ltr' id='par_1_30' title="bbox 1050 685 1864 723">
     <span class='ocr_line' id='line_1_30' title="bbox 1050 685 1864 723; baseline -0.001 -11"><span class='ocrx_word' id='word_1_220' title='bbox 1050 688 1160 723; x_wconf 76' lang='grc' dir='ltr'>φυσικὸν</span> <span class='ocrx_word' id='word_1_221' title='bbox 1191 687 1225 717; x_wconf 81' lang='grc' dir='ltr'>ὡς</span> <span class='ocrx_word' id='word_1_222' title='bbox 1251 687 1387 723; x_wconf 76' lang='grc' dir='ltr'>ἅνθρωπος</span> <span class='ocrx_word' id='word_1_223' title='bbox 1418 687 1431 711; x_wconf 82' lang='grc' dir='ltr'><strong><em>ὁ</em></strong></span> <span class='ocrx_word' id='word_1_224' title='bbox 1464 688 1552 722; x_wconf 83' lang='grc' dir='ltr'>Σωτὴρ</span> <span class='ocrx_word' id='word_1_225' title='bbox 1586 690 1625 721; x_wconf 79' lang='grc' dir='ltr'><strong><em>τῷ</em></strong></span> <span class='ocrx_word' id='word_1_226' title='bbox 1662 685 1751 711; x_wconf 67' lang='grc' dir='ltr'>αὐτοῦ</span> <span class='ocrx_word' id='word_1_227' title='bbox 1788 687 1864 720; x_wconf 75' lang='grc' dir='ltr'>θεῑχῷ</span> 
     </span>
    </p>
   </div>
   <div class='ocr_carea' id='block_1_31' title="bbox 1051 729 1864 767">
    <p class='ocr_par' dir='ltr' id='par_1_31' title="bbox 1051 729 1864 767">
     <span class='ocr_line' id='line_1_31' title="bbox 1051 729 1864 767; baseline -0.002 -10"><span class='ocrx_word' id='word_1_228' title='bbox 1051 731 1175 767; x_wconf 74' lang='grc' dir='ltr'>Θελήματι</span> <span class='ocrx_word' id='word_1_229' title='bbox 1191 732 1396 767; x_wconf 61' lang='grc' dir='ltr'>συντυπούμῖίην</span> <span class='ocrx_word' id='word_1_230' title='bbox 1416 733 1461 757; x_wconf 75' lang='lat' dir='ltr'>xui</span> <span class='ocrx_word' id='word_1_231' title='bbox 1477 731 1607 767; x_wconf 74' lang='grc' dir='ltr'>ἑνούμενον</span> <span class='ocrx_word' id='word_1_232' title='bbox 1634 733 1685 756; x_wconf 85' lang='lat' dir='ltr'>xui</span> <span class='ocrx_word' id='word_1_233' title='bbox 1711 730 1763 756; x_wconf 66' lang='grc' dir='ltr'>οὐκ</span> <span class='ocrx_word' id='word_1_234' title='bbox 1795 729 1864 756; x_wconf 67' lang='grc' dir='ltr'>ἐναν-</span> 
     </span>
    </p>
   </div>
   <div class='ocr_carea' id='block_1_32' title="bbox 1048 775 1863 812">
    <p class='ocr_par' dir='ltr' id='par_1_32' title="bbox 1048 775 1863 812">
     <span class='ocr_line' id='line_1_32' title="bbox 1048 775 1863 812; baseline -0.001 -11"><span class='ocrx_word' id='word_1_235' title='bbox 1048 777 1180 812; x_wconf 69' lang='grc' dir='ltr'>τιούμενον</span> <span class='ocrx_word' id='word_1_236' title='bbox 1198 786 1204 792; x_wconf 90' lang='grc'><strong>’</strong></span> <span class='ocrx_word' id='word_1_237' title='bbox 1222 777 1250 801; x_wconf 83' lang='grc' dir='ltr'>τὸ</span> <span class='ocrx_word' id='word_1_238' title='bbox 1264 777 1315 812; x_wconf 71' lang='grc' dir='ltr'>γὰρ</span> <span class='ocrx_word' id='word_1_239' title='bbox 1332 775 1390 801; x_wconf 78' lang='grc' dir='ltr'>κατ’</span> <span class='ocrx_word' id='word_1_240' title='bbox 1417 776 1502 811; x_wconf 73' lang='grc' dir='ltr'>ἔφεσιν</span> <span class='ocrx_word' id='word_1_241' title='bbox 1518 775 1662 811; x_wconf 81' lang='grc' dir='ltr'>ὀρεκτικῆς</span> <span class='ocrx_word' id='word_1_242' title='bbox 1688 775 1863 812; x_wconf 73' lang='grc' dir='ltr'>ἐστερημένον</span> 
     </span>
    </p>
   </div>
   <div class='ocr_carea' id='block_1_33' title="bbox 172 818 995 856">
    <p class='ocr_par' dir='ltr' id='par_1_33' title="bbox 172 820 992 849">
     <span class='ocr_line' id='line_1_33' title="bbox 172 820 992 849; baseline 0 -1"><span class='ocrx_word' id='word_1_243' title='bbox 172 820 361 848; x_wconf 79' lang='lat' dir='ltr'>eﬁ‘ormatam</span> <span class='ocrx_word' id='word_1_244' title='bbox 388 823 414 848; x_wconf 87' lang='lat' dir='ltr'>et</span> <span class='ocrx_word' id='word_1_245' title='bbox 443 821 619 849; x_wconf 85' lang='lat' dir='ltr'>nniﬁcatam</span> <span class='ocrx_word' id='word_1_246' title='bbox 652 823 680 849; x_wconf 89' lang='lat' dir='ltr'>et</span> <span class='ocrx_word' id='word_1_247' title='bbox 710 829 772 849; x_wconf 90' lang='lat' dir='ltr'>non</span> <span class='ocrx_word' id='word_1_248' title='bbox 802 821 992 848; x_wconf 78' lang='lat' dir='ltr'>contrariam.</span> 
     </span>
    </p>
   </div>
   <div class='ocr_carea' id='block_1_34' title="bbox 1064 818 1862 856">
    <p class='ocr_par' dir='ltr' id='par_1_34' title="bbox 1069 818 1862 856">
     <span class='ocr_line' id='line_1_34' title="bbox 1069 818 1862 856; baseline -0.001 -10"><span class='ocrx_word' id='word_1_249' title='bbox 1069 823 1173 850; x_wconf 76' lang='grc' dir='ltr'>ινήσεως</span> <span class='ocrx_word' id='word_1_250' title='bbox 1199 823 1243 846; x_wconf 80' lang='grc' dir='ltr'>καὶ</span> <span class='ocrx_word' id='word_1_251' title='bbox 1263 823 1350 850; x_wconf 78' lang='grc' dir='ltr'>πάσης</span> <span class='ocrx_word' id='word_1_252' title='bbox 1374 821 1485 851; x_wconf 77' lang='grc' dir='ltr'>ζωτικῆς</span> <span class='ocrx_word' id='word_1_253' title='bbox 1502 818 1639 855; x_wconf 70' lang='grc' dir='ltr'>δυνάμεως</span> <span class='ocrx_word' id='word_1_254' title='bbox 1666 821 1784 856; x_wconf 77' lang='grc' dir='ltr'>ἄμοιρον</span> <span class='ocrx_word' id='word_1_255' title='bbox 1803 830 1809 836; x_wconf 90' lang='grc'><strong>·</strong></span> <span class='ocrx_word' id='word_1_256' title='bbox 1835 821 1862 846; x_wconf 78' lang='grc' dir='ltr'>τό</span> 
     </span>
    </p>
   </div>
   <div class='ocr_carea' id='block_1_35' title="bbox 173 864 995 902">
    <p class='ocr_par' dir='ltr' id='par_1_35' title="bbox 173 864 995 902">
     <span class='ocr_line' id='line_1_35' title="bbox 173 864 995 902; baseline 0 -10"><span class='ocrx_word' id='word_1_257' title='bbox 173 865 256 898; x_wconf 89' lang='lat' dir='ltr'>Quod</span> <span class='ocrx_word' id='word_1_258' title='bbox 267 864 345 892; x_wconf 89' lang='lat' dir='ltr'>enim</span> <span class='ocrx_word' id='word_1_259' title='bbox 360 865 522 901; x_wconf 82' lang='lat' dir='ltr'>appetitivo</span> <span class='ocrx_word' id='word_1_260' title='bbox 536 865 566 892; x_wconf 91' lang='lat' dir='ltr'>in</span> <span class='ocrx_word' id='word_1_261' title='bbox 580 865 712 902; x_wconf 84' lang='lat' dir='ltr'>potentia</span> <span class='ocrx_word' id='word_1_262' title='bbox 722 867 806 893; x_wconf 86' lang='lat' dir='ltr'>motu</span> <span class='ocrx_word' id='word_1_263' title='bbox 816 867 906 899; x_wconf 83' lang='lat' dir='ltr'>caret,</span> <span class='ocrx_word' id='word_1_264' title='bbox 916 867 995 892; x_wconf 84' lang='lat' dir='ltr'>caret</span> 
     </span>
    </p>
   </div>
   <div class='ocr_carea' id='block_1_36' title="bbox 173 909 996 946">
    <p class='ocr_par' dir='ltr' id='par_1_36' title="bbox 173 909 996 946">
     <span class='ocr_line' id='line_1_36' title="bbox 173 909 996 946; baseline 0.001 -9"><span class='ocrx_word' id='word_1_265' title='bbox 173 909 261 938; x_wconf 87' lang='lat' dir='ltr'>simul</span> <span class='ocrx_word' id='word_1_266' title='bbox 274 910 357 938; x_wconf 88' lang='lat' dir='ltr'>omni</span> <span class='ocrx_word' id='word_1_267' title='bbox 373 910 454 938; x_wconf 80' lang='lat' dir='ltr'>Vitali</span> <span class='ocrx_word' id='word_1_268' title='bbox 469 911 633 946; x_wconf 79' lang='lat' dir='ltr'>potestate;</span> <span class='ocrx_word' id='word_1_269' title='bbox 649 910 731 946; x_wconf 87' lang='lat' dir='ltr'>quod</span> <span class='ocrx_word' id='word_1_270' title='bbox 745 912 846 938; x_wconf 90' lang='lat' dir='ltr'>autem</span> <span class='ocrx_word' id='word_1_271' title='bbox 859 918 894 937; x_wconf 79' lang='lat' dir='ltr'>ex</span> <span class='ocrx_word' id='word_1_272' title='bbox 909 913 996 937; x_wconf 90' lang='lat' dir='ltr'>natu-</span> 
     </span>
    </p>
   </div>
   <div class='ocr_carea' id='block_1_37' title="bbox 172 955 994 991">
    <p class='ocr_par' dir='ltr' id='par_1_37' title="bbox 172 955 994 991">
     <span class='ocr_line' id='line_1_37' title="bbox 172 955 994 991; baseline -0.001 -8"><span class='ocrx_word' id='word_1_273' title='bbox 172 963 206 983; x_wconf 87' lang='lat' dir='ltr'>ra</span> <span class='ocrx_word' id='word_1_274' title='bbox 220 963 281 983; x_wconf 87' lang='lat' dir='ltr'>non</span> <span class='ocrx_word' id='word_1_275' title='bbox 295 955 387 984; x_wconf 79' lang='lat' dir='ltr'>habet</span> <span class='ocrx_word' id='word_1_276' title='bbox 402 955 520 983; x_wconf 80' lang='lat' dir='ltr'>vitalem</span> <span class='ocrx_word' id='word_1_277' title='bbox 541 957 729 991; x_wconf 81' lang='lat' dir='ltr'>potestatem,</span> <span class='ocrx_word' id='word_1_278' title='bbox 749 955 875 984; x_wconf 87' lang='lat' dir='ltr'>omnino</span> <span class='ocrx_word' id='word_1_279' title='bbox 896 962 994 991; x_wconf 89' lang='lat' dir='ltr'>neque</span> 
     </span>
    </p>
   </div>
   <div class='ocr_carea' id='block_1_38' title="bbox 171 999 418 1029">
    <p class='ocr_par' dir='ltr' id='par_1_38' title="bbox 171 999 418 1029">
     <span class='ocr_line' id='line_1_38' title="bbox 171 999 418 1029; baseline -0.004 -1"><span class='ocrx_word' id='word_1_280' title='bbox 171 999 306 1028; x_wconf 82' lang='lat' dir='ltr'>animam</span> <span class='ocrx_word' id='word_1_281' title='bbox 317 1000 418 1029; x_wconf 80' lang='lat' dir='ltr'>habet.</span> 
     </span>
    </p>
   </div>
   <div class='ocr_carea' id='block_1_39' title="bbox 171 1054 993 1090">
    <p class='ocr_par' dir='ltr' id='par_1_39' title="bbox 171 1054 993 1090">
     <span class='ocr_line' id='line_1_39' title="bbox 171 1054 993 1090; baseline 0 -10"><span class='ocrx_word' id='word_1_282' title='bbox 171 1054 220 1082; x_wconf 85' lang='lat' dir='ltr'>Ad</span> <span class='ocrx_word' id='word_1_283' title='bbox 235 1061 282 1082; x_wconf 81' lang='lat' dir='ltr'>eos</span> <span class='ocrx_word' id='word_1_284' title='bbox 297 1055 347 1090; x_wconf 80' lang='lat' dir='ltr'>qui</span> <span class='ocrx_word' id='word_1_285' title='bbox 361 1054 465 1081; x_wconf 81' lang='lat' dir='ltr'>dicunt</span> <span class='ocrx_word' id='word_1_286' title='bbox 476 1061 505 1081; x_wconf 83' lang='lat' dir='ltr'>se</span> <span class='ocrx_word' id='word_1_287' title='bbox 516 1055 628 1082; x_wconf 75' lang='lat' dir='ltr'>nescire</span> <span class='ocrx_word' id='word_1_288' title='bbox 641 1054 767 1082; x_wconf 79' lang='lat' dir='ltr'>alteram</span> <span class='ocrx_word' id='word_1_289' title='bbox 777 1057 805 1081; x_wconf 80' lang='lat' dir='ltr'>et</span> <span class='ocrx_word' id='word_1_290' title='bbox 820 1054 946 1082; x_wconf 78' lang='lat' dir='ltr'>alteram</span> <span class='ocrx_word' id='word_1_291' title='bbox 962 1054 993 1080; x_wconf 81' lang='lat' dir='ltr'>in</span> 
     </span>
    </p>
   </div>
   <div class='ocr_carea' id='block_1_40' title="bbox 209 1098 992 1132">
    <p class='ocr_par' dir='ltr' id='par_1_40' title="bbox 209 1098 992 1132">
     <span class='ocr_line' id='line_1_40' title="bbox 209 1098 992 1132; baseline -0.001 -7"><span class='ocrx_word' id='word_1_292' title='bbox 209 1098 330 1126; x_wconf 79' lang='lat' dir='ltr'>Christo</span> <span class='ocrx_word' id='word_1_293' title='bbox 343 1099 540 1132; x_wconf 80' lang='lat' dir='ltr'>voluntatem,</span> <span class='ocrx_word' id='word_1_294' title='bbox 550 1099 601 1126; x_wconf 87' lang='lat' dir='ltr'>sed</span> <span class='ocrx_word' id='word_1_295' title='bbox 612 1105 702 1126; x_wconf 84' lang='lat' dir='ltr'>unam</span> <span class='ocrx_word' id='word_1_296' title='bbox 716 1101 742 1126; x_wconf 87' lang='lat' dir='ltr'>et</span> <span class='ocrx_word' id='word_1_297' title='bbox 755 1099 833 1126; x_wconf 79' lang='lat' dir='ltr'>hanc</span> <span class='ocrx_word' id='word_1_298' title='bbox 848 1098 992 1130; x_wconf 79' lang='lat' dir='ltr'>divinam,</span> 
     </span>
    </p>
   </div>
   <div class='ocr_carea' id='block_1_41' title="bbox 207 1143 673 1178">
    <p class='ocr_par' dir='ltr' id='par_1_41' title="bbox 207 1143 673 1178">
     <span class='ocr_line' id='line_1_41' title="bbox 207 1143 673 1178; baseline 0.002 -8"><span class='ocrx_word' id='word_1_299' title='bbox 207 1150 240 1170; x_wconf 85' lang='lat' dir='ltr'>eo</span> <span class='ocrx_word' id='word_1_300' title='bbox 250 1143 330 1178; x_wconf 83' lang='lat' dir='ltr'>quod</span> <span class='ocrx_word' id='word_1_301' title='bbox 344 1143 482 1177; x_wconf 80' lang='lat' dir='ltr'>deiﬁcata</span> <span class='ocrx_word' id='word_1_302' title='bbox 496 1143 590 1178; x_wconf 75' lang='lat' dir='ltr'>fuerit</span> <span class='ocrx_word' id='word_1_303' title='bbox 603 1151 673 1171; x_wconf 83' lang='lat' dir='ltr'>caro</span> 
     </span>
    </p>
   </div>
   <div class='ocr_carea' id='block_1_42' title="bbox 207 1195 994 1224">
    <p class='ocr_par' dir='ltr' id='par_1_42' title="bbox 207 1195 994 1224">
     <span class='ocr_line' id='line_1_42' title="bbox 207 1195 994 1224; baseline -0.001 -1"><span class='ocrx_word' id='word_1_304' title='bbox 207 1198 235 1223; x_wconf 84' lang='lat'>2.</span> <span class='ocrx_word' id='word_1_305' title='bbox 249 1195 308 1223; x_wconf 86' lang='lat' dir='ltr'>Nisi</span> <span class='ocrx_word' id='word_1_306' title='bbox 319 1195 412 1224; x_wconf 84' lang='lat' dir='ltr'>altera</span> <span class='ocrx_word' id='word_1_307' title='bbox 426 1199 454 1224; x_wconf 88' lang='lat' dir='ltr'>et</span> <span class='ocrx_word' id='word_1_308' title='bbox 465 1196 558 1224; x_wconf 84' lang='lat' dir='ltr'>altera</span> <span class='ocrx_word' id='word_1_309' title='bbox 572 1196 610 1224; x_wconf 86' lang='lat' dir='ltr'>sit</span> <span class='ocrx_word' id='word_1_310' title='bbox 622 1196 788 1224; x_wconf 75' lang='lat' dir='ltr'>secundum</span> <span class='ocrx_word' id='word_1_311' title='bbox 800 1198 938 1223; x_wconf 85' lang='lat' dir='ltr'>naturam</span> <span class='ocrx_word' id='word_1_312' title='bbox 952 1195 994 1222; x_wconf 88' lang='lat' dir='ltr'>di-</span> 
     </span>
    </p>
   </div>
   <div class='ocr_carea' id='block_1_43' title="bbox 171 1240 994 1274">
    <p class='ocr_par' dir='ltr' id='par_1_43' title="bbox 171 1240 994 1274">
     <span class='ocr_line' id='line_1_43' title="bbox 171 1240 994 1274; baseline -0.001 -6"><span class='ocrx_word' id='word_1_313' title='bbox 171 1240 243 1269; x_wconf 86' lang='lat' dir='ltr'>vina</span> <span class='ocrx_word' id='word_1_314' title='bbox 269 1243 296 1269; x_wconf 88' lang='lat' dir='ltr'>et</span> <span class='ocrx_word' id='word_1_315' title='bbox 310 1240 446 1269; x_wconf 86' lang='lat' dir='ltr'>humana</span> <span class='ocrx_word' id='word_1_316' title='bbox 461 1241 610 1274; x_wconf 85' lang='lat' dir='ltr'>voluntas,</span> <span class='ocrx_word' id='word_1_317' title='bbox 636 1241 829 1268; x_wconf 85' lang='lat' dir='ltr'>manifestum</span> <span class='ocrx_word' id='word_1_318' title='bbox 856 1243 901 1267; x_wconf 87' lang='lat' dir='ltr'>est</span> <span class='ocrx_word' id='word_1_319' title='bbox 926 1247 994 1267; x_wconf 84' lang='lat' dir='ltr'>eam</span> 
     </span>
    </p>
   </div>
   <div class='ocr_carea' id='block_1_44' title="bbox 172 1285 995 1317">
    <p class='ocr_par' dir='ltr' id='par_1_44' title="bbox 172 1285 995 1317">
     <span class='ocr_line' id='line_1_44' title="bbox 172 1285 995 1317; baseline 0 -5"><span class='ocrx_word' id='word_1_320' title='bbox 172 1293 238 1313; x_wconf 87' lang='lat' dir='ltr'>esse</span> <span class='ocrx_word' id='word_1_321' title='bbox 252 1292 344 1312; x_wconf 87' lang='lat' dir='ltr'>unam</span> <span class='ocrx_word' id='word_1_322' title='bbox 360 1288 388 1313; x_wconf 88' lang='lat' dir='ltr'>et</span> <span class='ocrx_word' id='word_1_323' title='bbox 400 1285 539 1313; x_wconf 87' lang='lat' dir='ltr'>eamdem</span> <span class='ocrx_word' id='word_1_324' title='bbox 559 1288 677 1313; x_wconf 86' lang='lat' dir='ltr'>natura.</span> <span class='ocrx_word' id='word_1_325' title='bbox 700 1285 727 1313; x_wconf 88' lang='lat' dir='ltr'>Si</span> <span class='ocrx_word' id='word_1_326' title='bbox 753 1285 795 1312; x_wconf 82' lang='lat' dir='ltr'>ita</span> <span class='ocrx_word' id='word_1_327' title='bbox 808 1287 862 1317; x_wconf 87' lang='lat' dir='ltr'>est,</span> <span class='ocrx_word' id='word_1_328' title='bbox 887 1286 995 1312; x_wconf 83' lang='lat' dir='ltr'>natura</span> 
     </span>
    </p>
   </div>
   <div class='ocr_carea' id='block_1_45' title="bbox 172 1329 995 1365">
    <p class='ocr_par' dir='ltr' id='par_1_45' title="bbox 172 1329 995 1365">
     <span class='ocr_line' id='line_1_45' title="bbox 172 1329 995 1365; baseline -0.001 -8"><span class='ocrx_word' id='word_1_329' title='bbox 172 1329 240 1365; x_wconf 87' lang='lat' dir='ltr'>ipsa</span> <span class='ocrx_word' id='word_1_330' title='bbox 253 1329 424 1358; x_wconf 88' lang='lat' dir='ltr'>necessaria</span> <span class='ocrx_word' id='word_1_331' title='bbox 435 1337 496 1357; x_wconf 86' lang='lat' dir='ltr'>una</span> <span class='ocrx_word' id='word_1_332' title='bbox 511 1332 540 1358; x_wconf 88' lang='lat' dir='ltr'>el</span> <span class='ocrx_word' id='word_1_333' title='bbox 555 1330 662 1357; x_wconf 88' lang='lat' dir='ltr'>eadem</span> <span class='ocrx_word' id='word_1_334' title='bbox 675 1329 738 1357; x_wconf 86' lang='lat' dir='ltr'>erit.</span> <span class='ocrx_word' id='word_1_335' title='bbox 754 1329 807 1357; x_wconf 85' lang='lat' dir='ltr'>Ubi</span> <span class='ocrx_word' id='word_1_336' title='bbox 826 1329 905 1356; x_wconf 89' lang='lat' dir='ltr'>enim</span> <span class='ocrx_word' id='word_1_337' title='bbox 933 1336 995 1356; x_wconf 90' lang='lat' dir='ltr'>non</span> 
     </span>
    </p>
   </div>
   <div class='ocr_carea' id='block_1_46' title="bbox 173 1373 996 1409">
    <p class='ocr_par' dir='ltr' id='par_1_46' title="bbox 173 1373 996 1409">
     <span class='ocr_line' id='line_1_46' title="bbox 173 1373 996 1409; baseline -0.001 -8"><span class='ocrx_word' id='word_1_338' title='bbox 173 1373 380 1402; x_wconf 80' lang='lat' dir='ltr'>estdiversiias</span> <span class='ocrx_word' id='word_1_339' title='bbox 389 1374 533 1402; x_wconf 79' lang='lat' dir='ltr'>naturalis</span> <span class='ocrx_word' id='word_1_340' title='bbox 545 1374 847 1409; x_wconf 80' lang='lat' dir='ltr'>voluntatum,neque</span> <span class='ocrx_word' id='word_1_341' title='bbox 859 1373 996 1401; x_wconf 85' lang='lat' dir='ltr'>substan-</span> 
     </span>
    </p>
   </div>
   <div class='ocr_carea' id='block_1_47' title="bbox 173 1418 997 1447">
    <p class='ocr_par' dir='ltr' id='par_1_47' title="bbox 173 1418 997 1447">
     <span class='ocr_line' id='line_1_47' title="bbox 173 1418 997 1447; baseline -0.001 -1"><span class='ocrx_word' id='word_1_342' title='bbox 173 1418 220 1446; x_wconf 73' lang='lat' dir='ltr'>tim</span> <span class='ocrx_word' id='word_1_343' title='bbox 236 1420 264 1446; x_wconf 90' lang='lat' dir='ltr'>et</span> <span class='ocrx_word' id='word_1_344' title='bbox 277 1420 393 1446; x_wconf 66' lang='lat' dir='ltr'>naturae</span> <span class='ocrx_word' id='word_1_345' title='bbox 405 1418 464 1446; x_wconf 87' lang='lat' dir='ltr'>illic</span> <span class='ocrx_word' id='word_1_346' title='bbox 479 1418 574 1447; x_wconf 85' lang='lat' dir='ltr'>aderit</span> <span class='ocrx_word' id='word_1_347' title='bbox 586 1418 762 1446; x_wconf 81' lang='lat' dir='ltr'>varietas.Si</span> <span class='ocrx_word' id='word_1_348' title='bbox 774 1420 875 1446; x_wconf 83' lang='lat' dir='ltr'>autem</span> <span class='ocrx_word' id='word_1_349' title='bbox 890 1420 997 1445; x_wconf 83' lang='lat' dir='ltr'>natura</span> 
     </span>
    </p>
   </div>
   <div class='ocr_carea' id='block_1_48' title="bbox 174 1463 996 1498">
    <p class='ocr_par' dir='ltr' id='par_1_48' title="bbox 174 1463 996 1498">
     <span class='ocr_line' id='line_1_48' title="bbox 174 1463 996 1498; baseline 0 -7"><span class='ocrx_word' id='word_1_350' title='bbox 174 1463 265 1491; x_wconf 83' lang='lat' dir='ltr'>altera</span> <span class='ocrx_word' id='word_1_351' title='bbox 279 1466 308 1491; x_wconf 88' lang='lat' dir='ltr'>et</span> <span class='ocrx_word' id='word_1_352' title='bbox 323 1463 417 1491; x_wconf 85' lang='lat' dir='ltr'>altera</span> <span class='ocrx_word' id='word_1_353' title='bbox 439 1463 606 1491; x_wconf 84' lang='lat' dir='ltr'>voluntates</span> <span class='ocrx_word' id='word_1_354' title='bbox 630 1464 699 1498; x_wconf 89' lang='lat' dir='ltr'>sint,</span> <span class='ocrx_word' id='word_1_355' title='bbox 729 1463 854 1491; x_wconf 87' lang='lat' dir='ltr'>omnino</span> <span class='ocrx_word' id='word_1_356' title='bbox 876 1463 950 1491; x_wconf 86' lang='lat' dir='ltr'>inter</span> <span class='ocrx_word' id='word_1_357' title='bbox 965 1470 996 1490; x_wconf 89' lang='lat' dir='ltr'>se</span> 
     </span>
    </p>
   </div>
   <div class='ocr_carea' id='block_1_49' title="bbox 173 1503 1034 1544">
    <p class='ocr_par' dir='ltr' id='par_1_49' title="bbox 173 1503 1034 1544">
     <span class='ocr_line' id='line_1_49' title="bbox 173 1503 1034 1544; baseline -0.001 -8"><span class='ocrx_word' id='word_1_358' title='bbox 173 1508 327 1536; x_wconf 73' lang='lat' dir='ltr'>differunt.</span> <span class='ocrx_word' id='word_1_359' title='bbox 348 1509 436 1536; x_wconf 88' lang='lat' dir='ltr'>Porro</span> <span class='ocrx_word' id='word_1_360' title='bbox 449 1508 473 1536; x_wconf 88' lang='lat' dir='ltr'>si</span> <span class='ocrx_word' id='word_1_361' title='bbox 488 1507 640 1542; x_wconf 76' lang='lat' dir='ltr'>differunt,</span> <span class='ocrx_word' id='word_1_362' title='bbox 652 1508 807 1544; x_wconf 89' lang='lat' dir='ltr'>quomodo</span> <span class='ocrx_word' id='word_1_363' title='bbox 821 1516 925 1536; x_wconf 88' lang='lat' dir='ltr'>earnm</span> <span class='ocrx_word' id='word_1_364' title='bbox 940 1515 996 1536; x_wconf 91' lang='lat' dir='ltr'>nu-</span> <span class='ocrx_word' id='word_1_365' title='bbox 1011 1503 1034 1531; x_wconf 78' lang='grc' dir='ltr'><strong>ο</strong></span> 
     </span>
    </p>
   </div>
   <div class='ocr_carea' id='block_1_50' title="bbox 174 1552 997 1589">
    <p class='ocr_par' dir='ltr' id='par_1_50' title="bbox 174 1552 997 1589">
     <span class='ocr_line' id='line_1_50' title="bbox 174 1552 997 1589; baseline 0 -10"><span class='ocrx_word' id='word_1_366' title='bbox 174 1559 290 1579; x_wconf 89' lang='lat' dir='ltr'>merum</span> <span class='ocrx_word' id='word_1_367' title='bbox 306 1552 439 1580; x_wconf 89' lang='lat' dir='ltr'>conﬁteri</span> <span class='ocrx_word' id='word_1_368' title='bbox 455 1560 516 1580; x_wconf 91' lang='lat' dir='ltr'>non</span> <span class='ocrx_word' id='word_1_369' title='bbox 532 1561 655 1581; x_wconf 87' lang='lat' dir='ltr'>necesse</span> <span class='ocrx_word' id='word_1_370' title='bbox 673 1556 717 1581; x_wconf 88' lang='lat' dir='ltr'>est</span> <span class='ocrx_word' id='word_1_371' title='bbox 732 1556 760 1581; x_wconf 87' lang='lat' dir='ltr'>et</span> <span class='ocrx_word' id='word_1_372' title='bbox 782 1555 856 1589; x_wconf 89' lang='lat' dir='ltr'>quot</span> <span class='ocrx_word' id='word_1_373' title='bbox 880 1552 938 1580; x_wconf 89' lang='lat' dir='ltr'>sint</span> <span class='ocrx_word' id='word_1_374' title='bbox 954 1552 997 1579; x_wconf 88' lang='lat' dir='ltr'>in-</span> 
     </span>
    </p>
   </div>
   <div class='ocr_carea' id='block_1_51' title="bbox 174 1595 997 1633">
    <p class='ocr_par' dir='ltr' id='par_1_51' title="bbox 174 1595 997 1633">
     <span class='ocr_line' id='line_1_51' title="bbox 174 1595 997 1633; baseline 0 -10"><span class='ocrx_word' id='word_1_375' title='bbox 174 1596 290 1631; x_wconf 87' lang='lat' dir='ltr'>quirere</span> <span class='ocrx_word' id='word_1_376' title='bbox 301 1597 314 1624; x_wconf 84' lang='lat'><strong>?</strong></span> <span class='ocrx_word' id='word_1_377' title='bbox 327 1596 486 1629; x_wconf 83' lang='lat' dir='ltr'>Quomodo</span> <span class='ocrx_word' id='word_1_378' title='bbox 500 1597 581 1625; x_wconf 91' lang='lat' dir='ltr'>enim</span> <span class='ocrx_word' id='word_1_379' title='bbox 596 1597 739 1633; x_wconf 87' lang='lat' dir='ltr'>possibile</span> <span class='ocrx_word' id='word_1_380' title='bbox 754 1600 800 1625; x_wconf 82' lang='lat' dir='ltr'>est</span> <span class='ocrx_word' id='word_1_381' title='bbox 813 1604 879 1624; x_wconf 86' lang='lat' dir='ltr'>esse</span> <span class='ocrx_word' id='word_1_382' title='bbox 893 1595 997 1624; x_wconf 80' lang='lat' dir='ltr'>volun-</span> 
     </span>
    </p>
   </div>
   <div class='ocr_carea' id='block_1_52' title="bbox 174 1641 998 1678">
    <p class='ocr_par' dir='ltr' id='par_1_52' title="bbox 174 1641 998 1678">
     <span class='ocr_line' id='line_1_52' title="bbox 174 1641 998 1678; baseline 0 -10"><span class='ocrx_word' id='word_1_383' title='bbox 174 1643 248 1669; x_wconf 82' lang='lat' dir='ltr'>tates</span> <span class='ocrx_word' id='word_1_384' title='bbox 259 1649 370 1678; x_wconf 84' lang='lat' dir='ltr'>easque</span> <span class='ocrx_word' id='word_1_385' title='bbox 386 1650 445 1670; x_wconf 91' lang='lat' dir='ltr'>non</span> <span class='ocrx_word' id='word_1_386' title='bbox 461 1643 638 1670; x_wconf 83' lang='lat' dir='ltr'>numerari?</span> <span class='ocrx_word' id='word_1_387' title='bbox 650 1643 736 1675; x_wconf 78' lang='lat' dir='ltr'>Quod</span> <span class='ocrx_word' id='word_1_388' title='bbox 754 1642 833 1670; x_wconf 85' lang='lat' dir='ltr'>enim</span> <span class='ocrx_word' id='word_1_389' title='bbox 860 1641 998 1669; x_wconf 86' lang='lat' dir='ltr'>deiﬁcata</span> 
     </span>
    </p>
   </div>
   <div class='ocr_carea' id='block_1_53' title="bbox 175 1686 998 1719">
    <p class='ocr_par' dir='ltr' id='par_1_53' title="bbox 175 1686 998 1719">
     <span class='ocr_line' id='line_1_53' title="bbox 175 1686 998 1719; baseline 0 -7"><span class='ocrx_word' id='word_1_390' title='bbox 175 1688 218 1712; x_wconf 88' lang='lat' dir='ltr'>est</span> <span class='ocrx_word' id='word_1_391' title='bbox 243 1693 298 1713; x_wconf 84' lang='lat' dir='ltr'>sua</span> <span class='ocrx_word' id='word_1_392' title='bbox 313 1693 381 1713; x_wconf 91' lang='lat' dir='ltr'>cum</span> <span class='ocrx_word' id='word_1_393' title='bbox 398 1687 457 1714; x_wconf 89' lang='lat' dir='ltr'>Deo</span> <span class='ocrx_word' id='word_1_394' title='bbox 473 1687 585 1714; x_wconf 87' lang='lat' dir='ltr'>unione</span> <span class='ocrx_word' id='word_1_395' title='bbox 613 1695 694 1719; x_wconf 87' lang='lat' dir='ltr'>caro,</span> <span class='ocrx_word' id='word_1_396' title='bbox 719 1695 778 1714; x_wconf 89' lang='lat' dir='ltr'>non</span> <span class='ocrx_word' id='word_1_397' title='bbox 797 1686 865 1714; x_wconf 91' lang='lat' dir='ltr'>ideo</span> <span class='ocrx_word' id='word_1_398' title='bbox 889 1686 919 1713; x_wconf 92' lang='lat' dir='ltr'>in</span> <span class='ocrx_word' id='word_1_399' title='bbox 943 1693 998 1713; x_wconf 90' lang='lat' dir='ltr'>sua</span> 
     </span>
    </p>
   </div>
   <div class='ocr_carea' id='block_1_54' title="bbox 175 1729 999 1766">
    <p class='ocr_par' dir='ltr' id='par_1_54' title="bbox 175 1729 999 1766">
     <span class='ocr_line' id='line_1_54' title="bbox 175 1729 999 1766; baseline 0.001 -11"><span class='ocrx_word' id='word_1_400' title='bbox 175 1729 323 1757; x_wconf 88' lang='lat' dir='ltr'>essentiali</span> <span class='ocrx_word' id='word_1_401' title='bbox 340 1730 472 1763; x_wconf 87' lang='lat' dir='ltr'>entitate,</span> <span class='ocrx_word' id='word_1_402' title='bbox 486 1733 636 1766; x_wconf 86' lang='lat' dir='ltr'>quatenus</span> <span class='ocrx_word' id='word_1_403' title='bbox 656 1733 764 1758; x_wconf 85' lang='lat' dir='ltr'>natura</span> <span class='ocrx_word' id='word_1_404' title='bbox 779 1730 954 1758; x_wconf 84' lang='lat' dir='ltr'>rationalem</span> <span class='ocrx_word' id='word_1_405' title='bbox 970 1732 999 1757; x_wconf 87' lang='lat' dir='ltr'>et</span> 
     </span>
    </p>
   </div>
   <div class='ocr_carea' id='block_1_55' title="bbox 175 1774 996 1810">
    <p class='ocr_par' dir='ltr' id='par_1_55' title="bbox 175 1774 996 1810">
     <span class='ocr_line' id='line_1_55' title="bbox 175 1774 996 1810; baseline 0 -10"><span class='ocrx_word' id='word_1_406' title='bbox 175 1775 275 1801; x_wconf 86' lang='lat' dir='ltr'>mente</span> <span class='ocrx_word' id='word_1_407' title='bbox 307 1774 464 1809; x_wconf 73' lang='lat' dir='ltr'>praeditam</span> <span class='ocrx_word' id='word_1_408' title='bbox 491 1775 624 1802; x_wconf 84' lang='lat' dir='ltr'>animam</span> <span class='ocrx_word' id='word_1_409' title='bbox 654 1774 754 1806; x_wconf 83' lang='lat' dir='ltr'>habet,</span> <span class='ocrx_word' id='word_1_410' title='bbox 786 1774 996 1810; x_wconf 87' lang='lat' dir='ltr'>corrumpitur.</span> 
     </span>
    </p>
   </div>
   <div class='ocr_carea' id='block_1_56' title="bbox 175 1817 999 1855">
    <p class='ocr_par' dir='ltr' id='par_1_56' title="bbox 175 1817 999 1855">
     <span class='ocr_line' id='line_1_56' title="bbox 175 1817 999 1855; baseline 0.002 -11"><span class='ocrx_word' id='word_1_411' title='bbox 175 1817 436 1850; x_wconf 79' lang='lat' dir='ltr'>Quemadmodum</span> <span class='ocrx_word' id='word_1_412' title='bbox 445 1826 542 1855; x_wconf 90' lang='lat' dir='ltr'>neque</span> <span class='ocrx_word' id='word_1_413' title='bbox 553 1819 664 1846; x_wconf 84' lang='lat' dir='ltr'>ferrum</span> <span class='ocrx_word' id='word_1_414' title='bbox 673 1818 870 1854; x_wconf 87' lang='lat' dir='ltr'>corrumpitiu</span> <span class='ocrx_word' id='word_1_415' title='bbox 878 1818 999 1854; x_wconf 88' lang='lat' dir='ltr'>propria</span> 
     </span>
    </p>
   </div>
   <div class='ocr_carea' id='block_1_57' title="bbox 175 1863 1000 1898">
    <p class='ocr_par' dir='ltr' id='par_1_57' title="bbox 175 1863 1000 1898">
     <span class='ocr_line' id='line_1_57' title="bbox 175 1863 1000 1898; baseline -0.001 -8"><span class='ocrx_word' id='word_1_416' title='bbox 175 1864 283 1891; x_wconf 82' lang='lat' dir='ltr'>natura</span> <span class='ocrx_word' id='word_1_417' title='bbox 298 1870 419 1890; x_wconf 85' lang='lat' dir='ltr'>summa</span> <span class='ocrx_word' id='word_1_418' title='bbox 434 1865 462 1890; x_wconf 89' lang='lat' dir='ltr'>et</span> <span class='ocrx_word' id='word_1_419' title='bbox 476 1863 608 1898; x_wconf 84' lang='lat' dir='ltr'>perfecta</span> <span class='ocrx_word' id='word_1_420' title='bbox 626 1871 694 1890; x_wconf 89' lang='lat' dir='ltr'>cum</span> <span class='ocrx_word' id='word_1_421' title='bbox 710 1863 778 1898; x_wconf 83' lang='lat' dir='ltr'>igne</span> <span class='ocrx_word' id='word_1_422' title='bbox 792 1863 960 1890; x_wconf 88' lang='lat' dir='ltr'>commistio</span> <span class='ocrx_word' id='word_1_423' title='bbox 972 1865 1000 1890; x_wconf 91' lang='lat' dir='ltr'>et</span> 
     </span>
    </p>
   </div>
   <div class='ocr_carea' id='block_1_58' title="bbox 177 1907 998 1943">
    <p class='ocr_par' dir='ltr' id='par_1_58' title="bbox 177 1907 998 1943">
     <span class='ocr_line' id='line_1_58' title="bbox 177 1907 998 1943; baseline 0 -9"><span class='ocrx_word' id='word_1_424' title='bbox 177 1907 267 1940; x_wconf 80' lang='lat' dir='ltr'>unio;</span> <span class='ocrx_word' id='word_1_425' title='bbox 285 1907 338 1934; x_wconf 88' lang='lat' dir='ltr'>sed</span> <span class='ocrx_word' id='word_1_426' title='bbox 353 1907 548 1943; x_wconf 76' lang='lat' dir='ltr'>proprietates</span> <span class='ocrx_word' id='word_1_427' title='bbox 560 1907 637 1942; x_wconf 82' lang='lat' dir='ltr'>ignis</span> <span class='ocrx_word' id='word_1_428' title='bbox 653 1907 811 1941; x_wconf 78' lang='lat' dir='ltr'>contrahit,</span> <span class='ocrx_word' id='word_1_429' title='bbox 830 1907 853 1934; x_wconf 86' lang='lat' dir='ltr'>si</span> <span class='ocrx_word' id='word_1_430' title='bbox 875 1907 998 1943; x_wconf 87' lang='lat' dir='ltr'>quidem</span> 
     </span>
    </p>
   </div>
   <div class='ocr_carea' id='block_1_59' title="bbox 175 1951 998 1987">
    <p class='ocr_par' dir='ltr' id='par_1_59' title="bbox 175 1951 998 1987">
     <span class='ocr_line' id='line_1_59' title="bbox 175 1951 998 1987; baseline 0.001 -8"><span class='ocrx_word' id='word_1_431' title='bbox 175 1951 252 1987; x_wconf 81' lang='lat' dir='ltr'>ignis</span> <span class='ocrx_word' id='word_1_432' title='bbox 265 1960 318 1987; x_wconf 88' lang='lat' dir='ltr'>per</span> <span class='ocrx_word' id='word_1_433' title='bbox 333 1952 477 1980; x_wconf 89' lang='lat' dir='ltr'>unionem</span> <span class='ocrx_word' id='word_1_434' title='bbox 493 1952 606 1980; x_wconf 78' lang='lat' dir='ltr'>factum</span> <span class='ocrx_word' id='word_1_435' title='bbox 618 1955 679 1985; x_wconf 87' lang='lat' dir='ltr'>est;</span> <span class='ocrx_word' id='word_1_436' title='bbox 699 1952 897 1980; x_wconf 87' lang='lat' dir='ltr'>simulantem</span> <span class='ocrx_word' id='word_1_437' title='bbox 909 1960 998 1987; x_wconf 79' lang='lat' dir='ltr'>grave</span> 
     </span>
    </p>
   </div>
   <div class='ocr_carea' id='block_1_60' title="bbox 176 1997 999 2033">
    <p class='ocr_par' dir='ltr' id='par_1_60' title="bbox 176 1997 999 2033">
     <span class='ocr_line' id='line_1_60' title="bbox 176 1997 999 2033; baseline 0 -9"><span class='ocrx_word' id='word_1_438' title='bbox 176 1998 220 2025; x_wconf 83' lang='lat' dir='ltr'>est</span> <span class='ocrx_word' id='word_1_439' title='bbox 235 2000 343 2025; x_wconf 87' lang='lat' dir='ltr'>natura</span> <span class='ocrx_word' id='word_1_440' title='bbox 359 1999 387 2025; x_wconf 91' lang='lat' dir='ltr'>et</span> <span class='ocrx_word' id='word_1_441' title='bbox 402 2000 494 2032; x_wconf 84' lang='lat' dir='ltr'>secat,</span> <span class='ocrx_word' id='word_1_442' title='bbox 510 1997 582 2033; x_wconf 89' lang='lat' dir='ltr'>quia</span> <span class='ocrx_word' id='word_1_443' title='bbox 595 2005 656 2024; x_wconf 89' lang='lat' dir='ltr'>non</span> <span class='ocrx_word' id='word_1_444' title='bbox 673 1998 800 2033; x_wconf 65' lang='lat' dir='ltr'>propriae</span> <span class='ocrx_word' id='word_1_445' title='bbox 815 2000 931 2025; x_wconf 70' lang='lat' dir='ltr'>naturae</span> <span class='ocrx_word' id='word_1_446' title='bbox 955 1997 999 2032; x_wconf 84' lang='lat' dir='ltr'>ja—</span> 
     </span>
    </p>
   </div>
   <div class='ocr_carea' id='block_1_61' title="bbox 176 2041 998 2078">
    <p class='ocr_par' dir='ltr' id='par_1_61' title="bbox 176 2041 998 2078">
     <span class='ocr_line' id='line_1_61' title="bbox 176 2041 998 2078; baseline -0.001 -9"><span class='ocrx_word' id='word_1_447' title='bbox 176 2044 291 2069; x_wconf 82' lang='lat' dir='ltr'>cturam</span> <span class='ocrx_word' id='word_1_448' title='bbox 305 2049 430 2078; x_wconf 87' lang='lat' dir='ltr'>passum</span> <span class='ocrx_word' id='word_1_449' title='bbox 444 2045 602 2077; x_wconf 88' lang='lat' dir='ltr'>est,neqne</span> <span class='ocrx_word' id='word_1_450' title='bbox 617 2041 784 2069; x_wconf 72' lang='lat' dir='ltr'>naturalem</span> <span class='ocrx_word' id='word_1_451' title='bbox 799 2041 858 2069; x_wconf 90' lang='lat' dir='ltr'>vim</span> <span class='ocrx_word' id='word_1_452' title='bbox 874 2041 998 2069; x_wconf 87' lang='lat' dir='ltr'>omnino</span> 
     </span>
    </p>
   </div>
   <div class='ocr_carea' id='block_1_62' title="bbox 176 2086 1001 2121">
    <p class='ocr_par' dir='ltr' id='par_1_62' title="bbox 176 2086 1001 2121">
     <span class='ocr_line' id='line_1_62' title="bbox 176 2086 1001 2121; baseline 0.001 -8"><span class='ocrx_word' id='word_1_453' title='bbox 176 2086 285 2119; x_wconf 84' lang='lat' dir='ltr'>amisit,</span> <span class='ocrx_word' id='word_1_454' title='bbox 300 2086 353 2114; x_wconf 90' lang='lat' dir='ltr'>etsi</span> <span class='ocrx_word' id='word_1_455' title='bbox 367 2095 436 2114; x_wconf 88' lang='lat' dir='ltr'>cum</span> <span class='ocrx_word' id='word_1_456' title='bbox 448 2087 516 2121; x_wconf 81' lang='lat' dir='ltr'>igne</span> <span class='ocrx_word' id='word_1_457' title='bbox 532 2087 654 2114; x_wconf 79' lang='lat' dir='ltr'>exsistat</span> <span class='ocrx_word' id='word_1_458' title='bbox 674 2086 841 2114; x_wconf 84' lang='lat' dir='ltr'>secundum</span> <span class='ocrx_word' id='word_1_459' title='bbox 857 2094 949 2114; x_wconf 85' lang='lat' dir='ltr'>unam</span> <span class='ocrx_word' id='word_1_460' title='bbox 972 2088 1001 2114; x_wconf 80' lang='lat' dir='ltr'>et</span> 
     </span>
    </p>
   </div>
   <div class='ocr_carea' id='block_1_63' title="bbox 177 2131 999 2167">
    <p class='ocr_par' dir='ltr' id='par_1_63' title="bbox 177 2131 999 2167">
     <span class='ocr_line' id='line_1_63' title="bbox 177 2131 999 2167; baseline 0.001 -9"><span class='ocrx_word' id='word_1_461' title='bbox 177 2131 316 2158; x_wconf 81' lang='lat' dir='ltr'>eamdem</span> <span class='ocrx_word' id='word_1_462' title='bbox 328 2131 621 2167; x_wconf 84' lang='lat' dir='ltr'>hypostasim,atque</span> <span class='ocrx_word' id='word_1_463' title='bbox 637 2131 724 2159; x_wconf 89' lang='lat' dir='ltr'>simul</span> <span class='ocrx_word' id='word_1_464' title='bbox 737 2133 875 2167; x_wconf 85' lang='lat' dir='ltr'>operetur</span> <span class='ocrx_word' id='word_1_465' title='bbox 885 2139 920 2159; x_wconf 88' lang='lat' dir='ltr'>ea</span> <span class='ocrx_word' id='word_1_466' title='bbox 933 2138 999 2166; x_wconf 64' lang='lat' dir='ltr'>quae</span> 
     </span>
    </p>
   </div>
   <div class='ocr_carea' id='block_1_64' title="bbox 177 2175 1124 2211">
    <p class='ocr_par' dir='ltr' id='par_1_64' title="bbox 177 2175 1124 2211">
     <span class='ocr_line' id='line_1_64' title="bbox 177 2175 1124 2211; baseline 0 -9"><span class='ocrx_word' id='word_1_467' title='bbox 177 2175 344 2203; x_wconf 79' lang='lat' dir='ltr'>secundum</span> <span class='ocrx_word' id='word_1_468' title='bbox 355 2175 509 2211; x_wconf 89' lang='lat' dir='ltr'>propriam</span> <span class='ocrx_word' id='word_1_469' title='bbox 520 2179 660 2204; x_wconf 84' lang='lat' dir='ltr'>naturam</span> <span class='ocrx_word' id='word_1_470' title='bbox 681 2178 762 2207; x_wconf 86' lang='lat' dir='ltr'>sunt,</span> <span class='ocrx_word' id='word_1_471' title='bbox 775 2176 938 2204; x_wconf 83' lang='lat' dir='ltr'>sectionem</span> <span class='ocrx_word' id='word_1_472' title='bbox 960 2176 998 2203; x_wconf 90' lang='lat' dir='ltr'>di-</span> <span class='ocrx_word' id='word_1_473' title='bbox 1015 2181 1036 2207; x_wconf 84' lang='lat'>1)</span> <span class='ocrx_word' id='word_1_474' title='bbox 1055 2186 1097 2207; x_wconf 85' lang='grc' dir='ltr'>σις</span> <span class='ocrx_word' id='word_1_475' title='bbox 1118 2185 1124 2192; x_wconf 73' lang='grc'><em>’</em></span> 
     </span>
    </p>
   </div>
   <div class='ocr_carea' id='block_1_65' title="bbox 177 2220 998 2256">
    <p class='ocr_par' dir='ltr' id='par_1_65' title="bbox 177 2220 998 2256">
     <span class='ocr_line' id='line_1_65' title="bbox 177 2220 998 2256; baseline 0.002 -10"><span class='ocrx_word' id='word_1_476' title='bbox 177 2227 223 2254; x_wconf 86' lang='lat' dir='ltr'>co,</span> <span class='ocrx_word' id='word_1_477' title='bbox 234 2227 398 2256; x_wconf 89' lang='lat' dir='ltr'>rursusque</span> <span class='ocrx_word' id='word_1_478' title='bbox 413 2228 449 2248; x_wconf 90' lang='lat' dir='ltr'>ea</span> <span class='ocrx_word' id='word_1_479' title='bbox 461 2229 528 2256; x_wconf 73' lang='lat' dir='ltr'>quae</span> <span class='ocrx_word' id='word_1_480' title='bbox 541 2228 576 2248; x_wconf 74' lang='lat' dir='ltr'>ex</span> <span class='ocrx_word' id='word_1_481' title='bbox 587 2221 697 2248; x_wconf 88' lang='lat' dir='ltr'>unione</span> <span class='ocrx_word' id='word_1_482' title='bbox 707 2220 998 2256; x_wconf 83' lang='lat' dir='ltr'>procedunt,nempe</span> 
     </span>
    </p>
   </div>
   <div class='ocr_carea' id='block_1_66' title="bbox 175 2263 999 2301">
    <p class='ocr_par' dir='ltr' id='par_1_66' title="bbox 175 2263 999 2301">
     <span class='ocr_line' id='line_1_66' title="bbox 175 2263 999 2301; baseline 0.001 -10"><span class='ocrx_word' id='word_1_483' title='bbox 175 2263 382 2297; x_wconf 79' lang='lat' dir='ltr'>adustionem;</span> <span class='ocrx_word' id='word_1_484' title='bbox 400 2265 494 2301; x_wconf 89' lang='lat' dir='ltr'>ipsius</span> <span class='ocrx_word' id='word_1_485' title='bbox 510 2268 612 2293; x_wconf 85' lang='lat' dir='ltr'>autem</span> <span class='ocrx_word' id='word_1_486' title='bbox 625 2268 678 2298; x_wconf 87' lang='lat' dir='ltr'>est,</span> <span class='ocrx_word' id='word_1_487' title='bbox 694 2265 956 2300; x_wconf 84' lang='lat' dir='ltr'>quemadmodum</span> <span class='ocrx_word' id='word_1_488' title='bbox 972 2267 999 2292; x_wconf 89' lang='lat' dir='ltr'>et</span> 
     </span>
    </p>
   </div>
   <div class='ocr_carea' id='block_1_67' title="bbox 175 2308 998 2345">
    <p class='ocr_par' dir='ltr' id='par_1_67' title="bbox 175 2308 998 2345">
     <span class='ocr_line' id='line_1_67' title="bbox 175 2308 998 2345; baseline 0.001 -10"><span class='ocrx_word' id='word_1_489' title='bbox 175 2308 263 2343; x_wconf 83' lang='lat' dir='ltr'>ignis,</span> <span class='ocrx_word' id='word_1_490' title='bbox 276 2309 398 2336; x_wconf 85' lang='lat' dir='ltr'>secandi</span> <span class='ocrx_word' id='word_1_491' title='bbox 414 2309 490 2337; x_wconf 88' lang='lat' dir='ltr'>actio</span> <span class='ocrx_word' id='word_1_492' title='bbox 501 2312 624 2345; x_wconf 87' lang='lat' dir='ltr'>propter</span> <span class='ocrx_word' id='word_1_493' title='bbox 635 2317 785 2337; x_wconf 88' lang='lat' dir='ltr'>summam</span> <span class='ocrx_word' id='word_1_494' title='bbox 801 2312 998 2345; x_wconf 88' lang='lat' dir='ltr'>mutnamqne</span> 
     </span>
    </p>
   </div>
   <div class='ocr_carea' id='block_1_68' title="bbox 177 2353 803 2382">
    <p class='ocr_par' dir='ltr' id='par_1_68' title="bbox 177 2353 803 2382">
     <span class='ocr_line' id='line_1_68' title="bbox 177 2353 803 2382; baseline 0 -2"><span class='ocrx_word' id='word_1_495' title='bbox 177 2353 489 2382; x_wconf 87' lang='lat' dir='ltr'>cireumincessionem</span> <span class='ocrx_word' id='word_1_496' title='bbox 505 2357 533 2382; x_wconf 87' lang='lat' dir='ltr'>et</span> <span class='ocrx_word' id='word_1_497' title='bbox 545 2354 803 2382; x_wconf 88' lang='lat' dir='ltr'>communionem.</span> 
     </span>
    </p>
   </div>
   <div class='ocr_carea' id='block_1_69' title="bbox 399 2416 768 2444">
    <p class='ocr_par' dir='ltr' id='par_1_69' title="bbox 399 2416 768 2444">
     <span class='ocr_line' id='line_1_69' title="bbox 399 2416 768 2444; baseline 0 -1"><span class='ocrx_word' id='word_1_498' title='bbox 399 2416 438 2443; x_wconf 87' lang='lat' dir='ltr'>Et</span> <span class='ocrx_word' id='word_1_499' title='bbox 452 2423 559 2444; x_wconf 78' lang='lat' dir='ltr'>rursus</span> <span class='ocrx_word' id='word_1_500' title='bbox 579 2416 661 2444; x_wconf 80' lang='lat' dir='ltr'>circa</span> <span class='ocrx_word' id='word_1_501' title='bbox 678 2416 753 2443; x_wconf 75' lang='lat' dir='ltr'>idem</span> <span class='ocrx_word' id='word_1_502' title='bbox 761 2437 768 2443; x_wconf 89' lang='lat'>.</span> 
     </span>
    </p>
   </div>
   <div class='ocr_carea' id='block_1_70' title="bbox 212 2469 1000 2507">
    <p class='ocr_par' dir='ltr' id='par_1_70' title="bbox 212 2469 1000 2507">
     <span class='ocr_line' id='line_1_70' title="bbox 212 2469 1000 2507; baseline 0 -8"><span class='ocrx_word' id='word_1_503' title='bbox 212 2473 238 2499; x_wconf 88' lang='lat'>3.</span> <span class='ocrx_word' id='word_1_504' title='bbox 257 2470 285 2500; x_wconf 92' lang='lat' dir='ltr'>Si</span> <span class='ocrx_word' id='word_1_505' title='bbox 300 2471 403 2499; x_wconf 87' lang='lat' dir='ltr'>omnia</span> <span class='ocrx_word' id='word_1_506' title='bbox 417 2478 486 2507; x_wconf 77' lang='lat' dir='ltr'>quae</span> <span class='ocrx_word' id='word_1_507' title='bbox 501 2473 615 2498; x_wconf 75' lang='lat' dir='ltr'>naturae</span> <span class='ocrx_word' id='word_1_508' title='bbox 632 2473 702 2498; x_wconf 87' lang='lat' dir='ltr'>sunt</span> <span class='ocrx_word' id='word_1_509' title='bbox 715 2469 874 2498; x_wconf 87' lang='lat' dir='ltr'>nobiscum</span> <span class='ocrx_word' id='word_1_510' title='bbox 894 2471 1000 2499; x_wconf 87' lang='lat' dir='ltr'>habuit</span> 
     </span>
    </p>
   </div>
   <div class='ocr_carea' id='block_1_71' title="bbox 178 2514 1000 2552">
    <p class='ocr_par' dir='ltr' id='par_1_71' title="bbox 178 2514 1000 2552">
     <span class='ocr_line' id='line_1_71' title="bbox 178 2514 1000 2552; baseline -0.001 -8"><span class='ocrx_word' id='word_1_511' title='bbox 178 2515 308 2544; x_wconf 86' lang='lat' dir='ltr'>Christus</span> <span class='ocrx_word' id='word_1_512' title='bbox 319 2515 605 2549; x_wconf 85' lang='lat' dir='ltr'>communia,Patris</span> <span class='ocrx_word' id='word_1_513' title='bbox 618 2514 825 2543; x_wconf 86' lang='lat' dir='ltr'>benevolentia</span> <span class='ocrx_word' id='word_1_514' title='bbox 837 2518 865 2543; x_wconf 92' lang='lat' dir='ltr'>et</span> <span class='ocrx_word' id='word_1_515' title='bbox 877 2515 1000 2552; x_wconf 83' lang='lat' dir='ltr'>Spiritus</span> 
     </span>
    </p>
   </div>
   <div class='ocr_carea' id='block_1_72' title="bbox 178 2560 999 2597">
    <p class='ocr_par' dir='ltr' id='par_1_72' title="bbox 178 2560 999 2597">
     <span class='ocr_line' id='line_1_72' title="bbox 178 2560 999 2597; baseline 0 -9"><span class='ocrx_word' id='word_1_516' title='bbox 178 2561 274 2588; x_wconf 89' lang='lat' dir='ltr'>sancti</span> <span class='ocrx_word' id='word_1_517' title='bbox 301 2560 513 2597; x_wconf 77' lang='lat' dir='ltr'>occperatione</span> <span class='ocrx_word' id='word_1_518' title='bbox 540 2561 662 2595; x_wconf 86' lang='lat' dir='ltr'>propter</span> <span class='ocrx_word' id='word_1_519' title='bbox 692 2562 827 2588; x_wconf 87' lang='lat' dir='ltr'>nostram</span> <span class='ocrx_word' id='word_1_520' title='bbox 861 2560 999 2596; x_wconf 84' lang='lat' dir='ltr'>salutem,</span> 
     </span>
    </p>
   </div>
   <div class='ocr_carea' id='block_1_73' title="bbox 178 2603 1001 2641">
    <p class='ocr_par' dir='ltr' id='par_1_73' title="bbox 178 2603 1001 2641">
     <span class='ocr_line' id='line_1_73' title="bbox 178 2603 1001 2641; baseline 0.001 -9"><span class='ocrx_word' id='word_1_521' title='bbox 178 2605 332 2640; x_wconf 85' lang='lat' dir='ltr'>quomodo</span> <span class='ocrx_word' id='word_1_522' title='bbox 348 2605 438 2632; x_wconf 85' lang='lat' dir='ltr'>etiam</span> <span class='ocrx_word' id='word_1_523' title='bbox 462 2603 630 2632; x_wconf 80' lang='lat' dir='ltr'>naturalem</span> <span class='ocrx_word' id='word_1_524' title='bbox 655 2612 715 2632; x_wconf 86' lang='lat' dir='ltr'>non</span> <span class='ocrx_word' id='word_1_525' title='bbox 737 2605 937 2641; x_wconf 82' lang='lat' dir='ltr'>participabat</span> <span class='ocrx_word' id='word_1_526' title='bbox 951 2613 1001 2633; x_wconf 76' lang='lat' dir='ltr'>v0-</span> 
     </span>
    </p>
   </div>
   <div class='ocr_carea' id='block_1_74' title="bbox 177 2649 1002 2686">
    <p class='ocr_par' dir='ltr' id='par_1_74' title="bbox 177 2649 1002 2686">
     <span class='ocr_line' id='line_1_74' title="bbox 177 2649 1002 2686; baseline 0.001 -9"><span class='ocrx_word' id='word_1_527' title='bbox 177 2649 323 2677; x_wconf 84' lang='lat' dir='ltr'>luntatem</span> <span class='ocrx_word' id='word_1_528' title='bbox 334 2650 348 2677; x_wconf 84' lang='lat'><strong>?</strong></span> <span class='ocrx_word' id='word_1_529' title='bbox 363 2650 521 2678; x_wconf 83' lang='lat' dir='ltr'>Peccatum</span> <span class='ocrx_word' id='word_1_530' title='bbox 538 2650 617 2677; x_wconf 88' lang='lat' dir='ltr'>enim</span> <span class='ocrx_word' id='word_1_531' title='bbox 631 2649 727 2677; x_wconf 90' lang='lat' dir='ltr'>solum</span> <span class='ocrx_word' id='word_1_532' title='bbox 740 2658 799 2678; x_wconf 92' lang='lat' dir='ltr'>non</span> <span class='ocrx_word' id='word_1_533' title='bbox 814 2649 1002 2686; x_wconf 81' lang='lat' dir='ltr'>participavit</span> 
     </span>
    </p>
   </div>
   <div class='ocr_carea' id='block_1_75' title="bbox 178 2694 999 2731">
    <p class='ocr_par' dir='ltr' id='par_1_75' title="bbox 178 2694 999 2731">
     <span class='ocr_line' id='line_1_75' title="bbox 178 2694 999 2731; baseline 0.002 -10"><span class='ocrx_word' id='word_1_534' title='bbox 178 2694 307 2722; x_wconf 83' lang='lat' dir='ltr'>Verbum</span> <span class='ocrx_word' id='word_1_535' title='bbox 323 2695 523 2728; x_wconf 87' lang='lat' dir='ltr'>incarnatum,</span> <span class='ocrx_word' id='word_1_536' title='bbox 540 2695 613 2731; x_wconf 88' lang='lat' dir='ltr'>quia</span> <span class='ocrx_word' id='word_1_537' title='bbox 639 2703 736 2731; x_wconf 89' lang='lat' dir='ltr'>neque</span> <span class='ocrx_word' id='word_1_538' title='bbox 763 2695 792 2723; x_wconf 92' lang='lat' dir='ltr'>id</span> <span class='ocrx_word' id='word_1_539' title='bbox 818 2697 930 2723; x_wconf 69' lang='lat' dir='ltr'>natura:</span> <span class='ocrx_word' id='word_1_540' title='bbox 946 2698 999 2730; x_wconf 84' lang='lat' dir='ltr'>est,</span> 
     </span>
    </p>
   </div>
   <div class='ocr_carea' id='block_1_76' title="bbox 178 2738 1002 2776">
    <p class='ocr_par' dir='ltr' id='par_1_76' title="bbox 178 2738 1002 2776">
     <span class='ocr_line' id='line_1_76' title="bbox 178 2738 1002 2776; baseline 0.002 -10"><span class='ocrx_word' id='word_1_541' title='bbox 178 2738 231 2766; x_wconf 87' lang='lat' dir='ltr'>sed</span> <span class='ocrx_word' id='word_1_542' title='bbox 244 2738 371 2766; x_wconf 82' lang='lat' dir='ltr'>deﬂexio</span> <span class='ocrx_word' id='word_1_543' title='bbox 396 2741 423 2767; x_wconf 89' lang='lat' dir='ltr'>et</span> <span class='ocrx_word' id='word_1_544' title='bbox 444 2738 548 2776; x_wconf 84' lang='lat' dir='ltr'>lapsus</span> <span class='ocrx_word' id='word_1_545' title='bbox 573 2739 682 2768; x_wconf 89' lang='lat' dir='ltr'>mentis</span> <span class='ocrx_word' id='word_1_546' title='bbox 713 2739 789 2768; x_wconf 87' lang='lat' dir='ltr'>ultra</span> <span class='ocrx_word' id='word_1_547' title='bbox 815 2742 930 2768; x_wconf 64' lang='lat' dir='ltr'>natura;</span> <span class='ocrx_word' id='word_1_548' title='bbox 956 2748 1002 2768; x_wconf 84' lang='lat' dir='ltr'>ra-</span> 
     </span>
    </p>
   </div>
   <div class='ocr_carea' id='block_1_77' title="bbox 1051 862 1861 900">
    <p class='ocr_par' dir='ltr' id='par_1_77' title="bbox 1051 862 1861 900">
     <span class='ocr_line' id='line_1_77' title="bbox 1051 862 1861 900; baseline -0.002 -8"><span class='ocrx_word' id='word_1_549' title='bbox 1051 864 1081 892; x_wconf 71' lang='grc' dir='ltr'>δὲ</span> <span class='ocrx_word' id='word_1_550' title='bbox 1097 867 1204 897; x_wconf 76' lang='grc' dir='ltr'>ζωτικὴν</span> <span class='ocrx_word' id='word_1_551' title='bbox 1220 865 1266 890; x_wconf 67' lang='grc' dir='ltr'>οὐκ</span> <span class='ocrx_word' id='word_1_552' title='bbox 1286 866 1347 900; x_wconf 79' lang='grc' dir='ltr'>ἕχον</span> <span class='ocrx_word' id='word_1_553' title='bbox 1368 865 1394 890; x_wconf 82' lang='grc' dir='ltr'>ἐκ</span> <span class='ocrx_word' id='word_1_554' title='bbox 1410 874 1508 900; x_wconf 60' lang='lat' dir='ltr'>quam;</span> <span class='ocrx_word' id='word_1_555' title='bbox 1524 863 1638 900; x_wconf 73' lang='grc' dir='ltr'>δύναμιν</span> <span class='ocrx_word' id='word_1_556' title='bbox 1663 865 1774 894; x_wconf 74' lang='grc' dir='ltr'>πάντως</span> <span class='ocrx_word' id='word_1_557' title='bbox 1801 862 1861 890; x_wconf 69' lang='grc' dir='ltr'>οὐδὲ</span> 
     </span>
    </p>
   </div>
   <div class='ocr_carea' id='block_1_78' title="bbox 1050 910 1149 946">
    <p class='ocr_par' dir='ltr' id='par_1_78' title="bbox 1050 910 1149 946">
     <span class='ocr_line' id='line_1_78' title="bbox 1050 910 1149 946; baseline 0.01 -10"><span class='ocrx_word' id='word_1_558' title='bbox 1050 910 1149 946; x_wconf 75' lang='grc' dir='ltr'>ψυχήν.</span> 
     </span>
    </p>
   </div>
   <div class='ocr_carea' id='block_1_79' title="bbox 1050 1051 1860 1090">
    <p class='ocr_par' dir='ltr' id='par_1_79' title="bbox 1050 1051 1860 1090">
     <span class='ocr_line' id='line_1_79' title="bbox 1050 1051 1860 1090; baseline -0.002 -11"><span class='ocrx_word' id='word_1_559' title='bbox 1050 1054 1118 1090; x_wconf 76' lang='grc' dir='ltr'>Πρὸς</span> <span class='ocrx_word' id='word_1_560' title='bbox 1133 1054 1191 1082; x_wconf 78' lang='grc' dir='ltr'>τοὺς</span> <span class='ocrx_word' id='word_1_561' title='bbox 1214 1053 1336 1088; x_wconf 76' lang='grc' dir='ltr'>λέγοντας</span> <span class='ocrx_word' id='word_1_562' title='bbox 1358 1054 1393 1088; x_wconf 85' lang='grc' dir='ltr'>μὴ</span> <span class='ocrx_word' id='word_1_563' title='bbox 1421 1051 1481 1078; x_wconf 67' lang='grc' dir='ltr'>ἄλλο</span> <span class='ocrx_word' id='word_1_564' title='bbox 1506 1054 1551 1078; x_wconf 80' lang='grc' dir='ltr'>καὶ</span> <span class='ocrx_word' id='word_1_565' title='bbox 1575 1051 1639 1078; x_wconf 77' lang='grc' dir='ltr'>ἄλλο</span> <span class='ocrx_word' id='word_1_566' title='bbox 1669 1051 1715 1078; x_wconf 77' lang='grc' dir='ltr'>ἐπὶ</span> <span class='ocrx_word' id='word_1_567' title='bbox 1740 1055 1860 1088; x_wconf 68' lang='grc' dir='ltr'>Χριστοῦ</span> 
     </span>
    </p>
   </div>
   <div class='ocr_carea' id='block_1_80' title="bbox 1085 1093 1859 1132">
    <p class='ocr_par' dir='ltr' id='par_1_80' title="bbox 1085 1093 1859 1132">
     <span class='ocr_line' id='line_1_80' title="bbox 1085 1093 1859 1132; baseline -0.003 -9"><span class='ocrx_word' id='word_1_568' title='bbox 1085 1095 1181 1123; x_wconf 68' lang='grc' dir='ltr'>εἰδέναι</span> <span class='ocrx_word' id='word_1_569' title='bbox 1195 1097 1304 1132; x_wconf 70' lang='grc' dir='ltr'>θέλημα,</span> <span class='ocrx_word' id='word_1_570' title='bbox 1320 1096 1373 1122; x_wconf 70' lang='grc' dir='ltr'>ἀλλ’</span> <span class='ocrx_word' id='word_1_571' title='bbox 1388 1096 1411 1122; x_wconf 65' lang='grc' dir='ltr'>ἓν</span> <span class='ocrx_word' id='word_1_572' title='bbox 1425 1098 1469 1122; x_wconf 80' lang='grc' dir='ltr'>καὶ</span> <span class='ocrx_word' id='word_1_573' title='bbox 1485 1100 1561 1122; x_wconf 62' lang='grc' dir='ltr'>τοῦτο</span> <span class='ocrx_word' id='word_1_574' title='bbox 1577 1097 1677 1129; x_wconf 75' lang='grc' dir='ltr'>θεῐκόν,</span> <span class='ocrx_word' id='word_1_575' title='bbox 1698 1093 1750 1121; x_wconf 66' lang='grc' dir='ltr'>διὰ</span> <span class='ocrx_word' id='word_1_576' title='bbox 1763 1097 1792 1121; x_wconf 81' lang='grc' dir='ltr'>τὸ</span> <span class='ocrx_word' id='word_1_577' title='bbox 1814 1098 1859 1124; x_wconf 73' lang='grc' dir='ltr'>τὴν</span> 
     </span>
    </p>
   </div>
   <div class='ocr_carea' id='block_1_81' title="bbox 1086 1143 1324 1179">
    <p class='ocr_par' dir='ltr' id='par_1_81' title="bbox 1086 1143 1324 1179">
     <span class='ocr_line' id='line_1_81' title="bbox 1086 1143 1324 1179; baseline -0.004 -12"><span class='ocrx_word' id='word_1_578' title='bbox 1086 1143 1173 1179; x_wconf 74' lang='grc' dir='ltr'>σάρκα</span> <span class='ocrx_word' id='word_1_579' title='bbox 1189 1143 1324 1170; x_wconf 62' lang='lat' dir='ltr'>eme-am.</span> 
     </span>
    </p>
   </div>
   <div class='ocr_carea' id='block_1_82' title="bbox 1086 1194 1857 1232">
    <p class='ocr_par' dir='ltr' id='par_1_82' title="bbox 1086 1194 1857 1232">
     <span class='ocr_line' id='line_1_82' title="bbox 1086 1194 1857 1232; baseline -0.003 -11"><span class='ocrx_word' id='word_1_580' title='bbox 1086 1195 1121 1232; x_wconf 81' lang='grc' dir='ltr'>β’.</span> <span class='ocrx_word' id='word_1_581' title='bbox 1137 1195 1167 1222; x_wconf 83' lang='grc' dir='ltr'>Εἰ</span> <span class='ocrx_word' id='word_1_582' title='bbox 1181 1195 1241 1221; x_wconf 67' lang='grc' dir='ltr'>ἀλλο</span> <span class='ocrx_word' id='word_1_583' title='bbox 1259 1197 1303 1221; x_wconf 86' lang='grc' dir='ltr'>καὶ</span> <span class='ocrx_word' id='word_1_584' title='bbox 1319 1194 1380 1220; x_wconf 71' lang='grc' dir='ltr'>ἄλλο</span> <span class='ocrx_word' id='word_1_585' title='bbox 1396 1195 1464 1220; x_wconf 73' lang='grc' dir='ltr'>κατὰ</span> <span class='ocrx_word' id='word_1_586' title='bbox 1478 1195 1555 1230; x_wconf 70' lang='grc' dir='ltr'>φύσιν</span> <span class='ocrx_word' id='word_1_587' title='bbox 1581 1194 1629 1219; x_wconf 75' lang='grc' dir='ltr'>οὑκ</span> <span class='ocrx_word' id='word_1_588' title='bbox 1650 1195 1713 1220; x_wconf 80' lang='grc' dir='ltr'>ἔστι</span> <span class='ocrx_word' id='word_1_589' title='bbox 1738 1195 1768 1220; x_wconf 82' lang='grc' dir='ltr'><em>τὸ</em></span> <span class='ocrx_word' id='word_1_590' title='bbox 1793 1194 1857 1219; x_wconf 73' lang='grc' dir='ltr'>θεῖον</span> 
     </span>
    </p>
   </div>
   <div class='ocr_carea' id='block_1_83' title="bbox 1049 1237 1859 1276">
    <p class='ocr_par' dir='ltr' id='par_1_83' title="bbox 1049 1237 1859 1276">
     <span class='ocr_line' id='line_1_83' title="bbox 1049 1237 1859 1276; baseline -0.004 -10"><span class='ocrx_word' id='word_1_591' title='bbox 1049 1243 1094 1266; x_wconf 83' lang='lat' dir='ltr'>xui</span> <span class='ocrx_word' id='word_1_592' title='bbox 1106 1243 1136 1266; x_wconf 81' lang='grc' dir='ltr'>τὸ</span> <span class='ocrx_word' id='word_1_593' title='bbox 1163 1239 1321 1276; x_wconf 73' lang='grc' dir='ltr'>ἀνθρώπινον</span> <span class='ocrx_word' id='word_1_594' title='bbox 1350 1239 1459 1275; x_wconf 73' lang='grc' dir='ltr'>θέλημα,</span> <span class='ocrx_word' id='word_1_595' title='bbox 1486 1237 1565 1268; x_wconf 71' lang='grc' dir='ltr'>δῆλον</span> <span class='ocrx_word' id='word_1_596' title='bbox 1591 1239 1626 1268; x_wconf 77' lang='grc' dir='ltr'>ὡς</span> <span class='ocrx_word' id='word_1_597' title='bbox 1656 1239 1681 1264; x_wconf 82' lang='grc' dir='ltr'>ἓν</span> <span class='ocrx_word' id='word_1_598' title='bbox 1711 1240 1792 1274; x_wconf 74' lang='grc' dir='ltr'>φύσει</span> <span class='ocrx_word' id='word_1_599' title='bbox 1816 1240 1859 1264; x_wconf 90' lang='lat' dir='ltr'>xui</span> 
     </span>
    </p>
   </div>
   <div class='ocr_carea' id='block_1_84' title="bbox 1050 1282 1858 1320">
    <p class='ocr_par' dir='ltr' id='par_1_84' title="bbox 1050 1282 1858 1320">
     <span class='ocr_line' id='line_1_84' title="bbox 1050 1282 1858 1320; baseline -0.002 -10"><span class='ocrx_word' id='word_1_600' title='bbox 1050 1287 1143 1311; x_wconf 71' lang='grc' dir='ltr'>ταυτὸν</span> <span class='ocrx_word' id='word_1_601' title='bbox 1161 1295 1166 1301; x_wconf 95' lang='grc'><strong><em>-</em></strong></span> <span class='ocrx_word' id='word_1_602' title='bbox 1184 1288 1228 1310; x_wconf 83' lang='lat' dir='ltr'>xui.</span> <span class='ocrx_word' id='word_1_603' title='bbox 1251 1285 1273 1310; x_wconf 82' lang='grc' dir='ltr'><strong>εἰ</strong></span> <span class='ocrx_word' id='word_1_604' title='bbox 1287 1287 1373 1316; x_wconf 68' lang='grc' dir='ltr'>τοῦτο,</span> <span class='ocrx_word' id='word_1_605' title='bbox 1399 1287 1443 1309; x_wconf 83' lang='lat' dir='ltr'>xui.</span> <span class='ocrx_word' id='word_1_606' title='bbox 1463 1285 1477 1312; x_wconf 75' lang='grc' dir='ltr'>ἡ</span> <span class='ocrx_word' id='word_1_607' title='bbox 1510 1286 1585 1320; x_wconf 73' lang='grc' dir='ltr'>φύσις</span> <span class='ocrx_word' id='word_1_608' title='bbox 1612 1283 1640 1315; x_wconf 80' lang='grc' dir='ltr'>ἐξ</span> <span class='ocrx_word' id='word_1_609' title='bbox 1669 1282 1789 1319; x_wconf 74' lang='grc' dir='ltr'>ἀνάγκης</span> <span class='ocrx_word' id='word_1_610' title='bbox 1813 1285 1858 1319; x_wconf 73' lang='grc' dir='ltr'>μία</span> 
     </span>
    </p>
   </div>
   <div class='ocr_carea' id='block_1_85' title="bbox 1050 1328 1855 1366">
    <p class='ocr_par' dir='ltr' id='par_1_85' title="bbox 1050 1328 1855 1366">
     <span class='ocr_line' id='line_1_85' title="bbox 1050 1328 1855 1366; baseline -0.004 -10"><span class='ocrx_word' id='word_1_611' title='bbox 1050 1332 1092 1356; x_wconf 78' lang='lat' dir='ltr'>xui</span> <span class='ocrx_word' id='word_1_612' title='bbox 1118 1329 1314 1366; x_wconf 75' lang='grc' dir='ltr'>ἀπαράλλακτος</span> <span class='ocrx_word' id='word_1_613' title='bbox 1340 1330 1414 1354; x_wconf 81' lang='grc' dir='ltr'>ἔσται</span> <span class='ocrx_word' id='word_1_614' title='bbox 1432 1339 1437 1344; x_wconf 93' lang='grc'><strong>-</strong></span> <span class='ocrx_word' id='word_1_615' title='bbox 1467 1328 1496 1354; x_wconf 77' lang='grc' dir='ltr'>οὗ</span> <span class='ocrx_word' id='word_1_616' title='bbox 1521 1329 1571 1365; x_wconf 71' lang='grc' dir='ltr'>γὰρ</span> <span class='ocrx_word' id='word_1_617' title='bbox 1602 1328 1729 1364; x_wconf 81' lang='grc' dir='ltr'>ἑτερότης</span> <span class='ocrx_word' id='word_1_618' title='bbox 1759 1329 1855 1363; x_wconf 72' lang='grc' dir='ltr'>φυσικὴ</span> 
     </span>
    </p>
   </div>
   <div class='ocr_carea' id='block_1_86' title="bbox 1053 1371 1858 1410">
    <p class='ocr_par' dir='ltr' id='par_1_86' title="bbox 1053 1371 1858 1410">
     <span class='ocr_line' id='line_1_86' title="bbox 1053 1371 1858 1410; baseline -0.004 -9"><span class='ocrx_word' id='word_1_619' title='bbox 1053 1375 1201 1410; x_wconf 70' lang='grc' dir='ltr'>θελημάτων</span> <span class='ocrx_word' id='word_1_620' title='bbox 1226 1374 1271 1400; x_wconf 70' lang='grc' dir='ltr'>οὐκ</span> <span class='ocrx_word' id='word_1_621' title='bbox 1300 1375 1381 1407; x_wconf 78' lang='grc' dir='ltr'>ἔστιν,</span> <span class='ocrx_word' id='word_1_622' title='bbox 1411 1371 1472 1399; x_wconf 68' lang='grc' dir='ltr'>οὐδὲ</span> <span class='ocrx_word' id='word_1_623' title='bbox 1501 1373 1593 1404; x_wconf 72' lang='grc' dir='ltr'>οὐσίας</span> <span class='ocrx_word' id='word_1_624' title='bbox 1619 1375 1669 1399; x_wconf 85' lang='grc' dir='ltr'>καὶ</span> <span class='ocrx_word' id='word_1_625' title='bbox 1702 1374 1807 1409; x_wconf 76' lang='grc' dir='ltr'>φύσεως</span> <span class='ocrx_word' id='word_1_626' title='bbox 1832 1373 1858 1397; x_wconf 80' lang='grc' dir='ltr'><strong>τό</strong></span> 
     </span>
    </p>
   </div>
   <div class='ocr_carea' id='block_1_87' title="bbox 1051 1416 1859 1455">
    <p class='ocr_par' dir='ltr' id='par_1_87' title="bbox 1051 1416 1859 1455">
     <span class='ocr_line' id='line_1_87' title="bbox 1051 1416 1859 1455; baseline -0.004 -10"><span class='ocrx_word' id='word_1_627' title='bbox 1051 1420 1173 1455; x_wconf 76' lang='grc' dir='ltr'>παράπαν</span> <span class='ocrx_word' id='word_1_628' title='bbox 1205 1417 1286 1444; x_wconf 81' lang='grc' dir='ltr'>ἐκεῖσε</span> <span class='ocrx_word' id='word_1_629' title='bbox 1309 1417 1474 1455; x_wconf 75' lang='grc' dir='ltr'>παραλλαγή.</span> <span class='ocrx_word' id='word_1_630' title='bbox 1503 1418 1532 1443; x_wconf 88' lang='grc' dir='ltr'>Εἰ</span> <span class='ocrx_word' id='word_1_631' title='bbox 1559 1416 1589 1444; x_wconf 68' lang='grc' dir='ltr'>δὲ</span> <span class='ocrx_word' id='word_1_632' title='bbox 1618 1417 1684 1443; x_wconf 77' lang='grc' dir='ltr'>ἄλλο</span> <span class='ocrx_word' id='word_1_633' title='bbox 1715 1418 1796 1453; x_wconf 65' lang='grc' dir='ltr'>φύσει</span> <span class='ocrx_word' id='word_1_634' title='bbox 1817 1418 1859 1442; x_wconf 81' lang='grc' dir='ltr'>καὶ</span> 
     </span>
    </p>
   </div>
   <div class='ocr_carea' id='block_1_88' title="bbox 1052 1460 1856 1500">
    <p class='ocr_par' dir='ltr' id='par_1_88' title="bbox 1052 1460 1856 1500">
     <span class='ocr_line' id='line_1_88' title="bbox 1052 1460 1856 1500; baseline -0.004 -11"><span class='ocrx_word' id='word_1_635' title='bbox 1052 1463 1123 1495; x_wconf 74' lang='grc' dir='ltr'>ἄλλο,</span> <span class='ocrx_word' id='word_1_636' title='bbox 1154 1461 1269 1500; x_wconf 74' lang='grc' dir='ltr'>διάφορα</span> <span class='ocrx_word' id='word_1_637' title='bbox 1295 1464 1396 1493; x_wconf 81' lang='grc' dir='ltr'>πάντως</span> <span class='ocrx_word' id='word_1_638' title='bbox 1423 1473 1429 1479; x_wconf 81' lang='grc'><strong>-</strong></span> <span class='ocrx_word' id='word_1_639' title='bbox 1458 1464 1503 1488; x_wconf 82' lang='lat' dir='ltr'>xui</span> <span class='ocrx_word' id='word_1_640' title='bbox 1530 1461 1551 1488; x_wconf 83' lang='grc' dir='ltr'>εὶ</span> <span class='ocrx_word' id='word_1_641' title='bbox 1576 1460 1706 1498; x_wconf 73' lang='grc' dir='ltr'>διάφορα,</span> <span class='ocrx_word' id='word_1_642' title='bbox 1733 1465 1790 1491; x_wconf 80' lang='grc' dir='ltr'>πῶς</span> <span class='ocrx_word' id='word_1_643' title='bbox 1816 1462 1856 1486; x_wconf 84' lang='grc' dir='ltr'>τόν</span> 
     </span>
    </p>
   </div>
   <div class='ocr_carea' id='block_1_89' title="bbox 1053 1506 1856 1544">
    <p class='ocr_par' dir='ltr' id='par_1_89' title="bbox 1053 1506 1856 1544">
     <span class='ocr_line' id='line_1_89' title="bbox 1053 1506 1856 1544; baseline -0.004 -9"><span class='ocrx_word' id='word_1_644' title='bbox 1053 1508 1076 1534; x_wconf 81' lang='grc' dir='ltr'>ἐν</span> <span class='ocrx_word' id='word_1_645' title='bbox 1105 1512 1178 1543; x_wconf 78' lang='grc' dir='ltr'>ποσῷ</span> <span class='ocrx_word' id='word_1_646' title='bbox 1204 1509 1301 1534; x_wconf 67' lang='grc' dir='ltr'>τούτων</span> <span class='ocrx_word' id='word_1_647' title='bbox 1332 1507 1442 1544; x_wconf 82' lang='grc' dir='ltr'>ἀριθμὸν</span> <span class='ocrx_word' id='word_1_648' title='bbox 1473 1507 1525 1542; x_wconf 71' lang='grc' dir='ltr'>οὐχ</span> <span class='ocrx_word' id='word_1_649' title='bbox 1550 1506 1719 1543; x_wconf 71' lang='grc' dir='ltr'>ὁμολογῆσαι</span> <span class='ocrx_word' id='word_1_650' title='bbox 1747 1508 1856 1542; x_wconf 79' lang='grc' dir='ltr'>χρεών;</span> 
     </span>
    </p>
   </div>
   <div class='ocr_carea' id='block_1_90' title="bbox 1053 1550 1856 1589">
    <p class='ocr_par' dir='ltr' id='par_1_90' title="bbox 1053 1550 1856 1589">
     <span class='ocr_line' id='line_1_90' title="bbox 1053 1550 1856 1589; baseline -0.002 -11"><span class='ocrx_word' id='word_1_651' title='bbox 1053 1557 1109 1583; x_wconf 81' lang='grc' dir='ltr'>Πῶς</span> <span class='ocrx_word' id='word_1_652' title='bbox 1122 1554 1172 1589; x_wconf 74' lang='grc' dir='ltr'>γὰρ</span> <span class='ocrx_word' id='word_1_653' title='bbox 1194 1550 1305 1578; x_wconf 73' lang='grc' dir='ltr'>δυνατὸν</span> <span class='ocrx_word' id='word_1_654' title='bbox 1331 1551 1395 1578; x_wconf 82' lang='grc' dir='ltr'>εἶναι</span> <span class='ocrx_word' id='word_1_655' title='bbox 1419 1553 1452 1578; x_wconf 77' lang='grc' dir='ltr'>τὰ</span> <span class='ocrx_word' id='word_1_656' title='bbox 1480 1551 1622 1588; x_wconf 78' lang='grc' dir='ltr'>θελήματα,</span> <span class='ocrx_word' id='word_1_657' title='bbox 1648 1553 1696 1577; x_wconf 81' lang='lat' dir='ltr'>xui</span> <span class='ocrx_word' id='word_1_658' title='bbox 1723 1554 1760 1587; x_wconf 81' lang='grc' dir='ltr'>μή</span> <span class='ocrx_word' id='word_1_659' title='bbox 1786 1550 1856 1587; x_wconf 76' lang='grc' dir='ltr'>ἀριθ-</span> 
     </span>
    </p>
   </div>
   <div class='ocr_carea' id='block_1_91' title="bbox 1052 1595 1856 1634">
    <p class='ocr_par' dir='ltr' id='par_1_91' title="bbox 1052 1595 1856 1634">
     <span class='ocr_line' id='line_1_91' title="bbox 1052 1595 1856 1634; baseline -0.004 -11"><span class='ocrx_word' id='word_1_660' title='bbox 1052 1599 1176 1634; x_wconf 80' lang='grc' dir='ltr'>μεῖσθαι;</span> <span class='ocrx_word' id='word_1_661' title='bbox 1200 1598 1234 1622; x_wconf 85' lang='grc' dir='ltr'>Τὸ</span> <span class='ocrx_word' id='word_1_662' title='bbox 1265 1598 1314 1632; x_wconf 76' lang='grc' dir='ltr'>γὰρ</span> <span class='ocrx_word' id='word_1_663' title='bbox 1344 1597 1469 1625; x_wconf 77' lang='grc' dir='ltr'>θεωοῆναι</span> <span class='ocrx_word' id='word_1_664' title='bbox 1492 1600 1522 1632; x_wconf 78' lang='grc' dir='ltr'><em>τῇ</em></span> <span class='ocrx_word' id='word_1_665' title='bbox 1548 1598 1612 1634; x_wconf 79' lang='grc' dir='ltr'>πρὸς</span> <span class='ocrx_word' id='word_1_666' title='bbox 1630 1598 1677 1622; x_wconf 85' lang='grc' dir='ltr'>τὸν</span> <span class='ocrx_word' id='word_1_667' title='bbox 1705 1598 1772 1622; x_wconf 82' lang='grc' dir='ltr'>Θεὸν</span> <span class='ocrx_word' id='word_1_668' title='bbox 1796 1595 1856 1621; x_wconf 78' lang='grc' dir='ltr'>ἐνώ-</span> 
     </span>
    </p>
   </div>
   <div class='ocr_carea' id='block_1_92' title="bbox 1053 1638 1855 1677">
    <p class='ocr_par' dir='ltr' id='par_1_92' title="bbox 1053 1638 1855 1677">
     <span class='ocr_line' id='line_1_92' title="bbox 1053 1638 1855 1677; baseline -0.004 -10"><span class='ocrx_word' id='word_1_669' title='bbox 1053 1652 1103 1676; x_wconf 71' lang='grc' dir='ltr'>σει,</span> <span class='ocrx_word' id='word_1_670' title='bbox 1131 1642 1199 1667; x_wconf 65' lang='lat' dir='ltr'>mea</span> <span class='ocrx_word' id='word_1_671' title='bbox 1219 1644 1263 1666; x_wconf 78' lang='lat' dir='ltr'>xui</span> <span class='ocrx_word' id='word_1_672' title='bbox 1291 1643 1337 1670; x_wconf 72' lang='grc' dir='ltr'>τὴν</span> <span class='ocrx_word' id='word_1_673' title='bbox 1361 1642 1438 1677; x_wconf 62' lang='grc' dir='ltr'>φύσιν</span> <span class='ocrx_word' id='word_1_674' title='bbox 1467 1641 1548 1670; x_wconf 72' lang='grc' dir='ltr'>αὐτὴν</span> <span class='ocrx_word' id='word_1_675' title='bbox 1577 1644 1625 1671; x_wconf 72' lang='grc' dir='ltr'>τῆς</span> <span class='ocrx_word' id='word_1_676' title='bbox 1639 1640 1755 1676; x_wconf 78' lang='grc' dir='ltr'>λογικῶς</span> <span class='ocrx_word' id='word_1_677' title='bbox 1770 1649 1798 1665; x_wconf 78' lang='grc' dir='ltr'>τε</span> <span class='ocrx_word' id='word_1_678' title='bbox 1813 1638 1855 1664; x_wconf 82' lang='grc' dir='ltr'>καὶ</span> 
     </span>
    </p>
   </div>
   <div class='ocr_carea' id='block_1_93' title="bbox 1051 1683 1855 1723">
    <p class='ocr_par' dir='ltr' id='par_1_93' title="bbox 1051 1683 1855 1723">
     <span class='ocr_line' id='line_1_93' title="bbox 1051 1683 1855 1723; baseline -0.004 -11"><span class='ocrx_word' id='word_1_679' title='bbox 1051 1690 1144 1723; x_wconf 79' lang='grc' dir='ltr'>νοερὼς</span> <span class='ocrx_word' id='word_1_680' title='bbox 1169 1686 1342 1722; x_wconf 69' lang='grc' dir='ltr'>ἐψυχωμένης</span> <span class='ocrx_word' id='word_1_681' title='bbox 1369 1687 1473 1722; x_wconf 81' lang='grc' dir='ltr'>σαρκὸς,</span> <span class='ocrx_word' id='word_1_682' title='bbox 1505 1689 1552 1715; x_wconf 82' lang='grc' dir='ltr'>τῆς</span> <span class='ocrx_word' id='word_1_683' title='bbox 1576 1685 1633 1711; x_wconf 74' lang='grc' dir='ltr'>κατ’</span> <span class='ocrx_word' id='word_1_684' title='bbox 1664 1685 1760 1711; x_wconf 72' lang='grc' dir='ltr'>οὐσίαν</span> <span class='ocrx_word' id='word_1_685' title='bbox 1788 1683 1855 1709; x_wconf 82' lang='grc' dir='ltr'>όντό-</span> 
     </span>
    </p>
   </div>
   <div class='ocr_carea' id='block_1_94' title="bbox 1051 1728 1854 1767">
    <p class='ocr_par' dir='ltr' id='par_1_94' title="bbox 1051 1728 1854 1767">
     <span class='ocr_line' id='line_1_94' title="bbox 1051 1728 1854 1767; baseline -0.004 -11"><span class='ocrx_word' id='word_1_686' title='bbox 1051 1741 1126 1761; x_wconf 81' lang='grc' dir='ltr'>τητος</span> <span class='ocrx_word' id='word_1_687' title='bbox 1152 1731 1199 1757; x_wconf 72' lang='grc' dir='ltr'>οὐκ</span> <span class='ocrx_word' id='word_1_688' title='bbox 1223 1730 1368 1761; x_wconf 76' lang='grc' dir='ltr'>ἐξίστησιν,</span> <span class='ocrx_word' id='word_1_689' title='bbox 1393 1731 1478 1767; x_wconf 79' lang='grc' dir='ltr'>ὥσπερ</span> <span class='ocrx_word' id='word_1_690' title='bbox 1508 1728 1570 1756; x_wconf 67' lang='grc' dir='ltr'>οὐδὲ</span> <span class='ocrx_word' id='word_1_691' title='bbox 1599 1733 1646 1759; x_wconf 77' lang='grc' dir='ltr'>τῆς</span> <span class='ocrx_word' id='word_1_692' title='bbox 1678 1729 1780 1760; x_wconf 78' lang='grc' dir='ltr'>οἰκείας</span> <span class='ocrx_word' id='word_1_693' title='bbox 1813 1729 1854 1753; x_wconf 76' lang='grc' dir='ltr'>τόν</span> 
     </span>
    </p>
   </div>
   <div class='ocr_carea' id='block_1_95' title="bbox 1053 1772 1853 1813">
    <p class='ocr_par' dir='ltr' id='par_1_95' title="bbox 1053 1772 1853 1813">
     <span class='ocr_line' id='line_1_95' title="bbox 1053 1772 1853 1813; baseline -0.004 -12"><span class='ocrx_word' id='word_1_694' title='bbox 1053 1774 1163 1813; x_wconf 72' lang='grc' dir='ltr'>σίδηρον</span> <span class='ocrx_word' id='word_1_695' title='bbox 1188 1777 1288 1811; x_wconf 79' lang='grc' dir='ltr'>φύσεως</span> <span class='ocrx_word' id='word_1_696' title='bbox 1314 1776 1328 1804; x_wconf 78' lang='grc' dir='ltr'>ἡ</span> <span class='ocrx_word' id='word_1_697' title='bbox 1359 1775 1428 1811; x_wconf 81' lang='grc' dir='ltr'>ἄκρα</span> <span class='ocrx_word' id='word_1_698' title='bbox 1459 1777 1504 1800; x_wconf 81' lang='grc' dir='ltr'>καὶ</span> <span class='ocrx_word' id='word_1_699' title='bbox 1531 1772 1620 1800; x_wconf 77' lang='grc' dir='ltr'>ὃιολου</span> <span class='ocrx_word' id='word_1_700' title='bbox 1647 1776 1715 1812; x_wconf 80' lang='grc' dir='ltr'>πρὸς</span> <span class='ocrx_word' id='word_1_701' title='bbox 1749 1775 1779 1799; x_wconf 82' lang='grc' dir='ltr'>τὸ</span> <span class='ocrx_word' id='word_1_702' title='bbox 1804 1776 1853 1808; x_wconf 69' lang='grc' dir='ltr'>πῦρ</span> 
     </span>
    </p>
   </div>
   <div class='ocr_carea' id='block_1_96' title="bbox 1053 1817 1854 1857">
    <p class='ocr_par' dir='ltr' id='par_1_96' title="bbox 1053 1817 1854 1857">
     <span class='ocr_line' id='line_1_96' title="bbox 1053 1817 1854 1857; baseline -0.005 -11"><span class='ocrx_word' id='word_1_703' title='bbox 1053 1820 1198 1857; x_wconf 75' lang='grc' dir='ltr'>ἀνάκρασίς</span> <span class='ocrx_word' id='word_1_704' title='bbox 1225 1829 1251 1845; x_wconf 80' lang='grc' dir='ltr'>τε</span> <span class='ocrx_word' id='word_1_705' title='bbox 1286 1821 1332 1845; x_wconf 71' lang='lat' dir='ltr'>xxi.</span> <span class='ocrx_word' id='word_1_706' title='bbox 1364 1820 1454 1849; x_wconf 75' lang='grc' dir='ltr'>ἔνωσις</span> <span class='ocrx_word' id='word_1_707' title='bbox 1484 1829 1490 1835; x_wconf 91' lang='grc'><strong>·</strong></span> <span class='ocrx_word' id='word_1_708' title='bbox 1527 1818 1590 1844; x_wconf 81' lang='grc' dir='ltr'>ἀλλὰ</span> <span class='ocrx_word' id='word_1_709' title='bbox 1621 1820 1728 1854; x_wconf 72' lang='grc' dir='ltr'>πάσχει</span> <span class='ocrx_word' id='word_1_710' title='bbox 1751 1819 1796 1854; x_wconf 70' lang='grc' dir='ltr'>μὲν</span> <span class='ocrx_word' id='word_1_711' title='bbox 1824 1817 1854 1842; x_wconf 76' lang='grc' dir='ltr'>τὰ</span> 
     </span>
    </p>
   </div>
   <div class='ocr_carea' id='block_1_97' title="bbox 1052 1859 1854 1901">
    <p class='ocr_par' dir='ltr' id='par_1_97' title="bbox 1052 1859 1854 1901">
     <span class='ocr_line' id='line_1_97' title="bbox 1052 1859 1854 1901; baseline -0.006 -10"><span class='ocrx_word' id='word_1_712' title='bbox 1052 1866 1141 1901; x_wconf 77' lang='grc' dir='ltr'>πυρὸς,</span> <span class='ocrx_word' id='word_1_713' title='bbox 1167 1862 1256 1893; x_wconf 77' lang='grc' dir='ltr'>ἐπειδὴ</span> <span class='ocrx_word' id='word_1_714' title='bbox 1286 1868 1337 1900; x_wconf 68' lang='grc' dir='ltr'>πῦρ</span> <span class='ocrx_word' id='word_1_715' title='bbox 1362 1867 1392 1900; x_wconf 76' lang='grc' dir='ltr'>τῇ</span> <span class='ocrx_word' id='word_1_716' title='bbox 1424 1864 1512 1889; x_wconf 46' lang='lat' dir='ltr'>eam;</span> <span class='ocrx_word' id='word_1_717' title='bbox 1535 1866 1672 1899; x_wconf 70' lang='grc' dir='ltr'>γεγένηται</span> <span class='ocrx_word' id='word_1_718' title='bbox 1687 1874 1693 1879; x_wconf 93' lang='grc'><strong>·</strong></span> <span class='ocrx_word' id='word_1_719' title='bbox 1717 1862 1806 1899; x_wconf 80' lang='grc' dir='ltr'>βρίθει</span> <span class='ocrx_word' id='word_1_720' title='bbox 1826 1859 1854 1887; x_wconf 73' lang='grc' dir='ltr'><em>δὲ</em></span> 
     </span>
    </p>
   </div>
   <div class='ocr_carea' id='block_1_98' title="bbox 1052 1906 1853 1944">
    <p class='ocr_par' dir='ltr' id='par_1_98' title="bbox 1052 1906 1853 1944">
     <span class='ocr_line' id='line_1_98' title="bbox 1052 1906 1853 1944; baseline -0.005 -9"><span class='ocrx_word' id='word_1_721' title='bbox 1052 1909 1129 1936; x_wconf 78' lang='grc' dir='ltr'>πάλιν</span> <span class='ocrx_word' id='word_1_722' title='bbox 1155 1910 1222 1934; x_wconf 74' lang='grc' dir='ltr'>κατὰ</span> <span class='ocrx_word' id='word_1_723' title='bbox 1253 1910 1329 1944; x_wconf 75' lang='grc' dir='ltr'>φύσιν</span> <span class='ocrx_word' id='word_1_724' title='bbox 1359 1910 1403 1934; x_wconf 77' lang='grc' dir='ltr'>καὶ</span> <span class='ocrx_word' id='word_1_725' title='bbox 1428 1910 1522 1944; x_wconf 77' lang='grc' dir='ltr'>τέμνει,</span> <span class='ocrx_word' id='word_1_726' title='bbox 1550 1908 1589 1934; x_wconf 80' lang='grc' dir='ltr'>ὅτι</span> <span class='ocrx_word' id='word_1_727' title='bbox 1616 1910 1651 1944; x_wconf 77' lang='grc' dir='ltr'>μὴ</span> <span class='ocrx_word' id='word_1_728' title='bbox 1679 1912 1728 1938; x_wconf 77' lang='grc' dir='ltr'>τῆς</span> <span class='ocrx_word' id='word_1_729' title='bbox 1759 1906 1853 1934; x_wconf 81' lang='grc' dir='ltr'>οἰκείας</span> 
     </span>
    </p>
   </div>
   <div class='ocr_carea' id='block_1_99' title="bbox 1054 1951 1854 1988">
    <p class='ocr_par' dir='ltr' id='par_1_99' title="bbox 1054 1951 1854 1988">
     <span class='ocr_line' id='line_1_99' title="bbox 1054 1951 1854 1988; baseline -0.004 -10"><span class='ocrx_word' id='word_1_730' title='bbox 1054 1955 1153 1988; x_wconf 67' lang='grc' dir='ltr'>φύσεως</span> <span class='ocrx_word' id='word_1_731' title='bbox 1190 1953 1275 1981; x_wconf 76' lang='grc' dir='ltr'>λώϐην</span> <span class='ocrx_word' id='word_1_732' title='bbox 1304 1953 1437 1984; x_wconf 79' lang='grc' dir='ltr'>πέπονθεν,</span> <span class='ocrx_word' id='word_1_733' title='bbox 1465 1953 1479 1981; x_wconf 83' lang='grc' dir='ltr'><em>ἡ</em></span> <span class='ocrx_word' id='word_1_734' title='bbox 1510 1956 1558 1982; x_wconf 84' lang='grc' dir='ltr'>τῆς</span> <span class='ocrx_word' id='word_1_735' title='bbox 1589 1956 1703 1988; x_wconf 80' lang='grc' dir='ltr'>φυσικῆς</span> <span class='ocrx_word' id='word_1_736' title='bbox 1731 1951 1854 1988; x_wconf 66' lang='grc' dir='ltr'>ὲνεργεῐας</span> 
     </span>
    </p>
   </div>
   <div class='ocr_carea' id='block_1_100' title="bbox 1054 1997 1852 2034">
    <p class='ocr_par' dir='ltr' id='par_1_100' title="bbox 1054 1997 1852 2034">
     <span class='ocr_line' id='line_1_100' title="bbox 1054 1997 1852 2034; baseline -0.005 -11"><span class='ocrx_word' id='word_1_737' title='bbox 1054 1998 1142 2029; x_wconf 78' lang='grc' dir='ltr'>ἐξέστη</span> <span class='ocrx_word' id='word_1_738' title='bbox 1166 1999 1194 2023; x_wconf 85' lang='grc' dir='ltr'>τὸ</span> <span class='ocrx_word' id='word_1_739' title='bbox 1228 1997 1344 2030; x_wconf 62' lang='grc' dir='ltr'>σύνολον,</span> <span class='ocrx_word' id='word_1_740' title='bbox 1388 2000 1474 2023; x_wconf 77' lang='grc' dir='ltr'>καίτοι</span> <span class='ocrx_word' id='word_1_741' title='bbox 1511 1998 1576 2033; x_wconf 82' lang='grc' dir='ltr'>μετά</span> <span class='ocrx_word' id='word_1_742' title='bbox 1613 1999 1695 2034; x_wconf 77' lang='grc' dir='ltr'>πυρὸς</span> <span class='ocrx_word' id='word_1_743' title='bbox 1726 1997 1852 2032; x_wconf 74' lang='grc' dir='ltr'>ὑπάρχων</span> 
     </span>
    </p>
   </div>
   <div class='ocr_carea' id='block_1_101' title="bbox 1054 2039 1851 2077">
    <p class='ocr_par' dir='ltr' id='par_1_101' title="bbox 1054 2039 1851 2077">
     <span class='ocr_line' id='line_1_101' title="bbox 1054 2039 1851 2077; baseline -0.004 -9"><span class='ocrx_word' id='word_1_744' title='bbox 1054 2044 1121 2069; x_wconf 80' lang='grc' dir='ltr'>κατὰ</span> <span class='ocrx_word' id='word_1_745' title='bbox 1146 2045 1192 2071; x_wconf 74' lang='grc' dir='ltr'>τὴν</span> <span class='ocrx_word' id='word_1_746' title='bbox 1222 2042 1303 2071; x_wconf 68' lang='grc' dir='ltr'>αὐτὴν</span> <span class='ocrx_word' id='word_1_747' title='bbox 1327 2045 1371 2068; x_wconf 86' lang='lat' dir='ltr'>xui</span> <span class='ocrx_word' id='word_1_748' title='bbox 1398 2045 1459 2077; x_wconf 83' lang='grc' dir='ltr'>μίαν</span> <span class='ocrx_word' id='word_1_749' title='bbox 1474 2043 1631 2077; x_wconf 74' lang='grc' dir='ltr'>ὑπόστασιν,</span> <span class='ocrx_word' id='word_1_750' title='bbox 1644 2044 1690 2068; x_wconf 84' lang='grc' dir='ltr'>καὶ</span> <span class='ocrx_word' id='word_1_751' title='bbox 1720 2039 1851 2067; x_wconf 72' lang='grc' dir='ltr'>ἀδιαστά-</span> 
     </span>
    </p>
   </div>
   <div class='ocr_carea' id='block_1_102' title="bbox 1053 2084 1851 2124">
    <p class='ocr_par' dir='ltr' id='par_1_102' title="bbox 1053 2084 1851 2124">
     <span class='ocr_line' id='line_1_102' title="bbox 1053 2084 1851 2124; baseline -0.001 -11"><span class='ocrx_word' id='word_1_752' title='bbox 1053 2097 1102 2117; x_wconf 82' lang='grc' dir='ltr'>τως</span> <span class='ocrx_word' id='word_1_753' title='bbox 1127 2085 1195 2124; x_wconf 76' lang='grc' dir='ltr'>ὃρών</span> <span class='ocrx_word' id='word_1_754' title='bbox 1220 2088 1253 2112; x_wconf 74' lang='grc' dir='ltr'>τὰ</span> <span class='ocrx_word' id='word_1_755' title='bbox 1276 2097 1303 2113; x_wconf 79' lang='grc' dir='ltr'>τε</span> <span class='ocrx_word' id='word_1_756' title='bbox 1326 2088 1393 2112; x_wconf 77' lang='grc' dir='ltr'>κατά</span> <span class='ocrx_word' id='word_1_757' title='bbox 1419 2088 1495 2122; x_wconf 77' lang='grc' dir='ltr'>φύσιν</span> <span class='ocrx_word' id='word_1_758' title='bbox 1534 2085 1615 2122; x_wconf 61' lang='grc' dir='ltr'>ἰδίαν,</span> <span class='ocrx_word' id='word_1_759' title='bbox 1645 2086 1713 2122; x_wconf 72' lang='grc' dir='ltr'>λέγω</span> <span class='ocrx_word' id='word_1_760' title='bbox 1751 2084 1785 2113; x_wconf 74' lang='grc' dir='ltr'>δὴ</span> <span class='ocrx_word' id='word_1_761' title='bbox 1807 2085 1851 2112; x_wconf 73' lang='grc' dir='ltr'>τὴν</span> 
     </span>
    </p>
   </div>
   <div class='ocr_carea' id='block_1_103' title="bbox 1054 2129 1849 2168">
    <p class='ocr_par' dir='ltr' id='par_1_103' title="bbox 1054 2129 1849 2168">
     <span class='ocr_line' id='line_1_103' title="bbox 1054 2129 1849 2168; baseline -0.005 -10"><span class='ocrx_word' id='word_1_762' title='bbox 1054 2135 1146 2168; x_wconf 69' lang='grc' dir='ltr'>τομὴν,</span> <span class='ocrx_word' id='word_1_763' title='bbox 1179 2135 1224 2157; x_wconf 81' lang='lat' dir='ltr'>xui</span> <span class='ocrx_word' id='word_1_764' title='bbox 1247 2134 1279 2157; x_wconf 73' lang='grc' dir='ltr'>τὰ</span> <span class='ocrx_word' id='word_1_765' title='bbox 1302 2132 1361 2157; x_wconf 67' lang='grc' dir='ltr'>καθ’</span> <span class='ocrx_word' id='word_1_766' title='bbox 1377 2133 1467 2158; x_wconf 76' lang='grc' dir='ltr'>ἕνωσιν</span> <span class='ocrx_word' id='word_1_767' title='bbox 1482 2129 1555 2161; x_wconf 75' lang='grc' dir='ltr'>αὖθις</span> <span class='ocrx_word' id='word_1_768' title='bbox 1579 2131 1639 2168; x_wconf 72' lang='grc' dir='ltr'>ὅπερ</span> <span class='ocrx_word' id='word_1_769' title='bbox 1665 2132 1738 2157; x_wconf 78' lang='grc' dir='ltr'><strong>ἐστὶν</strong></span> <span class='ocrx_word' id='word_1_770' title='bbox 1754 2131 1768 2158; x_wconf 86' lang='grc' dir='ltr'><em>ὴ</em></span> <span class='ocrx_word' id='word_1_771' title='bbox 1785 2131 1849 2154; x_wconf 74' lang='grc' dir='ltr'>καύ-</span> 
     </span>
    </p>
   </div>
   <div class='ocr_carea' id='block_1_104' title="bbox 1153 2172 1847 2213">
    <p class='ocr_par' dir='ltr' id='par_1_104' title="bbox 1153 2172 1847 2213">
     <span class='ocr_line' id='line_1_104' title="bbox 1153 2172 1847 2213; baseline -0.006 -11"><span class='ocrx_word' id='word_1_772' title='bbox 1153 2176 1232 2202; x_wconf 67' lang='grc' dir='ltr'>αὑτου</span> <span class='ocrx_word' id='word_1_773' title='bbox 1257 2186 1307 2213; x_wconf 75' lang='grc' dir='ltr'>γαρ</span> <span class='ocrx_word' id='word_1_774' title='bbox 1333 2175 1399 2209; x_wconf 66' lang='grc' dir='ltr'>ἐστι,</span> <span class='ocrx_word' id='word_1_775' title='bbox 1427 2177 1542 2212; x_wconf 71' lang='grc' dir='ltr'>καθάπερ</span> <span class='ocrx_word' id='word_1_776' title='bbox 1572 2179 1617 2201; x_wconf 80' lang='grc' dir='ltr'>καὶ</span> <span class='ocrx_word' id='word_1_777' title='bbox 1645 2179 1690 2200; x_wconf 74' lang='grc' dir='ltr'>τοῦ</span> <span class='ocrx_word' id='word_1_778' title='bbox 1722 2183 1803 2210; x_wconf 71' lang='grc' dir='ltr'>πνρος</span> <span class='ocrx_word' id='word_1_779' title='bbox 1833 2172 1847 2199; x_wconf 74' lang='grc' dir='ltr'><strong>ἠ</strong></span> 
     </span>
    </p>
   </div>
   <div class='ocr_carea' id='block_1_105' title="bbox 1053 2218 1848 2257">
    <p class='ocr_par' dir='ltr' id='par_1_105' title="bbox 1053 2218 1848 2257">
     <span class='ocr_line' id='line_1_105' title="bbox 1053 2218 1848 2257; baseline -0.008 -10"><span class='ocrx_word' id='word_1_780' title='bbox 1053 2224 1130 2257; x_wconf 78' lang='grc' dir='ltr'>τομὴ,</span> <span class='ocrx_word' id='word_1_781' title='bbox 1154 2220 1199 2248; x_wconf 69' lang='grc' dir='ltr'>διὰ</span> <span class='ocrx_word' id='word_1_782' title='bbox 1228 2223 1275 2249; x_wconf 76' lang='grc' dir='ltr'>τὴν</span> <span class='ocrx_word' id='word_1_783' title='bbox 1304 2222 1386 2257; x_wconf 73' lang='grc' dir='ltr'>ἄκραν</span> <span class='ocrx_word' id='word_1_784' title='bbox 1413 2220 1449 2250; x_wconf 83' lang='grc' dir='ltr'>εἰς</span> <span class='ocrx_word' id='word_1_785' title='bbox 1473 2220 1571 2249; x_wconf 77' lang='grc' dir='ltr'>ἁλληλοι</span> <span class='ocrx_word' id='word_1_786' title='bbox 1601 2223 1782 2257; x_wconf 75' lang='grc' dir='ltr'>περιχώρησιν</span> <span class='ocrx_word' id='word_1_787' title='bbox 1806 2218 1848 2242; x_wconf 81' lang='grc' dir='ltr'>καὶ</span> 
     </span>
    </p>
   </div>
   <div class='ocr_carea' id='block_1_106' title="bbox 1053 2265 1201 2295">
    <p class='ocr_par' dir='ltr' id='par_1_106' title="bbox 1053 2265 1201 2295">
     <span class='ocr_line' id='line_1_106' title="bbox 1053 2265 1201 2295; baseline -0.007 -3"><span class='ocrx_word' id='word_1_788' title='bbox 1053 2265 1201 2295; x_wconf 75' lang='grc' dir='ltr'>ἀντίδοσιν,</span> 
     </span>
    </p>
   </div>
   <div class='ocr_carea' id='block_1_107' title="bbox 1264 2416 1643 2454">
    <p class='ocr_par' dir='ltr' id='par_1_107' title="bbox 1264 2416 1643 2454">
     <span class='ocr_line' id='line_1_107' title="bbox 1264 2416 1643 2454; baseline 0 -10"><span class='ocrx_word' id='word_1_789' title='bbox 1264 2420 1314 2444; x_wconf 78' lang='lat' dir='ltr'>Kui.</span> <span class='ocrx_word' id='word_1_790' title='bbox 1329 2416 1403 2448; x_wconf 81' lang='grc' dir='ltr'>αὖθις</span> <span class='ocrx_word' id='word_1_791' title='bbox 1416 2419 1475 2454; x_wconf 74' lang='grc' dir='ltr'>περὶ</span> <span class='ocrx_word' id='word_1_792' title='bbox 1493 2421 1538 2443; x_wconf 78' lang='grc' dir='ltr'>τοῦ</span> <span class='ocrx_word' id='word_1_793' title='bbox 1554 2417 1643 2444; x_wconf 69' lang='grc' dir='ltr'>αὑτοῦ.</span> 
     </span>
    </p>
   </div>
   <div class='ocr_carea' id='block_1_108' title="bbox 1089 2470 1847 2508">
    <p class='ocr_par' dir='ltr' id='par_1_108' title="bbox 1089 2470 1847 2508">
     <span class='ocr_line' id='line_1_108' title="bbox 1089 2470 1847 2508; baseline -0.013 -5"><span class='ocrx_word' id='word_1_794' title='bbox 1089 2472 1122 2508; x_wconf 76' lang='grc' dir='ltr'>γ’.</span> <span class='ocrx_word' id='word_1_795' title='bbox 1157 2471 1187 2498; x_wconf 81' lang='grc' dir='ltr'>Εἰ</span> <span class='ocrx_word' id='word_1_796' title='bbox 1219 2473 1321 2497; x_wconf 66' lang='grc' dir='ltr'>πάντων</span> <span class='ocrx_word' id='word_1_797' title='bbox 1353 2475 1401 2496; x_wconf 76' lang='grc' dir='ltr'>τῶν</span> <span class='ocrx_word' id='word_1_798' title='bbox 1432 2475 1477 2502; x_wconf 86' lang='grc' dir='ltr'>τῆς</span> <span class='ocrx_word' id='word_1_799' title='bbox 1511 2472 1609 2507; x_wconf 70' lang='grc' dir='ltr'><strong>φύσεως</strong></span> <span class='ocrx_word' id='word_1_800' title='bbox 1639 2470 1734 2500; x_wconf 82' lang='grc' dir='ltr'>ἐπίσης</span> <span class='ocrx_word' id='word_1_801' title='bbox 1767 2476 1847 2494; x_wconf 79' lang='grc' dir='ltr'>κεκοι-</span> 
     </span>
    </p>
   </div>
   <div class='ocr_carea' id='block_1_109' title="bbox 1054 2515 1848 2553">
    <p class='ocr_par' dir='ltr' id='par_1_109' title="bbox 1054 2515 1848 2553">
     <span class='ocr_line' id='line_1_109' title="bbox 1054 2515 1848 2553; baseline -0.006 -11"><span class='ocrx_word' id='word_1_802' title='bbox 1054 2520 1164 2546; x_wconf 75' lang='grc' dir='ltr'>νώνηκεν</span> <span class='ocrx_word' id='word_1_803' title='bbox 1192 2517 1254 2552; x_wconf 74' lang='grc' dir='ltr'>ἡμῖν</span> <span class='ocrx_word' id='word_1_804' title='bbox 1283 2517 1295 2541; x_wconf 86' lang='grc' dir='ltr'><strong>ὀ</strong></span> <span class='ocrx_word' id='word_1_805' title='bbox 1325 2518 1436 2553; x_wconf 70' lang='grc' dir='ltr'>Χριστὸς</span> <span class='ocrx_word' id='word_1_806' title='bbox 1466 2515 1574 2552; x_wconf 54' lang='lat' dir='ltr'>Eudoxio;</span> <span class='ocrx_word' id='word_1_807' title='bbox 1600 2517 1699 2553; x_wconf 79' lang='grc' dir='ltr'>Πατρὸς</span> <span class='ocrx_word' id='word_1_808' title='bbox 1722 2515 1766 2540; x_wconf 86' lang='grc' dir='ltr'>καὶ</span> <span class='ocrx_word' id='word_1_809' title='bbox 1792 2521 1848 2538; x_wconf 81' lang='grc' dir='ltr'>συν-</span> 
     </span>
    </p>
   </div>
   <div class='ocr_carea' id='block_1_110' title="bbox 1056 2559 1846 2598">
    <p class='ocr_par' dir='ltr' id='par_1_110' title="bbox 1056 2559 1846 2598">
     <span class='ocr_line' id='line_1_110' title="bbox 1056 2559 1846 2598; baseline -0.006 -11"><span class='ocrx_word' id='word_1_810' title='bbox 1056 2563 1142 2598; x_wconf 75' lang='grc' dir='ltr'>εργείᾳ</span> <span class='ocrx_word' id='word_1_811' title='bbox 1169 2562 1316 2597; x_wconf 73' lang='grc' dir='ltr'>Πνεύματος</span> <span class='ocrx_word' id='word_1_812' title='bbox 1342 2561 1416 2596; x_wconf 70' lang='grc' dir='ltr'>ἁγίου</span> <span class='ocrx_word' id='word_1_813' title='bbox 1445 2559 1492 2587; x_wconf 59' lang='lat' dir='ltr'>diu</span> <span class='ocrx_word' id='word_1_814' title='bbox 1527 2563 1573 2590; x_wconf 77' lang='grc' dir='ltr'>τὴν</span> <span class='ocrx_word' id='word_1_815' title='bbox 1614 2561 1744 2597; x_wconf 76' lang='grc' dir='ltr'>σωτηρίαν</span> <span class='ocrx_word' id='word_1_816' title='bbox 1768 2559 1846 2593; x_wconf 70' lang='grc' dir='ltr'>ἡμῶν,</span> 
     </span>
    </p>
   </div>
   <div class='ocr_carea' id='block_1_111' title="bbox 1056 2602 1845 2642">
    <p class='ocr_par' dir='ltr' id='par_1_111' title="bbox 1056 2602 1845 2642">
     <span class='ocr_line' id='line_1_111' title="bbox 1056 2602 1845 2642; baseline -0.001 -10"><span class='ocrx_word' id='word_1_817' title='bbox 1056 2607 1125 2636; x_wconf 79' lang='grc' dir='ltr'>ὅπως</span> <span class='ocrx_word' id='word_1_818' title='bbox 1153 2605 1216 2641; x_wconf 69' lang='grc' dir='ltr'>οὐχὶ</span> <span class='ocrx_word' id='word_1_819' title='bbox 1252 2608 1296 2631; x_wconf 85' lang='lat' dir='ltr'>xui</span> <span class='ocrx_word' id='word_1_820' title='bbox 1333 2610 1379 2636; x_wconf 74' lang='grc' dir='ltr'>τῆς</span> <span class='ocrx_word' id='word_1_821' title='bbox 1418 2609 1531 2642; x_wconf 59' lang='grc' dir='ltr'>φυσικῆς</span> <span class='ocrx_word' id='word_1_822' title='bbox 1561 2609 1665 2641; x_wconf 78' lang='grc' dir='ltr'>μετεῖχε</span> <span class='ocrx_word' id='word_1_823' title='bbox 1702 2602 1845 2631; x_wconf 69' lang='grc' dir='ltr'>θῖλήσεωςὲ</span> 
     </span>
    </p>
   </div>
   <div class='ocr_carea' id='block_1_112' title="bbox 1055 2646 1845 2688">
    <p class='ocr_par' dir='ltr' id='par_1_112' title="bbox 1055 2646 1845 2688">
     <span class='ocr_line' id='line_1_112' title="bbox 1055 2646 1845 2688; baseline -0.009 -12"><span class='ocrx_word' id='word_1_824' title='bbox 1055 2650 1197 2687; x_wconf 64' lang='grc' dir='ltr'>’Λμαρτίας</span> <span class='ocrx_word' id='word_1_825' title='bbox 1218 2651 1268 2688; x_wconf 76' lang='grc' dir='ltr'>γὰρ</span> <span class='ocrx_word' id='word_1_826' title='bbox 1294 2653 1373 2686; x_wconf 77' lang='grc' dir='ltr'>μόνης</span> <span class='ocrx_word' id='word_1_827' title='bbox 1409 2650 1473 2686; x_wconf 76' lang='grc' dir='ltr'>οὐχὶ</span> <span class='ocrx_word' id='word_1_828' title='bbox 1509 2650 1670 2686; x_wconf 79' lang='grc' dir='ltr'>μετέσχενό</span> <span class='ocrx_word' id='word_1_829' title='bbox 1707 2646 1845 2684; x_wconf 78' lang='grc' dir='ltr'>σαρκωοεὶς</span> 
     </span>
    </p>
   </div>
   <div class='ocr_carea' id='block_1_113' title="bbox 1058 2691 1846 2731">
    <p class='ocr_par' dir='ltr' id='par_1_113' title="bbox 1058 2691 1846 2731">
     <span class='ocr_line' id='line_1_113' title="bbox 1058 2691 1846 2731; baseline -0.008 -10"><span class='ocrx_word' id='word_1_830' title='bbox 1058 2697 1152 2730; x_wconf 70' lang='grc' dir='ltr'>Λὸγος,</span> <span class='ocrx_word' id='word_1_831' title='bbox 1180 2695 1218 2720; x_wconf 73' lang='grc' dir='ltr'>ὅτι</span> <span class='ocrx_word' id='word_1_832' title='bbox 1245 2693 1313 2730; x_wconf 62' lang='grc' dir='ltr'>μηδὲ</span> <span class='ocrx_word' id='word_1_833' title='bbox 1333 2699 1379 2725; x_wconf 78' lang='grc' dir='ltr'>τῆς</span> <span class='ocrx_word' id='word_1_834' title='bbox 1400 2696 1500 2731; x_wconf 68' lang='grc' dir='ltr'>φύσεως</span> <span class='ocrx_word' id='word_1_835' title='bbox 1526 2694 1590 2722; x_wconf 71' lang='grc' dir='ltr'>αὕτη</span> <span class='ocrx_word' id='word_1_836' title='bbox 1608 2693 1687 2726; x_wconf 78' lang='grc' dir='ltr'>ἐστὶν,</span> <span class='ocrx_word' id='word_1_837' title='bbox 1703 2691 1765 2718; x_wconf 73' lang='grc' dir='ltr'>ἀλλὰ</span> <span class='ocrx_word' id='word_1_838' title='bbox 1784 2699 1846 2725; x_wconf 75' lang='grc' dir='ltr'>παρ-</span> 
     </span>
    </p>
   </div>
   <div class='ocr_carea' id='block_1_114' title="bbox 1058 2734 1842 2778">
    <p class='ocr_par' dir='ltr' id='par_1_114' title="bbox 1058 2734 1842 2778">
     <span class='ocr_line' id='line_1_114' title="bbox 1058 2734 1842 2778; baseline -0.008 -12"><span class='ocrx_word' id='word_1_839' title='bbox 1058 2742 1166 2778; x_wconf 66' lang='grc' dir='ltr'>εκτροπῆ</span> <span class='ocrx_word' id='word_1_840' title='bbox 1200 2742 1245 2766; x_wconf 81' lang='lat' dir='ltr'>xui</span> <span class='ocrx_word' id='word_1_841' title='bbox 1278 2741 1410 2776; x_wconf 69' lang='grc' dir='ltr'>ολίσθημα</span> <span class='ocrx_word' id='word_1_842' title='bbox 1441 2742 1546 2776; x_wconf 74' lang='grc' dir='ltr'>γνώμης</span> <span class='ocrx_word' id='word_1_843' title='bbox 1579 2740 1745 2775; x_wconf 76' lang='grc' dir='ltr'>κεκινημένης</span> <span class='ocrx_word' id='word_1_844' title='bbox 1777 2734 1842 2771; x_wconf 76' lang='grc' dir='ltr'>παρὰ</span> 
     </span>
    </p>
   </div>
  </div>
