1917 3073
192 126 208 152 9
217 125 232 151 9
873 125 1006 153 NlCET/E
1029 127 1213 155 CllONlAT/E

1830 131 1888 157 100

191 193 251 221 que
265 185 360 213 scissa
370 188 399 214 et
413 185 554 219 solvetur,
570 187 598 213 et
609 185 699 213 simul
721 193 756 214 ea
770 193 837 221 quae
859 193 910 222 per
923 186 997 222 ipsa]

1090 187 1157 214 λου⁴
1175 191 1219 215 καὶ
1253 188 1276 215 εἰ
1307 190 1352 225 μεν
1382 193 1432 215 τῶν
1465 189 1545 216 αὐτοῦ
1573 193 1667 227 μερῶν,
1688 192 1888 227 μερισθὴσετοιι

189 231 334 259 uniuntur
357 231 462 259 solvet.
487 231 515 259 Si
543 239 613 258 vero
637 231 806 267 compositi,
823 231 890 267 ipsa
912 232 965 259 erit
987 235 1019 260 ut

188 276 407 304 contrariorum
424 283 519 311 capax
536 276 669 303 mortalis
682 279 711 303 et
725 275 1018 308 immortalis,creata

188 322 215 348 et
229 321 372 353 increata,
383 320 468 347 ﬁnita
494 323 522 347 et
548 319 675 348 inﬁnita.
691 320 720 347 Si
734 320 801 356 quis
821 320 878 348 hoc
893 329 1016 349 conces-

189 365 268 400 serit,
283 365 336 392 erit
351 363 483 392 Christus
499 364 651 399 propriam
665 363 782 392 habens
798 365 1014 401 operationem,

189 411 382 437 exsistentem
397 411 424 436 et
439 416 499 436 non
509 408 883 443 exsistentem,secundum
897 418 1015 445 posses-

188 454 304 481 sionem
319 455 347 480 et
368 452 535 480 secundum
550 453 761 489 privationem.
778 453 859 482 Idem
875 457 976 483 autem
987 457 1016 483 et

186 498 224 526 de
238 497 391 525 voluntate
402 497 563 525 dicendum
577 500 630 525 est.
644 497 750 526 Dicunt
760 499 1015 535 Armenii,quem-

187 542 354 571 admodum
379 541 484 576 organi
511 544 538 570 et
561 541 634 569 illud
663 542 812 570 moventis
837 543 944 571 eadem
971 546 1015 572 est

185 587 330 623 operatio,
346 587 389 614 sic
413 589 440 614 et
465 586 628 614 divinitatis
654 589 682 614 et
702 586 897 616 humanitatis
921 596 1014 616 unam

184 640 248 660 esse
262 631 479 668 operationem.
497 631 524 659 Si
539 631 627 665 igitur
648 631 796 659 inducunt
809 639 958 667 organum
969 641 1015 668 vel

184 676 361 710 coexistens,
379 679 410 703 ut
421 677 489 703 sunt
501 683 611 711 corpus
626 678 654 703 et
664 676 777 710 anima,
791 677 916 705 omnino
928 678 1014 713 juxta

183 721 250 750 illos
264 720 428 748 dicendum
445 721 498 748 erit
514 723 682 748 creaturam
699 728 763 748 esse
781 721 917 749 divinam
929 725 1014 750 natu-

182 774 249 795 ram
262 765 306 794 vel
320 773 431 801 corpus
446 765 625 793 increatum.
636 765 664 792 Si
680 773 751 792 vero
767 765 838 793 artis
852 766 1011 801 cujusdam

183 818 332 845 organum
347 809 461 842 dicunt,
477 808 549 837 illud
565 809 668 837 anima
688 809 811 843 carebit,
824 817 879 837 nec
893 818 1014 846 semper

1074 234 1137 269 πρὸς
1182 233 1314 271 ἀμφότεροι
1350 236 1488 270 τεμνομένη
1534 237 1579 260 καὶ
1617 234 1759 264 λυθήσεται
1786 257 1794 270 ,
1835 238 1886 262 καὶ

1075 276 1245 304 συνδιαλύσει
1265 279 1297 304 τὰ
1309 279 1368 304 κατ’
1392 278 1472 308 αὐτὴν
1493 279 1609 315 ἡνωμένα
1623 288 1629 294 ⁸
1643 279 1664 305 εἱ
1681 278 1710 305 δὲ
1743 285 1788 306 τοῦ
1804 280 1883 311 ὅλου,

1073 320 1148 348 ἔσται
1175 323 1190 351 ἡ
1219 322 1283 352 αὐτή
1318 324 1352 354 ὡς
1384 321 1490 352 δεκτικὴ
1516 328 1565 349 τῶν
1592 323 1710 350 ἐναντίων
1735 325 1815 354 θνητή
1833 327 1885 351 καὶ

1073 365 1215 401 ἀθάνατος,
1248 370 1342 397 κτιστή
1374 370 1419 394 καί
1448 369 1590 402 οἴκτιστος,
1628 372 1791 406 περιγραπτὴ
1831 372 1884 395 καὶ

1071 410 1266 448 ἀπερίγραπτος
1289 419 1296 427 ·
1331 414 1375 438 καὶ
1404 413 1425 439 εὶ
1457 416 1533 440 τοῦτο
1567 411 1723 447 δώσειτις,
1753 415 1830 440 ἔσται
1867 415 1882 440 ὁ

1070 458 1185 492 Χριστὸς
1203 458 1249 486 τὴν
1278 457 1374 483 οἰκείαν
1400 458 1468 493 ἔχων
1496 457 1622 494 ἐνέργειαν
1639 480 1646 493 ,
1661 457 1741 484 οὖσαν
1760 461 1806 484 καί
1837 461 1879 494 μὴ

1070 498 1150 526 οὖσαν
1161 522 1169 534 ,
1191 502 1258 528 κατά
1277 501 1329 533 ἕξιν
1352 504 1397 528 καὶ
1418 504 1540 539 στέρησιν
1556 524 1562 529 .
1582 504 1617 528 T6
1631 502 1693 528 αὐτὸ
1710 501 1739 529 δὲ
1753 505 1798 529 καὶ
1814 505 1880 540 περὶ

1071 545 1213 581 θελήματος
1241 547 1310 572 ἔστιν
1339 546 1417 573 εἰπεῖν
1432 568 1438 574 .
1460 549 1588 582 Λέγουσιν
1608 547 1632 573 οἱ
1657 547 1785 584 ’Δρμέλιοι
1821 549 1878 580 ὃτι,

1069 589 1155 628 ὧσπερ
1174 590 1283 628 ὀργάνου
1303 601 1347 617 και
1373 595 1419 617 τοῦ
1448 596 1578 622 κινοῦντος
1594 591 1657 617 αὐτὸ
1683 594 1731 628 μία
1746 591 1877 629 ἐνέργεια,

1069 632 1136 659 οὓτω
1166 637 1211 660 καὶ
1240 635 1361 666 θεότητος
1384 638 1428 661 καὶ
1448 635 1647 672 ἁνθρωπότητος
1669 638 1718 672 μία
1744 635 1877 672 ἐνέργεια,

1069 677 1099 704 Εἰ
1113 681 1198 705 τοίνυν
1218 679 1356 715 εἰσάγουσι
1370 682 1399 706 τὸ
1420 680 1527 718 ὁργανον
1552 683 1596 707 καὶ
1621 682 1767 718 σύγχρονον
1782 682 1876 718 ὥσπερ

1069 726 1146 759 σῶμα
1160 726 1204 750 καὶ
1217 723 1293 760 ψυχὴ
1307 747 1315 759 ,
1332 726 1433 755 πάντως
1456 726 1530 751 ἔσται
1549 726 1608 752 κατ’
1628 726 1721 756 αὐτοὺς
1737 728 1750 754 ᾖ
1768 729 1878 762 κτίσμα

1067 769 1112 796 τὴν
1138 769 1206 794 θείαν
1227 770 1302 804 φύσιν
1325 769 1405 806 λέγειν
1429 771 1443 798 ἤ
1468 771 1496 796 τὸ
1523 775 1599 806 σῶμα
1624 771 1748 796 ἄκτιστον
1769 778 1775 785 ·
1794 771 1816 796 εἰ
1843 769 1876 796 δὲ

1067 814 1187 848 τεχνικόν
1202 815 1231 839 τὸ
1247 816 1354 851 ὄργανον
1376 814 1495 850 λέγουσιν
1513 836 1520 847 ,
1545 815 1652 851 ἄψυχον
1671 819 1746 841 τοῦτο
1761 817 1807 841 και
1823 815 1873 842 οὐκ

182 854 361 889 movebitur,
378 853 432 881 sed
456 853 580 890 quando
595 853 733 890 aperanti
745 853 903 883 videbitur.
925 856 997 883 Caele

1089 859 1104 883 si
1134 859 1280 894 κινούμενον
1294 879 1302 892 ,
1327 858 1381 885 ἀλλ’
1401 858 1442 885 ὅτε
1467 863 1503 894 τῷ
1523 859 1685 896 ἐργαζομένῳ
1712 858 1783 891 δόξει
1801 867 1810 874 ⁹
1825 863 1874 886 καὶ

181 908 250 928 rum
280 898 463 935 Apollinario
494 900 523 925 et
546 898 615 926 Ario
648 898 849 934 consentiunt,
879 907 1012 935 quorum

181 944 264 981 prior
286 943 402 979 absque
423 942 534 978 anima,
549 942 751 978 Apollinarius
775 945 876 971 autem
896 944 1012 980 absque

181 992 281 1017 mente
292 996 358 1016 esse
371 995 493 1016 carnem
511 987 618 1015 Christi
632 987 761 1016 dicebat.

216 1048 260 1075 Η.
278 1047 307 1076 Si
322 1047 424 1075 dicant
437 1045 568 1074 Armenii
593 1046 741 1074 Christum
752 1047 780 1074 et
790 1048 860 1082 post
873 1046 1010 1075 incarna-

179 1092 292 1121 tionem
323 1099 418 1119 unum
452 1098 517 1118 esse
547 1090 653 1118 Filium
677 1093 832 1119 etsanctas
860 1091 1009 1120 Trinitatis

179 1144 274 1165 unum
292 1145 299 1170 ;
320 1138 457 1163 sanctam
472 1136 573 1162 autem
589 1134 757 1162 Trinitatem
773 1135 894 1163 unicam
907 1135 1010 1164 volun-

179 1184 271 1210 tatem
287 1183 315 1208 et
328 1180 449 1208 unicam
471 1179 677 1215 operationem
694 1179 816 1215 habere,
832 1182 923 1216 atque
937 1180 1008 1208 inde

179 1225 327 1254 Christum
341 1224 462 1252 unicam
473 1223 616 1252 habuisse
629 1224 835 1260 operationem
847 1227 876 1253 et
886 1225 1006 1254 unicam

178 1270 374 1302 voluntatem,
400 1269 442 1297 sic
469 1269 717 1305 respondendum
741 1269 795 1297 erit
812 1278 818 1297 :
835 1270 922 1298 Pater
943 1278 1005 1298 non

178 1318 211 1343 ut
231 1317 314 1343 Pater
339 1313 468 1349 vult,sed
489 1317 521 1341 ut
547 1315 642 1348 Deus;
659 1316 688 1341 et
701 1314 847 1350 quoniam
869 1317 946 1342 Deus
961 1318 1005 1344 est

176 1360 274 1395 Filius,
291 1362 320 1387 et
336 1361 412 1387 Deus
431 1361 475 1386 est
490 1358 615 1394 Spiritus
638 1360 773 1394 Sanctus,
791 1359 958 1387 secundum
971 1360 1003 1387 id

174 1405 276 1433 divina
294 1404 419 1432 Trinitas
444 1410 537 1431 unam
560 1403 744 1431 voluntatem
759 1403 850 1431 habet
864 1407 893 1432 et
909 1412 1000 1432 unam

171 1449 389 1486 operationem,
407 1447 496 1476 Filius
525 1455 616 1480 vero,
641 1447 799 1475 nobiscum
822 1448 997 1476 hominibus

167 1493 396 1522 communicans
411 1492 510 1520 carnis
527 1493 746 1528 assumptione,
757 1493 908 1529 duplicem
923 1501 998 1529 quo-

166 1548 225 1577 que
250 1539 437 1567 voluntatem
459 1540 487 1566 et
513 1538 719 1574 operationem
742 1538 871 1572 habuit;
901 1546 997 1567 unam

165 1584 289 1620 quidem
306 1585 338 1611 ut
353 1584 412 1611 Deo
428 1585 456 1611 et
480 1582 558 1610 Patri
579 1582 855 1617 consubstantialis,
872 1582 998 1612 alteram

163 1632 263 1658 autem
289 1631 321 1656 ut
346 1628 434 1656 nobis
463 1627 746 1655 consubstantialis.
771 1630 911 1656 Attamen
934 1636 996 1656 non

165 1676 318 1709 separatas
343 1673 474 1701 dicimus
504 1672 714 1708 operationes,
739 1679 838 1708 neque
870 1675 996 1701 naturas

165 1718 327 1754 separatim
365 1717 502 1753 operari;
537 1716 590 1744 sed
622 1719 782 1753 utramque
825 1725 887 1746 una
927 1725 997 1746 cum

165 1763 287 1791 alterius
316 1762 532 1790 communione
552 1761 671 1796 operari
686 1761 716 1788 id
731 1761 813 1797 quod
839 1762 997 1798 proprium

166 1807 281 1835 habuit.
298 1807 399 1841 Neque
427 1806 509 1833 enim
536 1805 671 1833 humana
697 1805 831 1833 humane
855 1809 997 1842 operatus

168 1854 233 1886 est;
253 1858 314 1879 non
330 1851 409 1878 enim
427 1849 554 1886 simplex
569 1849 662 1877 homo
674 1852 738 1877 erat
752 1859 758 1884 ;
780 1858 878 1886 neque
893 1851 996 1880 divina

168 1895 337 1925 secundum
357 1897 450 1923 Deum
475 1897 609 1929 tantum;
625 1902 687 1922 non
703 1895 783 1922 enim
803 1895 995 1924 solummodo

167 1944 230 1969 erat
244 1941 332 1968 Deus.
349 1940 407 1968 Sed
421 1939 490 1967 duae
501 1942 616 1967 natum
632 1942 701 1967 sunt
715 1947 794 1967 unus
810 1940 955 1975 Christus,
967 1944 994 1969 et

166 1994 246 2014 unus
274 1985 407 2013 Christus
440 1986 484 2012 est
511 1984 580 2012 duae
611 1987 737 2011 natura.
759 1985 791 2012 Et
824 1985 936 2013 aliter:
964 1987 993 2014 Si

164 2039 259 2060 unam
291 2030 477 2058 voluntatem
502 2029 666 2056 dixerimus
693 2029 731 2056 de
756 2029 869 2058 Christo
898 2032 930 2058 ut
953 2030 992 2058 de

163 2078 269 2104 sancta
301 2074 461 2108 Trinitate,
494 2073 548 2101 erit
580 2073 704 2101 omnino
736 2081 798 2102 una
825 2076 854 2101 et
882 2074 990 2102 eadem

161 2120 302 2148 voluntas
332 2119 423 2147 Patris
447 2121 476 2146 et
502 2117 589 2146 Verbi
602 2120 629 2146 et
644 2118 753 2146 carnis.
764 2118 810 2146 Ad
837 2118 902 2146 haec
920 2127 988 2155 quas

162 2165 312 2198 diximus,
332 2163 364 2191 id
394 2163 468 2190 forte
505 2162 647 2198 adjicient
679 2163 732 2199 qui
761 2163 917 2192 ratiocinio
946 2164 988 2192 uti

1065 900 1154 928 λοιπὸν
1189 906 1381 940 συμφρονοὺσιν
1418 903 1605 941 Ἀπολλιναρίῳ
1633 914 1661 930 τε
1693 907 1737 930 καὶ
1764 905 1871 941 ⁷Δρείῳ,

1066 946 1099 972 ὧν
1115 947 1128 973 ὁ
1143 948 1188 983 μὶν
1216 947 1323 983 ἄψυχον
1337 970 1344 984 ,
1359 948 1558 985 ’Λπολλινάριος
1571 947 1600 975 δὲ
1616 949 1692 975 ἄνουν
1713 951 1759 978 τὴν
1780 950 1872 986 σάρκα

1064 995 1109 1018 τοῦ
1117 995 1234 1029 Χριστοῦ
1242 991 1333 1028 ἔλεγεν.

1101 1049 1144 1079 ιοί.
1165 1052 1242 1088 Εἴπερ
1272 1053 1402 1087 φήσουσιν
1431 1051 1456 1077 οἱ
1486 1051 1615 1088 ’Λρμένιοι
1647 1052 1681 1082 ὡς
1711 1051 1723 1077 6
1751 1053 1868 1089 Χριστός

1063 1097 1108 1121 καὶ
1141 1096 1206 1131 μετὰ
1234 1097 1279 1124 τὴν
1314 1096 1446 1132 σάρκωσὶν
1467 1096 1503 1126 εἷς
1523 1094 1552 1124 ἦν
1586 1097 1646 1126 Υἱὸς
1678 1098 1723 1122 καὶ
1756 1094 1789 1126 εἷς
1820 1101 1868 1126 τῆς

1063 1139 1140 1175 ἁγίας
1166 1138 1290 1177 Τριάδος,
1312 1141 1326 1169 ἠ
1351 1138 1381 1166 δὲ
1403 1140 1467 1175 ἁγία
1495 1141 1575 1177 Τριὰς
1601 1143 1664 1176 μίαν
1693 1140 1796 1170 θέλησιν
1820 1144 1868 1168 καὶ

1061 1186 1123 1220 μίαν
1141 1184 1268 1222 ἐνέργειαν
1292 1185 1369 1220 ἔχει,
1397 1187 1442 1210 καὶ
1469 1186 1536 1210 κατὰ
1555 1189 1631 1211 τοῦτο
1657 1188 1702 1211 καὶ
1717 1186 1730 1211 6
1749 1188 1869 1222 Χριστὸς

1060 1231 1122 1265 μίαν
1153 1227 1223 1265 εἶχεν
1257 1228 1384 1266 ἐνέργειαν
1417 1232 1461 1255 καὶ
1491 1231 1554 1265 μίαν
1575 1229 1688 1261 θέλησιν,
1703 1230 1794 1267 ῥητέον
1823 1231 1868 1260 οὗ,

1058 1283 1108 1304 τως
1124 1281 1130 1288 ⁸
1147 1275 1181 1305 ὡς
1200 1275 1213 1299 ὁ
1243 1276 1333 1311 Πατὴρ
1358 1274 1387 1300 οὗ
1410 1275 1474 1300 καθὸ
1494 1277 1584 1312 Πατὴρ
1606 1274 1680 1308 θέλει,
1711 1274 1776 1300 ἀλλὰ
1799 1277 1867 1302 καθο

1059 1320 1124 1349 Θεὸς
1140 1327 1147 1333 ’
1164 1321 1209 1344 καὶ
1225 1317 1279 1344 ἐπεὶ
1305 1320 1369 1349 Θεὸς
1384 1319 1397 1344 6
1417 1321 1478 1349 Υἱὸς
1492 1341 1499 1353 ,
1526 1321 1590 1350 Θεὸς
1612 1322 1657 1345 καὶ
1669 1321 1698 1345 τό
1714 1323 1820 1356 Πνεῦμα
1835 1323 1867 1346 το

1057 1362 1129 1397 οἷγιον
1145 1383 1151 1395 ,
1172 1363 1241 1388 κατὰ
1255 1366 1332 1388 τοῦτο
1345 1363 1359 1391 ἡ
1378 1364 1422 1398 μὲν
1450 1365 1660 1399 τρισυποστατος
1687 1366 1786 1393 Θεότης
1800 1367 1866 1400 μίαν

1057 1407 1160 1435 θέλησιν
1187 1408 1244 1442 ἔχει
1266 1409 1311 1433 καὶ
1337 1409 1399 1443 μίαν
1432 1408 1558 1444 ἐνέργειαν
1576 1417 1582 1422 ·
1609 1408 1621 1433 6
1647 1406 1676 1433 δὲ
1705 1409 1787 1441 Υἱὸς,
1810 1407 1867 1434 ἐπι-

1052 1456 1178 1477 κοινωνῶν
1203 1454 1248 1477 καὶ
1282 1455 1338 1482 τοῖς
1372 1452 1517 1488 ἀνθρώποις
1546 1453 1608 1488 ἡμῖν
1631 1455 1661 1488 τῇ
1688 1456 1735 1482 τῆς
1763 1455 1867 1490 σαρκὸς

1052 1495 1205 1532 πμοσλήψει
1221 1518 1228 1531 ,
1255 1494 1351 1525 διπλῆν
1376 1498 1422 1522 καὶ
1449 1498 1497 1526 τὴν
1529 1496 1632 1525 θέλησιν
1663 1497 1720 1532 εἶχε
1749 1499 1796 1522 καὶ
1815 1500 1865 1526 τὴν

1053 1539 1180 1578 ἐνέργειαν
1206 1559 1213 1566 .
1242 1542 1288 1570 τὴν
1407 1542 1440 1571 ὡς
1487 1541 1628 1577 ὀμοούσιος
1660 1543 1694 1566 ὧν
1731 1545 1768 1576 τῷ
1803 1546 1864 1576 Θεῷ

1052 1587 1098 1612 καὶ
1119 1587 1201 1622 Πατρὶ
1214 1606 1221 1619 ,
1236 1587 1282 1614 τὴν
1308 1583 1337 1611 δῖε
1358 1586 1390 1616 ὡς
1411 1585 1552 1621 ὁμοούσιος
1564 1587 1598 1611 ὤν
1624 1586 1686 1621 ἡμῖν
1702 1606 1708 1613 .
1730 1585 1801 1614 Πλὴν
1829 1586 1862 1612 οὐ

1054 1627 1216 1666 διῃρημένοις
1247 1631 1328 1666 φαμὲν
1358 1630 1406 1660 τὰς
1434 1628 1580 1666 ἐνεργείας,
1611 1628 1673 1656 οὐδὲ
1703 1631 1749 1660 τὰς
1770 1631 1863 1666 φύσεις

1053 1673 1234 1710 ἐνεργουμένας
1271 1675 1487 1710 κεχωρισμένως,
1520 1673 1575 1700 ἀλλ’
1619 1675 1754 1710 ἠνωμὲνως
1801 1675 1863 1700 ἐκά-

1054 1727 1117 1746 στην
1143 1718 1208 1754 μετὰ
1235 1722 1283 1749 τῆς
1312 1719 1420 1756 θατέρου
1444 1721 1577 1749 κοινωνίας
1605 1718 1758 1756 ἄνεργοῡσοιν
1785 1720 1861 1745 τοῦθ’

1052 1762 1113 1799 ὅπερ
1139 1760 1206 1788 ἰδιον
1240 1764 1353 1799 ἔσχηκεν
1375 1772 1381 1777 ·
1410 1763 1470 1790 οὒτε
1502 1765 1550 1801 γὰρ
1579 1765 1612 1790 τὰ
1637 1763 1788 1800 ἀνθρώπινα
1815 1763 1861 1789 ἀν-

1053 1807 1187 1843 θρωπίνως
1212 1807 1352 1844 ἐνήργηκεν
1376 1830 1384 1843 ,
1410 1808 1439 1834 οὐ
1463 1809 1513 1846 γὰρ
1540 1808 1616 1844 ψιλός
1643 1806 1674 1837 ἦν
1702 1809 1853 1844 ἄνθρωπος·

1051 1851 1110 1876 οὔτε
1128 1852 1161 1877 τὰ
1195 1853 1251 1878 θεῖα
1280 1853 1348 1878 κατὰ
1376 1854 1440 1878 Θεὸν
1473 1852 1616 1888 μόνον,οὗ
1642 1853 1692 1887 γὰρ
1726 1850 1756 1881 ἦν
1777 1854 1857 1888 μόνον

1051 1898 1116 1926 Θεὸς
1132 1904 1138 1910 “
1158 1895 1211 1922 ἀλλ’
1228 1897 1255 1922 αἱ
1275 1895 1324 1923 δύο
1339 1898 1429 1932 φύσεις
1445 1895 1480 1927 εἷς
1507 1896 1563 1923 ἐστι
1595 1899 1716 1934 Χριστὸς⁵
1733 1900 1779 1923 καὶ
1794 1898 1807 1923 6
1820 1898 1856 1928 εἷς

1049 1942 1166 1977 Χριστὸς
1188 1939 1237 1967 δύο
1260 1942 1351 1977 φύσεις
1379 1940 1445 1967 ἐστί.
1473 1944 1524 1968 Καὶ
1556 1941 1638 1972 άλλως
1653 1948 1660 1956 '
1677 1943 1706 1968 Ei
1725 1944 1786 1977 μίαν
1813 1943 1855 1968 θέ-

1048 1983 1125 2014 λησιν
1162 1986 1271 2022 εἴπωμεν
1296 1985 1338 2012 ἐπὶ
1363 1989 1410 2011 τοῦ
1440 1990 1559 2022 Χριστοῦ
1580 1988 1613 2016 ὧς
1637 1986 1678 2012 ἐπὶ
1705 1990 1754 2016 τῆς
1774 1986 1855 2022 ἁγίας

1046 2027 1178 2066 Τριάδος,
1194 2029 1268 2056 ἔσται
1293 2031 1396 2060 πάντως
1419 2033 1468 2066 μία
1490 2033 1535 2056 καὶ
1559 2030 1655 2059 boni-ri:
1678 2030 1780 2061 θέλησις
1803 2035 1852 2056 τοῦ

1046 2077 1146 2111 Πατρός
1179 2077 1225 2101 καὶ
1259 2079 1305 2101 τοῦ
1342 2077 1430 2110 Λόγου
1460 2078 1506 2101 καὶ
1534 2080 1579 2106 τῆς
1602 2077 1709 2112 σαρκός.
1730 2077 1798 2112 Πρὸς
1814 2076 1852 2106 οἷς

1044 2120 1182 2157 εἰρήκαμεν
1216 2121 1254 2146 ἔτι
1283 2122 1328 2146 καὶ
1356 2124 1433 2146 τοῦτο
1466 2121 1528 2150 ’ίσως
1560 2121 1746 2153 προσθήσουσι
1785 2119 1851 2147 ὃια-

1044 2165 1209 2195 σκευάζοντες
1245 2164 1452 2200 συλλογιστικῶς
1468 2173 1474 2180 '
1492 2165 1547 2191 Οὔκ
1567 2167 1624 2192 ἔστι
1649 2167 1724 2201 φύσις
1752 2164 1852 2192 ὰνυπὸ-

160 2209 262 2238 volent
286 2217 293 2236 :
321 2210 385 2236 Non
409 2210 452 2235 est
475 2209 583 2236 natura
605 2207 721 2244 absque
748 2207 905 2244 hypostasi
934 2217 987 2237 seu

1089 2219 1137 2240 :ro;
1162 2211 1220 2238 ἤτοι
1249 2208 1406 2246 ἀπρόσωπος
1423 2217 1429 2224 ·
1448 2210 1469 2236 εἰ
1493 2208 1537 2236 οὖν
1562 2208 1631 2243 δύο,
1647 2213 1732 2246 φασὶ,
1759 2212 1850 2246 φύσεις

159 2261 290 2291 persona
312 2262 318 2287 ;
354 2252 379 2280 si
395 2252 505 2288 igitur,
529 2252 670 2288 inquiunt
698 2252 774 2280 duas
807 2256 930 2281 naturas
956 2253 986 2282 in

162 2299 275 2327 Christo
293 2296 465 2330 dixerimus,
483 2296 560 2324 duas
574 2305 696 2333 quoque
711 2297 890 2333 hypostases
901 2298 986 2326 indu-

160 2351 284 2376 cemus;
311 2344 400 2378 atque
426 2342 466 2370 ita
492 2349 562 2370 cum
588 2341 722 2370 Nestorio
749 2343 912 2370 sentiemus
935 2343 987 2379 qui

160 2388 238 2416 duas
253 2387 432 2424 hypostases
447 2387 478 2415 in
490 2387 606 2414 Christo
621 2394 686 2414 esse
701 2386 811 2415 docuit.

364 2445 414 2473 Ad
427 2445 459 2474 id
473 2445 712 2480 respondendum
728 2447 781 2473 est.

195 2509 237 2534 t2.
259 2506 310 2534 I’ia
322 2505 461 2540 Ecclesia,
471 2504 732 2541 quemadmodum
752 2503 872 2533 Sabellii
889 2513 985 2542 synae-

155 2552 247 2581 resim
266 2551 430 2588 repudians
451 2552 509 2578 tres
524 2557 671 2586 personas
684 2551 712 2578 et
727 2557 819 2578 unam
843 2552 984 2579 naturam

155 2597 355 2625 sanctissimae
383 2595 531 2624 Trinitatis
557 2594 724 2628 confitetur,
741 2596 769 2623 et
791 2595 852 2622 Arii
879 2594 909 2623 in
925 2597 983 2623 tres

156 2642 317 2669 dissimiles
330 2641 509 2677 hypostuses
515 2638 692 2667 divisionem
703 2640 983 2676 respuens,unicam

154 2689 296 2715 naturam
316 2685 426 2713 divinas
447 2683 595 2712 Trinitatis
619 2683 769 2719 docet,sic
780 2687 808 2712 et
818 2684 982 2721 Monophy-

155 2731 227 2758 sitas
240 2730 399 2766 impugnat
413 2728 582 2757 dictitantes
606 2736 699 2757 unam
714 2736 779 2757 esse
794 2731 936 2757 naturam
950 2729 982 2756 in

156 2775 269 2804 Christo
284 2777 313 2804 et
327 2782 421 2804 unam
439 2781 504 2804 esse
530 2774 730 2811 hypostasim.
747 2773 833 2807 Quod
856 2775 982 2810 praeten-

1042 2254 1083 2281 ἑπί
1110 2258 1228 2292 Χριστοῦ
1254 2256 1384 2290 εἳπωμεν,
1407 2252 1455 2280 δύο
1485 2257 1530 2280 καί
1553 2255 1714 2285 ὑποστάσεις
1744 2264 1849 2282 συνεισ-

1042 2301 1181 2335 ενέγκαιμεν
1194 2308 1200 2314 ·
1217 2301 1263 2325 καί
1277 2299 1344 2325 οὕτω
1368 2303 1572 2335 συμφρονοῦντες
1585 2299 1697 2335 ἐσόμεθα
1710 2302 1848 2337 Νεστορίῳ

1042 2343 1090 2371 δύο
1105 2345 1264 2374 ὑποστάσεις
1284 2343 1325 2370 ἐπί
1336 2347 1453 2381 Χριστοῦ
1465 2342 1662 2380 δογματίζοντι.

1278 2446 1377 2476 Ῥητέον
1393 2445 1423 2473 δε
1437 2448 1500 2485 πρὸς
1514 2451 1601 2474 τοῦτο.

1077 2505 1117 2534 ιϐ.
1137 2505 1179 2536 Ὠς
1202 2506 1217 2535 ἡ
1239 2505 1345 2536 εὐσεϐὴς
1366 2504 1518 2539 Ἐκκλησία,
1532 2506 1617 2542 ὥσπερ
1638 2506 1682 2534 τὴν
1704 2504 1842 2531 Σαϐελλίου

1040 2553 1189 2588 συναίρεσιν
1227 2549 1427 2586 ἀποπιμπομένη
1455 2571 1462 2584 ,
1501 2553 1566 2586 τρεῖς
1599 2551 1759 2581 ὑποστάσεις
1795 2553 1842 2577 καί

1038 2597 1100 2631 μίαν
1126 2597 1204 2631 φύσιν
1232 2594 1273 2621 ἐπί
1301 2599 1345 2625 τῆς
1373 2594 1451 2630 ἁγίας
1478 2593 1593 2631 Τριάὸος
1621 2594 1765 2630 ὁμολογεῖ,
1795 2597 1842 2621 καί

1037 2641 1084 2669 τὴν
1114 2639 1213 2676 ’Λρείου
1248 2639 1282 2670 εἰς
1309 2639 1461 2676 ἑτερογενεῖς
1486 2643 1553 2677 τρεῖς
1584 2639 1743 2669 ὑποστάσεις
1774 2638 1839 2666 ἁπο-

1039 2683 1238 2715 σκνϐαλίζουσα
1260 2682 1405 2721 διαίρεσιν,
1430 2686 1492 2720 μίαν
1515 2685 1592 2720 φύσιν
1623 2684 1838 2721 τρισυποστάτου

1037 2722 1165 2760 ὀεότητος
1190 2727 1315 2764 δοξάζει,
1335 2729 1403 2755 οὓτω
1425 2731 1470 2755 καί
1488 2732 1543 2759 τοῖς
1562 2731 1755 2766 Μονοφυσίταις
1775 2727 1837 2755 ἁπο-

1035 2774 1163 2811 μάχεταὶ,
1197 2775 1330 2811 φάσκουσι
1350 2776 1412 2811 μίαν
1432 2775 1508 2810 φύσιν
1528 2773 1570 2800 ἐπί
1597 2777 1712 2812 Χριστοῦ
1741 2771 1790 2800 ὃια
1807 2775 1836 2800 τό
