1917 3073
193 93 242 120 103

189 198 405 226 ratiocinantur
422 204 428 222 :
447 207 460 220 «
478 195 550 221 Cum
567 199 637 219 caro
657 189 787 217 Verbum
809 189 921 217 factum
939 190 975 216 sit
990 191 1017 217 et

191 243 251 270 Deo
276 237 552 270 consubstantialis,
569 238 597 263 et
612 234 707 262 Verbo
724 233 882 261 commista
896 233 932 261 sit
944 235 972 260 et
986 233 1016 261 in

189 288 263 316 illud
278 293 435 317 conversa,
453 281 608 319 quomodo
625 281 750 316 possunt
763 278 820 305 dici
842 278 910 306 dua:
932 280 1017 306 natu-

190 341 241 366 rae,
257 339 318 360 non
333 333 433 359 autem
450 329 548 362 unica,
559 333 626 362 quae
640 326 684 352 est
695 322 855 352 divinitatis
865 323 879 350 ‘?
896 333 909 347 η

228 468 271 494 15.
292 467 329 494 At
341 472 409 501 quas
426 464 469 491 est
488 459 751 497 respondendum:
769 458 874 485 Creata
888 457 916 483 et
933 455 1018 484 ﬁnita

192 515 301 540 natura
311 517 432 538 rursum
446 511 474 536 et
486 509 556 544 post
566 505 710 533 unionem
722 503 752 531 in
763 502 823 530 suis
832 501 1018 529 naturalibus

193 555 425 595 proprietatibus
436 552 611 590 permansit,
622 557 682 578 non
696 548 820 577 omnino
834 554 979 575 conversa
989 545 1019 573 in

192 592 360 631 increatum
374 601 402 627 et
416 597 566 626 inﬁnitum
583 597 611 623 et
625 595 655 622 in
671 593 747 621 Patri
757 593 950 621 comternum.
967 592 1021 618 Per

193 650 332 676 naturam
370 646 470 672 autem
504 641 631 669 invicem
666 637 870 666 accessionem
900 643 1022 664 carnem

193 693 365 721 deiﬁcatam
387 696 462 720 esse,
490 688 583 714 Deum
603 684 758 712 hominem
775 681 885 709 factum
900 689 964 708 esse
980 681 1023 721 di-_

193 739 298 767 cimus.
310 735 370 764 Nisi
386 733 467 761 enim
482 731 512 759 id
528 729 744 759 concedamus,
760 727 845 762 juxta
857 725 921 753 illos
935 718 1024 754 Verbi

193 783 309 810 naturte
324 777 387 809 erit,
409 782 470 803 non
489 775 589 801 autem
616 772 760 800 humanae
778 769 809 797 in
835 768 949 797 Christo
972 770 1025 797 na'

845 81 984 109 NICETIE
1003 81 1199 110 CHONIATE.

190 161 250 181 non
265 153 328 188 jam
344 150 441 179 carnis
468 147 664 185 proprietates
692 145 806 172 retinet.
828 155 842 168 ιν
858 145 954 180 Atque
974 153 985 171 ε

1115 153 1172 179 ωμα
1192 151 1198 157 ”

1829 78 1895 104 104

1231 142 1298 169 οὕτω
1332 141 1365 171 δὴ
1398 144 1442 168 καὶ
1471 143 1500 168 τὸ
1531 141 1657 177 πανάγιον
1684 139 1764 166 ἐκεῖνο
1797 143 1897 176 σῶμα

1073 188 1263 223 συνανακραοεν
1302 191 1333 223 τῇ
1380 187 1492 220 θειότητι,
1523 186 1610 212 οὐκέτι
1647 185 1716 211 ἐστὶν
1753 184 1780 210 ἐν
1827 187 1897 214 τοῖς

1071 236 1118 262 τῆς
1151 233 1247 267 σαρκὸς
1275 229 1413 266 ἱδιὼμασι.
1449 233 1499 256 Καὶ
1530 229 1728 265 συλλογίζονται
1761 229 1857 258 οὕτως
1886 239 1894 244 ·

1072 277 1106 307 ὡς
1120 277 1191 303 Ἐπεὶ
1219 278 1233 305 ἡ
1263 275 1329 312 σάρξ
1352 277 1439 311 γέγονε
1460 278 1542 310 Λογος
1562 277 1606 300 καὶ
1634 275 1750 309 ὁιιίλθεος,
1770 283 1897 299 συνανε-

1071 322 1154 359 κράθη
1177 324 1213 355 τῷ
1239 322 1316 356 Λόγῳ
1344 322 1388 346 καὶ
1408 321 1576 356 μετεποιὴθη,
1608 324 1663 349 πῶς
1690 317 1806 345 δυνατὸν
1833 316 1897 344 δύο

1071 365 1153 402 λέγειν
1173 367 1263 401 φύσεις
1293 367 1338 391 καὶ
1366 365 1430 400 οὐχὶ
1454 367 1516 401 μίαν
1542 367 1587 390 καὶ
1612 365 1710 392 ταύτην
1743 367 1795 395 τῆς
1828 363 1899 389 θεό-

1071 418 1166 444 τητος;

1109 465 1145 483 ιε.
1167 456 1233 491 Πρὸς
1247 454 1311 492 οἷπερ
1336 453 1526 491 ἀποκρίνασθαι
1541 451 1583 480 δεῖ
1610 454 1643 484 ὡς
1669 454 1684 482 ἡ
1715 454 1815 481 κτιστὴ
1840 452 1898 477 καὶ

1073 501 1236 537 περιγραπτὴ
1259 501 1337 535 φύσις
1364 499 1440 525 πάλιν
1466 500 1510 524 καὶ
1538 499 1603 534 μετὰ
1630 499 1675 527 τὴν
1709 498 1804 523 ἕνωσιν
1841 496 1898 522 ἐπὶ

1074 548 1123 571 τῶν
1152 543 1224 570 ἰδίων
1253 546 1378 580 μεμένηκε
1407 547 1522 580 φυσικῶν
1547 541 1707 579 ἰδιωμάτων,
1735 540 1796 568 οὐδ’
1819 541 1901 570 ὅλως

1077 587 1268 626 μεταϐληοεῐσα
1283 589 1318 620 εἰς
1344 590 1372 614 τὸ
1388 589 1521 620 ἄκτιστον,
1538 590 1582 614 καὶ
1605 587 1815 623 ἀσχημάτιστον
1840 587 1902 611 καὶ

1079 632 1214 660 συναῖδιον
1233 637 1269 668 τῷ
1299 635 1381 670 Πατρί
1397 641 1402 648 “
1437 631 1483 659 διὰ
1507 631 1536 658 δὲ
1568 635 1615 662 τήν
1641 636 1691 658 τῶν
1717 633 1823 667 φύσεων
1853 630 1901 660 εἰς

1078 679 1177 708 caluitii
1204 681 1397 715 περιχὼρησιν,
1424 680 1470 706 τὴν
1505 678 1592 714 σάρκα
1611 677 1739 705 θεωθῆναι
1755 684 1761 690 ·
1784 677 1833 701 τὸν
1863 673 1902 700 δὲ

1080 725 1144 751 Θεὸν
1172 723 1370 759 ἔνανθρωπῆσαὶ
1389 732 1470 758 φαμεν
1487 733 1492 738 ·
1515 722 1538 747 εἰ
1555 723 1606 758 γὰρ
1635 723 1670 757 μὴ
1695 724 1771 746 τοῦτο
1810 718 1903 747 δοίη-

1079 778 1135 805 μεν,
1163 769 1237 794 ἔσται
1265 766 1294 793 ἂν
1313 771 1357 797 τῆς
1381 771 1426 793 τοῦ
1459 768 1545 802 Λόγου
1573 767 1673 802 φύσεως
1696 765 1754 791 κατ’
1775 764 1899 796 αὐτοὺς,

194 809 279 858 iuras,
307 821 537 852 incrementum,
552 816 683 849 Iactatio,
699 816 805 848 tactus,
822 812 931 846 fames,
947 813 983 840 sit

1115 815 1124 838 i
1144 812 1208 848 οὐχὶ
1228 816 1274 842 τῆς
1290 810 1313 836 ἐν
1340 815 1446 848 Χριστῷ
1465 809 1625 848 ἀνθρωπίνης
1645 811 1756 845 φύσεως,
1786 809 1802 838 ἡ
1842 809 1900 834 αὖ·

194 856 340 903 fatigatio.
368 863 487 899 agonia,
509 863 643 897 sputum,
674 857 837 892 cruciﬁxio,
856 856 1022 903 sepultura,

194 900 287 943 mors.
300 911 331 939 ld
346 910 388 938 ita
403 907 540 936 Patribus
553 904 657 937 videri,
674 910 805 939 quorum
819 900 943 929 oracula
957 909 1024 937 pro-

194 959 303 990 ferunt,
319 955 462 983 testantur
477 953 585 979 cmtera
601 956 705 976 eorum
720 946 840 982 scripta,
854 949 978 974 naturas
993 946 1024 974 in

195 1003 310 1031 Christo
325 1006 386 1028 non
404 994 549 1025 confundi
564 992 703 1022 docentia
724 999 823 1027 neque
846 998 1023 1018 conversam

194 1056 259 1077 esse
275 1052 395 1074 carnem
411 1043 441 1070 in
456 1040 646 1068 divinitatem
660 1046 665 1071 ;
695 1036 748 1064 sed
767 1037 796 1064 et
813 1036 907 1063 verba
921 1035 1024 1063 Christi

195 1091 349 1129 discipulis
378 1089 415 1116 de
445 1088 553 1115 Lazaro
579 1083 705 1112 dicentis
735 1091 741 1110 :
763 1082 973 1129 Mortuus-est,
998 1083 1026 1108 et

196 1125 314 1174 gaudeo
330 1135 452 1171 propter
467 1139 530 1163 vos,
540 1128 688 1165 quoniam
703 1134 764 1154 non
776 1134 858 1153 eram
872 1125 1025 1153 ibi.Utrius

195 1170 366 1219 reputanda
376 1180 420 1206 est
430 1177 494 1205 hzec
507 1183 565 1203 vox
577 1183 583 1202 :
597 1184 611 1199 «
624 1175 688 1201 Non
702 1179 785 1199 eram
796 1171 837 1198 ibi
847 1171 904 1198 '5?»
917 1170 1027 1198 Divini-

197 1214 293 1257 taiis?
309 1227 342 1254 Et
362 1221 516 1259 quomodo
541 1219 609 1247 loco
636 1215 877 1251 circumscriptus
905 1216 950 1242 est
974 1214 1026 1250 qui

197 1273 311 1308 ubique
331 1269 416 1298 adest
437 1268 464 1295 et
479 1272 570 1300 super
584 1262 688 1291 omnia
707 1260 774 1288 est?
791 1259 820 1288 Si
836 1267 904 1287 vero
916 1259 1025 1293 carnis,

197 1305 271 1355 qno-
282 1315 374 1344 modo
387 1320 448 1341 non
466 1312 536 1338 sunt
560 1308 627 1336 dure
647 1307 678 1355 in
693 1305 809 1333 Christo
836 1306 951 1354 natura:
962 1305 982 1353 ἱ)⁵
993 1305 1027 1331 Et

196 1348 338 1398 lacrymae
371 1357 470 1386 Lazari
500 1353 597 1389 gratia
629 1351 745 1384 effusae,
776 1348 874 1376 carnis
901 1348 1025 1376 omnino

198 1393 291 1440 erant,
307 1411 405 1440 neque
421 1399 584 1430 divinitatis
599 1406 605 1430 ;
633 1393 896 1432 quemadmodum
911 1393 1026 1421 homini

198 1439 338 1482 convenit
349 1439 441 1477 illud:
457 1457 470 1470 (ι
488 1443 542 1472 Ubi
558 1440 698 1479 posuistis
712 1439 805 1468 eum?
823 1450 834 1464 ι

233 1588 278 1615 16.
299 1582 385 1618 Quod
402 1580 425 1609 si
438 1579 469 1607 id
485 1575 664 1611 addiderint,
680 1581 746 1607 nos,
769 1573 793 1600 si
809 1572 888 1600 duas
902 1573 1028 1618 naturas

197 1614 353 1662 distincias
375 1623 515 1655 habuerit
529 1621 672 1654 Christus,
688 1619 857 1647 humanam
873 1624 984 1662 nempe
1002 1614 1030 1644 et

197 1661 344 1708 divinam,
373 1671 543 1699 creaturam
575 1665 713 1698 adorare,
744 1661 937 1708 quippequi
963 1663 1031 1688 ante

197 1705 483 1750 ereatam'naturam
498 1710 693 1748 procidamus
706 1716 712 1740 ;
727 1706 775 1735 vel
791 1706 816 1733 si
829 1705 1019 1739 minius,esse

195 1749 276 1795 idem
292 1765 320 1791 et
344 1768 424 1788 unus
439 1757 571 1785 Christus
588 1754 731 1781 adoratus
755 1753 857 1779 etnon
878 1749 1029 1779 adoratus.

198 1810 244 1839 Sic
274 1801 533 1842 respondendum.
566 1797 672 1826 Filium
701 1795 751 1823 Dei
780 1802 849 1822 cum
882 1794 968 1842 Putre
1002 1796 1031 1822 et

197 1838 302 1883 sancto
313 1838 424 1886 S-piritu
438 1845 614 1875 adoramus,
629 1841 693 1868 sine
710 1847 834 1875 corpore
849 1840 917 1886 ante
934 1838 1030 1866 incar.

196 1882 351 1928 nationem
367 1891 564 1921 existentem;
589 1893 670 1914 nunc
694 1886 794 1912 autem
815 1882 957 1911 eumdem
985 1883 1029 1911 in-

197 1927 356 1972 carnatum
391 1939 419 1965 et
447 1935 519 1963 citra
548 1931 690 1960 deitatem
719 1928 832 1956 factum
861 1927 1030 1956 hominem.

251 1987 329 2016 sicut
352 1983 467 2018 lignum
485 1982 573 2007 tenue
598 1974 689 2004 tactui
714 1981 777 2001 non
802 1974 847 2000 est
871 1971 1033 2000 inaccessi-

196 2017 266 2065 ωε,
293 2017 405 2062 tamen,
434 2026 504 2061 igne
531 2021 645 2054 addito,
671 2017 877 2047 inaccessibile
904 2017 945 2051 fit,
970 2025 1032 2045 non

198 2062 321 2116 duidem
336 2081 390 2112 per
405 2079 446 2106 se,
464 2069 516 2097 sed
540 2067 613 2104 quia
629 2064 707 2101 ignis
724 2063 858 2091 accessit.
875 2063 939 2090 Non
952 2062 1033 2090 enim

198 2107 272 2159 ligni
300 2107 408 2149 natura
431 2111 646 2144 inaccessibilis
661 2111 715 2144 est,
732 2108 785 2136 sed
800 2107 901 2141 carbo,
918 2107 937 2134 i.
958 2114 985 2135 e.
999 2107 1033 2135 li-

199 2154 294 2203 gnum
315 2165 475 2194 adustum;
493 2159 534 2187 sic
556 2165 626 2186 caro
639 2161 762 2192 quoque
779 2161 835 2203 pro
849 2154 958 2181 natura
978 2160 1033 2203 s‘ua

198 2197 261 2241 non
271 2212 316 2239 est
330 2206 498 2239 adoranda,
513 2204 544 2232 in
559 2202 654 2231 Verbo
667 2203 772 2228 tamen
786 2198 944 2226 iucarnato
960 2197 1032 2225 ado-

199 2258 301 2288 ratur;
325 2261 381 2281 nec
404 2251 531 2280 dicimus
551 2255 607 2276 nos
622 2252 745 2274 carnem
760 2243 875 2271 nudam
891 2242 1029 2278 adorare,

200 2302 255 2331 sed
281 2306 404 2329 carnem
421 2295 480 2329 Dei,
495 2296 514 2323 i.
530 2303 556 2323 e.
573 2293 667 2321 Deum
683 2290 884 2318 incarnatum.
902 2287 960 2316 Sed
971 2287 1030 2316 hoc

200 2346 324 2384 quidem
343 2344 374 2371 in
397 2342 540 2378 promptu
555 2341 583 2366 et
597 2344 650 2374 per
665 2333 890 2384 compendium.
904 2332 954 2360 Vir
974 2340 1028 2384 au-

200 2378 260 2421 tem
279 2391 340 2419 otio
353 2389 453 2417 fruens
467 2385 561 2414 multa
573 2392 589 2412 e
610 2380 769 2418 Scripturis
783 2378 876 2408 sacris
887 2378 1028 2414 exempla

199 2435 409 2466 Armeniorum
430 2432 560 2460 haereses
575 2429 627 2456 aut
649 2424 834 2455 destruentia
859 2424 910 2452 aut
925 2429 1026 2458 repro-

199 2481 304 2511 bantia
313 2481 345 2509 in
359 2477 494 2507 medium
506 2473 637 2512 proferre
654 2470 794 2509 potuerit.

238 2644 355 2673 “Joan.
369 2649 411 2678 χι,
429 2642 471 2669 15.

1044 1495 1066 1524 C

1080 858 1166 892 ξησις,
1189 858 1204 886 ἡ
1234 857 1431 892 σπαργάνωσις,
1461 856 1475 885 ἡ
1510 854 1673 891 ψηλάφησις,
1703 855 1718 882 ἡ
1753 857 1845 886 πεῖνα,
1880 854 1897 881 ἡ

1080 900 1186 937 ὃίψοι,ὁ
1206 903 1295 936 κόπος,
1316 901 1331 930 ἡ
1354 900 1462 936 ἀγωνία,
1482 901 1511 926 τὸ
1531 901 1651 935 πτύσμα,
1670 899 1685 927 ἠ
1701 897 1744 924 ἐπὶ
1763 900 1899 934 σταυροῦ

1078 947 1166 979 πῆξις,
1196 947 1210 975 ἡ
1240 947 1319 981 ταφὴ,
1351 947 1395 971 καὶ
1423 945 1436 970 ὁ
1464 945 1580 974 Θάνατος.
1601 943 1661 970 Ὀτι
1694 941 1723 968 δὲ
1753 945 1801 968 καὶ
1831 946 1899 973 τοῖς

1079 992 1213 1028 Πατράσιν
1241 990 1308 1015 οὕτω
1337 988 1418 1022 δοκεῖ,
1444 990 1477 1015 ὡν
1505 990 1552 1020 τὰς
1578 991 1692 1026 χρήσεις
1717 989 1897 1024 παράγουσι,

1079 1039 1242 1074 μαρτυροῦσι
1279 1035 1312 1060 τὰ
1343 1034 1422 1060 λοιπὰ
1454 1036 1562 1060 τουτωνὶ
1597 1034 1804 1070 συγγράμματα,
1853 1034 1896 1068 μὴ

1082 1081 1266 1117 συγκεχύσθαι
1287 1080 1333 1110 τὰς
1348 1078 1372 1105 ἐν
1396 1082 1504 1116 Χριστῷ
1520 1080 1609 1114 φυσεις
1625 1076 1800 1109 διδάσκοντα,
1818 1081 1898 1113 μήτε

1081 1128 1133 1162 μὴν
1143 1125 1351 1161 μεταποιηοῆναι
1363 1125 1410 1152 τὴν
1421 1125 1507 1160 σάρκα
1519 1123 1553 1154 εἰς
1567 1121 1768 1151 θεότητα,’Δ).λὰ
1782 1124 1898 1147 καὶτοῦ

1083 1173 1199 1207 Χριστοῦ
1213 1179 1278 1206 προς
1295 1170 1354 1198 τοὺς
1372 1169 1493 1204 μαθητὰς
1510 1170 1569 1205 περὶ
1592 1171 1636 1194 τοῦ
1653 1167 1776 1203 Λαζάρου
1797 1165 1896 1201 λέγον-

1082 1224 1125 1241 τος
1145 1215 1185 1241 ὅτι
1205 1225 1218 1238 ιι
1234 1214 1367 1241 Ἀπέθανε,
1384 1215 1428 1238 καὶ
1448 1214 1536 1249 χαίρω
1552 1210 1589 1238 δι’
1609 1213 1674 1248 ὑμᾶς
1693 1212 1733 1237 ὅτι
1749 1211 1798 1237 οὐκ
1814 1213 1896 1247 ἥμην

1082 1258 1142 1285 ἐκεῖ.
1169 1270 1182 1283 ι(
1202 1260 1276 1289 Τίνος
1301 1259 1403 1287 νοητέον
1423 1259 1452 1283 τὸ
1471 1257 1544 1294 ῥῆμα
1569 1259 1598 1283 τὸ
1619 1267 1633 1282 ‹‹
1655 1256 1700 1282 οὐκ
1711 1257 1781 1292 ἤμην
1812 1255 1894 1288 ἐκεῖς

1081 1307 1134 1334 Τῆς
1149 1305 1269 1334 θεότητος
1282 1311 1288 1335 ;
1310 1305 1360 1328 Καὶ
1376 1306 1431 1332 πῶς
1443 1304 1513 1337 τόπῳ
1526 1302 1700 1338 περιγραπτὸς
1720 1302 1895 1336 ἁπανταχοῦ

1081 1351 1169 1386 παρὼν
1193 1351 1238 1374 καὶ
1253 1349 1315 1384 ὑπερ
1331 1349 1360 1373 τὸ
1374 1350 1424 1373 πᾶν
1447 1348 1496 1379 ὧν,
1525 1346 1556 1372 Εἰ
1577 1344 1606 1372 δὲ
1624 1350 1671 1376 τῆς
1696 1346 1805 1382 σαρκὸς,
1831 1350 1896 1376 πῶς

1081 1394 1145 1430 οὐχὶ
1174 1391 1223 1419 δύο
1243 1394 1333 1428 φυσεις
1357 1390 1398 1417 ἐπὶ
1413 1394 1552 1428 Χριστοῡ;
1582 1390 1632 1416 Καὶ
1649 1392 1678 1416 τὸ
1693 1389 1736 1416 ἐπὶ
1756 1391 1894 1426 Λαζάρου

1082 1438 1112 1465 δὲ
1133 1437 1247 1474 δάκρυον
1260 1441 1306 1467 τῆς
1324 1438 1421 1472 σαρκὸς
1439 1438 1540 1466 πάντως
1561 1433 1601 1470 ἦν,
1623 1437 1666 1461 καὶ
1686 1434 1750 1470 οὗχὶ
1768 1439 1817 1465 τῆς
1835 1436 1894 1461 Θεο-

1082 1492 1157 1512 τητος
1174 1489 1181 1497 '
1203 1483 1289 1518 ὥσπερ
1311 1480 1525 1518 ἅνθρωποπρεπες
1551 1481 1596 1505 καὶ
1615 1481 1644 1505 τὸ
1665 1478 1760 1516 ἐρωτᾷν
1791 1490 1806 1504 (α
1832 1482 1893 1505 Ποῦ

1083 1528 1214 1553 τεθείκατε
1233 1525 1310 1551 αὐτόν
1324 1534 1330 1560 ;

1121 1571 1168 1603 ις’.
1188 1571 1246 1597 Ἐὰν
1266 1569 1296 1596 δὲ
1322 1572 1366 1596 καὶ
1396 1573 1472 1596 τοῦτο
1501 1570 1702 1606 προσθήσουσιν
1730 1569 1771 1601 ὡς,
1793 1569 1816 1595 εἰ
1839 1567 1893 1595 δὺο

1085 1618 1173 1652 φὺσεις
1192 1613 1261 1651 εἶχεν
1281 1615 1426 1651 ὀΧριστὸς
1447 1613 1629 1650 ἀσυγχύτους,
1653 1612 1818 1650 ἀνθρωπίνην
1843 1617 1893 1640 καὶ

1086 1662 1183 1695 θεῑκήν,
1204 1661 1256 1697 ἄρα
1269 1663 1300 1695 τῇ
1325 1661 1412 1685 κτίσει
1430 1658 1594 1695 λατρεὺομεν,
1615 1659 1650 1689 ὡς
1674 1662 1769 1694 κτιστῇ
1800 1668 1893 1696 προσ-

1085 1709 1221 1735 κανοῡντες
1247 1706 1345 1740 φὺσει·
1375 1703 1390 1733 ἢ
1420 1703 1441 1730 εἱ
1469 1705 1505 1738 μὴ
1526 1706 1613 1736 τοῦτο,
1634 1704 1672 1731 εἴη
1703 1702 1732 1728 ἂν
1760 1703 1772 1728 ὁ
1808 1703 1893 1734 αὐτὸς

1085 1752 1130 1776 καὶ
1146 1751 1180 1780 εἷς
1206 1750 1322 1784 Χριστὸς
1347 1750 1528 1785 προσκυνητός
1551 1757 1577 1774 τε
1591 1749 1633 1774 καὶ
1662 1747 1866 1784 ἀπροοκὺνητος
1884 1759 1890 1765 ·

1085 1796 1183 1821 οὑτωσὶ
1197 1794 1294 1820 λεκτέον
1310 1804 1316 1810 -
1346 1794 1395 1819 Τὸν
1416 1794 1475 1819 Υὶὸν
1499 1796 1544 1818 τοῦ
1575 1796 1641 1819 Θεοῦ
1672 1793 1718 1818 σὺν
1739 1796 1776 1827 τῷ
1801 1796 1891 1831 Πατρὶ

1084 1842 1129 1866 καὶ
1152 1843 1188 1875 τῷ
1211 1839 1278 1874 ἁγίῳ
1305 1839 1436 1874 Πνεὺματι
1454 1840 1660 1873 προσκυνοῦμεν,
1682 1835 1821 1872 ἀσώματον
1843 1840 1892 1874 μὲν

1083 1886 1133 1922 πρὸ
1155 1888 1202 1914 τῆς
1224 1882 1451 1919 ἐνανθρωπὴσεως,
1475 1885 1519 1907 νῦν
1543 1879 1573 1908 δὲ
1587 1883 1630 1907 τὸν
1650 1881 1728 1907 αὑτὸν
1745 1891 1891 1918 σεσαρκω.

1085 1931 1157 1966 μένον
1174 1930 1218 1954 καὶ
1243 1930 1376 1963 γενόμςιον
1389 1927 1523 1964 ἄνθρωπον
1548 1927 1613 1963 μετὰ
1631 1930 1677 1952 τοῦ
1702 1925 1767 1952 εἶναι
1794 1929 1865 1953 Θεὸν
1882 1938 1890 1946 ο

1084 1976 1130 2000 καὶ
1145 1975 1231 2010 ὥσπερ
1257 1972 1328 2004 ξύλον
1343 1971 1419 2007 ψιλὸν
1438 1971 1485 1997 οὐκ
1505 1972 1574 1997 ἔστὶν
1596 1970 1737 2007 ἀπρόσιτον
1761 1975 1792 2007 τῇ
1818 1972 1889 2008 ἀφῇ,

1085 2021 1149 2056 πυρὶ
1182 2017 1211 2044 δὲ
1243 2016 1451 2054 προσομιλῆσαν,
1482 2015 1623 2053 ἀπροσίτον
1654 2018 1752 2052 γίνεται
1787 2016 1816 2041 οὔ
1850 2015 1889 2043 δι’

1086 2064 1172 2097 ἑαυτὸ,
1198 2061 1261 2088 ἀλλὰ
1277 2060 1324 2087 διὰ
1346 2062 1375 2087 τὸ
1395 2062 1555 2097 συνημμένον
1581 2061 1651 2096 αὐτῷ
1671 2064 1721 2096 πῦρ
1738 2069 1745 2075 ·
1767 2063 1810 2086 καὶ
1831 2065 1889 2097 οὐχ

1086 2110 1101 2138 ἡ
1131 2111 1177 2135 τοῦ
1198 2107 1274 2139 ξύλου
1302 2108 1380 2143 φὺσις
1394 2106 1511 2143 ὑπάρχει
1540 2105 1691 2143 ἀπρόσιτος,
1719 2104 1771 2131 ἀλλ’
1796 2106 1808 2131 ὀ
1840 2107 1889 2132 οἷν-

1049 2168 1072 2196 D
1088 2152 1160 2191 θραξ,
1177 2153 1236 2181 ἦτοι
1250 2153 1278 2178 τὸ
1294 2152 1472 2188 φεπυρωμένον
1497 2149 1569 2181 ξὺλον
1585 2157 1592 2165 ⁸
1621 2150 1702 2180 οὕτως
1722 2151 1766 2175 καὶ
1785 2151 1800 2178 ἡ
1817 2151 1890 2188 σὰρξ

1085 2199 1153 2224 κατὰ
1169 2198 1213 2234 μὲν
1237 2198 1284 2225 τήν
1314 2195 1407 2226 ἑαυτῆς
1436 2197 1512 2231 φύσιν
1541 2195 1587 2221 οὐκ
1611 2196 1668 2221 ἔστι
1686 2198 1859 2231 προσκυνητὴ
1879 2204 1886 2211 ·

1083 2245 1269 2280 προσκυνεῖται
1295 2239 1325 2267 δὲ
1351 2239 1374 2266 ἐν
1400 2244 1435 2276 τῷ
1462 2242 1649 2277 σεσαρκωμένῳ
1664 2241 1742 2275 Λόγῳ
1757 2248 1764 2254 ⁸
1791 2242 1838 2266 καὶ
1857 2241 1887 2267 οὐ

1084 2289 1164 2324 φαμὲν
1193 2287 1231 2313 ὃτι
1261 2286 1347 2323 σάρκα
1372 2288 1566 2322 προσκυνοῦμεν
1596 2283 1685 2320 ψιλὴν,
1707 2283 1771 2310 ἀλλὰ
1797 2286 1887 2321 σάρκα

1084 2336 1162 2367 Θεοῦ,
1182 2333 1240 2361 ἦτοι
1275 2331 1469 2367 σεσαρκωμένον
1498 2331 1571 2356 Θεὸν.
1593 2332 1681 2355 Ταῦτα
1711 2329 1743 2359 ὡς
1776 2327 1802 2354 ἐκ
1819 2339 1886 2366 προ-

1082 2379 1175 2414 χείρου
1199 2377 1244 2402 καὶ
1275 2374 1300 2401 έν
1321 2374 1433 2410 ἐπιτὸμῳ
1449 2383 1456 2389 ·
1478 2374 1596 2410 εὐκαιρία
1625 2372 1655 2399 δέ
1680 2383 1718 2403 τις
1736 2376 1884 2410 χρώμενος,

1081 2425 1127 2448 καὶ
1155 2422 1229 2458 ἕτερα
1255 2419 1284 2446 ἆν
1312 2420 1390 2446 πλείω
1416 2418 1444 2445 ἐκ
1467 2423 1517 2445 τῶν
1543 2420 1615 2456 ἱερῶν
1646 2417 1753 2444 Βιϐλίων
1773 2417 1883 2444 ἐπισυν-

1082 2468 1180 2504 αγάγῃ,
1214 2467 1261 2497 τὰς
1287 2469 1336 2492 τῶν
1364 2464 1501 2501 Ἀρμενίων
1526 2465 1639 2501 αἱρέσεις
1660 2465 1881 2502 καταστρέφοντα,

1080 2513 1126 2539 καὶ
1144 2513 1190 2542 τὰς
1204 2510 1345 2540 ἁντιθέσεες
1359 2510 1442 2536 αὐτῶν
1459 2507 1639 2546 διελέγχοντα.
