1917 3073
211 103 221 130 4
227 105 261 131 07

876 91 1011 120 NlCET/E
1033 89 1217 120 ΒΗΟΝΙΔΤᾸΞ

1839 93 1894 118 108

209 171 286 193 sum.
303 165 337 191 At
349 162 428 190 enim
442 159 581 188 homines
590 161 824 193 transgressores
835 155 974 183 dixerunt
984 159 1032 180 me

1113 153 1174 184 λεώς
1187 163 1242 189 μοι,
1261 156 1339 190 Κύριε
1353 165 1358 169 ~
1374 155 1406 179 σύ
1420 151 1496 182 οἶδας
1506 153 1546 178 ὃτι
1559 152 1605 178 οὐκ
1620 151 1701 184 εἶπον,
1712 151 1773 179 add":
1787 153 1894 190 ὑπερη-

209 209 250 238 ita
261 208 407 238 locutum,
423 206 452 233 et
463 211 511 232 me
526 202 699 232 calumniati
713 203 793 234 sunt,
816 201 906 236 hique
933 199 964 226 in
990 205 1032 225 er-

208 260 276 281 rore
290 252 458 279 versantur.
485 247 719 284 Responditque,
746 245 853 282 inquit,
878 243 918 272 illi
932 243 1031 270 Deus:

211 297 277 325 Scio
292 298 320 324 te
330 295 411 323 hunc
421 298 593 321 sermonem
608 299 669 319 non
694 298 759 318 esse
782 288 925 317 locutum.
954 284 1034 314 Alia-

210 348 269 378 que
284 339 379 368 multa
394 339 599 366 monstrorum
614 335 732 368 similia,
749 334 872 369 risuque
895 332 988 368 digna
1002 330 1034 359 in

211 375 246 413 eo
260 384 337 413 libro
352 382 496 416 scribens,
509 381 575 408 haec
590 388 608 408 α
621 381 680 408 Deo
702 379 742 408 ad
768 386 799 406 se
823 376 955 406 demissa
969 375 1033 411 glo-

211 429 314 458 riatur.

247 531 273 557 3.
290 527 381 556 Nobis
395 533 468 554 vero
480 521 837 559 rogantibus,0uodnam
849 522 894 548 est
904 521 1034 547 testimo-

212 573 295 602 nium
311 572 389 600 dataa
403 570 461 607 ipsi
476 577 494 598 a
509 570 569 597 Deo
586 567 739 604 scripturae
749 567 763 594 ?
778 565 822 593 vel
831 564 899 600 quis
911 563 1035 599 prophe‘

213 620 244 646 ta
257 616 338 644 hunc
348 616 551 643 surrecturum
565 612 744 649 prophetam
769 608 931 646 praedixit?
955 607 1037 634 insu-

213 668 326 698 perque
341 658 520 689 dicentibus,
536 658 665 692 Moysem
682 654 713 682 in
742 654 812 682 Sina
834 654 945 685 monte,
969 651 1037 679 uni-

214 696 300 734 verso
314 705 466 742 spectante
478 701 602 739 populo,
626 701 656 728 in
684 699 776 732 nube,
802 698 883 733 igne,
909 696 1038 724 tenebris

214 748 405 787 procellaque
420 748 584 783 apparente
599 746 668 777 Deo,
681 744 779 778 legem
789 741 936 776 recepisse
949 750 955 773 ;
972 747 1039 776 pro-

213 784 381 832 phetasque
393 798 500 820 omnes
515 798 533 818 α
548 791 646 825 Moyse
661 791 689 816 et
709 787 852 822 deinceps
867 785 906 813 de
933 784 1037 812 Christi

215 826 346 868 adventu
359 836 549 867 vaticinatus,
561 834 623 862 [ore
637 833 746 862 scilicet
766 834 798 859 ut
826 832 903 858 Deus
928 830 1038 865 Deique
1053 826 1075 852 B

215 884 304 912 Filius
318 883 491 910 incarnatus
506 878 667 910 adveniret,
686 876 916 910 cruciﬁgeretur,
942 881 1038 902 more-

215 931 296 956 retur
314 929 404 963 atque
415 925 593 959 resurgeret,
604 928 734 957 eumque
758 920 891 955 judicem
919 926 984 946 esse
1000 917 1039 945 vi-

215 980 324 1001 vorum
338 979 374 999 ac
393 971 581 997 mortuorum
595 976 601 998 ;
618 973 689 994 mox
702 963 802 993 adhuc
829 963 917 991 nobis
941 962 1039 990 dicere

216 1015 428 1054 pergentibus:
446 1014 503 1041 Cur
517 1019 578 1040 non
588 1012 631 1039 ita
640 1010 786 1046 propheta
797 1011 894 1036 vester
907 1007 1038 1040 advenit,

215 1052 249 1090 ut
260 1061 358 1090 caeteri
383 1059 421 1087 de
447 1066 482 1086 co
497 1056 595 1085 testati
617 1057 706 1083 antea
729 1054 854 1081 {vissent
868 1053 882 1080 ?
903 1052 955 1080 sed
984 1059 1039 1079 nec

217 1105 359 1134 omnibus
389 1103 476 1132 vobis
510 1100 712 1134 cernentibus,
741 1101 774 1126 ut
800 1098 900 1133 Moysi,
925 1097 1039 1133 populo

216 1153 325 1179 cuncto
341 1150 506 1184 spectante,
521 1147 550 1173 et
563 1145 698 1173 fumante
723 1146 823 1170 monte
850 1142 946 1176 legem
960 1141 1039 1168 Deus

215 1194 307 1227 dedit,
323 1191 489 1222 Mohamedi
498 1197 620 1226 quoque
632 1190 761 1216 vestram
773 1187 853 1214 hanc
862 1186 1040 1221 scripturam

215 1238 428 1269 contraditum,
452 1237 483 1263 ut
502 1243 558 1263 vos
580 1240 702 1270 quoque
719 1232 916 1259 fundamento
937 1230 1040 1266 aliquo

214 1282 382 1313 niteremini
392 1283 406 1309 ‘2
421 1280 523 1313 Nobis,
535 1279 670 1315 inquam,
685 1278 725 1305 ita
736 1276 905 1304 dicentibus
914 1275 1040 1309 Agareni

214 1327 409 1364 respondent,
424 1331 626 1361 quaecumque
647 1322 719 1355 vult,
746 1322 838 1348 Deum
858 1320 965 1347 facere.
989 1321 1039 1347 Re-

215 1371 398 1410 plicantibus
430 1369 541 1398 nobis:
562 1367 706 1403 Equidem
732 1365 763 1393 id
794 1364 888 1401 probe
916 1364 1038 1396 scimus,

215 1408 381 1455 querimus
394 1417 496 1443 tamen
508 1411 664 1449 quomodo
680 1411 827 1446 scriptura
845 1409 884 1437 ad
910 1408 1040 1445 prephe-

216 1453 279 1492 tam
290 1463 426 1489 vestrum
438 1457 573 1487 venerit?
596 1455 789 1492 respondent,
814 1463 849 1482 eo
873 1453 1039 1481 dormiente

1089 203 1157 233 φανῶ
1171 198 1235 224 εἶναι
1250 197 1343 229 δοῦλός
1358 207 1405 223 σου
1418 208 1424 214 ~
1441 196 1494 223 ἀλλ’
1508 197 1532 223 οἱ.
1547 197 1679 233 ἅνθρωποι
1694 198 1719 223 οἱ
1732 197 1895 234 παραϐάται

1087 241 1203 278 ἷγραῲαν
1219 243 1257 268 ὅτι
1272 241 1341 268 εἷπον
1352 244 1395 267 τὸν
1412 242 1486 276 λόγον
1500 244 1654 273 τούτον,καὶ
1669 240 1812 277 ἐψεύσαντο
1829 241 1893 267 κατ’

1087 285 1159 322 ἐμοῦ,
1175 289 1220 312 καί
1235 287 1286 313 εἰσι
1299 287 1497 322 πεπλανημένοι.
1507 288 1557 312 Καὶ
1566 284 1703 321 ἀπεκρίθη.
1712 288 1802 322 φησὶν,
1815 286 1894 320 αὐτῳ

1088 331 1101 356 ό
1115 333 1179 362 Θεός
1194 342 1199 347 ·
1217 330 1287 358 Οἶδα
1299 332 1339 357 ὅτι
1356 331 1388 356 σύ
1403 331 1450 356 οὒκ
1465 330 1503 365 (4)
1518 329 1602 366 ἔλεγες
1626 331 1669 356 τὸν
1690 330 1763 365 λόγον
1783 335 1894 356 τοῦτον.

1090 375 1141 401 Καὶ
1157 375 1220 402 ἄλλα
1231 375 1314 402 πολλὰ
1328 374 1502 412 τερατολογῶν
1519 374 1542 400 ἐν
1557 378 1588 410 τῇ
1612 376 1720 410 τοιαύτῃ
1747 378 1892 412 συγγραφῇ

1088 419 1200 455 γέλωτος
1213 420 1283 456 ἄξια,
1301 423 1385 446 ταῦτα
1398 420 1470 456 παρὰ
1491 422 1536 444 τοῦ
1558 422 1624 445 Θεοῦ
1640 418 1678 444 ἐπ’
1694 418 1771 444 αὑτὸν
1787 428 1895 444 κατενε-

1089 464 1189 500 χθῆναι
1200 465 1365 501 φρυάττιται.

1124 518 1157 553 γ’.
1172 518 1257 554 Ἦμῶν
1273 516 1303 544 δὲ
1323 517 1456 554 λεγόντων,
1485 519 1534 543 Καὶ
1556 519 1594 547 τίς
1617 516 1687 542 ἐστιν
1711 517 1724 542 ό
1749 522 1896 554 μαρτυρῶν

1090 564 1130 589 ὅτι
1156 563 1228 598 αὐτῷ
1250 565 1353 600 γραφὴν
1382 560 1495 588 δέδωκεν
1522 562 1535 587 ό
1551 565 1634 594 Θεος;
1659 562 1674 590 ἡ
1690 564 1729 592 τίς
1754 566 1805 586 τῶν
1827 571 1897 597 προ-

1091 612 1176 644 φητῶν
1189 611 1308 644 προεῖπεν
1323 608 1361 633 ὃτι
1385 610 1501 637 τοιοῦτος
1523 606 1658 631 ἀνίσταται
1670 609 1807 643 προφήτης
1822 615 1830 639 ;
1848 608 1898 631 καὶ

1091 653 1193 683 τούτοις
1221 650 1296 682 αὖθις
1323 651 1492 688 ἐπιφερόντων
1518 651 1558 676 ὃτι
1584 651 1596 676 ὁ
1623 653 1739 681 Μωυσῆς
1763 652 1833 676 κατὰ
1864 652 1897 676 τό

1093 699 1154 722 Σινᾶ
1181 698 1237 732 ὁρος
1261 695 1300 722 ἐπ’
1326 695 1384 730 ὄψει
1408 696 1503 725 παντὸς
1529 698 1574 721 τοῦ
1600 694 1663 720 λαοῦ
1688 695 1714 720 ἐν
1742 694 1831 731 νεφέλη
1849 697 1899 720 καὶ

1092 743 1156 778 πυρὶ
1177 744 1222 767 καὶ
1240 743 1326 776 γνόφῳ
1347 742 1391 766 καὶ
1414 739 1503 775 θυέλλῃ
1525 741 1645 775 φανέντος
1668 743 1713 764 τοῦ
1738 743 1807 765 Θεοῦ
1832 737 1897 765 ἐδέ-

1094 785 1154 816 ξατο
1183 787 1226 810 τόν
1250 787 1336 820 νόμον,
1361 786 1406 810 καὶ
1436 784 1476 809 ὅτι
1504 784 1597 813 πάντες
1625 784 1649 809 οὶ
1677 788 1809 819 προφῆται
1842 782 1897 808 ἀπὸ

1094 832 1223 859 Μωυσέως
1244 831 1290 855 καὶ
1308 829 1420 859 καθεξῆς
1442 827 1578 864 ἀρξάμενοι
1605 830 1663 864 μερὶ
1687 832 1733 858 τῆς
1754 831 1800 853 τοῦ
1828 831 1897 863 Χρι-

1095 877 1158 899 στοῦ
1186 876 1332 910 παρουσίας
1358 874 1554 910 προηγόρευσαν
1578 872 1610 901 ὡς
1626 874 1690 902 Θεὸς
1705 872 1738 897 ὢν
1756 874 1800 897 καὶ
1823 875 1897 898 Θεοῦ

1095 919 1153 948 Υἱὸς
1179 919 1354 956 σαρκούμενος
1382 917 1449 951 ἣξει,
1477 919 1522 942 καὶ.
1546 918 1763 953 παυρωθὴσεται
1778 919 1823 942 καὶ
1847 917 1896 942 6a-

1093 964 1273 992 νατωθήσεται
1297 965 1341 988 καὶ
1366 961 1554 992 ἀναστήσεται,
1570 963 1615 986 καὶ
1639 961 1679 987 ὁτι
1703 963 1793 997 κριτὴς
1818 959 1894 990 οὗτος

1095 1008 1196 1038 ζώντων
1220 1010 1265 1033 καὶ
1292 1011 1386 1043 νεκρῶν
1420 1006 1490 1032 ἐστιν
1512 1017 1518 1022 ·
1547 1005 1601 1032 εἶτα
1632 1007 1823 1043 προστιθέιτων
1854 1007 1895 1031 ὅτι

1095 1056 1153 1083 “rb;
1171 1052 1224 1088 οὐχ
1245 1053 1327 1082 οὕτως
1346 1049 1420 1079 ἦλθεν
1436 1051 1449 1076 ὁ
1469 1053 1601 1088 προφήτης
1623 1051 1706 1086 ὑμῶν,
1729 1050 1810 1076 ἄλλων
1826 1060 1894 1086 μαρ-

1094 1097 1238 1133 τυρούντων
1251 1098 1310 1132 περί
1325 1095 1422 1129 adfati;
1439 1095 1492 1121 ἀλλ’
1509 1093 1570 1120 οὐδὲ
1592 1096 1695 1120 πάντων
1718 1095 1789 1130 ὑμῶν
1813 1095 1895 1131 ὁρων-

1094 1152 1143 1167 των
1168 1141 1180 1167 ὁ
1209 1143 1285 1174 Θεὸς,
1312 1142 1347 1172 ὡς
1371 1144 1407 1175 τῷ
1431 1143 1539 1166 Μωυσεῖ
1563 1139 1702 1176 βλέποντος
1721 1141 1817 1169 παντὸς
1847 1143 1894 1164 τοῦ

1093 1186 1157 1212 λαοῦ
1183 1188 1228 1212 καὶ
1252 1185 1440 1221 καπνιζομένου
1466 1187 1513 1210 τοῦ
1532 1185 1607 1221 ὅρους
1632 1181 1731 1210 δέδωκε
1744 1185 1787 1210 τὸν
1799 1186 1894 1220 νόμον,

1094 1232 1203 1266 κάκείνῳ
1227 1232 1273 1259 τὴν
1305 1231 1404 1266 γραφὴν
1439 1230 1469 1258 ἦν
1507 1238 1569 1264 φατε
1597 1230 1739 1265 παρέσχεν,
1770 1229 1811 1254 ἱνα
1847 1231 1895 1254 καὶ

1094 1277 1164 1311 ὑμεῖς
1196 1277 1225 1300 τὸ
1260 1274 1364 1310 βέϐαιον
1385 1275 1463 1309 ἔχητε
1484 1282 1491 1307 ;
1520 1272 1702 1309 ἀποκρίνονται
1729 1273 1767 1299 ὅτι
1792 1273 1805 1298 ό
1826 1276 1894 1303 Θεὸς

1094 1321 1143 1346 ὅσοι
1163 1319 1228 1345 θέλει
1256 1322 1332 1345 ποιεῖ.
1355 1320 1488 1353 Λεγόντων
1511 1316 1541 1344 δὲ
1566 1319 1639 1353 ἡμῶν
1667 1318 1706 1343 ὅτι
1734 1320 1817 1343 Τοῦτο
1846 1320 1892 1343 καὶ

1094 1367 1168 1400 ἡμεῖς
1196 1362 1312 1398 οἴδαμεν,
1342 1362 1525 1400 ἀποκρίνονται
1552 1363 1594 1388 ὃτι
1618 1361 1644 1388 ἕν
1676 1363 1730 1398 ὅσῳ
1756 1361 1892 1398 ἐκοιμᾶτο,

1093 1408 1189 1438 κατέϐη
1214 1409 1229 1437 ἠ
1257 1410 1346 1444 γραφὴ
1371 1407 1455 1433 ἐπάνω
1483 1407 1564 1433 αὐτοῦ
1580 1417 1588 1423 ·
1616 1409 1660 1432 καὶ
1681 1408 1716 1432 Τὸ
1741 1405 1891 1442 γελοιῶδες,

1093 1453 1198 1490 λέγομεν
1219 1455 1295 1489 ἡμεῖς
1323 1454 1388 1490 πρὸς
1413 1451 1516 1484 αὐτοὺς,
1547 1452 1598 1484 ὅτιγ
1623 1449 1714 1479 ἐπειδὴ
1734 1453 1893 1487 κοιμώμενος

215 1507 395 1543 scripturam
410 1503 540 1539 desuper
551 1501 577 1530 ei
589 1501 741 1530 traditam.
756 1499 845 1535 Atqui
858 1499 914 1525 hoc
928 1498 1038 1526 ridicu-

1113 1497 1200 1530 ῗέξατο
1219 1500 1267 1527 τὴν
1288 1499 1401 1534 γραφὴν,
1422 1499 1466 1522 καὶ
1486 1496 1533 1522 οὐκ
1558 1496 1653 1532 ᾔσθετο
1682 1499 1726 1525 τῆς
1754 1495 1892 1531 ἐνεργείας,

215 1542 280 1580 lum
289 1551 343 1585 est,
357 1547 578 1585 respondemus
595 1555 601 1579 ;
620 1547 649 1573 et
659 1545 732 1581 quia
746 1543 899 1572 dormiens
912 1542 1038 1578 scriptu-

214 1604 281 1625 ram
290 1594 410 1630 recepit,
418 1599 516 1628 neque
525 1591 590 1626 eius
601 1590 644 1618 rei
655 1597 779 1617 sensum
789 1587 905 1620 habuit,
912 1586 1039 1623 popule-

214 1640 282 1670 rein
290 1647 326 1668 eo
332 1637 527 1675 proverbium
534 1634 716 1671 completum
726 1633 790 1661 fuit.
798 1631 1038 1667 Cumquedenuo

214 1685 255 1713 ab
265 1685 301 1713 iis
313 1683 509 1715 sciscitamnr,
525 1680 583 1708 Cur
592 1678 766 1708 Mohamede
777 1676 860 1704 vobis
875 1675 1039 1704 mandante

214 1729 308 1758 inhnc
318 1729 419 1756 vestra
427 1726 583 1761 scriptura,
596 1722 707 1759 nequid
717 1721 832 1750 faciatis
841 1723 892 1748 aut
903 1719 1039 1748 admitta-

216 1773 252 1802 tis
263 1773 378 1808 absque
389 1770 596 1803 testibus,cur,
606 1767 810 1803 inquam,non
821 1765 848 1793 ei
858 1764 992 1792 dixistis:
1005 1765 1040 1792 At

216 1819 248 1845 tu
259 1816 341 1853 prior
354 1814 481 1843 testibus
493 1811 631 1849 approba
643 1814 670 1839 te
680 1818 747 1838 esse
766 1809 954 1846 prophetam,
979 1810 1008 1836 et
1022 1816 1040 1836 δ,

217 1852 276 1889 Deo
290 1859 391 1888 venire
403 1859 417 1886 ἵ
429 1860 458 1886 et
472 1864 613 1894 quaenam
628 1855 774 1890 scriptura
785 1854 823 1881 de
839 1856 865 1881 te
894 1855 1016 1881 testetur
1026 1852 1040 1880 ?

216 1907 287 1932 tunc
301 1902 416 1940 pudore
432 1900 537 1929 suﬁusi
549 1900 647 1928 silent.
657 1900 714 1927 Nos
726 1900 827 1926 autem
838 1898 904 1933 jure
921 1896 1040 1924 merito-

216 1957 276 1987 que
287 1949 345 1977 illis
358 1948 488 1976 dicimus
502 1954 509 1974 :
529 1943 677 1978 Quoniam
698 1951 819 1971 uxorem
834 1942 943 1970 ducere
958 1941 1041 1970 haud

216 1995 284 2024 licet
293 1994 409 2030 absque
423 1991 562 2025 testibus,
587 1997 685 2026 neque
699 1987 835 2021 mercari,
851 1995 948 2023 neque
962 1995 1041 2014 eme-

216 2048 259 2076 re,
269 2041 299 2068 et
312 2047 350 2067 ne
363 2038 483 2067 asinum
494 2035 617 2073 quidem
626 2036 676 2062 aut
685 2033 832 2069 praedium
843 2032 907 2060 sine
917 2031 1042 2059 testibus

217 2083 392 2122 adquiritis;
410 2082 462 2111 sed
477 2088 595 2111 uxores,
609 2081 637 2107 et
649 2078 772 2114 praedia,
789 2079 817 2105 et
831 2077 941 2109 asinos,
956 2081 984 2104 et
997 2083 1043 2103 re-

216 2120 310 2167 liqua,
324 2126 524 2165 prmeentibus
536 2123 662 2152 testibus
677 2122 809 2158 mancipi
821 2121 948 2155 habetis,
965 2120 1043 2149 male

1094 1543 1130 1573 si;
1155 1542 1234 1568 αὐτὸν
1258 1540 1394 1577 ἐπληρώθη
1422 1542 1452 1566 τὸ
1484 1544 1530 1570 τῆς
1565 1537 1709 1576 δημώδους
1739 1542 1891 1575 παροιμίας.

1095 1587 1175 1614 Πάλιν
1204 1587 1278 1622 ἡμῶν
1313 1585 1472 1622 ἐρωτώντων,
1506 1588 1564 1615 Πῶς
1601 1584 1681 1610 αὐτοῦ
1717 1583 1893 1620 ἐντειλαμένου

1092 1631 1154 1667 ὑμῖν
1168 1630 1194 1657 ἐν
1213 1634 1244 1666 τῇ
1260 1633 1347 1666 γραφῇ
1362 1630 1432 1665 ὑμῶν
1457 1627 1540 1665 μηδὲν
1553 1631 1635 1654 ποιεῖν
1655 1629 1669 1658 ἡ
1686 1626 1816 1664 δέχεσθαι
1831 1629 1893 1654 ἄνευ

1093 1677 1239 1713 μαρτύρων,
1266 1674 1313 1700 οὐκ
1334 1675 1422 1704 εἴπατε
1448 1673 1518 1709 αὐτῷ
1537 1674 1578 1699 ὅτι
1602 1677 1706 1709 Πρῶτος
1732 1672 1807 1702 αὐτὸς
1828 1672 1892 1698 ἀπό-

1094 1719 1178 1751 δειξον
1198 1718 1245 1746 διὰ
1263 1720 1402 1756 μαρτύρων
1420 1719 1454 1748 ὡς
1471 1721 1605 1754 προφήτης
1630 1715 1662 1751 εἴ,
1686 1719 1732 1743 καὶ
1752 1716 1803 1742 ἀπὸ
1823 1721 1892 1744 Θεοῦ

1094 1765 1205 1796 ἐξῆλθες.
1225 1766 1270 1790 καὶ
1289 1766 1352 1790 ποία
1378 1765 1465 1800 γραφὴ
1495 1765 1623 1800 μαρτυρεῖ
1648 1765 1707 1799 περὶ
1737 1765 1807 1794 soi);
1830 1770 1892 1787 σιω-

1094 1813 1178 1835 πῶσιν
1198 1807 1359 1844 αἰδούμενοι.
1380 1809 1449 1844 Πρός
1468 1807 1512 1837 οὓς
1532 1806 1643 1842 εὐλόγως
1662 1807 1752 1842 φαμὲν,
1782 1805 1890 1835 Ἐπειδῂ

1094 1857 1206 1889 γυναῖκα
1232 1857 1318 1888 γῆμαι
1344 1852 1391 1878 οὐκ
1425 1851 1523 1882 ἔξεστιν
1558 1852 1618 1877 οῖνευ
1651 1852 1797 1887 μαρτύρων,
1831 1849 1894 1876 οὐδὲ

1096 1897 1243 1934 ἀγοράζειν,
1264 1895 1325 1923 οὖδέ
1351 1897 1476 1934 χρᾶσθαι,
1497 1896 1555 1922 οὔτε
1575 1894 1604 1921 δε
1623 1896 1694 1931 ὑμεῖς
1721 1894 1795 1920 αὐτοὶ
1814 1905 1895 1920 κατα-

1097 1941 1210 1978 δέχεσθε
1234 1944 1289 1967 ὄνον
1318 1941 1332 1970 ἦ
1360 1944 1449 1976 κτῇμα
1477 1939 1624 1977 ἀμάρτυρον
1652 1941 1723 1973 ὄντα,
1757 1938 1822 1964 ἀλλὰ
1849 1943 1896 1965 καὶ

1096 1990 1219 2023 γυναῖκας
1248 1988 1292 2011 καὶ
1311 1988 1434 2021 κτήματα
1460 1987 1503 2010 καὶ
1523 1986 1594 2014 duou;
1623 1986 1666 2009 xuii
1695 1985 1729 2009 τὰ
1755 1984 1833 2009 λοιπά
1847 1982 1896 2009 διὰ

1097 2033 1235 2068 μαρτύρων
1254 2030 1361 2064 κτᾶσθε,
1382 2033 1467 2059 κακῶς
1488 2029 1540 2065 ἄρα
1559 2031 1638 2064 μόνην
1667 2030 1713 2056 τὴν
1742 2029 1830 2053 πίστιν
1850 2031 1897 2054 καὶ

1097 2078 1144 2106 τὴν
1163 2077 1265 2113 γραφὴν
1291 2074 1439 2111 ἀμάρτυρον
1466 2075 1540 2109 ἔχετε
1557 2083 1563 2089 ·
1591 2073 1603 2098 ό
1628 2074 1678 2109 γὰρ
1707 2075 1804 2101 ταυτην
1835 2073 1896 2108 ὑμῖν

1097 2118 1233 2157 παραδοὺς
1259 2117 1402 2155 οὐδαμόθεν
1423 2119 1480 2154 ἔχει
1498 2119 1527 2143 τὸ
1547 2117 1651 2154 βέϐαιον
1668 2127 1674 2133 ·
1696 2114 1758 2143 οὐδὲ
1772 2127 1812 2147 τις
1829 2127 1896 2153 προ-

217 2159 350 2211 profecto
363 2171 460 2199 solam
474 2169 565 2198 ﬁdem
576 2171 666 2204 atque
677 2167 858 2203 scripturam
871 2165 1038 2193 intestatam

1113 2166 1197 2201 ,ἀρτυς
1213 2164 1293 2190 αὐτοῦ
1320 2165 1486 2200 γνωρίζεται,
1509 2161 1571 2188 ἀλλὰ
1597 2164 1754 2198 κοιμώμενος
1783 2159 1891 2192 ἐδέξατο

217 2210 340 2247 tenetis:
358 2224 430 2245 nam
457 2214 509 2251 qui
524 2213 604 2242 hanc
618 2212 706 2240 vobis
735 2210 866 2245 tradidit,
889 2217 1042 2246 nusquam

217 2262 309 2292 habet
322 2260 520 2289 ﬁrmitatem:
547 2265 646 2294 neque
669 2256 746 2284 ullus
772 2255 854 2283 testis
879 2254 1042 2291 praecessit,

219 2308 271 2336 sed
283 2306 394 2334 librum
407 2303 561 2332 dormiens
577 2301 767 2330 Mohamedes
783 2300 903 2336 recepit.

252 2353 280 2379 4.
297 2349 455 2387 Appellant
469 2355 539 2376 vero
554 2355 610 2376 nos
626 2346 819 2377 associantes,
836 2344 907 2380 quia
923 2344 992 2376 Deo,
1011 2344 1043 2371 ut

219 2397 312 2431 aiunt,
330 2394 447 2423 socium
467 2391 674 2429 adjungimus,
699 2390 772 2417 dum
797 2389 946 2416 Christum
969 2388 1042 2416 dici-

219 2448 287 2470 mus
297 2440 348 2468 Dei
364 2439 468 2467 Filium
480 2445 515 2466 ac
526 2438 630 2464 Deum.
643 2434 757 2467 Quibus
768 2433 998 2469 respondemus,
1011 2432 1043 2460 id

218 2486 329 2515 scilicet
343 2492 362 2512 a.
374 2483 526 2519 Scriptura
539 2488 625 2509 sacra
649 2478 860 2516 prophetisque
874 2477 1015 2505 traditum
1033 2485 1040 2504 :

220 2537 336 2567 vosque
360 2528 429 2564 ipsi,
455 2529 488 2556 ut
520 2527 598 2554 certe
631 2523 796 2553 afﬁrmatis.
828 2522 1043 2558 prophetarum

220 2566 428 2604 auctoritatem
460 2569 626 2600 admittitis.
647 2568 676 2596 Si
698 2575 769 2603 ergo
793 2575 884 2603 prave
912 2566 1042 2594 dicimus

220 2620 370 2648 Christum
385 2617 436 2646 Dei
452 2616 567 2647 Filium,
582 2620 676 2650 prave
690 2613 794 2648 utique
808 2611 850 2640 iiii
877 2611 1044 2640 docuerunt

1097 2211 1203 2238 ταύτην.

1133 2339 1165 2369 δ’.
1185 2340 1300 2368 Καλοῦσι
1316 2338 1345 2367 δὲ
1365 2340 1427 2376 ἐμᾶς
1443 2338 1619 2376 ἑταιριαστὰς,
1636 2340 1686 2374 ὅτι,
1711 2341 1800 2375 φασιν,
1827 2339 1897 2365 ἑταῖ-

1097 2397 1140 2424 ρον
1165 2390 1200 2421 τῲ
1228 2389 1284 2421 Θεῷ
1312 2386 1512 2422 παρεισάγομεν,
1544 2384 1659 2419 λέγοντες
1683 2382 1747 2409 εἶναι
1773 2385 1817 2409 τόν
1834 2387 1896 2421 Χρι-

1099 2433 1159 2457 στὸν
1182 2432 1240 2457 Υὶὸν
1266 2434 1310 2456 τοῦ
1335 2433 1402 2456 Θεοῦ
1429 2431 1473 2455 καὶ
1489 2431 1563 2456 Θεόν.
1580 2430 1647 2465 Πρὸς
1673 2428 1715 2458 οὖς
1738 2438 1830 2465 φαμεν,
1856 2429 1896 2454 ὃτι

1097 2478 1179 2501 Τοῦτο
1198 2476 1213 2504 ἡ
1248 2476 1316 2511 ραφὴ
1347 2476 1391 2500 καὶ
1421 2474 1445 2499 οἱ
1476 2477 1608 2510 προφῆται
1643 2470 1867 2508 παραδεδώκασιν
1888 2483 1894 2489 -

1098 2521 1171 2556 ὑμεῖς
1192 2517 1231 2553 δὲ,
1251 2520 1285 2549 ὡς
1305 2516 1523 2554 διισχυρίζεσθε,
1540 2519 1600 2547 τοὺς
1620 2519 1752 2554 προφήτας
1772 2514 1893 2552 δέχεσθε.

1098 2565 1128 2592 Εἰ
1147 2563 1190 2590 οὖν
1210 2567 1296 2593 κακῶς
1314 2562 1420 2598 λέγομεν
1439 2564 1482 2587 τόν
1502 2563 1617 2598 Χριστόν
1637 2563 1696 2587 Υίόν
1716 2564 1795 2596 Θεοῦ,
1810 2562 1894 2592 κακῶς

1098 2610 1151 2646 ἄρα
1165 2609 1257 2635 ἐκεῖνοι
1281 2605 1406 2638 ἆδίδαξαν
1435 2608 1480 2633 καὶ
1499 2604 1655 2643 παρέδωκαν
1669 2606 1742 2642 ἡμῖν.
1761 2609 1812 2632 Καί
1830 2608 1893 2636 τινες

255 2719 296 2754 (4)
312 2720 354 2754 Ita
364 2714 620 2754 Cboniatascodex
629 2712 730 2742 denuo
743 2721 761 2742 ο,
773 2720 820 2740 me
832 2712 995 2745 inspectus.
1009 2710 1044 2737 At
1058 2709 1090 2738 in
1097 2706 1196 2743 Spicil.
1212 2709 1240 2735 ot
1249 2708 1328 2735 retro
1343 2713 1373 2741 p.
1387 2706 1450 2739 349,
1461 2712 1491 2733 n.
1503 2705 1530 2738 li,
1540 2703 1685 2732 mendose
1696 2703 1794 2733 fuerat
1803 2704 1890 2732 omis-

223 2750 415 2790 sa'p'articula
428 2751 567 2787 negativa
577 2750 637 2778 οὐχ.
