1917 3073
195 106 246 134 H9

853 103 877 131 Ν
879 101 993 133 ῙΟΕΤΛΕ
1017 99 1206 135 CHONIATE

1836 109 1887 140 120

193 167 345 197 ethnicum
372 172 444 195 vero
468 165 662 203 polytheismi
693 173 825 197 errorem
854 166 1020 201 sublatum,

1082 177 1123 198 της
1148 168 1272 196 πολυθεῖα
1296 168 1449 206 ἠφάνισται,
1480 171 1596 206 μαντεία,
1635 171 1686 198 καὶ
1727 175 1885 209 φαρμακεία,

193 211 409 241 divinationem
425 211 509 245 item,
526 214 554 240 et
566 212 711 247 magiam,
725 214 754 240 et
771 211 937 245 diabolicas
948 219 1022 247 prse-

194 257 298 292 stigias
311 255 416 292 procul
428 255 599 284 submotus.
613 257 784 293 Baptismus
793 264 864 285 vero
877 263 938 292 quo
952 255 1024 284 ado-

195 301 330 339 ptionem
343 301 572 337 consequimur,
597 301 625 330 et
652 301 830 337 redemptio,
851 303 940 337 atque
955 301 1024 328 cha-

195 347 354 377 rismatum
367 345 498 374 diribilio
512 346 628 374 cunctis
641 346 830 375 credentibus
845 347 1022 383 patuerunt;

197 399 217 420 ο,
226 390 298 419 solis
310 392 377 419 ortu
388 398 485 426 usque
508 390 548 418 ad
567 398 711 419 occasum
726 390 923 426 Evangelium
934 389 1024 419 diffu-

197 443 283 469 sum;
312 435 431 463 medius
449 435 589 464 maceriae
608 436 708 472 paries
733 436 864 472 antiquae
879 443 950 463 cum
964 436 1024 463 Deo

196 480 359 509 inimicitiae
379 479 559 515 destructus,
582 480 773 509 reconciliata
792 480 880 509 nobis
897 480 958 508 Deo
972 487 1026 516 per

198 526 264 561 ejus
275 524 339 553 Filii
354 525 599 553 intercessionem
612 534 619 559 ;
641 533 770 561 regnum
785 525 929 553 ccelorum
945 526 1026 561 pate-

197 569 451 606 factum,aliaque
466 569 561 598 multa.
575 569 646 598 data
658 570 833 598 hominibus
848 569 930 598 dona.
944 571 1023 605 sunt,

198 622 267 651 quae
282 614 435 650 sigillatim
450 622 689 643 commemorare
704 615 880 643 omittimus.

235 662 279 688 15.
300 659 373 688 Item
388 659 494 687 aiunt:
510 659 561 688 Vel
587 659 691 688 volens
715 659 848 688 Christus
866 658 1025 688 cruciﬁxus

198 705 264 739 fuit,
289 703 337 732 vel
360 704 486 733 nolens:
504 704 531 733 si
553 704 668 738 volens,
694 705 827 733 insontes
846 707 916 733 sunt
933 705 1026 733 cruci-

198 749 309 778 ﬁxores
325 758 331 777 :
350 749 374 777 si
388 757 460 777 vero
475 749 592 784 nolens,
617 749 647 778 id
670 750 697 777 ei
721 749 925 778 inﬁrmitatem
935 751 1025 786 atque

197 794 409 831 impotentiam
423 794 562 831 imputat.
574 796 664 823 Porro
677 803 734 823 nos
753 794 987 831 respondemus,
998 796 1027 822 et

1076 215 1121 239 καὶ
1148 211 1327 250 δαιμονιώδης
1357 216 1504 251 μαγγανεία
1520 213 1642 243 ἐκποδὼν
1672 217 1764 252 ᾤχετο
1778 225 1785 232 ·
1807 218 1876 244 υἰοθε

1079 259 1136 288 σίας
1158 256 1187 285 δὲ
1212 257 1364 295 βάπτισμα,
1386 261 1431 286 καὶ
1459 259 1654 298 ἀπολύτρωσις,
1687 263 1737 287 καί
1764 259 1888 298 διανομαί

1077 304 1253 339 χαρισμάτων
1282 306 1350 330 πᾶσι
1377 307 1432 335 τοῖς
1463 306 1642 332 πιστεύσασιν
1677 305 1886 337 thumum-

1077 346 1128 374 ἀπὸ
1155 347 1282 374 ἀνατολῶν
1311 348 1386 378 ἡλίου
1401 351 1483 386 μέχρι
1503 347 1612 386 δυσμῶν
1628 348 1749 380 διεδόθη
1766 352 1796 377 τὸ
1810 352 1888 388 Εὐαγ-

1077 391 1174 428 γέλιον·
1199 394 1230 419 τὸ
1253 396 1300 420 τοῦ
1329 397 1449 431 φραγμοῦ
1478 397 1526 425 τῆς
1551 394 1670 426 παλαιᾶς
1691 396 1796 433 ἔχθρας
1825 401 1889 423 Θεοῦ

1078 439 1123 463 καί
1143 436 1283 474 ἀνθρώπων
1311 441 1469 475 μεσότοιχον
1503 437 1667 472 διαλελυται,
1710 439 1889 478 κατα)λαγέν-

1078 491 1122 513 τος
1137 483 1199 518 ἡμῖν
1212 486 1258 509 τοῦ
1274 486 1340 510 Θεοῦ
1355 487 1387 520 τῇ
1407 482 1478 511 ἰδίου
1498 484 1560 511 Υἱοῡ
1575 486 1719 520 μεσιτείᾳ·
1738 488 1786 511 καί
1805 487 1820 515 ἡ
1841 490 1889 512 τῶν

1079 526 1193 563 οὐρανῶν
1217 526 1340 563 βασιλεία
1371 527 1506 563 ἀνέῳκται,
1543 530 1589 554 καί
1628 528 1700 555 ἀλλα
1727 528 1820 566 ἀγαθὰ
1841 534 1890 562 τοῖς

1079 569 1224 608 ἀνθρώποις
1250 573 1421 609 κεχάρισται,
1445 573 1479 598 ὧν
1507 574 1574 599 κατὰ
1605 575 1690 610 μέρος
1721 576 1889 610 μνημονιύειν

1078 618 1242 652 παρήκαμεν.

1116 660 1152 688 ιε’.
1169 659 1227 687 "Er:
1249 663 1327 697 φασίν
1355 663 1388 693 ὡς
1415 661 1492 689 θέλων
1510 663 1523 689 ὁ
1543 664 1665 700 Χριστὸς
1681 662 1854 702 ἱσταυρώθη,
1873 665 1886 694 ἣ

1079 707 1114 742 μὴ
1137 705 1228 732 θέλων·
1253 708 1298 732 καί
1328 706 1349 733 εὶ
1372 708 1417 743 μὲν
1435 706 1522 740 θέλων,
1542 706 1683 734 ἁνιύθυνοι
1711 709 1738 735 οἱ
1770 713 1887 746 σταυρώ-

1081 749 1184 781 σάντις⁸
1217 749 1238 777 εἰ
1265 748 1294 777 δὲ
1320 752 1356 787 μὴ
1383 750 1469 785 θέλων,
1495 750 1628 778 ἀσθένειαν
1656 751 1732 788 αὐτῷ
1754 756 1833 779 τοῦτο
1847 756 1888 779 καί

1080 793 1228 831 ἀδυναμίαν
1263 795 1409 831 περιάπτει.
1451 795 1662 833 Ἀποκρινόμεθα
1693 794 1741 823 οὖν
1778 798 1817 824 ὅτι
1846 801 1887 824 καί

198 839 350 868 volentem
373 839 524 868 Christum
548 839 726 868 cruciﬁxum
748 839 851 874 fuisse,
878 841 907 868 et
925 841 1022 867 tamen

1082 839 1158 866 θέλων
1186 838 1348 877 ἐσταύρωται
1367 840 1381 866 ὁ
1398 841 1524 876 Χριστὸς,
1540 843 1585 867 καί
1595 844 1644 873 τῆς
1671 841 1801 877 ὶσχάτης
1813 852 1886 868 κατα-

198 884 530 914 extremadamnatione
537 884 645 920 dignos
655 892 723 913 esse
732 884 931 913 cruciﬁxores.
940 884 1027 917 Quod

200 932 309 966 sponte
322 929 358 957 sit
372 937 495 966 passus,
509 929 641 958 ostendit
659 929 723 966 ipse
742 929 816 958 dum
829 931 896 958 ante
911 929 1026 965 passio-

197 982 269 1003 nem
296 974 554 1003 ait:Potestatem
582 974 674 1004 habeo
703 975 871 1010 deponendi
893 975 1026 1003 animam

197 1028 303 1052 meam,
324 1023 352 1049 et
364 1023 539 1055 potestatem
559 1020 652 1048 habeo
666 1021 775 1049 iterum
790 1020 928 1048 sumendi
940 1026 1027 1055 eam;

196 1068 226 1094 et
239 1073 325 1094 nemo
339 1072 404 1094 eam
417 1072 436 1093 a
450 1072 497 1093 me
511 1065 604 1100 tollit,
616 1065 668 1093 sed
677 1072 729 1100 ego
742 1064 858 1100 depono
870 1072 934 1093 eam
946 1072 964 1093 a
980 1072 1026 1093 me

196 1109 290 1145 ipso’.
312 1109 370 1138 Sed
390 1111 419 1138 et
447 1116 655 1145 sapenumero
678 1117 749 1137 cum
769 1109 800 1137 in
823 1117 893 1137 eum
915 1117 1024 1138 manus

196 1154 317 1190 injicere
330 1154 425 1182 Judaei
438 1153 558 1187 vellent,
574 1162 635 1182 non
651 1156 751 1183 tamen
768 1154 1024 1191 injecerunt,quia

194 1198 378 1235 praeﬁnitum
392 1198 544 1236 passionis
559 1201 680 1235 tempus
691 1198 828 1227 nondum
839 1199 952 1227 aderat.
960 1198 1023 1227 Pati

195 1245 297 1272 autem
320 1243 414 1272 voluit
427 1245 460 1271 ut
478 1245 606 1271 mortem
621 1243 796 1278 destrueret,
820 1243 963 1280 viamque
982 1243 1023 1271 ad

193 1287 445 1316 resurrectionem
467 1295 504 1315 ex
530 1287 656 1316 mortuis
675 1287 815 1316 muniret.
837 1288 893 1315 Cur
920 1290 1021 1316 autem

192 1332 235 1361 rei
249 1335 320 1362 sunt
341 1333 559 1361 cruciﬁxorcs?
583 1332 659 1366 Quia
677 1340 746 1360 cum
773 1332 871 1368 legem
895 1340 930 1361 ac
954 1340 1021 1369 pro-

192 1377 299 1414 phetas
322 1377 465 1412 legerent,
484 1377 536 1414 qui
560 1379 681 1413 tempus
705 1376 854 1405 adventus
866 1377 931 1413 ejus
945 1385 1021 1406 nun-

193 1421 320 1456 tiabant,
339 1429 402 1450 non
425 1421 523 1450 solum
552 1429 615 1450 non
640 1424 827 1457 agnoverunt
840 1422 941 1458 ipsum
955 1430 1020 1450 esse

192 1465 246 1502 qui
258 1466 297 1494 ob
317 1473 512 1495 communem
526 1465 655 1494 salutem
672 1468 804 1500 venerat,
819 1466 872 1494 sed
894 1468 923 1495 et
942 1466 1020 1495 mul-

1080 886 1192 922 κρίσιως
1211 885 1235 911 οἱ
1255 887 1404 922 σταυρωταὶ
1426 885 1505 916 ἄξιοι.
1540 885 1602 912 Ὀτι
1626 884 1660 912 δί
1685 886 1817 918 ἑκουσίως
1832 888 1886 913 ἔπα-

1082 929 1132 964 θεν,
1158 928 1236 960 αὐτὸς
1261 927 1342 960 ἔδειξε
1368 930 1418 966 πρὸ
1444 932 1489 955 τοῦ
1523 930 1614 956 παθεῖν
1645 930 1779 968 εἰρηκώς·
1805 931 1888 962 Ἐζου-

1081 975 1140 1000 σίαν
1168 974 1223 1009 ἔχω
1258 974 1338 1000 θεῖναι
1370 975 1417 1002 τὴν
1450 973 1543 1010 ψυχήν
1580 984 1643 1011 μου,

1080 1019 1134 1054 ἔχω
1167 1017 1243 1044 πάλιν
1264 1017 1349 1044 λαϐεῖν
1378 1018 1473 1048 αὐτὴν·
1508 1020 1552 1045 καί
1586 1017 1678 1051 οὐδείς
1707 1021 1778 1058 αῖριι
1811 1020 1885 1049 αὐτὴν

1080 1061 1125 1088 ἀπ’
1154 1061 1227 1099 ἐμοῦ,
1260 1061 1315 1089 ἀλλ’
1354 1061 1403 1098 ὶγὼ
1441 1064 1534 1099 τίθημι
1567 1063 1650 1093 αὐτὴν
1686 1063 1735 1090 ἀπ’
1765 1063 1882 1100 ὶμαυτοῦ.

1081 1106 1158 1133 Ἀλλὰ
1178 1109 1223 1133 καί
1251 1107 1375 1138 πολλάκις
1401 1106 1569 1143 βουληθέντες
1596 1107 1669 1143 αὐτῷ
1685 1112 1784 1146 χεῖρας
1801 1108 1882 1135 ἐπιϐα-

1077 1151 1128 1178 λεῖν
1160 1149 1296 1186 Ἰουδαῖοι,
1324 1151 1370 1178 οὐκ
1399 1151 1529 1187 ἔπέϐαλον,
1548 1150 1594 1178 διὰ
1614 1154 1645 1178 τὸ
1671 1155 1756 1189 μήπω
1771 1154 1814 1179 τὸν
1825 1163 1881 1190 προ-

1077 1198 1218 1232 ωρισμένον
1244 1199 1289 1223 τοῦ
1319 1197 1418 1227 πάθους
1443 1196 1590 1225 ἕληλυθίναι
1628 1200 1735 1235 καιρόν.
1763 1198 1879 1227 Ἦθίλησῖ

1077 1239 1107 1267 δί
1120 1241 1211 1267 παθεῖν
1229 1241 1270 1267 ίνα
1290 1243 1446 1278 καταργήσῃ
1463 1242 1505 1267 τὸν
1527 1242 1646 1276 θάνατον,
1663 1245 1712 1269 καί
1731 1241 1873 1278 ὁδοποιήσῃ

1075 1287 1122 1315 τὴν
1142 1285 1169 1312 ἐκ
1194 1289 1288 1323 νεκρῶν
1315 1285 1470 1313 ἀνάστασιν.
1484 1289 1543 1318 Πῶς
1573 1285 1602 1313 δὲ
1625 1290 1839 1325 κατηγοροῦνται
1854 1288 1874 1312 οἱ

1076 1333 1240 1368 σταυρωταί;
1270 1329 1341 1365 Ὀτι,
1357 1332 1433 1367 νόμον
1459 1332 1505 1357 καί
1526 1333 1659 1367 προφήτας
1690 1331 1876 1368 ἁναγινώσιονυ

1075 1384 1126 1409 τις,
1154 1376 1197 1401 τὸν
1218 1376 1308 1411 καιρὸν
1331 1378 1377 1406 τῆς
1404 1375 1484 1401 αὑτοῦ
1508 1378 1657 1412 παρουσίας
1685 1375 1874 1413 προκαταγγέλ-

1074 1419 1172 1453 λοντας,
1200 1419 1229 1446 οὐ
1258 1421 1335 1456 μόνον
1354 1419 1401 1446 οὐκ
1427 1420 1542 1455 ἔγνωσαν
1571 1419 1648 1447 αὐτὸν
1676 1420 1744 1447 εἶναι
1771 1422 1814 1447 τὸν
1845 1419 1875 1450 εἰς

1074 1467 1163 1494 κοινὴν
1189 1467 1320 1502 σωτηρίαν
1349 1463 1498 1502 ἐρχόμενον,
1527 1464 1591 1492 ἀλλὰ
1618 1467 1667 1492 καί
1696 1465 1794 1497 πολλὰς
1814 1465 1873 1503 εὐερ-

1691 977 1739 1001 καὶ
1771 975 1884 1007 ἐξουσίαν

191 1512 293 1539 torum
300 1510 517 1539 beneﬁciorum
528 1512 682 1539 auctorem
691 1510 722 1540 in
733 1518 853 1540 crucem
864 1511 1019 1541 sublatum

1082 1510 1165 1543 γισίας
1176 1506 1367 1544 ἐπιδειξάμενον
1379 1507 1474 1535 ἀνεῖλον
1489 1511 1700 1546 σταυρώσαντις.

192 1555 408 1585 exstinxerunt.

230 1613 273 1639 t6.
294 1612 367 1638 Item
382 1610 467 1639 aiunt
480 1619 486 1639 :
501 1610 536 1640 Si
545 1611 721 1640 maledictus
732 1612 775 1639 est
785 1611 878 1639 omnis
889 1611 942 1646 qui
949 1618 1019 1645 pen-

193 1655 242 1683 det
258 1655 290 1683 in
304 1655 387 1690 ligno
400 1656 422 1688 ²,
450 1654 585 1683 sublatus
597 1658 699 1683 autem
713 1655 744 1683 in
757 1662 876 1683 crucem
890 1654 1021 1683 Christus

195 1706 318 1735 quoque
333 1698 397 1733 fuit,
410 1699 458 1726 hic
472 1699 584 1735 pariter
598 1699 776 1727 maledictus
791 1701 846 1727 est.
863 1698 1020 1732 Quomodo

195 1745 296 1771 autem
321 1751 339 1771 a
358 1742 518 1771 maledicto
544 1743 714 1771 benedictio
736 1743 881 1772 dabitur?
900 1743 957 1772 Sed
970 1751 1022 1771 au-

194 1787 281 1815 diunt
294 1794 312 1814 a
326 1786 415 1815 nobis
431 1795 438 1815 :
455 1787 538 1823 quod
555 1788 632 1815 Deus
645 1795 741 1824 quum
752 1789 841 1821 esset,
866 1787 961 1815 factus
977 1790 1022 1816 est

194 1832 318 1868 propter
327 1838 384 1859 nos
395 1831 499 1866 homo,
510 1833 538 1859 et
549 1831 739 1859 inﬁrmitates
752 1833 871 1860 nostras
882 1832 1021 1868 portavit,

195 1876 224 1904 et
237 1875 399 1910 languores
412 1875 541 1911 pertulit,
569 1877 598 1903 et
624 1877 752 1903 mortem
772 1876 910 1910 gustavit,
924 1878 957 1904 ut
967 1883 1022 1904 nos

195 1919 285 1948 morti
313 1927 349 1948 ac
377 1919 538 1947 maledicto
551 1919 748 1948 subtraheret.
765 1921 839 1948 Nam
865 1921 1021 1955 sententia,

197 1965 260 1999 Quo
275 1965 323 1994 die
338 1965 535 1998 ctmederz'tis,
551 1967 646 1993 morte
655 1965 824 1993 moriemini
833 1965 863 2001 ³;
877 1967 915 1999 et,
928 1966 1023 1994 Male-

196 2010 279 2039 dicta
289 2012 372 2038 terra
389 2010 420 2037 in
433 2009 571 2044 opem'bus
583 2009 642 2037 tuis
656 2009 677 2042 ‘,
693 2009 758 2037 haec
784 2009 911 2038 humani
929 2010 1023 2038 nostri

197 2055 316 2090 generis
326 2054 443 2090 punitio
458 2056 511 2082 est.
529 2054 576 2083 Sic
595 2053 686 2082 etiam
707 2053 878 2082 maledictio
893 2055 1024 2083 Christus

197 2099 294 2127 dictus
308 2099 372 2131 fuit,
387 2101 415 2126 et
428 2101 529 2127 tamen
548 2106 567 2127 a
590 2098 665 2135 legis
687 2098 894 2127 maledictione
907 2107 962 2127 nos
976 2107 1022 2128 re-

198 2143 300 2172 demit.
317 2144 351 2171 Et
365 2143 442 2171 sicut
467 2143 498 2170 in
524 2143 641 2171 Adamo
660 2150 767 2171 omnes
782 2143 892 2172 mortui
906 2152 1022 2178 sumus,

1112 1605 1156 1638 ις’.
1183 1605 1264 1632 Πάλιν
1290 1606 1424 1642 λέγουσιν·
1456 1606 1486 1633 Ei
1512 1605 1707 1645 ὶπικατοίρατος
1725 1609 1776 1638 πᾶς
1795 1607 1871 1643 ὀκρι-

1075 1652 1187 1688 μάμενος
1207 1650 1251 1676 ἐπί
1281 1650 1370 1685 ξύλου,
1400 1650 1533 1687 ἀνηρτήθη
1558 1650 1588 1678 δὴ
1601 1652 1673 1678 καίὸ
1688 1653 1808 1688 Χριστὸς
1833 1651 1870 1676 ἐπί

1077 1695 1162 1731 ξύλου,
1192 1695 1379 1732 ἕπικατάρατος
1407 1696 1459 1733 ἄρα
1485 1698 1531 1722 καί
1556 1696 1628 1727 οὗτος
1655 1696 1725 1725 ἐστι.
1748 1698 1799 1723 Καί
1823 1698 1870 1725 πῶς

1076 1739 1126 1766 ἀπὸ
1153 1743 1198 1766 τοῦ
1227 1739 1417 1776 ὶπικαταράτου
1440 1740 1544 1776 εὐλογία
1559 1739 1576 1767 δ
1578 1742 1624 1770 οθή
1630 1751 1723 1774 σεται;
1736 1741 1868 1768 Ἀκούουσι

1077 1783 1106 1812 δί
1135 1784 1160 1816 ἐξ
1181 1785 1264 1821 ἡμῶν,
1281 1786 1320 1811 ὅτι
1343 1785 1442 1821 Ὠσπερ
1469 1786 1481 1812 ό
1511 1787 1575 1818 Θεὸς
1590 1786 1624 1812 ὢν
1648 1788 1740 1822 γέγονε
1756 1784 1792 1812 δι’
1806 1785 1869 1820 ἡμᾶς

1076 1830 1222 1867 ἅνθρωπος,
1257 1832 1303 1856 καί
1332 1831 1379 1862 τὰς
1408 1829 1540 1861 ἀσθενείας
1569 1831 1642 1867 ἡμῶν
1670 1829 1728 1869 ἦρε,
1755 1832 1800 1856 καί
1827 1829 1868 1859 τὰς

1076 1877 1167 1906 νόσους
1193 1874 1332 1910 ἐϐάστασε,
1362 1877 1406 1901 καί
1437 1875 1547 1902 θανάτου
1571 1875 1708 1911 ἕγιύσατο,
1746 1875 1777 1901 ἶν’
1810 1875 1868 1909 ἡμᾶς

1076 1922 1121 1947 καί
1145 1923 1191 1947 τοῦ
1216 1921 1327 1946 θανάτου
1353 1922 1398 1946 καί
1423 1923 1470 1951 τῆς
1499 1920 1616 1957 κατάρας
1642 1919 1818 1957 ὶλςυθερὼσῃ·
1843 1919 1867 1944 τὸ

1076 1966 1138 2002 γὰρ,
1167 1968 1202 1991 Ἥ
1230 1963 1256 1991 δ’
1296 1964 1326 1990 ἂν
1357 1964 1443 2001 ἡμέρᾳ
1468 1965 1575 2001 φάγητε,
1607 1965 1710 2001 θανάτῳ
1743 1963 1868 1991 ἀποθανεῖ-

1078 2010 1133 2043 σθε,
1159 2011 1203 2035 καί
1231 2010 1271 2044 τὸ,
1310 2008 1512 2044 Ἐπικατάρατος
1544 2010 1559 2038 ἠ
1590 2013 1624 2045 γῆ
1654 2009 1679 2036 ἓν
1708 2013 1762 2040 τοῖς
1793 2009 1868 2044 ἧογοις

1079 2064 1137 2088 σου⁷
1163 2058 1212 2080 τῶν
1239 2053 1379 2092 ἀνθρώπων
1411 2054 1482 2090 ἡμῶν
1509 2052 1656 2090 ἐπιτίμιον·
1682 2054 1750 2081 οὕτω
1767 2054 1811 2079 καί
1828 2060 1866 2077 κα·

1077 2100 1145 2137 τάρα
1171 2101 1279 2133 ἤκουσε,
1298 2101 1344 2125 καί
1364 2102 1410 2130 τῆς
1437 2098 1464 2125 ἐκ
1489 2102 1534 2125 τοῦ
1556 2101 1636 2135 νόμου
1663 2100 1778 2136 κατάρας
1808 2098 1867 2133 ἡμᾶς

1077 2143 1236 2181 ἔξηγόρασι·
1259 2146 1305 2170 καί
1330 2145 1416 2181 ὥσπερ
1442 2143 1466 2169 ἐν
1488 2147 1524 2179 τῷ
1551 2142 1638 2180 ’Λδάμ
1661 2145 1753 2174 πάντες
1780 2141 1865 2168 ἀπιθά-

198 2187 240 2216 sic
255 2188 287 2216 in
302 2187 418 2216 Christo
432 2195 539 2216 omnes
550 2188 699 2216 vivemus.
722 2188 800 2216 Licet
819 2188 909 2216 etiam
925 2197 1022 2217 exem-

1082 2199 1160 2226 ιομεν,
1183 2189 1264 2220 οὕτως
1289 2187 1312 2214 ἰν
1345 2192 1381 2224 τῷ
1396 2192 1503 2223 Χριστῷ
1515 2188 1606 2219 πάντες
1622 2188 1748 2225 ζήσομεν,
1770 2186 1866 2217 ’Ἔξεστι

197 2232 249 2270 plo
262 2232 321 2261 hoc
335 2232 554 2261 demonstrare.
568 2234 602 2261 In
616 2233 735 2261 deserto
745 2235 896 2269 serpentes
906 2234 1022 2262 morde-

197 2277 273 2307 bant
287 2277 426 2306 Hebraeos
443 2286 450 2305 :
468 2278 615 2314 serpentis
635 2279 746 2313 autem,
770 2278 822 2314 qui
846 2277 918 2306 olim
933 2278 1023 2307 male-

198 2323 296 2351 dictus
311 2322 417 2356 fuerat,
440 2322 520 2351 facta.
544 2330 629 2351 (enea
654 2322 786 2358 imagine
801 2323 926 2359 Moyses,
940 2323 1022 2359 ligno

198 2375 266 2396 eam
282 2367 448 2404 suspendit,
464 2367 597 2404 dixitque
612 2375 619 2395 :
637 2367 694 2401 Qui
717 2374 736 2395 α
756 2370 892 2403 serpente
908 2376 1023 2397 morsus

197 2413 302 2448 fuerit,
336 2412 377 2440 ad
406 2412 486 2440 hunc
505 2415 669 2447 serpentem
698 2413 849 2447 respiciat,
875 2415 902 2441 et
923 2414 1023 2442 salvus

196 2458 249 2492 ﬁet
259 2458 280 2486 ⁵.
297 2457 364 2485 Erat
379 2458 480 2485 autem
494 2456 519 2485 is
533 2464 656 2493 serpens
670 2456 778 2485 Christi
791 2456 898 2493 ﬁgura.

236 2550 279 2576 t7.
300 2549 426 2583 Insuper
444 2546 485 2575 illi
501 2546 584 2575 aiunt
601 2554 607 2574 :
624 2547 693 2582 Vos,
706 2546 873 2581 Christiani,
897 2547 938 2576 ita
960 2555 1024 2576 cru-

199 2600 264 2621 cem
277 2592 442 2628 honoratis,
459 2590 721 2628 quemadmodum
731 2592 845 2621 Christo
859 2592 916 2629 ipsi
929 2593 1024 2622 hono-

198 2644 264 2665 rem
279 2636 411 2665 defertis.
426 2636 525 2672 Atqui,
541 2643 597 2664 nos
618 2636 782 2672 inquimus,
796 2636 948 2665 calumnia
959 2638 1025 2666 haec

200 2680 360 2710 manifesta
374 2683 428 2710 est.
445 2682 520 2709 Nam
535 2680 666 2711 Christus
681 2689 700 2710 a
712 2681 800 2710 nobis
813 2681 979 2711 honoratur
993 2684 1026 2711 ut

1078 2232 1108 2261 δε
1133 2236 1178 2260 καί
1208 2233 1258 2260 ἀπὸ
1286 2231 1500 2270 παραδείγματος
1524 2238 1699 2271 παραστῆσαι
1722 2235 1796 2259 τοῦτο
1811 2239 1817 2245 '
1843 2231 1864 2254 ἐν

1077 2282 1107 2315 τῇ
1143 2277 1230 2314 ἆρὴμῳ
1256 2278 1280 2304 οἱ
1303 2279 1370 2314 ὄφεις
1406 2279 1465 2308 τοὺς
1493 2276 1629 2314 Ἐϐραίους
1652 2276 1772 2304 ἔδακνον·
1788 2274 1865 2302 εἰκόνα

1078 2321 1107 2350 δι
1135 2323 1238 2360 χαλκῆν
1261 2324 1349 2359 ὄφεως,
1374 2322 1400 2353 ὁς
1426 2321 1612 2358 ἑπικατάρατος
1640 2324 1746 2355 ἤκουσε,
1762 2322 1863 2348 ποιήσας

1077 2371 1190 2402 Μωύσῆ,
1224 2367 1406 2404 ἀνεσταύρωσέ
1417 2375 1445 2393 τε
1460 2369 1573 2400 τουτονί,
1591 2369 1636 2394 καί
1664 2366 1731 2394 εἶπεν
1746 2373 1752 2382 ·
1776 2365 1804 2390 ’0
1821 2361 1863 2389 δα-

1078 2415 1198 2450 κνόμενος
1216 2413 1266 2438 ὑπὸ
1300 2413 1379 2448 ὄφεως
1399 2413 1553 2448 προσεχέτω
1574 2413 1658 2448 τούτῳ
1677 2416 1713 2447 τῷ
1745 2412 1807 2446 ὄφει,
1824 2408 1862 2432 καί

1080 2459 1239 2488 σωθήσεται.
1255 2457 1303 2484 Ἦν
1320 2455 1349 2484 δὲ
1363 2457 1376 2483 ὁ
1385 2459 1442 2493 ὄφις
1456 2456 1531 2488 οὗτος
1545 2456 1681 2488 ἀντίτυπος
1692 2460 1737 2484 τοῦ
1748 2455 1861 2492 Κριοτοῡ.

1116 2547 1158 2579 ιζ·
1181 2548 1250 2585 Πρὸς
1269 2547 1372 2578 τούτοις
1383 2545 1503 2582 λέγουσιν
1527 2547 1560 2578 ὡς
1582 2546 1667 2584 Ὑμεῖς
1681 2547 1704 2574 οὶ
1721 2542 1862 2583 Χριστιανοὶ

1079 2593 1146 2620 οὕτω
1175 2594 1267 2629 τιμᾶτε
1289 2593 1334 2618 τὸν
1359 2593 1482 2629 σταυρὸν,
1504 2592 1589 2622 καθὼς
1616 2592 1668 2628 οἰρα
1695 2593 1738 2618 καί
1758 2591 1799 2616 τὸν
1809 2590 1861 2623 Χρι-

1080 2639 1140 2664 στὸν
1161 2640 1263 2673 τιμᾶτε.
1295 2639 1375 2663 Τοῦτο
1402 2634 1432 2663 δέ
1455 2635 1512 2663 ἔστι
1539 2639 1700 2673 συκοφαντία
1721 2632 1860 2673 πρόδηλος]

1080 2682 1092 2709 ὁ
1111 2682 1156 2718 μὶν
1171 2672 1221 2718 γὰρ
1235 2682 1351 2719 Χριστὸς
1365 2683 1474 2718 τιμᾶται
1495 2681 1557 2718 παρ’
1577 2672 1650 2718 ἡμῶν
1670 2682 1703 2714 ὡς
1722 2681 1792 2714 θεὸς,
1810 2672 1859 2703 όδὶ

238 2770 248 2792 ί
267 2769 351 2802 toan.
368 2776 398 2807 ι.
413 2768 518 2808 tl,19.
537 2769 548 2792 ι
567 2769 652 2802 Deut.
665 2771 787 2808 mna;
801 2768 948 2807 ϐιιιιιιιι,
964 2769 1010 2806 ιθ,

1085 2776 1132 2802 on.
1144 2777 1177 2808 ιι.
1193 2769 1237 2803 17.
1258 2769 1270 2792 δ
1289 2769 1362 2802 Gen.
1376 2776 1418 2808 in,
1434 2771 1476 2806 t7.
1498 2769 1510 2791 |
1529 2769 1618 2803 Num.
1632 2776 1691 2809 ιιι,
1707 2769 1732 2800 θ.
