1917 3073
216 100 265 128 ιεες
885 87 966 125 iace

1041 93 1226 123 CHONIATE

1843 91 1897 122 {36

215 160 290 190 mini
300 161 372 189 Jesu
382 159 486 188 Christi
495 165 605 195 corpus
618 165 654 187 ac
669 158 848 193 sanguinem
862 165 938 192 esse,
947 160 966 186 ti

1105 153 1210 192 δυνάμει
1243 159 1333 194 νοερῶς
1358 165 1386 182 τε
1408 157 1453 183 καὶ
1471 154 1598 193 ἀοράτως,
1618 154 1682 191 ὑπερ
1702 156 1787 182 πᾶσαν
1817 164 1899 191 φυσι-

216 207 321 234 mutaa
348 203 507 241 [videlicet]
524 203 627 231 divina
655 202 733 231 illius
763 203 897 239 potentia
922 211 929 231 :
953 202 1045 238 idque

218 252 317 278 mente
343 252 371 277 et
393 256 454 276 non
476 247 570 276 oculis
588 247 782 284 perceptibili,
796 254 979 284 omnemque
993 254 1046 274 na-

217 293 345 322 turalem
361 293 572 328 cogitationem
583 296 742 329 superante
758 292 861 326 modo,
875 299 964 328 quem
980 291 1045 328 ipse

217 337 299 366 solus
321 337 403 366 novit
419 345 425 365 :
442 339 531 373 atque
547 337 587 365 ita
602 339 630 365 et
655 344 712 371 ego
725 345 774 365 me
786 336 836 365 illa
851 344 921 365 cum
932 335 1044 364 cretei-is

219 384 410 418 sumpturum
426 382 583 414 assentior,
595 383 626 410 ut
635 389 702 418 quae
713 389 782 409 vere
797 388 868 410 caro
879 384 908 409 et
920 379 1045 416 sanguis

217 427 282 462 ejus
290 426 391 457 sint.et
398 426 436 454 ad
443 426 553 454 animle
562 426 755 462 corporisque
764 425 1042 458 sanctiﬁcationem,

217 471 309 499 vitam
337 474 490 504 aeternam.
520 471 664 508 regnique
689 470 817 499 caelestis
839 470 1043 499 heereditatem

217 515 446 552 adipiscendam
456 518 625 550 sumantur,
634 515 673 544 ab
683 515 740 544 illis
754 516 806 552 qui
819 523 855 544 ea
869 514 900 543 in
913 514 1044 551 perfecta

216 560 276 588 ﬁde
301 560 492 597 participant.
513 561 717 596 Sanctumque
750 559 855 588 Christi
879 559 1042 595 baptisma,

217 613 292 641 puro
308 604 474 641 seduloque
498 604 601 633 animo
626 607 653 633 et
677 604 777 638 corde,
794 612 829 632 ac
843 604 903 632 ﬁde
916 603 1040 639 sincera,

217 649 351 686 accipere
362 648 518 683 desidero;
547 650 626 677 certo
651 656 686 677 ac
708 655 776 677 vere
795 655 974 685 persuasum
989 647 1043 676 ha-

216 694 301 728 bens,
326 693 398 722 illud
426 695 526 722 mente
552 693 774 730 perceptibilem
803 693 1042 729 puriﬁcationem

215 746 292 772 esse,
304 738 458 774 animique
470 737 579 774 pariter
590 740 617 765 et
628 738 761 774 corporis
773 737 1041 772 regenerationem.

217 782 272 811 Sed
285 785 314 810 et
324 782 527 810 venerabilem
556 790 676 810 crucem
700 782 836 818 ejusdem
861 781 921 810 veri
938 781 1042 810 Christi

1099 203 1146 230 κήν
1167 201 1273 236 ἔννοιαν,
1307 202 1341 231 ὡς
1370 199 1426 227 οἶδε
1453 203 1529 237 μόνος
1557 199 1650 231 αὐτὸς·
1671 202 1715 226 καὶ
1733 200 1801 226 οὕτω
1819 199 1898 236 κάγὼ

1098 245 1295 281 μεταλήψεσθαι
1322 247 1418 272 τούτων
1446 246 1608 282 συντίθεμαι,
1635 245 1670 276 ὡς
1688 245 1754 271 κατά
1774 244 1900 274 ἀλήθειαν

1098 291 1176 316 ὄντων
1215 291 1312 326 σαρκός
1338 299 1363 317 τε
1391 292 1435 316 καὶ
1463 291 1573 327 αἳματος
1598 289 1691 323 αὑτοῦ,
1711 292 1756 316 καὶ
1766 289 1800 320 εἰς
1818 289 1899 325 ἁγια-

1099 336 1164 370 σμόν
1197 335 1290 371 ψυχῆς
1317 344 1344 362 τε
1358 337 1403 362 καὶ
1426 338 1554 371 σώματος,
1574 337 1620 360 καὶ
1639 334 1707 365 ζωὴν
1721 334 1837 369 αἰώνιον,
1851 336 1899 360 καὶ

1098 377 1235 414 βασιλείας
1273 379 1386 417 οὐρανῶν
1424 379 1595 417 κληρονομίαν
1621 377 1898 415 μιταλαμϐανομὲνων,

1096 427 1152 455 τοῖς
1171 423 1255 450 αὐτῶν
1275 423 1299 450 ἓν
1318 426 1407 450 πίστει
1430 424 1514 460 τελείᾳ
1532 426 1684 460 μετέχουσι.
1706 426 1757 450 Καὶ
1775 424 1804 450 τὸ
1818 423 1899 459 ἅγιον

1097 472 1142 494 τοῦ
1169 472 1287 505 Χριστοῦ
1321 468 1461 506 βάπτισμα
1497 470 1562 505 μετ-ἀ
1594 469 1708 505 καθαρᾶς
1728 470 1773 495 καὶ
1797 466 1899 495 ἀδόλου

1096 512 1188 549 ψυχῆς
1215 515 1260 540 καὶ
1288 511 1411 550 καρδίας,
1441 515 1485 540 καὶ
1515 515 1629 544 πίστεως
1661 513 1821 550 εἰλικρινοῦς,
1838 512 1899 540 ἄπι-

1098 559 1168 590 ζητῶ
1189 555 1326 593 δέξασθαι,
1359 558 1597 595 πληροφορούμενος
1632 557 1732 589 ἀληθῶς
1764 558 1900 595 κάθαρσιν

1097 601 1159 628 αὐτὸ
1192 604 1287 632 νοητὴν
1315 601 1389 636 εἶναι,
1419 604 1464 629 καὶ
1485 601 1653 638 ἀναγίννησιν
1679 602 1771 639 ψυχῆς
1797 611 1826 629 τε
1850 605 1901 629 καὶ

1097 649 1225 683 σώματος.
1252 649 1302 674 Καὶ
1321 649 1364 674 τόν
1394 647 1536 684 σεϐάσμιον
1561 645 1591 674 δὲ
1618 648 1729 685 σταυρόν
1750 651 1797 673 τοῦ
1812 647 1899 673 αὐτου

1096 690 1218 720 ἀληθινοῦ
1234 695 1350 728 Χριστόν
1372 694 1416 718 καὶ
1438 695 1505 719 Θεοῦ
1532 692 1615 728 ἡμῶν,
1641 693 1673 722 ὡς
1695 691 1781 718 οὐκετι
1796 692 1899 728 φθορᾶς

1095 738 1140 762 καὶ
1166 735 1228 772 ἀρᾶς
1254 738 1372 774 ὄργανον,
1392 736 1446 762 ἀλλ’
1462 735 1606 774 ἐλευθερίας
1625 738 1668 762 καὶ
1684 737 1752 767 ζωῆς
1776 735 1898 770 αἰωνίου,

1095 783 1140 806 καί
1161 784 1267 817 σημεῖον
1293 785 1340 812 τῆς
1364 782 1430 807 κατά
1457 785 1503 807 τοῦ
1523 779 1647 807 διαϐόλου
1669 782 1714 807 καί
1733 782 1846 807 θανάτου
1858 783 1898 806 νί-

217 828 327 864 Deique
352 827 456 862 nastri,
470 830 502 855 ut
517 835 585 864 qure
607 835 668 855 non
688 827 818 863 amplius
841 830 966 863 corrupt

1105 835 1151 855 ιης.
1180 824 1238 852 "Eri
1269 823 1299 852 δε
1329 827 1373 852 καί
1398 827 1445 856 τὰς
1475 825 1634 861 σεϐασμίους
1658 825 1756 857 εἰκόνας
1789 829 1834 855 τῆς
1868 834 1898 851 τι

216 875 245 900 et
257 871 478 906 exsecrationis,
503 871 557 899 sed
571 871 716 899 libertatis
732 874 760 899 et
775 871 843 899 vitm
863 873 980 899 aeternae
1000 871 1043 898 in-

216 919 426 949 strumentum,
449 916 640 952 victoriaeque
663 916 808 944 adversus
832 915 986 944 diabolum
1007 923 1042 944 ac

217 964 343 990 mortem
373 961 493 995 signum
520 960 556 988 sit
582 969 588 988 :
617 963 761 996 praeterea
792 963 820 988 et
855 960 1041 988 venerabiles

213 1006 371 1042 imagines,
399 1008 428 1033 et
457 1004 641 1042 [salutiferae]
671 1005 750 1033 illius
778 1005 829 1033 Dei
852 1005 937 1033 Verbi
959 1004 1041 1041 apud

212 1050 352 1079 homines
366 1050 395 1078 in
411 1057 501 1078 carne
516 1050 723 1086 apparitionis,
749 1051 777 1077 et
796 1051 860 1085 ejus
882 1057 950 1085 qua:
965 1049 1041 1077 inef-

214 1094 342 1122 fabiliter
365 1094 447 1122 istud
475 1094 590 1130 peperit
618 1096 707 1122 castae
720 1094 846 1128 Virginis
861 1093 972 1129 Deique
983 1094 1040 1121 Ma-

213 1139 275 1174 tris,
293 1139 527 1174 divinorumquc
549 1138 738 1172 angelorum,
751 1140 962 1166 etsanctorum
978 1146 1041 1166 om-

212 1183 308 1216 nium,
337 1185 369 1210 ut
395 1182 612 1218 primitivorum
639 1182 790 1218 symbols,
815 1185 842 1210 et
865 1184 997 1218 accepto,
1013 1184 1041 1210 et

211 1229 329 1256 honoro
343 1230 433 1264 atque
452 1227 618 1255 cxosculor.
650 1227 706 1255 Sed
731 1229 759 1255 et
772 1228 855 1264 ipsos
870 1235 971 1255 sacrOs
987 1235 1040 1256 an-

212 1273 304 1309 gelos,
324 1275 505 1308 sancIOsquc
521 1279 637 1307 omnes,
656 1272 707 1308 qui
725 1272 802 1300 bene
816 1273 875 1300 Deo
890 1272 1039 1308 placuere,

212 1321 244 1346 ut
260 1325 361 1345 servos
388 1317 476 1350 illius,
498 1316 638 1353 ﬁdosque
659 1317 821 1351 ministros,
843 1320 965 1353 propter
985 1317 1040 1345 lio-

211 1370 316 1390 norem
332 1361 371 1389 illi
391 1361 540 1395 habitum,
562 1361 679 1389 honoro
693 1364 721 1389 et
733 1369 858 1389 veneror
875 1370 881 1389 :
897 1364 987 1397 atque
1000 1361 1041 1390 ita

213 1409 274 1435 toto
290 1407 391 1435 animo
405 1408 433 1434 et
448 1406 547 1439 corde,
573 1414 702 1442 veroque
716 1406 809 1434 animi
822 1407 987 1442 proposito,
1002 1406 1041 1434 ad

213 1451 447 1479 Christianorum
471 1450 562 1479 ﬁdem
588 1450 711 1479 accedo.
734 1451 762 1479 Si
783 1458 855 1479 vero
870 1459 940 1479 cum
951 1451 1042 1478 simu-

1095 871 1163 896 κατά
1187 870 1272 907 σάρκα
1305 872 1370 907 πρός
1403 869 1552 907 ἀνθρώπους
1581 869 1725 906 ἐπιφανείας
1756 873 1801 896 τοῦ
1829 872 1897 897 Θεοῦ

1097 917 1194 950 Λόγου,
1233 917 1278 940 καί
1314 918 1362 946 τῆς
1385 914 1523 951 ἀφράστως
1550 914 1626 941 αὐτὸν
1659 916 1785 945 τεκούσης
1811 914 1897 950 ἁγνῆς

1096 960 1227 996 Παρθένου
1252 961 1296 985 καί
1329 962 1501 996 Θεομήτορος,
1534 962 1577 985 καί
1608 963 1658 985 τῶν
1679 957 1897 995 θεοειδὼνῖιγγέ-

1095 1003 1153 1036 λων,
1179 1007 1224 1030 καί
1245 1008 1294 1030 τῶν
1322 1003 1404 1040 ἁγίων
1424 1004 1552 1037 ἁπάντων,
1573 1006 1606 1035 ὡς
1622 1003 1739 1041 σύμϐολα
1755 1008 1804 1030 τῶν
1824 1014 1897 1040 πρω-

1095 1050 1222 1082 τοτύπων,
1245 1051 1290 1074 καί
1325 1047 1441 1085 δέχομαι
1472 1050 1518 1074 καί
1551 1052 1618 1085 τιμῶ
1649 1051 1693 1075 καί
1720 1047 1892 1085 ἀσπάζομαι.

1097 1095 1146 1120 Καί
1162 1093 1254 1124 αὐτοὺς
1268 1091 1297 1120 δὲ
1308 1096 1366 1124 τοὺς
1393 1095 1476 1130 ἱεροὺς
1507 1092 1639 1129 ἀγγέλους,
1658 1095 1704 1120 καί
1721 1095 1780 1125 τοὺς
1799 1093 1897 1129 ἁγίους

1095 1138 1222 1172 ἅπαντας,
1244 1140 1305 1169 τοὺς
1330 1141 1366 1173 τῷ
1387 1141 1444 1173 Θεῷ
1465 1137 1700 1176 εὐαρεστήσαντας,
1722 1139 1757 1169 ὡς
1785 1135 1896 1169 δούλους

1095 1182 1190 1209 ἐκείνου
1213 1185 1257 1209 καί
1288 1184 1396 1212 πιστοὺς
1429 1183 1593 1219 θεράποντας,
1613 1187 1680 1219 τιμῶ
1707 1185 1752 1209 καί
1782 1182 1895 1219 σέϐομαι

1096 1226 1143 1254 σ’ιά
1172 1229 1218 1256 τήν
1243 1229 1306 1265 πρὸς
1325 1226 1418 1253 ἐκεῖνον
1434 1229 1527 1264 τιμὴν
1548 1230 1591 1254 καί
1615 1228 1696 1259 οὕτως
1715 1227 1742 1259 ἐξ
1761 1227 1819 1258 ὅλης
1843 1227 1896 1263 ψυ-

1096 1276 1147 1308 χῆς
1175 1274 1219 1298 καί
1242 1270 1363 1309 καρδίας,
1383 1274 1427 1298 καί
1453 1272 1627 1310 προαιρέσεως
1639 1272 1762 1306 ἀληθοῦς,
1776 1274 1894 1309 προσέρ-

1094 1326 1180 1353 χομαι
1201 1320 1232 1346 τῆ
1256 1319 1343 1343 πίστει
1364 1321 1412 1343 τῶν
1445 1320 1618 1354 Χριστιανῶν.
1640 1316 1669 1343 Εἰ
1697 1315 1726 1343 δι
1753 1317 1809 1353 μεθ’
1830 1317 1894 1343 ὑπο-

1095 1364 1205 1399 κρίσεως
1229 1363 1274 1387 καί
1292 1358 1369 1387 δόλου
1399 1362 1482 1387 ταῦτά
1511 1370 1588 1398 φημι,
1609 1363 1654 1387 καί
1674 1361 1721 1388 οὑκ
1736 1360 1763 1387 ἐκ
1778 1363 1895 1392 πίσ·εως

1095 1405 1230 1442 ὁλοψύχου
1254 1407 1298 1432 καί
1325 1403 1438 1443 καρδίας
1469 1407 1512 1432 τὸν
1532 1407 1647 1444 Χριστόν
1676 1405 1827 1442 ἀγαπώσης,
1852 1408 1891 1435 εἰη

1095 1460 1140 1487 μοι
1160 1450 1274 1487 ἀνάθεμα
1294 1453 1337 1476 καί
1352 1451 1496 1486 κατάθεμα,
1513 1453 1557 1477 καί
1576 1450 1591 1480 ἠ
1611 1450 1689 1487 ψυχὴ
1709 1459 1759 1487 μου
1778 1452 1892 1487 ταχθείη

211 1496 322 1533 latione
348 1503 383 1523 ac
402 1495 472 1523 dolo
493 1495 558 1523 inec
569 1495 646 1526 dico.
668 1497 695 1523 et
710 1503 771 1523 non
787 1503 823 1523 ex
839 1495 934 1523 solida
950 1497 966 1523 tt

1105 1496 1161 1521 ιετά
1179 1499 1224 1521 τοῦ
1244 1497 1343 1521 Σατανᾶ
1362 1497 1406 1521 καί
1426 1499 1475 1521 τῶν
1499 1492 1640 1532 δαιμόνων.

212 1540 305 1568 animi
321 1539 390 1573 fide,
408 1539 618 1576 Christumque
630 1540 745 1568 amanti
760 1540 861 1574 corde,
891 1540 928 1568 sit
949 1539 1023 1568 mihi
1048 1539 1211 1568 anathema
1228 1541 1256 1568 et
1272 1539 1451 1576 catathema,
1469 1539 1633 1576 animaque
1647 1547 1717 1569 mea
1730 1539 1895 1569 collocetur

213 1593 281 1613 cum
297 1586 406 1613 Satana
419 1587 447 1612 et
457 1584 657 1613 dmmonibus.

584 1734 963 1825 NICETZE

1105 1735 1566 1810 HONIAT/E

867 1866 930 1899 EX
950 1865 1086 1900 LIBRO
1108 1865 1226 1899 XXIII

453 1958 825 2020 THESAURI
896 1958 966 2020 Ol

1105 1958 1369 2020 ODOXXE
1441 1959 1644 2021 FIDEI

494 2066 556 2102 (Ap.
570 2065 606 2093 Le
613 2065 699 2099 Quien
711 2066 806 2094 Oriens
815 2066 992 2094 Christianus
1008 2066 1100 2101 1,(549,
1114 2065 1141 2092 in
1154 2065 1291 2094 Eustratio
1302 2065 1399 2094 Nicmaa
1408 2066 1602 2102 metropolita.)

243 2218 402 2253 Aliquanto
413 2219 546 2254 tempore
560 2217 845 2254 elapso,discipulus
857 2217 935 2245 illius
946 2218 1032 2245 Joan‘
1049 2217 1070 2245 D

207 2262 254 2290 nis
271 2261 332 2289 Itali
348 2262 488 2290 monachi
499 2270 584 2291 1'10le
600 2262 720 2290 alterius
742 2262 886 2290 doctrinae
903 2261 1032 2289 auctoris

209 2306 381 2339 Eustratius,
394 2306 446 2342 qui
458 2307 561 2335 Nicmm
583 2306 724 2342 Bithyniae
748 2305 920 2342 metropolis
936 2306 1031 2342 ponti-

207 2352 257 2379 fex
276 2353 348 2384 erat,
372 2359 441 2379 cum
464 2359 543 2388 saepe
559 2359 662 2379 coram
677 2351 865 2387 imperatoris
888 2350 1032 2378 tribunali

207 2403 276 2424 cum
293 2395 401 2423 Latinis
425 2396 608 2432 disputasset
634 2395 671 2423 de
691 2395 804 2431 azymis
828 2397 856 2422 et
870 2394 908 2422 de
922 2394 1031 2431 Spiritu

206 2443 321 2474 sancto,
333 2440 478 2468 mandare
493 2441 610 2477 scriptis
623 2439 727 2468 volens
741 2447 810 2475 quae
826 2439 935 2468 Latinis
948 2441 1029 2468 attu-

205 2485 288 2521 lerat,
305 2493 433 2521 qumquc
449 2484 487 2513 ab
501 2485 543 2513 eis
557 2485 632 2512 inter
651 2483 867 2519 disputandum
883 2484 1028 2520 audierat,

205 2538 266 2558 non
278 2532 427 2564 accurate,
440 2537 495 2557 nec
507 2528 697 2557 laudabiliter
716 2536 788 2556 suos
811 2536 919 2556 sensus
934 2536 1030 2557 enun—

205 2575 297 2603 tiavit.
319 2574 396 2607 Quin
411 2573 500 2601 etiam
525 2581 595 2602 cum
625 2572 821 2610 Philippopoli
835 2573 865 2601 in
878 2573 1031 2602 audientis.

204 2618 392 2654 imperatoris
400 2626 468 2646 cum
480 2617 761 2653 Armenioquodam
772 2618 809 2646 de
820 2617 942 2646 duabus
953 2617 1031 2645 Chri-

205 2663 241 2690 sti
265 2663 378 2691 naturis
398 2662 627 2699 colloqueretur,
651 2662 800 2691 nonnulla
823 2662 861 2690 de
886 2664 945 2690 Deo
968 2670 1030 2690 non

206 2706 343 2734 consulta
362 2714 487 2743 prorsus
500 2706 610 2742 injecit,
633 2708 662 2734 et
675 2706 759 2735 nullo
779 2705 895 2742 pudore
913 2705 1029 2741 effutiit,

202 2751 267 2786 jam
291 2751 363 2780 olim
378 2759 520 2788 nuncque
535 2753 724 2788 assumptam
741 2759 760 2780 a
780 2750 875 2780 Verbo
888 2752 1030 2780 naturain

1124 2218 1222 2253 Χρόνου
1249 2217 1315 2247 τινὸς
1352 2214 1546 2254 διαγενομένου,
1577 2217 1670 2246 τούτου
1686 2217 1818 2252 (Ἰωάννου
1840 2219 1886 2244 τοῦ

1089 2259 1198 2297 Ἰτάλου)
1227 2262 1349 2297 μαθητὴς
1368 2261 1539 2299 Εὐστράτιος,
1567 2261 1595 2294 ὃς
1619 2266 1666 2293 τῆς
1693 2266 1743 2288 τῶν
1771 2262 1885 2289 Βιθυνῶν

1086 2305 1182 2337 πόλεως
1217 2309 1327 2337 Νικαίας
1362 2305 1551 2344 ἀρχιερατικῶς
1577 2305 1733 2345 προήδρευε,
1761 2306 1886 2337 πολλάκις

1086 2349 1128 2376 ἐπί
1147 2349 1288 2387 βασιλικοῦ
1317 2350 1436 2387 βήματος
1471 2352 1536 2388 μετὰ
1573 2354 1690 2379 Λατίνων
1719 2351 1757 2382 εἰς
1791 2351 1885 2388 λόγους

1086 2393 1163 2422 item
1190 2398 1248 2431 περί
1279 2404 1305 2422 τε
1334 2395 1438 2432 ἀζύμων
1465 2398 1510 2422 καί
1536 2400 1582 2423 τοῦ
1621 2397 1689 2423 θείου
1723 2397 1885 2433 Πνεύματος,

1085 2442 1130 2465 καί
1144 2439 1252 2470 θελήσας
1265 2443 1349 2477 γραφῇ
1364 2439 1529 2477 παραδοῦναι
1563 2441 1613 2468 ὅσα
1632 2443 1718 2478 εἴρηκε
1741 2442 1806 2477 πρὸς
1825 2443 1885 2472 τοὺς

1086 2486 1225 2519 Λατίνους,
1251 2486 1296 2510 καί
1321 2485 1364 2511 οἵα
1395 2485 1457 2522 παρ’
1472 2485 1573 2512 ἐκείνων
1601 2485 1626 2511 ἐν
1651 2489 1687 2521 τῷ
1715 2483 1885 2522 διαλέγεσθαι

1085 2527 1202 2560 ἀκηκόει,
1235 2529 1282 2555 οὒκ
1315 2528 1446 2566 ἀσφαλῶς,
1480 2528 1542 2556 οὐδε
1566 2529 1701 2561 ἕπαινετώς
1734 2532 1795 2561 τοὺς
1826 2533 1886 2566 περί

1085 2577 1132 2599 τοῦ
1171 2574 1319 2609 Πνιύματος
1351 2573 1444 2610 λόγους
1473 2574 1599 2611 ἐξήνεγκε,
1629 2575 1725 2601 Ἐνίοτε
1759 2574 1790 2601 δὲ
1817 2577 1886 2601 κατὰ

1085 2617 1287 2645 Φιλιππούπολιν
1316 2619 1354 2645 in"
1384 2619 1508 2656 ἀκροάσει
1535 2624 1581 2646 τοῦ
1607 2619 1738 2657 βασιλέως
1760 2619 1799 2647 ἐπ’
1827 2620 1886 2658 Ἀρ-

1085 2664 1172 2698 μενίου
1198 2664 1266 2693 τινὸς
1292 2665 1351 2701 περί
1383 2668 1433 2690 τῶν
1463 2662 1512 2691 δύο
1541 2669 1588 2692 τοῦ
1627 2667 1746 2702 Χριστοῦ
1783 2667 1884 2702 φύσεων

1084 2708 1234 2743 ποιούμενος
1262 2710 1309 2737 τὴν
1340 2706 1464 2743 διάλεξιν,
1497 2708 1623 2736 οὐδέποτε
1647 2711 1815 2741 καθηκόντως
1850 2714 1880 2746 τῇ

1086 2752 1211 2791 θιηγορίᾳ
1239 2751 1367 2787 ἐπέϐαλεν,
1408 2753 1462 2781 ἀλλ’
1489 2752 1604 2787 ἀναιδῶς
1645 2753 1796 2793 ἕρθέγξατο,
1835 2756 1881 2782 καί
