  <div class='ocr_page' id='page_1' title='image "/cluster/home/n/w/nwhite01/storage/ocr_20150623/140/njp.32101010942850/089.png"; bbox 0 0 1917 3073; ppageno 0'>
   <div class='ocr_carea' id='block_1_1' title="bbox 263 152 312 180">
    <p class='ocr_par' dir='ltr' id='par_1_1' title="bbox 263 152 312 180">
     <span class='ocr_line' id='line_1_1' title="bbox 263 152 312 180; baseline 0 0"><span class='ocrx_word' id='word_1_1' title='bbox 263 152 312 180; x_wconf 74' lang='grc'>143</span> 
     </span>
    </p>
   </div>
   <div class='ocr_carea' id='block_1_2' title="bbox 926 146 1902 182">
    <p class='ocr_par' dir='ltr' id='par_1_2' title="bbox 926 146 1902 182">
     <span class='ocr_line' id='line_1_2' title="bbox 926 146 1902 182; baseline -0.006 -3"><span class='ocrx_word' id='word_1_2' title='bbox 926 149 1065 179; x_wconf 68' lang='lat' dir='ltr'>meum</span> <span class='ocrx_word' id='word_1_3' title='bbox 1082 146 1273 179; x_wconf 63' lang='lat' dir='ltr'>(mamma:</span> <span class='ocrx_word' id='word_1_4' title='bbox 1894 156 1902 182; x_wconf 61' lang='grc' dir='ltr'><strong><em>ι</em></strong></span> 
     </span>
    </p>
   </div>
   <div class='ocr_carea' id='block_1_3' title="bbox 258 210 1088 253">
    <p class='ocr_par' dir='ltr' id='par_1_3' title="bbox 258 211 1085 250">
     <span class='ocr_line' id='line_1_3' title="bbox 258 211 1085 250; baseline -0.002 -8"><span class='ocrx_word' id='word_1_5' title='bbox 258 213 413 250; x_wconf 85' lang='lat' dir='ltr'>duplicem</span> <span class='ocrx_word' id='word_1_6' title='bbox 436 220 501 241; x_wconf 89' lang='lat' dir='ltr'>esse</span> <span class='ocrx_word' id='word_1_7' title='bbox 530 211 807 246; x_wconf 83' lang='lat' dir='ltr'>sanctiﬁcationem,</span> <span class='ocrx_word' id='word_1_8' title='bbox 838 211 963 240; x_wconf 81' lang='lat' dir='ltr'>alteram</span> <span class='ocrx_word' id='word_1_9' title='bbox 990 219 1085 248; x_wconf 85' lang='lat' dir='ltr'>quam</span> 
     </span>
    </p>
   </div>
   <div class='ocr_carea' id='block_1_4' title="bbox 1144 210 1902 253">
    <p class='ocr_par' dir='ltr' id='par_1_4' title="bbox 1144 210 1902 253">
     <span class='ocr_line' id='line_1_4' title="bbox 1144 210 1902 253; baseline 0.008 -16"><span class='ocrx_word' id='word_1_10' title='bbox 1144 215 1173 248; x_wconf 80' lang='grc' dir='ltr'>τῇ</span> <span class='ocrx_word' id='word_1_11' title='bbox 1195 214 1274 249; x_wconf 77' lang='grc' dir='ltr'>σαρκὶ</span> <span class='ocrx_word' id='word_1_12' title='bbox 1296 210 1439 248; x_wconf 75' lang='grc' dir='ltr'>μετέδωκεν</span> <span class='ocrx_word' id='word_1_13' title='bbox 1463 213 1542 245; x_wconf 73' lang='grc' dir='ltr'>αὐτὸς</span> <span class='ocrx_word' id='word_1_14' title='bbox 1560 213 1671 250; x_wconf 69' lang='grc' dir='ltr'>ίνωθεὶς,</span> <span class='ocrx_word' id='word_1_15' title='bbox 1692 215 1738 242; x_wconf 82' lang='grc' dir='ltr'>τὸν</span> <span class='ocrx_word' id='word_1_16' title='bbox 1770 213 1801 242; x_wconf 66' lang='grc' dir='ltr'><strong>δί</strong></span> <span class='ocrx_word' id='word_1_17' title='bbox 1828 213 1902 253; x_wconf 31' lang='lat' dir='ltr'>duini</span> 
     </span>
    </p>
   </div>
   <div class='ocr_carea' id='block_1_5' title="bbox 259 256 1084 295">
    <p class='ocr_par' dir='ltr' id='par_1_5' title="bbox 259 256 1084 295">
     <span class='ocr_line' id='line_1_5' title="bbox 259 256 1084 295; baseline -0.002 -9"><span class='ocrx_word' id='word_1_18' title='bbox 259 259 324 295; x_wconf 86' lang='lat' dir='ltr'>ipse</span> <span class='ocrx_word' id='word_1_19' title='bbox 339 257 422 286; x_wconf 85' lang='lat' dir='ltr'>carni</span> <span class='ocrx_word' id='word_1_20' title='bbox 437 257 638 286; x_wconf 89' lang='lat' dir='ltr'>contulitcum</span> <span class='ocrx_word' id='word_1_21' title='bbox 652 257 678 285; x_wconf 91' lang='lat' dir='ltr'>ei</span> <span class='ocrx_word' id='word_1_22' title='bbox 697 257 886 294; x_wconf 85' lang='lat' dir='ltr'>bypostatice</span> <span class='ocrx_word' id='word_1_23' title='bbox 908 256 1011 285; x_wconf 88' lang='lat' dir='ltr'>unitus</span> <span class='ocrx_word' id='word_1_24' title='bbox 1030 257 1084 289; x_wconf 85' lang='lat' dir='ltr'>cst,</span> 
     </span>
    </p>
   </div>
   <div class='ocr_carea' id='block_1_6' title="bbox 259 301 1086 338">
    <p class='ocr_par' dir='ltr' id='par_1_6' title="bbox 259 301 1086 338">
     <span class='ocr_line' id='line_1_6' title="bbox 259 301 1086 338; baseline -0.002 -7"><span class='ocrx_word' id='word_1_25' title='bbox 259 303 384 332; x_wconf 82' lang='lat' dir='ltr'>alteram</span> <span class='ocrx_word' id='word_1_26' title='bbox 409 310 479 330; x_wconf 76' lang='lat' dir='ltr'>vero</span> <span class='ocrx_word' id='word_1_27' title='bbox 502 310 596 338; x_wconf 83' lang='lat' dir='ltr'>quam</span> <span class='ocrx_word' id='word_1_28' title='bbox 616 309 670 338; x_wconf 87' lang='lat' dir='ltr'>per</span> <span class='ocrx_word' id='word_1_29' title='bbox 685 301 867 330; x_wconf 86' lang='lat' dir='ltr'>sacriﬁcium</span> <span class='ocrx_word' id='word_1_30' title='bbox 883 303 1026 338; x_wconf 78' lang='lat' dir='ltr'>operatus</span> <span class='ocrx_word' id='word_1_31' title='bbox 1041 302 1086 329; x_wconf 86' lang='lat' dir='ltr'>est</span> 
     </span>
    </p>
   </div>
   <div class='ocr_carea' id='block_1_7' title="bbox 258 346 559 384">
    <p class='ocr_par' dir='ltr' id='par_1_7' title="bbox 258 346 559 384">
     <span class='ocr_line' id='line_1_7' title="bbox 258 346 559 384; baseline -0.01 -7"><span class='ocrx_word' id='word_1_32' title='bbox 258 347 342 384; x_wconf 82' lang='lat' dir='ltr'>quod</span> <span class='ocrx_word' id='word_1_33' title='bbox 353 347 427 375; x_wconf 81' lang='lat' dir='ltr'>Patri</span> <span class='ocrx_word' id='word_1_34' title='bbox 444 346 559 374; x_wconf 90' lang='lat' dir='ltr'>obtulit.</span> 
     </span>
    </p>
   </div>
   <div class='ocr_carea' id='block_1_8' title="bbox 293 390 1085 428">
    <p class='ocr_par' dir='ltr' id='par_1_8' title="bbox 293 390 1085 428">
     <span class='ocr_line' id='line_1_8' title="bbox 293 390 1085 428; baseline -0.003 -8"><span class='ocrx_word' id='word_1_35' title='bbox 293 393 382 421; x_wconf 82' lang='lat' dir='ltr'>PlllL.</span> <span class='ocrx_word' id='word_1_36' title='bbox 408 391 496 428; x_wconf 74' lang='lat' dir='ltr'>Atqui</span> <span class='ocrx_word' id='word_1_37' title='bbox 521 392 545 419; x_wconf 90' lang='lat' dir='ltr'>si</span> <span class='ocrx_word' id='word_1_38' title='bbox 571 399 704 426; x_wconf 89' lang='lat' dir='ltr'>carnem,</span> <span class='ocrx_word' id='word_1_39' title='bbox 729 391 808 419; x_wconf 91' lang='lat' dir='ltr'>dicet</span> <span class='ocrx_word' id='word_1_40' title='bbox 830 391 951 427; x_wconf 82' lang='lat' dir='ltr'>aliquis,</span> <span class='ocrx_word' id='word_1_41' title='bbox 974 390 1085 418; x_wconf 87' lang='lat' dir='ltr'>unione</span> 
     </span>
    </p>
   </div>
   <div class='ocr_carea' id='block_1_9' title="bbox 258 435 1084 473">
    <p class='ocr_par' dir='ltr' id='par_1_9' title="bbox 258 435 1084 473">
     <span class='ocr_line' id='line_1_9' title="bbox 258 435 1084 473; baseline -0.004 -7"><span class='ocrx_word' id='word_1_42' title='bbox 258 445 315 466; x_wconf 84' lang='lat' dir='ltr'>sua</span> <span class='ocrx_word' id='word_1_43' title='bbox 324 438 388 473; x_wconf 87' lang='lat' dir='ltr'>jam</span> <span class='ocrx_word' id='word_1_44' title='bbox 409 436 658 471; x_wconf 81' lang='lat' dir='ltr'>sanetiﬁcaverat,</span> <span class='ocrx_word' id='word_1_45' title='bbox 675 444 729 465; x_wconf 87' lang='lat' dir='ltr'>cur</span> <span class='ocrx_word' id='word_1_46' title='bbox 743 436 836 465; x_wconf 83' lang='lat' dir='ltr'>altera</span> <span class='ocrx_word' id='word_1_47' title='bbox 846 435 1084 464; x_wconf 84' lang='lat' dir='ltr'>sanctiﬁcatione</span> 
     </span>
    </p>
   </div>
   <div class='ocr_carea' id='block_1_10' title="bbox 256 480 682 517">
    <p class='ocr_par' dir='ltr' id='par_1_10' title="bbox 256 480 682 517">
     <span class='ocr_line' id='line_1_10' title="bbox 256 480 682 517; baseline -0.002 -8"><span class='ocrx_word' id='word_1_48' title='bbox 256 482 302 509; x_wconf 85' lang='lat' dir='ltr'>vel</span> <span class='ocrx_word' id='word_1_49' title='bbox 317 481 497 517; x_wconf 81' lang='lat' dir='ltr'>perfectione</span> <span class='ocrx_word' id='word_1_50' title='bbox 512 488 589 516; x_wconf 90' lang='lat' dir='ltr'>opus</span> <span class='ocrx_word' id='word_1_51' title='bbox 604 480 682 509; x_wconf 79' lang='lat' dir='ltr'>fuit?</span> 
     </span>
    </p>
   </div>
   <div class='ocr_carea' id='block_1_11' title="bbox 293 523 1083 561">
    <p class='ocr_par' dir='ltr' id='par_1_11' title="bbox 293 523 1083 561">
     <span class='ocr_line' id='line_1_11' title="bbox 293 523 1083 561; baseline -0.005 -6"><span class='ocrx_word' id='word_1_52' title='bbox 293 527 368 554; x_wconf 87' lang='lat' dir='ltr'>SOT.</span> <span class='ocrx_word' id='word_1_53' title='bbox 395 525 524 559; x_wconf 84' lang='lat' dir='ltr'>Longius</span> <span class='ocrx_word' id='word_1_54' title='bbox 544 532 562 552; x_wconf 89' lang='lat' dir='ltr'>a</span> <span class='ocrx_word' id='word_1_55' title='bbox 585 524 740 561; x_wconf 88' lang='lat' dir='ltr'>proposito</span> <span class='ocrx_word' id='word_1_56' title='bbox 764 532 842 558; x_wconf 90' lang='lat' dir='ltr'>meo,</span> <span class='ocrx_word' id='word_1_57' title='bbox 859 524 970 560; x_wconf 87' lang='lat' dir='ltr'>optime</span> <span class='ocrx_word' id='word_1_58' title='bbox 989 523 1083 559; x_wconf 86' lang='lat' dir='ltr'>Philo,</span> 
     </span>
    </p>
   </div>
   <div class='ocr_carea' id='block_1_12' title="bbox 256 568 1084 604">
    <p class='ocr_par' dir='ltr' id='par_1_12' title="bbox 256 568 1084 604">
     <span class='ocr_line' id='line_1_12' title="bbox 256 568 1084 604; baseline -0.002 -6"><span class='ocrx_word' id='word_1_59' title='bbox 256 570 395 598; x_wconf 80' lang='lat' dir='ltr'>aberrare</span> <span class='ocrx_word' id='word_1_60' title='bbox 414 577 462 597; x_wconf 90' lang='lat' dir='ltr'>me</span> <span class='ocrx_word' id='word_1_61' title='bbox 486 569 614 597; x_wconf 88' lang='lat' dir='ltr'>dicendo</span> <span class='ocrx_word' id='word_1_62' title='bbox 636 569 743 604; x_wconf 79' lang='lat' dir='ltr'>cogis;</span> <span class='ocrx_word' id='word_1_63' title='bbox 770 571 902 597; x_wconf 87' lang='lat' dir='ltr'>attamen</span> <span class='ocrx_word' id='word_1_64' title='bbox 925 568 966 596; x_wconf 90' lang='lat' dir='ltr'>tui</span> <span class='ocrx_word' id='word_1_65' title='bbox 991 575 1084 596; x_wconf 87' lang='lat' dir='ltr'>causa</span> 
     </span>
    </p>
   </div>
   <div class='ocr_carea' id='block_1_13' title="bbox 255 613 1084 650">
    <p class='ocr_par' dir='ltr' id='par_1_13' title="bbox 255 613 1084 650">
     <span class='ocr_line' id='line_1_13' title="bbox 255 613 1084 650; baseline -0.002 -8"><span class='ocrx_word' id='word_1_66' title='bbox 255 615 337 642; x_wconf 86' lang='lat' dir='ltr'>hunc</span> <span class='ocrx_word' id='word_1_67' title='bbox 351 614 486 642; x_wconf 81' lang='lat' dir='ltr'>laborem</span> <span class='ocrx_word' id='word_1_68' title='bbox 502 614 674 650; x_wconf 82' lang='lat' dir='ltr'>suscipiam.</span> <span class='ocrx_word' id='word_1_69' title='bbox 692 614 728 642; x_wconf 92' lang='lat' dir='ltr'>lis</span> <span class='ocrx_word' id='word_1_70' title='bbox 743 614 795 650; x_wconf 87' lang='lat' dir='ltr'>qui</span> <span class='ocrx_word' id='word_1_71' title='bbox 807 614 936 641; x_wconf 89' lang='lat' dir='ltr'>invicem</span> <span class='ocrx_word' id='word_1_72' title='bbox 950 613 1084 641; x_wconf 90' lang='lat' dir='ltr'>reconci-</span> 
     </span>
    </p>
   </div>
   <div class='ocr_carea' id='block_1_14' title="bbox 255 657 1082 694">
    <p class='ocr_par' dir='ltr' id='par_1_14' title="bbox 255 657 1082 694">
     <span class='ocr_line' id='line_1_14' title="bbox 255 657 1082 694; baseline -0.001 -8"><span class='ocrx_word' id='word_1_73' title='bbox 255 659 365 687; x_wconf 87' lang='lat' dir='ltr'>liantur</span> <span class='ocrx_word' id='word_1_74' title='bbox 380 667 447 686; x_wconf 89' lang='lat' dir='ltr'>mos</span> <span class='ocrx_word' id='word_1_75' title='bbox 463 661 507 686; x_wconf 89' lang='lat' dir='ltr'>est</span> <span class='ocrx_word' id='word_1_76' title='bbox 521 659 615 686; x_wconf 89' lang='lat' dir='ltr'>mutui</span> <span class='ocrx_word' id='word_1_77' title='bbox 627 658 741 694; x_wconf 90' lang='lat' dir='ltr'>aliquid</span> <span class='ocrx_word' id='word_1_78' title='bbox 755 658 898 692; x_wconf 88' lang='lat' dir='ltr'>muneris,</span> <span class='ocrx_word' id='word_1_79' title='bbox 912 657 1000 694; x_wconf 80' lang='lat' dir='ltr'>quasi</span> <span class='ocrx_word' id='word_1_80' title='bbox 1013 665 1082 685; x_wconf 89' lang='lat' dir='ltr'>con-</span> 
     </span>
    </p>
   </div>
   <div class='ocr_carea' id='block_1_15' title="bbox 257 702 1083 739">
    <p class='ocr_par' dir='ltr' id='par_1_15' title="bbox 257 702 1083 739">
     <span class='ocr_line' id='line_1_15' title="bbox 257 702 1083 739; baseline -0.002 -8"><span class='ocrx_word' id='word_1_81' title='bbox 257 703 409 738; x_wconf 69' lang='lat' dir='ltr'>glutinata:</span> <span class='ocrx_word' id='word_1_82' title='bbox 418 703 553 731; x_wconf 72' lang='lat' dir='ltr'>amicitia:</span> <span class='ocrx_word' id='word_1_83' title='bbox 565 702 858 739; x_wconf 86' lang='lat' dir='ltr'>arrham,impertiri.</span> <span class='ocrx_word' id='word_1_84' title='bbox 871 702 1018 735; x_wconf 83' lang='lat' dir='ltr'>Quoniam</span> <span class='ocrx_word' id='word_1_85' title='bbox 1029 702 1083 730; x_wconf 86' lang='lat' dir='ltr'>ita-</span> 
     </span>
    </p>
   </div>
   <div class='ocr_carea' id='block_1_16' title="bbox 256 745 1082 784">
    <p class='ocr_par' dir='ltr' id='par_1_16' title="bbox 256 745 1082 784">
     <span class='ocr_line' id='line_1_16' title="bbox 256 745 1082 784; baseline -0.001 -9"><span class='ocrx_word' id='word_1_86' title='bbox 256 756 314 784; x_wconf 86' lang='lat' dir='ltr'>que</span> <span class='ocrx_word' id='word_1_87' title='bbox 328 749 356 775; x_wconf 88' lang='lat' dir='ltr'>et</span> <span class='ocrx_word' id='word_1_88' title='bbox 370 755 436 782; x_wconf 84' lang='lat' dir='ltr'>nos,</span> <span class='ocrx_word' id='word_1_89' title='bbox 452 749 520 783; x_wconf 87' lang='lat' dir='ltr'>post</span> <span class='ocrx_word' id='word_1_90' title='bbox 535 747 585 774; x_wconf 92' lang='lat' dir='ltr'>Dei</span> <span class='ocrx_word' id='word_1_91' title='bbox 601 747 759 782; x_wconf 68' lang='lat' dir='ltr'>oﬂ‘ensam,</span> <span class='ocrx_word' id='word_1_92' title='bbox 775 746 960 775; x_wconf 86' lang='lat' dir='ltr'>reconciliari</span> <span class='ocrx_word' id='word_1_93' title='bbox 983 745 1082 774; x_wconf 86' lang='lat' dir='ltr'>eidem</span> 
     </span>
    </p>
   </div>
   <div class='ocr_carea' id='block_1_17' title="bbox 256 790 1082 828">
    <p class='ocr_par' dir='ltr' id='par_1_17' title="bbox 256 790 1082 828">
     <span class='ocr_line' id='line_1_17' title="bbox 256 790 1082 828; baseline -0.002 -8"><span class='ocrx_word' id='word_1_94' title='bbox 256 791 425 828; x_wconf 81' lang='lat' dir='ltr'>oportebat,</span> <span class='ocrx_word' id='word_1_95' title='bbox 433 791 457 819; x_wconf 89' lang='lat' dir='ltr'>is</span> <span class='ocrx_word' id='word_1_96' title='bbox 467 791 589 826; x_wconf 81' lang='lat' dir='ltr'>quidem</span> <span class='ocrx_word' id='word_1_97' title='bbox 601 798 717 819; x_wconf 85' lang='lat' dir='ltr'>morem</span> <span class='ocrx_word' id='word_1_98' title='bbox 728 799 790 819; x_wconf 76' lang='lat' dir='ltr'>suae</span> <span class='ocrx_word' id='word_1_99' title='bbox 804 790 946 819; x_wconf 84' lang='lat' dir='ltr'>bonitatis</span> <span class='ocrx_word' id='word_1_100' title='bbox 958 790 1082 818; x_wconf 85' lang='lat' dir='ltr'>minime</span> 
     </span>
    </p>
   </div>
   <div class='ocr_carea' id='block_1_18' title="bbox 256 834 1082 872">
    <p class='ocr_par' dir='ltr' id='par_1_18' title="bbox 256 834 1082 872">
     <span class='ocr_line' id='line_1_18' title="bbox 256 834 1082 872; baseline -0.002 -8"><span class='ocrx_word' id='word_1_101' title='bbox 256 836 407 869; x_wconf 82' lang='lat' dir='ltr'>omittens.</span> <span class='ocrx_word' id='word_1_102' title='bbox 422 836 538 872; x_wconf 88' lang='lat' dir='ltr'>primus</span> <span class='ocrx_word' id='word_1_103' title='bbox 552 835 615 872; x_wconf 86' lang='lat' dir='ltr'>ipse</span> <span class='ocrx_word' id='word_1_104' title='bbox 628 835 705 863; x_wconf 84' lang='lat' dir='ltr'>Deus</span> <span class='ocrx_word' id='word_1_105' title='bbox 720 835 859 867; x_wconf 81' lang='lat' dir='ltr'>Verbum,</span> <span class='ocrx_word' id='word_1_106' title='bbox 871 835 923 871; x_wconf 87' lang='lat' dir='ltr'>qui</span> <span class='ocrx_word' id='word_1_107' title='bbox 942 835 981 863; x_wconf 88' lang='lat' dir='ltr'>ab</span> <span class='ocrx_word' id='word_1_108' title='bbox 997 834 1082 863; x_wconf 92' lang='lat' dir='ltr'>initio</span> 
     </span>
    </p>
   </div>
   <div class='ocr_carea' id='block_1_19' title="bbox 1141 255 1902 297">
    <p class='ocr_par' dir='ltr' id='par_1_19' title="bbox 1141 255 1902 297">
     <span class='ocr_line' id='line_1_19' title="bbox 1141 255 1902 297; baseline 0.008 -15"><span class='ocrx_word' id='word_1_109' title='bbox 1141 256 1169 282; x_wconf 86' lang='grc' dir='ltr'>ὃν</span> <span class='ocrx_word' id='word_1_110' title='bbox 1202 256 1342 294; x_wconf 72' lang='grc' dir='ltr'>εἰργάσατο</span> <span class='ocrx_word' id='word_1_111' title='bbox 1370 255 1417 284; x_wconf 74' lang='grc' dir='ltr'>διὰ</span> <span class='ocrx_word' id='word_1_112' title='bbox 1449 258 1553 293; x_wconf 82' lang='grc' dir='ltr'>θυσίαν,</span> <span class='ocrx_word' id='word_1_113' title='bbox 1583 259 1619 290; x_wconf 74' lang='grc' dir='ltr'>εἰς</span> <span class='ocrx_word' id='word_1_114' title='bbox 1643 262 1686 286; x_wconf 84' lang='grc' dir='ltr'>τὸν</span> <span class='ocrx_word' id='word_1_115' title='bbox 1718 262 1826 297; x_wconf 81' lang='grc' dir='ltr'>Πατέρα</span> <span class='ocrx_word' id='word_1_116' title='bbox 1848 263 1902 288; x_wconf 64' lang='lat' dir='ltr'>rem</span> 
     </span>
    </p>
   </div>
   <div class='ocr_carea' id='block_1_20' title="bbox 1140 300 1288 338">
    <p class='ocr_par' dir='ltr' id='par_1_20' title="bbox 1140 300 1288 338">
     <span class='ocr_line' id='line_1_20' title="bbox 1140 300 1288 338; baseline 0 -11"><span class='ocrx_word' id='word_1_117' title='bbox 1140 300 1288 338; x_wconf 75' lang='grc' dir='ltr'>ἀνενεγκών,</span> 
     </span>
    </p>
   </div>
   <div class='ocr_carea' id='block_1_21' title="bbox 1175 390 1902 430">
    <p class='ocr_par' dir='ltr' id='par_1_21' title="bbox 1175 390 1902 430">
     <span class='ocr_line' id='line_1_21' title="bbox 1175 390 1902 430; baseline 0.006 -13"><span class='ocrx_word' id='word_1_118' title='bbox 1175 393 1244 418; x_wconf 68' lang='lat' dir='ltr'>MA.</span> <span class='ocrx_word' id='word_1_119' title='bbox 1274 390 1343 418; x_wconf 82' lang='grc' dir='ltr'>Ἀλλ’</span> <span class='ocrx_word' id='word_1_120' title='bbox 1375 393 1444 430; x_wconf 78' lang='grc' dir='ltr'>εἰπερ</span> <span class='ocrx_word' id='word_1_121' title='bbox 1474 392 1501 424; x_wconf 72' lang='grc' dir='ltr'><strong><em>ἕξ</em></strong></span> <span class='ocrx_word' id='word_1_122' title='bbox 1527 393 1608 425; x_wconf 82' lang='grc' dir='ltr'>αὐτῆς</span> <span class='ocrx_word' id='word_1_123' title='bbox 1639 394 1739 430; x_wconf 56' lang='lat' dir='ltr'>imicus</span> <span class='ocrx_word' id='word_1_124' title='bbox 1767 395 1866 424; x_wconf 71' lang='grc' dir='ltr'>ταύτην</span> <span class='ocrx_word' id='word_1_125' title='bbox 1886 395 1902 422; x_wconf 69' lang='lat'>£1</span> 
     </span>
    </p>
   </div>
   <div class='ocr_carea' id='block_1_22' title="bbox 1141 436 1902 476">
    <p class='ocr_par' dir='ltr' id='par_1_22' title="bbox 1141 436 1902 476">
     <span class='ocr_line' id='line_1_22' title="bbox 1141 436 1902 476; baseline 0.007 -15"><span class='ocrx_word' id='word_1_126' title='bbox 1141 444 1214 471; x_wconf 78' lang='grc' dir='ltr'>σεως,</span> <span class='ocrx_word' id='word_1_127' title='bbox 1242 438 1306 472; x_wconf 68' lang='grc' dir='ltr'>φαίη</span> <span class='ocrx_word' id='word_1_128' title='bbox 1331 446 1370 468; x_wconf 85' lang='grc' dir='ltr'>τις</span> <span class='ocrx_word' id='word_1_129' title='bbox 1390 436 1430 470; x_wconf 78' lang='grc' dir='ltr'>ἂν,</span> <span class='ocrx_word' id='word_1_130' title='bbox 1450 439 1476 464; x_wconf 84' lang='grc' dir='ltr'>τί</span> <span class='ocrx_word' id='word_1_131' title='bbox 1493 436 1535 464; x_wconf 82' lang='grc' dir='ltr'>δεῖ</span> <span class='ocrx_word' id='word_1_132' title='bbox 1553 447 1615 465; x_wconf 80' lang='grc' dir='ltr'>ποτε</span> <span class='ocrx_word' id='word_1_133' title='bbox 1637 441 1682 465; x_wconf 83' lang='grc' dir='ltr'>καὶ</span> <span class='ocrx_word' id='word_1_134' title='bbox 1707 439 1799 476; x_wconf 70' lang='grc' dir='ltr'>ἑτερου</span> <span class='ocrx_word' id='word_1_135' title='bbox 1823 439 1902 476; x_wconf 46' lang='lat' dir='ltr'>amri!</span> 
     </span>
    </p>
   </div>
   <div class='ocr_carea' id='block_1_23' title="bbox 1139 479 1611 516">
    <p class='ocr_par' dir='ltr' id='par_1_23' title="bbox 1139 479 1611 516">
     <span class='ocr_line' id='line_1_23' title="bbox 1139 479 1611 516; baseline 0.006 -10"><span class='ocrx_word' id='word_1_136' title='bbox 1139 481 1272 516; x_wconf 81' lang='grc' dir='ltr'>ἁγιασμοῡ</span> <span class='ocrx_word' id='word_1_137' title='bbox 1284 489 1291 514; x_wconf 84' lang='lat'><strong>;</strong></span> <span class='ocrx_word' id='word_1_138' title='bbox 1307 483 1383 512; x_wconf 85' lang='grc' dir='ltr'>ποίας</span> <span class='ocrx_word' id='word_1_139' title='bbox 1395 479 1424 508; x_wconf 60' lang='grc' dir='ltr'>δὴ</span> <span class='ocrx_word' id='word_1_140' title='bbox 1438 481 1589 513; x_wconf 80' lang='grc' dir='ltr'>τελειώσεως</span> <span class='ocrx_word' id='word_1_141' title='bbox 1604 491 1611 516; x_wconf 85' lang='lat'>;</span> 
     </span>
    </p>
   </div>
   <div class='ocr_carea' id='block_1_24' title="bbox 1174 527 1902 565">
    <p class='ocr_par' dir='ltr' id='par_1_24' title="bbox 1174 527 1902 565">
     <span class='ocr_line' id='line_1_24' title="bbox 1174 527 1902 565; baseline 0.007 -15"><span class='ocrx_word' id='word_1_142' title='bbox 1174 528 1245 552; x_wconf 85' lang='grc' dir='ltr'>ΣΩΤ.</span> <span class='ocrx_word' id='word_1_143' title='bbox 1261 527 1416 563; x_wconf 78' lang='grc' dir='ltr'>Μακρότιροξ</span> <span class='ocrx_word' id='word_1_144' title='bbox 1435 536 1466 562; x_wconf 84' lang='grc' dir='ltr'>μι</span> <span class='ocrx_word' id='word_1_145' title='bbox 1485 529 1530 553; x_wconf 80' lang='grc' dir='ltr'>καὶ</span> <span class='ocrx_word' id='word_1_146' title='bbox 1555 531 1600 554; x_wconf 85' lang='grc' dir='ltr'>τοῦ</span> <span class='ocrx_word' id='word_1_147' title='bbox 1618 527 1709 563; x_wconf 75' lang='grc' dir='ltr'>λόγου,</span> <span class='ocrx_word' id='word_1_148' title='bbox 1733 529 1829 565; x_wconf 76' lang='grc' dir='ltr'>οἰριστι</span> <span class='ocrx_word' id='word_1_149' title='bbox 1851 529 1902 556; x_wconf 65' lang='lat' dir='ltr'>dim</span> 
     </span>
    </p>
   </div>
   <div class='ocr_carea' id='block_1_25' title="bbox 1139 568 1902 610">
    <p class='ocr_par' dir='ltr' id='par_1_25' title="bbox 1139 568 1902 610">
     <span class='ocr_line' id='line_1_25' title="bbox 1139 568 1902 610; baseline 0.007 -15"><span class='ocrx_word' id='word_1_150' title='bbox 1139 568 1293 605; x_wconf 77' lang='grc' dir='ltr'>ἀναγκάζεις</span> <span class='ocrx_word' id='word_1_151' title='bbox 1319 570 1400 606; x_wconf 85' lang='grc' dir='ltr'>λέγιιν</span> <span class='ocrx_word' id='word_1_152' title='bbox 1415 579 1421 586; x_wconf 89' lang='grc'>·</span> <span class='ocrx_word' id='word_1_153' title='bbox 1445 571 1511 601; x_wconf 82' lang='grc' dir='ltr'>πλὴν</span> <span class='ocrx_word' id='word_1_154' title='bbox 1527 581 1573 598; x_wconf 82' lang='grc' dir='ltr'>και</span> <span class='ocrx_word' id='word_1_155' title='bbox 1596 576 1673 599; x_wconf 69' lang='grc' dir='ltr'>τοῦτο</span> <span class='ocrx_word' id='word_1_156' title='bbox 1694 575 1747 602; x_wconf 82' lang='grc' dir='ltr'>σὴν</span> <span class='ocrx_word' id='word_1_157' title='bbox 1770 575 1871 608; x_wconf 70' lang='grc' dir='ltr'>ιῖρηται</span> <span class='ocrx_word' id='word_1_158' title='bbox 1890 585 1902 610; x_wconf 66' lang='grc' dir='ltr'><strong><em>λ</em></strong></span> 
     </span>
    </p>
   </div>
   <div class='ocr_carea' id='block_1_26' title="bbox 1137 613 1888 654">
    <p class='ocr_par' dir='ltr' id='par_1_26' title="bbox 1137 613 1888 654">
     <span class='ocr_line' id='line_1_26' title="bbox 1137 613 1888 654; baseline 0.007 -15"><span class='ocrx_word' id='word_1_159' title='bbox 1137 622 1189 649; x_wconf 90' lang='grc' dir='ltr'>ριν.</span> <span class='ocrx_word' id='word_1_160' title='bbox 1215 613 1291 644; x_wconf 77' lang='grc' dir='ltr'>Ἕθος</span> <span class='ocrx_word' id='word_1_161' title='bbox 1317 618 1370 644; x_wconf 81' lang='grc' dir='ltr'>τοῖς</span> <span class='ocrx_word' id='word_1_162' title='bbox 1397 615 1642 652; x_wconf 75' lang='grc' dir='ltr'>καταλλαττομένοις</span> <span class='ocrx_word' id='word_1_163' title='bbox 1666 616 1726 644; x_wconf 74' lang='grc' dir='ltr'>ἐστι</span> <span class='ocrx_word' id='word_1_164' title='bbox 1751 617 1888 654; x_wconf 75' lang='grc' dir='ltr'>λαμϐάνειν</span> 
     </span>
    </p>
   </div>
   <div class='ocr_carea' id='block_1_27' title="bbox 1137 657 1902 699">
    <p class='ocr_par' dir='ltr' id='par_1_27' title="bbox 1137 657 1902 699">
     <span class='ocr_line' id='line_1_27' title="bbox 1137 657 1902 699; baseline 0.008 -16"><span class='ocrx_word' id='word_1_165' title='bbox 1137 657 1198 694; x_wconf 85' lang='grc' dir='ltr'>παρ’</span> <span class='ocrx_word' id='word_1_166' title='bbox 1234 657 1348 687; x_wconf 76' lang='grc' dir='ltr'>ἀλλήλων</span> <span class='ocrx_word' id='word_1_167' title='bbox 1377 663 1424 691; x_wconf 78' lang='grc' dir='ltr'>τῆς</span> <span class='ocrx_word' id='word_1_168' title='bbox 1457 659 1711 698; x_wconf 69' lang='grc' dir='ltr'>ἔμπιδωθησομίνης</span> <span class='ocrx_word' id='word_1_169' title='bbox 1754 662 1840 699; x_wconf 69' lang='grc' dir='ltr'>φιλίας</span> <span class='ocrx_word' id='word_1_170' title='bbox 1868 662 1902 699; x_wconf 70' lang='grc' dir='ltr'>ἔχε</span> 
     </span>
    </p>
   </div>
   <div class='ocr_carea' id='block_1_28' title="bbox 1137 701 1902 744">
    <p class='ocr_par' dir='ltr' id='par_1_28' title="bbox 1137 701 1902 744">
     <span class='ocr_line' id='line_1_28' title="bbox 1137 701 1902 744; baseline 0.008 -16"><span class='ocrx_word' id='word_1_171' title='bbox 1137 712 1216 738; x_wconf 81' lang='grc' dir='ltr'>γυον·</span> <span class='ocrx_word' id='word_1_172' title='bbox 1245 701 1346 740; x_wconf 71' lang='grc' dir='ltr'>ἐπείπερ</span> <span class='ocrx_word' id='word_1_173' title='bbox 1373 702 1416 730; x_wconf 78' lang='grc' dir='ltr'>οὖν</span> <span class='ocrx_word' id='word_1_174' title='bbox 1440 707 1485 731; x_wconf 80' lang='grc' dir='ltr'>καὶ</span> <span class='ocrx_word' id='word_1_175' title='bbox 1511 706 1580 742; x_wconf 80' lang='grc' dir='ltr'>ἡμᾶς</span> <span class='ocrx_word' id='word_1_176' title='bbox 1612 704 1648 732; x_wconf 75' lang='grc' dir='ltr'>δι’</span> <span class='ocrx_word' id='word_1_177' title='bbox 1673 707 1777 743; x_wconf 72' lang='grc' dir='ltr'>ἔχθρας</span> <span class='ocrx_word' id='word_1_178' title='bbox 1805 711 1902 744; x_wconf 76' lang='grc' dir='ltr'>γεγονότ</span> 
     </span>
    </p>
   </div>
   <div class='ocr_carea' id='block_1_29' title="bbox 1137 746 1902 788">
    <p class='ocr_par' dir='ltr' id='par_1_29' title="bbox 1137 746 1902 788">
     <span class='ocr_line' id='line_1_29' title="bbox 1137 746 1902 788; baseline 0.007 -15"><span class='ocrx_word' id='word_1_179' title='bbox 1137 751 1194 782; x_wconf 84' lang='grc' dir='ltr'>Θεῷ</span> <span class='ocrx_word' id='word_1_180' title='bbox 1214 746 1296 784; x_wconf 75' lang='grc' dir='ltr'>ἐχρῆν</span> <span class='ocrx_word' id='word_1_181' title='bbox 1320 748 1553 785; x_wconf 70' lang='grc' dir='ltr'>καταλλάττεσθαι,</span> <span class='ocrx_word' id='word_1_182' title='bbox 1576 754 1622 782; x_wconf 86' lang='grc' dir='ltr'>τῆς</span> <span class='ocrx_word' id='word_1_183' title='bbox 1646 751 1718 783; x_wconf 73' lang='grc' dir='ltr'>Θείας</span> <span class='ocrx_word' id='word_1_184' title='bbox 1747 752 1797 778; x_wconf 73' lang='grc' dir='ltr'>οὐχ</span> <span class='ocrx_word' id='word_1_185' title='bbox 1822 751 1902 788; x_wconf 74' lang='grc' dir='ltr'>ἁνασχ</span> 
     </span>
    </p>
   </div>
   <div class='ocr_carea' id='block_1_30' title="bbox 1136 792 1902 834">
    <p class='ocr_par' dir='ltr' id='par_1_30' title="bbox 1136 792 1902 834">
     <span class='ocr_line' id='line_1_30' title="bbox 1136 792 1902 834; baseline 0.007 -15"><span class='ocrx_word' id='word_1_186' title='bbox 1136 802 1212 829; x_wconf 75' lang='grc' dir='ltr'>μενος</span> <span class='ocrx_word' id='word_1_187' title='bbox 1249 792 1391 829; x_wconf 71' lang='grc' dir='ltr'>ἀφιστάναι</span> <span class='ocrx_word' id='word_1_188' title='bbox 1429 793 1574 827; x_wconf 82' lang='grc' dir='ltr'>διαπαντὸς</span> <span class='ocrx_word' id='word_1_189' title='bbox 1605 797 1785 832; x_wconf 81' lang='grc' dir='ltr'>ἀγαθότητος,</span> <span class='ocrx_word' id='word_1_190' title='bbox 1819 800 1902 834; x_wconf 75' lang='grc' dir='ltr'>πρότερ</span> 
     </span>
    </p>
   </div>
   <div class='ocr_carea' id='block_1_31' title="bbox 1137 837 1902 879">
    <p class='ocr_par' dir='ltr' id='par_1_31' title="bbox 1137 837 1902 879">
     <span class='ocr_line' id='line_1_31' title="bbox 1137 837 1902 879; baseline 0.007 -15"><span class='ocrx_word' id='word_1_191' title='bbox 1137 837 1214 868; x_wconf 79' lang='grc' dir='ltr'>αὐτὸς</span> <span class='ocrx_word' id='word_1_192' title='bbox 1234 838 1247 864; x_wconf 87' lang='grc' dir='ltr'><strong><em>ὁ</em></strong></span> <span class='ocrx_word' id='word_1_193' title='bbox 1270 840 1315 865; x_wconf 80' lang='grc' dir='ltr'>καὶ</span> <span class='ocrx_word' id='word_1_194' title='bbox 1337 841 1384 868; x_wconf 81' lang='grc' dir='ltr'>τὴν</span> <span class='ocrx_word' id='word_1_195' title='bbox 1404 838 1491 876; x_wconf 80' lang='grc' dir='ltr'>ἀρχὴν</span> <span class='ocrx_word' id='word_1_196' title='bbox 1515 841 1669 873; x_wconf 78' lang='grc' dir='ltr'>ὑποστήσας</span> <span class='ocrx_word' id='word_1_197' title='bbox 1693 845 1783 878; x_wconf 83' lang='grc' dir='ltr'>Λόγος</span> <span class='ocrx_word' id='word_1_198' title='bbox 1807 845 1854 872; x_wconf 76' lang='grc' dir='ltr'>τὴν</span> <span class='ocrx_word' id='word_1_199' title='bbox 1874 843 1902 879; x_wconf 65' lang='lat' dir='ltr'>rip</span> 
     </span>
    </p>
   </div>
   <div class='ocr_carea' id='block_1_32' title="bbox 256 880 1088 925">
    <p class='ocr_par' dir='ltr' id='par_1_32' title="bbox 256 880 1082 916">
     <span class='ocr_line' id='line_1_32' title="bbox 256 880 1082 916; baseline -0.002 -7"><span class='ocrx_word' id='word_1_200' title='bbox 256 880 623 916; x_wconf 83' lang='lat' dir='ltr'>subsistebat,substantia</span> <span class='ocrx_word' id='word_1_201' title='bbox 629 882 730 908; x_wconf 88' lang='lat' dir='ltr'>nostra</span> <span class='ocrx_word' id='word_1_202' title='bbox 736 881 1082 916; x_wconf 86' lang='lat' dir='ltr'>suscepta,peccatorum</span> 
     </span>
    </p>
   </div>
   <div class='ocr_carea' id='block_1_33' title="bbox 1144 880 1902 925">
    <p class='ocr_par' dir='ltr' id='par_1_33' title="bbox 1144 881 1902 925">
     <span class='ocr_line' id='line_1_33' title="bbox 1144 881 1902 925; baseline 0.007 -17"><span class='ocrx_word' id='word_1_203' title='bbox 1144 881 1226 912; x_wconf 67' lang='grc' dir='ltr'>ῗαπὴν</span> <span class='ocrx_word' id='word_1_204' title='bbox 1253 883 1362 920; x_wconf 64' lang='grc' dir='ltr'>εἰληφὼς</span> <span class='ocrx_word' id='word_1_205' title='bbox 1387 883 1479 910; x_wconf 71' lang='grc' dir='ltr'>οὐσίαν</span> <span class='ocrx_word' id='word_1_206' title='bbox 1513 883 1655 912; x_wconf 74' lang='grc' dir='ltr'>ἀντέδωκεν</span> <span class='ocrx_word' id='word_1_207' title='bbox 1688 887 1755 923; x_wconf 78' lang='grc' dir='ltr'>ἡμῖν</span> <span class='ocrx_word' id='word_1_208' title='bbox 1788 887 1902 925; x_wconf 69' lang='grc' dir='ltr'>ἁμαρτημ</span> 
     </span>
    </p>
   </div>
   <div class='ocr_carea' id='block_1_34' title="bbox 256 924 1084 960">
    <p class='ocr_par' dir='ltr' id='par_1_34' title="bbox 256 924 1084 960">
     <span class='ocr_line' id='line_1_34' title="bbox 256 924 1084 960; baseline -0.002 -6"><span class='ocrx_word' id='word_1_209' title='bbox 256 926 466 954; x_wconf 83' lang='lat' dir='ltr'>remissionem</span> <span class='ocrx_word' id='word_1_210' title='bbox 481 924 571 952; x_wconf 87' lang='lat' dir='ltr'>nobis</span> <span class='ocrx_word' id='word_1_211' title='bbox 592 924 717 960; x_wconf 79' lang='lat' dir='ltr'>largitus</span> <span class='ocrx_word' id='word_1_212' title='bbox 735 927 788 958; x_wconf 91' lang='lat' dir='ltr'>est,</span> <span class='ocrx_word' id='word_1_213' title='bbox 805 927 895 960; x_wconf 87' lang='lat' dir='ltr'>atque</span> <span class='ocrx_word' id='word_1_214' title='bbox 909 931 945 953; x_wconf 80' lang='lat' dir='ltr'>ex</span> <span class='ocrx_word' id='word_1_215' title='bbox 958 924 1084 960; x_wconf 82' lang='lat' dir='ltr'>antiqua</span> 
     </span>
    </p>
   </div>
   <div class='ocr_carea' id='block_1_35' title="bbox 256 969 1083 1006">
    <p class='ocr_par' dir='ltr' id='par_1_35' title="bbox 256 969 1083 1006">
     <span class='ocr_line' id='line_1_35' title="bbox 256 969 1083 1006; baseline -0.002 -8"><span class='ocrx_word' id='word_1_216' title='bbox 256 970 362 998; x_wconf 83' lang='lat' dir='ltr'>fraude</span> <span class='ocrx_word' id='word_1_217' title='bbox 375 969 493 1006; x_wconf 86' lang='lat' dir='ltr'>eripuit,</span> <span class='ocrx_word' id='word_1_218' title='bbox 509 969 610 997; x_wconf 87' lang='lat' dir='ltr'>multis</span> <span class='ocrx_word' id='word_1_219' title='bbox 624 969 768 1006; x_wconf 86' lang='lat' dir='ltr'>mirisque</span> <span class='ocrx_word' id='word_1_220' title='bbox 789 969 904 997; x_wconf 84' lang='lat' dir='ltr'>collatis</span> <span class='ocrx_word' id='word_1_221' title='bbox 918 969 1083 997; x_wconf 84' lang='lat' dir='ltr'>beneﬁciis.</span> 
     </span>
    </p>
   </div>
   <div class='ocr_carea' id='block_1_36' title="bbox 259 1013 1084 1051">
    <p class='ocr_par' dir='ltr' id='par_1_36' title="bbox 259 1013 1084 1051">
     <span class='ocr_line' id='line_1_36' title="bbox 259 1013 1084 1051; baseline -0.002 -8"><span class='ocrx_word' id='word_1_222' title='bbox 259 1015 316 1043; x_wconf 88' lang='lat' dir='ltr'>Sed</span> <span class='ocrx_word' id='word_1_223' title='bbox 325 1015 397 1051; x_wconf 76' lang='lat' dir='ltr'>quia</span> <span class='ocrx_word' id='word_1_224' title='bbox 406 1014 495 1043; x_wconf 87' lang='lat' dir='ltr'>etiam</span> <span class='ocrx_word' id='word_1_225' title='bbox 504 1014 691 1050; x_wconf 81' lang='lat' dir='ltr'>Patrem,qui</span> <span class='ocrx_word' id='word_1_226' title='bbox 700 1014 862 1051; x_wconf 81' lang='lat' dir='ltr'>adoptione</span> <span class='ocrx_word' id='word_1_227' title='bbox 871 1022 928 1042; x_wconf 88' lang='lat' dir='ltr'>nos</span> <span class='ocrx_word' id='word_1_228' title='bbox 939 1013 1084 1049; x_wconf 79' lang='lat' dir='ltr'>dignaba-</span> 
     </span>
    </p>
   </div>
   <div class='ocr_carea' id='block_1_37' title="bbox 257 1058 1085 1095">
    <p class='ocr_par' dir='ltr' id='par_1_37' title="bbox 257 1058 1085 1095">
     <span class='ocr_line' id='line_1_37' title="bbox 257 1058 1085 1095; baseline -0.001 -8"><span class='ocrx_word' id='word_1_229' title='bbox 257 1063 316 1094; x_wconf 85' lang='lat' dir='ltr'>tur,</span> <span class='ocrx_word' id='word_1_230' title='bbox 324 1059 436 1095; x_wconf 90' lang='lat' dir='ltr'>aliquid</span> <span class='ocrx_word' id='word_1_231' title='bbox 448 1067 466 1087; x_wconf 90' lang='lat' dir='ltr'>a</span> <span class='ocrx_word' id='word_1_232' title='bbox 480 1058 568 1087; x_wconf 88' lang='lat' dir='ltr'>nobis</span> <span class='ocrx_word' id='word_1_233' title='bbox 579 1059 715 1095; x_wconf 87' lang='lat' dir='ltr'>accipere</span> <span class='ocrx_word' id='word_1_234' title='bbox 729 1067 850 1095; x_wconf 80' lang='lat' dir='ltr'>aequum</span> <span class='ocrx_word' id='word_1_235' title='bbox 858 1061 929 1094; x_wconf 85' lang='lat' dir='ltr'>erat,</span> <span class='ocrx_word' id='word_1_236' title='bbox 937 1059 1026 1087; x_wconf 90' lang='lat' dir='ltr'>nobis</span> <span class='ocrx_word' id='word_1_237' title='bbox 1033 1066 1085 1087; x_wconf 85' lang='lat' dir='ltr'>au-</span> 
     </span>
    </p>
   </div>
   <div class='ocr_carea' id='block_1_38' title="bbox 259 1103 1083 1140">
    <p class='ocr_par' dir='ltr' id='par_1_38' title="bbox 259 1103 1083 1140">
     <span class='ocr_line' id='line_1_38' title="bbox 259 1103 1083 1140; baseline -0.001 -8"><span class='ocrx_word' id='word_1_238' title='bbox 259 1107 319 1132; x_wconf 87' lang='lat' dir='ltr'>tem</span> <span class='ocrx_word' id='word_1_239' title='bbox 327 1104 401 1132; x_wconf 86' lang='lat' dir='ltr'>nihil</span> <span class='ocrx_word' id='word_1_240' title='bbox 411 1111 520 1140; x_wconf 84' lang='lat' dir='ltr'>purum</span> <span class='ocrx_word' id='word_1_241' title='bbox 532 1103 645 1137; x_wconf 87' lang='lat' dir='ltr'>aderat,</span> <span class='ocrx_word' id='word_1_242' title='bbox 657 1106 710 1131; x_wconf 91' lang='lat' dir='ltr'>aut</span> <span class='ocrx_word' id='word_1_243' title='bbox 720 1103 770 1131; x_wconf 88' lang='lat' dir='ltr'>Dei</span> <span class='ocrx_word' id='word_1_244' title='bbox 781 1104 938 1139; x_wconf 85' lang='lat' dir='ltr'>majestate</span> <span class='ocrx_word' id='word_1_245' title='bbox 945 1103 1083 1139; x_wconf 79' lang='lat' dir='ltr'>dignum,</span> 
     </span>
    </p>
   </div>
   <div class='ocr_carea' id='block_1_39' title="bbox 260 1147 1087 1185">
    <p class='ocr_par' dir='ltr' id='par_1_39' title="bbox 260 1147 1087 1185">
     <span class='ocr_line' id='line_1_39' title="bbox 260 1147 1087 1185; baseline -0.001 -9"><span class='ocrx_word' id='word_1_246' title='bbox 260 1151 384 1185; x_wconf 88' lang='lat' dir='ltr'>peccato</span> <span class='ocrx_word' id='word_1_247' title='bbox 392 1147 868 1183; x_wconf 84' lang='lat' dir='ltr'>omniacommaculante,idcirco</span> <span class='ocrx_word' id='word_1_248' title='bbox 876 1148 976 1184; x_wconf 89' lang='lat' dir='ltr'>ipsum</span> <span class='ocrx_word' id='word_1_249' title='bbox 984 1147 1087 1176; x_wconf 84' lang='lat' dir='ltr'>thean-</span> 
     </span>
    </p>
   </div>
   <div class='ocr_carea' id='block_1_40' title="bbox 259 1192 1087 1228">
    <p class='ocr_par' dir='ltr' id='par_1_40' title="bbox 259 1192 1087 1228">
     <span class='ocr_line' id='line_1_40' title="bbox 259 1192 1087 1228; baseline 0 -8"><span class='ocrx_word' id='word_1_250' title='bbox 259 1193 375 1221; x_wconf 87' lang='lat' dir='ltr'>dricum</span> <span class='ocrx_word' id='word_1_251' title='bbox 393 1193 749 1228; x_wconf 86' lang='lat' dir='ltr'>Verbum,paupertatem</span> <span class='ocrx_word' id='word_1_252' title='bbox 760 1195 896 1220; x_wconf 86' lang='lat' dir='ltr'>nostram</span> <span class='ocrx_word' id='word_1_253' title='bbox 905 1200 960 1220; x_wconf 87' lang='lat' dir='ltr'>ceu</span> <span class='ocrx_word' id='word_1_254' title='bbox 974 1192 1087 1220; x_wconf 88' lang='lat' dir='ltr'>media-</span> 
     </span>
    </p>
   </div>
   <div class='ocr_carea' id='block_1_41' title="bbox 261 1236 1084 1274">
    <p class='ocr_par' dir='ltr' id='par_1_41' title="bbox 261 1236 1084 1274">
     <span class='ocr_line' id='line_1_41' title="bbox 261 1236 1084 1274; baseline -0.002 -8"><span class='ocrx_word' id='word_1_255' title='bbox 261 1241 307 1266; x_wconf 92' lang='lat' dir='ltr'>tor</span> <span class='ocrx_word' id='word_1_256' title='bbox 326 1237 479 1274; x_wconf 83' lang='lat' dir='ltr'>supplens,</span> <span class='ocrx_word' id='word_1_257' title='bbox 494 1237 690 1265; x_wconf 81' lang='lat' dir='ltr'>humanitatis</span> <span class='ocrx_word' id='word_1_258' title='bbox 716 1236 816 1265; x_wconf 80' lang='lat' dir='ltr'>forma.</span> <span class='ocrx_word' id='word_1_259' title='bbox 839 1236 975 1272; x_wconf 87' lang='lat' dir='ltr'>indutus,</span> <span class='ocrx_word' id='word_1_260' title='bbox 996 1244 1084 1265; x_wconf 88' lang='lat' dir='ltr'>suum</span> 
     </span>
    </p>
   </div>
   <div class='ocr_carea' id='block_1_42' title="bbox 261 1281 1089 1317">
    <p class='ocr_par' dir='ltr' id='par_1_42' title="bbox 261 1281 1089 1317">
     <span class='ocr_line' id='line_1_42' title="bbox 261 1281 1089 1317; baseline -0.001 -7"><span class='ocrx_word' id='word_1_261' title='bbox 261 1282 369 1310; x_wconf 84' lang='lat' dir='ltr'>obtulit</span> <span class='ocrx_word' id='word_1_262' title='bbox 379 1282 567 1317; x_wconf 80' lang='lat' dir='ltr'>sanguinem,</span> <span class='ocrx_word' id='word_1_263' title='bbox 574 1281 726 1309; x_wconf 86' lang='lat' dir='ltr'>victimam</span> <span class='ocrx_word' id='word_1_264' title='bbox 734 1281 971 1317; x_wconf 84' lang='lat' dir='ltr'>immaculatam,</span> <span class='ocrx_word' id='word_1_265' title='bbox 979 1282 1089 1309; x_wconf 84' lang='lat' dir='ltr'>saluta-</span> 
     </span>
    </p>
   </div>
   <div class='ocr_carea' id='block_1_43' title="bbox 262 1325 1090 1361">
    <p class='ocr_par' dir='ltr' id='par_1_43' title="bbox 262 1325 1090 1361">
     <span class='ocr_line' id='line_1_43' title="bbox 262 1325 1090 1361; baseline -0.002 -6"><span class='ocrx_word' id='word_1_266' title='bbox 262 1335 325 1355; x_wconf 88' lang='lat' dir='ltr'>rem</span> <span class='ocrx_word' id='word_1_267' title='bbox 336 1326 478 1361; x_wconf 84' lang='lat' dir='ltr'>hostiam,</span> <span class='ocrx_word' id='word_1_268' title='bbox 489 1326 526 1354; x_wconf 87' lang='lat' dir='ltr'>ad</span> <span class='ocrx_word' id='word_1_269' title='bbox 535 1333 591 1354; x_wconf 88' lang='lat' dir='ltr'>nos</span> <span class='ocrx_word' id='word_1_270' title='bbox 602 1334 673 1354; x_wconf 87' lang='lat' dir='ltr'>cum</span> <span class='ocrx_word' id='word_1_271' title='bbox 683 1327 767 1354; x_wconf 82' lang='lat' dir='ltr'>Patre</span> <span class='ocrx_word' id='word_1_272' title='bbox 776 1325 982 1354; x_wconf 80' lang='lat' dir='ltr'>conciliandas</span> <span class='ocrx_word' id='word_1_273' title='bbox 990 1325 1090 1354; x_wconf 76' lang='lat' dir='ltr'>effica-</span> 
     </span>
    </p>
   </div>
   <div class='ocr_carea' id='block_1_44' title="bbox 263 1369 1087 1406">
    <p class='ocr_par' dir='ltr' id='par_1_44' title="bbox 263 1369 1087 1406">
     <span class='ocr_line' id='line_1_44' title="bbox 263 1369 1087 1406; baseline -0.001 -7"><span class='ocrx_word' id='word_1_274' title='bbox 263 1371 425 1399; x_wconf 87' lang='lat' dir='ltr'>cissimam.</span> <span class='ocrx_word' id='word_1_275' title='bbox 437 1371 535 1404; x_wconf 87' lang='lat' dir='ltr'>Quam</span> <span class='ocrx_word' id='word_1_276' title='bbox 544 1378 609 1398; x_wconf 89' lang='lat' dir='ltr'>rem</span> <span class='ocrx_word' id='word_1_277' title='bbox 621 1377 701 1406; x_wconf 71' lang='lat' dir='ltr'>seepe</span> <span class='ocrx_word' id='word_1_278' title='bbox 716 1369 850 1398; x_wconf 86' lang='lat' dir='ltr'>declarat</span> <span class='ocrx_word' id='word_1_279' title='bbox 863 1369 949 1398; x_wconf 87' lang='lat' dir='ltr'>divus</span> <span class='ocrx_word' id='word_1_280' title='bbox 963 1369 1087 1398; x_wconf 82' lang='lat' dir='ltr'>Paulus:</span> 
     </span>
    </p>
   </div>
   <div class='ocr_carea' id='block_1_45' title="bbox 263 1415 1089 1450">
    <p class='ocr_par' dir='ltr' id='par_1_45' title="bbox 263 1415 1089 1450">
     <span class='ocr_line' id='line_1_45' title="bbox 263 1415 1089 1450; baseline -0.001 -6"><span class='ocrx_word' id='word_1_281' title='bbox 263 1416 425 1450; x_wconf 77' lang='lat' dir='ltr'>Justiﬁcati</span> <span class='ocrx_word' id='word_1_282' title='bbox 438 1416 527 1449; x_wconf 82' lang='lat' dir='ltr'>enim,</span> <span class='ocrx_word' id='word_1_283' title='bbox 544 1415 585 1444; x_wconf 90' lang='lat' dir='ltr'>ait</span> <span class='ocrx_word' id='word_1_284' title='bbox 598 1415 800 1450; x_wconf 73' lang='lat' dir='ltr'>in,sanguine</span> <span class='ocrx_word' id='word_1_285' title='bbox 817 1415 900 1449; x_wconf 80' lang='lat' dir='ltr'>Filii,</span> <span class='ocrx_word' id='word_1_286' title='bbox 918 1422 973 1450; x_wconf 79' lang='lat' dir='ltr'>per</span> <span class='ocrx_word' id='word_1_287' title='bbox 992 1416 1089 1450; x_wconf 82' lang='lat' dir='ltr'>ipsum</span> 
     </span>
    </p>
   </div>
   <div class='ocr_carea' id='block_1_46' title="bbox 264 1459 1090 1493">
    <p class='ocr_par' dir='ltr' id='par_1_46' title="bbox 264 1459 1090 1493">
     <span class='ocr_line' id='line_1_46' title="bbox 264 1459 1090 1493; baseline -0.001 -5"><span class='ocrx_word' id='word_1_288' title='bbox 264 1461 343 1489; x_wconf 77' lang='grc' dir='ltr'>εαιυί</span> <span class='ocrx_word' id='word_1_289' title='bbox 357 1461 467 1488; x_wconf 83' lang='lat' dir='ltr'>erimus</span> <span class='ocrx_word' id='word_1_290' title='bbox 479 1461 499 1488; x_wconf 96' lang='grc'>¹.</span> <span class='ocrx_word' id='word_1_291' title='bbox 515 1461 549 1487; x_wconf 85' lang='lat' dir='ltr'>Et</span> <span class='ocrx_word' id='word_1_292' title='bbox 562 1467 667 1487; x_wconf 86' lang='lat' dir='ltr'>rursus</span> <span class='ocrx_word' id='word_1_293' title='bbox 679 1467 686 1487; x_wconf 91' lang='lat'>:</span> <span class='ocrx_word' id='word_1_294' title='bbox 708 1459 765 1493; x_wconf 81' lang='lat' dir='ltr'>Qui</span> <span class='ocrx_word' id='word_1_295' title='bbox 776 1459 888 1487; x_wconf 80' lang='lat' dir='ltr'>inimici</span> <span class='ocrx_word' id='word_1_296' title='bbox 902 1467 1030 1493; x_wconf 72' lang='lat' dir='ltr'>eramus,</span> <span class='ocrx_word' id='word_1_297' title='bbox 1043 1467 1090 1487; x_wconf 88' lang='lat' dir='ltr'>re-</span> 
     </span>
    </p>
   </div>
   <div class='ocr_carea' id='block_1_47' title="bbox 266 1504 1091 1539">
    <p class='ocr_par' dir='ltr' id='par_1_47' title="bbox 266 1504 1091 1539">
     <span class='ocr_line' id='line_1_47' title="bbox 266 1504 1091 1539; baseline -0.001 -6"><span class='ocrx_word' id='word_1_298' title='bbox 266 1505 420 1534; x_wconf 78' lang='lat' dir='ltr'>conciliati</span> <span class='ocrx_word' id='word_1_299' title='bbox 429 1512 530 1532; x_wconf 81' lang='lat' dir='ltr'>sumus</span> <span class='ocrx_word' id='word_1_300' title='bbox 538 1512 593 1539; x_wconf 83' lang='lat' dir='ltr'>per</span> <span class='ocrx_word' id='word_1_301' title='bbox 601 1505 778 1539; x_wconf 80' lang='lat' dir='ltr'>sanguinem</span> <span class='ocrx_word' id='word_1_302' title='bbox 790 1504 864 1532; x_wconf 80' lang='lat' dir='ltr'>Filii</span> <span class='ocrx_word' id='word_1_303' title='bbox 876 1505 940 1539; x_wconf 82' lang='lat' dir='ltr'>ejus</span> <span class='ocrx_word' id='word_1_304' title='bbox 947 1505 969 1532; x_wconf 72' lang='grc'>³.</span> <span class='ocrx_word' id='word_1_305' title='bbox 981 1504 1091 1538; x_wconf 85' lang='lat' dir='ltr'>Quidni</span> 
     </span>
    </p>
   </div>
   <div class='ocr_carea' id='block_1_48' title="bbox 267 1549 1091 1586">
    <p class='ocr_par' dir='ltr' id='par_1_48' title="bbox 267 1549 1091 1586">
     <span class='ocr_line' id='line_1_48' title="bbox 267 1549 1091 1586; baseline -0.001 -7"><span class='ocrx_word' id='word_1_306' title='bbox 267 1558 339 1586; x_wconf 80' lang='lat' dir='ltr'>ergo</span> <span class='ocrx_word' id='word_1_307' title='bbox 356 1549 445 1578; x_wconf 79' lang='lat' dir='ltr'>valde</span> <span class='ocrx_word' id='word_1_308' title='bbox 464 1549 501 1578; x_wconf 87' lang='lat' dir='ltr'>sit</span> <span class='ocrx_word' id='word_1_309' title='bbox 521 1549 688 1578; x_wconf 87' lang='lat' dir='ltr'>absurdum</span> <span class='ocrx_word' id='word_1_310' title='bbox 710 1549 818 1583; x_wconf 87' lang='lat' dir='ltr'>dicere,</span> <span class='ocrx_word' id='word_1_311' title='bbox 832 1549 1014 1578; x_wconf 82' lang='lat' dir='ltr'>sacriﬁcium</span> <span class='ocrx_word' id='word_1_312' title='bbox 1033 1549 1091 1578; x_wconf 89' lang='lat' dir='ltr'>hoc</span> 
     </span>
    </p>
   </div>
   <div class='ocr_carea' id='block_1_49' title="bbox 268 1593 1092 1630">
    <p class='ocr_par' dir='ltr' id='par_1_49' title="bbox 268 1593 1092 1630">
     <span class='ocr_line' id='line_1_49' title="bbox 268 1593 1092 1630; baseline -0.001 -7"><span class='ocrx_word' id='word_1_313' title='bbox 268 1596 328 1623; x_wconf 86' lang='lat' dir='ltr'>Deo</span> <span class='ocrx_word' id='word_1_314' title='bbox 343 1594 438 1622; x_wconf 85' lang='lat' dir='ltr'>Verbo</span> <span class='ocrx_word' id='word_1_315' title='bbox 450 1594 543 1622; x_wconf 81' lang='lat' dir='ltr'>fuisse</span> <span class='ocrx_word' id='word_1_316' title='bbox 555 1593 691 1622; x_wconf 86' lang='lat' dir='ltr'>oblatum</span> <span class='ocrx_word' id='word_1_317' title='bbox 702 1593 716 1621; x_wconf 77' lang='lat' dir='ltr'>‘t</span> <span class='ocrx_word' id='word_1_318' title='bbox 736 1593 812 1626; x_wconf 85' lang='lat' dir='ltr'>Quid</span> <span class='ocrx_word' id='word_1_319' title='bbox 827 1594 908 1622; x_wconf 86' lang='lat' dir='ltr'>enim</span> <span class='ocrx_word' id='word_1_320' title='bbox 921 1594 1020 1630; x_wconf 88' lang='lat' dir='ltr'>ipsum</span> <span class='ocrx_word' id='word_1_321' title='bbox 1041 1601 1092 1622; x_wconf 90' lang='lat' dir='ltr'>ne-</span> 
     </span>
    </p>
   </div>
   <div class='ocr_carea' id='block_1_50' title="bbox 268 1637 1091 1674">
    <p class='ocr_par' dir='ltr' id='par_1_50' title="bbox 268 1637 1091 1674">
     <span class='ocr_line' id='line_1_50' title="bbox 268 1637 1091 1674; baseline -0.002 -6"><span class='ocrx_word' id='word_1_322' title='bbox 268 1647 351 1668; x_wconf 89' lang='lat' dir='ltr'>cesse</span> <span class='ocrx_word' id='word_1_323' title='bbox 366 1641 430 1668; x_wconf 87' lang='lat' dir='ltr'>erat</span> <span class='ocrx_word' id='word_1_324' title='bbox 450 1638 637 1668; x_wconf 87' lang='lat' dir='ltr'>reconciliari</span> <span class='ocrx_word' id='word_1_325' title='bbox 655 1637 755 1672; x_wconf 83' lang='lat' dir='ltr'>nobis,</span> <span class='ocrx_word' id='word_1_326' title='bbox 768 1638 820 1674; x_wconf 90' lang='lat' dir='ltr'>qui</span> <span class='ocrx_word' id='word_1_327' title='bbox 833 1638 897 1673; x_wconf 81' lang='lat' dir='ltr'>jam</span> <span class='ocrx_word' id='word_1_328' title='bbox 912 1638 982 1666; x_wconf 91' lang='lat' dir='ltr'>inde</span> <span class='ocrx_word' id='word_1_329' title='bbox 996 1638 1036 1666; x_wconf 81' lang='lat' dir='ltr'>al)</span> <span class='ocrx_word' id='word_1_330' title='bbox 1055 1646 1091 1667; x_wconf 91' lang='lat' dir='ltr'>eo</span> 
     </span>
    </p>
   </div>
   <div class='ocr_carea' id='block_1_51' title="bbox 269 1682 1092 1720">
    <p class='ocr_par' dir='ltr' id='par_1_51' title="bbox 269 1682 1092 1720">
     <span class='ocr_line' id='line_1_51' title="bbox 269 1682 1092 1720; baseline -0.002 -8"><span class='ocrx_word' id='word_1_331' title='bbox 269 1687 413 1720; x_wconf 78' lang='lat' dir='ltr'>tempore,</span> <span class='ocrx_word' id='word_1_332' title='bbox 427 1691 487 1720; x_wconf 88' lang='lat' dir='ltr'>quo</span> <span class='ocrx_word' id='word_1_333' title='bbox 499 1691 530 1711; x_wconf 89' lang='lat' dir='ltr'>se</span> <span class='ocrx_word' id='word_1_334' title='bbox 545 1683 627 1712; x_wconf 88' lang='lat' dir='ltr'>carni</span> <span class='ocrx_word' id='word_1_335' title='bbox 639 1682 898 1718; x_wconf 84' lang='lat' dir='ltr'>conjunxit,nobis</span> <span class='ocrx_word' id='word_1_336' title='bbox 912 1685 975 1711; x_wconf 87' lang='lat' dir='ltr'>erat</span> <span class='ocrx_word' id='word_1_337' title='bbox 989 1690 1092 1710; x_wconf 82' lang='lat' dir='ltr'>recon-</span> 
     </span>
    </p>
   </div>
   <div class='ocr_carea' id='block_1_52' title="bbox 269 1727 1092 1764">
    <p class='ocr_par' dir='ltr' id='par_1_52' title="bbox 269 1727 1092 1764">
     <span class='ocr_line' id='line_1_52' title="bbox 269 1727 1092 1764; baseline -0.002 -7"><span class='ocrx_word' id='word_1_338' title='bbox 269 1729 385 1757; x_wconf 86' lang='lat' dir='ltr'>ciliatus</span> <span class='ocrx_word' id='word_1_339' title='bbox 397 1729 411 1756; x_wconf 79' lang='grc'><strong>7</strong></span> <span class='ocrx_word' id='word_1_340' title='bbox 431 1730 489 1756; x_wconf 86' lang='lat' dir='ltr'>Cur</span> <span class='ocrx_word' id='word_1_341' title='bbox 503 1735 609 1756; x_wconf 86' lang='lat' dir='ltr'>rursus</span> <span class='ocrx_word' id='word_1_342' title='bbox 625 1735 688 1755; x_wconf 92' lang='lat' dir='ltr'>non</span> <span class='ocrx_word' id='word_1_343' title='bbox 703 1728 741 1755; x_wconf 88' lang='lat' dir='ltr'>sit</span> <span class='ocrx_word' id='word_1_344' title='bbox 753 1728 906 1761; x_wconf 87' lang='lat' dir='ltr'>insanum,</span> <span class='ocrx_word' id='word_1_345' title='bbox 922 1735 976 1764; x_wconf 86' lang='lat' dir='ltr'>per</span> <span class='ocrx_word' id='word_1_346' title='bbox 988 1727 1092 1763; x_wconf 83' lang='lat' dir='ltr'>hujus-</span> 
     </span>
    </p>
   </div>
   <div class='ocr_carea' id='block_1_53' title="bbox 269 1771 1092 1807">
    <p class='ocr_par' dir='ltr' id='par_1_53' title="bbox 269 1771 1092 1807">
     <span class='ocr_line' id='line_1_53' title="bbox 269 1771 1092 1807; baseline -0.001 -7"><span class='ocrx_word' id='word_1_347' title='bbox 269 1773 351 1800; x_wconf 90' lang='lat' dir='ltr'>modi</span> <span class='ocrx_word' id='word_1_348' title='bbox 359 1771 538 1800; x_wconf 78' lang='lat' dir='ltr'>sacriﬁcium</span> <span class='ocrx_word' id='word_1_349' title='bbox 546 1771 665 1800; x_wconf 88' lang='lat' dir='ltr'>sibimet</span> <span class='ocrx_word' id='word_1_350' title='bbox 670 1771 771 1807; x_wconf 87' lang='lat' dir='ltr'>ipsum</span> <span class='ocrx_word' id='word_1_351' title='bbox 777 1779 841 1799; x_wconf 82' lang='lat' dir='ltr'>esse</span> <span class='ocrx_word' id='word_1_352' title='bbox 847 1771 1071 1800; x_wconf 81' lang='lat' dir='ltr'>reconciliatum</span> <span class='ocrx_word' id='word_1_353' title='bbox 1077 1771 1092 1799; x_wconf 74' lang='grc' dir='ltr'>τ</span> 
     </span>
    </p>
   </div>
   <div class='ocr_carea' id='block_1_54' title="bbox 269 1815 1092 1852">
    <p class='ocr_par' dir='ltr' id='par_1_54' title="bbox 269 1815 1092 1852">
     <span class='ocr_line' id='line_1_54' title="bbox 269 1815 1092 1852; baseline 0.001 -8"><span class='ocrx_word' id='word_1_354' title='bbox 269 1818 324 1844; x_wconf 79' lang='lat' dir='ltr'>Ant</span> <span class='ocrx_word' id='word_1_355' title='bbox 332 1820 472 1844; x_wconf 84' lang='lat' dir='ltr'>naturam</span> <span class='ocrx_word' id='word_1_356' title='bbox 479 1816 602 1852; x_wconf 89' lang='lat' dir='ltr'>quidem</span> <span class='ocrx_word' id='word_1_357' title='bbox 608 1816 674 1851; x_wconf 86' lang='lat' dir='ltr'>ejus</span> <span class='ocrx_word' id='word_1_358' title='bbox 683 1823 718 1843; x_wconf 84' lang='lat' dir='ltr'>ex</span> <span class='ocrx_word' id='word_1_359' title='bbox 725 1815 812 1843; x_wconf 89' lang='lat' dir='ltr'>nobis</span> <span class='ocrx_word' id='word_1_360' title='bbox 818 1818 1092 1852; x_wconf 84' lang='lat' dir='ltr'>sumptam,pacem</span> 
     </span>
    </p>
   </div>
   <div class='ocr_carea' id='block_1_55' title="bbox 269 1859 1093 1895">
    <p class='ocr_par' dir='ltr' id='par_1_55' title="bbox 269 1859 1093 1895">
     <span class='ocr_line' id='line_1_55' title="bbox 269 1859 1093 1895; baseline 0.001 -7"><span class='ocrx_word' id='word_1_361' title='bbox 269 1861 380 1889; x_wconf 87' lang='lat' dir='ltr'>habere</span> <span class='ocrx_word' id='word_1_362' title='bbox 387 1860 562 1894; x_wconf 87' lang='lat' dir='ltr'>nobiscum;</span> <span class='ocrx_word' id='word_1_363' title='bbox 579 1859 715 1895; x_wconf 88' lang='lat' dir='ltr'>ejusdem</span> <span class='ocrx_word' id='word_1_364' title='bbox 723 1868 794 1888; x_wconf 86' lang='lat' dir='ltr'>vero</span> <span class='ocrx_word' id='word_1_365' title='bbox 802 1859 941 1888; x_wconf 85' lang='lat' dir='ltr'>deitatem</span> <span class='ocrx_word' id='word_1_366' title='bbox 954 1860 1093 1889; x_wconf 87' lang='lat' dir='ltr'>humani-</span> 
     </span>
    </p>
   </div>
   <div class='ocr_carea' id='block_1_56' title="bbox 269 1905 1094 1941">
    <p class='ocr_par' dir='ltr' id='par_1_56' title="bbox 269 1905 1094 1941">
     <span class='ocr_line' id='line_1_56' title="bbox 269 1905 1094 1941; baseline -0.001 -7"><span class='ocrx_word' id='word_1_367' title='bbox 269 1906 321 1934; x_wconf 86' lang='lat' dir='ltr'>tati</span> <span class='ocrx_word' id='word_1_368' title='bbox 337 1906 462 1936; x_wconf 88' lang='lat' dir='ltr'>unitam,</span> <span class='ocrx_word' id='word_1_369' title='bbox 476 1907 614 1941; x_wconf 85' lang='lat' dir='ltr'>oportere</span> <span class='ocrx_word' id='word_1_370' title='bbox 628 1905 715 1932; x_wconf 88' lang='lat' dir='ltr'>nobis</span> <span class='ocrx_word' id='word_1_371' title='bbox 730 1912 784 1941; x_wconf 89' lang='lat' dir='ltr'>per</span> <span class='ocrx_word' id='word_1_372' title='bbox 797 1905 977 1934; x_wconf 84' lang='lat' dir='ltr'>sacriﬁcium</span> <span class='ocrx_word' id='word_1_373' title='bbox 990 1913 1094 1934; x_wconf 87' lang='lat' dir='ltr'>recon-</span> 
     </span>
    </p>
   </div>
   <div class='ocr_carea' id='block_1_57' title="bbox 269 1949 1092 1983">
    <p class='ocr_par' dir='ltr' id='par_1_57' title="bbox 269 1949 1092 1983">
     <span class='ocr_line' id='line_1_57' title="bbox 269 1949 1092 1983; baseline 0 -5"><span class='ocrx_word' id='word_1_374' title='bbox 269 1950 359 1978; x_wconf 86' lang='lat' dir='ltr'>ciliari</span> <span class='ocrx_word' id='word_1_375' title='bbox 375 1951 389 1979; x_wconf 75' lang='lat'><strong>7</strong></span> <span class='ocrx_word' id='word_1_376' title='bbox 404 1950 493 1983; x_wconf 87' lang='lat' dir='ltr'>Quasi</span> <span class='ocrx_word' id='word_1_377' title='bbox 512 1957 581 1978; x_wconf 91' lang='lat' dir='ltr'>cum</span> <span class='ocrx_word' id='word_1_378' title='bbox 596 1949 687 1978; x_wconf 88' lang='lat' dir='ltr'>Paulo</span> <span class='ocrx_word' id='word_1_379' title='bbox 701 1949 839 1978; x_wconf 85' lang='lat' dir='ltr'>dicamus</span> <span class='ocrx_word' id='word_1_380' title='bbox 855 1958 862 1977; x_wconf 93' lang='lat'><strong>:</strong></span> <span class='ocrx_word' id='word_1_381' title='bbox 888 1951 965 1978; x_wconf 86' lang='lat' dir='ltr'>Num</span> <span class='ocrx_word' id='word_1_382' title='bbox 979 1950 1092 1979; x_wconf 84' lang='lat' dir='ltr'>divisus</span> 
     </span>
    </p>
   </div>
   <div class='ocr_carea' id='block_1_58' title="bbox 269 1993 1093 2031">
    <p class='ocr_par' dir='ltr' id='par_1_58' title="bbox 269 1993 1093 2031">
     <span class='ocr_line' id='line_1_58' title="bbox 269 1993 1093 2031; baseline -0.001 -7"><span class='ocrx_word' id='word_1_383' title='bbox 269 1998 314 2024; x_wconf 88' lang='lat' dir='ltr'>est</span> <span class='ocrx_word' id='word_1_384' title='bbox 337 1995 471 2024; x_wconf 85' lang='lat' dir='ltr'>Christus</span> <span class='ocrx_word' id='word_1_385' title='bbox 487 1995 501 2023; x_wconf 83' lang='lat'><strong><em>?</em></strong></span> <span class='ocrx_word' id='word_1_386' title='bbox 524 1994 565 2022; x_wconf 86' lang='lat' dir='ltr'>ita</span> <span class='ocrx_word' id='word_1_387' title='bbox 583 1997 615 2022; x_wconf 90' lang='lat' dir='ltr'>ut</span> <span class='ocrx_word' id='word_1_388' title='bbox 633 2002 705 2030; x_wconf 88' lang='lat' dir='ltr'>pars</span> <span class='ocrx_word' id='word_1_389' title='bbox 724 1993 799 2030; x_wconf 81' lang='lat' dir='ltr'>ejus,</span> <span class='ocrx_word' id='word_1_390' title='bbox 814 1994 922 2030; x_wconf 89' lang='lat' dir='ltr'>amica,</span> <span class='ocrx_word' id='word_1_391' title='bbox 938 2002 1009 2031; x_wconf 87' lang='lat' dir='ltr'>pars</span> <span class='ocrx_word' id='word_1_392' title='bbox 1024 2002 1093 2023; x_wconf 86' lang='lat' dir='ltr'>vero</span> 
     </span>
    </p>
   </div>
   <div class='ocr_carea' id='block_1_59' title="bbox 269 2039 604 2076">
    <p class='ocr_par' dir='ltr' id='par_1_59' title="bbox 269 2039 604 2076">
     <span class='ocr_line' id='line_1_59' title="bbox 269 2039 604 2076; baseline -0.006 -7"><span class='ocrx_word' id='word_1_393' title='bbox 269 2041 336 2076; x_wconf 83' lang='lat' dir='ltr'>alia,</span> <span class='ocrx_word' id='word_1_394' title='bbox 351 2040 524 2069; x_wconf 86' lang='lat' dir='ltr'>adversaria</span> <span class='ocrx_word' id='word_1_395' title='bbox 540 2039 578 2067; x_wconf 92' lang='lat' dir='ltr'>sit</span> <span class='ocrx_word' id='word_1_396' title='bbox 590 2040 604 2067; x_wconf 73' lang='lat'>‘2</span> 
     </span>
    </p>
   </div>
   <div class='ocr_carea' id='block_1_60' title="bbox 304 2083 1093 2121">
    <p class='ocr_par' dir='ltr' id='par_1_60' title="bbox 304 2083 1093 2121">
     <span class='ocr_line' id='line_1_60' title="bbox 304 2083 1093 2121; baseline 0 -7"><span class='ocrx_word' id='word_1_397' title='bbox 304 2087 393 2114; x_wconf 82' lang='lat' dir='ltr'>PHlL.</span> <span class='ocrx_word' id='word_1_398' title='bbox 405 2084 541 2115; x_wconf 74' lang='lat' dir='ltr'>Atenim,</span> <span class='ocrx_word' id='word_1_399' title='bbox 553 2085 577 2112; x_wconf 87' lang='lat' dir='ltr'>si</span> <span class='ocrx_word' id='word_1_400' title='bbox 593 2083 675 2120; x_wconf 91' lang='lat' dir='ltr'>quod</span> <span class='ocrx_word' id='word_1_401' title='bbox 691 2085 767 2112; x_wconf 80' lang='lat' dir='ltr'>Patri</span> <span class='ocrx_word' id='word_1_402' title='bbox 782 2084 915 2119; x_wconf 76' lang='lat' dir='ltr'>oﬁ&#39;ertur,</span> <span class='ocrx_word' id='word_1_403' title='bbox 931 2092 985 2121; x_wconf 87' lang='lat' dir='ltr'>per</span> <span class='ocrx_word' id='word_1_404' title='bbox 998 2085 1093 2114; x_wconf 87' lang='lat' dir='ltr'>Deum</span> 
     </span>
    </p>
   </div>
   <div class='ocr_carea' id='block_1_61' title="bbox 268 2129 1094 2166">
    <p class='ocr_par' dir='ltr' id='par_1_61' title="bbox 268 2129 1094 2166">
     <span class='ocr_line' id='line_1_61' title="bbox 268 2129 1094 2166; baseline 0.001 -8"><span class='ocrx_word' id='word_1_405' title='bbox 268 2130 398 2158; x_wconf 81' lang='lat' dir='ltr'>Verbum</span> <span class='ocrx_word' id='word_1_406' title='bbox 413 2129 555 2158; x_wconf 80' lang='lat' dir='ltr'>oﬂ‘ertur:</span> <span class='ocrx_word' id='word_1_407' title='bbox 571 2129 662 2157; x_wconf 87' lang='lat' dir='ltr'>Nemo</span> <span class='ocrx_word' id='word_1_408' title='bbox 675 2130 763 2162; x_wconf 85' lang='lat' dir='ltr'>enim,</span> <span class='ocrx_word' id='word_1_409' title='bbox 778 2129 821 2158; x_wconf 89' lang='lat' dir='ltr'>uti</span> <span class='ocrx_word' id='word_1_410' title='bbox 832 2129 977 2166; x_wconf 86' lang='lat' dir='ltr'>scriptum</span> <span class='ocrx_word' id='word_1_411' title='bbox 992 2130 1094 2165; x_wconf 85' lang='lat' dir='ltr'>est,ad</span> 
     </span>
    </p>
   </div>
   <div class='ocr_carea' id='block_1_62' title="bbox 268 2174 1094 2212">
    <p class='ocr_par' dir='ltr' id='par_1_62' title="bbox 268 2174 1094 2212">
     <span class='ocr_line' id='line_1_62' title="bbox 268 2174 1094 2212; baseline 0.001 -10"><span class='ocrx_word' id='word_1_412' title='bbox 268 2176 390 2205; x_wconf 82' lang='lat' dir='ltr'>Patrem</span> <span class='ocrx_word' id='word_1_413' title='bbox 403 2175 484 2203; x_wconf 81' lang='lat' dir='ltr'>venit</span> <span class='ocrx_word' id='word_1_414' title='bbox 494 2175 554 2202; x_wconf 83' lang='lat' dir='ltr'>nisi</span> <span class='ocrx_word' id='word_1_415' title='bbox 565 2181 621 2209; x_wconf 79' lang='lat' dir='ltr'>per</span> <span class='ocrx_word' id='word_1_416' title='bbox 633 2175 698 2202; x_wconf 76' lang='lat' dir='ltr'>me3</span> <span class='ocrx_word' id='word_1_417' title='bbox 711 2182 717 2207; x_wconf 87' lang='lat'><strong>;</strong></span> <span class='ocrx_word' id='word_1_418' title='bbox 733 2174 889 2210; x_wconf 82' lang='lat' dir='ltr'>quomodo</span> <span class='ocrx_word' id='word_1_419' title='bbox 902 2174 967 2203; x_wconf 81' lang='lat' dir='ltr'>ﬁeri</span> <span class='ocrx_word' id='word_1_420' title='bbox 977 2177 1094 2212; x_wconf 88' lang='lat' dir='ltr'>poterat</span> 
     </span>
    </p>
   </div>
   <div class='ocr_carea' id='block_1_63' title="bbox 269 2218 1093 2256">
    <p class='ocr_par' dir='ltr' id='par_1_63' title="bbox 269 2218 1093 2256">
     <span class='ocr_line' id='line_1_63' title="bbox 269 2218 1093 2256; baseline 0.002 -9"><span class='ocrx_word' id='word_1_421' title='bbox 269 2222 302 2248; x_wconf 81' lang='lat' dir='ltr'>ut</span> <span class='ocrx_word' id='word_1_422' title='bbox 323 2219 380 2247; x_wconf 88' lang='lat' dir='ltr'>hoc</span> <span class='ocrx_word' id='word_1_423' title='bbox 408 2218 588 2247; x_wconf 83' lang='lat' dir='ltr'>sacriﬁcium</span> <span class='ocrx_word' id='word_1_424' title='bbox 613 2218 777 2254; x_wconf 69' lang='lat' dir='ltr'>offerretur,</span> <span class='ocrx_word' id='word_1_425' title='bbox 802 2218 859 2247; x_wconf 87' lang='lat' dir='ltr'>nisi</span> <span class='ocrx_word' id='word_1_426' title='bbox 884 2221 974 2248; x_wconf 85' lang='lat' dir='ltr'>antea</span> <span class='ocrx_word' id='word_1_427' title='bbox 998 2219 1093 2256; x_wconf 86' lang='lat' dir='ltr'>ipsius</span> 
     </span>
    </p>
   </div>
   <div class='ocr_carea' id='block_1_64' title="bbox 270 2263 827 2299">
    <p class='ocr_par' dir='ltr' id='par_1_64' title="bbox 270 2263 827 2299">
     <span class='ocr_line' id='line_1_64' title="bbox 270 2263 827 2299; baseline -0.002 -7"><span class='ocrx_word' id='word_1_428' title='bbox 270 2263 416 2299; x_wconf 83' lang='lat' dir='ltr'>Unigeniti</span> <span class='ocrx_word' id='word_1_429' title='bbox 430 2263 532 2292; x_wconf 87' lang='lat' dir='ltr'>deitati</span> <span class='ocrx_word' id='word_1_430' title='bbox 544 2263 649 2291; x_wconf 87' lang='lat' dir='ltr'>fuisset</span> <span class='ocrx_word' id='word_1_431' title='bbox 663 2263 799 2292; x_wconf 85' lang='lat' dir='ltr'>oblatum</span> <span class='ocrx_word' id='word_1_432' title='bbox 813 2264 827 2292; x_wconf 76' lang='lat'><strong>7</strong></span> 
     </span>
    </p>
   </div>
   <div class='ocr_carea' id='block_1_65' title="bbox 305 2352 1091 2390">
    <p class='ocr_par' dir='ltr' id='par_1_65' title="bbox 305 2352 1091 2390">
     <span class='ocr_line' id='line_1_65' title="bbox 305 2352 1091 2390; baseline 0 -8"><span class='ocrx_word' id='word_1_433' title='bbox 305 2354 378 2382; x_wconf 89' lang='lat' dir='ltr'>SOT.</span> <span class='ocrx_word' id='word_1_434' title='bbox 399 2354 464 2381; x_wconf 81' lang='lat' dir='ltr'>Non</span> <span class='ocrx_word' id='word_1_435' title='bbox 482 2352 568 2381; x_wconf 86' lang='lat' dir='ltr'>Verbi</span> <span class='ocrx_word' id='word_1_436' title='bbox 582 2352 688 2388; x_wconf 85' lang='lat' dir='ltr'>deitas,</span> <span class='ocrx_word' id='word_1_437' title='bbox 705 2360 723 2381; x_wconf 91' lang='grc' dir='ltr'>ο</span> <span class='ocrx_word' id='word_1_438' title='bbox 736 2352 836 2388; x_wconf 84' lang='lat' dir='ltr'>sodes,</span> <span class='ocrx_word' id='word_1_439' title='bbox 849 2360 981 2390; x_wconf 87' lang='lat' dir='ltr'>namque</span> <span class='ocrx_word' id='word_1_440' title='bbox 994 2353 1034 2382; x_wconf 84' lang='lat' dir='ltr'>ad</span> <span class='ocrx_word' id='word_1_441' title='bbox 1048 2354 1091 2390; x_wconf 91' lang='lat' dir='ltr'>ip-</span> 
     </span>
    </p>
   </div>
   <div class='ocr_carea' id='block_1_66' title="bbox 270 2397 1093 2431">
    <p class='ocr_par' dir='ltr' id='par_1_66' title="bbox 270 2397 1093 2431">
     <span class='ocr_line' id='line_1_66' title="bbox 270 2397 1093 2431; baseline 0.001 -5"><span class='ocrx_word' id='word_1_442' title='bbox 270 2406 338 2426; x_wconf 84' lang='lat' dir='ltr'>sum</span> <span class='ocrx_word' id='word_1_443' title='bbox 350 2397 518 2426; x_wconf 86' lang='lat' dir='ltr'>orationem</span> <span class='ocrx_word' id='word_1_444' title='bbox 527 2405 629 2426; x_wconf 85' lang='lat' dir='ltr'>meam</span> <span class='ocrx_word' id='word_1_445' title='bbox 639 2399 791 2431; x_wconf 81' lang='lat' dir='ltr'>converto,</span> <span class='ocrx_word' id='word_1_446' title='bbox 810 2397 864 2426; x_wconf 90' lang='lat' dir='ltr'>sed</span> <span class='ocrx_word' id='word_1_447' title='bbox 882 2398 1093 2427; x_wconf 82' lang='lat' dir='ltr'>theandricum</span> 
     </span>
    </p>
   </div>
   <div class='ocr_carea' id='block_1_67' title="bbox 267 2442 1093 2480">
    <p class='ocr_par' dir='ltr' id='par_1_67' title="bbox 267 2442 1093 2480">
     <span class='ocr_line' id='line_1_67' title="bbox 267 2442 1093 2480; baseline 0.001 -9"><span class='ocrx_word' id='word_1_448' title='bbox 267 2444 430 2479; x_wconf 83' lang='lat' dir='ltr'>ipsummet</span> <span class='ocrx_word' id='word_1_449' title='bbox 439 2442 581 2478; x_wconf 81' lang='lat' dir='ltr'>Verbum,</span> <span class='ocrx_word' id='word_1_450' title='bbox 594 2450 649 2471; x_wconf 89' lang='lat' dir='ltr'>ceu</span> <span class='ocrx_word' id='word_1_451' title='bbox 659 2442 690 2470; x_wconf 88' lang='lat' dir='ltr'>in</span> <span class='ocrx_word' id='word_1_452' title='bbox 700 2444 858 2479; x_wconf 84' lang='lat' dir='ltr'>assumpta</span> <span class='ocrx_word' id='word_1_453' title='bbox 869 2445 978 2472; x_wconf 85' lang='lat' dir='ltr'>natura</span> <span class='ocrx_word' id='word_1_454' title='bbox 992 2444 1093 2480; x_wconf 88' lang='lat' dir='ltr'>ponti-</span> 
     </span>
    </p>
   </div>
   <div class='ocr_carea' id='block_1_68' title="bbox 268 2487 1094 2524">
    <p class='ocr_par' dir='ltr' id='par_1_68' title="bbox 268 2487 1094 2524">
     <span class='ocr_line' id='line_1_68' title="bbox 268 2487 1094 2524; baseline 0 -8"><span class='ocrx_word' id='word_1_455' title='bbox 268 2488 326 2523; x_wconf 75' lang='lat' dir='ltr'>fex,</span> <span class='ocrx_word' id='word_1_456' title='bbox 338 2489 366 2516; x_wconf 89' lang='lat' dir='ltr'>et</span> <span class='ocrx_word' id='word_1_457' title='bbox 380 2490 452 2516; x_wconf 86' lang='lat' dir='ltr'>tunc</span> <span class='ocrx_word' id='word_1_458' title='bbox 470 2487 627 2523; x_wconf 90' lang='lat' dir='ltr'>proprium</span> <span class='ocrx_word' id='word_1_459' title='bbox 646 2487 825 2522; x_wconf 81' lang='lat' dir='ltr'>sanguinem</span> <span class='ocrx_word' id='word_1_460' title='bbox 845 2487 960 2524; x_wconf 90' lang='lat' dir='ltr'>obtulit,</span> <span class='ocrx_word' id='word_1_461' title='bbox 973 2490 1001 2516; x_wconf 91' lang='lat' dir='ltr'>et</span> <span class='ocrx_word' id='word_1_462' title='bbox 1013 2496 1094 2517; x_wconf 89' lang='lat' dir='ltr'>nunc</span> 
     </span>
    </p>
   </div>
   <div class='ocr_carea' id='block_1_69' title="bbox 268 2530 1094 2566">
    <p class='ocr_par' dir='ltr' id='par_1_69' title="bbox 268 2530 1094 2566">
     <span class='ocr_line' id='line_1_69' title="bbox 268 2530 1094 2566; baseline 0.002 -7"><span class='ocrx_word' id='word_1_463' title='bbox 268 2532 400 2561; x_wconf 85' lang='lat' dir='ltr'>salvatos</span> <span class='ocrx_word' id='word_1_464' title='bbox 422 2531 498 2560; x_wconf 86' lang='lat' dir='ltr'>Patri</span> <span class='ocrx_word' id='word_1_465' title='bbox 517 2530 614 2563; x_wconf 77' lang='lat' dir='ltr'>offert,</span> <span class='ocrx_word' id='word_1_466' title='bbox 633 2533 667 2559; x_wconf 89' lang='lat' dir='ltr'>ut</span> <span class='ocrx_word' id='word_1_467' title='bbox 687 2531 784 2566; x_wconf 77' lang='lat' dir='ltr'>gratia</span> <span class='ocrx_word' id='word_1_468' title='bbox 804 2539 861 2560; x_wconf 82' lang='lat' dir='ltr'>sua</span> <span class='ocrx_word' id='word_1_469' title='bbox 879 2531 1019 2561; x_wconf 88' lang='lat' dir='ltr'>deiﬁcet:</span> <span class='ocrx_word' id='word_1_470' title='bbox 1045 2533 1094 2562; x_wconf 88' lang='lat' dir='ltr'>hic</span> 
     </span>
    </p>
   </div>
   <div class='ocr_carea' id='block_1_70' title="bbox 267 2576 1095 2615">
    <p class='ocr_par' dir='ltr' id='par_1_70' title="bbox 267 2576 1095 2615">
     <span class='ocr_line' id='line_1_70' title="bbox 267 2576 1095 2615; baseline 0.002 -10"><span class='ocrx_word' id='word_1_471' title='bbox 267 2577 380 2614; x_wconf 83' lang='lat' dir='ltr'>quippe</span> <span class='ocrx_word' id='word_1_472' title='bbox 395 2579 439 2605; x_wconf 89' lang='lat' dir='ltr'>est</span> <span class='ocrx_word' id='word_1_473' title='bbox 453 2576 613 2605; x_wconf 88' lang='lat' dir='ltr'>oblationis</span> <span class='ocrx_word' id='word_1_474' title='bbox 626 2576 704 2604; x_wconf 86' lang='lat' dir='ltr'>ﬁnis.</span> <span class='ocrx_word' id='word_1_475' title='bbox 725 2576 872 2612; x_wconf 81' lang='lat' dir='ltr'>lntelliges</span> <span class='ocrx_word' id='word_1_476' title='bbox 892 2579 992 2606; x_wconf 88' lang='lat' dir='ltr'>autem</span> <span class='ocrx_word' id='word_1_477' title='bbox 1011 2579 1095 2615; x_wconf 87' lang='lat' dir='ltr'>quod</span> 
     </span>
    </p>
   </div>
   <div class='ocr_carea' id='block_1_71' title="bbox 268 2620 1094 2659">
    <p class='ocr_par' dir='ltr' id='par_1_71' title="bbox 268 2620 1094 2659">
     <span class='ocr_line' id='line_1_71' title="bbox 268 2620 1094 2659; baseline 0.002 -10"><span class='ocrx_word' id='word_1_478' title='bbox 268 2621 397 2650; x_wconf 83' lang='lat' dir='ltr'>dicimus</span> <span class='ocrx_word' id='word_1_479' title='bbox 410 2621 457 2649; x_wconf 84' lang='lat' dir='ltr'>vel</span> <span class='ocrx_word' id='word_1_480' title='bbox 466 2628 503 2649; x_wconf 84' lang='lat' dir='ltr'>ex</span> <span class='ocrx_word' id='word_1_481' title='bbox 517 2621 568 2649; x_wconf 89' lang='lat' dir='ltr'>illo</span> <span class='ocrx_word' id='word_1_482' title='bbox 582 2620 666 2657; x_wconf 90' lang='lat' dir='ltr'>quod</span> <span class='ocrx_word' id='word_1_483' title='bbox 676 2620 708 2649; x_wconf 87' lang='lat' dir='ltr'>in</span> <span class='ocrx_word' id='word_1_484' title='bbox 722 2620 820 2656; x_wconf 83' lang='lat' dir='ltr'>ﬁgura</span> <span class='ocrx_word' id='word_1_485' title='bbox 832 2621 924 2650; x_wconf 85' lang='lat' dir='ltr'>ﬂebat</span> <span class='ocrx_word' id='word_1_486' title='bbox 938 2623 1094 2659; x_wconf 55' lang='lat' dir='ltr'>sacriﬁcio.</span> 
     </span>
    </p>
   </div>
   <div class='ocr_carea' id='block_1_72' title="bbox 268 2665 1094 2702">
    <p class='ocr_par' dir='ltr' id='par_1_72' title="bbox 268 2665 1094 2702">
     <span class='ocr_line' id='line_1_72' title="bbox 268 2665 1094 2702; baseline 0.002 -8"><span class='ocrx_word' id='word_1_487' title='bbox 268 2667 340 2694; x_wconf 82' lang='lat' dir='ltr'>Nam</span> <span class='ocrx_word' id='word_1_488' title='bbox 355 2668 486 2702; x_wconf 84' lang='lat' dir='ltr'>quatuor</span> <span class='ocrx_word' id='word_1_489' title='bbox 497 2665 529 2693; x_wconf 89' lang='lat' dir='ltr'>in</span> <span class='ocrx_word' id='word_1_490' title='bbox 539 2665 657 2700; x_wconf 81' lang='lat' dir='ltr'>ﬁgurali</span> <span class='ocrx_word' id='word_1_491' title='bbox 670 2665 722 2694; x_wconf 87' lang='lat' dir='ltr'>illo</span> <span class='ocrx_word' id='word_1_492' title='bbox 732 2665 955 2702; x_wconf 84' lang='lat' dir='ltr'>spectabantur,</span> <span class='ocrx_word' id='word_1_493' title='bbox 972 2667 1094 2701; x_wconf 84' lang='lat' dir='ltr'>oblatio.</span> 
     </span>
    </p>
   </div>
   <div class='ocr_carea' id='block_1_73' title="bbox 268 2709 1095 2746">
    <p class='ocr_par' dir='ltr' id='par_1_73' title="bbox 268 2709 1095 2746">
     <span class='ocr_line' id='line_1_73' title="bbox 268 2709 1095 2746; baseline 0.005 -9"><span class='ocrx_word' id='word_1_494' title='bbox 268 2710 463 2744; x_wconf 86' lang='lat' dir='ltr'>consecratio,</span> <span class='ocrx_word' id='word_1_495' title='bbox 485 2709 620 2744; x_wconf 80' lang='lat' dir='ltr'>elevatio,</span> <span class='ocrx_word' id='word_1_496' title='bbox 645 2710 788 2746; x_wconf 77' lang='lat' dir='ltr'>expiatio.</span> <span class='ocrx_word' id='word_1_497' title='bbox 809 2709 996 2739; x_wconf 78' lang='lat' dir='ltr'>Ott‘erebatur</span> <span class='ocrx_word' id='word_1_498' title='bbox 1015 2712 1095 2741; x_wconf 85' lang='lat' dir='ltr'>enim</span> 
     </span>
    </p>
   </div>
   <div class='ocr_carea' id='block_1_74' title="bbox 305 2798 986 2835">
    <p class='ocr_par' dir='ltr' id='par_1_74' title="bbox 305 2798 986 2835">
     <span class='ocr_line' id='line_1_74' title="bbox 305 2798 986 2835; baseline 0.006 -9"><span class='ocrx_word' id='word_1_499' title='bbox 305 2799 313 2816; x_wconf 83' lang='grc'>¹</span> <span class='ocrx_word' id='word_1_500' title='bbox 335 2799 420 2829; x_wconf 85' lang='lat' dir='ltr'>Rom.</span> <span class='ocrx_word' id='word_1_501' title='bbox 432 2806 461 2834; x_wconf 77' lang='grc' dir='ltr'>ν,</span> <span class='ocrx_word' id='word_1_502' title='bbox 475 2801 503 2828; x_wconf 86' lang='lat'>9.</span> <span class='ocrx_word' id='word_1_503' title='bbox 541 2799 553 2817; x_wconf 75' lang='grc' dir='ltr'>ί</span> <span class='ocrx_word' id='word_1_504' title='bbox 572 2798 648 2828; x_wconf 83' lang='lat' dir='ltr'>Ibid.</span> <span class='ocrx_word' id='word_1_505' title='bbox 669 2800 712 2828; x_wconf 84' lang='lat' dir='ltr'>to.</span> <span class='ocrx_word' id='word_1_506' title='bbox 749 2799 761 2816; x_wconf 85' lang='grc'><em>³</em></span> <span class='ocrx_word' id='word_1_507' title='bbox 779 2800 866 2829; x_wconf 85' lang='lat' dir='ltr'>Joan.</span> <span class='ocrx_word' id='word_1_508' title='bbox 881 2808 938 2835; x_wconf 79' lang='lat' dir='ltr'>xw,</span> <span class='ocrx_word' id='word_1_509' title='bbox 959 2802 986 2830; x_wconf 84' lang='lat'>6.</span> 
     </span>
    </p>
   </div>
   <div class='ocr_carea' id='block_1_75' title="bbox 1137 927 1902 967">
    <p class='ocr_par' dir='ltr' id='par_1_75' title="bbox 1137 927 1902 967">
     <span class='ocr_line' id='line_1_75' title="bbox 1137 927 1902 967; baseline 0.005 -14"><span class='ocrx_word' id='word_1_510' title='bbox 1137 937 1186 960; x_wconf 79' lang='grc' dir='ltr'>των</span> <span class='ocrx_word' id='word_1_511' title='bbox 1218 928 1320 964; x_wconf 71' lang='grc' dir='ltr'>ἄφεσιν,</span> <span class='ocrx_word' id='word_1_512' title='bbox 1347 930 1394 958; x_wconf 81' lang='grc' dir='ltr'>τὴν</span> <span class='ocrx_word' id='word_1_513' title='bbox 1427 927 1455 954; x_wconf 64' lang='grc' dir='ltr'><em>ἐκ</em></span> <span class='ocrx_word' id='word_1_514' title='bbox 1487 933 1535 960; x_wconf 85' lang='grc' dir='ltr'>τῆς</span> <span class='ocrx_word' id='word_1_515' title='bbox 1567 930 1666 961; x_wconf 73' lang='grc' dir='ltr'>πλάνης</span> <span class='ocrx_word' id='word_1_516' title='bbox 1700 930 1862 967; x_wconf 73' lang='grc' dir='ltr'>ἀπαλλαγήν,</span> <span class='ocrx_word' id='word_1_517' title='bbox 1892 941 1902 957; x_wconf 79' lang='grc' dir='ltr'>τ</span> 
     </span>
    </p>
   </div>
   <div class='ocr_carea' id='block_1_76' title="bbox 1138 971 1902 1012">
    <p class='ocr_par' dir='ltr' id='par_1_76' title="bbox 1138 971 1902 1012">
     <span class='ocr_line' id='line_1_76' title="bbox 1138 971 1902 1012; baseline 0.005 -14"><span class='ocrx_word' id='word_1_518' title='bbox 1138 971 1232 1002; x_wconf 79' lang='grc' dir='ltr'>πολλὰς</span> <span class='ocrx_word' id='word_1_519' title='bbox 1272 971 1367 1004; x_wconf 77' lang='grc' dir='ltr'>ὖκιίνας</span> <span class='ocrx_word' id='word_1_520' title='bbox 1399 972 1547 1011; x_wconf 72' lang='grc' dir='ltr'>ἔνηργηκώς</span> <span class='ocrx_word' id='word_1_521' title='bbox 1579 974 1732 1011; x_wconf 71' lang='grc' dir='ltr'>εὐεργεσίας</span> <span class='ocrx_word' id='word_1_522' title='bbox 1766 978 1811 1002; x_wconf 84' lang='grc' dir='ltr'>καὶ</span> <span class='ocrx_word' id='word_1_523' title='bbox 1843 977 1902 1012; x_wconf 59' lang='lat' dir='ltr'>om</span> 
     </span>
    </p>
   </div>
   <div class='ocr_carea' id='block_1_77' title="bbox 1141 1015 1882 1057">
    <p class='ocr_par' dir='ltr' id='par_1_77' title="bbox 1141 1015 1882 1057">
     <span class='ocr_line' id='line_1_77' title="bbox 1141 1015 1882 1057; baseline 0.007 -16"><span class='ocrx_word' id='word_1_524' title='bbox 1141 1017 1226 1048; x_wconf 80' lang='grc' dir='ltr'>στάς·</span> <span class='ocrx_word' id='word_1_525' title='bbox 1257 1015 1312 1043; x_wconf 71' lang='grc' dir='ltr'>ἔπιὶ</span> <span class='ocrx_word' id='word_1_526' title='bbox 1337 1016 1367 1044; x_wconf 66' lang='grc' dir='ltr'><strong>δί</strong></span> <span class='ocrx_word' id='word_1_527' title='bbox 1396 1021 1440 1044; x_wconf 80' lang='grc' dir='ltr'>καὶ</span> <span class='ocrx_word' id='word_1_528' title='bbox 1466 1021 1509 1045; x_wconf 78' lang='grc' dir='ltr'>τὸν</span> <span class='ocrx_word' id='word_1_529' title='bbox 1537 1022 1641 1057; x_wconf 71' lang='grc' dir='ltr'>Πατέρα</span> <span class='ocrx_word' id='word_1_530' title='bbox 1666 1018 1753 1056; x_wconf 76' lang='grc' dir='ltr'>ἐχρῆν</span> <span class='ocrx_word' id='word_1_531' title='bbox 1777 1019 1882 1047; x_wconf 74' lang='grc' dir='ltr'>λαϐόντα</span> 
     </span>
    </p>
   </div>
   <div class='ocr_carea' id='block_1_78' title="bbox 1139 1060 1901 1102">
    <p class='ocr_par' dir='ltr' id='par_1_78' title="bbox 1139 1060 1901 1102">
     <span class='ocr_line' id='line_1_78' title="bbox 1139 1060 1901 1102; baseline 0.007 -16"><span class='ocrx_word' id='word_1_532' title='bbox 1139 1060 1200 1097; x_wconf 84' lang='grc' dir='ltr'>παρ’</span> <span class='ocrx_word' id='word_1_533' title='bbox 1227 1061 1300 1098; x_wconf 82' lang='grc' dir='ltr'>ἡμῶν</span> <span class='ocrx_word' id='word_1_534' title='bbox 1328 1064 1375 1091; x_wconf 82' lang='grc' dir='ltr'>τήν</span> <span class='ocrx_word' id='word_1_535' title='bbox 1405 1063 1537 1089; x_wconf 71' lang='grc' dir='ltr'>υἱοθεσίαν</span> <span class='ocrx_word' id='word_1_536' title='bbox 1565 1062 1808 1101; x_wconf 80' lang='grc' dir='ltr'>ἁντιχαρίσασθαι,</span> <span class='ocrx_word' id='word_1_537' title='bbox 1840 1074 1901 1102; x_wconf 79' lang='grc' dir='ltr'>προσ</span> 
     </span>
    </p>
   </div>
   <div class='ocr_carea' id='block_1_79' title="bbox 1141 1102 1902 1146">
    <p class='ocr_par' dir='ltr' id='par_1_79' title="bbox 1141 1102 1902 1146">
     <span class='ocr_line' id='line_1_79' title="bbox 1141 1102 1902 1146; baseline 0.005 -15"><span class='ocrx_word' id='word_1_538' title='bbox 1141 1102 1170 1131; x_wconf 67' lang='grc' dir='ltr'><strong>δί</strong></span> <span class='ocrx_word' id='word_1_539' title='bbox 1192 1106 1254 1142; x_wconf 73' lang='grc' dir='ltr'>ἡμῖν</span> <span class='ocrx_word' id='word_1_540' title='bbox 1270 1104 1345 1133; x_wconf 69' lang='grc' dir='ltr'>οὑδὶν</span> <span class='ocrx_word' id='word_1_541' title='bbox 1371 1109 1497 1144; x_wconf 79' lang='grc' dir='ltr'>καθαρὸν,</span> <span class='ocrx_word' id='word_1_542' title='bbox 1516 1106 1579 1134; x_wconf 63' lang='grc' dir='ltr'>οὒδὶ</span> <span class='ocrx_word' id='word_1_543' title='bbox 1600 1112 1645 1139; x_wconf 84' lang='grc' dir='ltr'>τῆς</span> <span class='ocrx_word' id='word_1_544' title='bbox 1667 1109 1749 1136; x_wconf 72' lang='grc' dir='ltr'>αὐτοῦ</span> <span class='ocrx_word' id='word_1_545' title='bbox 1771 1109 1902 1146; x_wconf 63' lang='grc' dir='ltr'>μεγαλειόπ</span> 
     </span>
    </p>
   </div>
   <div class='ocr_carea' id='block_1_80' title="bbox 1139 1150 1902 1189">
    <p class='ocr_par' dir='ltr' id='par_1_80' title="bbox 1139 1150 1902 1189">
     <span class='ocr_line' id='line_1_80' title="bbox 1139 1150 1902 1189; baseline 0.004 -13"><span class='ocrx_word' id='word_1_546' title='bbox 1139 1159 1183 1181; x_wconf 83' lang='grc' dir='ltr'>τος</span> <span class='ocrx_word' id='word_1_547' title='bbox 1211 1150 1293 1185; x_wconf 77' lang='grc' dir='ltr'>ἄξιον,</span> <span class='ocrx_word' id='word_1_548' title='bbox 1322 1154 1367 1182; x_wconf 87' lang='grc' dir='ltr'>τῆς</span> <span class='ocrx_word' id='word_1_549' title='bbox 1390 1151 1518 1189; x_wconf 75' lang='grc' dir='ltr'>ἁμαρτίας</span> <span class='ocrx_word' id='word_1_550' title='bbox 1547 1154 1632 1179; x_wconf 77' lang='grc' dir='ltr'>πάντα</span> <span class='ocrx_word' id='word_1_551' title='bbox 1654 1153 1839 1185; x_wconf 74' lang='grc' dir='ltr'>ἐπιθολοὺσης,</span> <span class='ocrx_word' id='word_1_552' title='bbox 1862 1154 1902 1180; x_wconf 68' lang='grc' dir='ltr'>αὐτ</span> 
     </span>
    </p>
   </div>
   <div class='ocr_carea' id='block_1_81' title="bbox 1141 1196 1902 1235">
    <p class='ocr_par' dir='ltr' id='par_1_81' title="bbox 1141 1196 1902 1235">
     <span class='ocr_line' id='line_1_81' title="bbox 1141 1196 1902 1235; baseline 0.001 -12"><span class='ocrx_word' id='word_1_553' title='bbox 1141 1198 1154 1223; x_wconf 82' lang='grc' dir='ltr'><strong>ὁ</strong></span> <span class='ocrx_word' id='word_1_554' title='bbox 1188 1196 1347 1233; x_wconf 75' lang='grc' dir='ltr'>θιανθρωπος</span> <span class='ocrx_word' id='word_1_555' title='bbox 1387 1198 1483 1232; x_wconf 79' lang='grc' dir='ltr'>Λόγος,</span> <span class='ocrx_word' id='word_1_556' title='bbox 1516 1198 1546 1223; x_wconf 87' lang='grc' dir='ltr'>τὸ</span> <span class='ocrx_word' id='word_1_557' title='bbox 1577 1201 1625 1229; x_wconf 80' lang='grc' dir='ltr'>τῆς</span> <span class='ocrx_word' id='word_1_558' title='bbox 1657 1196 1801 1234; x_wconf 77' lang='grc' dir='ltr'>ἡμεδαπῆς</span> <span class='ocrx_word' id='word_1_559' title='bbox 1833 1197 1902 1235; x_wconf 61' lang='grc' dir='ltr'>ἀπορίη</span> 
     </span>
    </p>
   </div>
   <div class='ocr_carea' id='block_1_82' title="bbox 1142 1240 1902 1280">
    <p class='ocr_par' dir='ltr' id='par_1_82' title="bbox 1142 1240 1902 1280">
     <span class='ocr_line' id='line_1_82' title="bbox 1142 1240 1902 1280; baseline 0.001 -14"><span class='ocrx_word' id='word_1_560' title='bbox 1142 1241 1294 1277; x_wconf 78' lang='grc' dir='ltr'>ἀναπληρῶν</span> <span class='ocrx_word' id='word_1_561' title='bbox 1328 1240 1373 1267; x_wconf 76' lang='grc' dir='ltr'>ἄη</span> <span class='ocrx_word' id='word_1_562' title='bbox 1401 1243 1519 1277; x_wconf 68' lang='grc' dir='ltr'>μεσίτης,</span> <span class='ocrx_word' id='word_1_563' title='bbox 1550 1240 1574 1268; x_wconf 72' lang='grc' dir='ltr'>ἂν</span> <span class='ocrx_word' id='word_1_564' title='bbox 1603 1245 1738 1279; x_wconf 79' lang='grc' dir='ltr'>προσώπῳ</span> <span class='ocrx_word' id='word_1_565' title='bbox 1765 1247 1811 1273; x_wconf 77' lang='grc' dir='ltr'>τῆς</span> <span class='ocrx_word' id='word_1_566' title='bbox 1839 1242 1902 1280; x_wconf 69' lang='grc' dir='ltr'>ἀνθρι</span> 
     </span>
    </p>
   </div>
   <div class='ocr_carea' id='block_1_83' title="bbox 1142 1285 1902 1324">
    <p class='ocr_par' dir='ltr' id='par_1_83' title="bbox 1142 1285 1902 1324">
     <span class='ocr_line' id='line_1_83' title="bbox 1142 1285 1902 1324; baseline 0.001 -13"><span class='ocrx_word' id='word_1_567' title='bbox 1142 1288 1254 1316; x_wconf 69' lang='grc' dir='ltr'>πότητος</span> <span class='ocrx_word' id='word_1_568' title='bbox 1291 1286 1321 1312; x_wconf 83' lang='grc' dir='ltr'>τὸ</span> <span class='ocrx_word' id='word_1_569' title='bbox 1358 1285 1438 1312; x_wconf 67' lang='grc' dir='ltr'>αὐτοῦ</span> <span class='ocrx_word' id='word_1_570' title='bbox 1475 1288 1666 1323; x_wconf 74' lang='grc' dir='ltr'>προσενήνοχιν</span> <span class='ocrx_word' id='word_1_571' title='bbox 1701 1288 1780 1324; x_wconf 74' lang='grc' dir='ltr'>αἷμα,</span> <span class='ocrx_word' id='word_1_572' title='bbox 1813 1288 1902 1324; x_wconf 75' lang='grc' dir='ltr'>ἅχροτιτ</span> 
     </span>
    </p>
   </div>
   <div class='ocr_carea' id='block_1_84' title="bbox 1145 1329 1902 1369">
    <p class='ocr_par' dir='ltr' id='par_1_84' title="bbox 1145 1329 1902 1369">
     <span class='ocr_line' id='line_1_84' title="bbox 1145 1329 1902 1369; baseline 0 -12"><span class='ocrx_word' id='word_1_573' title='bbox 1145 1332 1223 1366; x_wconf 76' lang='grc' dir='ltr'>θῦμα,</span> <span class='ocrx_word' id='word_1_574' title='bbox 1246 1332 1373 1367; x_wconf 74' lang='grc' dir='ltr'>σωτήριον</span> <span class='ocrx_word' id='word_1_575' title='bbox 1400 1329 1570 1368; x_wconf 73' lang='grc' dir='ltr'>καλλιέρημα,</span> <span class='ocrx_word' id='word_1_576' title='bbox 1598 1335 1643 1362; x_wconf 78' lang='grc' dir='ltr'>τῆς</span> <span class='ocrx_word' id='word_1_577' title='bbox 1670 1334 1738 1369; x_wconf 85' lang='grc' dir='ltr'>πρὸς</span> <span class='ocrx_word' id='word_1_578' title='bbox 1766 1334 1810 1359; x_wconf 83' lang='grc' dir='ltr'>τὸν</span> <span class='ocrx_word' id='word_1_579' title='bbox 1841 1333 1902 1367; x_wconf 62' lang='grc' dir='ltr'>Πατή</span> 
     </span>
    </p>
   </div>
   <div class='ocr_carea' id='block_1_85' title="bbox 1143 1374 1902 1412">
    <p class='ocr_par' dir='ltr' id='par_1_85' title="bbox 1143 1374 1902 1412">
     <span class='ocr_line' id='line_1_85' title="bbox 1143 1374 1902 1412; baseline 0.003 -12"><span class='ocrx_word' id='word_1_580' title='bbox 1143 1374 1307 1410; x_wconf 74' lang='grc' dir='ltr'>καταλλαγῆς</span> <span class='ocrx_word' id='word_1_581' title='bbox 1334 1375 1396 1410; x_wconf 76' lang='grc' dir='ltr'>ἡμῖν</span> <span class='ocrx_word' id='word_1_582' title='bbox 1430 1374 1581 1402; x_wconf 77' lang='grc' dir='ltr'>αἰτιώτατον</span> <span class='ocrx_word' id='word_1_583' title='bbox 1598 1383 1605 1391; x_wconf 92' lang='grc'><strong>·</strong></span> <span class='ocrx_word' id='word_1_584' title='bbox 1635 1375 1648 1402; x_wconf 89' lang='grc' dir='ltr'><strong><em>ὃ</em></strong></span> <span class='ocrx_word' id='word_1_585' title='bbox 1676 1376 1814 1412; x_wconf 83' lang='grc' dir='ltr'>πολλαχοῦ</span> <span class='ocrx_word' id='word_1_586' title='bbox 1832 1379 1871 1402; x_wconf 77' lang='grc' dir='ltr'>καὶ</span> <span class='ocrx_word' id='word_1_587' title='bbox 1894 1376 1902 1401; x_wconf 73' lang='grc' dir='ltr'>ε</span> 
     </span>
    </p>
   </div>
   <div class='ocr_carea' id='block_1_86' title="bbox 1146 1418 1902 1455">
    <p class='ocr_par' dir='ltr' id='par_1_86' title="bbox 1146 1418 1902 1455">
     <span class='ocr_line' id='line_1_86' title="bbox 1146 1418 1902 1455; baseline 0.001 -9"><span class='ocrx_word' id='word_1_588' title='bbox 1146 1421 1254 1449; x_wconf 83' lang='grc' dir='ltr'>σπέσιος</span> <span class='ocrx_word' id='word_1_589' title='bbox 1291 1418 1459 1455; x_wconf 69' lang='grc' dir='ltr'>ἀποφαίνεται</span> <span class='ocrx_word' id='word_1_590' title='bbox 1497 1419 1599 1451; x_wconf 74' lang='grc' dir='ltr'>Παῦλος</span> <span class='ocrx_word' id='word_1_591' title='bbox 1619 1428 1626 1436; x_wconf 90' lang='lat'><strong>&#39;</strong></span> <span class='ocrx_word' id='word_1_592' title='bbox 1662 1422 1845 1452; x_wconf 82' lang='grc' dir='ltr'>Δικαιωθέντες</span> <span class='ocrx_word' id='word_1_593' title='bbox 1874 1422 1902 1455; x_wconf 67' lang='grc' dir='ltr'>γᾶς</span> 
     </span>
    </p>
   </div>
   <div class='ocr_carea' id='block_1_87' title="bbox 1145 1461 1902 1502">
    <p class='ocr_par' dir='ltr' id='par_1_87' title="bbox 1145 1461 1902 1502">
     <span class='ocr_line' id='line_1_87' title="bbox 1145 1461 1902 1502; baseline 0.004 -13"><span class='ocrx_word' id='word_1_594' title='bbox 1145 1467 1235 1500; x_wconf 71' lang='grc' dir='ltr'>φησιν,</span> <span class='ocrx_word' id='word_1_595' title='bbox 1266 1463 1291 1489; x_wconf 83' lang='grc' dir='ltr'>ἐν</span> <span class='ocrx_word' id='word_1_596' title='bbox 1319 1467 1355 1500; x_wconf 75' lang='grc' dir='ltr'>τῷ</span> <span class='ocrx_word' id='word_1_597' title='bbox 1388 1464 1481 1500; x_wconf 74' lang='grc' dir='ltr'>αἵματι</span> <span class='ocrx_word' id='word_1_598' title='bbox 1510 1468 1558 1491; x_wconf 78' lang='grc' dir='ltr'><em>τοὺ</em></span> <span class='ocrx_word' id='word_1_599' title='bbox 1589 1465 1651 1492; x_wconf 81' lang='grc' dir='ltr'>Υἱοῦ</span> <span class='ocrx_word' id='word_1_600' title='bbox 1684 1466 1856 1502; x_wconf 67' lang='grc' dir='ltr'>σωθησόμεθα</span> <span class='ocrx_word' id='word_1_601' title='bbox 1895 1461 1902 1489; x_wconf 62' lang='grc' dir='ltr'>ὃ</span> 
     </span>
    </p>
   </div>
   <div class='ocr_carea' id='block_1_88' title="bbox 1145 1506 1902 1546">
    <p class='ocr_par' dir='ltr' id='par_1_88' title="bbox 1145 1506 1902 1546">
     <span class='ocr_line' id='line_1_88' title="bbox 1145 1506 1902 1546; baseline 0.004 -12"><span class='ocrx_word' id='word_1_602' title='bbox 1145 1508 1242 1535; x_wconf 67' lang='grc' dir='ltr'>αὐτοῦ’</span> <span class='ocrx_word' id='word_1_603' title='bbox 1280 1510 1325 1534; x_wconf 79' lang='grc' dir='ltr'>καὶ</span> <span class='ocrx_word' id='word_1_604' title='bbox 1359 1506 1433 1539; x_wconf 81' lang='grc' dir='ltr'>αὖθις</span> <span class='ocrx_word' id='word_1_605' title='bbox 1449 1517 1456 1523; x_wconf 93' lang='grc'><strong>·</strong></span> <span class='ocrx_word' id='word_1_606' title='bbox 1495 1509 1606 1546; x_wconf 84' lang='grc' dir='ltr'>Ἐχθροὶ</span> <span class='ocrx_word' id='word_1_607' title='bbox 1642 1511 1714 1542; x_wconf 77' lang='grc' dir='ltr'>ὄντες</span> <span class='ocrx_word' id='word_1_608' title='bbox 1751 1509 1902 1545; x_wconf 66' lang='grc' dir='ltr'>κατηλλάγημ</span> 
     </span>
    </p>
   </div>
   <div class='ocr_carea' id='block_1_89' title="bbox 1145 1551 1900 1590">
    <p class='ocr_par' dir='ltr' id='par_1_89' title="bbox 1145 1551 1900 1590">
     <span class='ocr_line' id='line_1_89' title="bbox 1145 1551 1900 1590; baseline 0 -11"><span class='ocrx_word' id='word_1_609' title='bbox 1145 1558 1181 1589; x_wconf 77' lang='grc' dir='ltr'>τῷ</span> <span class='ocrx_word' id='word_1_610' title='bbox 1201 1556 1258 1589; x_wconf 79' lang='grc' dir='ltr'>Θεῷ</span> <span class='ocrx_word' id='word_1_611' title='bbox 1283 1551 1329 1579; x_wconf 70' lang='grc' dir='ltr'>διὰ</span> <span class='ocrx_word' id='word_1_612' title='bbox 1347 1557 1394 1580; x_wconf 83' lang='grc' dir='ltr'>τοῦ</span> <span class='ocrx_word' id='word_1_613' title='bbox 1412 1554 1523 1590; x_wconf 79' lang='grc' dir='ltr'>αἳματος</span> <span class='ocrx_word' id='word_1_614' title='bbox 1543 1558 1590 1581; x_wconf 80' lang='grc' dir='ltr'>τοῦ</span> <span class='ocrx_word' id='word_1_615' title='bbox 1613 1556 1676 1582; x_wconf 82' lang='grc' dir='ltr'>Υἰοῦ</span> <span class='ocrx_word' id='word_1_616' title='bbox 1699 1555 1796 1583; x_wconf 78' lang='grc' dir='ltr'>αὑτοῦ.</span> <span class='ocrx_word' id='word_1_617' title='bbox 1826 1558 1874 1584; x_wconf 77' lang='grc' dir='ltr'>Πῶς</span> <span class='ocrx_word' id='word_1_618' title='bbox 1891 1563 1900 1579; x_wconf 85' lang='grc' dir='ltr'>ο</span> 
     </span>
    </p>
   </div>
   <div class='ocr_carea' id='block_1_90' title="bbox 1146 1596 1901 1636">
    <p class='ocr_par' dir='ltr' id='par_1_90' title="bbox 1146 1596 1901 1636">
     <span class='ocr_line' id='line_1_90' title="bbox 1146 1596 1901 1636; baseline 0.003 -12"><span class='ocrx_word' id='word_1_619' title='bbox 1146 1597 1193 1624; x_wconf 70' lang='grc' dir='ltr'>οὐκ</span> <span class='ocrx_word' id='word_1_620' title='bbox 1225 1596 1340 1628; x_wconf 70' lang='grc' dir='ltr'>ἐπιεικῶς</span> <span class='ocrx_word' id='word_1_621' title='bbox 1376 1597 1446 1624; x_wconf 74' lang='grc' dir='ltr'>ἔστιν</span> <span class='ocrx_word' id='word_1_622' title='bbox 1478 1599 1574 1625; x_wconf 79' lang='grc' dir='ltr'>ἄτοπον</span> <span class='ocrx_word' id='word_1_623' title='bbox 1609 1600 1709 1629; x_wconf 73' lang='grc' dir='ltr'>ταύτην</span> <span class='ocrx_word' id='word_1_624' title='bbox 1741 1599 1901 1636; x_wconf 65' lang='grc' dir='ltr'>προσενεχῦῆν</span> 
     </span>
    </p>
   </div>
   <div class='ocr_carea' id='block_1_91' title="bbox 1145 1641 1901 1680">
    <p class='ocr_par' dir='ltr' id='par_1_91' title="bbox 1145 1641 1901 1680">
     <span class='ocr_line' id='line_1_91' title="bbox 1145 1641 1901 1680; baseline 0.004 -12"><span class='ocrx_word' id='word_1_625' title='bbox 1145 1645 1192 1672; x_wconf 83' lang='grc' dir='ltr'>τὴν</span> <span class='ocrx_word' id='word_1_626' title='bbox 1219 1642 1312 1668; x_wconf 77' lang='grc' dir='ltr'>θυσίαν</span> <span class='ocrx_word' id='word_1_627' title='bbox 1334 1641 1415 1678; x_wconf 72' lang='grc' dir='ltr'>λέγειν</span> <span class='ocrx_word' id='word_1_628' title='bbox 1442 1647 1478 1679; x_wconf 83' lang='grc' dir='ltr'>τῷ</span> <span class='ocrx_word' id='word_1_629' title='bbox 1502 1647 1559 1679; x_wconf 81' lang='grc' dir='ltr'>Θεῷ</span> <span class='ocrx_word' id='word_1_630' title='bbox 1582 1645 1678 1680; x_wconf 82' lang='grc' dir='ltr'>Λόγῳ;</span> <span class='ocrx_word' id='word_1_631' title='bbox 1711 1647 1787 1676; x_wconf 79' lang='grc' dir='ltr'>Τίνος</span> <span class='ocrx_word' id='word_1_632' title='bbox 1819 1645 1864 1679; x_wconf 76' lang='grc' dir='ltr'>γὰρ</span> <span class='ocrx_word' id='word_1_633' title='bbox 1875 1643 1901 1678; x_wconf 61' lang='lat' dir='ltr'>ir</span> 
     </span>
    </p>
   </div>
   <div class='ocr_carea' id='block_1_92' title="bbox 1145 1685 1899 1724">
    <p class='ocr_par' dir='ltr' id='par_1_92' title="bbox 1145 1685 1899 1724">
     <span class='ocr_line' id='line_1_92' title="bbox 1145 1685 1899 1724; baseline 0.001 -12"><span class='ocrx_word' id='word_1_634' title='bbox 1145 1688 1210 1723; x_wconf 87' lang='grc' dir='ltr'>πρὸς</span> <span class='ocrx_word' id='word_1_635' title='bbox 1235 1690 1310 1713; x_wconf 78' lang='grc' dir='ltr'>τοῦτο</span> <span class='ocrx_word' id='word_1_636' title='bbox 1335 1685 1388 1714; x_wconf 72' lang='grc' dir='ltr'>ἴδει</span> <span class='ocrx_word' id='word_1_637' title='bbox 1409 1687 1582 1724; x_wconf 72' lang='grc' dir='ltr'>καταλλαγῆς,</span> <span class='ocrx_word' id='word_1_638' title='bbox 1603 1688 1629 1719; x_wconf 85' lang='grc' dir='ltr'>ὃς</span> <span class='ocrx_word' id='word_1_639' title='bbox 1653 1688 1680 1720; x_wconf 72' lang='grc' dir='ltr'>ἔξ</span> <span class='ocrx_word' id='word_1_640' title='bbox 1698 1689 1785 1720; x_wconf 71' lang='grc' dir='ltr'>αὐτῆς</span> <span class='ocrx_word' id='word_1_641' title='bbox 1811 1689 1866 1724; x_wconf 76' lang='grc' dir='ltr'>ἡμῖν</span> <span class='ocrx_word' id='word_1_642' title='bbox 1888 1696 1899 1711; x_wconf 72' lang='grc' dir='ltr'>ι</span> 
     </span>
    </p>
   </div>
   <div class='ocr_carea' id='block_1_93' title="bbox 1145 1730 1900 1765">
    <p class='ocr_par' dir='ltr' id='par_1_93' title="bbox 1145 1730 1900 1765">
     <span class='ocr_line' id='line_1_93' title="bbox 1145 1730 1900 1765; baseline -0.003 -5"><span class='ocrx_word' id='word_1_643' title='bbox 1145 1730 1282 1760; x_wconf 77' lang='grc' dir='ltr'>τὴλλαττιν</span> <span class='ocrx_word' id='word_1_644' title='bbox 1311 1734 1359 1762; x_wconf 82' lang='grc' dir='ltr'>τῆς</span> <span class='ocrx_word' id='word_1_645' title='bbox 1380 1731 1516 1765; x_wconf 74' lang='grc' dir='ltr'>ἑνὼσιως;</span> <span class='ocrx_word' id='word_1_646' title='bbox 1549 1735 1605 1763; x_wconf 80' lang='grc' dir='ltr'>Πῶς</span> <span class='ocrx_word' id='word_1_647' title='bbox 1638 1731 1668 1760; x_wconf 71' lang='grc' dir='ltr'>δὲ</span> <span class='ocrx_word' id='word_1_648' title='bbox 1693 1733 1744 1760; x_wconf 75' lang='grc' dir='ltr'>οὐχ</span> <span class='ocrx_word' id='word_1_649' title='bbox 1772 1733 1870 1761; x_wconf 73' lang='grc' dir='ltr'>ἀνόητον</span> <span class='ocrx_word' id='word_1_650' title='bbox 1893 1730 1900 1755; x_wconf 74' lang='lat' dir='ltr'>&#39;I</span> 
     </span>
    </p>
   </div>
   <div class='ocr_carea' id='block_1_94' title="bbox 1145 1773 1900 1813">
    <p class='ocr_par' dir='ltr' id='par_1_94' title="bbox 1145 1773 1900 1813">
     <span class='ocr_line' id='line_1_94' title="bbox 1145 1773 1900 1813; baseline -0.001 -12"><span class='ocrx_word' id='word_1_651' title='bbox 1145 1785 1200 1811; x_wconf 86' lang='grc' dir='ltr'>γειν</span> <span class='ocrx_word' id='word_1_652' title='bbox 1224 1773 1271 1802; x_wconf 80' lang='grc' dir='ltr'>διὰ</span> <span class='ocrx_word' id='word_1_653' title='bbox 1297 1779 1343 1806; x_wconf 79' lang='grc' dir='ltr'>τῆς</span> <span class='ocrx_word' id='word_1_654' title='bbox 1362 1777 1454 1807; x_wconf 79' lang='grc' dir='ltr'>θυσίας</span> <span class='ocrx_word' id='word_1_655' title='bbox 1477 1778 1573 1808; x_wconf 80' lang='grc' dir='ltr'>ταύτης</span> <span class='ocrx_word' id='word_1_656' title='bbox 1597 1777 1674 1804; x_wconf 77' lang='grc' dir='ltr'>αὐτὸν</span> <span class='ocrx_word' id='word_1_657' title='bbox 1697 1778 1782 1813; x_wconf 75' lang='grc' dir='ltr'>ἑαυτῷ</span> <span class='ocrx_word' id='word_1_658' title='bbox 1800 1775 1900 1803; x_wconf 63' lang='grc' dir='ltr'>καταλὶώ</span> 
     </span>
    </p>
   </div>
   <div class='ocr_carea' id='block_1_95' title="bbox 1146 1820 1900 1860">
    <p class='ocr_par' dir='ltr' id='par_1_95' title="bbox 1146 1820 1900 1860">
     <span class='ocr_line' id='line_1_95' title="bbox 1146 1820 1900 1860; baseline 0.003 -14"><span class='ocrx_word' id='word_1_659' title='bbox 1146 1821 1258 1854; x_wconf 84' lang='grc' dir='ltr'>τεσθαι;</span> <span class='ocrx_word' id='word_1_660' title='bbox 1288 1820 1303 1850; x_wconf 76' lang='grc' dir='ltr'><strong><em>ἦ</em></strong></span> <span class='ocrx_word' id='word_1_661' title='bbox 1335 1823 1379 1850; x_wconf 76' lang='grc' dir='ltr'>τὴν</span> <span class='ocrx_word' id='word_1_662' title='bbox 1404 1822 1449 1858; x_wconf 70' lang='grc' dir='ltr'>μὲν</span> <span class='ocrx_word' id='word_1_663' title='bbox 1473 1820 1500 1853; x_wconf 78' lang='grc' dir='ltr'><em>ἕξ</em></span> <span class='ocrx_word' id='word_1_664' title='bbox 1527 1822 1600 1858; x_wconf 72' lang='grc' dir='ltr'>ἡμῶν</span> <span class='ocrx_word' id='word_1_665' title='bbox 1623 1822 1834 1860; x_wconf 61' lang='grc' dir='ltr'>προσ-ληφθεῖσαν</span> <span class='ocrx_word' id='word_1_666' title='bbox 1860 1821 1900 1856; x_wconf 62' lang='grc' dir='ltr'>ᾳύσ</span> 
     </span>
    </p>
   </div>
   <div class='ocr_carea' id='block_1_96' title="bbox 1147 1863 1899 1903">
    <p class='ocr_par' dir='ltr' id='par_1_96' title="bbox 1147 1863 1899 1903">
     <span class='ocr_line' id='line_1_96' title="bbox 1147 1863 1899 1903; baseline -0.004 -12"><span class='ocrx_word' id='word_1_667' title='bbox 1147 1865 1217 1901; x_wconf 71' lang='grc' dir='ltr'>ἔχειν</span> <span class='ocrx_word' id='word_1_668' title='bbox 1245 1866 1309 1903; x_wconf 85' lang='grc' dir='ltr'>πρὸς</span> <span class='ocrx_word' id='word_1_669' title='bbox 1342 1866 1410 1902; x_wconf 77' lang='grc' dir='ltr'>ἡμᾶς</span> <span class='ocrx_word' id='word_1_670' title='bbox 1441 1865 1550 1899; x_wconf 79' lang='grc' dir='ltr'>οἰκείως,</span> <span class='ocrx_word' id='word_1_671' title='bbox 1579 1868 1627 1896; x_wconf 79' lang='grc' dir='ltr'>τὴν</span> <span class='ocrx_word' id='word_1_672' title='bbox 1658 1865 1685 1893; x_wconf 78' lang='grc' dir='ltr'>δ’</span> <span class='ocrx_word' id='word_1_673' title='bbox 1713 1867 1844 1894; x_wconf 51' lang='lat' dir='ltr'>bonum</span> <span class='ocrx_word' id='word_1_674' title='bbox 1869 1863 1899 1889; x_wconf 61' lang='lat' dir='ltr'>ar}:</span> 
     </span>
    </p>
   </div>
   <div class='ocr_carea' id='block_1_97' title="bbox 1148 1907 1899 1948">
    <p class='ocr_par' dir='ltr' id='par_1_97' title="bbox 1148 1907 1899 1948">
     <span class='ocr_line' id='line_1_97' title="bbox 1148 1907 1899 1948; baseline -0.001 -13"><span class='ocrx_word' id='word_1_675' title='bbox 1148 1910 1258 1938; x_wconf 79' lang='grc' dir='ltr'>Θεοτητα</span> <span class='ocrx_word' id='word_1_676' title='bbox 1281 1907 1388 1937; x_wconf 72' lang='grc' dir='ltr'>δεῖσθαι</span> <span class='ocrx_word' id='word_1_677' title='bbox 1411 1914 1458 1940; x_wconf 83' lang='grc' dir='ltr'>τῆς</span> <span class='ocrx_word' id='word_1_678' title='bbox 1479 1912 1545 1947; x_wconf 81' lang='grc' dir='ltr'>πρὸς</span> <span class='ocrx_word' id='word_1_679' title='bbox 1568 1911 1639 1948; x_wconf 78' lang='grc' dir='ltr'>ἡμᾶς</span> <span class='ocrx_word' id='word_1_680' title='bbox 1658 1909 1802 1942; x_wconf 70' lang='grc' dir='ltr'>διὰθυσίας</span> <span class='ocrx_word' id='word_1_681' title='bbox 1819 1907 1899 1936; x_wconf 68' lang='grc' dir='ltr'>καταῦλ</span> 
     </span>
    </p>
   </div>
   <div class='ocr_carea' id='block_1_98' title="bbox 1146 1954 1899 1994">
    <p class='ocr_par' dir='ltr' id='par_1_98' title="bbox 1146 1954 1899 1994">
     <span class='ocr_line' id='line_1_98' title="bbox 1146 1954 1899 1994; baseline -0.004 -11"><span class='ocrx_word' id='word_1_682' title='bbox 1146 1957 1218 1989; x_wconf 78' lang='grc' dir='ltr'>Ὶῆς;</span> <span class='ocrx_word' id='word_1_683' title='bbox 1240 1957 1271 1980; x_wconf 86' lang='grc' dir='ltr'><strong>Ἦ</strong></span> <span class='ocrx_word' id='word_1_684' title='bbox 1301 1955 1367 1980; x_wconf 77' lang='grc' dir='ltr'>κατὰ</span> <span class='ocrx_word' id='word_1_685' title='bbox 1390 1954 1490 1981; x_wconf 75' lang='grc' dir='ltr'>Παῦλον</span> <span class='ocrx_word' id='word_1_686' title='bbox 1519 1955 1616 1982; x_wconf 82' lang='grc' dir='ltr'>εἰπεῖν’</span> <span class='ocrx_word' id='word_1_687' title='bbox 1650 1955 1841 1994; x_wconf 68' lang='grc' dir='ltr'>Μεμέρισταιό</span> <span class='ocrx_word' id='word_1_688' title='bbox 1870 1955 1899 1987; x_wconf 65' lang='grc' dir='ltr'>Χρ</span> 
     </span>
    </p>
   </div>
   <div class='ocr_carea' id='block_1_99' title="bbox 1148 1995 1899 2036">
    <p class='ocr_par' dir='ltr' id='par_1_99' title="bbox 1148 1995 1899 2036">
     <span class='ocr_line' id='line_1_99' title="bbox 1148 1995 1899 2036; baseline 0.001 -12"><span class='ocrx_word' id='word_1_689' title='bbox 1148 2000 1230 2032; x_wconf 80' lang='grc' dir='ltr'>στός;</span> <span class='ocrx_word' id='word_1_690' title='bbox 1258 1999 1291 2029; x_wconf 85' lang='grc' dir='ltr'>ὡς</span> <span class='ocrx_word' id='word_1_691' title='bbox 1315 1997 1379 2025; x_wconf 80' lang='grc' dir='ltr'>εἶναι</span> <span class='ocrx_word' id='word_1_692' title='bbox 1401 2000 1430 2025; x_wconf 87' lang='grc' dir='ltr'>τὸ</span> <span class='ocrx_word' id='word_1_693' title='bbox 1454 2003 1499 2035; x_wconf 69' lang='grc' dir='ltr'>μὲν</span> <span class='ocrx_word' id='word_1_694' title='bbox 1532 1999 1604 2036; x_wconf 77' lang='grc' dir='ltr'>φίλον</span> <span class='ocrx_word' id='word_1_695' title='bbox 1627 1999 1708 2036; x_wconf 73' lang='grc' dir='ltr'>αὐτῷ,</span> <span class='ocrx_word' id='word_1_696' title='bbox 1735 2002 1764 2027; x_wconf 85' lang='grc' dir='ltr'>τὸ</span> <span class='ocrx_word' id='word_1_697' title='bbox 1793 1997 1821 2026; x_wconf 72' lang='grc' dir='ltr'>δὲ</span> <span class='ocrx_word' id='word_1_698' title='bbox 1845 1995 1899 2023; x_wconf 67' lang='grc' dir='ltr'>ἆγτίε</span> 
     </span>
    </p>
   </div>
   <div class='ocr_carea' id='block_1_100' title="bbox 1147 2052 1199 2071">
    <p class='ocr_par' dir='ltr' id='par_1_100' title="bbox 1147 2052 1199 2071">
     <span class='ocr_line' id='line_1_100' title="bbox 1147 2052 1199 2071; baseline 0.058 -3"><span class='ocrx_word' id='word_1_699' title='bbox 1147 2052 1199 2071; x_wconf 76' lang='grc' dir='ltr'>τον.</span> 
     </span>
    </p>
   </div>
   <div class='ocr_carea' id='block_1_101' title="bbox 1183 2086 1898 2126">
    <p class='ocr_par' dir='ltr' id='par_1_101' title="bbox 1183 2086 1898 2126">
     <span class='ocr_line' id='line_1_101' title="bbox 1183 2086 1898 2126; baseline -0.001 -12"><span class='ocrx_word' id='word_1_700' title='bbox 1183 2090 1251 2116; x_wconf 73' lang='grc' dir='ltr'>⁸ΜΛ.</span> <span class='ocrx_word' id='word_1_701' title='bbox 1275 2087 1341 2113; x_wconf 83' lang='grc' dir='ltr'>Ἀλλ’</span> <span class='ocrx_word' id='word_1_702' title='bbox 1366 2089 1448 2125; x_wconf 78' lang='grc' dir='ltr'>εἴπερ,</span> <span class='ocrx_word' id='word_1_703' title='bbox 1477 2090 1554 2124; x_wconf 74' lang='grc' dir='ltr'>φησὶ,</span> <span class='ocrx_word' id='word_1_704' title='bbox 1574 2090 1603 2115; x_wconf 84' lang='grc' dir='ltr'>τὸ</span> <span class='ocrx_word' id='word_1_705' title='bbox 1632 2093 1668 2125; x_wconf 79' lang='grc' dir='ltr'>τῷ</span> <span class='ocrx_word' id='word_1_706' title='bbox 1679 2091 1762 2126; x_wconf 82' lang='grc' dir='ltr'>Πατρὶ</span> <span class='ocrx_word' id='word_1_707' title='bbox 1782 2086 1898 2124; x_wconf 63' lang='lat' dir='ltr'>«poor/ip</span> 
     </span>
    </p>
   </div>
   <div class='ocr_carea' id='block_1_102' title="bbox 1146 2129 1898 2171">
    <p class='ocr_par' dir='ltr' id='par_1_102' title="bbox 1146 2129 1898 2171">
     <span class='ocr_line' id='line_1_102' title="bbox 1146 2129 1898 2171; baseline 0 -13"><span class='ocrx_word' id='word_1_708' title='bbox 1146 2141 1188 2158; x_wconf 91' lang='grc' dir='ltr'>νον</span> <span class='ocrx_word' id='word_1_709' title='bbox 1213 2130 1261 2158; x_wconf 78' lang='grc' dir='ltr'>διὰ</span> <span class='ocrx_word' id='word_1_710' title='bbox 1282 2135 1329 2159; x_wconf 83' lang='grc' dir='ltr'>τοῦ</span> <span class='ocrx_word' id='word_1_711' title='bbox 1360 2135 1424 2159; x_wconf 76' lang='grc' dir='ltr'>Θεοῦ</span> <span class='ocrx_word' id='word_1_712' title='bbox 1455 2135 1535 2169; x_wconf 85' lang='grc' dir='ltr'>Δόγου</span> <span class='ocrx_word' id='word_1_713' title='bbox 1563 2130 1846 2171; x_wconf 75' lang='grc' dir='ltr'>προσάγπαι’οὗδιὶς</span> <span class='ocrx_word' id='word_1_714' title='bbox 1871 2129 1898 2164; x_wconf 63' lang='grc' dir='ltr'>γάς</span> 
     </span>
    </p>
   </div>
   <div class='ocr_carea' id='block_1_103' title="bbox 1148 2174 1898 2216">
    <p class='ocr_par' dir='ltr' id='par_1_103' title="bbox 1148 2174 1898 2216">
     <span class='ocr_line' id='line_1_103' title="bbox 1148 2174 1898 2216; baseline -0.007 -13"><span class='ocrx_word' id='word_1_715' title='bbox 1148 2178 1222 2213; x_wconf 73' lang='grc' dir='ltr'>φησὶ,</span> <span class='ocrx_word' id='word_1_716' title='bbox 1253 2178 1319 2213; x_wconf 85' lang='grc' dir='ltr'>πρὸς</span> <span class='ocrx_word' id='word_1_717' title='bbox 1344 2178 1387 2204; x_wconf 83' lang='grc' dir='ltr'>τὸν</span> <span class='ocrx_word' id='word_1_718' title='bbox 1421 2179 1524 2215; x_wconf 74' lang='grc' dir='ltr'>Πατὸρα</span> <span class='ocrx_word' id='word_1_719' title='bbox 1553 2179 1658 2216; x_wconf 68' lang='grc' dir='ltr'>ἕρχςται</span> <span class='ocrx_word' id='word_1_720' title='bbox 1686 2178 1708 2205; x_wconf 65' lang='lat' dir='ltr'>si</span> <span class='ocrx_word' id='word_1_721' title='bbox 1731 2180 1767 2215; x_wconf 78' lang='grc' dir='ltr'>μή</span> <span class='ocrx_word' id='word_1_722' title='bbox 1801 2175 1835 2203; x_wconf 78' lang='grc' dir='ltr'>δι’</span> <span class='ocrx_word' id='word_1_723' title='bbox 1861 2174 1898 2209; x_wconf 44' lang='grc' dir='ltr'>ἐιιιοπ</span> 
     </span>
    </p>
   </div>
   <div class='ocr_carea' id='block_1_104' title="bbox 1146 2221 1897 2260">
    <p class='ocr_par' dir='ltr' id='par_1_104' title="bbox 1146 2221 1897 2260">
     <span class='ocr_line' id='line_1_104' title="bbox 1146 2221 1897 2260; baseline 0 -12"><span class='ocrx_word' id='word_1_724' title='bbox 1146 2225 1202 2253; x_wconf 83' lang='grc' dir='ltr'>πῶς</span> <span class='ocrx_word' id='word_1_725' title='bbox 1230 2221 1286 2251; x_wconf 75' lang='grc' dir='ltr'>ὶνῆν</span> <span class='ocrx_word' id='word_1_726' title='bbox 1318 2223 1526 2260; x_wconf 58' lang='grc' dir='ltr'>προσενηνέχθαι</span> <span class='ocrx_word' id='word_1_727' title='bbox 1558 2224 1605 2253; x_wconf 77' lang='grc' dir='ltr'>τὴν</span> <span class='ocrx_word' id='word_1_728' title='bbox 1640 2224 1735 2250; x_wconf 77' lang='grc' dir='ltr'>θυσίαν</span> <span class='ocrx_word' id='word_1_729' title='bbox 1766 2223 1864 2251; x_wconf 74' lang='grc' dir='ltr'>ταύτην,</span> <span class='ocrx_word' id='word_1_730' title='bbox 1889 2226 1897 2251; x_wconf 65' lang='grc' dir='ltr'><em>Ρ</em></span> 
     </span>
    </p>
   </div>
   <div class='ocr_carea' id='block_1_105' title="bbox 1146 2263 1897 2304">
    <p class='ocr_par' dir='ltr' id='par_1_105' title="bbox 1146 2263 1897 2304">
     <span class='ocr_line' id='line_1_105' title="bbox 1146 2263 1897 2304; baseline -0.003 -11"><span class='ocrx_word' id='word_1_731' title='bbox 1146 2268 1269 2304; x_wconf 77' lang='grc' dir='ltr'>πρότερον</span> <span class='ocrx_word' id='word_1_732' title='bbox 1300 2270 1332 2303; x_wconf 73' lang='grc' dir='ltr'>τῇ</span> <span class='ocrx_word' id='word_1_733' title='bbox 1365 2269 1411 2294; x_wconf 81' lang='grc' dir='ltr'>τοῦ</span> <span class='ocrx_word' id='word_1_734' title='bbox 1442 2270 1600 2304; x_wconf 76' lang='grc' dir='ltr'>Μονογτνοῡς</span> <span class='ocrx_word' id='word_1_735' title='bbox 1632 2268 1846 2304; x_wconf 71' lang='grc' dir='ltr'>προσενεχθεῖσαν</span> <span class='ocrx_word' id='word_1_736' title='bbox 1873 2263 1897 2288; x_wconf 65' lang='grc' dir='ltr'>θαι</span> 
     </span>
    </p>
   </div>
   <div class='ocr_carea' id='block_1_106' title="bbox 1146 2320 1228 2345">
    <p class='ocr_par' dir='ltr' id='par_1_106' title="bbox 1146 2320 1228 2345">
     <span class='ocr_line' id='line_1_106' title="bbox 1146 2320 1228 2345; baseline 0 -7"><span class='ocrx_word' id='word_1_737' title='bbox 1146 2321 1205 2341; x_wconf 72' lang='lat' dir='ltr'>nm</span> <span class='ocrx_word' id='word_1_738' title='bbox 1222 2320 1228 2345; x_wconf 91' lang='lat'><strong>;</strong></span> 
     </span>
    </p>
   </div>
   <div class='ocr_carea' id='block_1_107' title="bbox 1182 2356 1897 2393">
    <p class='ocr_par' dir='ltr' id='par_1_107' title="bbox 1182 2356 1897 2393">
     <span class='ocr_line' id='line_1_107' title="bbox 1182 2356 1897 2393; baseline -0.003 -9"><span class='ocrx_word' id='word_1_739' title='bbox 1182 2359 1253 2384; x_wconf 80' lang='grc' dir='ltr'>ΣΩΤ.</span> <span class='ocrx_word' id='word_1_740' title='bbox 1282 2356 1343 2393; x_wconf 70' lang='grc' dir='ltr'>Οὐχ</span> <span class='ocrx_word' id='word_1_741' title='bbox 1374 2357 1389 2386; x_wconf 84' lang='grc' dir='ltr'><strong>ἡ</strong></span> <span class='ocrx_word' id='word_1_742' title='bbox 1417 2360 1463 2383; x_wconf 74' lang='grc' dir='ltr'>τοῦ</span> <span class='ocrx_word' id='word_1_743' title='bbox 1488 2359 1575 2393; x_wconf 80' lang='grc' dir='ltr'>Λόγου</span> <span class='ocrx_word' id='word_1_744' title='bbox 1605 2358 1706 2391; x_wconf 80' lang='grc' dir='ltr'>θεότης,</span> <span class='ocrx_word' id='word_1_745' title='bbox 1731 2356 1750 2383; x_wconf 78' lang='grc' dir='ltr'>ὦ</span> <span class='ocrx_word' id='word_1_746' title='bbox 1769 2356 1845 2387; x_wconf 74' lang='grc' dir='ltr'>οὗτος,</span> <span class='ocrx_word' id='word_1_747' title='bbox 1868 2359 1897 2386; x_wconf 60' lang='grc' dir='ltr'>πρ»</span> 
     </span>
    </p>
   </div>
   <div class='ocr_carea' id='block_1_108' title="bbox 1146 2398 1896 2439">
    <p class='ocr_par' dir='ltr' id='par_1_108' title="bbox 1146 2398 1896 2439">
     <span class='ocr_line' id='line_1_108' title="bbox 1146 2398 1896 2439; baseline -0.005 -12"><span class='ocrx_word' id='word_1_748' title='bbox 1146 2402 1197 2439; x_wconf 80' lang='grc' dir='ltr'>γὰρ</span> <span class='ocrx_word' id='word_1_749' title='bbox 1220 2400 1312 2428; x_wconf 62' lang='grc' dir='ltr'>ἔπιτνον</span> <span class='ocrx_word' id='word_1_750' title='bbox 1332 2403 1432 2438; x_wconf 70' lang='grc' dir='ltr'>στρέφοι</span> <span class='ocrx_word' id='word_1_751' title='bbox 1455 2403 1498 2428; x_wconf 83' lang='grc' dir='ltr'>τὸν</span> <span class='ocrx_word' id='word_1_752' title='bbox 1517 2401 1603 2438; x_wconf 77' lang='grc' dir='ltr'>λόγον,</span> <span class='ocrx_word' id='word_1_753' title='bbox 1627 2403 1652 2428; x_wconf 79' lang='grc' dir='ltr'>ἑν</span> <span class='ocrx_word' id='word_1_754' title='bbox 1671 2406 1727 2434; x_wconf 86' lang='grc' dir='ltr'>ταῖς</span> <span class='ocrx_word' id='word_1_755' title='bbox 1745 2403 1808 2438; x_wconf 82' lang='grc' dir='ltr'>πρὸς</span> <span class='ocrx_word' id='word_1_756' title='bbox 1824 2399 1861 2425; x_wconf 83' lang='grc' dir='ltr'>τὸν</span> <span class='ocrx_word' id='word_1_757' title='bbox 1877 2398 1896 2421; x_wconf 56' lang='lat' dir='ltr'>Ill</span> 
     </span>
    </p>
   </div>
   <div class='ocr_carea' id='block_1_109' title="bbox 1147 2439 1896 2484">
    <p class='ocr_par' dir='ltr' id='par_1_109' title="bbox 1147 2439 1896 2484">
     <span class='ocr_line' id='line_1_109' title="bbox 1147 2439 1896 2484; baseline 0 -12"><span class='ocrx_word' id='word_1_758' title='bbox 1147 2448 1210 2484; x_wconf 76' lang='grc' dir='ltr'>τέρα</span> <span class='ocrx_word' id='word_1_759' title='bbox 1232 2449 1418 2483; x_wconf 85' lang='grc' dir='ltr'>προσαγωγαῖς</span> <span class='ocrx_word' id='word_1_760' title='bbox 1447 2445 1622 2483; x_wconf 75' lang='grc' dir='ltr'>ἐμεσίτευσεν,</span> <span class='ocrx_word' id='word_1_761' title='bbox 1650 2446 1713 2473; x_wconf 73' lang='grc' dir='ltr'>ἀλλ’</span> <span class='ocrx_word' id='word_1_762' title='bbox 1744 2446 1819 2476; x_wconf 77' lang='grc' dir='ltr'>αὐτὸς</span> <span class='ocrx_word' id='word_1_763' title='bbox 1840 2443 1851 2468; x_wconf 75' lang='grc' dir='ltr'><strong><em>ὁ</em></strong></span> <span class='ocrx_word' id='word_1_764' title='bbox 1871 2439 1896 2466; x_wconf 54' lang='grc' dir='ltr'>αὖ</span> 
     </span>
    </p>
   </div>
   <div class='ocr_carea' id='block_1_110' title="bbox 1149 2489 1896 2529">
    <p class='ocr_par' dir='ltr' id='par_1_110' title="bbox 1149 2489 1896 2529">
     <span class='ocr_line' id='line_1_110' title="bbox 1149 2489 1896 2529; baseline -0.001 -12"><span class='ocrx_word' id='word_1_765' title='bbox 1149 2493 1250 2529; x_wconf 82' lang='grc' dir='ltr'>θρωπος</span> <span class='ocrx_word' id='word_1_766' title='bbox 1283 2492 1368 2527; x_wconf 82' lang='grc' dir='ltr'>Λόγος</span> <span class='ocrx_word' id='word_1_767' title='bbox 1400 2493 1571 2528; x_wconf 76' lang='grc' dir='ltr'>χρηματίσας</span> <span class='ocrx_word' id='word_1_768' title='bbox 1603 2492 1671 2518; x_wconf 77' lang='grc' dir='ltr'>κατὰ</span> <span class='ocrx_word' id='word_1_769' title='bbox 1703 2494 1749 2521; x_wconf 78' lang='grc' dir='ltr'>τὴν</span> <span class='ocrx_word' id='word_1_770' title='bbox 1782 2489 1896 2529; x_wconf 52' lang='grc' dir='ltr'>πληροφψ</span> 
     </span>
    </p>
   </div>
   <div class='ocr_carea' id='block_1_111' title="bbox 1150 2527 1895 2573">
    <p class='ocr_par' dir='ltr' id='par_1_111' title="bbox 1150 2527 1895 2573">
     <span class='ocr_line' id='line_1_111' title="bbox 1150 2527 1895 2573; baseline -0.007 -11"><span class='ocrx_word' id='word_1_771' title='bbox 1150 2536 1238 2562; x_wconf 75' lang='grc' dir='ltr'>θεῖσαν</span> <span class='ocrx_word' id='word_1_772' title='bbox 1268 2536 1345 2571; x_wconf 70' lang='grc' dir='ltr'>φύσιν</span> <span class='ocrx_word' id='word_1_773' title='bbox 1374 2534 1519 2573; x_wconf 73' lang='grc' dir='ltr'>ἀρχιερεὺς,</span> <span class='ocrx_word' id='word_1_774' title='bbox 1548 2538 1593 2562; x_wconf 80' lang='grc' dir='ltr'>καὶ</span> <span class='ocrx_word' id='word_1_775' title='bbox 1619 2538 1675 2563; x_wconf 81' lang='grc' dir='ltr'>τότε</span> <span class='ocrx_word' id='word_1_776' title='bbox 1695 2537 1725 2562; x_wconf 82' lang='grc' dir='ltr'>τὸ</span> <span class='ocrx_word' id='word_1_777' title='bbox 1755 2535 1840 2561; x_wconf 77' lang='grc' dir='ltr'>οἰκεῖον</span> <span class='ocrx_word' id='word_1_778' title='bbox 1867 2527 1895 2562; x_wconf 70' lang='grc' dir='ltr'>αἵρ</span> 
     </span>
    </p>
   </div>
   <div class='ocr_carea' id='block_1_112' title="bbox 1150 2572 1895 2617">
    <p class='ocr_par' dir='ltr' id='par_1_112' title="bbox 1150 2572 1895 2617">
     <span class='ocr_line' id='line_1_112' title="bbox 1150 2572 1895 2617; baseline 0 -11"><span class='ocrx_word' id='word_1_779' title='bbox 1150 2582 1335 2617; x_wconf 76' lang='grc' dir='ltr'>προσαγαγὼν,</span> <span class='ocrx_word' id='word_1_780' title='bbox 1365 2582 1410 2606; x_wconf 77' lang='grc' dir='ltr'>καὶ</span> <span class='ocrx_word' id='word_1_781' title='bbox 1438 2584 1482 2606; x_wconf 86' lang='grc' dir='ltr'>νῦν</span> <span class='ocrx_word' id='word_1_782' title='bbox 1511 2582 1570 2612; x_wconf 84' lang='grc' dir='ltr'>τοὺς</span> <span class='ocrx_word' id='word_1_783' title='bbox 1603 2581 1765 2617; x_wconf 71' lang='grc' dir='ltr'>σωζομένους</span> <span class='ocrx_word' id='word_1_784' title='bbox 1793 2576 1827 2604; x_wconf 85' lang='grc' dir='ltr'>δι’</span> <span class='ocrx_word' id='word_1_785' title='bbox 1855 2572 1895 2599; x_wconf 56' lang='grc' dir='ltr'>αθτ⁴</span> 
     </span>
    </p>
   </div>
   <div class='ocr_carea' id='block_1_113' title="bbox 1150 2618 1895 2662">
    <p class='ocr_par' dir='ltr' id='par_1_113' title="bbox 1150 2618 1895 2662">
     <span class='ocr_line' id='line_1_113' title="bbox 1150 2618 1895 2662; baseline 0 -12"><span class='ocrx_word' id='word_1_786' title='bbox 1150 2625 1288 2661; x_wconf 74' lang='grc' dir='ltr'>προσάγων</span> <span class='ocrx_word' id='word_1_787' title='bbox 1310 2628 1346 2660; x_wconf 84' lang='grc' dir='ltr'>τῷ</span> <span class='ocrx_word' id='word_1_788' title='bbox 1373 2626 1467 2661; x_wconf 81' lang='grc' dir='ltr'>Πατρὶ,</span> <span class='ocrx_word' id='word_1_789' title='bbox 1493 2626 1534 2652; x_wconf 85' lang='grc' dir='ltr'>ἶνα</span> <span class='ocrx_word' id='word_1_790' title='bbox 1561 2626 1643 2661; x_wconf 74' lang='grc' dir='ltr'>ϐιώσῃ</span> <span class='ocrx_word' id='word_1_791' title='bbox 1666 2629 1697 2662; x_wconf 74' lang='grc' dir='ltr'>τῇ</span> <span class='ocrx_word' id='word_1_792' title='bbox 1722 2625 1830 2662; x_wconf 78' lang='grc' dir='ltr'>χάριτι·</span> <span class='ocrx_word' id='word_1_793' title='bbox 1858 2618 1895 2643; x_wconf 48' lang='grc' dir='ltr'>τοά</span> 
     </span>
    </p>
   </div>
   <div class='ocr_carea' id='block_1_114' title="bbox 1149 2664 1895 2706">
    <p class='ocr_par' dir='ltr' id='par_1_114' title="bbox 1149 2664 1895 2706">
     <span class='ocr_line' id='line_1_114' title="bbox 1149 2664 1895 2706; baseline 0.001 -11"><span class='ocrx_word' id='word_1_794' title='bbox 1149 2670 1200 2706; x_wconf 83' lang='grc' dir='ltr'>γὰρ</span> <span class='ocrx_word' id='word_1_795' title='bbox 1216 2671 1264 2700; x_wconf 84' lang='grc' dir='ltr'>τὴς</span> <span class='ocrx_word' id='word_1_796' title='bbox 1282 2673 1458 2706; x_wconf 80' lang='grc' dir='ltr'>προσαγωγῆς</span> <span class='ocrx_word' id='word_1_797' title='bbox 1476 2671 1506 2696; x_wconf 86' lang='grc' dir='ltr'>τὸ</span> <span class='ocrx_word' id='word_1_798' title='bbox 1528 2670 1606 2701; x_wconf 73' lang='grc' dir='ltr'>τέλος.</span> <span class='ocrx_word' id='word_1_799' title='bbox 1632 2671 1734 2701; x_wconf 81' lang='grc' dir='ltr'>Μάθοις</span> <span class='ocrx_word' id='word_1_800' title='bbox 1754 2667 1778 2696; x_wconf 81' lang='grc' dir='ltr'>δ’</span> <span class='ocrx_word' id='word_1_801' title='bbox 1796 2666 1823 2693; x_wconf 74' lang='grc' dir='ltr'>ἄν</span> <span class='ocrx_word' id='word_1_802' title='bbox 1843 2664 1877 2689; x_wconf 70' lang='grc' dir='ltr'>καί</span> <span class='ocrx_word' id='word_1_803' title='bbox 1893 2667 1895 2683; x_wconf 93' lang='grc'><strong>¹</strong></span> 
     </span>
    </p>
   </div>
   <div class='ocr_carea' id='block_1_115' title="bbox 1151 2710 1894 2752">
    <p class='ocr_par' dir='ltr' id='par_1_115' title="bbox 1151 2710 1894 2752">
     <span class='ocr_line' id='line_1_115' title="bbox 1151 2710 1894 2752; baseline 0 -12"><span class='ocrx_word' id='word_1_804' title='bbox 1151 2719 1198 2746; x_wconf 84' lang='grc' dir='ltr'>τῆς</span> <span class='ocrx_word' id='word_1_805' title='bbox 1218 2715 1287 2741; x_wconf 77' lang='grc' dir='ltr'>κατὰ</span> <span class='ocrx_word' id='word_1_806' title='bbox 1314 2716 1394 2742; x_wconf 79' lang='grc' dir='ltr'>τύπον</span> <span class='ocrx_word' id='word_1_807' title='bbox 1426 2715 1518 2746; x_wconf 83' lang='grc' dir='ltr'>θυσίας</span> <span class='ocrx_word' id='word_1_808' title='bbox 1547 2715 1560 2742; x_wconf 85' lang='grc' dir='ltr'><strong><em>ὃ</em></strong></span> <span class='ocrx_word' id='word_1_809' title='bbox 1584 2715 1708 2752; x_wconf 63' lang='grc' dir='ltr'>λέγομεν</span> <span class='ocrx_word' id='word_1_810' title='bbox 1741 2710 1846 2747; x_wconf 76' lang='grc' dir='ltr'>τέσσαρά</span> <span class='ocrx_word' id='word_1_811' title='bbox 1870 2713 1894 2730; x_wconf 69' lang='grc' dir='ltr'>το</span> 
     </span>
    </p>
   </div>
  </div>
