1947 3077
183 86 232 116 163

849 74 983 110 meum
997 73 1185 109 exosum

1819 73 1891 106 164

179 154 241 176 non
251 149 352 175 tamen
362 152 443 174 nunc
452 145 579 173 Patrem.
592 145 651 171 Hoc
664 142 846 171 adnotamus
857 142 1003 170 adversus

1063 143 1174 176 Χριστοῦ
1202 140 1279 176 λέγει,
1309 140 1364 166 ἀλλ’
1390 140 1454 176 οὐχὶ
1482 143 1528 166 τοῦ
1555 142 1657 176 Πατρὸς
1684 149 1737 167 νυν.
1776 142 1888 166 Τοῦτο

178 192 244 219 illos
259 191 310 228 qui
326 189 509 218 vocabulum
528 195 668 223 magnum
685 187 761 215 Patri
776 189 892 215 tantum
911 186 1003 214 ascri-

178 236 265 269 bunt,
287 234 359 263 F'ilio
378 238 478 263 autem
493 235 592 269 partes
609 231 758 260 secundas
771 231 854 260 dant.
872 231 1003 260 Hostiam

179 288 270 317 porro
289 283 317 308 et
341 279 512 316 pontiﬁcem
534 277 696 314 appellant,
726 276 799 304 illud
820 275 944 312 quidem
963 275 1004 304 ob

179 325 352 361 passionem
363 327 450 360 etpro
457 325 560 351 nostra
568 321 662 349 salute
672 321 855 349 oblationem
863 328 869 353 ;
877 320 1004 348 alterum

180 371 291 403 autem,
310 368 383 404 quia
401 375 463 395 non
484 365 524 395 ab
543 365 612 400 alio,
633 365 685 393 sed
711 364 834 401 propria
852 364 1005 392 voluntate

179 412 354 441 immolatus
373 409 436 444 fuit,
468 414 496 439 et
519 410 560 439 ad
578 409 780 438 voluntariam
801 411 929 437 mortem
957 416 1004 436 ac-

180 457 278 487 cessit.

463 508 567 537 Sancti
577 507 720 536 Maximi.

218 564 269 592 Dei
284 562 412 591 Verbum
428 561 521 590 semel
535 561 566 589 in
585 568 674 588 carne
686 562 802 591 natum,
818 559 864 587 his
882 559 1006 596 quidem

182 608 235 644 qui
249 607 365 639 volunt,
374 609 481 643 sponte
494 605 534 635 ob
550 612 638 633 suam
650 612 721 640 erga
730 604 868 632 homines
881 604 1006 632 charita-

181 655 243 681 tem
265 658 384 687 semper
407 650 582 678 renascitur.
602 650 705 685 Fitque
727 648 837 681 infans,
853 656 886 676 se
906 648 1007 684 ipsum

181 696 339 724 virtutibus
356 693 548 731 corporaliter
568 693 600 721 in
620 693 678 721 illis
701 693 859 728 efﬁngens,
876 694 1007 720 tantum-

143 738 144 741 “
183 748 242 777 que
262 748 295 768 se
314 739 511 767 demontrans
530 740 678 774 quantum
696 737 847 765 continere
867 736 945 764 valet
959 736 1007 764 ille

182 785 235 822 qui
250 785 330 820 capit
344 793 352 818 ;
365 783 447 812 haud
459 790 531 810 sane
543 782 655 810 invidia
669 781 771 817 aliqua
785 789 846 808 sus;
858 781 1006 815 magnitu-

184 815 263 857 dinis
285 815 416 864 speciem
443 827 594 858 minuens,
614 825 666 854 sed
693 815 765 862 quia
788 826 898 854 trutina
919 825 1007 853 veluti
1024 815 1042 842 Β

184 872 463 902 examinatillorum
478 871 529 908 qui
545 879 576 898 se
594 870 693 898 videre
708 870 834 906 cupiunt
850 870 1002 898 virtutem.

185 918 231 955 Sic
241 917 330 953 igitur
345 923 464 951 semper
477 922 637 951 apparens,
653 921 708 950 pro
720 913 926 949 recipientium
943 921 1007 940 me—

183 962 240 999 rito
263 961 313 989 Dei
334 960 474 992 Verbum,
491 966 610 994 semper
623 961 724 986 manet
738 965 791 994 per
809 958 942 994 mysterii
957 966 1007 986 ex-

184 1004 350 1034 cellentiam
374 1002 533 1031 invisibile.
554 1002 638 1030 Unde
663 1002 812 1038 sapienter
826 1002 915 1029 divus
935 1010 1006 1038 apo-

184 1050 277 1078 stolus
311 1047 446 1084 mysterii
474 1046 613 1086 virtutem
635 1046 820 1078 discernens,
844 1046 884 1073 ait
900 1054 907 1072 :
922 1047 1007 1074 Jesus

185 1094 324 1122 Christus
340 1092 406 1120 heri
428 1094 455 1119 et
478 1091 574 1125 hodie,
596 1091 733 1126 idemque
750 1091 782 1117 in
807 1093 950 1118 wternum
972 1092 1006 1117 τε.

183 1138 284 1166 Sciens
303 1143 421 1172 semper
445 1143 559 1163 novum
586 1143 651 1163 esse
678 1134 856 1170 mysterium
877 1137 907 1162 et
925 1134 1008 1163 nulla

183 1181 292 1210 mentis
304 1179 572 1216 comprehensione
582 1181 780 1207 veterascens.

183 1235 283 1265 Photii
294 1234 481 1270 patriarchae
504 1240 542 1261 ex
560 1239 694 1260 sermone
710 1232 747 1260 de
760 1232 859 1260 sancti
878 1232 1008 1267 Spiritus

497 1277 696 1312 mystagogia.

219 1332 332 1361 idcirco
344 1330 436 1368 paulo
448 1333 516 1366 post
526 1329 627 1358 addit:
645 1330 700 1357 [tle
713 1336 761 1357 me
776 1328 959 1364 gloriﬁcabit
969 1329 1007 1361 '1;

182 1378 295 1414 ubique
318 1376 429 1404 scilicet
443 1373 791 1403 consubstantialitatem.
807 1376 836 1401 et
863 1373 1008 1400 unitatem

183 1425 307 1453 naturas,
325 1420 465 1457 parisque
483 1417 607 1446 honoris
628 1418 804 1452 dignitatem
823 1417 1007 1445 incolumem

183 1466 472 1500 servans.Tanquam
483 1463 506 1490 si
514 1462 582 1498 quis
592 1461 713 1495 diceret,
724 1460 1007 1498 supersubstantiali

184 1513 213 1539 et
225 1508 446 1545 gloriosissimas
460 1506 591 1535 Trinitati
604 1513 765 1534 commune
779 1514 854 1541 esse,
871 1508 902 1533 ut
917 1513 948 1532 se
963 1505 1008 1532 in-

183 1551 279 1582 vicem
294 1552 436 1581 ineffabili
449 1551 584 1579 oratione
602 1548 766 1578 dilaudeut.
787 1550 826 1578 Et
839 1550 945 1585 paucis
960 1550 1007 1577 ίη-

184 1600 314 1634 terjectis
328 1607 339 1626 :
355 1598 404 1625 Est
423 1596 481 1625 illis
502 1595 673 1625 communis
698 1595 876 1630 dominatio,
900 1595 1005 1630 virtus,

182 1643 318 1680 potentia
333 1651 340 1670 :
356 1642 398 1669 sic
416 1648 521 1669 rursus
537 1641 564 1668 et
579 1640 684 1675 gloria,
699 1647 761 1667 non
776 1647 811 1667 ea
826 1639 924 1667 solum
940 1646 1006 1675 quas

183 1687 202 1716 ὃ.
216 1686 304 1716 nobis
316 1685 494 1717 attribuitur,
509 1691 615 1712 verum
629 1684 720 1712 etiam
731 1683 780 1712 illa
796 1686 902 1712 mutua
913 1690 1007 1720 quam

183 1731 259 1759 inter
274 1738 305 1758 se
318 1730 446 1758 invicem
459 1728 617 1764 accipiunt.

183 1784 290 1819 Magni
317 1782 481 1811 Athanasii
503 1789 541 1810 ex
563 1787 699 1810 sermone
726 1781 763 1809 de
785 1780 1005 1809 lncarnatione.

219 1881 317 1910 Primo
327 1877 449 1917 quidem
466 1887 554 1906 suum
570 1886 588 1906 a
597 1877 721 1906 mortuis
735 1878 888 1906 suscitavit
898 1886 1008 1915 corpus

184 1919 338 1958 Dominus,
366 1931 529 1960 secumque
555 1922 703 1951 exaltavit.
732 1922 844 1950 Deinde
869 1923 1008 1952 membra

183 1978 305 2008 quoque
318 1967 451 2005 corporis
464 1967 510 1995 sui
526 1967 693 2001 suscitabit,
712 1970 744 1995 ut
758 1966 861 1995 omnia
873 1967 930 1994 illis
948 1967 1006 1995 lar-

203 2015 281 2044 iatur
300 2016 403 2050 utpote
423 2013 509 2048 Deus,
526 2019 716 2048 quascunque
740 2011 804 2047 ipse
827 2012 957 2047 suscepit
975 2014 1006 2040 ut

204 2023 281 2044 ratur
300 2023 403 2050 utpote
423 2023 509 2048 ueus,
526 2023 716 2048 quascunque
740 2023 804 2047 ipse
827 2023 957 2047 suscepit
975 2023 1006 2040 ut

182 2023 285 2088 Eomo.
315 2058 381 2094 Ipse
403 2056 491 2092 igitur
513 2055 568 2083 sibi
587 2055 754 2092 impertitur
772 2056 874 2088 vitam,
895 2056 959 2092 ipse
974 2064 1006 2084 se

183 2103 359 2137 sanctiﬁcat,
378 2101 443 2137 ipse
469 2109 500 2128 se
523 2095 642 2128 exultat.
669 2100 742 2128 Cum
761 2108 832 2135 ergo
856 2101 896 2128 ait
922 2101 1004 2137 quod

182 2149 268 2176 Pater
283 2147 385 2183 ipsum
406 2144 611 2177 sanctiﬁcavit.
626 2147 654 2172 et
672 2145 872 2180 resuscitavit,
888 2145 1006 2181 sibique

182 2190 295 2220 nomen
310 2197 399 2225 super
412 2196 502 2217 omne
519 2195 631 2216 nomen
645 2188 770 2223 largitus
781 2190 836 2223 est,
851 2189 1005 2225 vitamque

182 2234 316 2267 donavit,
331 2233 402 2261 satis
417 2235 543 2266 constat,
557 2232 640 2269 quod
654 2240 707 2268 per
721 2233 822 2269 ipsum
835 2233 940 2261 omnia
953 2235 1005 2261 Pa—

182 2283 225 2309 ter
236 2281 386 2315 operatur.
402 2279 457 2306 Per
474 2278 574 2313 ipsum
598 2277 699 2314 itaque
712 2277 853 2305 eumdem
869 2278 1004 2311 suscitat,

180 2331 236 2361 per
241 2323 343 2360 ipsum
351 2322 492 2350 eumdem
498 2321 731 2358 sanctiﬁcat,per
740 2323 840 2358 ipsum
851 2323 1006 2350 eumdem-

182 2371 245 2397 met
257 2367 378 2396 exaltat.
395 2367 427 2394 Et
441 2374 510 2394 cum
523 2366 660 2402 spiritum
674 2374 764 2394 suum
786 2367 817 2394 in
832 2367 928 2395 Patris
943 2375 1005 2395 ma-

181 2422 240 2442 nus
253 2412 297 2442 uti
308 2412 401 2440 homo
414 2411 616 2444 commendat,
628 2411 684 2439 sibi
699 2411 756 2448 ipsi
770 2412 958 2441 commendat
973 2415 1006 2441 ut

183 2459 255 2491 Deo.
278 2459 311 2485 ut
331 2456 469 2485 homines
481 2456 540 2484 Deo
555 2455 754 2485 commendet.
776 2458 841 2492 Ipse
860 2457 940 2486 enim
955 2457 1006 2486 Dei

182 2510 292 2532 manus
302 2503 358 2530 est.

221 2591 245 2610 ¹θ
259 2590 348 2621 Hebr.
359 2598 419 2624 xm,
436 2591 466 2618 8.
507 2589 529 2608 ¹⁷
550 2589 635 2618 Joan.
649 2597 710 2623 xvr,
727 2590 772 2618 14.

1059 185 1236 221 σημειούμεθα
1268 186 1331 222 πρὸς
1367 187 1426 215 τοὺς
1467 186 1495 210 τὸ

1058 232 1127 266 μόνῳ
1158 230 1376 266 περιγράφοντας,
1405 233 1441 265 τῷ
1468 227 1494 255 δ’
1518 230 1570 264 Υίῲ
1595 229 1627 255 τὰ
1650 227 1792 265 δευτερεῖα
1831 226 1888 254 δι»

1059 272 1152 305 δόντας
1169 282 1175 289 ·
1200 275 1313 310 θύματος
1334 273 1364 300 δι
1385 276 1428 300 καὶ
1456 273 1599 311 ἀρχιερέως
1622 275 1651 299 τὸ
1672 275 1718 309 μὶν
1737 274 1777 303 ὡς
1801 282 1889 309 σγα-

1057 319 1218 353 γιασθέντος,
1252 321 1296 344 καὶ
1328 319 1392 354 ὑπὲρ
1432 321 1480 348 τῆς
1513 318 1640 354 ἡμετέρας
1671 318 1870 354 προσενεχθὲν

1058 372 1101 393 τος
1125 364 1256 398 σωτηρίας
1278 371 1283 377 ·
1305 364 1335 388 τὸ
1356 360 1386 388 δι
1407 363 1438 392 ὡς
1462 362 1516 398 οὐχ
1534 362 1577 388 ὑπ’
1593 361 1682 395 ἄλλου,
1697 362 1740 398 ὑφ’
1765 361 1886 387 ἑαυνοῦ

1060 405 1090 433 δὲ
1109 407 1199 433 ἑαυτὸν
1221 408 1366 442 τεθυκότος,
1387 409 1432 433 χαὶ
1451 407 1486 438 εἰς
1511 409 1614 443 σφαγὴν
1633 407 1751 433 ἑκούσιον
1768 415 1886 443 προτε-

1542 184 1655 221 μεγάλου
1691 189 1727 210 τῶ
1775 187 1870 220 Harp
1876 187 1888 209 ἰ

1061 452 1186 483 θεικότος.

1281 509 1332 532 Τοῦ
1345 507 1421 540 ἁγίου
1431 505 1553 541 Μαξίμου
1569 505 1635 539 (Ui).

1095 558 1124 584 '0
1138 562 1185 585 τοῦ
1206 562 1274 585 Θεοῦ
1295 561 1391 594 Λόγος,
1407 558 1507 594 ἐφάπαξ
1525 559 1594 584 κατὰ
1613 558 1700 594 σάρκα
1717 557 1880 592 γεννηθεὶς,

1061 602 1100 630 ἀεὶ
1111 606 1242 638 γεννᾶται,
1261 602 1338 629 θέλων
1349 603 1417 629 κατά
1431 606 1532 638 πνεῦμα
1544 600 1592 628 διὰ
1601 602 1800 639 φιλανθρωπίαν
1811 605 1882 631 τοῖς

1062 647 1165 674 ϐέλουσι
1194 656 1200 663 ·
1236 650 1280 673 καὶ
1308 650 1408 683 γίνεται
1439 646 1535 684 βρέφος
1569 646 1658 673 ἑαυτὸν
1690 646 1715 672 iv
1755 645 1881 675 ἰκείνοις

1062 696 1215 728 σωματικῶς
1244 689 1409 718 διαπλάττων
1439 695 1497 722 ταῖς
1523 691 1635 728 ἀρεταῖς,
1666 693 1710 717 καὶ
1735 694 1880 717 τοσοῦτον

1061 739 1210 772 φαινόμενος
1239 737 1301 763 ὅσον
1327 740 1424 774 χωρεῖν
1457 735 1596 762 ἐπίσταται
1627 737 1671 761 τὸν
1704 733 1876 771 δεχόμενον,

1060 780 1090 806 οὐ
1114 782 1197 816 φθονῳ
1223 782 1371 817 σμιχρύνων
1403 784 1450 806 τού
1475 780 1570 807 οἰκείου
1596 780 1716 816 μεγέθους
1740 782 1802 812 τὴν,
1831 780 1879 805 ἰκ-

1061 834 1165 860 φανσιν,
1195 824 1259 851 ἀλλὰ
1287 826 1372 861 μέτρῳ
1400 825 1553 860 σταθμίζων
1587 829 1637 849 *ῶν
1676 824 1738 860 όρᾲν
1781 823 1887 859 [c0d.»

1061 869 1130 906 ἆρᾲν]
1143 870 1290 896 ποθούντων
1303 871 1347 898 τήν
1363 867 1475 905 δύναμιν
1484 877 1490 884 ’
1505 869 1586 898 οὕτως
1595 868 1635 894 ἀεὶ
1646 872 1800 904 φαινόμενος
1811 871 1876 898 τοῖς

1061 917 1167 951 τρόποις
1186 919 1236 940 τῶν
1259 916 1379 950 μετὸχων
1398 915 1411 940 ο
1433 918 1480 940 τοῦ
1500 917 1567 940 Θεοῦ
1583 916 1677 948 Λόγος,
1693 913 1730 939 ἀεὶ
1744 911 1875 949 διαμένει

1061 960 1128 985 κατὰ
1139 961 1185 987 τὴν
1200 958 1339 995 ὑπερϐολὴν
1354 962 1401 984 του
1415 960 1562 995 μυστηρίου
1577 961 1630 989 τοῖς
1640 961 1722 984 πᾶσιν
1735 956 1852 989 ἀθέατος
1861 965 1870 971 ·

1061 1004 1117 1029 ὅθεν
1143 1007 1228 1039 σοφῶς
1248 1007 1294 1028 τοῦ
1322 1005 1472 1039 μυστηρίου
1500 1003 1513 1028 ὸ
1538 1003 1604 1033 θεῖος
1637 1001 1783 1032 ἀπόστολος
1817 1004 1873 1030 τὴν

1062 1046 1173 1083 δύναμιν
1197 1045 1385 1077 διασιωπήσας
1404 1056 1482 1082 φησιν
1502 1055 1510 1063 ·
1536 1048 1640 1077 Ἰησοῦς
1660 1047 1778 1083 Χριστὸς
1797 1046 1871 1081 χθὲς

1061 1094 1106 1118 καὶ
1122 1094 1233 1128 σήμερον
1256 1092 1268 1116 ὁ
1293 1091 1368 1122 αὐτὸς
1392 1093 1437 1117 καὶ
1457 1091 1491 1121 εἰς
1514 1093 1573 1121 τοὺς
1592 1091 1685 1121 αἰῶνας
1698 1098 1705 1105 ·
1728 1088 1808 1120 εἰδὼς
1825 1089 1869 1116 ἀεὶ

1061 1138 1148 1162 καινὸν
1187 1137 1343 1173 μυστήριον,
1381 1138 1426 1161 καὶ
1468 1133 1602 1172 μηδέποτε
1633 1135 1772 1173 περιλήψει
1803 1136 1868 1165 νοὸς

1061 1180 1247 1216 παλαιούμενον
1252 1201 1259 1208 .

1062 1235 1163 1260 Φωτίου
1188 1234 1357 1270 πατριάρχου
1382 1232 1411 1258 ἐκ
1438 1237 1485 1259 τοῦ
1508 1232 1587 1269 λογόυ
1602 1236 1649 1259 τοῦ
1665 1235 1725 1270 περὶ
1744 1236 1794 1263 τῆς
1815 1236 1866 1258 τοῦ

1240 1277 1316 1314 ἁγίου
1331 1279 1480 1314 Πνεύματος
1488 1279 1688 1314 μυσταγωγίας.

1075 1361 1077 1363 ι
1097 1332 1146 1357 Διὰ
1171 1334 1248 1357 τοῦτο
1271 1334 1325 1366 μετ’
1352 1330 1438 1366 ὀλίγον
1463 1330 1586 1368 ἐπιφέρει,
1617 1331 1657 1357 ὅτι
1686 1331 1783 1357 Ἐκεῖνο
1817 1330 1864 1366 ἐμὲ

1063 1373 1171 1407 δοξάσει
1193 1383 1199 1390 ·
1216 1379 1355 1411 πανταχοῦ
1390 1377 1419 1401 τὸ
1450 1376 1587 1411 ὀμοούσιον
1616 1378 1661 1402 καὶ
1675 1376 1795 1411 όμοφυὶς,
1815 1378 1863 1401 καὶ

1061 1421 1090 1445 τό
1109 1424 1157 1450 τῆς
1182 1420 1320 1455 ὀμοτιμίας
1351 1420 1465 1455 ἀξίωμα,
1489 1419 1619 1456 ὰχηρατον
1645 1424 1778 1456 συντηρὼν
1793 1427 1801 1434 ·
1829 1421 1863 1449 ὡς

1062 1464 1092 1489 ἄν
1120 1473 1161 1494 τις
1191 1465 1261 1494 εῖπη,
1297 1466 1387 1490 Κοινόν
1410 1463 1466 1490 ἐστι
1498 1466 1527 1490 τό
1558 1468 1606 1495 τῆς
1632 1465 1788 1501 ὑπερουσίου
1814 1466 1861 1489 καὶ

1062 1505 1322 1545 ὑπερδεδοξασμένης
1343 1506 1457 1545 Τριάδος
1479 1510 1508 1535 τὸ
1530 1508 1592 1546 παρ’
1617 1507 1731 1537 ἀλλήλων
1755 1507 1862 1545 ἀρρήτῳ

1061 1552 1127 1588 λόγῳ
1151 1550 1321 1583 δοξάζεσθαι.
1346 1555 1396 1579 Καὶ
1419 1552 1474 1589 μετ’
1495 1552 1571 1588 ὀλίγα
1596 1563 1602 1570 ’
1627 1555 1677 1579 Καὶ
1691 1554 1760 1579 ἔστιν
1774 1551 1861 1578 αὐτῶν

1061 1597 1148 1634 ὥσπερ
1182 1598 1265 1623 κοινὸν
1300 1597 1315 1626 ἡ
1346 1595 1478 1634 βασιλεία,
1509 1599 1554 1623 καὶ
1577 1598 1591 1626 ἡ
1626 1595 1745 1633 δύναμις,
1767 1598 1859 1622 καὶτὸ

1060 1643 1155 1678 κράτος
1171 1649 1177 1656 ·
1203 1641 1270 1667 οὕτω
1295 1643 1340 1667 χαὶ
1359 1641 1374 1671 ἠ
1400 1639 1476 1675 δόξα,
1499 1641 1529 1668 οὔ
1554 1643 1630 1678 μόνον
1654 1642 1669 1671 ἡ
1697 1641 1758 1677 παρ’
1785 1641 1859 1677 ἡμῶν

1061 1684 1246 1723 ἀναφερομένη,
1285 1685 1348 1712 ἀλλὰ
1378 1687 1424 1712 χαὶ
1467 1685 1497 1715 ἣν
1531 1686 1606 1712 αὐτοὶ
1641 1684 1767 1722 δέχονται
1795 1686 1858 1723 παρ’

1062 1739 1169 1758 εαυτων,

1060 1785 1112 1809 Τοῦ
1127 1782 1239 1819 μεγάλου
1256 1783 1413 1810 Ἀθανασίου
1424 1782 1451 1809 ἐκ
1461 1787 1507 1810 τοῦ
1517 1792 1577 1820 περι
1587 1787 1634 1815 τῆς
1644 1782 1857 1820 ἑνανθρωπήσεως

1414 1827 1491 1864 λόγου
1496 1848 1502 1855 .

1097 1883 1202 1916 Πρῶτον
1226 1878 1269 1906 οὖν
1295 1882 1325 1907 τὸ
1349 1879 1418 1907 ἴδιον
1451 1885 1527 1917 σῶμα
1552 1882 1654 1918 ἤγειρεν
1677 1880 1706 1907 ὲκ
1729 1885 1819 1919 νεκρῶν
1841 1882 1854 1907 ὁ

1062 1926 1154 1962 Κύριος
1182 1927 1226 1950 καὶ
1254 1925 1406 1961 συνύψωσεν
1434 1925 1516 1960 ἐαυτῷ
1536 1934 1542 1940 ·
1571 1926 1637 1962 μετὰ
1665 1935 1749 1951 ταυτα
1777 1925 1855 1963 ἐγερεῖ

1060 1971 1104 1995 καί
1127 1970 1161 1995 τὰ
1188 1969 1251 2005 μέλη
1284 1979 1329 1995 του
1367 1972 1488 2006 σώματος
1515 1970 1604 2005 αὐτουν
1638 1970 1679 1996 ἵνα
1709 1972 1853 2007 χαρίσηται

1060 2013 1145 2043 αὐτοῖς
1173 2014 1206 2039 τὰ
1228 2015 1314 2039 πάντα
1339 2014 1372 2045 ὼς
1391 2016 1465 2050 Θεὸς¹
1491 2017 1541 2041 ὅσα
1565 2014 1643 2045 αὐτὸς
1666 2015 1700 2045 ὡς
1726 2014 1854 2050 ἄνθρωπος

1060 2057 1156 2086 ἴλαϐεν,
1183 2057 1265 2088 Αὐτὸς
1286 2056 1330 2084 οὖν
1355 2058 1437 2094 ἑαυτῷ
1458 2059 1600 2095 χαρίζεται
1623 2059 1702 2091 ζωὴν,
1723 2058 1852 2089 stationi-:6;

1060 2101 1150 2128 ἑαυτὸν
1174 2102 1288 2138 ἁγιάζει,
1317 2105 1362 2129 καὶ
1395 2103 1471 2134 αὐτὸς
1509 2103 1598 2130 ἑαυτὸν
1624 2103 1688 2139 ύψοῖ
1712 2112 1719 2118 '
1745 2104 1784 2129 ὅτε
1810 2103 1851 2129 οὖν

1059 2146 1126 2182 λέγει
1149 2147 1188 2173 ὅτι
1209 2147 1222 2172 ὁ
1249 2149 1340 2184 Πατὴρ
1364 2148 1472 2184 ἡγίασεν
1487 2148 1576 2179 αὐτὸν,
1592 2151 1637 2174 καὶ
1653 2150 1754 2184 ἤγειρεν
1768 2147 1848 2180 αὐτὸν,

1059 2194 1104 2217 καὶ
1132 2191 1277 2228 ἕχαρίσατο
1300 2191 1370 2227 αὐτῷ
1394 2194 1474 2228 ὄνομα
1499 2194 1529 2218 τὸ
1549 2193 1611 2230 ὑπὲρ
1637 2195 1686 2218 πᾶν
1702 2194 1789 2228 ὄνομα,
1809 2194 1850 2218 καὶ

1059 2234 1153 2261 ἔδωκεν
1180 2235 1249 2271 αὐτῷ
1279 2236 1359 2272 ζωὴν,
1382 2234 1461 2266 δῆλον
1487 2238 1528 2263 ὅτι
1556 2235 1593 2263 δι’
1614 2237 1694 2263 αὐτον
1713 2238 1746 2263 τὰ
1771 2238 1849 2263 πάντα

1058 2283 1128 2306 ποιεῖ
1141 2281 1154 2305 ὁ
1172 2283 1262 2317 Πατήρ
1284 2288 1291 2296 ·
1307 2279 1343 2307 δι’
1364 2286 1444 2307 cura!)
1469 2280 1513 2307 οὖν
1541 2281 1618 2307 αὐτὸν
1635 2280 1737 2317 ἐγείρει,
1753 2283 1793 2307 καὶ
1813 2279 1847 2307 δι’

1059 2325 1140 2350 αὐτου
1159 2324 1236 2351 αὐτὸν
1261 2325 1375 2360 ἁγιάζει,
1401 2327 1445 2351 καὶ
1470 2324 1506 2352 δι’
1521 2326 1602 2352 αὐτου
1626 2325 1705 2352 αὐτὸν
1727 2325 1847 2360 ὑψοίιιιαὶ

1060 2367 1097 2395 δι’
1114 2369 1194 2395 αὐτου
1223 2372 1270 2399 τὴν
1286 2369 1355 2400 ζωὴν
1374 2370 1446 2406 αὐτῷ
1472 2368 1585 2397 δίδωσιν
1600 2379 1607 2385 ·
1625 2373 1670 2396 καὶ
1686 2371 1729 2396 ὅτε
1746 2373 1846 2406 παρατί-

1061 2414 1132 2439 Θεται
1155 2416 1185 2440 τὸ
1210 2423 1310 2450 πνευμα
1333 2414 1412 2441 αὐτου
1437 2416 1470 2446 ὡς
1492 2416 1625 2452 ἄνθρωπος
1647 2415 1680 2446 εἰς
1700 2419 1787 2452 χεῖρας
1805 2425 1844 2441 του

1060 2460 1169 2495 Πατρός,
1198 2458 1281 2494 ἇαυτῷ
1313 2460 1486 2496 παρατίθεται
1517 2460 1552 2490 ὡς
1586 2463 1653 2495 Θεῷ,
1685 2461 1726 2486 ἳνα
1759 2462 1844 2490 πάντας

1060 2501 1210 2539 ἀνθρώπους
1230 2504 1383 2540 παράθηται
1407 2507 1443 2535 τῷ
1464 2508 1520 2540 Θεῷ
1539 2512 1546 2520 ’
1572 2504 1650 2535 αὐτὸς
1673 2505 1725 2541 γάρ
1753 2503 1813 2531 ἐστιν
1830 2505 1842 2533 ἡ

1060 2549 1121 2584 χεὶρ
1137 2551 1183 2574 τοῦ
1196 2549 1269 2574 Θεοῦ.

223 2714 280 2750 (ib)
295 2715 327 2742 In
340 2713 478 2749 capitulis
491 2712 664 2749 theologicis
679 2713 728 2743 ed.
740 2713 900 2744 Combeﬁs.
914 2717 933 2745 t.
949 2716 971 2751 ι,
983 2724 1017 2755 p.
1028 2717 1093 2746 512.
