1947 3077
197 79 248 108 167

859 72 994 105 ΝῙΟΕΤΛΕ
1013 72 1202 105 (ΞΗΟΝΙΑΤΛΕ

1826 78 1890 106 188

196 141 260 170 vitae
277 143 305 169 et
318 139 459 173 scientiae,
474 139 538 175 ipse
551 146 662 174 agnus,
673 138 737 175 ipse
750 137 869 174 gladius
883 139 994 175 Spiritu

1086 141 1214 176 νπάρχων,
1231 139 1309 171 αὐτὸς
1327 139 1512 172 ὁλοκαὺτωσις,
1528 139 1604 170 αὐτὸς
1623 141 1656 166 τὰ
1671 140 1733 171 ξύλα
1744 144 1775 170 τῆ
1781 150 1792 171 ς
1804 140 1860 170 ζωῇ
1871 150 1893 171 ς

197 186 260 222 ipse
278 188 393 222 pastor,
406 185 470 220 ipse
490 184 658 219 agniculus,
675 184 739 220 ipse
754 183 944 218 sacriﬁcator,
959 184 1023 221 ipse

197 231 253 265 lex,
269 230 334 267 ipse
348 229 478 266 denique
491 229 588 264 legem
602 229 737 266 implens.

199 365 300 394 Sancti
315 364 427 400 Cyrttti
442 363 651 392 Alexandrini
667 371 705 392 ex
713 363 866 392 duodecim
883 362 1023 398 capitulis

415 409 558 437 adversus
577 408 804 437 Theodoretum.

234 455 308 483 Cum
323 455 423 482 autem
437 453 534 481 factus
550 456 593 482 est
607 453 711 487 homo,
728 452 892 481 sacerdotis
903 460 1033 489 quoque»

199 499 290 535 gessit
305 498 450 532 officium,
460 497 543 526 haud
559 506 632 526 sane
643 500 675 526 ut
689 499 749 526 Deo
762 500 907 534 tanquam
918 497 1023 533 majori

198 552 262 573 rem
278 551 395 571 sacrum
416 543 536 576 faceret,
554 542 607 570 sed
624 545 655 570 ut
675 545 702 570 et
717 542 772 570 sibi
788 545 815 570 et
827 542 902 570 Patri
915 544 1024 570 nostrae

198 588 269 616 ﬁdei
284 587 503 616 confessionem
518 587 680 615 exhiberet.
692 588 785 615 Pudet
800 589 826 614 te
842 586 1025 620 audientem,

199 632 283 669 quod
302 631 443 660 sacerdos
460 631 546 659 fuerit
561 633 710 667 quatenus
719 631 834 659 homo?
848 632 904 659 Cur
917 630 1026 658 deinde

199 685 262 706 non
290 676 418 709 miraris,
442 676 526 712 quod
549 684 610 704 non
635 678 808 704 czeterorum
833 677 1026 703 sacerdotum

200 729 284 750 more
297 720 455 754 sacriﬁcat,
466 720 520 747 sed
534 720 590 748 εὼί
603 719 661 756 ipsi
674 720 773 756 potius
788 728 824 748 ac
839 719 936 748 Patri?

341 809 484 844 Ejusdem
500 816 537 838 ea:
554 816 687 837 sermone
702 809 741 837 ad
750 808 881 844 reginas.

236 864 303 900 Ipse
317 863 406 899 igitur
419 862 474 891 fuit
486 863 626 891 sacerdos
644 865 795 899 quatenus
810 863 912 898 homo,
926 870 1025 899 quan-

199 917 291 945 quam
298 908 433 936 omnium
446 908 613 944 excipiebat
623 908 767 937 sacriﬁcia
777 910 927 945 quatenus
938 910 1025 936 Deus.

201 955 266 990 Ipse
281 953 381 982 hostia
403 952 570 981 secundum
586 961 718 988 carnem,
742 953 884 990 idemque
903 956 1026 990 peccata

201 1000 306 1027 nostra
320 998 498 1026 condonans
514 1005 569 1034 pro
584 997 702 1026 deitatis
715 1006 776 1026 sua:
796 1000 951 1034 potestate.

255 1105 395 1140 Ejusdem
411 1111 448 1132 ex
464 1104 527 1132 loco
543 1104 594 1132 ubi
612 1104 648 1132 de
664 1104 829 1133 obedientia
849 1104 973 1133 Christi.

238 1175 447 1204 Animadverte
461 1175 616 1212 quomodo
626 1175 826 1204 sacerdotium
837 1176 911 1211 gerit
921 1175 963 1204 uti
972 1176 1027 1204 ho-

202 1229 263 1257 mo,
289 1221 382 1256 ﬁtque
403 1220 550 1248 mediator
569 1220 620 1248 Dei
645 1223 674 1248 et
695 1220 864 1248 hominum.
891 1221 1027 1256 Cujusvis

202 1267 282 1294 enim
298 1265 461 1293 sacerdotis
476 1267 521 1293 est
540 1265 732 1293 intercedere.
750 1265 964 1294 Verumtamen
981 1273 1027 1293 sa-

202 1309 348 1338 criﬁcium
361 1308 443 1337 haud
458 1309 508 1337 illa
521 1309 644 1345 ratione,
661 1317 723 1346 qua
736 1310 832 1338 caeteri
844 1309 1024 1345 sacerdotes,

199 1354 231 1382 id
245 1356 289 1382 est
305 1353 448 1382 serviliter
463 1353 566 1387 offert;
590 1354 631 1382 ita
645 1356 678 1381 ut
689 1354 762 1382 nihil
778 1362 813 1382 ex
829 1354 974 1382 sacrificio
987 1354 1026 1382 ad

199 1399 300 1434 ipsum
323 1398 489 1426 redundet:
515 1397 567 1426 sed
597 1398 652 1426 sibi
681 1401 832 1434 operatur,
858 1401 886 1427 et
911 1407 964 1435 per
993 1407 1025 1427 se
1045 1391 1063 1418 ί)

199 1443 309 1480 ipsum,
335 1445 425 1479 atque
444 1443 474 1470 in
500 1450 563 1470 sese
585 1444 644 1471 Deo
664 1445 694 1470 et
708 1443 795 1471 Patri.
812 1445 844 1471 Et
855 1445 962 1479 paucis
981 1445 1027 1472 in-

200 1488 329 1523 terjectz's
343 1497 349 1514 :
366 1487 456 1522 Igitur
471 1487 589 1515 etiamsi
609 1487 778 1516 sacriﬁcare
792 1488 960 1516 secundum
972 1489 1025 1516 hu-

197 1540 321 1561 manam
336 1534 476 1560 naturam
491 1531 609 1565 dicitur,
629 1532 721 1560 nihilo
743 1535 843 1561 tamen
859 1533 958 1561 minus
974 1533 1026 1561 ho-

198 1577 286 1605 stiam
299 1577 428 1612 ipsemet
440 1576 565 1612 suscipit
584 1579 733 1612 quatenus
748 1578 844 1611 Deus;
859 1577 939 1605 idem
951 1577 1024 1606 scili-

199 1624 243 1650 cet
259 1623 335 1650 Deus
353 1621 544 1657 simulatque
558 1621 660 1650 homo.

234 1667 283 1694 Ea:
298 1666 540 1701 tetraevangetio,
554 1666 760 1700 interpretatio
774 1666 990 1703 archiepiscopi

529 1710 693 1744 Bulgaria.

237 1756 329 1782 Lucas
364 1756 464 1781 autem
497 1754 546 1787 ait,
577 1754 607 1781 id
635 1762 758 1790 quoque
788 1755 898 1783 dixisse
926 1756 1023 1784 Domi-

202 1806 294 1827 num:
320 1798 384 1826 Hoc
403 1798 496 1832 facile
513 1798 544 1825 in
567 1806 659 1826 meam
675 1801 974 1828 commemorationem
989 1801 1021 1827 ’3.

202 1845 272 1876 Hoc,
294 1842 400 1878 inquit,
430 1844 475 1870 est
496 1850 611 1870 novum
634 1843 832 1878 mysterium;
860 1843 932 1872 illud
955 1853 1024 1873 vero

201 1891 296 1916 vetus.
326 1889 359 1915 Et
392 1887 464 1915 illud
495 1886 618 1923 quidem
652 1887 691 1915 ob
724 1889 902 1916 memoriam
934 1889 1026 1918 ﬁebat

201 1934 388 1961 servatorum
403 1932 432 1960 in
447 1933 575 1968 Algypto
586 1931 799 1961 Ilebraicorum
814 1934 1025 1970 primogenito-

200 1985 278 2013 rum,
291 1979 319 2005 et
334 1977 412 2005 illius
428 1984 519 2013 quam
534 1977 628 2004 Juduzi
649 1977 750 2014 adepti
771 1981 841 2006 sunt
862 1978 1023 2014 libertatis;

200 2022 257 2050 hoc
278 2025 380 2050 autem
394 2022 424 2050 in
440 2021 555 2049 domini
574 2023 891 2051 commemorationem
909 2023 951 2051 ﬁt.
973 2025 1025 2052 Per
1041 2020 1062 2048 D

199 2066 258 2095 hoc
271 2067 352 2095 enim
367 2066 547 2094 sacriﬁcium
561 2065 592 2094 in
607 2067 785 2095 memoriam
799 2067 888 2096 nobis
903 2076 1023 2097 revoca-

201 2119 278 2147 mus,
295 2111 378 2148 quod
391 2110 415 2138 is
426 2118 514 2139 suum
528 2118 637 2147 corpus
648 2111 735 2139 morti
747 2112 910 2147 tradiderit,
922 2121 1025 2141 suum-

200 2164 258 2192 que
272 2155 450 2191 sanguinem
461 2155 570 2183 fuderit
582 2163 589 2188 ;
600 2158 806 2192 perpetuoque
820 2157 878 2185 hoc
893 2157 950 2185 ritu
963 2166 1023 2186 me-

201 2201 330 2229 moriam
343 2200 385 2229 rei
400 2207 592 2228 renovamus.
606 2200 704 2228 Viden“
716 2201 871 2236 quomodo
891 2210 909 2230 a
927 2205 1025 2231 vetere

202 2245 347 2274 sacriﬁcio
363 2244 403 2273 ad
423 2252 537 2273 novum
550 2245 726 2273 transtulit?
742 2247 799 2274 Cur
818 2247 898 2274 enim
913 2246 1025 2275 diutius

201 2297 279 2326 opus
293 2292 356 2318 erat
374 2289 506 2324 imagine
520 2289 566 2316 his
582 2290 634 2325 qui
648 2291 843 2326 prototypum
861 2291 925 2326 jam
948 2294 1028 2320 tene-

202 2335 297 2362 bant?
321 2334 411 2362 Porro
434 2334 474 2362 ait
497 2334 739 2370 Chrysostomus,
755 2335 901 2364 Christum
926 2337 1026 2373 ipsum

201 2379 318 2408 initium
331 2378 436 2407 fecisse
454 2378 654 2415 participandi
669 2380 696 2407 ei
709 2381 863 2416 mysterio,
876 2383 907 2409 ut
917 2381 959 2410 ita
973 2382 1026 2410 im-

199 2424 322 2461 pelleret
340 2423 503 2460 quominus
526 2431 544 2451 a
563 2423 713 2451 vescendo
728 2432 817 2452 carne
833 2427 861 2453 et
880 2427 1027 2461 sanguine

199 2471 322 2506 propter
336 2468 378 2496 rei
393 2467 586 2495 insolentiam
599 2475 661 2496 non
673 2468 881 2497 abhorrerent.
899 2470 930 2498 id
943 2472 1027 2507 quod

199 2515 263 2550 ejus
285 2513 365 2541 dicto
386 2512 456 2540 satis
478 2511 719 2547 demonstratur;
740 2513 813 2542 Dico
832 2515 911 2543 enim
936 2517 1025 2550 vobis,

198 2567 257 2586 non
271 2558 369 2586 bibam
382 2557 510 2585 ulterius
525 2564 562 2584 ex
571 2556 625 2585 hoc
635 2558 783 2592 genimine
795 2560 872 2590 vitis,
885 2568 978 2597 usque
987 2562 1028 2590 ad

200 2603 277 2631 diem
288 2603 374 2630 illam
388 2609 455 2629 cum
464 2601 660 2630 itludnovum
674 2602 823 2632 vobiscum
835 2604 932 2633 bibam
942 2606 969 2633 in
983 2614 1025 2634 re-

237 2675 261 2692 ”
277 2674 349 2702 Luc.
365 2681 430 2707 xxu,
447 2675 489 2701 i9.

1076 186 1120 211 καί
1135 189 1180 214 τῆς
1192 187 1319 220 γνώσεως,
1336 184 1438 215 αὐτόςὸ
1455 183 1544 220 ἀμνὸς,
1560 184 1635 215 αὑτός
1655 185 1670 214 ἡ
1689 186 1813 222 μάχαιρα
1831 194 1890 210 τόν

1077 230 1234 265 Πνεύματος,
1252 229 1355 260 αὐτόςὸ
1374 231 1482 265 ποιμὴν,
1506 229 1585 259 αὐτός
1600 231 1628 255 τό
1649 228 1744 266 ἀρνίον,
1766 229 1846 259 αὐτὸς
1868 229 1890 255 ὁ

1078 274 1165 307 θύτης,
1186 273 1261 304 αὐτὸς
1280 274 1293 300 ὁ
1312 275 1397 310 νόμος,
1418 276 1461 300 καί
1475 273 1551 304 αὐτὸς
1569 276 1583 299 ό
1605 276 1648 300 τόν
1662 276 1738 310 νόμον
1753 274 1861 310 πληρῶν
1873 293 1886 300 -

1076 364 1127 387 Τοῦ
1158 361 1235 397 ἁγίου
1259 361 1385 399 Κυρίλλου
1421 359 1611 399 Ἀλεξανδρείας
1630 362 1659 388 ἐκ
1682 366 1732 389 τῶν
1758 361 1795 399 ιβ’
1819 371 1891 397 up,

1307 411 1357 433 τῶν
1376 407 1444 433 κατὰ
1463 406 1643 444 Θεοόωρήτου,

1114 450 1184 477 Ἐπεὶ
1196 449 1225 478 δὲ
1238 453 1339 487 γέγονεν
1358 451 1503 488 ἄνθρωπος,
1524 453 1705 489 κεχρημάτικί
1724 455 1769 478 καὶ
1785 453 1892 490 ἱερεὺς,

1079 496 1131 532 οὐχ
1147 497 1181 528 ὡς
1200 497 1300 532 μείζονι
1316 500 1372 532 Θεῷ
1387 497 1572 533 προσ-κομίζων
1591 500 1638 526 τὴν
1650 499 1806 535 ἱερουργίαν,
1825 497 1893 524 ἀλλ’

1080 541 1163 576 ἐαυτῷ
1178 550 1205 567 τε
1219 543 1264 567 καὶ
1279 545 1315 577 τῷ
1334 544 1428 579 Πατρὶ,
1443 546 1490 573 τῆς
1509 544 1621 572 πίστεως
1635 543 1707 579 ἡμῶν
1722 545 1769 572 τὴν
1785 542 1895 579 ὁμολο-

1079 588 1138 622 γίαν
1154 588 1408 622 πραγματιυὸμενος.
1424 588 1564 623 Ἐρυοριᾷς
1580 585 1609 613 δὲ
1620 586 1718 613 ἀκούων
1729 588 1770 613 ὅτι
1777 597 1894 624 κεχρη-

1079 632 1185 667 ματικιν
1199 631 1278 668 ἱερεὺς
1290 629 1336 657 διὰ
1347 633 1375 657 τὸ
1386 630 1544 667 ἀνθρώπινον
1558 640 1564 664 ;
1575 630 1638 658 Εἶτα
1648 635 1699 662 πῶς
1708 633 1737 658 οὐ
1745 633 1894 666 τεθαύμα-

1079 685 1126 706 κας
1138 676 1177 701 ὅτι
1192 677 1227 711 μὴ
1242 677 1308 702 κατὰ
1320 677 1350 701 τὸ
1363 679 1412 701 τῶν
1430 675 1513 712 ἱερέων
1528 676 1584 706 ἔθος
1597 675 1686 713 ἐτέρων
1700 680 1812 703 ποιεῖται
1831 680 1867 705 τῆ
1877 687 1893 707 ς

1081 722 1227 758 ἱερουργίας
1241 723 1284 747 τὸν
1295 730 1400 758 τρόπον,
1415 720 1498 756 ἐαυτῷ
1511 719 1540 747 δὲ
1554 720 1649 757 μᾶλλον
1664 723 1709 747 καὶ
1723 725 1758 756 τῷ
1772 723 1865 758 Πατρὶ
1882 728 1893 754 ;

1154 814 1205 837 Τοῦ
1225 810 1305 836 αὑτοῦ
1326 809 1375 836 ἀπὸ
1388 814 1434 836 τοῦ
1453 812 1518 847 πρὸς
1539 810 1700 842 Βασιλίσσας
1711 810 1800 847 λόγου.

1116 864 1200 895 Αὐτὸς
1221 864 1265 891 οὖν
1286 865 1338 901 ἄρα
1360 866 1462 900 γέγονεν
1485 864 1622 901 ἀρχιερεὺς
1643 866 1710 891 κατά
1727 875 1757 901 γι
1779 866 1809 891 τὸ
1835 864 1894 890 ἀν·-

1082 910 1217 945 Θρώπινον,
1249 912 1335 935 καίτοι
1366 910 1437 947 παρά
1469 910 1571 935 πάντων
1610 910 1700 940 θυσίας
1736 908 1895 946 δεχόμενος

1082 954 1188 984 θιῐκῶς·
1220 953 1296 984 αὐτὸς
1318 955 1348 980 τὸ
1374 954 1444 990 θῦμα
1470 954 1537 980 κατὰ
1555 956 1601 983 τήν
1630 954 1738 990 σάρκα·
1767 953 1850 984 αὐτὸς
1876 954 1894 979 ὸ

1081 1002 1136 1029 ταῖς
1162 998 1303 1036 ἁμαρτίαις
1333 998 1497 1034 ἱλασκόμενος
1522 999 1594 1035 ἡμῶν
1618 1000 1686 1025 κατὰ
1705 1008 1735 1035 γε
1762 1001 1809 1028 τὴν
1832 1002 1894 1029 τῆς

1083 1044 1202 1074 θεότητος
1216 1043 1345 1075 ἐξουσίαν.

1099 1109 1149 1132 Τοῦ
1165 1105 1244 1132 αὑτοῦ
1258 1105 1308 1132 ἀπὸ
1327 1109 1373 1132 τοῦ
1393 1108 1450 1143 περὶ
1467 1106 1583 1137 ὑπακοῆς
1604 1110 1649 1133 τοῦ
1665 1109 1780 1145 Χριστοῦ
1794 1107 1867 1142 (l7).

1115 1177 1204 1214 Ἂθρει
1236 1175 1266 1204 δὲ
1296 1179 1362 1208 ὅπως
1397 1178 1519 1216 ίερατεὺει
1551 1179 1596 1214 μὲν
1625 1178 1802 1215 ἀνθρωπίνως,
1835 1181 1890 1204 καὶ

1081 1225 1188 1260 μεσίτης
1202 1223 1312 1249 τέθειται
1339 1226 1405 1249 Θεοῦ
1420 1225 1464 1249 καὶ
1492 1222 1650 1259 ἀνθρώπων
1676 1224 1806 1259 μεσιτεύει
1827 1223 1889 1258 γὰρ

1081 1271 1130 1298 πᾶς
1155 1269 1253 1305 ἱερεὺςι
1275 1270 1318 1294 τὸν
1341 1266 1372 1294 δέ
1392 1272 1438 1298 τῆς
1467 1268 1560 1299 θυσίας
1588 1269 1682 1304 τρόπον
1706 1268 1792 1294 οὐκέτι
1817 1269 1887 1293 καθ’

1082 1313 1125 1339 ἕνα
1148 1314 1197 1339 των
1221 1313 1279 1339 καθ’
1295 1313 1361 1348 ἡμᾶς
1386 1313 1470 1350 ἱερέων
1491 1313 1663 1349 προσ-κομίζει
1685 1311 1887 1348 δουλοπρεπῶς,

1082 1355 1164 1394 μηδὲν
1191 1357 1265 1387 αὐτὸς
1289 1358 1457 1383 ἓπικοινωνῶν
1483 1361 1532 1382 τῶν
1559 1357 1595 1388 εἰς
1621 1359 1650 1383 τό
1674 1356 1758 1383 λαϐεῖν
1786 1357 1888 1386 αὐτὴν·

1081 1401 1135 1428 ἀλλ’
1157 1402 1238 1437 ἐαυτῷ
1258 1403 1467 1438 πραγματεύεται
1486 1404 1531 1428 καὶ
1547 1400 1582 1427 δι’
1602 1401 1682 1428 αὐτοῦ
1704 1403 1748 1428 καὶ
1763 1403 1788 1427 ἓν
1810 1401 1889 1436 αὐτῷ

1080 1451 1116 1483 τῷ
1136 1451 1192 1483 Θεῷ
1208 1450 1252 1473 καὶ
1268 1449 1361 1484 Πατρί.
1384 1449 1434 1473 Καὶ
1449 1447 1503 1483 μετ’
1518 1446 1603 1482 ὀλίγα,
1626 1445 1726 1473 Οὐκοῦν
1745 1445 1793 1472 κᾶν
1811 1446 1888 1482 ἱερα-

1081 1493 1160 1518 τεύειν
1184 1491 1348 1529 ἀνθρωπίνως
1369 1491 1480 1527 λέγεται,
1501 1491 1565 1517 ἀλλά
1588 1489 1696 1527 δέχεται
1720 1493 1767 1520 τὴν
1789 1491 1889 1517 θνα-ίαν

1081 1537 1156 1567 αὐτὸς
1176 1537 1267 1568 θεῐκὼς
1282 1537 1295 1562 ὁ
1311 1537 1388 1568 αὐτὸς
1404 1539 1436 1562 ὧν
1456 1536 1522 1572 ὁμοῦ
1536 1539 1581 1563 καὶ
1594 1538 1659 1568 Θεὸς
1671 1535 1716 1563 καί
1727 1536 1883 1574 ἄνθρωπος,

1130 1669 1173 1696 Ἐκ
1188 1666 1232 1696 τοῦ
1248 1669 1464 1706 τετραευαγγέλου
1481 1669 1603 1708 ἑρμηνεία
1616 1669 1662 1697 τοῦ
1678 1669 1834 1707 Βυλγαρίας.

1115 1762 1218 1791 Λουκᾶς
1242 1757 1272 1785 δὲ
1294 1761 1358 1795 λέγει
1379 1762 1423 1786 καὶ
1439 1768 1514 1786 τουτο
1534 1760 1611 1786 εἴπεῖν
1633 1761 1690 1786 τότε
1708 1761 1751 1786 τὸν
1772 1761 1883 1798 Κύριον,

1079 1805 1118 1830 ὅτι
1164 1808 1246 1831 Τοῦτο
1292 1808 1387 1830 ποιεῖτε
1433 1804 1467 1835 εἱς
1513 1807 1559 1834 τὴν
1603 1804 1666 1841 ἐμὴν
1713 1804 1882 1841 ἀνάμνησινο

1078 1853 1162 1884 τοῦτο,
1205 1850 1279 1885 φησὶ,
1324 1850 1353 1874 τὸ
1395 1850 1482 1874 καινὸν
1531 1851 1699 1885 μυστήσιοιν
1743 1852 1789 1875 καί
1836 1851 1884 1885 μὲν

1079 1893 1157 1920 ἐκεῖνο
1182 1895 1210 1919 τὸ
1232 1893 1359 1919 παλαιὸν·
1384 1892 1462 1919 ἐκεῖνο
1482 1894 1526 1929 μὲν
1550 1895 1600 1931 γὰρ
1626 1895 1655 1920 τὸ
1680 1894 1823 1930 Θυσιασμα
1847 1894 1885 1925 εἰς

1080 1937 1223 1974 ἀνάμνησιν
1265 1937 1361 1973 ἐγενετο
1403 1941 1450 1969 τῆς
1500 1937 1525 1963 ἐν
1572 1938 1695 1974 Αἰγύπτῳ
1746 1941 1885 1976 σωτηρίας

1079 1986 1128 2008 τῶν
1153 1981 1293 2018 Ἑϐραϊκῶν
1316 1983 1496 2019 πρωτοτόκων,
1520 1984 1565 2008 καὶ
1591 1986 1636 2012 τῆς
1660 1987 1709 2008 τῶν
1744 1981 1885 2009 Ἰουδαίων

1324 1850 1353 1874 τὸ
1395 1850 1482 1874 καινὸν

1079 2026 1238 2063 ἐλευθερίας·
1262 2029 1338 2052 τοῦτο
1367 2025 1397 2053 δὲ
1430 2029 1465 2058 ιὶς
1493 2025 1637 2063 ἀνάμνησιν
1662 2030 1708 2053 τοῦ
1732 2030 1884 2054 Amne-rou-

1080 2069 1127 2098 διὰ
1150 2075 1197 2102 τῆς
1221 2072 1343 2101 τοιαύτης
1368 2072 1419 2108 γὰρ
1443 2072 1538 2102 θυσίας
1565 2071 1819 2109 ἀναμιμνησκόμεθα
1843 2073 1885 2100 ὁτι

1079 2118 1108 2142 τὸ
1136 2120 1212 2152 σῶμα
1231 2115 1310 2142 αὐτοῦ
1336 2113 1485 2152 παρέδωκεν
1506 2115 1541 2147 εἰς
1562 2117 1679 2149 θάνατον,
1705 2118 1749 2142 καὶ
1763 2119 1794 2143 τὸ
1816 2117 1884 2154 uiua:

1080 2161 1160 2187 αὐτοῦ
1186 2160 1287 2196 ἐξέχεε·
1313 2162 1357 2186 καὶ
1382 2164 1412 2196 τῇ
1440 2162 1562 2197 συνεχείᾳ
1586 2163 1631 2190 τὴν
1658 2163 1761 2197 μνήμην
1789 2161 1884 2188 ἀνανε-

1080 2206 1186 2241 ούμεθα.
1222 2203 1295 2235 Εἶδες
1331 2209 1384 2235 πῶς
1422 2205 1545 2240 μετέθηκε
1576 2207 1636 2236 τοὺς
1668 2206 1789 2241 μαθητὰς
1830 2205 1883 2232 ἀπό

1080 2254 1126 2280 τῆς
1150 2249 1263 2280 παλαιᾶς
1288 2249 1381 2279 Θυσίας
1406 2248 1446 2274 ἐπὶ
1473 2251 1520 2278 τήν
1544 2251 1654 2283 καινήν;
1680 2251 1749 2276 Ποία
1769 2251 1823 2287 γὰρ
1845 2251 1884 2277 εἰ-

1080 2296 1151 2325 κόνος
1181 2294 1219 2320 ἔτι
1244 2296 1324 2331 χρεία
1349 2297 1403 2325 τοῖς
1428 2291 1481 2322 ἤδη
1512 2295 1540 2320 τὸ
1565 2296 1734 2332 πρωτότυπον
1763 2295 1882 2331 Excutit;

1081 2341 1150 2368 Φησὶ
1166 2337 1195 2365 δὲ
1209 2341 1253 2365 καὶ
1276 2339 1289 2365 ὁ
1307 2341 1495 2376 Χρυσόστομος
1520 2339 1560 2364 ὅτι
1580 2341 1624 2364 καὶ
1644 2339 1657 2364 ὁ
1677 2341 1791 2376 Χριστὸς
1811 2344 1885 2377 πρῶ-

1081 2393 1125 2415 τος
1138 2385 1196 2410 τότε
1218 2385 1331 2419 μετέσχε
1354 2386 1402 2409 τοῦ
1423 2385 1583 2420 μυστηρίου,
1611 2384 1651 2409 ἵνα
1670 2385 1706 2420 μὴ
1729 2382 1886 2413 ἀηδισθῶσι

1083 2430 1177 2467 σαρκὸς
1220 2430 1265 2454 καὶ
1307 2430 1417 2464 αἵματος
1463 2427 1612 2463 μεταλαϐεῖν
1655 2427 1855 2464 ἐπιτρεπόμενος
1877 2439 1884 2445 ·

1785 2473 1864 2499 αὐτόν
1877 2481 1884 2489 ⁸

1082 2520 1158 2553 Λέγω
1185 2515 1214 2544 δὲ
1240 2518 1280 2543 ὅτι
1306 2517 1335 2543 οὔ
1359 2519 1395 2552 μὴ
1421 2519 1472 2543 πίω
1498 2516 1596 2553 ἀπάρτι
1624 2516 1652 2542 ἐκ
1680 2526 1726 2543 του
1755 2520 1886 2553 γεννήμα-

1082 2570 1123 2592 τος
1155 2566 1199 2591 τῆς
1235 2560 1348 2597 ἀμπέλου
1386 2561 1430 2591 ἕως
1466 2565 1512 2591 τῆς
1553 2562 1650 2598 ἡμέρας
1680 2561 1789 2593 ἐκείνης,
1823 2563 1885 2588 ὅταν

1083 2606 1146 2633 αὐτὸ
1176 2608 1239 2632 πίνω
1270 2606 1326 2642 μεθ’
1358 2606 1429 2642 ὑμῶν
1456 2607 1544 2632 καινὸν
1574 2605 1598 2632 ἐν
1627 2609 1657 2642 τῇ
1687 2605 1812 2644 βασιλείᾳ
1834 2616 1882 2634 τον

1081 2476 1126 2500 καὶ
1174 2474 1266 2500 τούτου
1310 2471 1339 2498 δὲ
1383 2475 1524 2510 τεκμήριον
1567 2475 1613 2499 τοῦ
1657 2472 1736 2499 εἰπεῖν

240 2737 296 2773 (t7)
311 2735 459 2765 Particula
473 2737 516 2765 est
530 2735 594 2765 haec
608 2734 634 2771 ej
640 2735 743 2765 usdcm
755 2738 899 2766 sermonis
915 2736 1066 2775 Cyrilliani
1085 2739 1125 2768 ad
1139 2738 1270 2776 reginas.
