  <div class='ocr_page' id='page_1' title='image "/cluster/home/n/w/nwhite01/storage/ocr_20150623/140/njp.32101010942850/111.png"; bbox 0 0 1947 3077; ppageno 0'>
   <div class='ocr_carea' id='block_1_1' title="bbox 193 94 244 122">
    <p class='ocr_par' dir='ltr' id='par_1_1' title="bbox 193 94 244 122">
     <span class='ocr_line' id='line_1_1' title="bbox 193 94 244 122; baseline -0.039 0"><span class='ocrx_word' id='word_1_1' title='bbox 193 94 244 122; x_wconf 85' lang='grc'><strong>187</strong></span> 
     </span>
    </p>
   </div>
   <div class='ocr_carea' id='block_1_2' title="bbox 856 89 1202 120">
    <p class='ocr_par' dir='ltr' id='par_1_2' title="bbox 856 89 1202 120">
     <span class='ocr_line' id='line_1_2' title="bbox 856 89 1202 120; baseline -0.012 -1"><span class='ocrx_word' id='word_1_2' title='bbox 856 90 993 120; x_wconf 74' lang='grc' dir='ltr'><strong>ΝΙΟΕΤᾹΞ</strong></span> <span class='ocrx_word' id='word_1_3' title='bbox 1017 90 1146 119; x_wconf 76' lang='lat' dir='ltr'><strong>CHONIA</strong></span> <span class='ocrx_word' id='word_1_4' title='bbox 1154 89 1202 115; x_wconf 46' lang='lat'><strong>&#39;31-“</strong></span> 
     </span>
    </p>
   </div>
   <div class='ocr_carea' id='block_1_3' title="bbox 1823 93 1892 120">
    <p class='ocr_par' dir='ltr' id='par_1_3' title="bbox 1823 93 1892 120">
     <span class='ocr_line' id='line_1_3' title="bbox 1823 93 1892 120; baseline -0.014 0"><span class='ocrx_word' id='word_1_5' title='bbox 1823 93 1892 120; x_wconf 83' lang='grc'><strong>188</strong></span> 
     </span>
    </p>
   </div>
   <div class='ocr_carea' id='block_1_4' title="bbox 190 151 1010 190">
    <p class='ocr_par' dir='ltr' id='par_1_4' title="bbox 190 153 1010 190">
     <span class='ocr_line' id='line_1_4' title="bbox 190 153 1010 190; baseline -0.001 -8"><span class='ocrx_word' id='word_1_6' title='bbox 190 154 283 183; x_wconf 81' lang='lat' dir='ltr'><strong>fuisse</strong></span> <span class='ocrx_word' id='word_1_7' title='bbox 300 162 307 182; x_wconf 75' lang='grc' dir='ltr'><strong>ι</strong></span> <span class='ocrx_word' id='word_1_8' title='bbox 327 153 456 190; x_wconf 82' lang='lat' dir='ltr'><strong>ideoque</strong></span> <span class='ocrx_word' id='word_1_9' title='bbox 469 154 499 182; x_wconf 88' lang='lat' dir='ltr'><strong>id</strong></span> <span class='ocrx_word' id='word_1_10' title='bbox 512 154 625 189; x_wconf 79' lang='lat' dir='ltr'><strong>dogma</strong></span> <span class='ocrx_word' id='word_1_11' title='bbox 649 161 667 182; x_wconf 86' lang='lat' dir='ltr'><strong>a</strong></span> <span class='ocrx_word' id='word_1_12' title='bbox 683 161 714 183; x_wconf 88' lang='lat' dir='ltr'><strong>se</strong></span> <span class='ocrx_word' id='word_1_13' title='bbox 726 161 840 182; x_wconf 87' lang='lat' dir='ltr'><strong>novum</strong></span> <span class='ocrx_word' id='word_1_14' title='bbox 865 153 1010 182; x_wconf 79' lang='lat' dir='ltr'><strong>existima-</strong></span> 
     </span>
    </p>
   </div>
   <div class='ocr_carea' id='block_1_5' title="bbox 1104 151 1890 190">
    <p class='ocr_par' dir='ltr' id='par_1_5' title="bbox 1104 151 1890 189">
     <span class='ocr_line' id='line_1_5' title="bbox 1104 151 1890 189; baseline 0 -11"><span class='ocrx_word' id='word_1_15' title='bbox 1104 162 1156 182; x_wconf 75' lang='grc' dir='ltr'>ιτος</span> <span class='ocrx_word' id='word_1_16' title='bbox 1187 153 1280 178; x_wconf 75' lang='grc' dir='ltr'>τούτου</span> <span class='ocrx_word' id='word_1_17' title='bbox 1299 152 1476 189; x_wconf 67' lang='grc' dir='ltr'>ἀμφιϐολίας·</span> <span class='ocrx_word' id='word_1_18' title='bbox 1499 156 1544 179; x_wconf 81' lang='grc' dir='ltr'>καὶ</span> <span class='ocrx_word' id='word_1_19' title='bbox 1554 151 1601 179; x_wconf 75' lang='grc' dir='ltr'>διὰ</span> <span class='ocrx_word' id='word_1_20' title='bbox 1631 153 1680 179; x_wconf 63' lang='grc' dir='ltr'>πιέν</span> <span class='ocrx_word' id='word_1_21' title='bbox 1695 163 1744 179; x_wconf 79' lang='grc' dir='ltr'><strong>των</strong></span> <span class='ocrx_word' id='word_1_22' title='bbox 1785 153 1815 184; x_wconf 84' lang='grc' dir='ltr'><strong>ἐξ</strong></span> <span class='ocrx_word' id='word_1_23' title='bbox 1846 152 1890 178; x_wconf 77' lang='grc' dir='ltr'>ὧν</span> 
     </span>
    </p>
   </div>
   <div class='ocr_carea' id='block_1_6' title="bbox 193 199 686 235">
    <p class='ocr_par' dir='ltr' id='par_1_6' title="bbox 193 199 686 235">
     <span class='ocr_line' id='line_1_6' title="bbox 193 199 686 235; baseline -0.002 -8"><span class='ocrx_word' id='word_1_24' title='bbox 193 201 268 234; x_wconf 89' lang='lat' dir='ltr'><strong>tum,</strong></span> <span class='ocrx_word' id='word_1_25' title='bbox 282 207 407 235; x_wconf 89' lang='lat' dir='ltr'><strong>prorsus</strong></span> <span class='ocrx_word' id='word_1_26' title='bbox 421 199 500 228; x_wconf 83' lang='lat' dir='ltr'><strong>nolle</strong></span> <span class='ocrx_word' id='word_1_27' title='bbox 516 199 686 228; x_wconf 78' lang='lat' dir='ltr'><strong>admittere.</strong></span> 
     </span>
    </p>
   </div>
   <div class='ocr_carea' id='block_1_7' title="bbox 230 376 1023 414">
    <p class='ocr_par' dir='ltr' id='par_1_7' title="bbox 230 376 1023 414">
     <span class='ocr_line' id='line_1_7' title="bbox 230 376 1023 414; baseline -0.003 -8"><span class='ocrx_word' id='word_1_28' title='bbox 230 379 298 406; x_wconf 85' lang='lat' dir='ltr'><strong>Jam</strong></span> <span class='ocrx_word' id='word_1_29' title='bbox 314 386 384 406; x_wconf 88' lang='lat' dir='ltr'><strong>vero</strong></span> <span class='ocrx_word' id='word_1_30' title='bbox 410 386 479 406; x_wconf 88' lang='lat' dir='ltr'><strong>cum</strong></span> <span class='ocrx_word' id='word_1_31' title='bbox 506 385 561 405; x_wconf 90' lang='lat' dir='ltr'><strong>nos</strong></span> <span class='ocrx_word' id='word_1_32' title='bbox 585 377 647 405; x_wconf 90' lang='lat' dir='ltr'><strong>duo</strong></span> <span class='ocrx_word' id='word_1_33' title='bbox 662 377 840 414; x_wconf 78' lang='lat' dir='ltr'><strong>patriarchae</strong></span> <span class='ocrx_word' id='word_1_34' title='bbox 855 376 884 404; x_wconf 91' lang='lat' dir='ltr'><strong>in</strong></span> <span class='ocrx_word' id='word_1_35' title='bbox 898 376 955 404; x_wconf 87' lang='lat' dir='ltr'><strong>hoc</strong></span> <span class='ocrx_word' id='word_1_36' title='bbox 968 376 1023 404; x_wconf 93' lang='lat' dir='ltr'><strong>do-</strong></span> 
     </span>
    </p>
   </div>
   <div class='ocr_carea' id='block_1_8' title="bbox 197 420 1024 457">
    <p class='ocr_par' dir='ltr' id='par_1_8' title="bbox 197 420 1024 457">
     <span class='ocr_line' id='line_1_8' title="bbox 197 420 1024 457; baseline -0.002 -7"><span class='ocrx_word' id='word_1_37' title='bbox 197 424 298 457; x_wconf 86' lang='lat' dir='ltr'><strong>gmate</strong></span> <span class='ocrx_word' id='word_1_38' title='bbox 309 424 558 457; x_wconf 87' lang='lat' dir='ltr'><strong>consentiremus,</strong></span> <span class='ocrx_word' id='word_1_39' title='bbox 570 429 689 450; x_wconf 87' lang='lat' dir='ltr'><strong>necnon</strong></span> <span class='ocrx_word' id='word_1_40' title='bbox 702 424 730 450; x_wconf 89' lang='lat' dir='ltr'><strong>et</strong></span> <span class='ocrx_word' id='word_1_41' title='bbox 740 429 796 450; x_wconf 88' lang='lat' dir='ltr'><strong>nos</strong></span> <span class='ocrx_word' id='word_1_42' title='bbox 806 420 1024 457; x_wconf 81' lang='lat' dir='ltr'><strong>archiepiscopi</strong></span> 
     </span>
    </p>
   </div>
   <div class='ocr_carea' id='block_1_9' title="bbox 197 465 1024 504">
    <p class='ocr_par' dir='ltr' id='par_1_9' title="bbox 197 465 1024 504">
     <span class='ocr_line' id='line_1_9' title="bbox 197 465 1024 504; baseline -0.001 -10"><span class='ocrx_word' id='word_1_43' title='bbox 197 467 343 502; x_wconf 81' lang='lat' dir='ltr'><strong>Bulgariae</strong></span> <span class='ocrx_word' id='word_1_44' title='bbox 372 470 401 496; x_wconf 88' lang='lat' dir='ltr'><strong>et</strong></span> <span class='ocrx_word' id='word_1_45' title='bbox 417 467 515 504; x_wconf 83' lang='lat' dir='ltr'><strong>Cypri,</strong></span> <span class='ocrx_word' id='word_1_46' title='bbox 536 467 695 503; x_wconf 69' lang='lat' dir='ltr'><strong>caeterique</strong></span> <span class='ocrx_word' id='word_1_47' title='bbox 715 474 822 494; x_wconf 89' lang='lat' dir='ltr'><strong>omnes</strong></span> <span class='ocrx_word' id='word_1_48' title='bbox 848 466 878 493; x_wconf 93' lang='lat' dir='ltr'><strong>in</strong></span> <span class='ocrx_word' id='word_1_49' title='bbox 904 465 1024 501; x_wconf 87' lang='lat' dir='ltr'><strong>synodo</strong></span> 
     </span>
    </p>
   </div>
   <div class='ocr_carea' id='block_1_10' title="bbox 197 511 1026 548">
    <p class='ocr_par' dir='ltr' id='par_1_10' title="bbox 197 511 1026 548">
     <span class='ocr_line' id='line_1_10' title="bbox 197 511 1026 548; baseline -0.004 -8"><span class='ocrx_word' id='word_1_50' title='bbox 197 512 330 548; x_wconf 81' lang='lat' dir='ltr'><strong>episcopi</strong></span> <span class='ocrx_word' id='word_1_51' title='bbox 357 512 532 540; x_wconf 79' lang='lat' dir='ltr'><strong>unanimem</strong></span> <span class='ocrx_word' id='word_1_52' title='bbox 566 511 744 540; x_wconf 86' lang='lat' dir='ltr'><strong>sententiam</strong></span> <span class='ocrx_word' id='word_1_53' title='bbox 772 511 892 539; x_wconf 82' lang='lat' dir='ltr'><strong>nemine</strong></span> <span class='ocrx_word' id='word_1_54' title='bbox 917 511 1026 538; x_wconf 87' lang='lat' dir='ltr'><strong>discre-</strong></span> 
     </span>
    </p>
   </div>
   <div class='ocr_carea' id='block_1_11' title="bbox 196 554 1026 592">
    <p class='ocr_par' dir='ltr' id='par_1_11' title="bbox 196 554 1026 592">
     <span class='ocr_line' id='line_1_11' title="bbox 196 554 1026 592; baseline -0.005 -7"><span class='ocrx_word' id='word_1_55' title='bbox 196 558 288 592; x_wconf 86' lang='lat' dir='ltr'><strong>pante</strong></span> <span class='ocrx_word' id='word_1_56' title='bbox 306 558 486 590; x_wconf 88' lang='lat' dir='ltr'><strong>teneremus,</strong></span> <span class='ocrx_word' id='word_1_57' title='bbox 503 564 625 585; x_wconf 89' lang='lat' dir='ltr'><strong>necesse</strong></span> <span class='ocrx_word' id='word_1_58' title='bbox 640 556 694 584; x_wconf 91' lang='lat' dir='ltr'><strong>fuit</strong></span> <span class='ocrx_word' id='word_1_59' title='bbox 709 556 798 584; x_wconf 86' lang='lat' dir='ltr'><strong>etiam</strong></span> <span class='ocrx_word' id='word_1_60' title='bbox 814 555 940 583; x_wconf 90' lang='lat' dir='ltr'><strong>electum</strong></span> <span class='ocrx_word' id='word_1_61' title='bbox 954 554 1026 582; x_wconf 89' lang='lat' dir='ltr'><strong>civi-</strong></span> 
     </span>
    </p>
   </div>
   <div class='ocr_carea' id='block_1_12' title="bbox 198 600 1027 638">
    <p class='ocr_par' dir='ltr' id='par_1_12' title="bbox 198 600 1027 638">
     <span class='ocr_line' id='line_1_12' title="bbox 198 600 1027 638; baseline -0.001 -9"><span class='ocrx_word' id='word_1_62' title='bbox 198 601 267 629; x_wconf 88' lang='lat' dir='ltr'><strong>tatis</strong></span> <span class='ocrx_word' id='word_1_63' title='bbox 291 601 342 630; x_wconf 87' lang='lat' dir='ltr'><strong>Dei</strong></span> <span class='ocrx_word' id='word_1_64' title='bbox 370 602 533 630; x_wconf 64' lang='lat' dir='ltr'><strong>Antiochiae</strong></span> <span class='ocrx_word' id='word_1_65' title='bbox 557 609 677 637; x_wconf 66' lang='lat' dir='ltr'><strong>magnas</strong></span> <span class='ocrx_word' id='word_1_66' title='bbox 703 601 903 638; x_wconf 84' lang='lat' dir='ltr'><strong>patriarcham</strong></span> <span class='ocrx_word' id='word_1_67' title='bbox 919 600 1027 629; x_wconf 86' lang='lat' dir='ltr'><strong>Soteri-</strong></span> 
     </span>
    </p>
   </div>
   <div class='ocr_carea' id='block_1_13' title="bbox 201 645 1028 682">
    <p class='ocr_par' dir='ltr' id='par_1_13' title="bbox 201 645 1028 682">
     <span class='ocr_line' id='line_1_13' title="bbox 201 645 1028 682; baseline -0.002 -8"><span class='ocrx_word' id='word_1_68' title='bbox 201 645 304 681; x_wconf 87' lang='lat' dir='ltr'><strong>chum,</strong></span> <span class='ocrx_word' id='word_1_69' title='bbox 316 646 369 682; x_wconf 89' lang='lat' dir='ltr'><strong>qui</strong></span> <span class='ocrx_word' id='word_1_70' title='bbox 379 646 539 674; x_wconf 90' lang='lat' dir='ltr'><strong>nobiscum</strong></span> <span class='ocrx_word' id='word_1_71' title='bbox 552 646 899 682; x_wconf 89' lang='lat' dir='ltr'><strong>considebat,propriam</strong></span> <span class='ocrx_word' id='word_1_72' title='bbox 912 647 1028 672; x_wconf 88' lang='lat' dir='ltr'><strong>senten-</strong></span> 
     </span>
    </p>
   </div>
   <div class='ocr_carea' id='block_1_14' title="bbox 200 689 1029 727">
    <p class='ocr_par' dir='ltr' id='par_1_14' title="bbox 200 689 1029 727">
     <span class='ocr_line' id='line_1_14' title="bbox 200 689 1029 727; baseline -0.002 -9"><span class='ocrx_word' id='word_1_73' title='bbox 200 690 273 718; x_wconf 86' lang='lat' dir='ltr'><strong>tiam</strong></span> <span class='ocrx_word' id='word_1_74' title='bbox 288 698 405 725; x_wconf 80' lang='lat' dir='ltr'><strong>rogare.</strong></span> <span class='ocrx_word' id='word_1_75' title='bbox 430 692 504 718; x_wconf 92' lang='lat' dir='ltr'><strong>Tum</strong></span> <span class='ocrx_word' id='word_1_76' title='bbox 521 699 604 725; x_wconf 87' lang='lat' dir='ltr'><strong>vero,</strong></span> <span class='ocrx_word' id='word_1_77' title='bbox 617 691 700 727; x_wconf 86' lang='lat' dir='ltr'><strong>quod</strong></span> <span class='ocrx_word' id='word_1_78' title='bbox 715 690 917 726; x_wconf 66' lang='lat' dir='ltr'><strong>quaerebatur,</strong></span> <span class='ocrx_word' id='word_1_79' title='bbox 934 689 1029 717; x_wconf 88' lang='lat' dir='ltr'><strong>mani-</strong></span> 
     </span>
    </p>
   </div>
   <div class='ocr_carea' id='block_1_15' title="bbox 200 734 1030 771">
    <p class='ocr_par' dir='ltr' id='par_1_15' title="bbox 200 734 1030 771">
     <span class='ocr_line' id='line_1_15' title="bbox 200 734 1030 771; baseline -0.001 -8"><span class='ocrx_word' id='word_1_80' title='bbox 200 734 276 763; x_wconf 88' lang='lat' dir='ltr'><strong>feste</strong></span> <span class='ocrx_word' id='word_1_81' title='bbox 292 737 479 771; x_wconf 90' lang='lat' dir='ltr'><strong>compertum</strong></span> <span class='ocrx_word' id='word_1_82' title='bbox 496 738 551 763; x_wconf 90' lang='lat' dir='ltr'><strong>est.</strong></span> <span class='ocrx_word' id='word_1_83' title='bbox 572 737 598 763; x_wconf 86' lang='lat' dir='ltr'><strong>Is</strong></span> <span class='ocrx_word' id='word_1_84' title='bbox 614 735 693 763; x_wconf 86' lang='lat' dir='ltr'><strong>enim</strong></span> <span class='ocrx_word' id='word_1_85' title='bbox 717 735 809 763; x_wconf 90' lang='lat' dir='ltr'><strong>modo</strong></span> <span class='ocrx_word' id='word_1_86' title='bbox 823 737 943 770; x_wconf 84' lang='lat' dir='ltr'><strong>tempus</strong></span> <span class='ocrx_word' id='word_1_87' title='bbox 961 742 1030 770; x_wconf 84' lang='lat' dir='ltr'><strong>pos-</strong></span> 
     </span>
    </p>
   </div>
   <div class='ocr_carea' id='block_1_16' title="bbox 203 779 1029 816">
    <p class='ocr_par' dir='ltr' id='par_1_16' title="bbox 203 779 1029 816">
     <span class='ocr_line' id='line_1_16' title="bbox 203 779 1029 816; baseline -0.001 -9"><span class='ocrx_word' id='word_1_88' title='bbox 203 779 291 808; x_wconf 84' lang='lat' dir='ltr'><strong>cebat</strong></span> <span class='ocrx_word' id='word_1_89' title='bbox 317 779 529 808; x_wconf 83' lang='lat' dir='ltr'><strong>considerandi</strong></span> <span class='ocrx_word' id='word_1_90' title='bbox 553 783 621 808; x_wconf 87' lang='lat' dir='ltr'><strong>ante</strong></span> <span class='ocrx_word' id='word_1_91' title='bbox 636 787 827 816; x_wconf 84' lang='lat' dir='ltr'><strong>responsum,</strong></span> <span class='ocrx_word' id='word_1_92' title='bbox 849 779 936 816; x_wconf 89' lang='lat' dir='ltr'><strong>quasi</strong></span> <span class='ocrx_word' id='word_1_93' title='bbox 959 786 1029 806; x_wconf 88' lang='lat' dir='ltr'><strong>vero</strong></span> 
     </span>
    </p>
   </div>
   <div class='ocr_carea' id='block_1_17' title="bbox 202 823 1030 860">
    <p class='ocr_par' dir='ltr' id='par_1_17' title="bbox 202 823 1030 860">
     <span class='ocr_line' id='line_1_17' title="bbox 202 823 1030 860; baseline -0.002 -8"><span class='ocrx_word' id='word_1_94' title='bbox 202 825 287 852; x_wconf 83' lang='lat' dir='ltr'><strong>tanta</strong></span> <span class='ocrx_word' id='word_1_95' title='bbox 309 824 452 860; x_wconf 85' lang='lat' dir='ltr'><strong>temporis</strong></span> <span class='ocrx_word' id='word_1_96' title='bbox 471 824 664 860; x_wconf 83' lang='lat' dir='ltr'><strong>intercapedo</strong></span> <span class='ocrx_word' id='word_1_97' title='bbox 685 827 751 860; x_wconf 87' lang='lat' dir='ltr'><strong>post</strong></span> <span class='ocrx_word' id='word_1_98' title='bbox 774 824 865 859; x_wconf 89' lang='lat' dir='ltr'><strong>hujus</strong></span> <span class='ocrx_word' id='word_1_99' title='bbox 886 823 1030 851; x_wconf 84' lang='lat' dir='ltr'><strong>adversus</strong></span> 
     </span>
    </p>
   </div>
   <div class='ocr_carea' id='block_1_18' title="bbox 202 868 1031 905">
    <p class='ocr_par' dir='ltr' id='par_1_18' title="bbox 202 868 1031 905">
     <span class='ocr_line' id='line_1_18' title="bbox 202 868 1031 905; baseline 0 -9"><span class='ocrx_word' id='word_1_100' title='bbox 202 868 352 896; x_wconf 84' lang='lat' dir='ltr'><strong>Christum</strong></span> <span class='ocrx_word' id='word_1_101' title='bbox 371 868 567 905; x_wconf 71' lang='lat' dir='ltr'><strong>blasphemiae</strong></span> <span class='ocrx_word' id='word_1_102' title='bbox 582 869 709 903; x_wconf 89' lang='lat' dir='ltr'><strong>initium,</strong></span> <span class='ocrx_word' id='word_1_103' title='bbox 725 868 783 904; x_wconf 84' lang='lat' dir='ltr'><strong>ipsi</strong></span> <span class='ocrx_word' id='word_1_104' title='bbox 802 868 886 896; x_wconf 84' lang='lat' dir='ltr'><strong>haud</strong></span> <span class='ocrx_word' id='word_1_105' title='bbox 899 868 1031 896; x_wconf 83' lang='lat' dir='ltr'><strong>suffecis-</strong></span> 
     </span>
    </p>
   </div>
   <div class='ocr_carea' id='block_1_19' title="bbox 202 913 1030 948">
    <p class='ocr_par' dir='ltr' id='par_1_19' title="bbox 202 913 1030 948">
     <span class='ocr_line' id='line_1_19' title="bbox 202 913 1030 948; baseline 0 -8"><span class='ocrx_word' id='word_1_106' title='bbox 202 915 246 942; x_wconf 88' lang='lat' dir='ltr'><strong>set</strong></span> <span class='ocrx_word' id='word_1_107' title='bbox 262 913 301 941; x_wconf 93' lang='lat' dir='ltr'><strong>ad</strong></span> <span class='ocrx_word' id='word_1_108' title='bbox 317 913 382 942; x_wconf 82' lang='lat' dir='ltr'><strong>sani</strong></span> <span class='ocrx_word' id='word_1_109' title='bbox 395 913 547 948; x_wconf 79' lang='lat' dir='ltr'><strong>dogmatis</strong></span> <span class='ocrx_word' id='word_1_110' title='bbox 567 914 788 948; x_wconf 80' lang='lat' dir='ltr'><strong>cognitionem;</strong></span> <span class='ocrx_word' id='word_1_111' title='bbox 818 913 909 941; x_wconf 93' lang='lat' dir='ltr'><strong>modo</strong></span> <span class='ocrx_word' id='word_1_112' title='bbox 930 916 1030 941; x_wconf 87' lang='lat' dir='ltr'><strong>autem</strong></span> 
     </span>
    </p>
   </div>
   <div class='ocr_carea' id='block_1_20' title="bbox 203 956 1029 994">
    <p class='ocr_par' dir='ltr' id='par_1_20' title="bbox 203 956 1029 994">
     <span class='ocr_line' id='line_1_20' title="bbox 203 956 1029 994; baseline -0.001 -9"><span class='ocrx_word' id='word_1_113' title='bbox 203 956 263 986; x_wconf 85' lang='lat' dir='ltr'><strong>alia</strong></span> <span class='ocrx_word' id='word_1_114' title='bbox 277 959 367 994; x_wconf 89' lang='lat' dir='ltr'><strong>atque</strong></span> <span class='ocrx_word' id='word_1_115' title='bbox 376 958 434 986; x_wconf 85' lang='lat' dir='ltr'><strong>alia</strong></span> <span class='ocrx_word' id='word_1_116' title='bbox 445 966 555 994; x_wconf 87' lang='lat' dir='ltr'><strong>parum</strong></span> <span class='ocrx_word' id='word_1_117' title='bbox 569 958 625 986; x_wconf 88' lang='lat' dir='ltr'><strong>sibi</strong></span> <span class='ocrx_word' id='word_1_118' title='bbox 636 958 804 986; x_wconf 81' lang='lat' dir='ltr'><strong>constantia</strong></span> <span class='ocrx_word' id='word_1_119' title='bbox 816 957 1029 994; x_wconf 85' lang='lat' dir='ltr'><strong>respondebat.</strong></span> 
     </span>
    </p>
   </div>
   <div class='ocr_carea' id='block_1_21' title="bbox 200 1002 1032 1038">
    <p class='ocr_par' dir='ltr' id='par_1_21' title="bbox 200 1002 1032 1038">
     <span class='ocr_line' id='line_1_21' title="bbox 200 1002 1032 1038; baseline 0 -8"><span class='ocrx_word' id='word_1_120' title='bbox 200 1002 277 1037; x_wconf 80' lang='lat' dir='ltr'><strong>Ergo</strong></span> <span class='ocrx_word' id='word_1_121' title='bbox 293 1002 383 1030; x_wconf 87' lang='lat' dir='ltr'><strong>hodie</strong></span> <span class='ocrx_word' id='word_1_122' title='bbox 397 1002 598 1037; x_wconf 81' lang='lat' dir='ltr'><strong>interrogatus</strong></span> <span class='ocrx_word' id='word_1_123' title='bbox 613 1011 632 1031; x_wconf 77' lang='grc' dir='ltr'><strong>ει</strong></span> <span class='ocrx_word' id='word_1_124' title='bbox 644 1002 744 1038; x_wconf 89' lang='lat' dir='ltr'><strong>nobis,</strong></span> <span class='ocrx_word' id='word_1_125' title='bbox 764 1004 866 1030; x_wconf 90' lang='lat' dir='ltr'><strong>utrum</strong></span> <span class='ocrx_word' id='word_1_126' title='bbox 882 1002 1032 1030; x_wconf 82' lang='lat' dir='ltr'><strong>existima~</strong></span> 
     </span>
    </p>
   </div>
   <div class='ocr_carea' id='block_1_22' title="bbox 201 1046 1033 1076">
    <p class='ocr_par' dir='ltr' id='par_1_22' title="bbox 201 1046 1033 1076">
     <span class='ocr_line' id='line_1_22' title="bbox 201 1046 1033 1076; baseline -0.001 -1"><span class='ocrx_word' id='word_1_127' title='bbox 201 1049 245 1075; x_wconf 86' lang='lat' dir='ltr'><strong>ret</strong></span> <span class='ocrx_word' id='word_1_128' title='bbox 255 1046 352 1075; x_wconf 55' lang='lat' dir='ltr'><strong>beatas</strong></span> <span class='ocrx_word' id='word_1_129' title='bbox 370 1047 503 1076; x_wconf 90' lang='lat' dir='ltr'><strong>Trinitati</strong></span> <span class='ocrx_word' id='word_1_130' title='bbox 526 1047 706 1076; x_wconf 89' lang='lat' dir='ltr'><strong>sacriﬁcium</strong></span> <span class='ocrx_word' id='word_1_131' title='bbox 729 1050 757 1076; x_wconf 91' lang='lat' dir='ltr'><strong>et</strong></span> <span class='ocrx_word' id='word_1_132' title='bbox 771 1047 842 1076; x_wconf 87' lang='lat' dir='ltr'><strong>olim</strong></span> <span class='ocrx_word' id='word_1_133' title='bbox 866 1047 959 1075; x_wconf 81' lang='lat' dir='ltr'><strong>fuisse</strong></span> <span class='ocrx_word' id='word_1_134' title='bbox 981 1047 1033 1074; x_wconf 91' lang='lat' dir='ltr'><strong>ob-</strong></span> 
     </span>
    </p>
   </div>
   <div class='ocr_carea' id='block_1_23' title="bbox 202 1090 1034 1128">
    <p class='ocr_par' dir='ltr' id='par_1_23' title="bbox 202 1090 1034 1128">
     <span class='ocr_line' id='line_1_23' title="bbox 202 1090 1034 1128; baseline 0 -9"><span class='ocrx_word' id='word_1_135' title='bbox 202 1090 297 1120; x_wconf 81' lang='lat' dir='ltr'><strong>latum</strong></span> <span class='ocrx_word' id='word_1_136' title='bbox 320 1093 348 1120; x_wconf 90' lang='lat' dir='ltr'><strong>et</strong></span> <span class='ocrx_word' id='word_1_137' title='bbox 360 1099 442 1120; x_wconf 90' lang='lat' dir='ltr'><strong>nunc</strong></span> <span class='ocrx_word' id='word_1_138' title='bbox 465 1092 555 1120; x_wconf 86' lang='lat' dir='ltr'><strong>etiam</strong></span> <span class='ocrx_word' id='word_1_139' title='bbox 571 1092 682 1125; x_wconf 79' lang='lat' dir='ltr'><strong>offerri,</strong></span> <span class='ocrx_word' id='word_1_140' title='bbox 709 1094 742 1120; x_wconf 91' lang='lat' dir='ltr'><strong>ut</strong></span> <span class='ocrx_word' id='word_1_141' title='bbox 768 1091 904 1128; x_wconf 85' lang='lat' dir='ltr'><strong>superior</strong></span> <span class='ocrx_word' id='word_1_142' title='bbox 931 1093 1034 1119; x_wconf 87' lang='lat' dir='ltr'><strong>nostra</strong></span> 
     </span>
    </p>
   </div>
   <div class='ocr_carea' id='block_1_24' title="bbox 203 1135 1035 1173">
    <p class='ocr_par' dir='ltr' id='par_1_24' title="bbox 203 1135 1035 1173">
     <span class='ocr_line' id='line_1_24' title="bbox 203 1135 1035 1173; baseline -0.001 -9"><span class='ocrx_word' id='word_1_143' title='bbox 203 1135 364 1172; x_wconf 83' lang='lat' dir='ltr'><strong>explicavit</strong></span> <span class='ocrx_word' id='word_1_144' title='bbox 376 1137 483 1168; x_wconf 82' lang='lat' dir='ltr'><strong>oratio.</strong></span> <span class='ocrx_word' id='word_1_145' title='bbox 498 1145 537 1165; x_wconf 91' lang='lat' dir='ltr'><strong>an</strong></span> <span class='ocrx_word' id='word_1_146' title='bbox 561 1137 660 1173; x_wconf 86' lang='lat' dir='ltr'><strong>potius</strong></span> <span class='ocrx_word' id='word_1_147' title='bbox 677 1137 733 1165; x_wconf 90' lang='lat' dir='ltr'><strong>soli</strong></span> <span class='ocrx_word' id='word_1_148' title='bbox 753 1137 828 1165; x_wconf 82' lang='lat' dir='ltr'><strong>Patri</strong></span> <span class='ocrx_word' id='word_1_149' title='bbox 848 1136 940 1164; x_wconf 86' lang='lat' dir='ltr'><strong>fuisse</strong></span> <span class='ocrx_word' id='word_1_150' title='bbox 953 1136 1035 1164; x_wconf 81' lang='lat' dir='ltr'><strong>obla-</strong></span> 
     </span>
    </p>
   </div>
   <div class='ocr_carea' id='block_1_25' title="bbox 203 1181 1034 1218">
    <p class='ocr_par' dir='ltr' id='par_1_25' title="bbox 203 1181 1034 1218">
     <span class='ocr_line' id='line_1_25' title="bbox 203 1181 1034 1218; baseline 0 -10"><span class='ocrx_word' id='word_1_151' title='bbox 203 1182 293 1214; x_wconf 84' lang='lat' dir='ltr'><strong>tum;</strong></span> <span class='ocrx_word' id='word_1_152' title='bbox 321 1188 419 1217; x_wconf 88' lang='lat' dir='ltr'><strong>neque</strong></span> <span class='ocrx_word' id='word_1_153' title='bbox 446 1181 500 1209; x_wconf 87' lang='lat' dir='ltr'><strong>soli</strong></span> <span class='ocrx_word' id='word_1_154' title='bbox 520 1181 597 1210; x_wconf 80' lang='lat' dir='ltr'><strong>Patri</strong></span> <span class='ocrx_word' id='word_1_155' title='bbox 622 1181 779 1218; x_wconf 83' lang='lat' dir='ltr'><strong>respondit</strong></span> <span class='ocrx_word' id='word_1_156' title='bbox 803 1181 912 1214; x_wconf 64' lang='lat' dir='ltr'><strong>offerri,</strong></span> <span class='ocrx_word' id='word_1_157' title='bbox 935 1188 1034 1216; x_wconf 89' lang='lat' dir='ltr'><strong>neque</strong></span> 
     </span>
    </p>
   </div>
   <div class='ocr_carea' id='block_1_26' title="bbox 203 1225 1034 1254">
    <p class='ocr_par' dir='ltr' id='par_1_26' title="bbox 203 1225 1034 1254">
     <span class='ocr_line' id='line_1_26' title="bbox 203 1225 1034 1254; baseline -0.001 0"><span class='ocrx_word' id='word_1_158' title='bbox 203 1232 266 1254; x_wconf 90' lang='lat' dir='ltr'><strong>non</strong></span> <span class='ocrx_word' id='word_1_159' title='bbox 281 1225 346 1254; x_wconf 89' lang='lat' dir='ltr'><strong>soli.</strong></span> <span class='ocrx_word' id='word_1_160' title='bbox 364 1226 517 1254; x_wconf 87' lang='lat' dir='ltr'><strong>Interdum</strong></span> <span class='ocrx_word' id='word_1_161' title='bbox 537 1226 577 1254; x_wconf 87' lang='lat' dir='ltr'><strong>ad</strong></span> <span class='ocrx_word' id='word_1_162' title='bbox 592 1226 742 1254; x_wconf 76' lang='lat' dir='ltr'><strong>absurdae</strong></span> <span class='ocrx_word' id='word_1_163' title='bbox 761 1226 921 1254; x_wconf 82' lang='lat' dir='ltr'><strong>sententias</strong></span> <span class='ocrx_word' id='word_1_164' title='bbox 937 1225 1034 1253; x_wconf 89' lang='lat' dir='ltr'><strong>diver-</strong></span> 
     </span>
    </p>
   </div>
   <div class='ocr_carea' id='block_1_27' title="bbox 204 1270 1033 1306">
    <p class='ocr_par' dir='ltr' id='par_1_27' title="bbox 204 1270 1033 1306">
     <span class='ocr_line' id='line_1_27' title="bbox 204 1270 1033 1306; baseline -0.001 -7"><span class='ocrx_word' id='word_1_165' title='bbox 204 1270 319 1305; x_wconf 82' lang='lat' dir='ltr'><strong>tebat;</strong></span> <span class='ocrx_word' id='word_1_166' title='bbox 360 1278 433 1299; x_wconf 92' lang='lat' dir='ltr'><strong>nam</strong></span> <span class='ocrx_word' id='word_1_167' title='bbox 471 1270 627 1299; x_wconf 61' lang='lat' dir='ltr'><strong>vocabulis,</strong></span> <span class='ocrx_word' id='word_1_168' title='bbox 664 1271 781 1306; x_wconf 73' lang='lat' dir='ltr'><strong>offerre,</strong></span> <span class='ocrx_word' id='word_1_169' title='bbox 812 1270 1033 1306; x_wconf 86' lang='lat' dir='ltr'><strong>hypostaticam</strong></span> 
     </span>
    </p>
   </div>
   <div class='ocr_carea' id='block_1_28' title="bbox 204 1314 1034 1351">
    <p class='ocr_par' dir='ltr' id='par_1_28' title="bbox 204 1314 1034 1351">
     <span class='ocr_line' id='line_1_28' title="bbox 204 1314 1034 1351; baseline -0.001 -8"><span class='ocrx_word' id='word_1_170' title='bbox 204 1314 277 1343; x_wconf 87' lang='lat' dir='ltr'><strong>Filio</strong></span> <span class='ocrx_word' id='word_1_171' title='bbox 307 1315 436 1344; x_wconf 85' lang='lat' dir='ltr'><strong>tribuere</strong></span> <span class='ocrx_word' id='word_1_172' title='bbox 460 1316 675 1351; x_wconf 86' lang='lat' dir='ltr'><strong>proprietatem</strong></span> <span class='ocrx_word' id='word_1_173' title='bbox 701 1315 809 1348; x_wconf 82' lang='lat' dir='ltr'><strong>aiebat,</strong></span> <span class='ocrx_word' id='word_1_174' title='bbox 825 1314 927 1342; x_wconf 89' lang='lat' dir='ltr'><strong>nescio</strong></span> <span class='ocrx_word' id='word_1_175' title='bbox 953 1315 1034 1342; x_wconf 89' lang='lat' dir='ltr'><strong>unde</strong></span> 
     </span>
    </p>
   </div>
   <div class='ocr_carea' id='block_1_29' title="bbox 205 1359 1034 1396">
    <p class='ocr_par' dir='ltr' id='par_1_29' title="bbox 205 1359 1034 1396">
     <span class='ocr_line' id='line_1_29' title="bbox 205 1359 1034 1396; baseline -0.001 -8"><span class='ocrx_word' id='word_1_176' title='bbox 205 1359 286 1388; x_wconf 84' lang='lat' dir='ltr'><strong>hanc</strong></span> <span class='ocrx_word' id='word_1_177' title='bbox 298 1359 469 1388; x_wconf 86' lang='lat' dir='ltr'><strong>doctrinam</strong></span> <span class='ocrx_word' id='word_1_178' title='bbox 492 1361 668 1396; x_wconf 83' lang='lat' dir='ltr'><strong>expiscatus.</strong></span> <span class='ocrx_word' id='word_1_179' title='bbox 688 1360 828 1396; x_wconf 82' lang='lat' dir='ltr'><strong>Recipere</strong></span> <span class='ocrx_word' id='word_1_180' title='bbox 844 1361 956 1393; x_wconf 86' lang='lat' dir='ltr'><strong>autem,</strong></span> <span class='ocrx_word' id='word_1_181' title='bbox 981 1366 1034 1395; x_wconf 87' lang='lat' dir='ltr'><strong>pa-</strong></span> 
     </span>
    </p>
   </div>
   <div class='ocr_carea' id='block_1_30' title="bbox 204 1403 1033 1440">
    <p class='ocr_par' dir='ltr' id='par_1_30' title="bbox 204 1403 1033 1440">
     <span class='ocr_line' id='line_1_30' title="bbox 204 1403 1033 1440; baseline -0.001 -8"><span class='ocrx_word' id='word_1_182' title='bbox 204 1405 296 1432; x_wconf 74' lang='lat' dir='ltr'><strong>teram</strong></span> <span class='ocrx_word' id='word_1_183' title='bbox 322 1412 458 1440; x_wconf 66' lang='lat' dir='ltr'><strong>personae</strong></span> <span class='ocrx_word' id='word_1_184' title='bbox 487 1405 641 1440; x_wconf 84' lang='lat' dir='ltr'><strong>propriam</strong></span> <span class='ocrx_word' id='word_1_185' title='bbox 670 1404 839 1440; x_wconf 85' lang='lat' dir='ltr'><strong>quamdam</strong></span> <span class='ocrx_word' id='word_1_186' title='bbox 860 1403 1033 1432; x_wconf 76' lang='lat' dir='ltr'><strong>afﬁrmabat</strong></span> 
     </span>
    </p>
   </div>
   <div class='ocr_carea' id='block_1_31' title="bbox 205 1448 1031 1485">
    <p class='ocr_par' dir='ltr' id='par_1_31' title="bbox 205 1448 1031 1485">
     <span class='ocr_line' id='line_1_31' title="bbox 205 1448 1031 1485; baseline 0.001 -10"><span class='ocrx_word' id='word_1_187' title='bbox 205 1456 271 1476; x_wconf 88' lang='lat' dir='ltr'><strong>esse</strong></span> <span class='ocrx_word' id='word_1_188' title='bbox 303 1449 487 1485; x_wconf 87' lang='lat' dir='ltr'><strong>qualitatem,</strong></span> <span class='ocrx_word' id='word_1_189' title='bbox 522 1457 608 1485; x_wconf 71' lang='lat' dir='ltr'><strong>aeque</strong></span> <span class='ocrx_word' id='word_1_190' title='bbox 638 1457 672 1477; x_wconf 90' lang='lat' dir='ltr'><strong>ac</strong></span> <span class='ocrx_word' id='word_1_191' title='bbox 698 1448 821 1484; x_wconf 83' lang='lat' dir='ltr'><strong>ingeniti</strong></span> <span class='ocrx_word' id='word_1_192' title='bbox 844 1448 1031 1483; x_wconf 87' lang='lat' dir='ltr'><strong>attributum,</strong></span> 
     </span>
    </p>
   </div>
   <div class='ocr_carea' id='block_1_32' title="bbox 205 1493 1032 1530">
    <p class='ocr_par' dir='ltr' id='par_1_32' title="bbox 205 1493 1032 1530">
     <span class='ocr_line' id='line_1_32' title="bbox 205 1493 1032 1530; baseline 0 -10"><span class='ocrx_word' id='word_1_193' title='bbox 205 1493 289 1529; x_wconf 90' lang='lat' dir='ltr'><strong>quod</strong></span> <span class='ocrx_word' id='word_1_194' title='bbox 305 1494 427 1522; x_wconf 88' lang='lat' dir='ltr'><strong>unicum</strong></span> <span class='ocrx_word' id='word_1_195' title='bbox 443 1493 593 1530; x_wconf 83' lang='lat' dir='ltr'><strong>peculiare</strong></span> <span class='ocrx_word' id='word_1_196' title='bbox 607 1493 699 1521; x_wconf 85' lang='lat' dir='ltr'><strong>Patris</strong></span> <span class='ocrx_word' id='word_1_197' title='bbox 715 1501 779 1521; x_wconf 88' lang='lat' dir='ltr'><strong>esse</strong></span> <span class='ocrx_word' id='word_1_198' title='bbox 794 1493 970 1521; x_wconf 84' lang='lat' dir='ltr'><strong>attributum</strong></span> <span class='ocrx_word' id='word_1_199' title='bbox 982 1493 1032 1519; x_wconf 87' lang='lat' dir='ltr'><strong>Ec-</strong></span> 
     </span>
    </p>
   </div>
   <div class='ocr_carea' id='block_1_33' title="bbox 207 1537 1033 1574">
    <p class='ocr_par' dir='ltr' id='par_1_33' title="bbox 207 1537 1033 1574">
     <span class='ocr_line' id='line_1_33' title="bbox 207 1537 1033 1574; baseline -0.002 -8"><span class='ocrx_word' id='word_1_200' title='bbox 207 1538 297 1566; x_wconf 87' lang='lat' dir='ltr'><strong>clesia</strong></span> <span class='ocrx_word' id='word_1_201' title='bbox 317 1546 335 1566; x_wconf 85' lang='lat' dir='ltr'><strong>a</strong></span> <span class='ocrx_word' id='word_1_202' title='bbox 350 1541 447 1566; x_wconf 87' lang='lat' dir='ltr'><strong>vetere</strong></span> <span class='ocrx_word' id='word_1_203' title='bbox 464 1538 620 1567; x_wconf 86' lang='lat' dir='ltr'><strong>traditione</strong></span> <span class='ocrx_word' id='word_1_204' title='bbox 644 1538 767 1574; x_wconf 87' lang='lat' dir='ltr'><strong>accepit.</strong></span> <span class='ocrx_word' id='word_1_205' title='bbox 787 1538 896 1565; x_wconf 86' lang='lat' dir='ltr'><strong>Deinde</strong></span> <span class='ocrx_word' id='word_1_206' title='bbox 917 1537 1033 1565; x_wconf 87' lang='lat' dir='ltr'><strong>niteba-</strong></span> 
     </span>
    </p>
   </div>
   <div class='ocr_carea' id='block_1_34' title="bbox 207 1582 1034 1619">
    <p class='ocr_par' dir='ltr' id='par_1_34' title="bbox 207 1582 1034 1619">
     <span class='ocr_line' id='line_1_34' title="bbox 207 1582 1034 1619; baseline -0.001 -9"><span class='ocrx_word' id='word_1_207' title='bbox 207 1584 256 1611; x_wconf 90' lang='lat' dir='ltr'><strong>tur</strong></span> <span class='ocrx_word' id='word_1_208' title='bbox 281 1591 338 1611; x_wconf 88' lang='lat' dir='ltr'><strong>nos</strong></span> <span class='ocrx_word' id='word_1_209' title='bbox 360 1591 483 1619; x_wconf 88' lang='lat' dir='ltr'><strong>quoque</strong></span> <span class='ocrx_word' id='word_1_210' title='bbox 503 1584 533 1611; x_wconf 90' lang='lat' dir='ltr'><strong>in</strong></span> <span class='ocrx_word' id='word_1_211' title='bbox 557 1591 645 1612; x_wconf 84' lang='lat' dir='ltr'><strong>suam</strong></span> <span class='ocrx_word' id='word_1_212' title='bbox 672 1583 851 1611; x_wconf 86' lang='lat' dir='ltr'><strong>sententiam</strong></span> <span class='ocrx_word' id='word_1_213' title='bbox 877 1582 1034 1610; x_wconf 84' lang='lat' dir='ltr'><strong>contrariis</strong></span> 
     </span>
    </p>
   </div>
   <div class='ocr_carea' id='block_1_35' title="bbox 210 1626 1034 1664">
    <p class='ocr_par' dir='ltr' id='par_1_35' title="bbox 210 1626 1034 1664">
     <span class='ocr_line' id='line_1_35' title="bbox 210 1626 1034 1664; baseline -0.002 -8"><span class='ocrx_word' id='word_1_214' title='bbox 210 1627 393 1664; x_wconf 86' lang='lat' dir='ltr'><strong>syllogismis</strong></span> <span class='ocrx_word' id='word_1_215' title='bbox 417 1628 596 1663; x_wconf 84' lang='lat' dir='ltr'><strong>pertrahere.</strong></span> <span class='ocrx_word' id='word_1_216' title='bbox 628 1628 656 1656; x_wconf 93' lang='lat' dir='ltr'><strong>Si</strong></span> <span class='ocrx_word' id='word_1_217' title='bbox 683 1628 773 1663; x_wconf 87' lang='lat' dir='ltr'><strong>enim,</strong></span> <span class='ocrx_word' id='word_1_218' title='bbox 790 1629 822 1655; x_wconf 90' lang='lat' dir='ltr'><strong>ut</strong></span> <span class='ocrx_word' id='word_1_219' title='bbox 845 1627 909 1663; x_wconf 86' lang='lat' dir='ltr'><strong>ipse</strong></span> <span class='ocrx_word' id='word_1_220' title='bbox 924 1626 1034 1662; x_wconf 82' lang='lat' dir='ltr'><strong>aiebat,</strong></span> 
     </span>
    </p>
   </div>
   <div class='ocr_carea' id='block_1_36' title="bbox 208 1671 1034 1708">
    <p class='ocr_par' dir='ltr' id='par_1_36' title="bbox 208 1671 1034 1708">
     <span class='ocr_line' id='line_1_36' title="bbox 208 1671 1034 1708; baseline -0.002 -8"><span class='ocrx_word' id='word_1_221' title='bbox 208 1671 292 1700; x_wconf 85' lang='lat' dir='ltr'><strong>haud</strong></span> <span class='ocrx_word' id='word_1_222' title='bbox 309 1672 466 1708; x_wconf 89' lang='lat' dir='ltr'><strong>proprium</strong></span> <span class='ocrx_word' id='word_1_223' title='bbox 489 1675 620 1708; x_wconf 74' lang='lat' dir='ltr'><strong>paterna:</strong></span> <span class='ocrx_word' id='word_1_224' title='bbox 631 1680 769 1708; x_wconf 78' lang='lat' dir='ltr'><strong>personte</strong></span> <span class='ocrx_word' id='word_1_225' title='bbox 793 1673 871 1700; x_wconf 83' lang='lat' dir='ltr'><strong>esset</strong></span> <span class='ocrx_word' id='word_1_226' title='bbox 893 1671 1034 1706; x_wconf 87' lang='lat' dir='ltr'><strong>recipere,</strong></span> 
     </span>
    </p>
   </div>
   <div class='ocr_carea' id='block_1_37' title="bbox 211 1715 1037 1752">
    <p class='ocr_par' dir='ltr' id='par_1_37' title="bbox 211 1715 1037 1752">
     <span class='ocr_line' id='line_1_37' title="bbox 211 1715 1037 1752; baseline -0.001 -9"><span class='ocrx_word' id='word_1_227' title='bbox 211 1716 264 1744; x_wconf 90' lang='lat' dir='ltr'><strong>sed</strong></span> <span class='ocrx_word' id='word_1_228' title='bbox 279 1716 390 1744; x_wconf 83' lang='lat' dir='ltr'><strong>divinae</strong></span> <span class='ocrx_word' id='word_1_229' title='bbox 400 1717 510 1752; x_wconf 85' lang='lat' dir='ltr'><strong>potius,</strong></span> <span class='ocrx_word' id='word_1_230' title='bbox 522 1719 554 1745; x_wconf 92' lang='lat' dir='ltr'><strong>ut</strong></span> <span class='ocrx_word' id='word_1_231' title='bbox 568 1724 624 1744; x_wconf 87' lang='lat' dir='ltr'><strong>nos</strong></span> <span class='ocrx_word' id='word_1_232' title='bbox 636 1716 775 1750; x_wconf 88' lang='lat' dir='ltr'><strong>dicimus,</strong></span> <span class='ocrx_word' id='word_1_233' title='bbox 787 1718 914 1749; x_wconf 67' lang='lat' dir='ltr'><strong>naturae,</strong></span> <span class='ocrx_word' id='word_1_234' title='bbox 930 1715 1037 1743; x_wconf 88' lang='lat' dir='ltr'><strong>absur-</strong></span> 
     </span>
    </p>
   </div>
   <div class='ocr_carea' id='block_1_38' title="bbox 209 1759 1038 1797">
    <p class='ocr_par' dir='ltr' id='par_1_38' title="bbox 209 1759 1038 1797">
     <span class='ocr_line' id='line_1_38' title="bbox 209 1759 1038 1797; baseline 0 -10"><span class='ocrx_word' id='word_1_235' title='bbox 209 1759 284 1788; x_wconf 88' lang='lat' dir='ltr'><strong>dum</strong></span> <span class='ocrx_word' id='word_1_236' title='bbox 301 1761 376 1796; x_wconf 88' lang='lat' dir='ltr'><strong>quid</strong></span> <span class='ocrx_word' id='word_1_237' title='bbox 390 1763 622 1797; x_wconf 88' lang='lat' dir='ltr'><strong>consequeretur</strong></span> <span class='ocrx_word' id='word_1_238' title='bbox 639 1769 645 1788; x_wconf 88' lang='lat'><strong>:</strong></span> <span class='ocrx_word' id='word_1_239' title='bbox 662 1763 741 1789; x_wconf 87' lang='lat' dir='ltr'><strong>esset</strong></span> <span class='ocrx_word' id='word_1_240' title='bbox 756 1760 835 1788; x_wconf 89' lang='lat' dir='ltr'><strong>enim</strong></span> <span class='ocrx_word' id='word_1_241' title='bbox 849 1762 925 1787; x_wconf 89' lang='lat' dir='ltr'><strong>Deus</strong></span> <span class='ocrx_word' id='word_1_242' title='bbox 945 1759 1038 1787; x_wconf 87' lang='lat' dir='ltr'><strong>modo</strong></span> 
     </span>
    </p>
   </div>
   <div class='ocr_carea' id='block_1_39' title="bbox 209 1805 1037 1842">
    <p class='ocr_par' dir='ltr' id='par_1_39' title="bbox 209 1805 1037 1842">
     <span class='ocr_line' id='line_1_39' title="bbox 209 1805 1037 1842; baseline 0.001 -10"><span class='ocrx_word' id='word_1_243' title='bbox 209 1812 416 1841; x_wconf 86' lang='lat' dir='ltr'><strong>nequaquam.</strong></span> <span class='ocrx_word' id='word_1_244' title='bbox 451 1807 514 1834; x_wconf 89' lang='lat' dir='ltr'><strong>Non</strong></span> <span class='ocrx_word' id='word_1_245' title='bbox 543 1805 624 1834; x_wconf 90' lang='lat' dir='ltr'><strong>enim</strong></span> <span class='ocrx_word' id='word_1_246' title='bbox 640 1808 683 1833; x_wconf 87' lang='lat' dir='ltr'><strong>est</strong></span> <span class='ocrx_word' id='word_1_247' title='bbox 705 1806 888 1842; x_wconf 87' lang='lat' dir='ltr'><strong>sempiterna</strong></span> <span class='ocrx_word' id='word_1_248' title='bbox 913 1805 1037 1839; x_wconf 82' lang='lat' dir='ltr'><strong>oblatio,</strong></span> 
     </span>
    </p>
   </div>
   <div class='ocr_carea' id='block_1_40' title="bbox 211 1849 1038 1886">
    <p class='ocr_par' dir='ltr' id='par_1_40' title="bbox 211 1849 1038 1886">
     <span class='ocr_line' id='line_1_40' title="bbox 211 1849 1038 1886; baseline -0.001 -8"><span class='ocrx_word' id='word_1_249' title='bbox 211 1849 265 1878; x_wconf 85' lang='lat' dir='ltr'><strong>sed</strong></span> <span class='ocrx_word' id='word_1_250' title='bbox 276 1852 304 1878; x_wconf 91' lang='lat' dir='ltr'><strong>et</strong></span> <span class='ocrx_word' id='word_1_251' title='bbox 317 1853 438 1886; x_wconf 91' lang='lat' dir='ltr'><strong>sumpta</strong></span> <span class='ocrx_word' id='word_1_252' title='bbox 452 1851 640 1878; x_wconf 85' lang='lat' dir='ltr'><strong>humanitate</strong></span> <span class='ocrx_word' id='word_1_253' title='bbox 656 1850 812 1886; x_wconf 88' lang='lat' dir='ltr'><strong>posterior,</strong></span> <span class='ocrx_word' id='word_1_254' title='bbox 824 1852 852 1878; x_wconf 87' lang='lat' dir='ltr'><strong>et</strong></span> <span class='ocrx_word' id='word_1_255' title='bbox 866 1857 914 1878; x_wconf 87' lang='lat' dir='ltr'><strong>res</strong></span> <span class='ocrx_word' id='word_1_256' title='bbox 941 1852 1038 1877; x_wconf 88' lang='lat' dir='ltr'><strong>creata</strong></span> 
     </span>
    </p>
   </div>
   <div class='ocr_carea' id='block_1_41' title="bbox 213 1895 1040 1931">
    <p class='ocr_par' dir='ltr' id='par_1_41' title="bbox 213 1895 1040 1931">
     <span class='ocr_line' id='line_1_41' title="bbox 213 1895 1040 1931; baseline 0.001 -10"><span class='ocrx_word' id='word_1_257' title='bbox 213 1896 258 1922; x_wconf 90' lang='lat' dir='ltr'><strong>est</strong></span> <span class='ocrx_word' id='word_1_258' title='bbox 275 1903 281 1922; x_wconf 90' lang='lat'>:</span> <span class='ocrx_word' id='word_1_259' title='bbox 296 1897 516 1931; x_wconf 81' lang='lat' dir='ltr'><strong>proptereaque</strong></span> <span class='ocrx_word' id='word_1_260' title='bbox 540 1895 671 1931; x_wconf 89' lang='lat' dir='ltr'><strong>receptio</strong></span> <span class='ocrx_word' id='word_1_261' title='bbox 699 1903 820 1931; x_wconf 88' lang='lat' dir='ltr'><strong>quoque</strong></span> <span class='ocrx_word' id='word_1_262' title='bbox 846 1895 877 1922; x_wconf 91' lang='lat' dir='ltr'><strong>in</strong></span> <span class='ocrx_word' id='word_1_263' title='bbox 905 1895 1040 1930; x_wconf 85' lang='lat' dir='ltr'><strong>quodam</strong></span> 
     </span>
    </p>
   </div>
   <div class='ocr_carea' id='block_1_42' title="bbox 212 1940 1041 1976">
    <p class='ocr_par' dir='ltr' id='par_1_42' title="bbox 212 1940 1041 1976">
     <span class='ocr_line' id='line_1_42' title="bbox 212 1940 1041 1976; baseline 0.001 -9"><span class='ocrx_word' id='word_1_264' title='bbox 212 1940 357 1976; x_wconf 85' lang='lat' dir='ltr'><strong>temporis</strong></span> <span class='ocrx_word' id='word_1_265' title='bbox 384 1940 482 1976; x_wconf 88' lang='lat' dir='ltr'><strong>spatio</strong></span> <span class='ocrx_word' id='word_1_266' title='bbox 506 1942 547 1968; x_wconf 85' lang='lat' dir='ltr'><strong>ﬁt.</strong></span> <span class='ocrx_word' id='word_1_267' title='bbox 565 1942 631 1968; x_wconf 65' lang='lat' dir='ltr'><strong>Haec</strong></span> <span class='ocrx_word' id='word_1_268' title='bbox 657 1940 707 1968; x_wconf 86' lang='lat' dir='ltr'><strong>ille</strong></span> <span class='ocrx_word' id='word_1_269' title='bbox 734 1940 851 1973; x_wconf 88' lang='lat' dir='ltr'><strong>aiebat;</strong></span> <span class='ocrx_word' id='word_1_270' title='bbox 867 1940 955 1976; x_wconf 86' lang='lat' dir='ltr'><strong>quasi</strong></span> <span class='ocrx_word' id='word_1_271' title='bbox 969 1947 1041 1968; x_wconf 87' lang='lat' dir='ltr'><strong>vero</strong></span> 
     </span>
    </p>
   </div>
   <div class='ocr_carea' id='block_1_43' title="bbox 212 1985 1041 2021">
    <p class='ocr_par' dir='ltr' id='par_1_43' title="bbox 212 1985 1041 2021">
     <span class='ocr_line' id='line_1_43' title="bbox 212 1985 1041 2021; baseline 0 -9"><span class='ocrx_word' id='word_1_272' title='bbox 212 1991 269 2012; x_wconf 81' lang='lat' dir='ltr'><strong>nos</strong></span> <span class='ocrx_word' id='word_1_273' title='bbox 285 1987 485 2014; x_wconf 86' lang='lat' dir='ltr'><strong>statueremus</strong></span> <span class='ocrx_word' id='word_1_274' title='bbox 506 1985 639 2021; x_wconf 87' lang='lat' dir='ltr'><strong>recipere</strong></span> <span class='ocrx_word' id='word_1_275' title='bbox 668 1985 764 2013; x_wconf 84' lang='lat' dir='ltr'><strong>instar</strong></span> <span class='ocrx_word' id='word_1_276' title='bbox 790 1993 855 2013; x_wconf 86' lang='lat' dir='ltr'><strong>esse</strong></span> <span class='ocrx_word' id='word_1_277' title='bbox 879 1985 1041 2020; x_wconf 90' lang='lat' dir='ltr'><strong>cujusdam</strong></span> 
     </span>
    </p>
   </div>
   <div class='ocr_carea' id='block_1_44' title="bbox 212 2028 1041 2066">
    <p class='ocr_par' dir='ltr' id='par_1_44' title="bbox 212 2028 1041 2066">
     <span class='ocr_line' id='line_1_44' title="bbox 212 2028 1041 2066; baseline 0 -10"><span class='ocrx_word' id='word_1_278' title='bbox 212 2028 395 2058; x_wconf 87' lang='lat' dir='ltr'><strong>deﬁnitionis</strong></span> <span class='ocrx_word' id='word_1_279' title='bbox 419 2032 509 2066; x_wconf 87' lang='lat' dir='ltr'><strong>atque</strong></span> <span class='ocrx_word' id='word_1_280' title='bbox 531 2030 655 2058; x_wconf 87' lang='lat' dir='ltr'><strong>rationis</strong></span> <span class='ocrx_word' id='word_1_281' title='bbox 669 2029 744 2065; x_wconf 86' lang='lat' dir='ltr'><strong>(sive</strong></span> <span class='ocrx_word' id='word_1_282' title='bbox 759 2030 906 2066; x_wconf 88' lang='lat' dir='ltr'><strong>pertinere</strong></span> <span class='ocrx_word' id='word_1_283' title='bbox 934 2029 973 2057; x_wconf 87' lang='lat' dir='ltr'><strong>ad</strong></span> <span class='ocrx_word' id='word_1_284' title='bbox 996 2037 1041 2058; x_wconf 83' lang='lat' dir='ltr'><strong>es-</strong></span> 
     </span>
    </p>
   </div>
   <div class='ocr_carea' id='block_1_45' title="bbox 213 2073 1039 2110">
    <p class='ocr_par' dir='ltr' id='par_1_45' title="bbox 213 2073 1039 2110">
     <span class='ocr_line' id='line_1_45' title="bbox 213 2073 1039 2110; baseline 0 -9"><span class='ocrx_word' id='word_1_285' title='bbox 213 2075 351 2110; x_wconf 87' lang='lat' dir='ltr'><strong>sentiam)</strong></span> <span class='ocrx_word' id='word_1_286' title='bbox 367 2074 679 2110; x_wconf 86' lang='lat' dir='ltr'><strong>incomprehensibilis</strong></span> <span class='ocrx_word' id='word_1_287' title='bbox 701 2076 730 2103; x_wconf 89' lang='lat' dir='ltr'><strong>et</strong></span> <span class='ocrx_word' id='word_1_288' title='bbox 744 2073 1039 2109; x_wconf 87' lang='lat' dir='ltr'><strong>supersuhstantialis</strong></span> 
     </span>
    </p>
   </div>
   <div class='ocr_carea' id='block_1_46' title="bbox 211 2117 1041 2155">
    <p class='ocr_par' dir='ltr' id='par_1_46' title="bbox 211 2117 1041 2155">
     <span class='ocr_line' id='line_1_46' title="bbox 211 2117 1041 2155; baseline 0 -9"><span class='ocrx_word' id='word_1_289' title='bbox 211 2117 347 2152; x_wconf 87' lang='lat' dir='ltr'><strong>deitatis;</strong></span> <span class='ocrx_word' id='word_1_290' title='bbox 361 2121 389 2146; x_wconf 89' lang='lat' dir='ltr'><strong>et</strong></span> <span class='ocrx_word' id='word_1_291' title='bbox 401 2127 463 2146; x_wconf 94' lang='lat' dir='ltr'><strong>non</strong></span> <span class='ocrx_word' id='word_1_292' title='bbox 476 2119 576 2155; x_wconf 87' lang='lat' dir='ltr'><strong>potius</strong></span> <span class='ocrx_word' id='word_1_293' title='bbox 587 2119 666 2147; x_wconf 84' lang='lat' dir='ltr'><strong>hanc</strong></span> <span class='ocrx_word' id='word_1_294' title='bbox 680 2118 895 2155; x_wconf 88' lang='lat' dir='ltr'><strong>proprietatem</strong></span> <span class='ocrx_word' id='word_1_295' title='bbox 908 2127 926 2146; x_wconf 91' lang='lat' dir='ltr'><strong>a</strong></span> <span class='ocrx_word' id='word_1_296' title='bbox 939 2118 1041 2146; x_wconf 86' lang='lat' dir='ltr'><strong>divina</strong></span> 
     </span>
    </p>
   </div>
   <div class='ocr_carea' id='block_1_47' title="bbox 212 2162 1042 2197">
    <p class='ocr_par' dir='ltr' id='par_1_47' title="bbox 212 2162 1042 2197">
     <span class='ocr_line' id='line_1_47' title="bbox 212 2162 1042 2197; baseline 0.001 -8"><span class='ocrx_word' id='word_1_297' title='bbox 212 2162 356 2197; x_wconf 86' lang='lat' dir='ltr'><strong>dignitate</strong></span> <span class='ocrx_word' id='word_1_298' title='bbox 381 2171 562 2192; x_wconf 84' lang='lat' dir='ltr'><strong>arceremus.</strong></span> <span class='ocrx_word' id='word_1_299' title='bbox 587 2165 653 2192; x_wconf 70' lang='lat' dir='ltr'><strong>Haec</strong></span> <span class='ocrx_word' id='word_1_300' title='bbox 673 2163 727 2192; x_wconf 86' lang='lat' dir='ltr'><strong>fuit</strong></span> <span class='ocrx_word' id='word_1_301' title='bbox 752 2163 927 2191; x_wconf 75' lang='lat' dir='ltr'><strong>Antiocheni</strong></span> <span class='ocrx_word' id='word_1_302' title='bbox 956 2162 1042 2191; x_wconf 88' lang='lat' dir='ltr'><strong>electi</strong></span> 
     </span>
    </p>
   </div>
   <div class='ocr_carea' id='block_1_48' title="bbox 213 2208 1041 2244">
    <p class='ocr_par' dir='ltr' id='par_1_48' title="bbox 213 2208 1041 2244">
     <span class='ocr_line' id='line_1_48' title="bbox 213 2208 1041 2244; baseline 0 -9"><span class='ocrx_word' id='word_1_303' title='bbox 213 2215 335 2235; x_wconf 87' lang='lat' dir='ltr'><strong>summa</strong></span> <span class='ocrx_word' id='word_1_304' title='bbox 347 2208 500 2244; x_wconf 86' lang='lat' dir='ltr'><strong>orationis,</strong></span> <span class='ocrx_word' id='word_1_305' title='bbox 516 2216 554 2236; x_wconf 88' lang='lat' dir='ltr'><strong>ne</strong></span> <span class='ocrx_word' id='word_1_306' title='bbox 566 2208 685 2243; x_wconf 83' lang='lat' dir='ltr'><strong>singula</strong></span> <span class='ocrx_word' id='word_1_307' title='bbox 698 2208 737 2237; x_wconf 90' lang='lat' dir='ltr'><strong>ab</strong></span> <span class='ocrx_word' id='word_1_308' title='bbox 762 2216 797 2236; x_wconf 92' lang='lat' dir='ltr'><strong>eo</strong></span> <span class='ocrx_word' id='word_1_309' title='bbox 817 2208 897 2236; x_wconf 89' lang='lat' dir='ltr'><strong>dicta</strong></span> <span class='ocrx_word' id='word_1_310' title='bbox 921 2215 1041 2244; x_wconf 90' lang='lat' dir='ltr'><strong>percur-</strong></span> 
     </span>
    </p>
   </div>
   <div class='ocr_carea' id='block_1_49' title="bbox 212 2253 965 2289">
    <p class='ocr_par' dir='ltr' id='par_1_49' title="bbox 212 2253 965 2289">
     <span class='ocr_line' id='line_1_49' title="bbox 212 2253 965 2289; baseline 0.001 -10"><span class='ocrx_word' id='word_1_311' title='bbox 212 2253 321 2288; x_wconf 86' lang='lat' dir='ltr'><strong>rentes,</strong></span> <span class='ocrx_word' id='word_1_312' title='bbox 339 2253 451 2282; x_wconf 88' lang='lat' dir='ltr'><strong>diutius</strong></span> <span class='ocrx_word' id='word_1_313' title='bbox 461 2253 543 2282; x_wconf 90' lang='lat' dir='ltr'><strong>hunc</strong></span> <span class='ocrx_word' id='word_1_314' title='bbox 558 2262 728 2282; x_wconf 88' lang='lat' dir='ltr'><strong>sermonem</strong></span> <span class='ocrx_word' id='word_1_315' title='bbox 742 2254 965 2289; x_wconf 87' lang='lat' dir='ltr'><strong>protrahamus.</strong></span> 
     </span>
    </p>
   </div>
   <div class='ocr_carea' id='block_1_50' title="bbox 250 2297 1042 2335">
    <p class='ocr_par' dir='ltr' id='par_1_50' title="bbox 250 2297 1042 2335">
     <span class='ocr_line' id='line_1_50' title="bbox 250 2297 1042 2335; baseline 0.003 -10"><span class='ocrx_word' id='word_1_316' title='bbox 250 2297 307 2326; x_wconf 91' lang='lat' dir='ltr'><strong>Sed</strong></span> <span class='ocrx_word' id='word_1_317' title='bbox 321 2298 400 2326; x_wconf 89' lang='lat' dir='ltr'><strong>enim</strong></span> <span class='ocrx_word' id='word_1_318' title='bbox 417 2301 485 2327; x_wconf 88' lang='lat' dir='ltr'><strong>ante</strong></span> <span class='ocrx_word' id='word_1_319' title='bbox 500 2307 556 2328; x_wconf 88' lang='lat' dir='ltr'><strong>nos</strong></span> <span class='ocrx_word' id='word_1_320' title='bbox 572 2307 677 2328; x_wconf 90' lang='lat' dir='ltr'><strong>omnes</strong></span> <span class='ocrx_word' id='word_1_321' title='bbox 697 2299 935 2335; x_wconf 86' lang='lat' dir='ltr'><strong>sapientissimus</strong></span> <span class='ocrx_word' id='word_1_322' title='bbox 950 2300 978 2327; x_wconf 87' lang='lat' dir='ltr'><strong>et</strong></span> <span class='ocrx_word' id='word_1_323' title='bbox 990 2306 1042 2327; x_wconf 85' lang='lat' dir='ltr'><strong>au-</strong></span> 
     </span>
    </p>
   </div>
   <div class='ocr_carea' id='block_1_51' title="bbox 214 2343 1041 2380">
    <p class='ocr_par' dir='ltr' id='par_1_51' title="bbox 214 2343 1041 2380">
     <span class='ocr_line' id='line_1_51' title="bbox 214 2343 1041 2380; baseline 0 -9"><span class='ocrx_word' id='word_1_324' title='bbox 214 2345 301 2378; x_wconf 81' lang='lat' dir='ltr'><strong>gusta</strong></span> <span class='ocrx_word' id='word_1_325' title='bbox 312 2343 472 2380; x_wconf 83' lang='lat' dir='ltr'><strong>prudentia</strong></span> <span class='ocrx_word' id='word_1_326' title='bbox 485 2344 603 2380; x_wconf 86' lang='lat' dir='ltr'><strong>plenus,</strong></span> <span class='ocrx_word' id='word_1_327' title='bbox 619 2347 648 2372; x_wconf 86' lang='lat' dir='ltr'><strong>et</strong></span> <span class='ocrx_word' id='word_1_328' title='bbox 663 2352 747 2380; x_wconf 76' lang='lat' dir='ltr'><strong>seque</strong></span> <span class='ocrx_word' id='word_1_329' title='bbox 761 2352 795 2372; x_wconf 86' lang='lat' dir='ltr'><strong>ac</strong></span> <span class='ocrx_word' id='word_1_330' title='bbox 812 2344 954 2372; x_wconf 86' lang='lat' dir='ltr'><strong>Salomon</strong></span> <span class='ocrx_word' id='word_1_331' title='bbox 969 2343 1041 2372; x_wconf 85' lang='lat' dir='ltr'><strong>divi-</strong></span> 
     </span>
    </p>
   </div>
   <div class='ocr_carea' id='block_1_52' title="bbox 213 2387 1042 2426">
    <p class='ocr_par' dir='ltr' id='par_1_52' title="bbox 213 2387 1042 2426">
     <span class='ocr_line' id='line_1_52' title="bbox 213 2387 1042 2426; baseline 0.001 -9"><span class='ocrx_word' id='word_1_332' title='bbox 213 2387 294 2417; x_wconf 86' lang='lat' dir='ltr'><strong>nitus</strong></span> <span class='ocrx_word' id='word_1_333' title='bbox 315 2389 437 2417; x_wconf 87' lang='lat' dir='ltr'><strong>doctam</strong></span> <span class='ocrx_word' id='word_1_334' title='bbox 457 2392 588 2418; x_wconf 88' lang='lat' dir='ltr'><strong>mentem</strong></span> <span class='ocrx_word' id='word_1_335' title='bbox 617 2397 733 2425; x_wconf 79' lang='lat' dir='ltr'><strong>gerens,</strong></span> <span class='ocrx_word' id='word_1_336' title='bbox 760 2389 986 2426; x_wconf 89' lang='lat' dir='ltr'><strong>potentissimus</strong></span> <span class='ocrx_word' id='word_1_337' title='bbox 1013 2392 1042 2419; x_wconf 90' lang='lat' dir='ltr'><strong>et</strong></span> 
     </span>
    </p>
   </div>
   <div class='ocr_carea' id='block_1_53' title="bbox 213 2434 1041 2471">
    <p class='ocr_par' dir='ltr' id='par_1_53' title="bbox 213 2434 1041 2471">
     <span class='ocr_line' id='line_1_53' title="bbox 213 2434 1041 2471; baseline 0.004 -10"><span class='ocrx_word' id='word_1_338' title='bbox 213 2435 336 2462; x_wconf 83' lang='lat' dir='ltr'><strong>sanctus</strong></span> <span class='ocrx_word' id='word_1_339' title='bbox 345 2436 447 2462; x_wconf 81' lang='lat' dir='ltr'><strong>noster</strong></span> <span class='ocrx_word' id='word_1_340' title='bbox 456 2434 629 2470; x_wconf 89' lang='lat' dir='ltr'><strong>imperator,</strong></span> <span class='ocrx_word' id='word_1_341' title='bbox 639 2442 700 2462; x_wconf 89' lang='lat' dir='ltr'><strong>non</strong></span> <span class='ocrx_word' id='word_1_342' title='bbox 711 2434 884 2463; x_wconf 85' lang='lat' dir='ltr'><strong>detrectavit</strong></span> <span class='ocrx_word' id='word_1_343' title='bbox 894 2443 990 2471; x_wconf 85' lang='lat' dir='ltr'><strong>usque</strong></span> <span class='ocrx_word' id='word_1_344' title='bbox 1001 2435 1041 2464; x_wconf 88' lang='lat' dir='ltr'><strong>ad</strong></span> 
     </span>
    </p>
   </div>
   <div class='ocr_carea' id='block_1_54' title="bbox 214 2478 1040 2515">
    <p class='ocr_par' dir='ltr' id='par_1_54' title="bbox 214 2478 1040 2515">
     <span class='ocr_line' id='line_1_54' title="bbox 214 2478 1040 2515; baseline 0.001 -8"><span class='ocrx_word' id='word_1_345' title='bbox 214 2478 385 2507; x_wconf 84' lang='lat' dir='ltr'><strong>dialecticos</strong></span> <span class='ocrx_word' id='word_1_346' title='bbox 401 2487 557 2508; x_wconf 88' lang='lat' dir='ltr'><strong>sermones</strong></span> <span class='ocrx_word' id='word_1_347' title='bbox 572 2487 641 2508; x_wconf 89' lang='lat' dir='ltr'><strong>cum</strong></span> <span class='ocrx_word' id='word_1_348' title='bbox 658 2480 832 2508; x_wconf 90' lang='lat' dir='ltr'><strong>Sothericho</strong></span> <span class='ocrx_word' id='word_1_349' title='bbox 848 2480 1040 2515; x_wconf 80' lang='lat' dir='ltr'><strong>descendere,</strong></span> 
     </span>
    </p>
   </div>
   <div class='ocr_carea' id='block_1_55' title="bbox 211 2523 1042 2561">
    <p class='ocr_par' dir='ltr' id='par_1_55' title="bbox 211 2523 1042 2561">
     <span class='ocr_line' id='line_1_55' title="bbox 211 2523 1042 2561; baseline 0.002 -9"><span class='ocrx_word' id='word_1_350' title='bbox 211 2523 373 2561; x_wconf 80' lang='lat' dir='ltr'><strong>verbisque</strong></span> <span class='ocrx_word' id='word_1_351' title='bbox 399 2524 612 2553; x_wconf 88' lang='lat' dir='ltr'><strong>adhortatoriis</strong></span> <span class='ocrx_word' id='word_1_352' title='bbox 625 2524 766 2553; x_wconf 89' lang='lat' dir='ltr'><strong>eumdem</strong></span> <span class='ocrx_word' id='word_1_353' title='bbox 788 2525 842 2552; x_wconf 93' lang='lat' dir='ltr'><strong>diu</strong></span> <span class='ocrx_word' id='word_1_354' title='bbox 861 2525 1011 2553; x_wconf 90' lang='lat' dir='ltr'><strong>nitebatur</strong></span> <span class='ocrx_word' id='word_1_355' title='bbox 1024 2533 1042 2554; x_wconf 87' lang='lat' dir='ltr'><strong>a</strong></span> 
     </span>
    </p>
   </div>
   <div class='ocr_carea' id='block_1_56' title="bbox 213 2569 1042 2605">
    <p class='ocr_par' dir='ltr' id='par_1_56' title="bbox 213 2569 1042 2605">
     <span class='ocr_line' id='line_1_56' title="bbox 213 2569 1042 2605; baseline 0.002 -9"><span class='ocrx_word' id='word_1_356' title='bbox 213 2575 270 2597; x_wconf 70' lang='lat' dir='ltr'><strong>sua</strong></span> <span class='ocrx_word' id='word_1_357' title='bbox 283 2570 432 2598; x_wconf 84' lang='lat' dir='ltr'><strong>sententia</strong></span> <span class='ocrx_word' id='word_1_358' title='bbox 446 2569 612 2604; x_wconf 90' lang='lat' dir='ltr'><strong>retrahere;</strong></span> <span class='ocrx_word' id='word_1_359' title='bbox 627 2569 812 2604; x_wconf 81' lang='lat' dir='ltr'><strong>argumentis</strong></span> <span class='ocrx_word' id='word_1_360' title='bbox 828 2569 918 2598; x_wconf 87' lang='lat' dir='ltr'><strong>etiam</strong></span> <span class='ocrx_word' id='word_1_361' title='bbox 931 2578 1042 2605; x_wconf 85' lang='lat' dir='ltr'><strong>urgens</strong></span> 
     </span>
    </p>
   </div>
   <div class='ocr_carea' id='block_1_57' title="bbox 213 2613 1042 2650">
    <p class='ocr_par' dir='ltr' id='par_1_57' title="bbox 213 2613 1042 2650">
     <span class='ocr_line' id='line_1_57' title="bbox 213 2613 1042 2650; baseline 0.004 -9"><span class='ocrx_word' id='word_1_362' title='bbox 213 2620 269 2649; x_wconf 87' lang='lat' dir='ltr'><strong>pro</strong></span> <span class='ocrx_word' id='word_1_363' title='bbox 284 2622 339 2642; x_wconf 88' lang='lat' dir='ltr'><strong>sua</strong></span> <span class='ocrx_word' id='word_1_364' title='bbox 348 2613 480 2649; x_wconf 82' lang='lat' dir='ltr'><strong>ingenita</strong></span> <span class='ocrx_word' id='word_1_365' title='bbox 489 2614 582 2650; x_wconf 80' lang='lat' dir='ltr'><strong>regali</strong></span> <span class='ocrx_word' id='word_1_366' title='bbox 595 2614 729 2648; x_wconf 84' lang='lat' dir='ltr'><strong>scientia,</strong></span> <span class='ocrx_word' id='word_1_367' title='bbox 741 2616 770 2642; x_wconf 93' lang='lat' dir='ltr'><strong>et</strong></span> <span class='ocrx_word' id='word_1_368' title='bbox 781 2614 874 2642; x_wconf 91' lang='lat' dir='ltr'><strong>modo</strong></span> <span class='ocrx_word' id='word_1_369' title='bbox 884 2614 943 2642; x_wconf 93' lang='lat' dir='ltr'><strong>huc</strong></span> <span class='ocrx_word' id='word_1_370' title='bbox 950 2615 1042 2644; x_wconf 90' lang='lat' dir='ltr'><strong>modo</strong></span> 
     </span>
    </p>
   </div>
   <div class='ocr_carea' id='block_1_58' title="bbox 214 2656 1042 2695">
    <p class='ocr_par' dir='ltr' id='par_1_58' title="bbox 214 2656 1042 2695">
     <span class='ocr_line' id='line_1_58' title="bbox 214 2656 1042 2695; baseline 0.004 -11"><span class='ocrx_word' id='word_1_371' title='bbox 214 2656 284 2685; x_wconf 88' lang='lat' dir='ltr'><strong>illuc</strong></span> <span class='ocrx_word' id='word_1_372' title='bbox 299 2658 504 2687; x_wconf 86' lang='lat' dir='ltr'><strong>adversarium</strong></span> <span class='ocrx_word' id='word_1_373' title='bbox 532 2659 675 2687; x_wconf 88' lang='lat' dir='ltr'><strong>contortis</strong></span> <span class='ocrx_word' id='word_1_374' title='bbox 698 2659 961 2695; x_wconf 87' lang='lat' dir='ltr'><strong>epichirematibus</strong></span> <span class='ocrx_word' id='word_1_375' title='bbox 979 2667 1042 2687; x_wconf 83' lang='lat' dir='ltr'><strong>ver-</strong></span> 
     </span>
    </p>
   </div>
   <div class='ocr_carea' id='block_1_59' title="bbox 216 2704 1044 2735">
    <p class='ocr_par' dir='ltr' id='par_1_59' title="bbox 216 2704 1044 2735">
     <span class='ocr_line' id='line_1_59' title="bbox 216 2704 1044 2735; baseline 0.007 -7"><span class='ocrx_word' id='word_1_376' title='bbox 216 2709 295 2730; x_wconf 85' lang='lat' dir='ltr'><strong>sens.</strong></span> <span class='ocrx_word' id='word_1_377' title='bbox 304 2704 381 2731; x_wconf 80' lang='lat' dir='ltr'><strong>Inter</strong></span> <span class='ocrx_word' id='word_1_378' title='bbox 389 2706 497 2732; x_wconf 81' lang='lat' dir='ltr'><strong>caetera</strong></span> <span class='ocrx_word' id='word_1_379' title='bbox 509 2705 644 2735; x_wconf 86' lang='lat' dir='ltr'><strong>amanter</strong></span> <span class='ocrx_word' id='word_1_380' title='bbox 649 2704 691 2732; x_wconf 88' lang='lat' dir='ltr'><strong>illi</strong></span> <span class='ocrx_word' id='word_1_381' title='bbox 701 2704 732 2732; x_wconf 91' lang='lat' dir='ltr'><strong>in</strong></span> <span class='ocrx_word' id='word_1_382' title='bbox 740 2706 873 2732; x_wconf 87' lang='lat' dir='ltr'><strong>mentem</strong></span> <span class='ocrx_word' id='word_1_383' title='bbox 880 2705 1044 2734; x_wconf 84' lang='lat' dir='ltr'><strong>revocabat</strong></span> 
     </span>
    </p>
   </div>
   <div class='ocr_carea' id='block_1_60' title="bbox 217 2745 1043 2785">
    <p class='ocr_par' dir='ltr' id='par_1_60' title="bbox 217 2745 1043 2785">
     <span class='ocr_line' id='line_1_60' title="bbox 217 2745 1043 2785; baseline 0.006 -11"><span class='ocrx_word' id='word_1_384' title='bbox 217 2745 300 2775; x_wconf 88' lang='lat' dir='ltr'><strong>Pauli</strong></span> <span class='ocrx_word' id='word_1_385' title='bbox 312 2747 405 2778; x_wconf 84' lang='lat' dir='ltr'><strong>verba</strong></span> <span class='ocrx_word' id='word_1_386' title='bbox 419 2749 459 2777; x_wconf 85' lang='lat' dir='ltr'><strong>ad</strong></span> <span class='ocrx_word' id='word_1_387' title='bbox 487 2748 663 2784; x_wconf 86' lang='lat' dir='ltr'><strong>Corinthios,</strong></span> <span class='ocrx_word' id='word_1_388' title='bbox 681 2750 714 2778; x_wconf 91' lang='lat' dir='ltr'><strong>ut</strong></span> <span class='ocrx_word' id='word_1_389' title='bbox 727 2749 758 2777; x_wconf 91' lang='lat' dir='ltr'><strong>id</strong></span> <span class='ocrx_word' id='word_1_390' title='bbox 781 2749 882 2785; x_wconf 88' lang='lat' dir='ltr'><strong>ipsum</strong></span> <span class='ocrx_word' id='word_1_391' title='bbox 904 2749 1043 2780; x_wconf 86' lang='lat' dir='ltr'><strong>videlicet</strong></span> 
     </span>
    </p>
   </div>
   <div class='ocr_carea' id='block_1_61' title="bbox 1075 195 1894 234">
    <p class='ocr_par' dir='ltr' id='par_1_61' title="bbox 1075 195 1894 234">
     <span class='ocr_line' id='line_1_61' title="bbox 1075 195 1894 234; baseline 0 -11"><span class='ocrx_word' id='word_1_392' title='bbox 1075 196 1128 223; x_wconf 84' lang='grc' dir='ltr'>εἶπε</span> <span class='ocrx_word' id='word_1_393' title='bbox 1155 195 1257 228; x_wconf 78' lang='grc' dir='ltr'>δεικνὺς</span> <span class='ocrx_word' id='word_1_394' title='bbox 1286 198 1324 223; x_wconf 83' lang='grc' dir='ltr'>ὅτι</span> <span class='ocrx_word' id='word_1_395' title='bbox 1354 201 1454 230; x_wconf 81' lang='grc' dir='ltr'>πρῶτος</span> <span class='ocrx_word' id='word_1_396' title='bbox 1487 198 1563 228; x_wconf 71' lang='grc' dir='ltr'>αὐτὸς</span> <span class='ocrx_word' id='word_1_397' title='bbox 1596 197 1637 224; x_wconf 82' lang='grc' dir='ltr'>ἐπὶ</span> <span class='ocrx_word' id='word_1_398' title='bbox 1660 199 1742 234; x_wconf 81' lang='grc' dir='ltr'>τούτῳ</span> <span class='ocrx_word' id='word_1_399' title='bbox 1773 198 1894 234; x_wconf 67' lang='grc' dir='ltr'><strong>ἦγάνά-</strong></span> 
     </span>
    </p>
   </div>
   <div class='ocr_carea' id='block_1_62' title="bbox 1073 242 1895 279">
    <p class='ocr_par' dir='ltr' id='par_1_62' title="bbox 1073 242 1895 279">
     <span class='ocr_line' id='line_1_62' title="bbox 1073 242 1895 279; baseline 0 -11"><span class='ocrx_word' id='word_1_400' title='bbox 1073 251 1180 275; x_wconf 79' lang='grc' dir='ltr'>κτησεν,</span> <span class='ocrx_word' id='word_1_401' title='bbox 1208 243 1242 272; x_wconf 85' lang='grc' dir='ltr'>ὡς</span> <span class='ocrx_word' id='word_1_402' title='bbox 1259 243 1345 278; x_wconf 77' lang='grc' dir='ltr'>ἔφησε·</span> <span class='ocrx_word' id='word_1_403' title='bbox 1376 246 1411 268; x_wconf 88' lang='grc' dir='ltr'>τῶ</span> <span class='ocrx_word' id='word_1_404' title='bbox 1431 252 1472 268; x_wconf 76' lang='grc' dir='ltr'><strong>τοι</strong></span> <span class='ocrx_word' id='word_1_405' title='bbox 1501 244 1545 269; x_wconf 77' lang='grc' dir='ltr'><strong>καὶ</strong></span> <span class='ocrx_word' id='word_1_406' title='bbox 1573 242 1608 273; x_wconf 79' lang='grc' dir='ltr'>ὥς</span> <span class='ocrx_word' id='word_1_407' title='bbox 1637 243 1787 279; x_wconf 69' lang='grc' dir='ltr'>καινοφανὶς</span> <span class='ocrx_word' id='word_1_408' title='bbox 1814 242 1895 268; x_wconf 76' lang='grc' dir='ltr'>αὐτὸ</span> 
     </span>
    </p>
   </div>
   <div class='ocr_carea' id='block_1_63' title="bbox 1075 285 1894 324">
    <p class='ocr_par' dir='ltr' id='par_1_63' title="bbox 1075 285 1894 324">
     <span class='ocr_line' id='line_1_63' title="bbox 1075 285 1894 324; baseline 0 -12"><span class='ocrx_word' id='word_1_409' title='bbox 1075 286 1250 322; x_wconf 71' lang='grc' dir='ltr'><strong>λογιζόμενος,</strong></span> <span class='ocrx_word' id='word_1_410' title='bbox 1286 286 1350 317; x_wconf 83' lang='grc' dir='ltr'>ὅλως</span> <span class='ocrx_word' id='word_1_411' title='bbox 1386 291 1462 313; x_wconf 82' lang='grc' dir='ltr'>τοῦτο</span> <span class='ocrx_word' id='word_1_412' title='bbox 1513 287 1561 312; x_wconf 82' lang='grc' dir='ltr'>οὐκ</span> <span class='ocrx_word' id='word_1_413' title='bbox 1611 286 1685 317; x_wconf 71' lang='grc' dir='ltr'>ἤθελε</span> <span class='ocrx_word' id='word_1_414' title='bbox 1720 285 1894 324; x_wconf 82' lang='grc' dir='ltr'>παραδέχε-</span> 
     </span>
    </p>
   </div>
   <div class='ocr_carea' id='block_1_64' title="bbox 1077 331 1150 357">
    <p class='ocr_par' dir='ltr' id='par_1_64' title="bbox 1077 331 1150 357">
     <span class='ocr_line' id='line_1_64' title="bbox 1077 331 1150 357; baseline -0.014 0"><span class='ocrx_word' id='word_1_415' title='bbox 1077 331 1150 357; x_wconf 86' lang='grc' dir='ltr'>σθαι.</span> 
     </span>
    </p>
   </div>
   <div class='ocr_carea' id='block_1_65' title="bbox 1513 287 1561 312">
    <p class='ocr_par' dir='ltr' id='par_1_65' title="bbox 1513 287 1561 312">
     <span class='ocr_line' id='line_1_65' title="bbox 1513 287 1561 312; baseline 0 0"><span class='ocrx_word' id='word_1_416' title='bbox 1513 287 1561 312; x_wconf 82' lang='grc' dir='ltr'>οὐκ</span> 
     </span>
    </p>
   </div>
   <div class='ocr_carea' id='block_1_66' title="bbox 1114 373 1897 413">
    <p class='ocr_par' dir='ltr' id='par_1_66' title="bbox 1114 373 1897 413">
     <span class='ocr_line' id='line_1_66' title="bbox 1114 373 1897 413; baseline 0 -12"><span class='ocrx_word' id='word_1_417' title='bbox 1114 376 1183 401; x_wconf 81' lang='grc' dir='ltr'>Ἐπεὶ</span> <span class='ocrx_word' id='word_1_418' title='bbox 1213 373 1242 401; x_wconf 64' lang='grc' dir='ltr'><strong>δὲ</strong></span> <span class='ocrx_word' id='word_1_419' title='bbox 1267 379 1316 401; x_wconf 81' lang='grc' dir='ltr'>τῶν</span> <span class='ocrx_word' id='word_1_420' title='bbox 1345 373 1394 402; x_wconf 74' lang='grc' dir='ltr'><strong>δύο</strong></span> <span class='ocrx_word' id='word_1_421' title='bbox 1428 380 1601 413; x_wconf 81' lang='grc' dir='ltr'>πατριαρχῶν</span> <span class='ocrx_word' id='word_1_422' title='bbox 1632 376 1702 412; x_wconf 75' lang='grc' dir='ltr'>ἡμῶν</span> <span class='ocrx_word' id='word_1_423' title='bbox 1737 377 1897 412; x_wconf 82' lang='grc' dir='ltr'>ὁμοφωνως</span> 
     </span>
    </p>
   </div>
   <div class='ocr_carea' id='block_1_67' title="bbox 1077 418 1896 458">
    <p class='ocr_par' dir='ltr' id='par_1_67' title="bbox 1077 418 1896 458">
     <span class='ocr_line' id='line_1_67' title="bbox 1077 418 1896 458; baseline 0 -13"><span class='ocrx_word' id='word_1_424' title='bbox 1077 418 1309 456; x_wconf 73' lang='grc' dir='ltr'>γνωμοδοτούντων</span> <span class='ocrx_word' id='word_1_425' title='bbox 1341 421 1374 446; x_wconf 80' lang='grc' dir='ltr'><strong>τα</strong></span> <span class='ocrx_word' id='word_1_426' title='bbox 1403 423 1462 458; x_wconf 79' lang='grc' dir='ltr'>περὶ</span> <span class='ocrx_word' id='word_1_427' title='bbox 1494 422 1598 456; x_wconf 70' lang='grc' dir='ltr'>τούτου,</span> <span class='ocrx_word' id='word_1_428' title='bbox 1628 420 1692 446; x_wconf 82' lang='grc' dir='ltr'>ἀλλὰ</span> <span class='ocrx_word' id='word_1_429' title='bbox 1723 423 1768 447; x_wconf 77' lang='grc' dir='ltr'><strong>καὶ</strong></span> <span class='ocrx_word' id='word_1_430' title='bbox 1807 421 1896 456; x_wconf 71' lang='grc' dir='ltr'>ἡμῶν</span> 
     </span>
    </p>
   </div>
   <div class='ocr_carea' id='block_1_68' title="bbox 1077 463 1898 502">
    <p class='ocr_par' dir='ltr' id='par_1_68' title="bbox 1077 463 1898 502">
     <span class='ocr_line' id='line_1_68' title="bbox 1077 463 1898 502; baseline 0.001 -12"><span class='ocrx_word' id='word_1_431' title='bbox 1077 468 1127 490; x_wconf 87' lang='grc' dir='ltr'>τῶν</span> <span class='ocrx_word' id='word_1_432' title='bbox 1168 463 1394 500; x_wconf 80' lang='grc' dir='ltr'>ἀρχιεπισκόπων,</span> <span class='ocrx_word' id='word_1_433' title='bbox 1423 468 1469 490; x_wconf 82' lang='grc' dir='ltr'>τοῦ</span> <span class='ocrx_word' id='word_1_434' title='bbox 1501 474 1529 491; x_wconf 80' lang='grc' dir='ltr'><strong>τε</strong></span> <span class='ocrx_word' id='word_1_435' title='bbox 1563 465 1720 502; x_wconf 82' lang='grc' dir='ltr'>Βουλγαρίας</span> <span class='ocrx_word' id='word_1_436' title='bbox 1746 467 1795 491; x_wconf 81' lang='grc' dir='ltr'>καὶ</span> <span class='ocrx_word' id='word_1_437' title='bbox 1838 468 1898 490; x_wconf 78' lang='grc' dir='ltr'>τοῦ</span> 
     </span>
    </p>
   </div>
   <div class='ocr_carea' id='block_1_69' title="bbox 1081 508 1898 547">
    <p class='ocr_par' dir='ltr' id='par_1_69' title="bbox 1081 508 1898 547">
     <span class='ocr_line' id='line_1_69' title="bbox 1081 508 1898 547; baseline 0.002 -12"><span class='ocrx_word' id='word_1_438' title='bbox 1081 510 1196 545; x_wconf 73' lang='grc' dir='ltr'>Κύπρου,</span> <span class='ocrx_word' id='word_1_439' title='bbox 1209 511 1254 535; x_wconf 86' lang='grc' dir='ltr'>καὶ</span> <span class='ocrx_word' id='word_1_440' title='bbox 1277 512 1324 539; x_wconf 79' lang='grc' dir='ltr'>τῆς</span> <span class='ocrx_word' id='word_1_441' title='bbox 1355 509 1447 540; x_wconf 85' lang='grc' dir='ltr'>λοιπῆς</span> <span class='ocrx_word' id='word_1_442' title='bbox 1467 510 1539 546; x_wconf 82' lang='grc' dir='ltr'>ἡμῶν</span> <span class='ocrx_word' id='word_1_443' title='bbox 1565 514 1615 535; x_wconf 85' lang='grc' dir='ltr'>τῶν</span> <span class='ocrx_word' id='word_1_444' title='bbox 1646 508 1790 547; x_wconf 79' lang='grc' dir='ltr'>ἀρχιερέων</span> <span class='ocrx_word' id='word_1_445' title='bbox 1815 511 1898 546; x_wconf 80' lang='grc' dir='ltr'>ὁμη-</span> 
     </span>
    </p>
   </div>
   <div class='ocr_carea' id='block_1_70' title="bbox 1080 553 1899 591">
    <p class='ocr_par' dir='ltr' id='par_1_70' title="bbox 1080 553 1899 591">
     <span class='ocr_line' id='line_1_70' title="bbox 1080 553 1899 591; baseline 0.001 -12"><span class='ocrx_word' id='word_1_446' title='bbox 1080 554 1178 591; x_wconf 85' lang='grc' dir='ltr'>γύρεως</span> <span class='ocrx_word' id='word_1_447' title='bbox 1199 553 1234 585; x_wconf 82' lang='grc' dir='ltr'><strong>εἰς</strong></span> <span class='ocrx_word' id='word_1_448' title='bbox 1268 556 1330 590; x_wconf 82' lang='grc' dir='ltr'>μίαν</span> <span class='ocrx_word' id='word_1_449' title='bbox 1358 556 1463 590; x_wconf 78' lang='grc' dir='ltr'>γνώμην</span> <span class='ocrx_word' id='word_1_450' title='bbox 1498 556 1704 591; x_wconf 72' lang='grc' dir='ltr'><strong>συνερχομένων,</strong></span> <span class='ocrx_word' id='word_1_451' title='bbox 1737 557 1783 581; x_wconf 88' lang='grc' dir='ltr'>καὶ</span> <span class='ocrx_word' id='word_1_452' title='bbox 1816 555 1899 580; x_wconf 76' lang='grc' dir='ltr'>κατὰ</span> 
     </span>
    </p>
   </div>
   <div class='ocr_carea' id='block_1_71' title="bbox 1081 596 1898 637">
    <p class='ocr_par' dir='ltr' id='par_1_71' title="bbox 1081 596 1898 637">
     <span class='ocr_line' id='line_1_71' title="bbox 1081 596 1898 637; baseline 0.001 -13"><span class='ocrx_word' id='word_1_453' title='bbox 1081 596 1164 635; x_wconf 70' lang='grc' dir='ltr'>μηδὲν</span> <span class='ocrx_word' id='word_1_454' title='bbox 1189 608 1216 624; x_wconf 85' lang='grc' dir='ltr'><strong>τι</strong></span> <span class='ocrx_word' id='word_1_455' title='bbox 1230 600 1289 635; x_wconf 76' lang='grc' dir='ltr'>περὶ</span> <span class='ocrx_word' id='word_1_456' title='bbox 1313 599 1404 624; x_wconf 77' lang='grc' dir='ltr'>τούτου</span> <span class='ocrx_word' id='word_1_457' title='bbox 1438 597 1627 636; x_wconf 73' lang='grc' dir='ltr'><strong>διαφερομένων</strong></span> <span class='ocrx_word' id='word_1_458' title='bbox 1650 601 1716 637; x_wconf 88' lang='grc' dir='ltr'>πρὸς</span> <span class='ocrx_word' id='word_1_459' title='bbox 1741 599 1898 631; x_wconf 75' lang='grc' dir='ltr'>ἀλλήλους,</span> 
     </span>
    </p>
   </div>
   <div class='ocr_carea' id='block_1_72' title="bbox 1082 642 1901 681">
    <p class='ocr_par' dir='ltr' id='par_1_72' title="bbox 1082 642 1901 681">
     <span class='ocr_line' id='line_1_72' title="bbox 1082 642 1901 681; baseline 0.002 -13"><span class='ocrx_word' id='word_1_460' title='bbox 1082 642 1135 669; x_wconf 83' lang='grc' dir='ltr'>ἔδει</span> <span class='ocrx_word' id='word_1_461' title='bbox 1165 645 1210 669; x_wconf 82' lang='grc' dir='ltr'><strong>καὶ</strong></span> <span class='ocrx_word' id='word_1_462' title='bbox 1237 645 1281 669; x_wconf 84' lang='grc' dir='ltr'>τὸν</span> <span class='ocrx_word' id='word_1_463' title='bbox 1310 643 1458 679; x_wconf 73' lang='grc' dir='ltr'>ὑποψήφισν</span> <span class='ocrx_word' id='word_1_464' title='bbox 1502 644 1672 681; x_wconf 74' lang='grc' dir='ltr'>πατριάρχην</span> <span class='ocrx_word' id='word_1_465' title='bbox 1716 644 1901 673; x_wconf 67' lang='grc' dir='ltr'>Θεουπόλεως</span> 
     </span>
    </p>
   </div>
   <div class='ocr_carea' id='block_1_73' title="bbox 1082 687 1902 726">
    <p class='ocr_par' dir='ltr' id='par_1_73' title="bbox 1082 687 1902 726">
     <span class='ocr_line' id='line_1_73' title="bbox 1082 687 1902 726; baseline 0 -13"><span class='ocrx_word' id='word_1_466' title='bbox 1082 687 1197 725; x_wconf 78' lang='grc' dir='ltr'>μεγάλης</span> <span class='ocrx_word' id='word_1_467' title='bbox 1228 687 1390 724; x_wconf 79' lang='grc' dir='ltr'><strong>Ἀντιοχείας</strong></span> <span class='ocrx_word' id='word_1_468' title='bbox 1425 690 1575 726; x_wconf 84' lang='grc' dir='ltr'>Σωτήριχον</span> <span class='ocrx_word' id='word_1_469' title='bbox 1600 689 1632 719; x_wconf 78' lang='grc' dir='ltr'>ὡς</span> <span class='ocrx_word' id='word_1_470' title='bbox 1675 687 1902 726; x_wconf 77' lang='grc' dir='ltr'>συνιδριάζοντα</span> 
     </span>
    </p>
   </div>
   <div class='ocr_carea' id='block_1_74' title="bbox 1083 731 1900 770">
    <p class='ocr_par' dir='ltr' id='par_1_74' title="bbox 1083 731 1900 770">
     <span class='ocr_line' id='line_1_74' title="bbox 1083 731 1900 770; baseline 0 -12"><span class='ocrx_word' id='word_1_471' title='bbox 1083 735 1128 758; x_wconf 86' lang='grc' dir='ltr'>καὶ</span> <span class='ocrx_word' id='word_1_472' title='bbox 1155 736 1245 759; x_wconf 82' lang='grc' dir='ltr'>τοῦτον</span> <span class='ocrx_word' id='word_1_473' title='bbox 1276 732 1445 770; x_wconf 69' lang='grc' dir='ltr'>ἒρωτηθῆναιυ</span> <span class='ocrx_word' id='word_1_474' title='bbox 1483 732 1594 759; x_wconf 75' lang='grc' dir='ltr'>ἐνταῦθα</span> <span class='ocrx_word' id='word_1_475' title='bbox 1612 733 1707 770; x_wconf 82' lang='grc' dir='ltr'>μᾶλλον</span> <span class='ocrx_word' id='word_1_476' title='bbox 1751 732 1782 763; x_wconf 75' lang='grc' dir='ltr'>ἦν</span> <span class='ocrx_word' id='word_1_477' title='bbox 1820 731 1900 760; x_wconf 75' lang='grc' dir='ltr'>ἰδεῖν</span> 
     </span>
    </p>
   </div>
   <div class='ocr_carea' id='block_1_75' title="bbox 1082 778 1900 816">
    <p class='ocr_par' dir='ltr' id='par_1_75' title="bbox 1082 778 1900 816">
     <span class='ocr_line' id='line_1_75' title="bbox 1082 778 1900 816; baseline -0.001 -12"><span class='ocrx_word' id='word_1_478' title='bbox 1082 779 1110 804; x_wconf 85' lang='grc' dir='ltr'>τὸ</span> <span class='ocrx_word' id='word_1_479' title='bbox 1138 778 1294 814; x_wconf 75' lang='grc' dir='ltr'>ζητούμενον</span> <span class='ocrx_word' id='word_1_480' title='bbox 1318 778 1519 816; x_wconf 69' lang='grc' dir='ltr'>εὖριηόμενον·</span> <span class='ocrx_word' id='word_1_481' title='bbox 1553 782 1598 804; x_wconf 82' lang='grc' dir='ltr'>νῦν</span> <span class='ocrx_word' id='word_1_482' title='bbox 1629 779 1674 815; x_wconf 65' lang='grc' dir='ltr'>μὲν</span> <span class='ocrx_word' id='word_1_483' title='bbox 1706 779 1757 816; x_wconf 83' lang='grc' dir='ltr'><strong>γὰρ</strong></span> <span class='ocrx_word' id='word_1_484' title='bbox 1791 779 1900 815; x_wconf 78' lang='grc' dir='ltr'>καιρόν</span> 
     </span>
    </p>
   </div>
   <div class='ocr_carea' id='block_1_76' title="bbox 1044 820 1899 867">
    <p class='ocr_par' dir='ltr' id='par_1_76' title="bbox 1044 820 1899 867">
     <span class='ocr_line' id='line_1_76' title="bbox 1044 820 1899 867; baseline 0.001 -19"><span class='ocrx_word' id='word_1_485' title='bbox 1044 831 1069 867; x_wconf 67' lang='grc' dir='ltr'><strong>ιΒ</strong></span> <span class='ocrx_word' id='word_1_486' title='bbox 1084 821 1168 854; x_wconf 71' lang='grc' dir='ltr'>ἐζήτει</span> <span class='ocrx_word' id='word_1_487' title='bbox 1183 820 1346 858; x_wconf 70' lang='grc' dir='ltr'><strong>διασκέψεως</strong></span> <span class='ocrx_word' id='word_1_488' title='bbox 1365 824 1430 859; x_wconf 81' lang='grc' dir='ltr'>πρὸς</span> <span class='ocrx_word' id='word_1_489' title='bbox 1463 822 1611 860; x_wconf 81' lang='grc' dir='ltr'>ἀπόκρισιν,</span> <span class='ocrx_word' id='word_1_490' title='bbox 1638 824 1670 854; x_wconf 87' lang='grc' dir='ltr'>ὡς</span> <span class='ocrx_word' id='word_1_491' title='bbox 1696 823 1726 849; x_wconf 74' lang='grc' dir='ltr'>οὗ</span> <span class='ocrx_word' id='word_1_492' title='bbox 1752 825 1899 849; x_wconf 76' lang='grc' dir='ltr'>τοσούτου</span> 
     </span>
    </p>
   </div>
   <div class='ocr_carea' id='block_1_77' title="bbox 1085 865 1901 905">
    <p class='ocr_par' dir='ltr' id='par_1_77' title="bbox 1085 865 1901 905">
     <span class='ocr_line' id='line_1_77' title="bbox 1085 865 1901 905; baseline 0.002 -13"><span class='ocrx_word' id='word_1_493' title='bbox 1085 870 1177 903; x_wconf 81' lang='grc' dir='ltr'>καιροῦ</span> <span class='ocrx_word' id='word_1_494' title='bbox 1203 866 1229 898; x_wconf 81' lang='grc' dir='ltr'><strong>ἐξ</strong></span> <span class='ocrx_word' id='word_1_495' title='bbox 1255 867 1285 893; x_wconf 82' lang='grc' dir='ltr'>οὗ</span> <span class='ocrx_word' id='word_1_496' title='bbox 1301 868 1493 905; x_wconf 79' lang='grc' dir='ltr'>παρεισεφθάρη</span> <span class='ocrx_word' id='word_1_497' title='bbox 1520 871 1596 894; x_wconf 82' lang='grc' dir='ltr'>τοῦτο</span> <span class='ocrx_word' id='word_1_498' title='bbox 1616 869 1644 894; x_wconf 88' lang='grc' dir='ltr'>τὸ</span> <span class='ocrx_word' id='word_1_499' title='bbox 1666 865 1805 898; x_wconf 74' lang='grc' dir='ltr'>δυσσεϐῶς</span> <span class='ocrx_word' id='word_1_500' title='bbox 1818 868 1901 894; x_wconf 79' lang='grc' dir='ltr'>κατά</span> 
     </span>
    </p>
   </div>
   <div class='ocr_carea' id='block_1_78' title="bbox 1085 911 1898 949">
    <p class='ocr_par' dir='ltr' id='par_1_78' title="bbox 1085 911 1898 949">
     <span class='ocr_line' id='line_1_78' title="bbox 1085 911 1898 949; baseline 0.001 -12"><span class='ocrx_word' id='word_1_501' title='bbox 1085 915 1204 948; x_wconf 82' lang='grc' dir='ltr'><strong>Χριστοῦ</strong></span> <span class='ocrx_word' id='word_1_502' title='bbox 1242 911 1476 949; x_wconf 63' lang='grc' dir='ltr'>βλασφημούμπον</span> <span class='ocrx_word' id='word_1_503' title='bbox 1499 915 1533 948; x_wconf 81' lang='grc' dir='ltr'>μὴ</span> <span class='ocrx_word' id='word_1_504' title='bbox 1557 912 1693 949; x_wconf 75' lang='grc' dir='ltr'>ἁρκοῦντος</span> <span class='ocrx_word' id='word_1_505' title='bbox 1725 915 1770 939; x_wconf 81' lang='grc' dir='ltr'><strong>καὶ</strong></span> <span class='ocrx_word' id='word_1_506' title='bbox 1800 913 1898 949; x_wconf 80' lang='grc' dir='ltr'>τούτῳ</span> 
     </span>
    </p>
   </div>
   <div class='ocr_carea' id='block_1_79' title="bbox 1086 954 1897 995">
    <p class='ocr_par' dir='ltr' id='par_1_79' title="bbox 1086 954 1897 995">
     <span class='ocr_line' id='line_1_79' title="bbox 1086 954 1897 995; baseline 0 -13"><span class='ocrx_word' id='word_1_507' title='bbox 1086 956 1120 986; x_wconf 77' lang='grc' dir='ltr'><strong>εἰς</strong></span> <span class='ocrx_word' id='word_1_508' title='bbox 1151 954 1329 985; x_wconf 83' lang='grc' dir='ltr'>διασκόπησιν</span> <span class='ocrx_word' id='word_1_509' title='bbox 1350 961 1397 983; x_wconf 79' lang='grc' dir='ltr'>τοῦ</span> <span class='ocrx_word' id='word_1_510' title='bbox 1416 961 1464 988; x_wconf 82' lang='grc' dir='ltr'>τῆς</span> <span class='ocrx_word' id='word_1_511' title='bbox 1485 957 1653 993; x_wconf 68' lang='grc' dir='ltr'>ὑγιαινούσης</span> <span class='ocrx_word' id='word_1_512' title='bbox 1681 956 1762 989; x_wconf 77' lang='grc' dir='ltr'>δόξης</span> <span class='ocrx_word' id='word_1_513' title='bbox 1791 960 1897 995; x_wconf 77' lang='grc' dir='ltr'>φρονή-</span> 
     </span>
    </p>
   </div>
   <div class='ocr_carea' id='block_1_80' title="bbox 1086 999 1899 1039">
    <p class='ocr_par' dir='ltr' id='par_1_80' title="bbox 1086 999 1899 1039">
     <span class='ocr_line' id='line_1_80' title="bbox 1086 999 1899 1039; baseline 0.002 -13"><span class='ocrx_word' id='word_1_514' title='bbox 1086 1010 1177 1037; x_wconf 80' lang='grc' dir='ltr'>ματος,</span> <span class='ocrx_word' id='word_1_515' title='bbox 1189 1005 1233 1027; x_wconf 83' lang='grc' dir='ltr'>νῦν</span> <span class='ocrx_word' id='word_1_516' title='bbox 1265 999 1294 1028; x_wconf 67' lang='grc' dir='ltr'><strong>δὲ</strong></span> <span class='ocrx_word' id='word_1_517' title='bbox 1309 1001 1363 1027; x_wconf 66' lang='grc' dir='ltr'>ἀλλ’</span> <span class='ocrx_word' id='word_1_518' title='bbox 1392 1002 1457 1028; x_wconf 77' lang='grc' dir='ltr'>ἄττα</span> <span class='ocrx_word' id='word_1_519' title='bbox 1470 1004 1514 1028; x_wconf 77' lang='grc' dir='ltr'>καὶ</span> <span class='ocrx_word' id='word_1_520' title='bbox 1538 1002 1567 1028; x_wconf 76' lang='grc' dir='ltr'>οὐ</span> <span class='ocrx_word' id='word_1_521' title='bbox 1591 1001 1767 1039; x_wconf 75' lang='grc' dir='ltr'>συμϐαίνοντα</span> <span class='ocrx_word' id='word_1_522' title='bbox 1801 1002 1899 1028; x_wconf 71' lang='grc' dir='ltr'><strong>ἰαντῶ</strong></span> 
     </span>
    </p>
   </div>
   <div class='ocr_carea' id='block_1_81' title="bbox 1087 1044 1901 1084">
    <p class='ocr_par' dir='ltr' id='par_1_81' title="bbox 1087 1044 1901 1084">
     <span class='ocr_line' id='line_1_81' title="bbox 1087 1044 1901 1084; baseline 0 -12"><span class='ocrx_word' id='word_1_523' title='bbox 1087 1044 1252 1083; x_wconf 79' lang='grc' dir='ltr'>ἀπεκρίνατο.</span> <span class='ocrx_word' id='word_1_524' title='bbox 1295 1046 1472 1083; x_wconf 80' lang='grc' dir='ltr'>Ἐρωτώμενος</span> <span class='ocrx_word' id='word_1_525' title='bbox 1516 1045 1560 1073; x_wconf 83' lang='grc' dir='ltr'>οὖν</span> <span class='ocrx_word' id='word_1_526' title='bbox 1605 1049 1649 1073; x_wconf 85' lang='grc' dir='ltr'>καὶ</span> <span class='ocrx_word' id='word_1_527' title='bbox 1698 1047 1774 1077; x_wconf 82' lang='grc' dir='ltr'>αὐτὸς</span> <span class='ocrx_word' id='word_1_528' title='bbox 1824 1047 1901 1084; x_wconf 76' lang='grc' dir='ltr'>παρ’</span> 
     </span>
    </p>
   </div>
   <div class='ocr_carea' id='block_1_82' title="bbox 1089 1090 1903 1130">
    <p class='ocr_par' dir='ltr' id='par_1_82' title="bbox 1089 1090 1903 1130">
     <span class='ocr_line' id='line_1_82' title="bbox 1089 1090 1903 1130; baseline 0.001 -14"><span class='ocrx_word' id='word_1_529' title='bbox 1089 1091 1159 1127; x_wconf 83' lang='grc' dir='ltr'>ἡμῶν</span> <span class='ocrx_word' id='word_1_530' title='bbox 1188 1093 1308 1128; x_wconf 77' lang='grc' dir='ltr'><strong>τήμερον,</strong></span> <span class='ocrx_word' id='word_1_531' title='bbox 1331 1093 1438 1129; x_wconf 77' lang='grc' dir='ltr'>πότερον</span> <span class='ocrx_word' id='word_1_532' title='bbox 1531 1094 1650 1130; x_wconf 76' lang='grc' dir='ltr'>μακαρίᾳ</span> <span class='ocrx_word' id='word_1_533' title='bbox 1685 1090 1782 1129; x_wconf 77' lang='grc' dir='ltr'>Τριάδι</span> <span class='ocrx_word' id='word_1_534' title='bbox 1820 1091 1903 1128; x_wconf 75' lang='grc' dir='ltr'>λέγει</span> 
     </span>
    </p>
   </div>
   <div class='ocr_carea' id='block_1_83' title="bbox 1087 1136 1904 1174">
    <p class='ocr_par' dir='ltr' id='par_1_83' title="bbox 1087 1136 1904 1174">
     <span class='ocr_line' id='line_1_83' title="bbox 1087 1136 1904 1174; baseline 0.002 -13"><span class='ocrx_word' id='word_1_535' title='bbox 1087 1137 1134 1165; x_wconf 79' lang='grc' dir='ltr'>τὴν</span> <span class='ocrx_word' id='word_1_536' title='bbox 1167 1136 1259 1162; x_wconf 83' lang='grc' dir='ltr'>θυσιαν</span> <span class='ocrx_word' id='word_1_537' title='bbox 1292 1137 1449 1172; x_wconf 80' lang='grc' dir='ltr'>προσῆχθαι</span> <span class='ocrx_word' id='word_1_538' title='bbox 1486 1146 1513 1162; x_wconf 82' lang='grc' dir='ltr'><strong>τι</strong></span> <span class='ocrx_word' id='word_1_539' title='bbox 1549 1139 1594 1163; x_wconf 83' lang='grc' dir='ltr'><strong>καὶ</strong></span> <span class='ocrx_word' id='word_1_540' title='bbox 1627 1137 1823 1174; x_wconf 68' lang='grc' dir='ltr'><strong>προσάγεσθαι,</strong></span> <span class='ocrx_word' id='word_1_541' title='bbox 1862 1137 1904 1167; x_wconf 79' lang='grc' dir='ltr'>ὡς</span> 
     </span>
    </p>
   </div>
   <div class='ocr_carea' id='block_1_84' title="bbox 1088 1179 1904 1219">
    <p class='ocr_par' dir='ltr' id='par_1_84' title="bbox 1088 1179 1904 1219">
     <span class='ocr_line' id='line_1_84' title="bbox 1088 1179 1904 1219; baseline 0.002 -13"><span class='ocrx_word' id='word_1_542' title='bbox 1088 1181 1101 1206; x_wconf 86' lang='grc' dir='ltr'><strong><em>ὁ</em></strong></span> <span class='ocrx_word' id='word_1_543' title='bbox 1128 1179 1202 1215; x_wconf 82' lang='grc' dir='ltr'>λόγος</span> <span class='ocrx_word' id='word_1_544' title='bbox 1231 1181 1332 1216; x_wconf 81' lang='grc' dir='ltr'>φθάσας</span> <span class='ocrx_word' id='word_1_545' title='bbox 1363 1179 1534 1218; x_wconf 75' lang='grc' dir='ltr'>διετράνωσεν</span> <span class='ocrx_word' id='word_1_546' title='bbox 1567 1181 1671 1216; x_wconf 75' lang='grc' dir='ltr'>ἀνωθεν,</span> <span class='ocrx_word' id='word_1_547' title='bbox 1688 1182 1702 1211; x_wconf 73' lang='grc' dir='ltr'><strong>ἦ</strong></span> <span class='ocrx_word' id='word_1_548' title='bbox 1735 1185 1771 1208; x_wconf 81' lang='grc' dir='ltr'><strong>τῶ</strong></span> <span class='ocrx_word' id='word_1_549' title='bbox 1806 1183 1904 1219; x_wconf 76' lang='grc' dir='ltr'>Πατρὶ</span> 
     </span>
    </p>
   </div>
   <div class='ocr_carea' id='block_1_85' title="bbox 1087 1225 1902 1264">
    <p class='ocr_par' dir='ltr' id='par_1_85' title="bbox 1087 1225 1902 1264">
     <span class='ocr_line' id='line_1_85' title="bbox 1087 1225 1902 1264; baseline 0.002 -14"><span class='ocrx_word' id='word_1_550' title='bbox 1087 1226 1166 1261; x_wconf 84' lang='grc' dir='ltr'>μόνῳ,</span> <span class='ocrx_word' id='word_1_551' title='bbox 1181 1226 1240 1252; x_wconf 83' lang='grc' dir='ltr'>οὗτε</span> <span class='ocrx_word' id='word_1_552' title='bbox 1268 1227 1337 1261; x_wconf 83' lang='grc' dir='ltr'>μόνῳ</span> <span class='ocrx_word' id='word_1_553' title='bbox 1357 1225 1425 1262; x_wconf 73' lang='grc' dir='ltr'>ἔλεγε</span> <span class='ocrx_word' id='word_1_554' title='bbox 1445 1227 1528 1262; x_wconf 74' lang='grc' dir='ltr'>τούτῳ</span> <span class='ocrx_word' id='word_1_555' title='bbox 1551 1227 1744 1264; x_wconf 74' lang='grc' dir='ltr'>προσάγεσθαι,</span> <span class='ocrx_word' id='word_1_556' title='bbox 1769 1227 1832 1252; x_wconf 71' lang='grc' dir='ltr'>οὔτε</span> <span class='ocrx_word' id='word_1_557' title='bbox 1868 1226 1902 1252; x_wconf 72' lang='grc' dir='ltr'>οὗ</span> 
     </span>
    </p>
   </div>
   <div class='ocr_carea' id='block_1_86' title="bbox 1087 1268 1903 1305">
    <p class='ocr_par' dir='ltr' id='par_1_86' title="bbox 1087 1268 1903 1305">
     <span class='ocr_line' id='line_1_86' title="bbox 1087 1268 1903 1305; baseline 0.002 -10"><span class='ocrx_word' id='word_1_558' title='bbox 1087 1271 1167 1305; x_wconf 85' lang='grc' dir='ltr'>μόνῳ.</span> <span class='ocrx_word' id='word_1_559' title='bbox 1190 1271 1255 1295; x_wconf 65' lang='lat' dir='ltr'><strong>ﬂori</strong></span> <span class='ocrx_word' id='word_1_560' title='bbox 1273 1268 1303 1296; x_wconf 65' lang='grc' dir='ltr'><strong>δὲ</strong></span> <span class='ocrx_word' id='word_1_561' title='bbox 1329 1272 1374 1296; x_wconf 81' lang='grc' dir='ltr'>καὶ</span> <span class='ocrx_word' id='word_1_562' title='bbox 1400 1270 1436 1301; x_wconf 88' lang='grc' dir='ltr'><strong>εἰς</strong></span> <span class='ocrx_word' id='word_1_563' title='bbox 1456 1269 1609 1301; x_wconf 77' lang='grc' dir='ltr'>ἀλλοκότους</span> <span class='ocrx_word' id='word_1_564' title='bbox 1625 1268 1704 1302; x_wconf 74' lang='grc' dir='ltr'>δόξας</span> <span class='ocrx_word' id='word_1_565' title='bbox 1720 1271 1812 1297; x_wconf 75' lang='grc' dir='ltr'>ἔπιπτε</span> <span class='ocrx_word' id='word_1_566' title='bbox 1830 1279 1838 1285; x_wconf 91' lang='grc'><strong>·</strong></span> <span class='ocrx_word' id='word_1_567' title='bbox 1868 1272 1903 1297; x_wconf 82' lang='grc' dir='ltr'>τὸ</span> 
     </span>
    </p>
   </div>
   <div class='ocr_carea' id='block_1_87' title="bbox 1087 1314 1903 1352">
    <p class='ocr_par' dir='ltr' id='par_1_87' title="bbox 1087 1314 1903 1352">
     <span class='ocr_line' id='line_1_87' title="bbox 1087 1314 1903 1352; baseline 0.001 -12"><span class='ocrx_word' id='word_1_568' title='bbox 1087 1315 1132 1350; x_wconf 65' lang='grc' dir='ltr'>μὲν</span> <span class='ocrx_word' id='word_1_569' title='bbox 1164 1315 1214 1352; x_wconf 85' lang='grc' dir='ltr'><strong>γὰρ</strong></span> <span class='ocrx_word' id='word_1_570' title='bbox 1245 1315 1388 1350; x_wconf 76' lang='grc' dir='ltr'>προσάγειν</span> <span class='ocrx_word' id='word_1_571' title='bbox 1418 1315 1598 1344; x_wconf 79' lang='grc' dir='ltr'>ύποστατικὴν</span> <span class='ocrx_word' id='word_1_572' title='bbox 1632 1314 1739 1352; x_wconf 76' lang='grc' dir='ltr'><strong>ἀπένεμε</strong></span> <span class='ocrx_word' id='word_1_573' title='bbox 1770 1319 1808 1351; x_wconf 82' lang='grc' dir='ltr'>τῷ</span> <span class='ocrx_word' id='word_1_574' title='bbox 1840 1316 1903 1350; x_wconf 81' lang='grc' dir='ltr'><strong>Υἰῷ</strong></span> 
     </span>
    </p>
   </div>
   <div class='ocr_carea' id='block_1_88' title="bbox 1089 1353 1903 1397">
    <p class='ocr_par' dir='ltr' id='par_1_88' title="bbox 1089 1353 1903 1397">
     <span class='ocr_line' id='line_1_88' title="bbox 1089 1353 1903 1397; baseline 0.001 -12"><span class='ocrx_word' id='word_1_575' title='bbox 1089 1358 1221 1393; x_wconf 81' lang='grc' dir='ltr'>ἰδιότητα,</span> <span class='ocrx_word' id='word_1_576' title='bbox 1255 1358 1302 1385; x_wconf 78' lang='grc' dir='ltr'>οὐκ</span> <span class='ocrx_word' id='word_1_577' title='bbox 1340 1360 1415 1396; x_wconf 67' lang='grc' dir='ltr'>ἴσμεν</span> <span class='ocrx_word' id='word_1_578' title='bbox 1441 1361 1539 1388; x_wconf 75' lang='grc' dir='ltr'>ταύτην</span> <span class='ocrx_word' id='word_1_579' title='bbox 1566 1361 1644 1386; x_wconf 81' lang='grc' dir='ltr'>πόθεν</span> <span class='ocrx_word' id='word_1_580' title='bbox 1669 1360 1771 1397; x_wconf 70' lang='grc' dir='ltr'><strong>εὑρών⁸</strong></span> <span class='ocrx_word' id='word_1_581' title='bbox 1802 1361 1834 1386; x_wconf 84' lang='grc' dir='ltr'>τὸ</span> <span class='ocrx_word' id='word_1_582' title='bbox 1869 1353 1903 1386; x_wconf 58' lang='grc' dir='ltr'><strong>δξι</strong></span> 
     </span>
    </p>
   </div>
   <div class='ocr_carea' id='block_1_89' title="bbox 1086 1401 1895 1442">
    <p class='ocr_par' dir='ltr' id='par_1_89' title="bbox 1086 1401 1895 1442">
     <span class='ocr_line' id='line_1_89' title="bbox 1086 1401 1895 1442; baseline 0.001 -12"><span class='ocrx_word' id='word_1_583' title='bbox 1086 1401 1288 1441; x_wconf 83' lang='grc' dir='ltr'>προσδέχεσθαι</span> <span class='ocrx_word' id='word_1_584' title='bbox 1310 1407 1357 1435; x_wconf 80' lang='grc' dir='ltr'>τῆς</span> <span class='ocrx_word' id='word_1_585' title='bbox 1380 1408 1509 1442; x_wconf 80' lang='grc' dir='ltr'>πατρικῆς</span> <span class='ocrx_word' id='word_1_586' title='bbox 1530 1405 1700 1435; x_wconf 74' lang='grc' dir='ltr'>ὑποστάσεως</span> <span class='ocrx_word' id='word_1_587' title='bbox 1713 1402 1785 1431; x_wconf 76' lang='grc' dir='ltr'>ἴδιόν</span> <span class='ocrx_word' id='word_1_588' title='bbox 1799 1414 1826 1431; x_wconf 90' lang='grc' dir='ltr'><strong>τι</strong></span> <span class='ocrx_word' id='word_1_589' title='bbox 1856 1414 1895 1431; x_wconf 79' lang='grc' dir='ltr'><strong>κα</strong></span> 
     </span>
    </p>
   </div>
   <div class='ocr_carea' id='block_1_90' title="bbox 1085 1448 1901 1487">
    <p class='ocr_par' dir='ltr' id='par_1_90' title="bbox 1085 1448 1901 1487">
     <span class='ocr_line' id='line_1_90' title="bbox 1085 1448 1901 1487; baseline 0 -12"><span class='ocrx_word' id='word_1_590' title='bbox 1085 1453 1162 1476; x_wconf 83' lang='grc' dir='ltr'>τοῦτο</span> <span class='ocrx_word' id='word_1_591' title='bbox 1190 1448 1284 1475; x_wconf 81' lang='grc' dir='ltr'>ἐτίθετο</span> <span class='ocrx_word' id='word_1_592' title='bbox 1316 1451 1453 1487; x_wconf 84' lang='grc' dir='ltr'>γνώρισμα</span> <span class='ocrx_word' id='word_1_593' title='bbox 1483 1451 1549 1486; x_wconf 74' lang='grc' dir='ltr'>μετὰ</span> <span class='ocrx_word' id='word_1_594' title='bbox 1579 1454 1625 1481; x_wconf 83' lang='grc' dir='ltr'>τῆς</span> <span class='ocrx_word' id='word_1_595' title='bbox 1658 1449 1828 1486; x_wconf 60' lang='grc' dir='ltr'>ἀγωνησίας,</span> <span class='ocrx_word' id='word_1_596' title='bbox 1866 1450 1901 1478; x_wconf 73' lang='grc' dir='ltr'>ἦν</span> 
     </span>
    </p>
   </div>
   <div class='ocr_carea' id='block_1_91' title="bbox 1050 1492 1903 1532">
    <p class='ocr_par' dir='ltr' id='par_1_91' title="bbox 1050 1492 1903 1532">
     <span class='ocr_line' id='line_1_91' title="bbox 1050 1492 1903 1532; baseline 0.001 -12"><span class='ocrx_word' id='word_1_597' title='bbox 1050 1503 1071 1532; x_wconf 72' lang='lat' dir='ltr'>c</span> <span class='ocrx_word' id='word_1_598' title='bbox 1088 1492 1210 1523; x_wconf 75' lang='grc' dir='ltr'>ἰδιότητα</span> <span class='ocrx_word' id='word_1_599' title='bbox 1224 1496 1301 1530; x_wconf 85' lang='grc' dir='ltr'>μόνον</span> <span class='ocrx_word' id='word_1_600' title='bbox 1316 1498 1362 1520; x_wconf 81' lang='grc' dir='ltr'>τοῦ</span> <span class='ocrx_word' id='word_1_601' title='bbox 1386 1495 1556 1531; x_wconf 77' lang='grc' dir='ltr'>προανάρχου</span> <span class='ocrx_word' id='word_1_602' title='bbox 1580 1496 1681 1532; x_wconf 81' lang='grc' dir='ltr'>Πατρός</span> <span class='ocrx_word' id='word_1_603' title='bbox 1704 1495 1720 1524; x_wconf 75' lang='grc' dir='ltr'><em>ἡ</em></span> <span class='ocrx_word' id='word_1_604' title='bbox 1744 1494 1903 1523; x_wconf 70' lang='grc' dir='ltr'>Ἐκκλησία</span> 
     </span>
    </p>
   </div>
   <div class='ocr_carea' id='block_1_92' title="bbox 1087 1537 1904 1576">
    <p class='ocr_par' dir='ltr' id='par_1_92' title="bbox 1087 1537 1904 1576">
     <span class='ocr_line' id='line_1_92' title="bbox 1087 1537 1904 1576; baseline 0 -11"><span class='ocrx_word' id='word_1_605' title='bbox 1087 1538 1228 1576; x_wconf 69' lang='grc' dir='ltr'>παρέλαϐεν</span> <span class='ocrx_word' id='word_1_606' title='bbox 1266 1538 1386 1565; x_wconf 72' lang='grc' dir='ltr'>ἔκπαλαι·</span> <span class='ocrx_word' id='word_1_607' title='bbox 1423 1539 1486 1565; x_wconf 83' lang='grc' dir='ltr'>Εἶτα</span> <span class='ocrx_word' id='word_1_608' title='bbox 1515 1537 1549 1568; x_wconf 79' lang='grc' dir='ltr'><strong>δὴ</strong></span> <span class='ocrx_word' id='word_1_609' title='bbox 1579 1541 1623 1566; x_wconf 88' lang='grc' dir='ltr'>καὶ</span> <span class='ocrx_word' id='word_1_610' title='bbox 1671 1539 1783 1566; x_wconf 79' lang='grc' dir='ltr'>ἐντιῦθεν</span> <span class='ocrx_word' id='word_1_611' title='bbox 1823 1540 1904 1575; x_wconf 77' lang='grc' dir='ltr'>ἡμᾶς</span> 
     </span>
    </p>
   </div>
   <div class='ocr_carea' id='block_1_93' title="bbox 1087 1582 1902 1622">
    <p class='ocr_par' dir='ltr' id='par_1_93' title="bbox 1087 1582 1902 1622">
     <span class='ocr_line' id='line_1_93' title="bbox 1087 1582 1902 1622; baseline 0 -12"><span class='ocrx_word' id='word_1_612' title='bbox 1087 1585 1154 1622; x_wconf 86' lang='grc' dir='ltr'>πρὸς</span> <span class='ocrx_word' id='word_1_613' title='bbox 1173 1585 1202 1610; x_wconf 86' lang='grc' dir='ltr'>τὸ</span> <span class='ocrx_word' id='word_1_614' title='bbox 1230 1582 1324 1610; x_wconf 74' lang='grc' dir='ltr'>δοκοῦν</span> <span class='ocrx_word' id='word_1_615' title='bbox 1348 1583 1416 1620; x_wconf 79' lang='grc' dir='ltr'>αὐτῷ</span> <span class='ocrx_word' id='word_1_616' title='bbox 1436 1584 1667 1621; x_wconf 79' lang='grc' dir='ltr'>κατεσυλλογίζετο</span> <span class='ocrx_word' id='word_1_617' title='bbox 1690 1592 1697 1599; x_wconf 88' lang='grc'>⁶</span> <span class='ocrx_word' id='word_1_618' title='bbox 1728 1583 1750 1610; x_wconf 83' lang='grc' dir='ltr'>εἰ</span> <span class='ocrx_word' id='word_1_619' title='bbox 1764 1584 1817 1621; x_wconf 78' lang='grc' dir='ltr'><strong>γὰρ</strong></span> <span class='ocrx_word' id='word_1_620' title='bbox 1844 1587 1902 1621; x_wconf 73' lang='grc' dir='ltr'><strong>μὴ,</strong></span> 
     </span>
    </p>
   </div>
   <div class='ocr_carea' id='block_1_94' title="bbox 1089 1627 1907 1667">
    <p class='ocr_par' dir='ltr' id='par_1_94' title="bbox 1089 1627 1907 1667">
     <span class='ocr_line' id='line_1_94' title="bbox 1089 1627 1907 1667; baseline 0.001 -13"><span class='ocrx_word' id='word_1_621' title='bbox 1089 1629 1174 1658; x_wconf 85' lang='grc' dir='ltr'>καθὼς</span> <span class='ocrx_word' id='word_1_622' title='bbox 1205 1628 1283 1660; x_wconf 81' lang='grc' dir='ltr'>αὐτὸς</span> <span class='ocrx_word' id='word_1_623' title='bbox 1314 1638 1405 1665; x_wconf 78' lang='grc' dir='ltr'>φησιν,</span> <span class='ocrx_word' id='word_1_624' title='bbox 1440 1627 1584 1655; x_wconf 78' lang='grc' dir='ltr'>ἱδιαίτατον</span> <span class='ocrx_word' id='word_1_625' title='bbox 1614 1631 1652 1658; x_wconf 80' lang='grc' dir='ltr'><strong>εἴη</strong></span> <span class='ocrx_word' id='word_1_626' title='bbox 1681 1632 1729 1659; x_wconf 85' lang='grc' dir='ltr'>τῆς</span> <span class='ocrx_word' id='word_1_627' title='bbox 1761 1633 1907 1667; x_wconf 71' lang='grc' dir='ltr'>πατρικῆς</span> 
     </span>
    </p>
   </div>
   <div class='ocr_carea' id='block_1_95' title="bbox 1090 1672 1907 1711">
    <p class='ocr_par' dir='ltr' id='par_1_95' title="bbox 1090 1672 1907 1711">
     <span class='ocr_line' id='line_1_95' title="bbox 1090 1672 1907 1711; baseline 0 -11"><span class='ocrx_word' id='word_1_628' title='bbox 1090 1674 1261 1704; x_wconf 79' lang='grc' dir='ltr'>ὑποστάσεως</span> <span class='ocrx_word' id='word_1_629' title='bbox 1283 1675 1313 1700; x_wconf 87' lang='grc' dir='ltr'>τὸ</span> <span class='ocrx_word' id='word_1_630' title='bbox 1348 1672 1558 1711; x_wconf 76' lang='grc' dir='ltr'>προσδέχεσθαι,</span> <span class='ocrx_word' id='word_1_631' title='bbox 1590 1673 1653 1700; x_wconf 71' lang='grc' dir='ltr'>ἀλλὰ</span> <span class='ocrx_word' id='word_1_632' title='bbox 1680 1677 1725 1704; x_wconf 82' lang='grc' dir='ltr'>τῆς</span> <span class='ocrx_word' id='word_1_633' title='bbox 1753 1674 1835 1708; x_wconf 80' lang='grc' dir='ltr'>θείας,</span> <span class='ocrx_word' id='word_1_634' title='bbox 1868 1675 1907 1704; x_wconf 85' lang='grc' dir='ltr'>ὡς</span> 
     </span>
    </p>
   </div>
   <div class='ocr_carea' id='block_1_96' title="bbox 1091 1718 1905 1756">
    <p class='ocr_par' dir='ltr' id='par_1_96' title="bbox 1091 1718 1905 1756">
     <span class='ocr_line' id='line_1_96' title="bbox 1091 1718 1905 1756; baseline 0.001 -12"><span class='ocrx_word' id='word_1_635' title='bbox 1091 1719 1165 1755; x_wconf 73' lang='grc' dir='ltr'>ἡμεῖς</span> <span class='ocrx_word' id='word_1_636' title='bbox 1191 1728 1282 1755; x_wconf 77' lang='grc' dir='ltr'>φαμεν,</span> <span class='ocrx_word' id='word_1_637' title='bbox 1309 1719 1420 1756; x_wconf 67' lang='grc' dir='ltr'>φύσεως,</span> <span class='ocrx_word' id='word_1_638' title='bbox 1445 1719 1541 1745; x_wconf 79' lang='grc' dir='ltr'>ἄτοπόν</span> <span class='ocrx_word' id='word_1_639' title='bbox 1558 1728 1584 1745; x_wconf 91' lang='grc' dir='ltr'><strong>τι</strong></span> <span class='ocrx_word' id='word_1_640' title='bbox 1607 1719 1681 1755; x_wconf 81' lang='grc' dir='ltr'>τάχα</span> <span class='ocrx_word' id='word_1_641' title='bbox 1705 1718 1884 1755; x_wconf 66' lang='grc' dir='ltr'>συμϐήσεται</span> <span class='ocrx_word' id='word_1_642' title='bbox 1898 1725 1905 1734; x_wconf 91' lang='grc'><strong>·</strong></span> 
     </span>
    </p>
   </div>
   <div class='ocr_carea' id='block_1_97' title="bbox 1093 1761 1905 1800">
    <p class='ocr_par' dir='ltr' id='par_1_97' title="bbox 1093 1761 1905 1800">
     <span class='ocr_line' id='line_1_97' title="bbox 1093 1761 1905 1800; baseline 0.001 -11"><span class='ocrx_word' id='word_1_643' title='bbox 1093 1764 1168 1789; x_wconf 79' lang='grc' dir='ltr'>ἔσται</span> <span class='ocrx_word' id='word_1_644' title='bbox 1182 1763 1242 1789; x_wconf 83' lang='grc' dir='ltr'>καθ’</span> <span class='ocrx_word' id='word_1_645' title='bbox 1262 1764 1330 1800; x_wconf 77' lang='grc' dir='ltr'>ἡμᾶς</span> <span class='ocrx_word' id='word_1_646' title='bbox 1350 1764 1363 1790; x_wconf 87' lang='grc' dir='ltr'><strong><em>ὁ</em></strong></span> <span class='ocrx_word' id='word_1_647' title='bbox 1383 1764 1446 1794; x_wconf 70' lang='grc' dir='ltr'><strong>Θεὸς</strong></span> <span class='ocrx_word' id='word_1_648' title='bbox 1464 1764 1525 1790; x_wconf 69' lang='grc' dir='ltr'>ποτὲ</span> <span class='ocrx_word' id='word_1_649' title='bbox 1543 1765 1588 1800; x_wconf 67' lang='grc' dir='ltr'>μὲν</span> <span class='ocrx_word' id='word_1_650' title='bbox 1609 1764 1684 1798; x_wconf 76' lang='grc' dir='ltr'>Θεὸς,</span> <span class='ocrx_word' id='word_1_651' title='bbox 1703 1765 1766 1790; x_wconf 67' lang='grc' dir='ltr'>ποτε</span> <span class='ocrx_word' id='word_1_652' title='bbox 1786 1761 1817 1790; x_wconf 75' lang='grc' dir='ltr'><strong>δὲ</strong></span> <span class='ocrx_word' id='word_1_653' title='bbox 1849 1766 1884 1790; x_wconf 69' lang='grc' dir='ltr'>οὔ</span> <span class='ocrx_word' id='word_1_654' title='bbox 1898 1775 1905 1781; x_wconf 89' lang='grc'><strong>·</strong></span> 
     </span>
    </p>
   </div>
   <div class='ocr_carea' id='block_1_98' title="bbox 1093 1805 1906 1846">
    <p class='ocr_par' dir='ltr' id='par_1_98' title="bbox 1093 1805 1906 1846">
     <span class='ocr_line' id='line_1_98' title="bbox 1093 1805 1906 1846; baseline 0 -12"><span class='ocrx_word' id='word_1_655' title='bbox 1093 1807 1122 1834; x_wconf 77' lang='grc' dir='ltr'>οὗ</span> <span class='ocrx_word' id='word_1_656' title='bbox 1142 1809 1193 1845; x_wconf 82' lang='grc' dir='ltr'><strong>γὰρ</strong></span> <span class='ocrx_word' id='word_1_657' title='bbox 1214 1805 1310 1843; x_wconf 75' lang='grc' dir='ltr'>ἆὶδιος,</span> <span class='ocrx_word' id='word_1_658' title='bbox 1335 1810 1425 1844; x_wconf 71' lang='grc' dir='ltr'>φησιν,</span> <span class='ocrx_word' id='word_1_659' title='bbox 1460 1810 1634 1846; x_wconf 78' lang='grc' dir='ltr'>προσαγωγὴ,</span> <span class='ocrx_word' id='word_1_660' title='bbox 1665 1807 1728 1834; x_wconf 74' lang='grc' dir='ltr'>ἀλλὰ</span> <span class='ocrx_word' id='word_1_661' title='bbox 1753 1809 1822 1844; x_wconf 79' lang='grc' dir='ltr'>μετὰ</span> <span class='ocrx_word' id='word_1_662' title='bbox 1853 1810 1906 1838; x_wconf 78' lang='grc' dir='ltr'>τὴν</span> 
     </span>
    </p>
   </div>
   <div class='ocr_carea' id='block_1_99' title="bbox 1094 1851 1907 1890">
    <p class='ocr_par' dir='ltr' id='par_1_99' title="bbox 1094 1851 1907 1890">
     <span class='ocr_line' id='line_1_99' title="bbox 1094 1851 1907 1890; baseline 0.001 -12"><span class='ocrx_word' id='word_1_663' title='bbox 1094 1851 1288 1890; x_wconf 78' lang='grc' dir='ltr'>ἐνανθρώπησιν</span> <span class='ocrx_word' id='word_1_664' title='bbox 1309 1854 1355 1879; x_wconf 85' lang='grc' dir='ltr'>καὶ</span> <span class='ocrx_word' id='word_1_665' title='bbox 1376 1855 1551 1889; x_wconf 71' lang='grc' dir='ltr'><strong>γεγενημένη·</strong></span> <span class='ocrx_word' id='word_1_666' title='bbox 1575 1851 1621 1879; x_wconf 74' lang='grc' dir='ltr'><strong>διὰ</strong></span> <span class='ocrx_word' id='word_1_667' title='bbox 1637 1851 1666 1879; x_wconf 64' lang='grc' dir='ltr'><strong>δὲ</strong></span> <span class='ocrx_word' id='word_1_668' title='bbox 1698 1856 1775 1879; x_wconf 81' lang='grc' dir='ltr'>τοῦτο</span> <span class='ocrx_word' id='word_1_669' title='bbox 1795 1854 1907 1884; x_wconf 73' lang='grc' dir='ltr'>πάντως</span> 
     </span>
    </p>
   </div>
   <div class='ocr_carea' id='block_1_100' title="bbox 1095 1896 1908 1935">
    <p class='ocr_par' dir='ltr' id='par_1_100' title="bbox 1095 1896 1908 1935">
     <span class='ocr_line' id='line_1_100' title="bbox 1095 1896 1908 1935; baseline 0.001 -12"><span class='ocrx_word' id='word_1_670' title='bbox 1095 1897 1118 1923; x_wconf 72' lang='grc' dir='ltr'>ἓν</span> <span class='ocrx_word' id='word_1_671' title='bbox 1132 1907 1183 1923; x_wconf 87' lang='grc' dir='ltr'>τινι</span> <span class='ocrx_word' id='word_1_672' title='bbox 1195 1899 1283 1934; x_wconf 83' lang='grc' dir='ltr'>χρόνῳ</span> <span class='ocrx_word' id='word_1_673' title='bbox 1307 1899 1352 1924; x_wconf 81' lang='grc' dir='ltr'>καὶ</span> <span class='ocrx_word' id='word_1_674' title='bbox 1370 1899 1399 1923; x_wconf 88' lang='grc' dir='ltr'>τὸ</span> <span class='ocrx_word' id='word_1_675' title='bbox 1414 1896 1625 1935; x_wconf 52' lang='grc' dir='ltr'><strong>προσδέχεσθαι⁸</strong></span> <span class='ocrx_word' id='word_1_676' title='bbox 1645 1898 1733 1935; x_wconf 70' lang='grc' dir='ltr'>ὥσπερ</span> <span class='ocrx_word' id='word_1_677' title='bbox 1753 1897 1785 1923; x_wconf 81' lang='grc' dir='ltr'><strong>ἃν</strong></span> <span class='ocrx_word' id='word_1_678' title='bbox 1802 1897 1824 1924; x_wconf 84' lang='grc' dir='ltr'><strong>εἰ</strong></span> <span class='ocrx_word' id='word_1_679' title='bbox 1854 1902 1908 1930; x_wconf 76' lang='grc' dir='ltr'>τῆς</span> 
     </span>
    </p>
   </div>
   <div class='ocr_carea' id='block_1_101' title="bbox 1095 1940 1908 1981">
    <p class='ocr_par' dir='ltr' id='par_1_101' title="bbox 1095 1940 1908 1981">
     <span class='ocr_line' id='line_1_101' title="bbox 1095 1940 1908 1981; baseline 0.001 -13"><span class='ocrx_word' id='word_1_680' title='bbox 1095 1940 1279 1970; x_wconf 82' lang='grc' dir='ltr'>ἀκαταλήπτου</span> <span class='ocrx_word' id='word_1_681' title='bbox 1312 1944 1356 1968; x_wconf 80' lang='grc' dir='ltr'>καὶ</span> <span class='ocrx_word' id='word_1_682' title='bbox 1387 1943 1544 1981; x_wconf 78' lang='grc' dir='ltr'>ὑπερουσίου</span> <span class='ocrx_word' id='word_1_683' title='bbox 1586 1943 1707 1973; x_wconf 82' lang='grc' dir='ltr'>θεότητος</span> <span class='ocrx_word' id='word_1_684' title='bbox 1735 1941 1796 1978; x_wconf 86' lang='grc' dir='ltr'>ὃρον</span> <span class='ocrx_word' id='word_1_685' title='bbox 1842 1945 1908 1970; x_wconf 81' lang='grc' dir='ltr'>τινὰ</span> 
     </span>
    </p>
   </div>
   <div class='ocr_carea' id='block_1_102' title="bbox 1094 1985 1908 2024">
    <p class='ocr_par' dir='ltr' id='par_1_102' title="bbox 1094 1985 1908 2024">
     <span class='ocr_line' id='line_1_102' title="bbox 1094 1985 1908 2024; baseline 0.001 -11"><span class='ocrx_word' id='word_1_686' title='bbox 1094 1988 1139 2013; x_wconf 84' lang='grc' dir='ltr'><strong>καὶ</strong></span> <span class='ocrx_word' id='word_1_687' title='bbox 1163 1986 1239 2024; x_wconf 83' lang='grc' dir='ltr'>λόγον</span> <span class='ocrx_word' id='word_1_688' title='bbox 1261 1987 1334 2023; x_wconf 77' lang='grc' dir='ltr'>ἡμεῖς</span> <span class='ocrx_word' id='word_1_689' title='bbox 1358 1988 1388 2013; x_wconf 84' lang='grc' dir='ltr'>τὸ</span> <span class='ocrx_word' id='word_1_690' title='bbox 1422 1985 1632 2024; x_wconf 76' lang='grc' dir='ltr'>προσδέχισθαι·</span> <span class='ocrx_word' id='word_1_691' title='bbox 1658 1986 1803 2023; x_wconf 77' lang='grc' dir='ltr'>ἐτιθέμεθα,</span> <span class='ocrx_word' id='word_1_692' title='bbox 1834 1987 1908 2014; x_wconf 81' lang='grc' dir='ltr'>ἆλλά</span> 
     </span>
    </p>
   </div>
   <div class='ocr_carea' id='block_1_103' title="bbox 1095 2029 1906 2068">
    <p class='ocr_par' dir='ltr' id='par_1_103' title="bbox 1095 2029 1906 2068">
     <span class='ocr_line' id='line_1_103' title="bbox 1095 2029 1906 2068; baseline 0.002 -11"><span class='ocrx_word' id='word_1_693' title='bbox 1095 2033 1182 2068; x_wconf 78' lang='grc' dir='ltr'>μήτῷ</span> <span class='ocrx_word' id='word_1_694' title='bbox 1217 2032 1293 2067; x_wconf 81' lang='grc' dir='ltr'><strong>θεῑκῷ</strong></span> <span class='ocrx_word' id='word_1_695' title='bbox 1311 2032 1409 2061; x_wconf 78' lang='grc' dir='ltr'>ταύτην</span> <span class='ocrx_word' id='word_1_696' title='bbox 1442 2031 1607 2068; x_wconf 75' lang='grc' dir='ltr'>ἀφοσιοῦντες</span> <span class='ocrx_word' id='word_1_697' title='bbox 1639 2029 1702 2068; x_wconf 78' lang='grc' dir='ltr'>ἧμιν</span> <span class='ocrx_word' id='word_1_698' title='bbox 1734 2032 1808 2058; x_wconf 84' lang='grc' dir='ltr'>τοῦτ’</span> <span class='ocrx_word' id='word_1_699' title='bbox 1835 2033 1906 2059; x_wconf 73' lang='grc' dir='ltr'>αὐτὸ</span> 
     </span>
    </p>
   </div>
   <div class='ocr_carea' id='block_1_104' title="bbox 1095 2075 1905 2113">
    <p class='ocr_par' dir='ltr' id='par_1_104' title="bbox 1095 2075 1905 2113">
     <span class='ocr_line' id='line_1_104' title="bbox 1095 2075 1905 2113; baseline 0.002 -11"><span class='ocrx_word' id='word_1_700' title='bbox 1095 2075 1125 2102; x_wconf 76' lang='grc' dir='ltr'><strong>δὲ</strong></span> <span class='ocrx_word' id='word_1_701' title='bbox 1150 2075 1288 2112; x_wconf 83' lang='grc' dir='ltr'>ἀξιώματι.</span> <span class='ocrx_word' id='word_1_702' title='bbox 1310 2079 1400 2103; x_wconf 79' lang='grc' dir='ltr'>Ταῦτα</span> <span class='ocrx_word' id='word_1_703' title='bbox 1423 2078 1468 2112; x_wconf 72' lang='grc' dir='ltr'>μὲν</span> <span class='ocrx_word' id='word_1_704' title='bbox 1501 2077 1514 2102; x_wconf 85' lang='grc' dir='ltr'><strong>ὀ</strong></span> <span class='ocrx_word' id='word_1_705' title='bbox 1541 2075 1714 2113; x_wconf 67' lang='grc' dir='ltr'>Ἀντιοχείας,</span> <span class='ocrx_word' id='word_1_706' title='bbox 1729 2076 1772 2102; x_wconf 90' lang='grc' dir='ltr'>ἶνα</span> <span class='ocrx_word' id='word_1_707' title='bbox 1790 2078 1843 2113; x_wconf 69' lang='grc' dir='ltr'><strong>μὴ,</strong></span> <span class='ocrx_word' id='word_1_708' title='bbox 1874 2079 1905 2104; x_wconf 78' lang='grc' dir='ltr'>τὸ</span> 
     </span>
    </p>
   </div>
   <div class='ocr_carea' id='block_1_105' title="bbox 1094 2119 1904 2158">
    <p class='ocr_par' dir='ltr' id='par_1_105' title="bbox 1094 2119 1904 2158">
     <span class='ocr_line' id='line_1_105' title="bbox 1094 2119 1904 2158; baseline 0 -11"><span class='ocrx_word' id='word_1_709' title='bbox 1094 2120 1150 2148; x_wconf 83' lang='grc' dir='ltr'>καθ’</span> <span class='ocrx_word' id='word_1_710' title='bbox 1173 2121 1281 2148; x_wconf 80' lang='grc' dir='ltr'>ἕκαστον</span> <span class='ocrx_word' id='word_1_711' title='bbox 1308 2125 1358 2147; x_wconf 87' lang='grc' dir='ltr'>τῶν</span> <span class='ocrx_word' id='word_1_712' title='bbox 1383 2121 1445 2158; x_wconf 83' lang='grc' dir='ltr'>παρ’</span> <span class='ocrx_word' id='word_1_713' title='bbox 1464 2121 1544 2148; x_wconf 81' lang='grc' dir='ltr'>αὐτοῦ</span> <span class='ocrx_word' id='word_1_714' title='bbox 1574 2121 1716 2158; x_wconf 78' lang='grc' dir='ltr'>λεχθέντων</span> <span class='ocrx_word' id='word_1_715' title='bbox 1742 2119 1904 2156; x_wconf 68' lang='grc' dir='ltr'>ἐπεξιόντες,</span> 
     </span>
    </p>
   </div>
   <div class='ocr_carea' id='block_1_106' title="bbox 1094 2165 1536 2203">
    <p class='ocr_par' dir='ltr' id='par_1_106' title="bbox 1094 2165 1536 2203">
     <span class='ocr_line' id='line_1_106' title="bbox 1094 2165 1536 2203; baseline 0.002 -10"><span class='ocrx_word' id='word_1_716' title='bbox 1094 2166 1137 2193; x_wconf 69' lang='grc' dir='ltr'><strong>επὶ</strong></span> <span class='ocrx_word' id='word_1_717' title='bbox 1147 2165 1211 2193; x_wconf 82' lang='grc' dir='ltr'>πολὺ</span> <span class='ocrx_word' id='word_1_718' title='bbox 1227 2168 1270 2193; x_wconf 87' lang='grc' dir='ltr'>τὸν</span> <span class='ocrx_word' id='word_1_719' title='bbox 1289 2166 1363 2203; x_wconf 88' lang='grc' dir='ltr'>λόγον</span> <span class='ocrx_word' id='word_1_720' title='bbox 1378 2166 1536 2203; x_wconf 74' lang='grc' dir='ltr'>ἔκτείνωμεν.</span> 
     </span>
    </p>
   </div>
   <div class='ocr_carea' id='block_1_107' title="bbox 1130 2299 1906 2339">
    <p class='ocr_par' dir='ltr' id='par_1_107' title="bbox 1130 2299 1906 2339">
     <span class='ocr_line' id='line_1_107' title="bbox 1130 2299 1906 2339; baseline 0.001 -11"><span class='ocrx_word' id='word_1_721' title='bbox 1130 2301 1172 2332; x_wconf 83' lang='grc' dir='ltr'>Ὠς</span> <span class='ocrx_word' id='word_1_722' title='bbox 1187 2299 1218 2328; x_wconf 66' lang='grc' dir='ltr'><strong>δὶ</strong></span> <span class='ocrx_word' id='word_1_723' title='bbox 1243 2301 1293 2339; x_wconf 79' lang='grc' dir='ltr'>πρὸ</span> <span class='ocrx_word' id='word_1_724' title='bbox 1310 2301 1411 2328; x_wconf 80' lang='grc' dir='ltr'>πάντων</span> <span class='ocrx_word' id='word_1_725' title='bbox 1424 2301 1498 2337; x_wconf 82' lang='grc' dir='ltr'>ἡμῶν</span> <span class='ocrx_word' id='word_1_726' title='bbox 1513 2300 1526 2327; x_wconf 86' lang='grc' dir='ltr'><strong>ὀ</strong></span> <span class='ocrx_word' id='word_1_727' title='bbox 1548 2300 1626 2331; x_wconf 82' lang='grc' dir='ltr'>πολὺς</span> <span class='ocrx_word' id='word_1_728' title='bbox 1644 2303 1674 2337; x_wconf 75' lang='grc' dir='ltr'>τῇ</span> <span class='ocrx_word' id='word_1_729' title='bbox 1699 2301 1828 2337; x_wconf 80' lang='grc' dir='ltr'>φρονήσει</span> <span class='ocrx_word' id='word_1_730' title='bbox 1857 2304 1906 2329; x_wconf 80' lang='grc' dir='ltr'>καὶ</span> 
     </span>
    </p>
   </div>
   <div class='ocr_carea' id='block_1_108' title="bbox 1095 2343 1906 2384">
    <p class='ocr_par' dir='ltr' id='par_1_108' title="bbox 1095 2343 1906 2384">
     <span class='ocr_line' id='line_1_108' title="bbox 1095 2343 1906 2384; baseline 0.001 -12"><span class='ocrx_word' id='word_1_731' title='bbox 1095 2347 1204 2384; x_wconf 84' lang='grc' dir='ltr'>γεραρὸς</span> <span class='ocrx_word' id='word_1_732' title='bbox 1230 2349 1266 2382; x_wconf 83' lang='grc' dir='ltr'>τῷ</span> <span class='ocrx_word' id='word_1_733' title='bbox 1287 2349 1362 2380; x_wconf 78' lang='grc' dir='ltr'>νοεῖν,</span> <span class='ocrx_word' id='word_1_734' title='bbox 1378 2346 1391 2372; x_wconf 87' lang='grc' dir='ltr'><strong><em>ὁ</em></strong></span> <span class='ocrx_word' id='word_1_735' title='bbox 1417 2343 1585 2372; x_wconf 53' lang='lat' dir='ltr'><strong>madidam-ros</strong></span> <span class='ocrx_word' id='word_1_736' title='bbox 1619 2347 1698 2376; x_wconf 81' lang='grc' dir='ltr'>ὅντως</span> <span class='ocrx_word' id='word_1_737' title='bbox 1724 2346 1809 2382; x_wconf 74' lang='grc' dir='ltr'>φέρων</span> <span class='ocrx_word' id='word_1_738' title='bbox 1831 2348 1906 2373; x_wconf 73' lang='grc' dir='ltr'>κατὰ</span> 
     </span>
    </p>
   </div>
   <div class='ocr_carea' id='block_1_109' title="bbox 1094 2389 1905 2428">
    <p class='ocr_par' dir='ltr' id='par_1_109' title="bbox 1094 2389 1905 2428">
     <span class='ocr_line' id='line_1_109' title="bbox 1094 2389 1905 2428; baseline -0.002 -10"><span class='ocrx_word' id='word_1_739' title='bbox 1094 2392 1138 2417; x_wconf 84' lang='grc' dir='ltr'>τὸν</span> <span class='ocrx_word' id='word_1_740' title='bbox 1159 2391 1311 2428; x_wconf 84' lang='grc' dir='ltr'>Σολομῶντα</span> <span class='ocrx_word' id='word_1_741' title='bbox 1333 2389 1461 2426; x_wconf 75' lang='grc' dir='ltr'>διάνοιαν,</span> <span class='ocrx_word' id='word_1_742' title='bbox 1481 2391 1622 2428; x_wconf 82' lang='grc' dir='ltr'>κράτιστος</span> <span class='ocrx_word' id='word_1_743' title='bbox 1647 2392 1692 2416; x_wconf 83' lang='grc' dir='ltr'><strong>καὶ</strong></span> <span class='ocrx_word' id='word_1_744' title='bbox 1731 2389 1808 2426; x_wconf 87' lang='grc' dir='ltr'>ἃγιος</span> <span class='ocrx_word' id='word_1_745' title='bbox 1825 2391 1905 2427; x_wconf 72' lang='grc' dir='ltr'>ἡμῶν</span> 
     </span>
    </p>
   </div>
   <div class='ocr_carea' id='block_1_110' title="bbox 1096 2433 1905 2472">
    <p class='ocr_par' dir='ltr' id='par_1_110' title="bbox 1096 2433 1905 2472">
     <span class='ocr_line' id='line_1_110' title="bbox 1096 2433 1905 2472; baseline 0 -10"><span class='ocrx_word' id='word_1_746' title='bbox 1096 2435 1229 2472; x_wconf 77' lang='grc' dir='ltr'>βασιλεὺς,</span> <span class='ocrx_word' id='word_1_747' title='bbox 1249 2437 1294 2462; x_wconf 79' lang='grc' dir='ltr'><strong>καὶ</strong></span> <span class='ocrx_word' id='word_1_748' title='bbox 1321 2434 1346 2467; x_wconf 74' lang='grc' dir='ltr'>ἒς</span> <span class='ocrx_word' id='word_1_749' title='bbox 1371 2435 1460 2472; x_wconf 86' lang='grc' dir='ltr'>λόγους</span> <span class='ocrx_word' id='word_1_750' title='bbox 1484 2435 1554 2472; x_wconf 74' lang='grc' dir='ltr'>αὐτῷ</span> <span class='ocrx_word' id='word_1_751' title='bbox 1579 2434 1708 2461; x_wconf 77' lang='grc' dir='ltr'>συνελθεῖν</span> <span class='ocrx_word' id='word_1_752' title='bbox 1724 2433 1905 2467; x_wconf 77' lang='grc' dir='ltr'>διαλεκτικῶς</span> 
     </span>
    </p>
   </div>
   <div class='ocr_carea' id='block_1_111' title="bbox 1095 2480 1903 2518">
    <p class='ocr_par' dir='ltr' id='par_1_111' title="bbox 1095 2480 1903 2518">
     <span class='ocr_line' id='line_1_111' title="bbox 1095 2480 1903 2518; baseline -0.001 -11"><span class='ocrx_word' id='word_1_753' title='bbox 1095 2480 1142 2507; x_wconf 80' lang='grc' dir='ltr'>οὐκ</span> <span class='ocrx_word' id='word_1_754' title='bbox 1171 2480 1319 2514; x_wconf 70' lang='grc' dir='ltr'>ἀπώκνησε,</span> <span class='ocrx_word' id='word_1_755' title='bbox 1344 2482 1388 2506; x_wconf 87' lang='grc' dir='ltr'><strong>καὶ</strong></span> <span class='ocrx_word' id='word_1_756' title='bbox 1416 2480 1519 2518; x_wconf 81' lang='grc' dir='ltr'>ῥήμασι</span> <span class='ocrx_word' id='word_1_757' title='bbox 1543 2481 1755 2517; x_wconf 84' lang='grc' dir='ltr'>παραινετηρίοις</span> <span class='ocrx_word' id='word_1_758' title='bbox 1789 2480 1903 2516; x_wconf 77' lang='grc' dir='ltr'>ὑπαγα-</span> 
     </span>
    </p>
   </div>
   <div class='ocr_carea' id='block_1_112' title="bbox 1094 2522 1904 2562">
    <p class='ocr_par' dir='ltr' id='par_1_112' title="bbox 1094 2522 1904 2562">
     <span class='ocr_line' id='line_1_112' title="bbox 1094 2522 1904 2562; baseline -0.001 -10"><span class='ocrx_word' id='word_1_759' title='bbox 1094 2526 1188 2562; x_wconf 71' lang='grc' dir='ltr'>γέσθαι</span> <span class='ocrx_word' id='word_1_760' title='bbox 1203 2522 1322 2552; x_wconf 70' lang='grc' dir='ltr'>σπεύδων</span> <span class='ocrx_word' id='word_1_761' title='bbox 1338 2524 1416 2551; x_wconf 82' lang='grc' dir='ltr'>αὐτὸν</span> <span class='ocrx_word' id='word_1_762' title='bbox 1435 2524 1464 2551; x_wconf 82' lang='grc' dir='ltr'>οὐ</span> <span class='ocrx_word' id='word_1_763' title='bbox 1494 2522 1602 2558; x_wconf 74' lang='grc' dir='ltr'>διέλιπε,</span> <span class='ocrx_word' id='word_1_764' title='bbox 1619 2526 1664 2551; x_wconf 82' lang='grc' dir='ltr'>καὶ</span> <span class='ocrx_word' id='word_1_765' title='bbox 1691 2527 1746 2555; x_wconf 83' lang='grc' dir='ltr'>τοῖς</span> <span class='ocrx_word' id='word_1_766' title='bbox 1777 2523 1904 2561; x_wconf 70' lang='grc' dir='ltr'>ἐλέγχοις</span> 
     </span>
    </p>
   </div>
   <div class='ocr_carea' id='block_1_113' title="bbox 1096 2568 1904 2608">
    <p class='ocr_par' dir='ltr' id='par_1_113' title="bbox 1096 2568 1904 2608">
     <span class='ocr_line' id='line_1_113' title="bbox 1096 2568 1904 2608; baseline -0.001 -12"><span class='ocrx_word' id='word_1_767' title='bbox 1096 2569 1198 2607; x_wconf 80' lang='grc' dir='ltr'>βάλλων</span> <span class='ocrx_word' id='word_1_768' title='bbox 1225 2568 1360 2606; x_wconf 73' lang='grc' dir='ltr'>αὐτοφυῶς</span> <span class='ocrx_word' id='word_1_769' title='bbox 1390 2570 1402 2596; x_wconf 84' lang='grc' dir='ltr'><strong><em>ὁ</em></strong></span> <span class='ocrx_word' id='word_1_770' title='bbox 1430 2569 1594 2606; x_wconf 72' lang='grc' dir='ltr'>μεγαλοφυής</span> <span class='ocrx_word' id='word_1_771' title='bbox 1623 2571 1669 2595; x_wconf 81' lang='grc' dir='ltr'><strong>καὶ</strong></span> <span class='ocrx_word' id='word_1_772' title='bbox 1703 2568 1904 2608; x_wconf 70' lang='grc' dir='ltr'>ἕπιστημονάρ-</span> 
     </span>
    </p>
   </div>
   <div class='ocr_carea' id='block_1_114' title="bbox 1095 2611 1902 2652">
    <p class='ocr_par' dir='ltr' id='par_1_114' title="bbox 1095 2611 1902 2652">
     <span class='ocr_line' id='line_1_114' title="bbox 1095 2611 1902 2652; baseline 0 -11"><span class='ocrx_word' id='word_1_773' title='bbox 1095 2624 1151 2652; x_wconf 81' lang='grc' dir='ltr'>χης</span> <span class='ocrx_word' id='word_1_774' title='bbox 1171 2614 1218 2641; x_wconf 77' lang='grc' dir='ltr'>οὐκ</span> <span class='ocrx_word' id='word_1_775' title='bbox 1235 2613 1372 2651; x_wconf 59' lang='grc' dir='ltr'>ἕνοὶρκησε,</span> <span class='ocrx_word' id='word_1_776' title='bbox 1391 2616 1436 2641; x_wconf 83' lang='grc' dir='ltr'><strong>καὶ</strong></span> <span class='ocrx_word' id='word_1_777' title='bbox 1455 2617 1500 2640; x_wconf 87' lang='grc' dir='ltr'>νῦν</span> <span class='ocrx_word' id='word_1_778' title='bbox 1521 2615 1566 2651; x_wconf 72' lang='grc' dir='ltr'>μὲν</span> <span class='ocrx_word' id='word_1_779' title='bbox 1586 2617 1672 2650; x_wconf 80' lang='grc' dir='ltr'>τοῦτο,</span> <span class='ocrx_word' id='word_1_780' title='bbox 1693 2616 1737 2640; x_wconf 84' lang='grc' dir='ltr'>νῦν</span> <span class='ocrx_word' id='word_1_781' title='bbox 1763 2611 1803 2640; x_wconf 64' lang='grc' dir='ltr'><strong>δϊ</strong></span> <span class='ocrx_word' id='word_1_782' title='bbox 1815 2615 1902 2642; x_wconf 66' lang='grc' dir='ltr'>ἐκεῖνο</span> 
     </span>
    </p>
   </div>
   <div class='ocr_carea' id='block_1_115' title="bbox 1095 2658 1902 2697">
    <p class='ocr_par' dir='ltr' id='par_1_115' title="bbox 1095 2658 1902 2697">
     <span class='ocr_line' id='line_1_115' title="bbox 1095 2658 1902 2697; baseline 0.001 -12"><span class='ocrx_word' id='word_1_783' title='bbox 1095 2663 1176 2686; x_wconf 85' lang='grc' dir='ltr'>ποιῶν</span> <span class='ocrx_word' id='word_1_784' title='bbox 1204 2662 1394 2696; x_wconf 80' lang='grc' dir='ltr'>ἁγχιστρόφοις</span> <span class='ocrx_word' id='word_1_785' title='bbox 1424 2658 1630 2697; x_wconf 77' lang='grc' dir='ltr'>ἐπιχειρήμασιν</span> <span class='ocrx_word' id='word_1_786' title='bbox 1667 2658 1714 2685; x_wconf 77' lang='grc' dir='ltr'>οὐκ</span> <span class='ocrx_word' id='word_1_787' title='bbox 1750 2658 1902 2696; x_wconf 73' lang='grc' dir='ltr'>ἀπέκαμεν·</span> 
     </span>
    </p>
   </div>
   <div class='ocr_carea' id='block_1_116' title="bbox 1097 2703 1901 2742">
    <p class='ocr_par' dir='ltr' id='par_1_116' title="bbox 1097 2703 1901 2742">
     <span class='ocr_line' id='line_1_116' title="bbox 1097 2703 1901 2742; baseline 0.001 -11"><span class='ocrx_word' id='word_1_788' title='bbox 1097 2704 1121 2731; x_wconf 82' lang='grc' dir='ltr'>ἓν</span> <span class='ocrx_word' id='word_1_789' title='bbox 1158 2704 1198 2736; x_wconf 80' lang='grc' dir='ltr'>οἷς</span> <span class='ocrx_word' id='word_1_790' title='bbox 1233 2705 1316 2732; x_wconf 78' lang='grc' dir='ltr'>ᾶχεῖνα</span> <span class='ocrx_word' id='word_1_791' title='bbox 1333 2704 1489 2742; x_wconf 79' lang='grc' dir='ltr'>παρακαλῶν</span> <span class='ocrx_word' id='word_1_792' title='bbox 1526 2704 1603 2731; x_wconf 72' lang='grc' dir='ltr'>αὐτὸν</span> <span class='ocrx_word' id='word_1_793' title='bbox 1647 2703 1901 2742; x_wconf 74' lang='grc' dir='ltr'>ἔφιλανθρωπευετο,</span> 
     </span>
    </p>
   </div>
   <div class='ocr_carea' id='block_1_117' title="bbox 1097 2747 1901 2788">
    <p class='ocr_par' dir='ltr' id='par_1_117' title="bbox 1097 2747 1901 2788">
     <span class='ocr_line' id='line_1_117' title="bbox 1097 2747 1901 2788; baseline -0.001 -11"><span class='ocrx_word' id='word_1_794' title='bbox 1097 2749 1164 2778; x_wconf 81' lang='grc' dir='ltr'>ἅττα</span> <span class='ocrx_word' id='word_1_795' title='bbox 1192 2747 1279 2780; x_wconf 77' lang='grc' dir='ltr'>δήπου</span> <span class='ocrx_word' id='word_1_796' title='bbox 1311 2751 1357 2778; x_wconf 77' lang='grc' dir='ltr'>καὶ</span> <span class='ocrx_word' id='word_1_797' title='bbox 1394 2750 1539 2788; x_wconf 81' lang='grc' dir='ltr'>Κορινθίοις</span> <span class='ocrx_word' id='word_1_798' title='bbox 1571 2748 1725 2776; x_wconf 71' lang='grc' dir='ltr'>ἔπιστῦλων</span> <span class='ocrx_word' id='word_1_799' title='bbox 1757 2749 1771 2774; x_wconf 85' lang='grc' dir='ltr'><em>ὁ</em></span> <span class='ocrx_word' id='word_1_800' title='bbox 1815 2751 1901 2785; x_wconf 77' lang='grc' dir='ltr'>μέγας</span> 
     </span>
    </p>
   </div>
  </div>
