1947 3077
190 93 235 118 191
853 86 982 114 NICIT/E
997 87 1011 114 Ε

1073 87 1186 115 ῚΙΑΤίΕ

1829 87 1890 112 192

182 152 239 181 hac
253 159 284 178 re
300 151 527 187 dispiceremus,
547 150 656 179 deinde
675 150 705 177 in
721 148 779 176 alia
793 148 925 176 sessione
940 157 1007 176 sen-

1073 149 1243 185 ιίτησαμένων
1265 148 1486 184 κατασκέψασθαι
1508 150 1632 184 πρότερον
1648 150 1706 183 περὶ
1722 148 1828 173 τούτου
1851 148 1887 172 τὸ

183 196 307 224 tentiam
320 196 449 233 quisque
465 204 554 224 suam
571 196 746 232 proferrent.

220 285 282 319 Ego
297 285 420 321 quidem
445 283 799 320 Constantinopolitanus,
817 290 877 311 non
901 282 1008 310 admit-

185 330 310 357 tendum
325 329 364 358 ad
377 330 578 358 sacerdotium
593 329 641 357 aio
656 329 746 361 hunc,
761 327 832 364 quia
844 327 908 362 jam
927 327 1009 355 bien-

184 374 234 402 nio
243 382 304 402 non
315 374 393 402 clam
407 382 503 410 neque
514 374 545 402 in
555 373 683 409 angulis,
696 373 750 401 sed
764 371 919 400 manifeste
930 374 1009 400 recto

184 419 319 454 dogmati
345 419 533 453 contradicit,
556 427 647 455 seque
663 417 819 455 publicum
833 424 935 452 pravae
959 416 1010 444 do-

184 463 283 490 ctrinae
298 463 447 491 fautorem
463 463 713 499 defensoremque
724 461 889 497 profitetur.

219 509 280 542 Ego
291 508 578 544 Hierosolymitanus
588 507 667 535 idem
677 514 785 534 censeo
796 505 879 542 quod
890 504 1012 533 sanctis—

185 552 280 580 simus
295 552 437 580 dominus
450 560 536 580 meus
548 554 577 580 et
587 551 786 580 consacerdos
804 549 1012 578 Constantino-

184 596 335 632 politanus
349 597 385 624 de
401 597 458 624 hoc
473 596 627 633 proposito
649 596 696 632 pie
716 598 745 623 et
773 594 940 623 secundum
962 592 1012 622 Dei

185 641 371 670 voluntatem
383 642 493 669 statuit.

222 687 279 721 Ego
295 686 438 721 Bulgarus
453 687 500 714 aio
511 686 573 714 fieri
588 693 650 714 non
661 694 751 722 posse
768 687 800 713 ut
813 685 860 712 hic
877 683 1012 712 sacerdo-

185 729 260 757 tium
275 730 400 758 retinere
422 730 547 764 sinatur,
563 730 634 766 quia
650 732 767 758 tantum
779 731 882 757 contra
896 728 946 755 Dei
963 728 1011 754 Ec-

186 774 309 802 clesiam
332 774 511 802 scandalum
535 774 698 809 suscitavit,
719 776 748 801 et
770 773 822 810 qui
841 771 1011 808 complures

185 818 253 845 huic
262 826 327 846 esse
342 818 471 847 asseclas
486 820 568 854 puto,
579 818 789 854 nescimusque
800 820 901 845 utrum
913 816 951 844 ad
962 823 1010 844 ve-
1025 825 1046 853 Β

184 862 303 890 ritatem
327 863 442 891 sincero
464 863 577 898 judicio
592 863 739 890 reversuri
763 861 926 899 aliquando
941 860 1008 889 sint.

185 907 272 939 Quod
280 907 304 934 si
310 907 398 943 juxta
411 907 535 935 effatum
551 907 749 942 Dominicum,
765 907 878 934 homini
892 906 945 942 qui
958 905 1011 933 mi-

183 950 300 978 nimum
309 951 442 987 aliquem
451 952 564 980 Christo
573 951 743 979 credentem
753 950 1009 982 scandalizaverit,

185 995 304 1032 expedit
318 997 351 1024 ut
362 996 463 1032 lapide
485 996 611 1024 molario
623 996 654 1024 in
670 997 734 1032 ejus
749 995 860 1024 collum
875 995 1011 1023 immisso

185 1039 395 1076 prmcipitetur,
408 1042 436 1068 et
446 1040 476 1068 in
490 1041 582 1068 maris
594 1040 829 1077 profunditatem
841 1039 1011 1075 jaciatur‘“;

184 1083 237 1119 qui
251 1084 361 1112 multos
377 1084 455 1112 circa
469 1084 584 1119 dogma
595 1084 815 1117 scandalizavit,
828 1085 949 1119 quantae
960 1083 1014 1113 erit

186 1135 285 1163 poenae
297 1128 445 1157 obnoxius
456 1129 470 1156 ‘I
480 1130 604 1165 Insuper
619 1136 656 1156 ex
667 1128 791 1156 diversis
801 1127 909 1155 divinis
925 1134 1014 1155 cano-

186 1171 276 1200 nibus
289 1173 359 1201 satis
374 1173 577 1209 cognoscitur,
592 1173 673 1201 hunc
688 1173 728 1201 ad
741 1172 941 1201 sacerdotium
954 1171 1012 1199 mi-

185 1217 267 1245 nime
279 1217 394 1246 admitti
405 1226 504 1254 posse,
517 1218 578 1247 imo
593 1217 822 1254 deponendum.

221 1307 280 1343 Ego
294 1315 416 1343 quoque
436 1308 561 1344 Cyprius
573 1307 632 1342 aio,
653 1315 702 1335 me
716 1308 819 1343 utpote
834 1307 1011 1334 extraneum

187 1353 276 1380 antea
288 1352 412 1388 quidem
423 1359 484 1380 non
497 1352 570 1380 satis
582 1351 756 1387 cognovisse
765 1358 841 1387 quas
855 1350 909 1379 iste
920 1350 1012 1379 vomit

184 1395 390 1432 blasphemias
402 1397 546 1425 adversus
556 1399 671 1425 rectum
682 1396 817 1424 Ecclesia:
824 1395 1011 1431 dogma.Sed

184 1440 265 1469 enim
293 1449 329 1468 ex
354 1441 401 1469 his
422 1449 489 1478 quae
511 1441 601 1469 hodie
626 1441 725 1477 ipsum
745 1440 848 1469 audivi
863 1440 1010 1468 dicentem

185 1486 254 1512 ante
268 1484 385 1520 regium
400 1487 427 1513 et
442 1485 678 1514 ecclesiasticum
693 1485 846 1518 thronum,
859 1492 921 1512 non
936 1491 1009 1520 pon-
1026 1503 1046 1531 α

184 1529 308 1558 tiﬁcatui
325 1531 534 1559 tantummodo
543 1539 613 1558 cum
621 1538 744 1566 prorsus
756 1530 891 1566 ineptum
895 1529 1010 1565 judico,

184 1581 290 1602 verum
304 1574 393 1603 etiam
411 1575 560 1603 diaconali
575 1575 681 1610 gradu,
696 1582 786 1611 quem
807 1574 954 1602 hactenus
969 1575 1011 1601 te-

185 1619 286 1647 nuisse
300 1619 424 1655 videtur,
445 1619 615 1655 indignum,
629 1620 670 1648 ita
685 1622 717 1647 ut
729 1627 766 1647 ex
782 1619 840 1647 hoc
855 1618 945 1646 etiam
961 1617 1012 1653 eji-

187 1663 311 1692 ciendus
330 1664 479 1692 videatur.
812 1666 815 1668 “

222 1709 283 1742 Ego
299 1708 486 1736 Caesariensis
501 1708 592 1742 hunc,
609 1710 711 1745 utpote
725 1715 804 1744 saepe
827 1705 1012 1736 orthodoxiaa

189 1751 393 1785 adversatum,
406 1752 445 1781 ad
461 1752 661 1780 sacerdotium
675 1761 738 1781 non
753 1752 888 1781 admitto.

224 1797 284 1831 Ego
300 1796 466 1824 Corinthius
478 1796 580 1830 iudico
589 1796 670 1825 hunc
691 1797 775 1824 omni
789 1796 954 1825 sacerdotio
967 1795 1014 1823 in-

186 1840 322 1876 dignum,
338 1843 441 1877 utpote
461 1841 661 1876 irreligiosum
677 1843 705 1869 et
723 1840 928 1877 blasphemias
952 1848 1014 1868 non

188 1885 286 1914 solum
302 1888 401 1913 mente
416 1885 577 1920 foventem,
593 1894 698 1914 verum
718 1886 808 1914 etiam
828 1885 1012 1922 loquentem.

188 1930 333 1963 Quamvis
353 1929 434 1958 enim
454 1929 511 1958 illis
536 1937 616 1959 nunc
632 1931 793 1959 anathema
808 1929 891 1965 dixit,
907 1930 1014 1958 nihilo-

187 1974 287 2003 minus
299 1974 466 2003 sacerdotio
475 1977 502 2003 et
513 1974 591 2003 clero
599 1975 766 2003 excluditur
773 1975 859 2011 juxta
867 1982 1013 2011 magnum

185 2019 382 2048 Athanasium
395 2019 630 2048 Alexandrinum
641 2019 672 2048 in
684 2019 815 2056 Epistola
828 2019 868 2048 ad
883 2019 1014 2048 Ruﬁnia-

186 2071 261 2092 num
280 2064 467 2100 episcopum,
481 2064 627 2100 juxtaque
642 2064 716 2092 alios
735 2064 853 2092 divinos
868 2071 1012 2092 canones.

188 2110 269 2137 Certe
284 2109 430 2145 synodica
445 2109 520 2137 sexti
530 2109 648 2137 concilii
660 2109 795 2137 deﬁnitio
809 2109 851 2137 ita
860 2109 971 2145 partim
982 2116 1013 2136 se

185 2153 279 2182 habet
292 2161 303 2181 :
318 2164 332 2179 «
348 2153 397 2181 His
414 2154 516 2190 itaque
528 2161 598 2182 cum
617 2154 700 2182 omni
712 2154 866 2189 diligentia
878 2162 1011 2190 curaque

188 2198 299 2226 eximia.
328 2206 347 2226 a
369 2198 458 2226 nobis
479 2198 657 2233 constitutis,
675 2199 837 2227 definimus
851 2199 966 2227 nemini
979 2198 1014 2227 li-

189 2250 254 2270 cere
280 2242 370 2271 aliam
395 2243 487 2271 ﬁdem
511 2243 643 2280 proferre
666 2252 719 2272 seu
745 2244 943 2278 conscribere,
968 2243 1014 2272 vel

189 2294 381 2323 componere,
398 2295 497 2324 neque
516 2287 598 2317 aliud
613 2288 786 2325 symbolum
798 2296 947 2325 exponere
963 2290 1015 2317 aut

188 2331 296 2360 docere
308 2332 356 2360 vel
368 2332 493 2361 tradere.
509 2344 522 2357 n
540 2334 574 2361 Et
586 2334 691 2370 paucis
704 2334 884 2370 interpositis
901 2341 907 2361 :
935 2343 946 2359 ι
964 2332 1014 2361 Vel

188 2384 302 2405 novum
325 2377 468 2414 loquendi
482 2385 588 2414 genus,
605 2387 656 2406 seu
671 2378 890 2407 vocabulorum
910 2378 1013 2406 inven-

188 2421 300 2450 tionem
322 2421 473 2456 invehere,
497 2422 535 2451 ad
549 2422 726 2458 dogmatum
739 2431 807 2459 quae
820 2422 1013 2451 deﬁnivimus

189 2466 424 2494 subversionem.
453 2466 539 2500 Quod
565 2467 590 2495 si
613 2467 644 2495 id
667 2467 778 2495 faciant
802 2466 935 2503 episcopi
963 2468 1014 2495 aut

187 2510 295 2546 clerici,
317 2511 494 2548 episcopatu
517 2513 546 2540 et
568 2512 708 2540 clericatu
728 2514 859 2541 extorres
877 2512 953 2541 ﬁant
968 2521 975 2548 ;
989 2512 1014 2540 si

228 2715 251 2735 ⁸ο
263 2716 362 2748 Matth.
374 2720 450 2755 mn,
460 2721 487 2748 6.

1064 193 1220 231 τελεώτερον,
1241 193 1319 219 καὶέν
1343 193 1415 230 ἑτέρᾳ
1441 192 1588 219 συνελεύσιι
1611 193 1640 218 τὸ
1666 190 1763 218 δοκοῦν
1785 191 1887 221 αὐτοῖς

1064 237 1259 274 ἀποφήνασθαι.

1100 282 1165 318 Ἐγὼ
1189 284 1234 318 μὲν
1261 283 1273 308 ό
1302 281 1594 312 Κωνσταντινούπολεως
1620 278 1810 317 ἁπαράὸεκτον
1840 280 1884 310 εἰς

1065 328 1205 364 ἱερωσύνην
1222 329 1311 353 τοῦτόν
1325 337 1391 363 φημι
1407 325 1481 362 εἶναι,
1501 328 1534 357 ὡς
1558 325 1600 354 ἐπὶ
1616 324 1664 352 δύο
1684 323 1737 354 ἤδη
1752 334 1886 362 χρόνους

1064 371 1093 397 οὗ
1109 373 1195 408 κρύφα
1210 370 1266 398 οὐδ’
1280 371 1304 397 ἐν
1323 373 1415 407 γωνίᾳ,
1438 371 1502 397 ἀλλὰ
1515 374 1627 408 φανερῶς
1642 371 1711 396 κατὰ
1726 373 1774 396 τοῦ
1788 370 1884 405 ὀρθοῦ

1064 416 1306 453 παρρησιαζόμενον
1318 414 1510 453 δόγματος,καὶ
1519 417 1662 452 συνήγορον
1673 417 1734 441 ὄντα
1746 414 1883 450 λαμπρὸν

1065 465 1110 491 τῆς
1122 459 1240 492 ἀσεϐείας
1250 463 1294 487 καὶ
1309 463 1458 497 πρόμαχον.

1101 507 1165 541 Ἐγὼ
1195 504 1224 531 δὲ
1250 506 1262 531 ό
1285 505 1467 542 Ἰεροσολύμων
1503 504 1570 531 αὐτὰ
1600 508 1684 530 ταῦτα
1712 505 1758 529 χαί
1788 503 1883 532 αὐτὸς

1066 551 1222 586 γνωματεύω
1249 550 1313 586 ἇπερ
1350 551 1362 576 ό
1394 550 1537 585 ἀγιώτατος
1565 549 1628 586 ἐμοῦ
1662 546 1794 578 δεσπότης
1828 551 1883 574 καὶ

1067 595 1263 632 συλλειτουργὸς
1277 596 1290 620 ό
1318 594 1609 624 Κωνσταντινουπόλεως
1633 593 1675 620 ἐπὶ
1699 597 1729 630 τῇ
1757 602 1879 629 τοιαυτῃ

1066 640 1187 666 ὑποθέσει
1203 640 1345 676 θιαρέστως
1359 640 1425 675 οἶγαν
1440 641 1485 665 καὶ
1500 638 1609 668 εὐσεϐῶς
1624 638 1783 674 ἀπεφήνατο.

1104 684 1167 719 Ἐγὼ
1201 682 1230 710 δὲ
1258 685 1270 709 ὀ
1300 683 1459 721 Βουλγαρίας
1487 683 1551 719 λέγω
1581 681 1708 709 ἀδύνατον
1738 681 1808 708 εἶναι
1843 683 1879 707 τὸ

1066 726 1269 765 παραδεχϐῆναι
1306 732 1394 755 τοῦτον
1432 729 1502 764 ἔχειν
1541 729 1691 765 ἱερωσύνην,
1749 728 1791 752 ὅτι
1849 735 1881 751 τε

1066 777 1181 799 τοιοῦτον
1211 771 1356 799 σκάνδαλον
1389 774 1456 799 κατά
1484 777 1529 804 τῆς
1559 772 1713 802 Ἐχκλησίας
1740 771 1877 808 ἐξήγειρε,

1066 821 1111 844 καὶ
1139 818 1177 844 ὅτι
1203 820 1248 844 καὶ
1273 816 1394 855 διάφοροι
1419 819 1500 854 τούτῳ
1525 815 1599 853 οἶμαι
1623 816 1877 849 συνηκολούθησαν,

1066 865 1111 889 καὶ
1135 862 1273 899 ἀγνοοῦμεν
1298 863 1320 889 εἰ
1348 864 1412 899 πρὸς
1441 861 1561 891 ἀληθειαν
1588 862 1652 898 μετὰ
1676 861 1754 898 ὀρθοῦ
1774 862 1879 898 φρονή-

1066 917 1145 943 ματος
1174 909 1218 934 καὶ
1242 909 1299 933 τότε
1331 908 1595 944 ἑπιστραφῆσονται·
1627 908 1671 932 καὶ
1704 907 1773 942 εἰπερ
1800 906 1878 931 κατὰ

1067 962 1100 978 τα
1123 953 1243 988 Κυριακὰ
1264 951 1340 987 λόγιοι
1362 956 1398 987 τῷ
1420 952 1463 978 ἓνα
1485 952 1545 977 τινὰ
1564 955 1614 977 τῶν
1634 955 1733 988 μικρῶν
1749 947 1876 976 σκανδα-

1066 996 1170 1023 λίσαντι
1189 1006 1238 1022 των
1262 998 1433 1023 πιστευόντων
1461 996 1494 1026 εἰς
1524 997 1568 1022 τὸν
1594 996 1710 1032 Χριστόν
1735 996 1874 1031 συμφέρον

1068 1041 1137 1068 ἐστὶν
1158 1043 1198 1067 ἰνα
1230 1041 1302 1072 λίθος
1330 1040 1472 1077 μυλωνιχὸς
1501 1040 1535 1071 εἱς
1563 1041 1607 1066 τὸν
1633 1039 1766 1077 τράχηλον
1785 1038 1874 1065 αὐτοῦ

1068 1086 1214 1122 κρεμασθῇ,
1250 1088 1295 1111 καὶ
1323 1085 1358 1116 εἰς
1393 1084 1474 1121 βυθόν
1505 1084 1640 1114 θαλάσσης
1681 1083 1823 1121 ἀποῤῥιφῇ,
1859 1083 1874 1108 ό

1067 1130 1174 1160 πολλοὺς
1204 1128 1382 1160 σκανδαλίσας
1406 1129 1448 1155 ἐπὶ
1476 1133 1513 1164 τῷ
1537 1127 1663 1165 δόγματι,
1692 1129 1770 1164 ὁποία
1793 1129 1874 1154 ἔσται

1067 1177 1181 1212 τιμωρίᾳ
1213 1173 1337 1205 ὑπόδικος
1363 1173 1469 1208 ;Ἀλλὰ
1499 1176 1544 1200 καὶ
1574 1173 1602 1200 ἐκ
1633 1172 1764 1209 διαφόρων
1794 1173 1873 1198 σείων

1066 1222 1178 1246 κανόνων
1189 1221 1218 1245 τὸ
1231 1217 1413 1257 ἀπαράὸεκτον
1427 1220 1493 1255 πρὸς
1509 1218 1650 1256 ἱερωσύνην
1662 1220 1708 1244 καὶ
1720 1218 1873 1254 καθῃρημέ-

1066 1274 1107 1291 νον
1120 1268 1211 1291 τοῡτον
1226 1262 1291 1290 εἶναί
1304 1260 1518 1300 διαγινώσκει-αι.

1103 1309 1181 1336 Ἀλλὰ
1203 1308 1274 1344 κάγὼ
1305 1309 1317 1335 ό
1356 1310 1461 1346 Κύπρου
1495 1310 1571 1335 τοῦτό
1600 1318 1678 1345 φημι,
1703 1309 1736 1338 ὡς
1761 1308 1794 1333 τα
1821 1309 1870 1343 μὲν

1067 1354 1132 1380 ἄλλα
1149 1357 1195 1380 τοῦ
1219 1352 1314 1391 ἀνδρὸς
1341 1351 1480 1390 ἀπόδημος
1499 1354 1543 1387 ὢν,
1564 1354 1593 1379 τὸ
1615 1355 1738 1390 πρότερον
1753 1352 1782 1378 οὐ
1803 1354 1870 1378 σύν-

1066 1397 1129 1426 οιδα
1161 1398 1275 1435 ἀκριϐῶς
1297 1399 1348 1424 ὃσα
1375 1401 1419 1425 καὶ
1450 1397 1645 1434 βλασφημῆσαι
1670 1397 1770 1433 λέγεται
1799 1398 1870 1422 κατὰ

1066 1447 1112 1469 τοῦ
1146 1443 1223 1481 ὀρθοῦ
1256 1442 1385 1479 δόγματος
1416 1447 1461 1473 τῆς
1491 1442 1671 1472 Ἐκκλησίας’
1701 1441 1743 1478 ἀφ’
1770 1442 1803 1466 ὧν
1837 1439 1869 1468 δὲ

1068 1490 1180 1525 σήμερον
1194 1487 1298 1514 ἐνώπιον
1314 1491 1360 1514 τοῦ
1381 1486 1521 1523 βασιλικου
1539 1489 1584 1513 καὶ
1601 1488 1730 1522 ἱερατικου
1747 1485 1869 1523 βήματος

1065 1530 1144 1559 τουδε
1172 1532 1344 1570 ἠκροασάμην
1378 1531 1497 1568 λέγοντος
1527 1533 1632 1566 τούτου,
1665 1530 1694 1557 οὐ
1722 1532 1797 1567 μόνον
1831 1530 1869 1561 είς

1067 1576 1266 1614 ἀρχιερωσύνην
1282 1574 1460 1614 ἁπαράδειιτον
1483 1574 1548 1602 εἶναι
1571 1576 1737 1602 παντάπασιν
1752 1573 1868 1610 ἀποφαί-

1067 1631 1143 1658 νομαι
1157 1621 1244 1656 αὐτὸν²
1261 1621 1325 1647 ἀλλὰ
1347 1623 1392 1647 καὶ
1413 1621 1492 1647 αὐτου
1505 1630 1552 1647 του
1575 1618 1698 1647 διακόνου
1719 1619 1823 1656 βαθμου
1840 1619 1868 1645 ὃν

1068 1664 1141 1692 δοκεῖ
1155 1667 1217 1696 τέως
1233 1667 1314 1701 ἔχειν,
1323 1665 1426 1697 ἀνάξιος
1436 1666 1520 1694 πάντη
1533 1665 1703 1697 καθέπηκωι,
1717 1665 1751 1694 ὡς
1763 1662 1867 1701 ἀφαιρε-

1067 1712 1125 1737 τέου
1140 1713 1184 1737 καὶ
1197 1712 1290 1736 τούτου
1304 1711 1477 1746 τυγχάνοντος
1488 1709 1514 1741 ἐξ
1529 1709 1618 1736 αὐτου.

1104 1757 1169 1790 Ἐγώ
1181 1753 1210 1781 δὲ
1219 1756 1230 1781 ό
1239 1756 1397 1792 Καισαρείας
1408 1756 1440 1785 ὡς
1451 1753 1574 1785 πολλάκις
1584 1754 1652 1780 χατὰ
1659 1757 1703 1784 τῆς
1714 1751 1869 1790 ἁρθοδοξίας

1069 1799 1144 1826 αὐτὸν
1160 1798 1285 1826 ἑνστάντα
1304 1799 1337 1829 εἰς
1358 1799 1497 1837 ἱερωσύνην
1510 1798 1540 1825 οὐ
1550 1796 1749 1835 παραδέχομαι.

1104 1843 1168 1880 Ἐγὼ
1197 1841 1227 1870 ὃὶ
1250 1845 1262 1869 ὁ
1292 1844 1418 1881 Κορίνθου
1437 1845 1516 1881 κρίνω
1540 1853 1631 1870 τουτον
1645 1844 1733 1873 πάσης
1753 1843 1866 1879 ἱερωσύ-

1068 1898 1112 1919 νης
1127 1888 1240 1923 ἀνάξιον,
1265 1890 1296 1919 ὡς
1318 1888 1398 1918 ἀσεϐῆ
1423 1898 1450 1914 τε
1467 1890 1512 1914 καὶ
1531 1887 1677 1925 βλὼφημα
1703 1890 1868 1924 φρονήσαντα

1069 1936 1113 1960 καὶ
1131 1933 1280 1963 λαλήσαντα
1308 1941 1315 1949 '
1344 1933 1365 1960 εἰ
1390 1934 1441 1971 γὰρ
1466 1936 1511 1959 καὶ
1536 1932 1678 1969 ἁναθέματι
1697 1942 1740 1958 νυν
1768 1933 1868 1958 καθυπ-

1069 1977 1167 2013 έϐαλιν,
1194 1978 1259 2004 ἀλλὰ
1286 1981 1332 2009 τῆς
1362 1979 1505 2015 ἱερωσύνης
1528 1980 1573 2004 καὶ
1600 1987 1644 2004 του
1671 1977 1767 2014 κλήρου
1795 1976 1867 2003 ἐκϐέ-

1069 2023 1171 2059 ϐληται,
1202 2023 1270 2049 κατὰ
1293 2024 1337 2049 τὸν
1373 2021 1567 2059 Ἀλεξανδρείας
1599 2024 1679 2059 μέγαν
1714 2022 1866 2049 Ἀθανάσιον

1068 2067 1133 2104 πρός
1169 2066 1341 2104 Ἱόυφινιανὸν
1381 2067 1523 2094 ἐπισκοπον
1553 2067 1703 2104 γράψαντα,
1733 2069 1778 2093 καὶ
1810 2067 1867 2093 καθ’

1069 2112 1171 2149 ἐτέρους
1204 2113 1287 2143 θείους
1316 2114 1425 2143 κανόνας
1449 2120 1456 2126 ·
1485 2113 1498 2138 ό
1520 2113 1564 2148 μέν
1587 2121 1629 2138 τοι
1656 2109 1795 2142 συνοδικός
1810 2114 1865 2149 ᾇοος

1069 2160 1116 2188 τῆς
1140 2157 1217 2193 ἁγίας
1237 2157 1312 2188 ἕκτης
1342 2155 1455 2183 συνόδου
1475 2157 1553 2187 οὕτως
1581 2156 1605 2183 ἐν
1632 2159 1702 2193 μέρει
1733 2154 1841 2187 διέξεισι
1857 2165 1863 2171 ·

1069 2212 1084 2228 ι(
1116 2202 1218 2228 Τούτων
1256 2204 1341 2229 τοίνυν
1379 2203 1444 2238 μετὰ
1478 2203 1567 2233 πάσης
1601 2201 1735 2238 ἀκριϐείας
1766 2211 1792 2227 τι
1822 2203 1865 2227 καὶ

1069 2246 1204 2283 ἐμμελείας
1239 2248 1405 2283 πανταχόθεν
1441 2247 1503 2284 παρ’
1540 2247 1612 2283 ἡμῶν
1640 2244 1862 2279 διατυπὼθέντων,

1069 2292 1188 2328 ὁρίζομτπ
1219 2291 1305 2329 ἑτέραν
1345 2294 1435 2319 πίστιν
1474 2290 1568 2328 μηδενὶ
1595 2291 1687 2323 εξεῖναι
1717 2293 1860 2328 προφέρειν,

1069 2337 1149 2372 ἤγουν
1183 2337 1342 2374 συγγράφειν
1374 2336 1389 2366 ἦ
1425 2337 1571 2362 συντιθέναι
1600 2338 1689 2362 πίστιν
1720 2335 1816 2372 ἑτέραν,
1847 2336 1861 2364 ἡ

1068 2382 1236 2418 προκομίζειν
1259 2381 1274 2411 ἢ
1301 2379 1439 2407 διδάσκειν
1458 2381 1473 2410 ἡ
1501 2378 1681 2418 παραδιδόναι
1699 2381 1780 2417 ἕτερον
1797 2381 1862 2416 σύμ-

1069 2425 1152 2453 ϐολον.
1171 2437 1181 2450 ι
1202 2427 1253 2453 Καὶ
1277 2427 1341 2462 μετά
1366 2435 1424 2452 τινα
1439 2434 1446 2442 ”
1472 2434 1488 2452 )
1511 2424 1545 2452 Ἦ
1565 2427 1732 2461 χαινοφωνίαν
1755 2427 1811 2454 ἤτοι
1826 2424 1863 2451 λέ-

1069 2470 1129 2502 ξεων
1158 2469 1288 2507 ἐφεύρεσιν
1325 2471 1387 2507 πρὸς
1420 2469 1567 2507 ἀνατροπὴν
1600 2470 1713 2506 εἰσάγειν
1741 2474 1790 2495 τῶν
1821 2480 1862 2495 νυν

1068 2517 1129 2552 παρ’
1157 2515 1230 2550 ἡμῶν
1263 2513 1457 2551 διορισθέντων,
1483 2514 1640 2545 ἐπισκόπους
1667 2516 1712 2551 μὲν
1746 2516 1816 2545 ὄντας
1847 2514 1861 2543 ἡ

1068 2560 1216 2598 κληρικοὺς,
1240 2559 1390 2598 ἀλλοτρίους
1418 2560 1483 2587 εἶναι
1507 2565 1552 2591 τῆς
1582 2559 1725 2590 ἐπισκοπῆς
1754 2561 1798 2587 καὶ
1820 2569 1862 2585 τον
