1947 3077
208 96 258 123 195

869 89 1003 119 ΝΙΟΕΤΕ
1034 88 1221 118 CHONIATE

1836 91 1898 120 196

206 163 289 190 garo,
304 155 420 192 absque
436 154 545 192 Cyprio
563 155 616 191 qui
639 161 701 182 non
725 152 866 187 interfuit,
882 152 969 181 nobis
988 152 1010 180 ir

1085 153 1186 177 τώντων
1223 155 1254 187 τῇ
1294 151 1415 178 ὑποθέσει
1455 156 1629 188 πατριαρχῶν
1644 172 1651 186 ,
1683 151 1902 184 οννδιαιτῶντος

204 207 308 237 quam,
326 199 537 238 suprascriptis
552 198 702 236 episcopis
721 197 968 235 astipulantibus.

243 343 494 378 Quandoquidem
509 343 651 371 hesterna
662 343 728 370 acta
738 349 806 378 quas
821 341 944 377 propter
957 341 1033 368 tem-

207 389 288 426 poris
303 388 457 424 angustias
472 387 549 415 lecta
573 394 635 415 non
651 386 835 420 fuere,hodie
851 385 974 413 demum
989 384 1032 412 le-

207 433 307 469 genda
331 434 425 468 erant,
442 440 541 468 neque
568 431 672 459 aderat
694 438 815 466 magnae
830 430 880 458 Dei
907 429 1031 458 civitatis

205 477 368 506 Antiochia:
385 477 494 505 electus
510 476 580 504 olim
596 475 768 512 patriarcha
779 474 948 503 Soterichus
958 475 1030 502 Pan-

206 524 363 557 teugenus,
380 521 435 549 etsi
449 521 474 549 is
485 529 503 549 a
514 521 597 556 regia
620 520 750 556 divaque
765 519 1030 555 circumspectione

206 566 269 594 sine
280 565 420 594 dilatione
446 572 621 601 comparere
642 564 732 592 hodie
742 565 845 600 juSsus
863 563 975 599 fuerat;
988 563 1030 591 id-

206 611 284 639 circo
308 617 430 638 necesse
444 609 500 637 fuit
518 609 559 637 illi
571 603 678 637 iterum
690 609 829 637 intimare
839 608 984 641 notitiam,
1001 608 1031 635 ut

206 657 342 684 actorum
366 653 485 682 lectioni
509 654 682 688 interesset;
705 653 789 690 quod
805 653 830 681 si
848 653 923 681 forte
939 652 1031 680 nollet

205 699 402 728 nihilominus
416 701 552 726 actorum
566 698 725 726 lectionem
739 697 803 726 ﬁeri
814 699 963 734 oportere.
978 697 1031 724 De-

205 744 294 779 legati
310 746 381 772 sunt
396 743 484 778 igitur
500 743 539 771 ad
554 743 654 778 ipsum
679 751 695 771 e
713 742 826 771 nostris
850 742 1030 779 praesulibus

207 788 337 817 Corinthi
369 787 555 819 Theodorus,
586 787 822 824 Adrianopoleos
853 789 921 821 Leo,
955 786 1030 815 Parii

1086 196 1181 232 ὀμοίως
1205 198 1250 222 καὶ
1274 195 1336 232 ἐμοῦ
1364 196 1542 234 Βουλγαρίας,
1563 197 1622 223 ἄνευ
1649 200 1696 223 τοῦ
1723 199 1833 235 Κύπρου
1856 200 1900 234 μὴ

1087 241 1364 279 συμπαρουσιάξοντος
1379 261 1387 274 ,
1408 239 1702 278 συνδιαγνωμονούντων
1730 243 1805 279 ἡμῶν
1838 247 1900 269 τῶν

1085 287 1367 323 προαναγεγραμμένων
1382 287 1483 312 πάντων
1499 285 1651 323 ἀρχιερέων.

1123 331 1193 358 Ἐπεὶ
1222 332 1252 357 τὸ
1283 331 1352 357 κατὰ
1379 333 1426 360 τὴν
1449 332 1513 367 χθὲς
1544 333 1645 367 γεγονὸς
1677 334 1816 369 σημείωμα
1852 335 1896 368 μὴ

1086 376 1188 412 φθάσαν
1218 375 1416 411 ἀναγνωσθῆναι
1447 374 1494 402 διὰ
1525 377 1555 402 τὸ
1594 377 1681 402 στενὸν
1712 380 1758 402 τοῦ
1791 381 1899 415 καιροῦ

1085 419 1183 456 ἔμελλεν
1208 419 1406 456 ἀναγνωσθῆναι
1431 422 1478 449 τήν
1503 423 1632 458 σήμερον,
1653 420 1682 447 οὗ
1707 425 1792 459 παρῆν
1825 420 1858 448 δὲ
1883 422 1900 447 ὁ

1086 465 1187 501 φθάσας
1219 465 1387 502 πατριάρχης
1420 464 1586 495 smmum;
1627 465 1742 501 μεγάλης
1780 465 1899 492 Ἀντιο-

1084 511 1158 545 χείας
1191 512 1344 547 Σωτήριχος
1369 510 1382 535 ὁ
1411 510 1582 545 Παντεύγενος
1599 531 1606 544 ,
1626 511 1671 536 καὶ
1702 513 1786 536 ταῦτα
1818 520 1900 547 παρ-

1084 554 1217 590 omnes;
1255 555 1327 591 παρὰ
1360 557 1408 585 τῆς
1441 553 1576 590 βασιλείου
1618 556 1663 580 καὶ
1701 555 1770 585 θείας
1813 563 1897 592 περι-

1085 603 1158 630 ωπῆς
1183 600 1239 635 (26)
1265 600 1447 636 παρουσιάσαι
1472 598 1649 636 ἀνυπερθέτως
1673 601 1721 629 τὴν
1752 602 1891 638 σήμερον·

1085 642 1177 673 ἐδέησε
1199 642 1245 670 διὰ
1271 647 1354 671 ταῦτα
1381 646 1426 670 καὶ
1451 643 1528 670 πάλιν
1556 642 1667 674 δοθῆναι
1694 644 1763 680 αὐτῷ
1779 643 1897 674 εἴδησιν

1085 690 1120 719 ὡς
1135 690 1165 715 ἄν
1195 690 1364 726 παρουσιάσῃ
1395 689 1435 715 ἐπὶ
1457 693 1487 725 τῇ
1514 688 1658 724 ἀναγνώσει
1688 693 1733 715 τοῦ
1762 691 1895 716 τοιούτου

1086 736 1268 770 σημειώματος
1283 741 1289 748 ·
1306 733 1328 760 εἰ
1342 735 1377 770 μὴ
1399 732 1521 770 βούλοιτο
1533 753 1540 767 ,
1560 736 1606 759 καὶ
1620 733 1727 764 ἀπόντος
1743 734 1825 760 αὑτοῦ
1839 737 1894 764 τὴν

1085 780 1178 805 τούτου
1203 779 1324 814 γενέσθαι
1341 777 1496 814 ἀνάγνωσιν.
1518 777 1716 807 ’Δπεστάλησαν
1746 776 1790 804 οὖν
1819 781 1896 816 πρὸς

206 833 342 862 Nicolaus
355 840 362 865 ;
379 832 562 868 quibuscum
575 832 685 860 missus
698 821 852 860 fuitetiam
865 832 959 868 judex
974 839 1008 859 ve

1086 821 1160 849 αὐτ-ὅν
1193 822 1244 849 ἀπὸ
1275 823 1319 859 μὲν
1350 826 1400 849 τῶν
1433 821 1575 859 ἀρχιερέων
1606 823 1678 858 ἡμῶν
1711 823 1724 848 ὁ
1757 824 1894 860 Κορινθου

204 878 335 906 Thomas
362 876 555 913 Hapluchres.
583 877 616 905 Hi
637 884 707 905 vero
726 884 790 904 rem
812 877 1028 912 signiﬁcantes,

206 922 348 958 scriptam
372 921 628 949 denuntiationem
648 921 731 958 apud
754 929 824 949 eum
847 921 1031 957 reliquerunt

205 965 409 1003 comparendi,
426 967 468 994 uti
483 965 597 994 dictum
611 968 664 994 est.
678 966 794 995 Scheda
808 968 909 995 autem
922 966 1031 994 tradita

204 1011 247 1040 ita
259 1010 298 1039 ad
310 1010 439 1039 litteram
454 1018 487 1039 se
505 1010 638 1039 habebat
651 1019 658 1038 :

240 1171 347 1202 Mensis
370 1170 436 1200 Maii
462 1170 510 1199 die
535 1171 621 1200 tertia
647 1171 774 1206 decima,
804 1171 965 1200 indictione
987 1179 1031 1199 se-

205 1216 317 1251 cunda,
341 1215 540 1252 praesentibus
555 1216 684 1244 diacono
699 1218 811 1251 Magnae
831 1216 966 1244 Ecclesiae
981 1218 1031 1245 Be-

205 1260 359 1289 lissariota
387 1260 553 1296 Theodoro,
577 1261 702 1296 Georgio
726 1261 835 1289 lectore
865 1261 1030 1290 Antiochiae

203 1305 359 1334 modestiae
382 1305 556 1341 praeposito,
576 1306 702 1341 Georgio
727 1305 893 1335 Scutariota
920 1306 1030 1335 lectore

203 1350 471 1386 Adrianopolitano
494 1359 501 1385 ;
529 1350 622 1386 regali
643 1351 773 1387 divoque
800 1353 828 1380 et
854 1352 1029 1380 venerando

199 1395 300 1430 jussu,
311 1393 377 1422 licet
388 1402 449 1423 non
463 1395 583 1431 scripta,
608 1403 663 1424 nos
689 1396 821 1432 episcopi
853 1396 1028 1425 auctoritate

204 1438 388 1467 demandata
414 1446 432 1467 Β.
454 1439 642 1468 sanctissimo
663 1439 788 1469 domino
802 1442 830 1469 et
842 1441 1027 1469 oecumenico

199 1483 385 1534 patriarcha,
401 1485 430 1511 et
446 1491 469 1534 ο,-
482 1484 671 1534 sanctissimo
685 1485 958 1522 Hierosolymorum
977 1494 1028 1523 pa-
1043 1505 1064 1534 ϐ

199 1527 329 1556 triarcha
349 1528 501 1556 monacho
516 1528 640 1557 domino
654 1530 778 1562 Joanne,
791 1530 914 1567 insuper
937 1531 1028 1560 etiam

199 1580 218 1601 a
230 1572 423 1601 sanctissimo
444 1573 670 1611 archiepiscopo
686 1575 775 1604 totius
789 1576 943 1611 Bulgariae,
958 1576 1028 1605 cha—

199 1616 319 1645 rissimo
334 1619 443 1654 patruo
459 1618 587 1654 potentis
614 1620 770 1656 sanctique
793 1621 885 1649 nostri
898 1621 1028 1657 impera-

200 1662 437 1697 toris,monacho
449 1662 586 1699 inquam,
600 1663 723 1692 domino
737 1666 850 1693 Joanne
861 1665 1026 1701 Comneno;

198 1714 254 1734 nec
268 1714 329 1734 non
339 1707 378 1734 ad
396 1714 509 1742 eaquae
528 1707 560 1734 in
583 1707 815 1737 Blachernarum
830 1709 941 1745 palatio
957 1719 1027 1739 con-

198 1749 280 1778 venit
290 1752 395 1778 sancta
404 1750 534 1786 divaque
545 1751 674 1787 synodo;
686 1753 877 1788 pervenimus
890 1755 929 1782 ad
941 1762 1028 1783 vene-

198 1793 329 1821 randum
356 1793 545 1829 Hodegorum
569 1795 845 1833 cmnobium,atque
860 1798 890 1826 in
901 1807 1027 1836 conspe-

201 1839 283 1866 ctum
311 1837 436 1865 admissi
461 1838 546 1866 electi
574 1839 646 1867 olim
673 1841 849 1875 patriarchae
876 1843 927 1871 Dei
942 1844 1025 1872 urbis

197 1881 363 1909 Antiochiae
392 1889 511 1916 magnae
531 1882 646 1911 domini
661 1884 803 1913 Soterichi
829 1887 1022 1924 Panteugeni,

194 1925 400 1953 nuntiavimus
413 1926 439 1953 ei
460 1934 526 1962 quae
551 1927 583 1955 in
612 1928 762 1957 mandatis
784 1930 957 1965 habuimus,
973 1933 1022 1962 his

193 1969 293 1997 verbis
304 1970 547 1999 :Potentissimus
561 1973 590 2000 et
603 1975 726 2001 sanctus
744 1974 908 2011 imperator
921 1981 1024 2007 noster

191 2012 282 2048 jussit
295 2013 368 2049 heri,
382 2016 414 2042 ut
438 2014 519 2043 dicta
541 2018 645 2044 sancta
674 2017 809 2053 synodus
825 2021 917 2057 tuque
931 2021 1023 2051 etiam

194 2057 284 2085 hodie
304 2058 489 2086 conveniatis
510 2059 550 2087 ad
575 2059 733 2089 lectionem
748 2063 931 2093 audiendam
945 2074 1025 2094 com-

197 2102 335 2146 mentarii
352 2102 390 2130 de
408 2102 499 2130 rebus
511 2103 670 2140 disputatis
684 2108 713 2134 et
725 2107 810 2143 actis,
828 2111 855 2137 te
869 2110 1021 2146 audiente,

194 2145 334 2174 hesterna
346 2146 394 2174 die
407 2154 474 2182 quae
486 2147 540 2176 fuit
549 2151 704 2184 praesentis
714 2152 827 2180 mensis
842 2153 1022 2184 duodecima

195 2197 298 2235 coram
319 2190 412 2225 regali
427 2191 544 2227 throno,
561 2196 724 2231 sanctaque
735 2199 764 2224 et
776 2197 878 2227 divina
891 2201 1019 2235 synodo.

196 2233 344 2266 Quoniam
359 2241 431 2262 vero
444 2235 513 2264 dicti
525 2238 706 2267 sanctissimi
725 2233 1021 2276 patriarchae-caeteri-

198 2285 257 2324 que
272 2278 418 2324 antistites
437 2285 642 2311 convenerunt
652 2284 682 2311 in
696 2284 926 2316 Blachernarum
937 2289 1021 2324 pala-

196 2322 357 2369 tio,acjai_n
372 2325 550 2359 praesidente
565 2334 584 2354 a
600 2328 658 2356 Deo
669 2332 812 2359 coronato
826 2322 1018 2369 imperatore,

194 2369 222 2394 et
242 2367 352 2412 synodi
365 2368 455 2404 pleno
478 2377 615 2405 numero,
633 2374 665 2400 tu
684 2381 747 2402 non
775 2367 906 2412 adfuisti,
934 2367 1019 2408 missi

193 2418 249 2460 nos
264 2410 384 2445 fuimus,
461 2413 574 2460 dictum
599 2418 652 2452 est,
667 2418 706 2446 ad
723 2421 750 2447 te
773 2410 973 2460 invitandum,
987 2427 1018 2453 ut

193 2455 257 2484 sine
276 2463 364 2485 mora
377 2456 458 2485 adsis
480 2458 570 2488 hodie
584 2460 704 2490 lectioni
720 2466 856 2494 actorum
866 2455 1017 2498 hesterno-

193 2508 272 2546 rum.
289 2501 368 2530 Scito
384 2501 475 2536 enim,
489 2504 572 2539 quod
588 2505 611 2533 si
630 2507 754 2536 minime
768 2509 798 2537 id
813 2510 916 2546 facias,
930 2513 978 2542 vel
990 2517 1016 2542 te

189 2544 314 2574 absente
334 2548 402 2574 acta
415 2547 611 2577 nihilominus
632 2550 778 2586 legentur.
795 2544 920 2585 Coactus
934 2560 1015 2588 enim

191 2597 210 2618 θ.
237 2590 298 2619 Deo
332 2590 442 2620 electus
472 2593 679 2624 sanctissimus
715 2600 816 2628 noster
850 2601 1015 2638 imperator

226 2678 280 2714 ('26)
292 2682 434 2719 _ﬂspzmnb,
450 2681 548 2719 Latine

190 2712 314 2751 honoris
337 2712 413 2751 ‘quor
427 2712 432 2716 ⁷
442 2717 532 2746 utitur

191 2749 237 2777 VI.
256 2750 306 2783 PP,
335 2749 417 2786 apud
438 2759 494 2780 nos

574 2684 802 2726 circumspectio,
828 2694 1012 2726 vocabulum

564 2727 636 2762 erga
662 2723 829 2762 cardinales
861 2723 1010 2762 Adriani;

520 2753 657 2792 Spici‘zeg.
683 2760 703 2786 t.
731 2761 764 2792 n,
789 2753 1007 2801 Ρὲωιὶἷῖῖᾝῇῗ

1087 866 1244 905 Θεόδωρος,
1287 868 1300 893 ὁ
1337 865 1575 904 Ἀδριανουπόλεως
1613 869 1684 893 Λέων
1717 868 1730 894 ό

1085 912 1213 943 Νικόλαος
1224 923 1231 929 ·
1248 910 1422 941 συνδιεστάλη
1437 910 1466 938 δέ
1486 913 1588 943 τούτοις
1601 912 1614 938 ὁ
1627 914 1717 950 κριτὴς
1731 915 1777 939 τοῦ
1798 912 1892 948 βήλου

1086 960 1181 993 Θωμᾶς
1218 956 1386 994 Ἀπλούχρης
1415 967 1422 973 ·
1454 959 1499 982 καὶ
1537 954 1727 993 διεμηνύσαντο
1773 958 1890 984 τούτων.

1085 1001 1262 1038 παραγγελίαν
1305 1002 1433 1039 ἔγγραφον
1478 1002 1577 1038 θέμενοι
1612 1002 1679 1038 πρὸς
1709 1001 1786 1027 αὐτὸν
1800 1022 1809 1036 ,
1845 1002 1895 1028 ἵνα

1085 1047 1266 1082 παρουσιάσῃ,
1287 1046 1322 1077 ὡς
1345 1047 1455 1083 εἴρηται.
1478 1045 1578 1082 Ἔσχεν
1605 1047 1635 1073 τὸ
1655 1044 1716 1082 παρ’
1730 1045 1816 1072 αὐτῶν
1841 1046 1892 1072 ἐκ-

1084 1091 1153 1117 τεθὲν
1169 1092 1307 1127 σημείωμα
1320 1091 1406 1128 ῥητῶς
1419 1090 1526 1117 οὑτωσί.

1121 1137 1191 1164 Μηνὶ
1215 1135 1302 1171 Mantele,
1331 1134 1363 1170 ιγ’
1384 1136 1486 1173 ἡμέρᾳ,
1514 1132 1657 1161 ἰνδικτιῶνι
1685 1134 1720 1171 β’,
1748 1138 1892 1172 παρουσίᾳ

1783 870 1890 905 Παρίου

1087 1177 1209 1206 διάκονον
1242 1177 1381 1216 Θεοδώρου
1410 1183 1456 1210 τῆς
1486 1179 1607 1215 Μεγάλης
1645 1179 1800 1210 Ἐκκλησίας
1838 1183 1891 1207 τοῦ

1085 1224 1304 1261 Βελισσαριώτου,
1325 1226 1453 1260 Γεωργίου
1477 1223 1644 1260 ἀναγνώστου
1659 1223 1824 1260 Ἀντιοχείας
1837 1229 1890 1251 τοῦ

1085 1267 1126 1295 ἐπὶ
1162 1273 1210 1299 τῆς
1243 1268 1371 1302 εὐταξίας,
1401 1271 1531 1305 Γεωργίου
1569 1268 1736 1305 ἀναγνώστου
1772 1267 1889 1306 Ἀδρια-

1083 1313 1223 1344 νουπὸλιως
1255 1316 1302 1340 τοῦ
1332 1316 1538 1350 Σκουταριώτου,
1553 1313 1683 1340 Νικολάου
1714 1312 1889 1350 ἀναγνώστου

1083 1362 1129 1385 τοῦ
1162 1357 1282 1385 Ἀττικοῦ
1295 1381 1302 1393 ,
1315 1360 1360 1385 καὶ
1390 1360 1500 1389 Λέοντος
1531 1362 1577 1384 τοῦ
1608 1356 1861 1394 Ἀδριανουπολίτου
1876 1367 1884 1375 ⁸

1084 1403 1134 1430 ἀπὸ
1173 1403 1314 1441 βασιλικῆς
1348 1406 1394 1430 καὶ
1436 1404 1506 1434 Θείας
1542 1404 1726 1440 προπυνὴτης
1764 1403 1889 1441 ἀγράφου

1082 1449 1258 1486 προστάξεως,
1273 1449 1348 1485 ἡμεῖς
1369 1449 1394 1474 οἱ
1425 1449 1558 1485 ἀρχιερεῖς
1583 1447 1610 1479 ἐξ
1633 1448 1776 1485 ἰπιτροπῆς
1790 1452 1838 1475 τοῦ
1859 1459 1888 1476 τε

1082 1493 1228 1530 ἁγιωτάτου
1258 1491 1388 1520 δεσποτου
1416 1495 1461 1519 καὶ
1491 1492 1670 1529 οὶκουμενικοῡ
1701 1494 1888 1530 πατριάρχου,

1081 1540 1126 1564 καὶ
1152 1538 1199 1564 τοῦ
1218 1538 1366 1574 ἁγιωτάτου
1400 1538 1569 1575 πατριάρχου
1602 1537 1786 1574 Ἱεροσολύμων
1806 1547 1889 1574 μονα-

1081 1586 1133 1619 χοῦ
1170 1587 1251 1620 κυροῠ
1281 1583 1419 1618 Ἰωάννου,
1455 1583 1494 1608 ἔτι
1526 1580 1556 1608 δὲ
1583 1584 1629 1608 καὶ
1660 1586 1706 1608 τοῦ
1735 1582 1886 1618 ἁγιωτάτου

1082 1626 1292 1663 ἀρχιεπισκόπου
1322 1628 1409 1657 πάσης
1436 1626 1597 1664 Βουλγαρίοις
1627 1628 1672 1652 καὶ
1704 1627 1887 1664 περιποθήτου

1082 1672 1150 1697 θείου
1171 1675 1218 1698 τοῦ
1237 1674 1380 1709 κρατίστου
1401 1673 1446 1698 καὶ
1470 1671 1545 1708 ἁγίου
1565 1671 1639 1707 ἡμῶν
1671 1670 1801 1707 βασιλέως
1835 1682 1887 1708 μο-

1079 1720 1164 1752 ναχοῦ
1190 1720 1271 1753 κυροῦ
1296 1716 1415 1743 Ἰωάννου
1439 1719 1484 1742 τοῦ
1516 1719 1661 1752 Κομνηνοῦ,
1677 1715 1741 1742 ἀλλὰ
1769 1719 1816 1742 καὶ
1834 1721 1887 1748 τῆς

1080 1759 1104 1786 ἂν
1121 1765 1158 1796 τῷ
1183 1761 1301 1797 παλατίῳ
1328 1765 1377 1788 τῶν
1408 1760 1561 1797 Βλαχερνῶν
1594 1758 1802 1797 συνδραμούσης
1834 1763 1884 1791 τὴν

1081 1808 1194 1842 σήμερον
1229 1807 1295 1842 ἱερᾶς
1327 1808 1372 1832 καὶ
1403 1807 1472 1837 θείας
1504 1802 1618 1831 συνόδου
1634 1804 1833 1842 ,παρεϐάλομεν
1850 1811 1884 1842 τῇ

1081 1850 1212 1887 σεϐασμίᾳ
1230 1855 1295 1887 μονῇ
1322 1855 1372 1877 τῶν
1393 1849 1531 1886 Ὀδηγῶν,
1548 1852 1593 1876 καὶ
1622 1849 1657 1880 εὶς
1681 1850 1741 1885 ὄψιν
1767 1849 1886 1882 ἐλθόντες

1079 1899 1115 1931 τῷ
1148 1896 1276 1932 φθάσαντι
1308 1895 1488 1932 προϐληθῆναι
1526 1896 1680 1931 πατριάρχῃ
1715 1895 1885 1927 Θοουπόλεως

1078 1941 1190 1978 μεγάλης
1228 1941 1388 1977 Ἀντιοχείας
1416 1944 1487 1978 κυρῷ
1520 1941 1666 1976 Σωτηρίχῳ
1697 1943 1733 1975 τῷ
1769 1943 1885 1967 Timau-

1078 1988 1155 2022 γένῳ,
1186 1985 1373 2022 ἀνηγγείλαμεν
1406 1984 1475 2020 αὐτῷ
1500 1985 1534 2010 τὰ
1564 1983 1715 2010 ὄνταλθέντα
1739 1984 1804 2014 ἡμῖν
1819 2006 1827 2019 ,
1847 1985 1883 2011 εἰ-

1076 2033 1166 2062 πόντες
1192 2032 1226 2062 ὡς
1249 2031 1278 2057 Ὁ
1306 2031 1447 2067 κράτιστος
1479 2032 1524 2055 καὶ
1554 2029 1627 2065 ἂγιος
1651 2029 1724 2065 ἡμῶν
1751 2028 1882 2065 βασιλεὺς

1077 2075 1156 2112 ὣρισε
1183 2077 1252 2102 κατὰ
1280 2077 1326 2104 τὴν
1351 2075 1416 2111 χθὲς
1441 2073 1569 2101 συνελθεῖν
1597 2074 1665 2100 κατὰ
1691 2075 1739 2102 τὴν
1765 2076 1880 2112 σήμερον

1075 2122 1122 2150 τὴν
1141 2120 1265 2158 ῥηθεῖσαν
1285 2119 1361 2156 ἁγίαν
1385 2117 1494 2145 σύνοδον
1519 2121 1563 2144 καὶ
1587 2119 1615 2144 σὶ
1639 2117 1681 2144 ἐπὶ
1707 2121 1743 2153 τῷ
1759 2117 1879 2154 ἀναγνω-

1077 2166 1172 2194 σθῆναι
1188 2165 1221 2191 τὰ
1246 2165 1422 2201 σημειωθέντα
1441 2163 1483 2190 ἐπὶ
1501 2166 1556 2194 τοῖς
1577 2162 1713 2192 λαληθείσι
1736 2165 1785 2188 καὶ
1813 2173 1879 2200 προι-

1074 2211 1180 2246 χθεῖσιν
1212 2209 1251 2236 ἐπ’
1285 2209 1409 2247 ἀκροάσει
1436 2218 1484 2235 σου
1507 2209 1575 2234 κατὰ
1595 2210 1643 2237 τὴν
1671 2209 1737 2244 χθὲς
1767 2207 1804 2244 ιβ’
1832 2213 1879 2235 τοῦ

1073 2257 1200 2292 παρόντος
1226 2256 1307 2291 μηνὸς
1329 2254 1370 2281 ἐπὶ
1389 2257 1435 2280 τοῦ
1461 2252 1602 2290 βασιλικοῦ
1631 2252 1753 2289 βήματος
1768 2256 1880 2285 καὶτῆς

1074 2300 1141 2337 ἱερᾶς
1164 2301 1209 2325 καὶ
1243 2300 1310 2329 θείας
1344 2297 1471 2326 συνόδου.
1489 2297 1562 2324 Ἐπεὶ
1578 2295 1607 2324 δὶ
1640 2298 1665 2323 οἱ
1691 2299 1736 2333 μὲν
1755 2297 1877 2334 ῥηθῄρτες

1072 2344 1212 2380 ἁγιώτατοι
1232 2344 1399 2381 πατριάρχαι
1421 2345 1466 2369 καὶ
1491 2343 1516 2369 οἱ
1540 2342 1625 2368 λοιποὶ
1650 2342 1785 2379 ἀρχιερεῖς
1816 2352 1876 2369 ουν-

1071 2389 1148 2418 ῆλθον
1168 2389 1201 2419 εἰς
1229 2391 1258 2415 τὸ
1290 2388 1313 2415 ἐν
1341 2388 1498 2425 Βλαχέρναις
1526 2387 1669 2420 παλάτιον,
1683 2389 1728 2412 καὶ
1745 2388 1872 2423 προκαθί-

1072 2443 1163 2465 σαντος
1193 2438 1239 2460 τοῦ
1259 2434 1409 2470 θεοστεφοῡς
1429 2433 1502 2469 ἡμῶν
1535 2431 1726 2468 αὐτοκράτορος
1747 2434 1793 2458 καὶ
1825 2436 1871 2458 τοῦ

1071 2478 1197 2515 συλλόγου
1222 2480 1319 2509 παντὸς
1340 2478 1454 2514 πλήρους
1467 2474 1560 2508 ὄντος,
1573 2478 1605 2503 σὺ
1625 2476 1673 2502 οὐκ
1687 2474 1865 2512 ὺεδήμησας

1070 2523 1250 2560 ἀπεστάλημεν
1277 2524 1361 2559 ἡμεῖς,
1383 2524 1416 2553 ὡς
1448 2519 1608 2555 δεδήλωται,
1638 2520 1869 2557 μετακαλέσασθαί

1069 2577 1114 2602 σε,
1151 2567 1188 2603 ἐφ’
1265 2567 1441 2604 ἀνυπερθέτως
1472 2566 1653 2603 παρουσιάσαι
1678 2567 1725 2594 τὴν
1755 2567 1868 2602 σήμερον

1068 2611 1109 2639 ἐπὶ
1219 2611 1362 2648 ἀναγνώσει
1400 2615 1450 2638 τῶν
1488 2611 1670 2648 σημιωθέντων
1708 2611 1778 2636 κατὰ
1822 2613 1868 2640 τὴν

1067 2702 1212 2738 Equidem
1227 2701 1342 2738 absque
1355 2701 1413 2729 hoc
1427 2700 1583 2738 synodalis
1594 2699 1750 2738 scriptura
1759 2706 1866 2738 exem-

1065 2734 1302 2775 plotnunquam"
1308 2734 1464 2775 putassem
1476 2737 1594 2767 Latinos
1610 2744 1627 2765 a
1637 2734 1746 2764 G‘rzecis
1759 2734 1861 2771 hujus-

1064 2773 1147 2803 inodi
1158 2773 1275 2803 titulum
1290 2773 1470 2811 sumpsisse.
