1947 3077
229 107 280 134 211

894 106 1029 134 NICETE
1046 105 1240 135 CHONIATE.

1861 114 1933 143 212

230 177 361 206 nemque
370 169 560 203 demonstro;
571 170 675 202 Deum,
688 168 870 197 sublimitate
885 168 1027 197 sermonis

1110 177 1155 199 νος
1177 167 1290 204 ἐμαυτῷ,
1314 169 1378 196 ἀλλὰ
1398 169 1499 202 δεικνὺς
1518 173 1550 203 ὣς
1572 176 1634 204 Θιός
1660 175 1711 212 εἰμι
1736 179 1780 203 καὶ
1805 178 1931 214 ἅνθρω-

230 213 384 241 hominem
390 214 575 247 ,humiljtate.
582 216 682 250 Neque
690 217 789 241 tamen
796 222 846 241 cor
853 216 986 241 vestrum
995 216 1054 241 tur-

229 257 326 292 betur,
340 258 412 294 quia
427 258 487 286 dixi
502 258 600 286 vobis:
617 259 707 286 Pater
718 266 797 286 meus
815 259 916 293 major
934 266 980 286 me
994 261 1053 292 est;

230 303 329 338 major
343 303 423 330 enim
432 306 476 331 est
488 303 537 331 illo
547 304 600 340 qui
610 303 649 331 ad
661 311 730 331 eum
740 303 893 335 vadit,non
904 303 954 330 illo
962 303 1014 339 qui
1025 303 1055 331 in

230 348 298 383 ipso
312 350 370 382 est;
385 355 457 376 nam
473 351 623 384 quatenus
640 350 715 376 Deus
738 356 815 380 sum,
829 348 861 375 in
872 348 957 375 Patre
971 356 1053 384 sum;

231 394 381 428 quatenus
396 395 497 420 autem
511 393 614 427 homo,
625 393 665 420 ad
679 392 795 420 Patrem
805 392 895 420 vado.
905 392 956 420 lllo
966 392 1056 427 igitur

232 437 330 472 major
344 438 427 464 Pater
446 440 499 470 est,
515 438 568 474 qui
587 438 626 465 ad
639 438 739 473 ipsum
751 437 832 465 vadit
848 446 927 471 ;non
940 437 990 465 illo
1003 438 1056 473 qui

232 489 351 517 semper
361 481 391 509 in
402 482 469 517 ipso
477 484 529 510 est.
544 485 638 518 Atque
648 485 678 510 ut
689 482 781 510 verba
791 482 830 509 ad
841 482 1055 517 compendium

233 526 396 559 conferam,
413 527 511 562 major
531 527 621 555 simul
635 529 679 555 est
697 529 787 563 atque
802 527 940 563 aqualis:
958 527 1057 562 major

233 570 400 599 sciscitante
412 572 497 606 :Quot
509 579 604 607 partes
619 572 766 600 habetis“?
775 571 898 607 aequalis
910 572 1057 608 populum

232 616 406 643 universum
417 616 551 652 quinque
564 616 696 653 panibus
709 617 855 644 saturanti
868 625 874 644 :
896 617 993 651 major
1012 616 1057 644 in-

233 661 414 694 terrogante:
435 661 560 689 Ubinam
577 662 725 689 Lazarum
741 661 883 696 posuistis
897 661 919 678 ιο
930 661 943 688 ?
957 668 1055 696 (equa-

232 703 268 732 lis
281 705 421 732 Lazarum
435 705 522 740 jussu
534 705 703 733 suscitanti:
719 705 816 741 major
832 705 965 733 dicente:
988 705 1057 738 Quis

233 755 278 776 me
298 749 395 783 tetigit
411 749 456 776 “‘2
480 749 604 785 aequalis
621 752 799 785 perpetuum
817 749 1056 776 haemorrhoissae

233 792 349 820 ﬂuxum
365 794 494 821 sistenti:
509 795 607 829 major
617 794 782 822 dormiente
793 794 822 821 in
833 801 946 830 puppe,
957 802 1056 829 mqua-

1110 221 1176 241 πος·
1202 214 1265 243 Θεὸς
1283 215 1328 249 μὲν
1349 214 1377 240 ἐκ
1401 219 1450 241 τῶν
1469 216 1587 252 ὑψηλῶν,
1605 218 1738 256 ἄνθρωπος
1761 219 1789 248 δὲ
1811 221 1841 247 ἐκ
1866 226 1931 247 τῶν

1110 261 1244 284 ταπεινῶν.
1276 258 1353 285 Ἀλλὰ
1380 262 1416 296 μὴ
1449 264 1621 298 ταρασσέσθω
1654 265 1724 300 ὑμῶν
1753 266 1768 294 ἡ
1795 264 1931 303 καρδία,

1110 303 1150 326 ὅτι
1183 300 1253 328 εἷπον
1280 303 1350 339 ὑμῖν,
1374 304 1404 330 Ὀ
1434 308 1524 343 Πατήρ
1555 317 1605 343 μου
1634 310 1723 345 μεῖζον
1751 312 1801 347 μού
1832 311 1929 337 ἐστι·

1109 347 1205 381 μείζών
1232 348 1283 385 γάρ
1317 347 1372 374 ἔστι
1398 352 1443 375 τοῦ
1468 354 1638 388 πορευομένου
1664 356 1727 391 πρὸς
1759 355 1855 388 αὐτὸν,
1892 355 1930 382 οὗ

1110 393 1156 416 τοῦ
1180 393 1249 422 ὄντος
1273 391 1297 417 ὲν
1322 392 1392 428 αὐτῷ
1404 402 1411 409 ·
1437 396 1472 425 ὡς
1490 397 1540 432 γὰρ
1557 399 1619 427 Οιος
1636 398 1689 433 εἰμι
1705 397 1730 424 ἂν
1747 403 1783 433 τῷ
1799 401 1904 435 Πατρὶ
1920 410 1928 416 ·

1111 435 1177 461 ὥστε
1210 438 1244 467 ὡς
1275 438 1408 475 ἄνθρωπος
1443 442 1587 477 πορεύομαι
1620 444 1685 480 πρὸς
1715 446 1757 470 τόν
1791 447 1928 482 Πατέρα-

1112 479 1225 506 Ἐκείνου
1247 480 1289 507 οὖν
1313 483 1408 519 μείζων
1435 485 1447 510 ὁ
1464 487 1566 522 Πατὴρ,
1587 491 1634 513 τοῦ
1652 491 1828 525 ποριυομίνον
1848 492 1930 527 πρὸς

1112 524 1200 560 αὐτόν,
1222 525 1252 551 οὐ
1274 531 1318 553 τοῦ
1335 526 1374 554 ἀεὶ
1398 529 1471 560 ὄντος
1490 529 1514 555 ἐν
1533 530 1603 566 aui-1‘3
1617 542 1623 548 ·
1649 535 1693 558 καὶ
1709 534 1749 559 ἶνα
1773 536 1931 570 συντόμως

1112 570 1184 602 εἴπω,
1210 571 1305 606 μείζων
1327 571 1384 599 ἐστὶ
1406 576 1450 600 καὶ
1474 576 1548 606 ἶσος·
1572 577 1628 606 ἶσος
1652 581 1697 603 τοῦ
1721 577 1842 605 ὰπέντε
1869 579 1931 616 ἅρ-

1111 623 1161 639 των
1184 612 1269 651 δῆμον
1291 615 1430 654 ὀλόκληρον
1454 622 1633 655 κορεννύντος·
1658 622 1753 657 μείζων
1777 627 1828 648 τοῦ
1856 623 1932 660 ἐρω-

1112 662 1213 691 τῶντος,
1236 663 1290 686 Ποῦ
1316 663 1358 687 τόν
1385 663 1506 700 Λάζαρον
1531 665 1682 700 τεθείκατε;
1710 668 1768 697 ἴσος
1790 677 1842 694 του
1881 670 1932 694 τὸν

1113 703 1235 741 Λάζαρον
1268 704 1424 737 ἀνιστῶντος
1456 708 1545 744 λόγῳ·
1578 710 1674 746 μείζων
1704 715 1749 737 τοῦ
1778 711 1929 747 λέγοντος,

1112 750 1158 778 Τίς
1181 759 1231 784 μον
1255 749 1359 785 iubare;
1381 753 1435 782 ἶσος
1450 757 1495 778 τοῦ
1517 754 1565 784 τὰς
1584 753 1726 786 ἀκσιώτους
1750 758 1844 792 πηγὰς
1874 761 1932 788 τῆς

1113 792 1306 830 αἱμοῤῥοούσης
1334 795 1510 832 ξηράναντος·
1538 798 1634 834 μείζων
1661 804 1708 826 τοῦ
1735 799 1930 833 καθεύδοντος

233 837 271 865 lis
283 838 359 865 mari
373 838 539 874 increpanti
552 849 559 867 :
576 840 673 874 major
687 847 722 866 eo
737 846 828 874 quem
841 839 997 866 damnavit
1010 840 1027 866 P

1113 836 1153 863 ἐπὶ
1177 842 1208 874 τῇ
1235 841 1339 876 πρύμνῃ
1352 850 1359 856 ·
1380 842 1434 872 ἴσος
1456 846 1502 867 τοῦ
1517 842 1688 879 ἐπιτιμῶντος
1712 849 1743 881 τῇ
1765 845 1903 882 θαλάσσῃ
1920 855 1927 861 ·

231 881 328 915 latus;
342 883 465 918 aqualis
477 883 503 911 ei
515 883 566 919 qui
578 883 726 911 mundum
735 883 929 911 damnatione
939 883 1055 911 liberat:

233 926 332 960 major
344 934 380 954 eo
389 927 442 963 qui
452 927 574 963 alapam
588 935 770 963 crueemque
781 928 920 955 sustinuit
934 936 1004 955 cum
1014 928 1056 956 la-

233 969 383 1004 tronibus;
399 971 525 1007 aequalis
535 972 561 999 ei
576 972 627 1008 qui
646 972 793 1000 latronem
807 972 899 1007 gratis
912 972 1054 1007 justiﬁca—

229 1014 289 1043 vit:
316 1016 415 1051 major
438 1024 475 1044 eo
488 1017 541 1052 qui
556 1020 637 1044 veste
653 1017 783 1044 nudatus
799 1016 863 1051 fuit,
884 1017 1008 1052 aequalis
1026 1018 1054 1045 ei

230 1059 282 1094 qui
298 1059 432 1088 animam
448 1064 552 1088 ornat:
574 1061 670 1096 major
683 1069 718 1088 eo
733 1061 780 1088 cui
793 1061 971 1097 propinatur
986 1070 1053 1090 ace-

229 1104 294 1130 tum
307 1112 314 1137 ;
329 1104 455 1139 aequalis
468 1105 494 1132 ei
504 1105 556 1140 qui
567 1105 723 1140 proprium
739 1106 917 1139 sanguinem
932 1113 969 1134 ex
985 1106 1052 1134 vino

228 1144 314 1174 facit:
336 1148 435 1183 major
453 1156 489 1176 eo
503 1149 555 1184 qui
577 1148 804 1177 dissolutionem
823 1150 926 1185 templi
948 1151 988 1186 (id
1008 1154 1053 1179 est

228 1191 362 1226 corporis
377 1192 432 1227 sui)
441 1200 551 1228 passus
559 1195 617 1225 est;
630 1193 752 1229 aequalis
767 1194 794 1222 ei
808 1194 860 1230 qui
875 1203 964 1223 suum
979 1198 1051 1223 tem-

226 1233 310 1270 plum
325 1235 366 1270 (id
381 1238 426 1264 est
441 1237 561 1272 corpus)
577 1237 749 1270 suscitavit;
766 1238 825 1271 illo,
837 1239 974 1274 inquam,
988 1248 1050 1268 ma-

223 1278 282 1314 jor,
295 1279 365 1307 huic
379 1281 515 1316 «aqualis.
530 1283 560 1309 Et
571 1283 689 1310 iterum.
704 1282 790 1310 Haud
803 1283 940 1318 pluribus
951 1285 1050 1312 verbis

223 1331 279 1351 vos
294 1325 447 1354 morabor.
462 1326 572 1360 Gemis,
587 1327 734 1359 haeretice,
751 1335 886 1363 quonam
900 1329 996 1364 major
1012 1330 1048 1358 sit

223 1367 318 1402 Pater,
338 1376 374 1396 eo
387 1369 530 1397 nimirum
549 1370 600 1406 qui
621 1371 661 1398 ait
675 1379 681 1398 :
698 1371 769 1399 ‘Jam
789 1372 883 1406 plura
899 1373 1047 1401 vobiscum

222 1418 283 1439 non
300 1411 408 1448 loquar
429 1414 474 1448 1';
486 1421 547 1441 non
565 1422 601 1442 eo
613 1414 666 1450 qui
686 1415 774 1443 dicit:
791 1416 858 1444 Non
878 1417 1047 1452 relinquam

221 1463 272 1484 vos
287 1457 439 1491 orphanos
447 1458 469 1476 ¹³
481 1465 488 1491 ;
500 1459 610 1486 etenim
620 1459 768 1488 vobiscum
779 1468 845 1488 sum
858 1462 975 1490 cunctis
984 1462 1047 1490 die-
1064 1477 1083 1502 η

222 1499 274 1528 bus
289 1508 382 1536 usque
397 1502 438 1530 ad
450 1504 553 1531 smn-uti
567 1506 847 1533 consummationem
862 1507 893 1533 ιι.
910 1522 944 1527 —-
964 1507 1047 1535 Venit

218 1545 359 1580 princeps
375 1546 464 1581 huius
476 1548 590 1581 mundi,
607 1556 702 1584 neque
717 1551 748 1576 in
763 1557 809 1577 me
823 1551 987 1587 quidquam
1000 1552 1046 1579 in-

218 1590 298 1618 venit
312 1591 345 1618 ¹⁵.
360 1592 462 1619 Cernis
478 1599 614 1628 quonam
631 1593 669 1621 sit
683 1593 782 1629 major
795 1603 801 1627 ;
813 1594 860 1622 ille
872 1595 984 1623 scilicet
994 1596 1046 1632 qui

219 1642 320 1662 coram
334 1635 521 1672 principibus
532 1637 695 1666 damnatus
706 1638 768 1673 fuit,
781 1646 843 1666 non
851 1647 886 1667 eo
898 1640 948 1675 qui
961 1649 1046 1669 mun-

220 1678 292 1706 dum
307 1679 386 1708 fecit.
403 1681 526 1716 Surgite
538 1689 638 1710 eamus
654 1682 724 1710 hinc
737 1684 769 1710 ‘6.
787 1684 922 1716 Quonam
946 1685 1046 1719 major

219 1725 263 1750 est
275 1725 382 1752 Pater?
401 1732 510 1760 nempe
534 1725 666 1754 dicente:
683 1727 815 1761 Eamus;
838 1735 899 1755 non
916 1729 1042 1763 ducente,

218 1766 369 1795 Habitabo
380 1769 529 1797 DObISC'lUn
540 1774 566 1797 et
579 1771 772 1799 inambulabo
784 1772 854 1800 ¹⁷ι¹⁸.
864 1773 970 1808 --Εῃο
980 1782 1044 1802 sum

228 1812 295 1838 vitis
306 1818 377 1840 vera
388 1813 532 1844 ";cernis
548 1822 682 1849 quonam
697 1816 795 1850 major
810 1816 847 1843 sit
861 1817 948 1845 Pater
955 1818 1042 1846 nimi-

218 1862 286 1882 rum
301 1855 417 1884 dicente
439 1866 446 1885 :
477 1858 540 1892 Ego
560 1866 623 1886 sum
650 1860 737 1892 vitis;
754 1867 815 1888 non
829 1860 964 1890 dicente:
981 1864 1042 1899 Ego

218 1907 322 1928 veram
337 1901 427 1928 vitem
443 1902 588 1937 plantavi.

271 1962 294 1989 S
321 1961 434 1998 σννἰίιί
447 1971 485 1992 εει*
500 1963 623 1993 homilia
635 1965 667 1993 in
683 1966 787 1994 Ramos
801 1966 986 1997 Palmarum.

254 2044 281 2071 8.
292 2043 349 2071 Sed
359 2044 500 2080 quamvis
510 2045 663 2073 rationalis
672 2048 778 2075 natura
785 2050 887 2077 nostra
897 2057 1041 2085 persona-

1110 882 1205 917 μείζων
1232 893 1277 909 του
1303 887 1452 921 κρινομένου
1474 886 1515 913 ἐπὶ
1536 887 1649 914 Πιλάτου
1664 898 1669 905 ·
1695 891 1753 920 ἴσος
1780 894 1831 916 τοῦ
1862 894 1930 927 κρί-

1112 935 1174 956 σεως
1199 926 1388 964 ἐλευτεροῡντος
1414 932 1456 956 τόν
1481 933 1598 968 ιόσμον-
1625 933 1721 968 μείζων
1749 938 1797 960 τοῦ
1831 926 1926 971 pain-

1112 972 1228 1007 Coue’vou,
1252 973 1348 1008 μείζων
1370 978 1416 1000 τοῦ
1438 979 1664 1013 συσταυρουμένου
1690 977 1819 1014 λῃσταῖς·
1861 980 1925 1010 ἶσος

1109 1019 1154 1041 τοῦ
1186 1018 1232 1045 τὴν
1262 1017 1362 1054 λῃστὴν
1388 1017 1550 1051 δικαιουντος
1582 1020 1698 1057 δωρεάν·
1731 1025 1831 1058 utinm)
1871 1028 1923 1050 τοῦ

1108 1063 1284 1096 γυμνουμένου
1308 1064 1355 1091 τὴν
1379 1062 1496 1092 ἐσθῆτα·
1522 1066 1581 1096 ἴσος
1602 1070 1649 1091 τοῦ
1670 1066 1838 1098 στολίζοντος
1870 1070 1923 1096 τήν

1107 1104 1201 1140 ψυχὴν
1216 1116 1223 1122 ·
1244 1107 1338 1141 μείζων
1365 1117 1410 1133 τον
1441 1109 1611 1145 ποτιζομόνου
1638 1111 1705 1142 ἄξος’
1726 1113 1783 1142 ἶσος
1806 1116 1860 1137 τοῦ
1891 1114 1923 1138 τὸ

1107 1152 1199 1176 οἰκεῖον
1219 1150 1395 1186 οἱνοχοοῡντος
1414 1153 1480 1189 αἷμα
1504 1155 1543 1189 (9)
1559 1163 1566 1169 ·
1594 1155 1688 1190 μείζων
1711 1159 1758 1181 τοῦ
1781 1155 1924 1192 λωμὲιου

1105 1203 1167 1219 ναου
1181 1205 1187 1211 ι
1210 1196 1266 1225 ἶσος
1280 1199 1326 1221 τοὺ
1350 1199 1393 1222 καὶ
1411 1199 1476 1233 μετὰ
1490 1201 1536 1227 τὴν
1557 1198 1631 1225 λύσιν
1657 1201 1701 1226 τὸν
1719 1201 1814 1226 οἰκεῖον
1838 1200 1923 1236 ἐγεί-

1105 1248 1198 1275 ραντος
1222 1242 1291 1266 ναόν·
1319 1240 1415 1268 ἐκείνου
1441 1243 1547 1278 μείζων,
1569 1246 1662 1270 τούτου
1687 1246 1754 1275 ἶσος.
1773 1248 1827 1271 Καὶ
1857 1247 1919 1272 πά-

1104 1283 1143 1309 λιν
1159 1294 1165 1300 ·
1199 1284 1292 1311 Οὐκέτι
1318 1285 1399 1312 πολλὰ
1424 1287 1529 1317 λαλήσω
1560 1289 1616 1324 μεθ’
1640 1290 1720 1325 ὑμῶν.
1746 1290 1840 1326 Ὀρᾲς,
1872 1293 1919 1317 αἱ-

1104 1330 1197 1364 ρετικέ,
1217 1332 1284 1360 τίνος
1307 1331 1402 1366 μείζων
1426 1331 1497 1358 ἐστιν
1523 1333 1537 1358 ὁ
1561 1336 1657 1370 Πατὴρ,
1684 1334 1730 1360 τοῦ
1762 1334 1889 1369 λέγοντος
1909 1347 1916 1352 υ

1104 1372 1199 1399 Οὐκέτι
1224 1374 1307 1400 πολλά
1334 1375 1439 1404 λαλήσω
1470 1377 1526 1413 μεθ’
1558 1378 1647 1413 ὑμῶν·
1681 1379 1710 1404 οὐ
1740 1383 1787 1405 τοῦ
1817 1379 1917 1414 λὲγον-

1103 1426 1163 1447 τος·
1191 1417 1246 1444 Οὐκ
1272 1418 1365 1455 ἀφήσω
1393 1421 1461 1456 ὑμᾶς
1492 1421 1637 1458 ὀρφανούς·
1667 1423 1722 1459 μιθ’
1750 1425 1824 1460 ὑμῶν
1855 1427 1914 1463 γάρ

1103 1461 1156 1497 εἰμι
1187 1464 1275 1494 πάσας
1312 1465 1359 1494 τὰς
1387 1466 1485 1501 ἡμέρας
1512 1467 1559 1497 ἓως
1590 1471 1637 1498 τῆς
1675 1469 1834 1501 συντελείας.
1860 1461 1912 1492 7—-

1101 1505 1263 1543 ’Ἑρχεταιό
1293 1509 1384 1546 ἄρχων
1412 1514 1458 1536 τοῦ
1484 1513 1586 1548 κόσμου
1612 1515 1657 1538 καὶ
1682 1512 1706 1539 ἄν
1734 1513 1792 1549 ἐμοὶ
1819 1516 1913 1552 οὐρῆς

1101 1560 1141 1577 σει
1167 1550 1253 1579 οὐδέν.
1283 1552 1359 1590 Ὁρᾷς
1386 1557 1455 1586 τίνος
1483 1557 1539 1582 ἐστί
1566 1557 1673 1592 μείζων,
1703 1562 1750 1584 τοῦ
1780 1563 1912 1596 κρινομέ-

1099 1605 1143 1622 νου
1176 1595 1216 1622 ἐπ’
1242 1597 1333 1632 ὄψεσιν
1357 1598 1502 1634 ἀρχόντων,
1531 1600 1562 1626 οὐ
1588 1605 1634 1627 τοῦ
1661 1605 1824 1634 ποιήσαντος
1857 1608 1911 1634 τήν

1099 1640 1269 1677 οἰκουμένην·
1308 1642 1463 1680 Ἐγείρεσθε,
1508 1645 1610 1681 ἄγωμεν
1652 1645 1764 1673 huan
1787 1658 1796 1665 ·
1840 1649 1913 1685 ὁρᾷς

1098 1687 1167 1720 rivo;
1191 1685 1246 1712 ἐστὶ
1272 1687 1367 1722 μείζων
1384 1689 1397 1713 ὁ
1417 1691 1516 1726 Πατὴρ,
1544 1694 1589 1716 τοῦ
1615 1690 1731 1726 λὲγοντος
1750 1691 1879 1728 Ἀγωμιν
1899 1703 1906 1708 ·

1099 1729 1128 1756 οὐ
1163 1734 1209 1756 τοῦ
1239 1730 1356 1766 λέγοντος
1373 1743 1380 1749 ·
1412 1733 1554 1763 Ἐνοικήσω
1591 1733 1616 1760 ἐν
1648 1736 1710 1772 ὑμῖν
1739 1738 1786 1763 καὶ
1819 1738 1909 1773 ἐμπε-

1097 1778 1247 1811 ριπατὴσω”
1283 1792 1318 1797 -
1353 1778 1418 1813 Ἐγὼ
1445 1778 1499 1814 εἰμι
1531 1780 1546 1808 ἡ
1580 1780 1691 1816 ἄμπελος
1725 1782 1740 1810 ἡ
1773 1781 1908 1812 ἀληθινή·

1099 1822 1167 1856 Ορᾶς
1181 1823 1249 1851 τίνος
1264 1820 1322 1847 ἐστὶ
1339 1822 1436 1858 μείζων
1456 1825 1469 1849 ό
1486 1826 1586 1861 Πατὴρ,
1607 1829 1654 1850 τοῦ
1676 1825 1796 1861 λέγοντος
1808 1837 1815 1844 -
1832 1827 1908 1863 Ἐγώ

1097 1864 1150 1900 εἰμι
1179 1865 1193 1893 ἠ
1224 1865 1357 1901 ἄμπελος·
1385 1867 1414 1893 οὗ
1446 1871 1493 1894 τοῦ
1522 1868 1651 1905 λέγοντος,
1679 1869 1746 1906 Ἐγὼ
1769 1870 1909 1907 ἐφύτευσα

1097 1909 1209 1945 ἄμπελον
1225 1910 1357 1941 ἀληθινήν.

1076 1494 1084 1504 Α

1131 1975 1182 1999 Τοῦ
1196 1973 1273 2009 ἀγίοῡ
1285 1974 1413 2012 κυρίλλου
1427 1974 1454 2000 ἐκ
1469 1979 1514 2002 τοῦ
1530 1976 1566 2007 εἰς
1579 1977 1611 2003 τὰ
1626 1977 1690 2003 Βάῑα
1701 1977 1779 2013 λόγου
1793 1979 1865 2015 (10).

1131 2052 1166 2082 η’·
1187 2053 1285 2089 ”Θμως,
1303 2055 1383 2081 εἶκαὶ
1409 2056 1495 2085 moon
1511 2057 1569 2083 καθ’
1592 2058 1738 2084 ὑπόστασιν
1765 2062 1802 2094 τῷ
1819 2062 1906 2096 Λόγῳ

217 2087 281 2115 liter
296 2088 394 2116 Verbo
412 2089 494 2116 unita
512 2089 575 2124 fuit,
592 2097 653 2118 non
669 2093 768 2119 tamen
784 2094 828 2120 est
843 2096 972 2130 aequata.
987 2095 1027 2127 Qu

1109 2109 1111 2123 ι
1138 2087 1228 2133 λογικῆ
1259 2099 1332 2135 ἡμῶν
1360 2101 1447 2135 φύσις,
1475 2100 1530 2127 ἀλλ’
1553 2101 1600 2128 οὐκ
1627 2102 1729 2132 ἰσὼθη·
1758 2087 1818 2134 ne;
1846 2087 1904 2141 γέιῤ

218 2132 298 2160 enim
311 2132 374 2160 ﬁeri
388 2136 495 2168 potest,
511 2136 544 2161 ut
555 2135 716 2171 temporale
730 2141 903 2173 exaequetur
913 2140 1040 2172 aeterno;

216 2175 247 2203 id
261 2177 344 2211 quod
359 2177 464 2205 habuit
477 2178 604 2211 initium,
619 2180 645 2207 ei
660 2181 742 2216 quod
756 2181 819 2209 sine
834 2182 917 2209 initio
930 2184 997 2211 est?
1009 2185 1042 2211 Et

215 2220 308 2256 paulo
324 2223 409 2257 post,
423 2223 579 2255 Quomodo
590 2224 686 2260 inquit
699 2236 705 2253 :
720 2226 783 2261 Ego
799 2229 825 2254 et
836 2226 936 2261 Pater,
949 2236 1038 2256 unum

214 2273 316 2293 sumus
327 2267 341 2294 ?
353 2266 392 2293 ob
408 2267 558 2295 caelestem
575 2269 684 2296 scilicet
699 2272 767 2298 ante
783 2270 891 2299 saecula
904 2272 1040 2300 nativita-

213 2311 284 2337 tem.
302 2311 460 2343 Quomodo
473 2312 564 2340 Pater
583 2321 664 2341 meus
678 2315 779 2349 major
792 2322 838 2343 me
848 2317 913 2343 est?
927 2315 967 2344 ob
981 2318 1038 2344 ter-

211 2362 317 2383 renum
333 2363 368 2383 ex
384 2356 502 2390 Virgine
517 2360 626 2391 ortum,

350 2400 493 2435 Ejusdem
510 2410 547 2430 ea:
561 2410 695 2431 sermone
710 2403 751 2432 ad
763 2405 890 2439 reginas.

244 2456 269 2481 9.
286 2455 321 2482 At
335 2455 491 2490 quomodo
511 2455 536 2483 is
551 2456 665 2490 angelis
685 2457 784 2485 minor
798 2459 901 2490 evasit.
918 2459 969 2495 qui
993 2459 1032 2487 ab

205 2498 262 2526 illis
272 2498 425 2531 adoretur,
447 2507 568 2537 unaque
582 2509 650 2528 cum
662 2503 744 2529 Patre
755 2503 838 2537 regni
852 2503 959 2531 solium
975 2504 1029 2532 ob-

240 2563 250 2579 ⁹
262 2561 364 2590 Matth.
384 2570 431 2590 xv.
450 2564 492 2590 34.

202 2598 246 2624 20.
289 2597 311 2614 ¹⁵
327 2598 415 2624 Joan.
431 2606 488 2624 xxv.

547 2564 570 2580 ¹⁰
584 2565 669 2597 Joan,
679 2572 720 2592 x1.
736 2565 778 2592 34.

289 2597 311 2614 ¹⁵
327 2598 415 2625 Joan.
431 2606 488 2630 xw,
506 2600 551 2627 30.
591 2600 614 2616 ¹⁶
627 2599 700 2626 ibid.
714 2601 757 2627 31.

235 2659 272 2690 (9)
300 2660 440 2686 Notemus
470 2661 507 2688 de
535 2661 732 2689 eucharistica
758 2662 1008 2691 transsubstantia

197 2693 277 2721 tiOne
297 2695 500 2724 testimonium
523 2697 702 2724 catholicum
723 2697 911 2725 ecclesiastici
929 2699 1019 2726 Patris

195 2729 283 2757 valde
307 2730 424 2764 nobilis,
446 2732 499 2766 qui
518 2732 628 2760 saeclo
651 2735 758 2768 quarto
780 2736 849 2768 post.
869 2734 1018 2762 Christum

833 2566 852 2582 “
875 2567 961 2592 Marc.
977 2574 1006 2600 v,
1022 2568 1066 2594 3t.

811 2601 869 2620 ¹⁷κ¹⁸
884 2602 973 2629 Levit.
987 2610 1064 2635 XXVI,

1098 2142 1257 2171 ἰσωθὴσεται
1288 2143 1324 2180 τῷ
1354 2148 1501 2181 προαιωνίῳ
1533 2149 1562 2173 τὸ
1589 2149 1764 2184 πρόσφατον;
1795 2148 1810 2178 ἣ
1844 2154 1905 2179 πῶς

1096 2187 1288 2222 ὁμοιωθήσεται
1300 2193 1336 2223 τῷ
1351 2187 1459 2225 ἁνάρχῳ
1475 2192 1504 2216 τὸ
1519 2191 1629 2227 ἔναρχον
1645 2199 1651 2225 ;
1669 2193 1719 2218 Καὶ
1733 2191 1789 2227 μετ’
1807 2192 1901 2228 ὀλίγον

1095 2235 1154 2262 Πῶς
1179 2235 1275 2268 φησιν’
1307 2232 1367 2268 Ἐγὺ
1393 2236 1437 2260 καὶ
1463 2235 1476 2260 ὁ
1504 2237 1595 2271 Πατὴρ
1621 2236 1646 2262 ἓν
1665 2235 1760 2272 Eous»;
1780 2240 1812 2273 τῇ
1843 2238 1902 2263 ἅνω

1093 2282 1142 2317 πρὸ
1161 2282 1258 2305 αἰώνων
1277 2283 1403 2316 γεννήσει,
1419 2284 1485 2315 Πῶς,
1498 2281 1527 2308 Ὀ
1550 2285 1640 2319 Πατήρ
1660 2292 1710 2320 μου
1724 2285 1823 2320 μείζων
1844 2287 1900 2322 μού

1092 2325 1167 2359 ian;
1183 2329 1214 2354 τῆ
1229 2326 1299 2351 κάτω
1318 2324 1346 2351 ἐκ
1360 2327 1488 2363 Παρθένου
1499 2330 1628 2363 γεννήσει.

1132 2409 1183 2432 Του
1201 2416 1281 2432 αυτου
1292 2407 1319 2432 ἐκ
1335 2416 1380 2433 του
1396 2417 1429 2437 εις
1440 2409 1486 2438 τὰς
1503 2406 1666 2443 βασιλίσσας
1684 2408 1762 2445 λόγου
1776 2405 1800 2444 (1
1811 2410 1847 2446 1).

1124 2459 1153 2486 θ’.
1197 2463 1253 2490 Πῶς
1285 2458 1329 2485 οὖν
1367 2459 1514 2489 ﬁlim-mrsz
1553 2463 1624 2498 παρὰ
1663 2463 1723 2493 τοὺς
1765 2461 1897 2499 ἀγγέλους

1086 2505 1099 2530 ὁ
1126 2506 1191 2541 πρὸς
1215 2504 1299 2530 αὐτῶν
1320 2506 1553 2541 φροσχυνοὺμενος,
1594 2507 1607 2532 ὀ
1632 2505 1756 2544 σύνεδρος
1777 2511 1894 2546 “arpi;

1114 2567 1136 2584 ¹³
1151 2567 1225 2594 Joan
1237 2574 1294 2599 xxv,
1312 2568 1355 2593 30.
1410 2567 1432 2584 ’³
1447 2567 1518 2595 ibid.
1537 2569 1579 2596 18.

1083 2604 1124 2630 t2.
1179 2604 1199 2619 λθ
1215 2603 1297 2629 Joan.
1313 2610 1359 2634 xv.
1376 2603 1400 2630 1.

1074 2664 1216 2692 ﬂorebat.

1113 2703 1168 2738 (10)
1184 2699 1257 2738 gilii.
1276 2699 1365 2738 Paris,
1382 2702 1400 2728 t.
1416 2701 1447 2731 ν,
1468 2704 1543 2737 part.
1558 2710 1589 2737 ιι,
1606 2710 1636 2737 p.
1649 2704 1711 2738 497,
1725 2704 1789 2732 498.

1111 2735 1167 2771 (tt)
1180 2734 1257 2763 Edit.
1273 2735 1320 2763 cit.
1341 2739 1362 2764 t.
1374 2745 1400 2770 ν,
1415 2734 1490 2772 part.
1507 2745 1538 2771 ιι,
1552 2734 1659 2774 p.133.
1679 2734 1711 2766 οξ

1629 2569 1651 2586 ¹⁴
1666 2569 1766 2597 Matth.
1780 2578 1890 2602 xxvm.
