1947 3077
206 90 257 117 211

871 85 1006 114 ΝΙΕΕΤΛΕ
1024 84 1218 113 CHONIATE.

1838 88 1916 117 212

206 159 338 188 nemque
347 152 537 185 demonstro;
549 152 652 183 Deum,
666 149 847 177 sublimitate
862 148 1010 176 sermonis

1089 156 1131 178 νος
1154 146 1267 182 ἐμαυτῷ,
1292 146 1355 174 ἀλλὰ
1375 146 1476 179 δεικνὺς
1494 149 1527 180 ὣς
1549 152 1611 180 Θεὸς
1637 150 1688 186 εἰμι
1714 154 1758 177 καὶ
1783 152 1914 188 ἅνθρω-

207 196 553 231 hominem,humilitate.
560 197 659 231 Neque
668 198 766 222 tamen
774 202 824 222 cor
830 196 964 221 vestrum
973 196 1032 221 tur-

208 241 305 275 betur,
318 241 391 277 quia
405 241 466 268 dixi
481 241 578 268 vobis:
595 240 685 267 Pater
695 247 775 266 meus
793 239 894 274 major
911 246 958 266 me
972 241 1030 271 est;

208 287 308 322 major
321 286 401 314 enim
411 289 455 314 est
466 286 515 313 illo
526 285 578 321 qui
588 285 627 313 ad
638 293 708 312 eum
718 283 871 316 vadit,non
882 283 932 310 illo
940 283 992 319 qui
1003 283 1033 311 in

208 331 276 367 ipso
291 332 349 365 est;
364 338 436 358 nam
452 332 602 366 quatenus
619 331 694 357 Deus
715 337 793 360 sum,
808 329 839 356 in
850 328 936 355 Patre
949 336 1031 363 sum;

210 377 360 412 quatenus
375 377 476 403 autem
490 375 593 408 homo,
604 374 644 402 ad
657 373 774 401 Patrem
783 373 874 400 vado.
883 372 934 400 Illo
945 372 1034 406 igitur

211 420 309 455 major
324 421 407 447 Pater
425 422 478 453 est,
494 419 547 456 qui
567 419 604 446 ad
617 419 718 454 ipsum
730 418 811 446 vadit
827 425 906 451 ;non
919 417 968 444 illo
982 417 1035 452 qui

211 471 330 500 semper
340 464 371 492 in
381 464 448 500 ipso
457 466 509 492 est.
524 466 617 499 Atque
627 466 657 491 ut
668 463 760 490 verba
770 462 808 490 ad
821 461 1034 497 compendium

212 509 376 542 conferam,
392 509 491 544 major
511 508 600 536 simul
615 510 659 536 est
677 511 766 543 atque
781 506 920 543 aequalis:
937 506 1036 542 major

212 553 380 581 sciscitante
392 555 477 588 :Quot
488 561 584 588 panes
599 553 746 581 habetis“?
755 551 878 588 aequalis
890 551 1036 587 p0pulum

212 599 385 626 universum
397 598 531 634 quinque
544 597 676 634 panibus
689 597 835 624 saturanti
847 605 853 623 ε
876 596 973 631 major
991 595 1036 623 in-

213 645 394 677 terrogante:
415 643 540 671 Ubinam
557 643 705 670 Lazarum
721 641 863 676 posuistis
877 641 899 657 ιθ
909 641 923 668 ?
937 648 1036 676 aequa-

212 686 249 715 lis
261 688 402 714 Lazarum
416 687 503 722 jussu
514 686 684 714 suscitanti:
699 686 797 721 major
812 685 945 712 dicente:
968 684 1037 717 Quis

213 738 259 759 me
279 732 375 766 tetigit
391 731 437 758 “‘2
460 731 585 767 aequalis
601 733 779 766 perpetuum
797 728 1036 756 haemorrhoissee

214 775 329 803 ﬂuxum
346 776 475 803 sistenti:
490 776 588 810 major
597 775 763 803 dormiente
774 774 804 801 in
814 781 927 809 puppe,
937 781 1037 809 aequa-

1087 200 1154 221 πος·
1180 193 1242 220 Θεὸς
1261 193 1305 227 μὲν
1326 191 1355 217 ἐκ
1378 197 1427 218 τῶν
1447 192 1563 228 ὑψηλῶν,
1582 194 1716 231 ἅνθρωπος
1739 194 1768 222 δὲ
1788 195 1817 222 ἐκ
1839 200 1911 222 τῶν

1088 240 1222 262 ταπεινῶν.
1254 235 1330 262 Ἀλλὰ
1357 239 1392 273 μὴ
1426 239 1598 274 ταρασσέσθω
1632 240 1702 275 ὑμῶν
1731 241 1746 268 ἠ
1774 239 1911 277 καρδία,

1088 281 1128 305 ὅτι
1161 279 1231 306 εἷπον
1258 281 1328 317 ὑμῖν,
1352 281 1381 307 Ὀ
1412 285 1502 319 Πατήρ
1532 293 1582 319 μου
1612 284 1701 320 μιὶζον
1729 286 1780 321 μού
1809 284 1907 311 ἄστιο

1088 326 1183 360 μειζών
1211 326 1260 362 γάρ
1295 325 1350 352 ἔστι
1375 329 1420 352 τοῦ
1446 329 1616 363 πορευομένου
1643 330 1705 366 πρὸς
1738 329 1830 363 αὐτὸν,
1864 329 1907 356 οὗ

1088 372 1135 394 τοῦ
1159 371 1227 399 ὄντος
1251 369 1276 395 ἐν
1301 370 1370 405 αὐτῷ
1382 378 1389 385 ·
1415 372 1450 401 ὡς
1467 373 1518 407 γὰρ
1535 375 1598 402 Οιός
1614 372 1667 408 εἰμι
1684 372 1709 398 ὶν
1726 377 1762 408 τῷ
1779 376 1876 410 Πατρί
1893 385 1906 390 -

1089 414 1156 439 ὥστε
1188 415 1222 445 ὡς
1253 415 1386 452 ἄνθρωπος
1421 418 1566 453 πορεύομαι
1598 419 1664 455 πρὸς
1694 420 1736 444 τὸν
1770 421 1905 455 Πατέρα-

1091 458 1203 484 Ἐκεὶνου
1225 458 1268 485 οὖν
1292 461 1387 496 μείζων
1413 461 1544 497 όΠατὴρ,
1566 466 1612 488 τοῦ
1631 465 1804 499 πορευομένου
1824 465 1907 501 πρὸς

1091 503 1178 538 αὑτὸν,
1202 504 1230 529 οὐ
1252 508 1297 530 τοῦ
1313 503 1353 531 ἀεὶ
1377 506 1450 537 ὄντος
1468 505 1493 532 ἐν
1511 505 1582 541 αὐφῷ
1596 517 1602 523 -
1627 510 1672 533 καὶ
1688 508 1729 534 ἵνα
1753 510 1909 544 συντόμως

1091 549 1163 580 sint»,
1189 549 1284 584 μείζων
1306 548 1362 576 ἐστὶ
1385 553 1429 576 καὶ
1453 552 1527 582 ἷσος’
1551 553 1607 582 ἶσος
1632 555 1677 578 τοῦ
1701 551 1818 579 bini”:
1842 553 1909 590 ἄρ-

1091 601 1141 617 των
1164 590 1248 629 δῆμον
1270 593 1409 630 ὁλόκληρον
1433 597 1612 631 κορεννὺντος·
1638 596 1734 632 μείζων
1757 600 1804 623 τοῦ
1832 597 1910 634 ἐρω-

1091 640 1193 670 τῶντος,
1217 641 1270 663 Ποῦ
1295 640 1338 664 τὸν
1365 639 1485 677 Λάζαρον
1511 641 1662 674 τεθείκατε;
1691 642 1748 672 ἶσος
1771 651 1819 668 του
1853 643 1909 668 τὸν

1094 682 1215 719 Λάζαρον
1248 681 1404 714 ἁνιστώντος
1435 684 1524 720 λόγῳ·
1558 685 1654 721 μείζων
1684 689 1730 711 τοῦ
1759 685 1906 721 λέγοντος,

1093 728 1138 756 Τίς
1161 737 1211 762 μου
1236 727 1340 762 Nam;
1361 730 1416 758 ἴσος
1431 732 1475 754 τοὺ
1498 730 1545 760 τὰς
1564 728 1708 761 ἀκινώτους
1731 731 1821 765 πηγὰς
1848 735 1909 761 τῆς

1094 771 1287 808 αἰμοῤῥοοὺσης
1315 772 1490 809 ξηραναντοςι
1519 774 1614 810 μείζων
1642 778 1689 800 τοῦ
1717 773 1906 806 καθεύδοντος

215 820 252 848 iis
264 821 340 848 mari
354 820 519 856 increpanti
533 831 540 848 :
557 820 655 855 major
668 827 704 847 eo
718 827 810 854 quem
822 818 978 846 damnavit
991 818 1017 845 Pi

1093 815 1134 841 ἐπὶ
1158 820 1188 851 τῇ
1217 818 1320 853 πρύμνῃ
1334 827 1340 833 ·
1360 819 1416 847 ἴσος
1437 822 1482 844 τοῦ
1498 818 1670 854 ἐπιτιμῶντος
1694 823 1726 855 τῇ
1747 819 1878 856 θαλάσσῃ
1895 828 1903 834 ·

214 864 309 898 latus;
323 865 447 901 aequalis
458 865 485 892 ei
496 865 548 901 qui
559 864 707 892 mundum
716 863 911 891 damnatione
921 862 1036 890 liberat:

215 908 313 943 major
326 916 362 936 eo
371 909 424 945 qui
434 909 556 944 alapam
570 916 752 944 crucemque
764 908 903 935 sustinuit
916 915 985 934 cum
995 907 1038 935 la-

215 953 366 986 tronibus;
382 953 507 989 aequalis
517 953 544 981 ei
558 953 610 989 qui
628 953 774 981 latronem
789 952 881 987 gratis
894 951 1037 987 justiﬁca-

212 997 272 1026 vit:
298 998 397 1033 major
421 1006 457 1026 eo
470 999 524 1034 qui
538 1001 620 1026 veste
636 997 765 1025 nudatus
782 997 846 1032 fuit,
866 996 990 1032 aequalis
1008 997 1036 1023 ei

213 1042 266 1078 qui
281 1042 415 1071 animam
431 1045 535 1070 ornat:
557 1042 653 1078 major
666 1050 701 1069 eo
716 1042 762 1069 cui
775 1041 953 1077 propinatur
968 1048 1036 1068 ace-

212 1088 277 1113 tum
290 1096 297 1120 ;
312 1086 438 1122 aequalis
451 1087 477 1115 ei
487 1087 538 1122 qui
549 1086 706 1122 proprium
722 1086 900 1120 sanguinem
915 1093 952 1113 ex
968 1085 1035 1113 vino

211 1128 297 1158 facit:
319 1131 418 1166 major
435 1138 472 1158 eo
486 1130 538 1167 qui
560 1129 787 1158 dissolutionem
805 1129 909 1165 templi
931 1130 971 1165 (id
991 1132 1036 1158 est

211 1174 346 1210 corporis
360 1175 416 1210 sui)
425 1182 534 1211 passus
543 1177 601 1207 est;
613 1174 736 1210 aequalis
751 1174 777 1202 ei
792 1174 844 1210 qui
858 1182 946 1202 suum
963 1177 1035 1202 tem-

209 1217 294 1254 plum
308 1219 350 1254 (id
365 1221 409 1247 est
425 1219 545 1255 corpus)
561 1219 733 1251 suscitavit;
749 1218 809 1252 illo,
821 1218 957 1254 inquam,
971 1227 1034 1246 ma-

207 1262 266 1297 jor,
279 1263 349 1291 huic
363 1264 499 1299 zequalis.
513 1266 544 1292 Et
556 1265 673 1291 iterum.
687 1263 774 1291 Haud
787 1263 923 1299 pluribus
933 1263 1033 1291 verbis

207 1315 263 1335 vos
278 1307 431 1337 morabor.
446 1308 555 1342 Cernis,
571 1308 718 1342 hmretice,
735 1316 869 1344 quonam
883 1309 980 1344 major
995 1309 1032 1336 sit

207 1352 302 1386 Pater,
322 1359 358 1379 eo
371 1352 514 1380 nimirum
534 1352 585 1388 qui
605 1352 645 1380 ait
660 1361 666 1379 :
682 1352 754 1380 ‘Jam
774 1353 867 1386 plura
883 1352 1032 1380 vobiscum

207 1403 268 1423 non
283 1396 393 1431 loquar
414 1397 532 1431 “,‘non
551 1403 586 1424 eo
599 1395 650 1432 qui
671 1396 759 1424 dicit:
775 1397 843 1424 Non
863 1397 1032 1432 relinquam

206 1447 257 1468 vos
272 1440 454 1474 orphanos”
466 1448 473 1473 ;
485 1441 595 1468 etenim
605 1441 754 1469 vobiscum
764 1449 830 1469 sum
843 1441 960 1469 cunctis
969 1442 1033 1469 die-

207 1483 259 1512 bus
275 1492 367 1520 usque
382 1485 423 1512 ad
435 1486 538 1513 seaculi
552 1487 832 1514 consummationem
847 1487 878 1513 ¹⁴.
895 1502 929 1506 ——
949 1487 1032 1514 Venit

203 1529 344 1563 princeps
361 1529 449 1564 huius
462 1530 576 1563 mundi,
593 1538 688 1566 neque
703 1532 734 1558 in
749 1538 794 1557 me
808 1530 972 1566 quidquam
985 1531 1032 1558 in-

203 1574 284 1601 venit
298 1574 331 1601 ”.
346 1574 448 1602 Cernis
465 1582 600 1610 quonam
617 1575 655 1602 sit
669 1575 768 1609 major
780 1583 787 1606 ;
798 1574 846 1601 ille
858 1574 1032 1610 scilicetqui

205 1625 306 1646 coram
321 1618 507 1654 principibus
519 1619 681 1647 damnatus
693 1619 755 1653 fuit,
767 1626 829 1646 non
837 1626 873 1646 eo
884 1619 935 1654 qui
947 1627 1032 1646 mun-

206 1662 278 1690 dum
294 1663 373 1691 fecit.
390 1664 513 1698 Surgite
525 1671 625 1691 eamus
641 1663 711 1690 hinc
723 1664 756 1690 ³⁵.
774 1664 909 1696 Quonam
932 1662 1032 1696 major

205 1709 249 1733 est
262 1708 369 1735 Pater?
387 1715 497 1742 nempe
521 1707 653 1734 dicente:
670 1707 802 1740 Eamus;
825 1714 886 1734 non
902 1707 1030 1741 dicente,

205 1751 356 1778 Habitabo
367 1752 517 1779 vobiscum
528 1755 554 1779 et
566 1751 759 1779 inambulabo
771 1751 841 1778 ¹“¹-²⁸.
851 1752 957 1787 —-Ego
967 1760 1031 1779 sum

214 1795 282 1822 vitis
293 1802 364 1823 vera
376 1795 520 1828 ";cernis
535 1803 670 1831 quonam
684 1795 782 1830 major
797 1795 834 1822 sit
849 1796 935 1823 Pater
942 1796 1029 1824 nimi-

205 1846 273 1867 rum
289 1839 405 1867 dicente
427 1848 433 1867 :
465 1840 528 1874 Ego
547 1847 611 1867 sum
638 1840 725 1872 vitis;
742 1847 803 1867 non
817 1839 952 1869 dicente:
969 1842 1030 1877 Ego

206 1891 310 1911 veram
325 1884 416 1912 vitem
431 1884 576 1920 plantavi.

259 1945 289 1973 S.
309 1945 422 1981 Cyrilli
436 1953 472 1974 ex
488 1945 611 1974 humilia
623 1946 655 1973 in
671 1946 776 1974 Ramos
789 1945 974 1976 Palmm-um.

243 2029 269 2055 8.
281 2027 338 2055 Sed
348 2026 488 2063 quamvis
499 2026 652 2054 rationalis
660 2029 767 2054 natura
774 2029 876 2056 nostra
886 2035 1029 2064 persona-

1091 860 1186 895 μείζων
1213 871 1258 886 του
1285 864 1433 898 κρινομένου
1455 862 1497 889 ἐπί
1517 863 1630 889 Πιλάτου
1645 873 1651 880 ·
1676 865 1735 895 ἶσος
1762 868 1808 890 τοῦ
1837 867 1907 901 χρί-

1093 913 1155 934 σεως
1181 904 1369 941 ἐλευτεροῡντος
1395 908 1438 932 τὸν
1463 909 1579 943 κόσμον·
1607 908 1704 944 μείζων
1731 911 1778 934 τοῦ
1809 909 1903 945 ῥαπι-

1093 950 1209 984 ζομένοιι¹
1233 950 1329 986 μείζων
1352 955 1398 977 τοῦ
1420 955 1646 989 σπισταυρουμένου
1672 952 1798 989 λῃσταῖς·
1836 953 1901 983 ἶσος

1091 998 1136 1019 τοῦ
1168 996 1214 1023 τὴν
1244 994 1343 1031 λῃστὴν
1370 994 1532 1026 δικαιουντος
1564 995 1681 1033 δωρεάν
1714 999 1810 1033 acinus
1845 1001 1900 1023 τοῦ

1090 1040 1266 1074 γυμνουμένου
1290 1041 1337 1068 τὴν
1361 1039 1479 1069 ἐσθῆτα·
1504 1041 1563 1071 ἶσος
1585 1045 1631 1066 τοῦ
1652 1041 1817 1072 στολίζοντος
1845 1043 1899 1070 τὴν

1090 1082 1183 1118 ψυχὴν
1199 1093 1205 1099 ·
1226 1083 1321 1118 μείζων
1347 1093 1393 1110 του
1423 1084 1594 1121 ποτιζομένου
1621 1086 1688 1117 ὅξος·
1710 1087 1767 1116 ἶσος
1787 1090 1836 1111 τοῦ
1864 1087 1899 1111 τό

1090 1130 1182 1154 οἰκεῖον
1202 1127 1378 1164 οἱνοχοοῡντος
1397 1129 1463 1165 αἷμα
1487 1131 1526 1165 (9)
1542 1138 1549 1144 ·
1577 1130 1672 1165 μείζων
1695 1133 1742 1156 τοῦ
1765 1130 1899 1166 λυομένου

1089 1181 1150 1197 ναου
1163 1182 1170 1188 ι
1193 1173 1249 1202 ἶσος
1263 1176 1309 1198 τοὺ
1333 1175 1375 1199 καὶ
1393 1175 1459 1209 μετὰ
1473 1176 1520 1203 τὴν
1541 1173 1615 1200 λύσιν
1641 1176 1685 1200 τὸν
1703 1175 1795 1200 οἱχιῐον
1818 1174 1899 1209 ἆγεί-

1089 1226 1181 1253 ραντος
1205 1219 1274 1243 ναὸνι
1302 1217 1398 1244 huion
1425 1219 1530 1254 μείζων,
1553 1221 1646 1245 τούτου
1671 1221 1739 1250 ἶσος.
1757 1221 1807 1245 Καὶ
1834 1220 1895 1245 πά-

1088 1261 1127 1287 λιν
1142 1272 1149 1278 ο
1182 1261 1276 1288 Οὐκέτι
1301 1262 1383 1289 πολλά
1408 1263 1513 1293 λαλήσω
1544 1264 1600 1300 μεθ’
1624 1265 1705 1300 ὑμῶν.
1730 1265 1820 1301 Ὁρᾷς,
1848 1265 1895 1290 αἱ-

1088 1308 1181 1342 ρετιχὶ,
1201 1309 1268 1337 τίνος
1291 1307 1386 1342 μείζων
1410 1307 1481 1334 ἐστιν
1507 1309 1521 1334 ὁ
1545 1311 1642 1346 Πατὴρ,
1669 1309 1715 1334 τοῦ
1747 1308 1863 1343 λέγοντος
1883 1319 1890 1325 ·

1088 1350 1183 1376 Οὐκέτι
1208 1351 1291 1378 πολλὰ
1317 1352 1423 1381 λαλήσω
1454 1353 1510 1389 μεθ’
1542 1354 1612 1389 ὑμῶν
1625 1361 1632 1368 ·
1666 1353 1695 1379 οὐ
1725 1357 1771 1379 τοῦ
1799 1352 1892 1388 λέγον-

1088 1404 1147 1425 τος·
1175 1395 1231 1421 Οὐκ
1256 1396 1349 1432 ἀφήσω
1377 1398 1445 1433 ὑμᾶς
1477 1397 1622 1433 ὀρφανούς·
1651 1398 1707 1434 μεθ’
1735 1399 1806 1434 ὑμῶν
1833 1399 1889 1436 γάρ

1057 1440 1140 1482 ἷείμι
1173 1441 1260 1471 πάσας
1297 1442 1344 1471 τὰς
1371 1442 1470 1477 ἡμέρας
1497 1443 1543 1473 ἕως
1574 1447 1623 1473 τῆς
1660 1443 1816 1475 συντεωας.
1850 1460 1888 1465 —-

1086 1484 1211 1521 Ἔρχεται
1236 1486 1248 1511 ὁ
1278 1486 1369 1523 ἄρχων
1397 1490 1443 1512 τοῦ
1470 1489 1571 1523 κόσμου
1597 1490 1642 1513 καὶ
1668 1487 1692 1513 ἰν
1720 1487 1777 1524 ἐμοὶ
1803 1489 1887 1526 ινξορή-

1087 1538 1126 1555 σιι
1152 1527 1238 1556 οὐδέν.
1268 1529 1344 1567 Ὁρᾷς
1371 1533 1440 1562 τίνος
1468 1533 1524 1558 ἑστί
1552 1532 1659 1567 μείζων,
1689 1536 1735 1558 τοῦ
1765 1535 1887 1570 κρινομ-

1085 1583 1129 1599 νου
1162 1573 1202 1600 ἐπ’
1228 1574 1319 1609 ὄψεσιν
1343 1575 1488 1611 ἀρχόντων,
1517 1576 1547 1602 οὗ
1574 1580 1620 1603 τοῦ
1647 1579 1808 1608 ποιήσαντος
1836 1580 1886 1606 τὴν

1085 1617 1255 1654 οἰκουμένην·
1294 1619 1450 1656 Ἐγείρεσθε,
1494 1621 1596 1656 ἄγωμεν
1637 1620 1750 1648 braver:
1772 1632 1780 1639 ·
1823 1623 1887 1658 ὁρᾷς

1085 1664 1153 1697 rivo;
1177 1661 1232 1689 ἐστὶ
1258 1663 1353 1699 μείζων
1371 1665 1383 1689 ό
1403 1667 1503 1702 Πατὴρ,
1530 1669 1576 1691 τοῦ
1601 1665 1717 1701 λέγοντος
1735 1665 1856 1702 ’Ἄγωμεν
1873 1675 1880 1681 “

1085 1706 1114 1732 οὐ
1150 1711 1195 1733 τοῦ
1226 1707 1343 1743 λέγοντος
1360 1719 1366 1725 ·
1398 1709 1541 1738 Ἐνοικήσω
1578 1709 1603 1735 ἐν
1635 1711 1696 1746 ὑμῖν
1726 1712 1771 1736 καὶ
1803 1712 1884 1746 ἐμπε-

1084 1754 1234 1789 ριπατὴσω·
1270 1769 1305 1773 ——
1339 1754 1405 1789 Ἐγώ
1432 1754 1486 1790 εἰμι
1518 1755 1533 1783 ἡ
1567 1755 1677 1790 ἄμπελος
1711 1756 1726 1784 ἠ
1759 1754 1883 1785 ἀληθινή·

1086 1799 1154 1833 Ορᾰς
1169 1799 1237 1828 τινος
1251 1797 1309 1824 ἔστι
1326 1798 1422 1834 μείζων
1443 1801 1456 1824 ό
1473 1801 1573 1836 Πατὴρ,
1594 1803 1640 1825 τοῦ
1662 1799 1781 1835 λέγοντος
1792 1811 1800 1817 ·
1817 1801 1883 1836 Ἐγώ

1085 1841 1138 1877 εἰμι
1166 1843 1181 1871 ἠ
1211 1842 1344 1878 ἄμπελος·
1372 1843 1401 1868 οὐ
1433 1847 1480 1869 τοῦ
1510 1843 1638 1879 λὲγοντος,
1667 1843 1734 1880 Ἐγὼ
1755 1844 1883 1881 ἐφύτευσα

1085 1886 1197 1922 ἄμπελον
1212 1887 1345 1917 ἀληθινήν.

1119 1952 1170 1976 Τοῦ
1184 1950 1261 1986 civ/iovi
1273 1950 1401 1988 Κυρὶλλου
1415 1949 1442 1976 ἐκ
1457 1954 1502 1977 τοῦ
1519 1951 1554 1982 εἰς
1567 1953 1599 1978 τὰ
1613 1952 1678 1978 Βάἰα
1689 1951 1766 1987 λόγου
1780 1952 1846 1988 (10).

1120 2030 1154 2060 η”
1175 2030 1274 2066 ’Θμως,
1291 2031 1312 2057 εἰ
1327 2034 1371 2057 καὶ
1396 2032 1483 2060 ήνώθη
1499 2032 1557 2058 καθ’
1580 2033 1727 2059 ὑπόστασιν
1752 2036 1789 2068 τῷ
1805 2035 1881 2068 Λόγῳ

206 2071 271 2100 liter
285 2071 383 2099 Verbo
400 2071 483 2099 unita
500 2071 564 2106 fuit,
581 2079 641 2098 non
659 2074 758 2099 tamen
773 2074 818 2099 est
832 2075 961 2108 aequata.
975 2073 1017 2105 Qu

1089 2076 1100 2104 ἡ
1127 2075 1217 2110 λογικὴ
1248 2076 1320 2111 ἡμῶν
1348 2077 1435 2112 φύσις,
1464 2076 1518 2103 ἀλλ’
1541 2077 1589 2103 οὐκ
1615 2077 1718 2106 ἰσὼθη·
1746 2080 1815 2108 Πῶς,
1831 2079 1880 2113 γὰρ

207 2116 287 2143 enim
300 2115 364 2143 ﬁeri
377 2117 484 2151 potest,
501 2117 534 2143 ut
544 2116 706 2151 temporale
720 2119 893 2153 exmquetur
902 2119 1029 2150 aeterno;

206 2159 236 2187 id
251 2159 334 2195 quod
348 2159 453 2188 habuit
466 2160 593 2193 initium,
609 2161 634 2188 ei
650 2161 732 2197 quod
746 2161 808 2188 sine
824 2161 906 2188 initio
920 2162 986 2189 est?
999 2163 1032 2189 Et

205 2204 297 2240 paulo
313 2206 399 2240 post,
413 2205 569 2237 Quomodo
579 2205 676 2241 inquit
689 2216 695 2232 :
709 2206 773 2241 Ego
789 2209 815 2234 et
826 2206 927 2240 Pater,
939 2214 1028 2234 unum

204 2257 306 2276 sumus
317 2251 330 2277 7
343 2249 382 2277 ob
398 2249 548 2277 caelestem
565 2250 674 2278 scilicet
690 2253 758 2278 ante
774 2250 882 2278 saecula
894 2251 1030 2278 nativita-

203 2295 274 2321 tem.
292 2293 451 2326 Quomodo
464 2294 554 2322 Pater
573 2302 654 2323 meus
669 2295 769 2330 major
783 2302 828 2322 me
838 2297 880 2322 est
891 2296 904 2321 ἵ
918 2294 957 2322 ob
971 2297 1029 2322 ter-

201 2345 308 2366 renum
324 2346 360 2366 ex
374 2338 493 2373 Virgine
507 2341 617 2372 ortum,

342 2383 485 2418 Ejusdem
501 2392 538 2412 ex
551 2391 685 2412 sermone
701 2383 742 2412 ad
754 2384 881 2418 reginas.

235 2439 261 2465 9.
277 2438 313 2465 At
327 2438 482 2473 quomodo
502 2438 528 2465 is
542 2437 656 2471 angelis
677 2437 775 2465 minor
789 2437 893 2471 evasit,
909 2437 960 2472 qui
984 2436 1024 2465 ab

197 2482 254 2511 illis
264 2481 416 2515 adoratur,
439 2490 559 2519 unaque
573 2490 641 2509 cum
654 2483 736 2509 Patre
747 2482 829 2516 regni
844 2481 951 2509 solium
967 2481 1020 2509 ob-

232 2547 242 2563 9
255 2544 357 2574 Matth.
376 2553 423 2574 xv,
442 2546 484 2572 34.
539 2545 562 2562 ¹⁰
577 2546 712 2577 Joan,x1.
728 2545 770 2570 34.

194 2583 238 2609 20.
282 2581 303 2598 ’³
320 2581 408 2608 Joan.
423 2588 481 2613 xiv,
498 2582 543 2608 30.
583 2580 606 2597 ¹⁶
620 2579 692 2606 ibid.
707 2580 749 2607 31.

228 2642 264 2675 (9)
293 2644 432 2670 Notemus
463 2643 500 2670 de
528 2641 725 2670 eucharistica
750 2641 1000 2669 transsulistantia

190 2678 269 2706 tione
289 2679 493 2706 testimonium
516 2677 695 2706 catholicum
716 2677 903 2704 ecclesiastici
921 2678 1012 2705 Patris

188 2714 276 2742 valde
299 2713 418 2747 nobilis,
439 2714 492 2749 qui
511 2712 621 2741 szeculo
644 2715 751 2748 quarto
772 2716 841 2748 post
862 2713 1010 2741 Christum

825 2544 845 2561 “
867 2545 953 2571 Marc.
968 2552 997 2578 v,
1014 2546 1057 2572 3i.

803 2579 861 2599 "-‘3
876 2579 965 2608 Levit.
979 2588 1056 2614 xxVi,
1075 2582 1116 2608 l2.

1087 2119 1247 2148 ὶσωθήσεται
1278 2119 1314 2156 τῷ
1343 2123 1490 2157 προαιωνίῳ
1522 2123 1551 2148 τὸ
1578 2124 1752 2158 πρὸσφατον;
1782 2123 1797 2151 ἦ
1829 2126 1881 2152 πῶς

1085 2165 1278 2200 ὁμοιωθήσεται
1290 2169 1325 2199 τῷ
1341 2164 1448 2200 mpm
1464 2167 1493 2191 τὸ
1508 2166 1618 2202 ἕναρχον
1634 2174 1640 2199 ;
1658 2167 1708 2192 Καὶ
1722 2165 1777 2201 μετ’
1794 2165 1877 2201 ὀλίγα-

1085 2212 1144 2239 Πὼς
1168 2211 1265 2245 φησίν·
1297 2209 1357 2244 Ἐγὺ
1382 2212 1426 2235 καὶ
1453 2210 1466 2235 ὀ
1494 2212 1584 2246 Πατὴρ
1610 2210 1635 2236 ἕν
1654 2209 1748 2246 Euasit;
1769 2214 1800 2247 τῇ
1828 2211 1878 2236 ἄνω

1083 2259 1132 2294 πρὸ
1151 2259 1248 2282 αἰώνων
1267 2259 1393 2292 γεννήσει,
1410 2260 1475 2290 Πῶς,
1488 2257 1517 2283 Ὁ
1539 2260 1629 2294 Πατήρ
1650 2267 1699 2293 μου
1714 2258 1810 2294 μείζων
1829 2259 1877 2295 μού

1082 2302 1157 2335 ian;
1174 2305 1204 2331 τῆ
1219 2302 1289 2328 κάτω
1309 2300 1336 2327 ἐκ
1349 2302 1478 2339 Παρθένου
1489 2304 1618 2338 γεννήσει,

1123 2386 1174 2409 Τον
1193 2392 1272 2408 αυτου
1283 2383 1310 2408 ἑκ
1326 2391 1370 2408 του
1387 2392 1420 2412 εις
1431 2383 1476 2412 τὰς
1493 2380 1656 2418 βασιλίσσας
1674 2382 1752 2419 λόγου
1765 2379 1831 2420 (Η).

1115 2435 1144 2462 0'.
1189 2439 1244 2466 Πῶς
1277 2433 1320 2461 οὖν
1358 2435 1505 2465 uicina-rat
1543 2437 1614 2473 παρὰ
1653 2438 1713 2467 τοὺς
1755 2435 1875 2473 ἀγγέλους

1585 2481 1598 2507 ὁ
1623 2479 1747 2518 σύνεδρος
1766 2484 1872 2519 Πατρί;

1619 2543 1642 2560 ⁸⁵
1657 2543 1756 2571 Matth.
1770 2551 1869 2575 xxvm,

1077 2482 1090 2507 ὀ
1117 2483 1182 2518 πρὸς
1207 2480 1290 2506 αὐτῶν
1311 2481 1544 2516 φροσχυνούμενος,

1105 2544 1128 2561 ¹³
1143 2545 1216 2571 Joan
1227 2551 1286 2575 XIV,
1303 2544 1346 2569 30.
1401 2542 1423 2560 ¹³
1437 2542 1509 2570 ibid.
1528 2544 1570 2570 18.

1171 2580 1190 2596 '9
1207 2580 1289 2606 loan.
1305 2586 1351 2609 xv,
1368 2579 1392 2605 1.

1065 2641 1085 2669 ﬂ
1093 2642 1208 2670 orehat.

1105 2680 1160 2709 (10)
1178 2676 1250 2705 Εάίι.
1268 2675 1357 2709 Paris,
1374 2678 1392 2704 t.
1407 2677 1440 2706 ν,
1460 2679 1535 2712 part.
1550 2685 1581 2711 ιι,
1599 2684 1628 2712 p.
1641 2678 1704 2711 497,
1717 2679 1779 2705 498.

1103 2713 1160 2749 (tt)
1173 2711 1249 2740 Edit.
1265 2712 1312 2739 cit.
1334 2714 1354 2740 t.
1367 2721 1392 2746 ν,
1408 2711 1483 2748 part.
1500 2720 1530 2746 ll,
1544 2720 1574 2749 p.
1592 2711 1651 2741 {33.
1671 2713 1703 2740 D.
