1947 3077
27 23 47 172 ξ

73 118 117 146 217
747 119 929 150 THESAURI
943 120 1009 150 LIB.
1025 121 1104 154 XXV.
1131 150 1134 151 ,

904 183 930 212 Δ

1698 126 1771 158 ~218

300 183 362 209 Τόῦ
382 182 461 219 ἁγίου
477 183 666 220 Δύγουστίνου.

1247 186 1279 216 S.
1304 186 1469 222 Augustini

102 238 144 271 ις’.
157 237 317 275 Ἐπίγνωθι
340 243 390 271 τὴν
403 240 498 272 διττὴν
517 244 594 278 φύσιν
615 245 661 268 τοῦ
680 244 798 278 Χριστοῦ
814 249 821 257 “
842 244 889 272 τὴν

72 284 134 311 θιίου
148 281 183 312 δὸ
200 283 285 320 λῆω,
310 288 365 315 τὴν
386 287 449 316 ἴσην
475 287 649 324 ὑπάρχουσαν
668 290 704 322 τῷ
720 289 804 324 Πατρί
820 297 826 303 ·
843 286 889 314 καὶ

71 330 110 357 τὴν
123 327 308 367 ἀνθρωπείαν,
329 331 364 363 ἧς
377 332 475 367 μείζων
489 331 558 359 ἐστὶν
578 332 591 358 6
605 334 694 368 Πατήρ
711 331 779 368 (18).

244 390 308 415 Τοῦ
332 391 511 426 Δαμασκηνοῦ
530 400 586 427 κερ.
603 389 624 428 ρ’
640 390 707 426 (19).

101 445 138 477 ιζ.
167 447 221 472 Καὶ
250 449 436 485 σεσάρκωται
455 451 539 475 τοίνυν
561 449 574 475 ὁ
596 451 692 485 Λόγος,
720 450 765 475 καὶ
783 451 831 479 τῆς
850 447 886 474 οἷ-

70 492 130 520 ιιιίας
153 489 314 522 ἆ-ἇλότητος
338 492 388 519 οὐκ
415 492 536 526 ἐξέστηκε
563 501 570 508 ·
595 495 640 520 καὶ
667 493 721 524 όλος
749 487 885 530 armipr-

67 543 113 568 ται,
149 537 195 561 καὶ
233 535 301 567 ὃ).ος
338 537 412 563 ἐστὶν
444 537 636 575 ἁπερίγραπτος
670 548 676 555 ·
717 539 886 574 σμιχρύνεται

69 585 221 615 σωματικῶς
244 584 298 608 καὶ
322 581 505 616 συστελλεται,
531 585 576 609 καὶ
601 584 690 613 θεῑκῶς
714 582 783 609 ἐστιν
822 582 886 609 ἀπι-

66 626 215 661 ρίγραπτος,
250 625 285 652 οὗ
325 630 616 664 συμπαρικτεινομένης
643 632 690 658 τῆς
719 629 815 665 σαρκός
838 627 885 653 αὐ-

66 673 106 694 τοῦ
129 673 160 705 τῇ
191 669 400 708 ἁπεριγράπτῳ
427 672 507 700 αὐτοῦ
533 673 646 701 θεότητι.
666 672 741 705 Ὀλος
768 674 812 708 μὲν
841 672 885 698 οὖν

67 712 115 739 itm
134 716 202 745 Θεὸς
229 715 352 750 τέλειος,
374 716 428 753 οὐχ
453 716 507 744 ὅλον
531 715 560 743 δὲ
586 719 650 748 Θεός
665 727 672 734 ⁸
693 717 722 744 οὐ
742 718 792 754 γὰρ
808 719 884 753 μόνον

68 760 136 792 Θεὸς,
151 757 219 785 ἀλλὰ
231 762 282 787 καὶ
299 761 460 797 ἅνθρωπος·
477 763 520 788 καὶ
537 761 594 792 ὅλος
612 761 708 793 τέλειος
720 762 855 799 ἄνθρωπος
876 770 882 776 “

67 801 114 840 οὐχ
129 802 188 829 ὅλον
203 801 237 830 δί
253 805 406 842 ἄνθρωπος
423 815 430 823 ⁵
447 805 476 833 οὐ
495 808 572 844 μόνον
590 807 641 845 γὰρ
654 807 801 844 ἅνθρωπος,
821 805 884 833 ἀλλὰ

68 849 106 875 καί
121 850 170 874 Θεό
175 858 196 881 ς.

72 945 109 972 ’Βι
132 950 179 973 τοῦ
204 950 324 985 πρώτου
349 948 457 986 βιϐλίου
483 953 533 976 τῶν
557 953 704 988 Θησαυρῶν
730 954 775 977 τοῦ
808 952 883 987 ἁγίου

155 991 297 1029 Κυρίλλου
313 992 345 1019 ἃ
357 997 405 1020 τοῦ
421 992 558 1021 ἑνδεκάτου
578 995 716 1032 κεφαλαίου
727 995 793 1031 (20).

104 1047 146 1078 ιη’.
163 1048 253 1076 Ὅταν
273 1050 343 1087 λέγῃ
372 1054 487 1088 Χριστὸς
506 1052 599 1080 ἐαυτοῦ
629 1054 672 1079 τὸν
700 1055 803 1090 Πατέρα
831 1055 884 1090 μεί-

73 1094 139 1125 ζονα,
165 1095 246 1121 ἔσται
276 1095 361 1122 πάλιν
390 1101 422 1133 τῇ
452 1096 632 1134 ἁνθρωπότητι
650 1100 752 1136 πρέπων
772 1099 785 1124 ὁ
800 1098 882 1134 λόγος,

74 1138 100 1163 οὐ
127 1142 172 1169 τῆς
203 1140 279 1171 θείας
336 1141 431 1172 οὐσίας
474 1142 554 1168 αὐτοῦ
583 1146 764 1180 κατηγόρημα,
798 1145 832 1174 ὡς
859 1143 884 1170 ἐν

74 1183 187 1210 ἐλάττοσι
220 1187 362 1221 κειμένης,
399 1186 415 1216 ἣ
465 1189 488 1213 ἐν
537 1188 575 1219 οἷς
610 1189 680 1214 ἐστιν
712 1189 724 1215 6
757 1191 884 1224 γεννήσας

76 1228 156 1257 αὐτόν.
173 1231 227 1256 Καὶ
251 1230 339 1256 πάλιν
370 1234 468 1268 προϊών
487 1240 493 1247 ·
514 1231 584 1262 "leo;
605 1233 657 1269 ἄρα
680 1237 716 1268 τῷ
737 1236 820 1269 Πατρὶ
839 1235 884 1259 καὶ

76 1273 208 1308 ὀμοούσιος
233 1275 248 1300 ὁ
274 1275 350 1305 Υἱός,
374 1275 549 1312 Οἰκονομικώς
568 1275 598 1303 δὲ
625 1277 746 1314 εἰρῆσθαι
764 1279 884 1304 πιστεύο-

79 1327 118 1353 μεν
140 1317 180 1345 ἰπὶ
206 1322 254 1345 τοῦ
276 1321 388 1357 Πατρός
407 1322 435 1347 τὸ
457 1322 556 1357 μεῖζον.
586 1321 667 1348 Ὂταν
686 1323 736 1359 γὰρ
757 1321 883 1359 ἐνανθρω-

78 1365 156 1393 ’νήσας
170 1366 304 1400 φαίνεται,
323 1367 384 1391 τότε
395 1368 438 1392 καὶ
452 1368 528 1392 τοῦτο
543 1376 622 1403 φησιν
634 1368 667 1397 ὡς
684 1368 828 1403 ἄνθρωπος.

135 1424 184 1448 Τοῦ
204 1422 290 1449 αὐτοῦ
310 1422 336 1449 ἐν
352 1421 455 1459 ἑϐδόμῳ
474 1428 524 1451 τῶν
536 1426 600 1460 πρὸς
613 1424 732 1460 Ἑρμείαν
745 1424 824 1460 λόγῳ,

114 1478 153 1508 IV.
182 1481 390 1517 ’Δνθρωπότητι
421 1483 472 1519 γὰρ
504 1481 563 1509 καθ’
593 1483 684 1510 ἕνωσιν
717 1483 882 1520 οἰκονομικὴν

980 243 1024 272 16.
1040 244 1177 279 Agnosce
1192 245 1344 281 geminam
1360 244 1560 273 substantiam
1576 244 1680 274 Christi
1697 255 1704 280 ;
1723 246 1768 274 di-

942 289 1045 317 vinam
1067 289 1185 322 scilicet,
1202 297 1263 326 qua
1277 290 1402 326 aequalis
1418 292 1462 318 est
1476 289 1574 323 Patri;
1588 289 1766 324 humanam,

942 340 1004 369 qua
1019 334 1114 370 major
1129 337 1172 363 est
1185 336 1278 363 Pater.

1060 393 1241 421 Damascem‘
1253 393 1420 428 capitulum
1439 394 1641 422 centesimum.

978 451 1024 478 i7.
1034 451 1066 479 Et
1076 458 1145 478 caro
1157 451 1245 486 igitur
1254 451 1387 480 Verbum
1399 451 1510 480 factum
1521 453 1576 484 est,
1584 453 1612 479 et
1623 453 1765 481 naturam

941 501 1029 522 suam
1043 495 1168 525 materia
1183 499 1334 532 expertem
1348 503 1409 524 non
1424 495 1534 524 amisit.
1551 497 1656 524 Tolum
1671 496 1766 524 incar-

939 541 1045 568 natum
1058 542 1138 568 estet
1149 542 1244 568 totum
1259 543 1302 568 est
1312 541 1617 576 ineircumscriptum.
1627 540 1765 569 Minuitur

941 583 1133 619 corporaliter
1145 585 1376 619 etcontrahitur,
1390 584 1532 613 divinitus
1548 588 1647 613 autem
1664 587 1766 615 manet

939 627 1091 656 inﬁnitum
1115 638 1120 656 :
1142 637 1239 666 neque
1263 638 1334 658 vero
1355 630 1420 665 ejus
1447 638 1516 658 caro
1542 630 1711 658 extenditur
1726 631 1766 659 ad

939 673 1075 708 ejusdem
1101 673 1264 702 divinitatis
1289 674 1477 703 inﬁnitatem.
1501 675 1589 703 Totus
1609 675 1698 710 igitur
1721 677 1766 703 est

940 718 1017 745 Deus
1032 718 1179 755 perfectus
1194 727 1200 751 ;
1217 727 1314 755 neque
1330 722 1427 747 tamen
1445 719 1510 754 ejus
1524 719 1702 747 universitas
1722 721 1766 748 est

939 763 1036 795 Deus;
1059 770 1121 790 non
1142 764 1222 791 enim
1250 763 1460 793 tantummodo
1480 766 1524 792 est
1544 765 1632 796 Deus,
1659 771 1762 792 verum

939 807 1028 835 etiam
1044 807 1149 836 homo.
1177 809 1265 836 Totus
1288 809 1435 844 perfectus
1450 811 1495 837 est
1513 809 1605 837 homo
1624 817 1630 842 ;
1646 817 1708 837 non
1723 811 1765 837 ta-

899 864 920 893 Β
939 860 1007 880 men
1019 852 1084 887 ejus
1099 853 1280 881 universitas
1299 857 1343 882 est
1357 853 1448 882 homo
1465 863 1471 882 :
1489 861 1587 890 neque
1603 853 1681 882 enim
1699 856 1764 883 tan-

939 897 1097 926 tummodo
1109 900 1154 925 est
1168 898 1271 931 homo,
1286 906 1391 926 verum
1405 899 1495 926 etiam
1509 900 1596 927 Deus.

938 955 987 984 Ex
999 956 1097 991 primo
1111 957 1188 984 libro
1210 957 1427 985 Thesaurorum
1442 957 1471 984 S.
1488 956 1604 992 Cyr-illi,
1621 963 1688 991 cap.
1713 956 1761 984 XI.

977 1051 1018 1078 t8.
1035 1050 1107 1078 Cum
1119 1050 1249 1078 Christus
1264 1050 1344 1084 dicit,
1358 1051 1472 1078 Patrem
1484 1050 1630 1086 majorem
1642 1058 1673 1078 se
1686 1058 1761 1084 esse,

939 1102 1038 1122 sermo
1053 1094 1102 1122 hic
1120 1095 1298 1123 humanitati
1318 1095 1395 1122 illius
1409 1095 1557 1128 convenit,
1577 1102 1638 1122 non
1663 1096 1764 1122 autem

939 1138 1074 1167 divinam
1095 1139 1233 1174 ejusdem
1254 1139 1417 1167 essentiam
1432 1139 1522 1172 laedit,
1539 1139 1629 1176 quasi
1643 1139 1766 1167 inferior

940 1183 978 1211 sit
992 1184 1120 1212 Genitori
1136 1192 1199 1212 suo.
1218 1185 1249 1212 Et
1263 1184 1341 1212 infra
1365 1193 1371 1212 :
1397 1184 1530 1220 [Equalis
1559 1183 1649 1218 igitur
1670 1186 1715 1212 est
1738 1186 1767 1212 et

939 1228 1203 1257 consubstantialis
1232 1228 1310 1257 Patri
1333 1229 1432 1257 Filius.
1456 1228 1672 1256 Incarnationis
1693 1236 1765 1257 vero

939 1281 1031 1301 causa
1045 1273 1196 1301 credimus
1210 1274 1324 1301 Patrem
1336 1274 1483 1309 majorem
1496 1282 1513 1302 θ.
1524 1273 1596 1301 Filio
1612 1276 1762 1301 vacatum.

938 1319 1012 1346 Cum
1026 1318 1105 1345 enim
1125 1317 1343 1347 humanitatem
1365 1317 1529 1355 assumpsit
1545 1320 1608 1346 tum
1623 1317 1713 1346 etiam
1733 1319 1765 1346 ut

936 1363 1030 1391 homo
1042 1362 1099 1390 hoc
1109 1362 1193 1391 dixit.

973 1421 1115 1456 Ejusdem
1131 1423 1163 1449 in
1182 1423 1303 1456 septimo
1321 1429 1491 1450 sermonum
1506 1421 1546 1449 ad
1560 1421 1724 1449 Hermiam.

973 1481 1016 1507 t9.
1032 1480 1212 1508 Humanitati
1227 1488 1280 1516 per
1292 1488 1404 1508 nexum
1419 1480 1643 1516 hypostaticum
1658 1479 1762 1508 ineffa-

84 1521 227 1560 ἆπορῥήτως
255 1528 449 1562 συνενηγμίνος
472 1527 484 1553 6
508 1526 536 1553 ἐκ
569 1531 636 1554 Θεοῦ
669 1530 754 1563 Λόγος
786 1531 879 1554 νοεῖται

974 1525 1033 1552 riter
1048 1525 1241 1559 conjunctum
1269 1525 1318 1552 Dei
1340 1525 1479 1557 Verbum,
1502 1524 1636 1552 Christus
1657 1524 1762 1552 intelli-

84 1570 189 1604 Χριστός
209 1576 217 1584 ”
264 1569 391 1606 ἀνωτέρω
428 1572 472 1607 μὲν
501 1570 709 1607 ὰνΟρωπότητος,
741 1573 774 1602 ὡς
806 1574 882 1608 φύσει

85 1614 139 1642 θιὸς
164 1616 208 1640 καὶ
241 1615 308 1645 Υἱός
329 1625 336 1632 ·
365 1615 493 1651 ὑφιζάνων
515 1614 544 1642 δέ
567 1626 593 1642 τι
608 1615 699 1654 βραχὺ
719 1620 763 1643 τοῦ
777 1616 800 1642 ὲν
815 1615 880 1653 δόξῃ

89 1657 240 1693 θεοπρεποῦς,
288 1660 326 1689 ὡς
369 1660 514 1696 ἄνθρωπος,
556 1662 696 1698 Τοιγάρτοι
737 1663 798 1687 ποτέ
838 1663 882 1697 μὲν

87 1701 184 1735 ἔφασκεν
208 1711 214 1717 ·
238 1702 270 1729 '0
296 1703 420 1740 ἑωρακὼς
445 1703 487 1740 ἐμὲ
510 1705 605 1742 ἑώρακε
623 1707 665 1732 τὸν
691 1708 803 1743 Πατέρα,
821 1708 881 1740 Καὶ,

89 1744 148 1780 Ἐγώ
178 1749 222 1774 καὶ
248 1757 262 1774 ο
294 1750 387 1784 Πατὴρ
413 1749 437 1776 ἓν
463 1748 549 1785 ἐσμεν.
566 1752 631 1776 nm
647 1748 676 1776 δὲ
700 1750 733 1776 αὖ
751 1750 838 1784 πάλιν,
853 1750 883 1776 Ὀ

90 1793 168 1829 Πατήρ
189 1803 239 1829 μου
252 1794 353 1830 μείζων
366 1803 415 1830 μου
427 1794 508 1824 ἐστιν,

90 1850 134 1875 Τοῦ
147 1851 219 1886 ἁγίου
233 1854 384 1888 Γρηγορίου
401 1856 445 1892 τοῦ
462 1852 590 1892 ρεαλόγον
606 1853 634 1879 ἐκ
648 1857 693 1880 τοῦ
713 1856 817 1892 πρώτου
837 1857 882 1880 τοῦ

331 1890 391 1924 περὶ
404 1889 464 1915 Υἰοῡ
478 1889 554 1925 λόγου
566 1889 632 1924 (21).

122 1942 152 1969 κ’.
184 1947 217 1970 Σὺ
245 1943 277 1971 δέ
302 1955 349 1981 μοι
373 1947 532 1983 καταριθμιι
563 1949 628 1984 πρός
651 1948 735 1973 ταῦτα
766 1948 799 1973 τὰ
835 1951 883 1978 τῆς

95 1984 265 2024 ἷηνωμοσὺνης
287 1990 395 2027 ῥήματα
413 2001 418 2007 ·
444 1993 484 2023 τὸ,
502 1993 564 2018 Θεὸν
580 2001 629 2028 μου
645 1995 690 2019 καὶ
710 1993 772 2022 θεὸς
786 1992 857 2028 ὑμῶν
874 2003 880 2010 -

94 2032 127 2064 τὸ,
141 2033 230 2067 μείζων
245 2042 252 2049 ·
275 2037 317 2068 τό,
338 2036 423 2062 ἔκτισε
446 2043 453 2051 ’
470 2038 509 2070 τό,
523 2037 629 2071 ἡγίασε.
647 2039 695 2063 Καὶ
708 2037 763 2072 μετ’
780 2037 854 2072 ὀλίγα
873 2046 880 2053 ⁸

95 2077 185 2103 τούτων
209 2081 258 2116 γὰρ
286 2080 397 2106 ἕκαστον
426 2080 455 2106 οὐ
488 2080 603 2116 χαλεπὸν
632 2084 676 2107 καὶ
707 2082 775 2107 κατὰ
806 2084 883 2119 μέρος

96 2118 212 2152 ὶκεξιόντα
240 2124 393 2160 ἐξηγεῖσθαί
418 2135 458 2152 τοι
484 2127 550 2162 πρός
582 2128 611 2152 τό
635 2126 818 2153 εὐσεϐέστατον
838 2129 882 2153 καὶ

98 2162 264 2203 ἀνακαθαίρειν
289 2171 318 2195 16
343 2168 367 2194 ἐν
382 2173 436 2199 τοῖς
457 2171 596 2207 γράμμασι
619 2180 778 2207 προσ-κόμμα
794 2181 800 2187 ·
818 2173 882 2206 εἴγε

937 1569 1035 1604 gitur:
1066 1570 1202 1605 superior
1221 1569 1344 1605 quidem
1367 1569 1564 1601 humanitate,
1590 1571 1692 1604 utpote
1711 1576 1763 1596 na-

937 1616 1003 1642 tura
1019 1615 1097 1641 Deus
1113 1617 1140 1642 et
1156 1614 1243 1642 Filius
1258 1622 1265 1641 :
1282 1614 1449 1642 minoratus
1460 1615 1561 1641 autem
1572 1612 1763 1648 aliquantum

937 1658 1015 1686 intra
1029 1658 1156 1693 gloriam
1178 1660 1237 1686 Deo
1263 1658 1398 1693 dignam,
1414 1660 1515 1694 utpote
1536 1658 1638 1686 homo.
1655 1658 1764 1690 Quam-

937 1702 1042 1731 obrem
1058 1703 1150 1730 modo
1165 1703 1238 1730 dixit
1254 1711 1260 1731 :
1282 1703 1338 1736 Qui
1356 1703 1431 1731 vidit
1457 1711 1512 1737 me,
1533 1702 1608 1730 vidit
1627 1702 1761 1730 Patrem.

938 1750 1010 1775 Item
1027 1756 1033 1775 :
1049 1748 1113 1782 Ego
1133 1752 1160 1776 et
1182 1749 1279 1778 Pater
1297 1756 1390 1776 unum
1406 1755 1518 1776 sumus.
1534 1746 1620 1776 Modo
1636 1749 1737 1776 autem
1753 1755 1760 1776 :

937 1793 1030 1821 Paler
1044 1801 1125 1821 meus
1135 1794 1234 1828 major
1252 1801 1296 1821 me
1309 1796 1361 1821 est.

936 1850 969 1879 S.
987 1851 1122 1887 Gregorii
1148 1851 1287 1887 Tlieotogz'
1303 1859 1340 1880 ex
1355 1858 1489 1880 sermone
1505 1851 1604 1886 primo
1620 1851 1657 1879 de
1672 1851 1759 1879 Filio.

971 1948 1016 1974 20.
1030 1948 1069 1975 Tu
1085 1954 1154 1974 vero
1173 1946 1247 1974 mihi
1262 1946 1327 1974 illas
1342 1946 1517 1974 vecordiam
1539 1945 1697 1973 hominum
1711 1952 1761 1972 vo-

938 2000 986 2019 ces
1002 1999 1145 2020 enumera
1161 1999 1168 2019 :
1185 1993 1257 2019 Deus
1273 1999 1353 2020 meus
1375 1994 1403 2020 et
1431 1991 1508 2018 Deus
1528 1993 1635 2023 vester,
1659 1992 1688 2017 et
1701 1996 1760 2016 ma-

933 2038 995 2072 jor,
1019 2039 1047 2064 et
1067 2037 1190 2070 creavit,
1211 2038 1238 2064 et
1259 2036 1469 2070 sanctiﬁcavit.
1498 2036 1530 2062 Et
1554 2033 1646 2070 paulo
1662 2033 1758 2060 intra:

938 2081 1006 2108 Haec
1029 2081 1109 2108 enim
1134 2080 1252 2115 singula
1281 2080 1432 2114 sigillatim
1471 2078 1621 2116 persequi,
1651 2078 1761 2113 pioque

938 2133 1026 2153 sensu
1047 2125 1206 2161 explicare,
1223 2125 1345 2152 minime
1360 2123 1480 2152 difﬁcile
1492 2126 1534 2152 est
1548 2133 1555 2156 ς
1567 2126 1656 2159 atque
1671 2121 1762 2150 otl'cn—

938 2170 1071 2198 diculum
1087 2169 1170 2204 illud,
1192 2169 1273 2205 quod
1289 2168 1318 2196 in
1330 2168 1432 2196 litteris
1446 2167 1571 2202 exsistit,
1591 2173 1761 2200 removere;

97 2215 254 2245 προσπταίιις
277 2215 367 2247 ὄντως,
389 2213 453 2240 ἀλλὰ
466 2217 502 2250 μή
529 2214 591 2241 ἑκὼν
606 2218 769 2252 κακουργεῖς,
785 2215 837 2241 Ἐνὶ
853 2213 879 2242 δὲ

975 2213 1066 2241 modo
1081 2221 1149 2240 vere
1167 2212 1304 2248 offendis,
1326 2214 1353 2240 et
1371 2220 1431 2240 non
1445 2212 1544 2248 potius
1558 2211 1596 2239 de
1614 2209 1763 2238 industria

99 2254 212 2291 κεφαλαίῳ
223 2258 257 2283 τὰ
275 2260 320 2294 μὲν
332 2257 480 2295 ὑψηλότερα
493 2261 611 2296 πρόσαγε
629 2263 660 2295 τῇ
676 2260 777 2289 θεότητι
788 2262 833 2286 καὶ
847 2265 878 2296 τῇ

99 2300 209 2333 ιρείττονι
219 2303 295 2337 φύσει
308 2303 396 2329 παθών
409 2306 453 2329 καὶ
471 2307 600 2340 σώματος,
616 2305 650 2330 τὰ
661 2303 689 2331 δὲ
704 2307 880 2342 ταπεινότερα,

102 2345 130 2377 τῷ
144 2346 249 2382 σννθὲτῳ
274 2357 320 2374 και
339 2351 375 2383 τῷ
399 2347 445 2375 διὰ
466 2350 494 2375 σὲ
506 2349 639 2376 κινωθέντι
652 2351 697 2376 καὶ
711 2350 880 2387 σκρκωθέντι.

260 2499 311 2526 Τοῦ
327 2497 406 2524 αὐτοῦ
421 2497 448 2524 ἐκ
463 2502 510 2525 τοῦ
525 2498 605 2525 αὐτοῦ
615 2498 702 2535 λόγον.

133 2551 175 2581 καί.
196 2556 237 2586 Τίς
255 2554 298 2582 οὖν
327 2555 424 2593 ἀντιρεί
453 2555 529 2592 λόγος
560 2559 660 2594 κτίσμα
683 2558 728 2593 μὲν
761 2556 882 2594 λέγεσθαι

427 2656 443 2663 ο

138 2677 348 2721 ttB)Yestiganti
373 2681 446 2710 mihi
469 2682 661 2721 occurritAhic
677 2683 770 2721 ‘loeus
800 2684 881 2721 apud

110 2711 181 2746 Aug.’
197 2714 224 2743 in
237 2711 319 2746 Joan.
342 2720 424 2750 tract.
452 2726 570 2752 Lxxvnt,
596 2719 623 2747 3.
642 2718 685 2747 lbi
708 2711 883 2748 tamenv‘esrt

113 2753 281 2782 agnoscamus
296 2760 356 2781 non
371 2761 507 2782 annosae.

141 2783 190 2820 (ιο)
205 2787 233 2816 In
246 2787 372 2819 editione
390 2783 553 2827 Lequienii,
573 2790 612 2819 De
619 2790 759 2826 ﬂd.orth.
774 2791 826 2820 lib.
841 2799 881 2828 in,

937 2265 1055 2294 peccas.
1079 2258 1113 2285 Ut
1136 2259 1237 2284 autem
1263 2256 1438 2284 summatim
1459 2255 1570 2289 dicam,
1592 2258 1624 2283 tu
1639 2253 1761 2290 quidem

937 2302 1113 2330 sublimiora
1125 2301 1205 2329 dicta
1219 2300 1373 2335 divinitati,
1390 2300 1642 2336 passionibusque
1657 2302 1686 2327 et
1699 2306 1762 2327 cor-

937 2355 1009 2383 pore
1024 2346 1135 2382 experti
1157 2348 1282 2378 naturte,
1306 2345 1433 2374 attribue
1451 2353 1458 2379 ;
1484 2344 1644 2372 humiliora
1660 2346 1760 2372 autem

937 2391 1106 2427 composito
1119 2390 1234 2419 homini
1247 2390 1348 2426 tuique
1361 2397 1455 2418 causa
1464 2389 1615 2418 exinanito
1626 2391 1654 2417 et
1663 2389 1761 2416 incarc

937 2438 1017 2464 nato.

1113 2498 1255 2534 Ejusdem
1278 2505 1315 2526 ex
1328 2498 1425 2526 eodem
1440 2503 1584 2525 sermone.

972 2557 1164 2590 2i.Qutenam
1177 2564 1249 2593 ergo
1262 2557 1337 2585 ratio
1352 2558 1440 2591 vetat,
1465 2554 1628 2592 quominus
1649 2554 1764 2581 creatu-

936 2692 1003 2720 cap.
1021 2687 1047 2718 7,
1064 2687 1082 2713 t.
1101 2687 1121 2719 ῐ,
1138 2693 1167 2721 p.
1184 2686 1246 2713 215.

973 2722 1019 2756 (20
1046 2720 1177 2749 Editeit.
1190 2723 1209 2748 t.
1227 2721 1259 2754 V,
1275 2721 1351 2756 part.
1365 2727 1385 2754 ι,
1396 2726 1426 2755 p.
1442 2721 1485 2753 85,
1503 2721 1537 2751 Α,
1553 2720 1615 2754 etp

973 2722 1030 2793 (ΜΞ
1044 2756 1118 2785 Edit.
1133 2755 1258 2792 Maurin,
1272 2758 1292 2785 t.
1306 2757 1327 2792 l,
1344 2757 1418 2785 orat.
1436 2756 1481 2789 29,
1495 2755 1510 2788 §
1525 2755 1568 2783 18.

1044 2756 1118 2785 Edit.
1133 2755 1258 2792 Maurin,
1272 2755 1292 2785 ἱ.
1306 2757 1327 2792 l,
1344 2757 1418 2785 orat.
1436 2756 1481 2789 29,
1495 2755 1510 2788 §
1525 2755 1568 2783 18.

1620 2718 1677 2745 .86
1693 2717 1724 2745 Β.
