1947 3077
180 97 232 132 zu;

834 96 969 125 NlCET/E
984 96 1195 128 CHONITATJE

1819 99 1894 126 220

180 164 247 185 ram
271 158 454 194 Sapientiam
474 157 611 186 dicamus
636 158 804 187 secundum
831 161 995 187 terrestrem

1070 162 1100 188 ὴν
1129 162 1222 196 Σοφίαν
1250 161 1316 186 κατὰ
1345 162 1392 189 τὴν
1421 161 1491 186 κάτω
1519 163 1649 196 γέννησιν,
1679 163 1806 196 γέννημα
1851 158 1889 186 δὲ

180 200 368 229 nativitatem
393 210 399 234 ;
426 201 530 229 Filium
554 204 654 230 autem
681 203 848 231 secundum
871 203 1002 239 primam

180 245 340 280 magisque
353 245 688 282 incomprehensibilem
697 246 711 273 Ῥ

179 288 350 327 θυῖοαηζιξζς
367 290 549 327 Damascem‘
573 291 614 318 ad
639 298 685 319 eos
712 292 765 327 qui
791 295 911 327 rogant,
927 293 1004 321 sitne

297 324 413 353 Christi
422 333 549 360 persona
564 329 675 361 creata,
685 324 726 355 ari
739 324 885 356 ἱηονεᾰια.

214 414 258 440 22.
276 413 327 441 Dei
338 413 428 442 Verbi
443 422 582 451 persona,
597 418 664 444 ante
679 424 801 446 carnem
815 419 1004 454 assumptam

181 456 308 493 simplex
330 460 403 493 erat,
426 466 482 487 nec
502 460 680 496 composita.
701 469 826 498 corpore
841 470 956 498 expers,
976 464 1005 490 et

180 501 321 529 increata.
342 503 383 530 Ex
402 511 464 539 quo
486 506 586 532 autem
611 513 732 533 carnem
754 507 894 543 suscepit,
922 506 1004 534 carni

180 553 303 582 quoque
317 554 447 582 persona
461 548 539 577 facta
549 551 604 584 est,
618 550 844 588 compositaque
859 551 954 579 evasit
967 559 1004 579 ex

180 589 346 625 divinitate,
360 599 454 627 quam
465 601 623 629 nunquam
636 602 697 622 non
708 594 860 629 habuit,et
868 603 903 623 ex
915 603 1003 623 carne

180 642 275 671 quam
296 637 463 673 assumpsit
480 647 486 665 :
504 638 638 675 geritque
653 639 730 667 adeo
745 640 872 676 duplicis
889 643 1003 668 natura;

180 680 389 716 proprietates,
407 684 508 717 utpote
523 691 590 719 qute
606 683 635 711 in
650 684 770 712 duabus
782 685 896 713 naturis
907 685 1004 712 nosci-

180 726 236 751 tur.
255 725 319 757 Quo
333 725 367 753 ﬁt
381 728 413 754 ut
428 734 488 754 una
503 727 669 765 eademque
684 736 813 765 persona
828 732 855 757 et
868 729 1004 757 divinita-

181 769 219 796 tis
234 769 349 797 ratione
360 770 494 800 increata
508 772 553 806 sit,
575 775 602 800 ct
617 775 716 801 creata
735 773 851 801 ratione
864 774 1003 802 humani-

181 813 269 846 tatis;
283 814 408 864 visibilis
424 816 513 864 simul
530 819 556 844 et
576 817 746 864 invisibilis.
762 820 836 846 Nam
849 818 962 854 alioqui
973 818 1003 846 in
1019 837 1040 864 Β

181 865 232 886 eas
251 859 405 894 angustias
418 860 615 895 adducemur,
631 865 664 890 ut
677 862 724 890 vel
738 871 835 891 unum
850 863 1004 891 eumdem-

180 910 240 938 que
267 903 413 932 Christum
436 905 617 940 dividamus,
645 907 722 935 duas
748 915 895 943 personas
922 915 1002 936 asse-

179 947 294 982 rendo;
309 948 357 977 vel
381 952 557 979 naturarum
579 952 801 981 distinctionem
822 953 1001 986 inﬁcientes,

181 993 406 1021 conversionem
420 997 472 1023 aut
484 995 694 1025 confusionem
709 997 900 1026 inducamus.

180 1036 324 1072 Ejusdem
338 1039 504 1073 capitulum
529 1041 662 1105 ambage
675 1044 857 1070 naturarum
868 1043 1003 1078 proprie-

216 1117 261 1146 23.
281 1119 428 1147 Eumdem
442 1127 532 1156 porro
553 1120 715 1150 Dominum
739 1125 875 1151 nostrum
903 1123 1005 1151 Jesum

182 1161 343 1198 Christum,
354 1166 383 1192 et
396 1164 560 1200 perfectum
576 1167 681 1201 Deum,
695 1170 723 1195 et
732 1168 896 1203 perfectum
909 1167 994 1196 homi

181 1213 253 1236 nem
277 1208 487 1244 praedicantes,
509 1210 567 1238 hoc
590 1212 777 1247 proﬁtemur,
807 1212 949 1240 eumdem
977 1213 1006 1239 et

181 1252 286 1280 omnia
300 1253 421 1287 habere,
441 1262 509 1291 quae
530 1258 615 1291 pater
630 1255 730 1288 habet,
744 1259 868 1292 excepta
882 1256 1005 1291 ingeniti

181 1298 362 1334 proprietate
379 1308 385 1333 ;
410 1300 436 1327 ei
452 1301 554 1329 omnia
578 1301 658 1336 item,
679 1309 747 1337 qua;
768 1301 882 1337 primus
897 1301 1004 1333 Adam,

183 1343 306 1378 excepto
321 1342 385 1371 solo
406 1346 541 1379 peccato,
562 1345 620 1373 hoc
632 1348 686 1378 est,
703 1354 814 1382 corpus
827 1348 856 1373 et
871 1347 1004 1374 animam

181 1386 295 1414 ratione
313 1389 341 1415 et
361 1387 556 1423 intelligentia
574 1390 731 1425 prteditam
755 1399 761 1417 :
792 1390 863 1427 quin
891 1390 1005 1418 habere

182 1430 271 1458 etiam
285 1439 366 1467 eum,
379 1433 422 1460 uti
436 1433 556 1461 duabus
570 1434 685 1462 naturis
707 1437 942 1463 consentaneum
951 1437 1005 1467 est,

181 1475 317 1512 duplices
335 1480 510 1506 naturarum
532 1479 662 1507 duarum
677 1480 829 1508 naturales
842 1480 1005 1516 proprieta-

1056 205 1124 230 κατὰ
1138 206 1184 233 τὴν
1199 207 1303 242 πρώτην
1323 207 1367 231 καὶ
1386 205 1459 231 πλέον
1473 205 1586 234 ἄληπτον
1600 214 1607 239 ;

1055 296 1107 320 Τοῦ
1123 292 1198 329 ἁγίου
1214 293 1332 320 Ἰωάννου
1346 298 1393 321 τοῦ
1414 297 1587 331 Δαμασκηνοῦ
1611 296 1674 331 πρὸς
1692 296 1754 324 τοὺς
1777 293 1887 329 λέγον-

1092 339 1148 363 τας,
1160 330 1175 358 ἡ
1191 330 1337 367 ὑπόστασις
1355 334 1400 356 τοῦ
1415 334 1533 367 Χριστοῦ
1548 333 1653 365 κτιστὴ,
1668 331 1684 360 ἦ
1701 331 1846 359 ᾶκτιστος
1871 335 1884 344 ⁸

1094 368 1155 401 Κεφ.
1166 365 1223 401 px:
1242 366 1311 400 (22).

1167 419 1195 445 Ἠ
1216 419 1361 450 ὑπόστασις
1384 423 1429 445 τοῦ
1454 423 1520 446 Θεοῦ
1547 422 1634 455 Λόγου
1653 421 1718 456 πρὸς
1732 421 1785 450 τὴς
1803 429 1885 456 σαρ-

1057 465 1159 493 χώσεως
1186 463 1254 493 ἁπλῆ
1280 462 1310 499 ᾖν
1334 466 1377 490 καὶ
1403 463 1540 495 ἀσύνθετος
1564 467 1609 490 καὶ
1638 463 1783 500 ἀσώματος
1822 466 1881 489 καὶ

1058 507 1188 537 οἴκτιστος.
1215 509 1381 544 Σαρκωθεῐσα
1407 506 1437 534 δὲ
1460 509 1525 537 αὕτη
1546 511 1633 544 γέγονε
1647 511 1693 535 καὶ
1720 513 1750 545 τῇ
1783 511 1883 546 σαρκὶ

1058 552 1203 583 ὑπόστασις
1228 561 1234 567 '
1262 555 1306 578 καὶ
1338 554 1426 588 γέγονε
1455 553 1575 584 σύνθετος
1601 553 1628 579 ἐκ
1660 554 1797 586 θεότητος,
1840 553 1882 582 ἧς

1058 594 1128 632 εἶχεν
1156 595 1204 631 ἀεὶ,
1231 599 1276 623 καὶ
1296 597 1322 629 ἒξ
1348 598 1379 628 ἧς
1407 597 1563 633 προσείληφε
1586 599 1682 633 σαρκός
1697 604 1704 612 ’
1722 599 1770 623 καὶ
1794 599 1881 634 φέρει

1058 645 1107 666 τῶν
1136 639 1184 667 δύο
1209 643 1308 677 φύσεων
1335 643 1368 668 τὰ
1391 640 1531 678 ἰδιώματα,
1553 641 1577 667 ἐν
1597 639 1662 668 δυσὶ
1680 641 1877 677 γνωριζομένη

1057 689 1115 716 ταῖς
1134 687 1253 721 φύσεσιν.
1279 686 1359 712 Ὠστε
1392 688 1435 713 καὶ
1454 686 1520 715 αὐτὴ
1544 689 1592 722 μία
1610 687 1771 718 ὑπόστασις,
1790 686 1879 711 οἰκτι-

1059 732 1120 761 στός
1140 733 1167 756 τε
1190 729 1246 757 ἐστι
1269 735 1300 767 τῇ
1325 732 1437 763 θεότητι,
1451 734 1495 757 καὶ
1509 733 1603 760 κτιστὴ
1619 735 1649 767 τῇ
1665 730 1875 768 ἀνθρωπότητι,

1058 775 1137 811 ὁρατὴ
1155 785 1182 801 τε
1195 778 1238 801 καὶ
1250 774 1368 812 ἀόρατος.
1386 775 1456 802 Ἐπεῖ
1470 775 1670 812 ἀναγκαζόμεθα
1685 774 1802 811 διαιρεῖν
1821 777 1874 800 τὸν

1058 820 1100 846 ἕνα
1116 822 1239 858 Χριστὸν,
1268 818 1316 846 δύο
1331 822 1378 851 τὰς
1397 821 1556 850 ὑποστάσεις
1574 820 1698 855 λέγοντες,
1713 821 1727 850 ἢ
1745 822 1797 848 τὴν
1814 823 1873 845 τῶν

1058 866 1157 900 φύσεων
1177 864 1311 900 ἀρνεῖσθαι
1326 863 1453 902 διαφοράν
1469 874 1476 881 ’
1498 867 1542 891 καὶ
1558 867 1656 903 τροπὴν
1679 865 1796 900 εἰσάγειν
1819 867 1872 890 καὶ

1059 911 1206 945 σύγχυσιν.

1058 1048 1110 1071 Τοῦ
1132 1044 1211 1071 αὑτοῦ
1243 1043 1378 1080 κεφάλαιον
1400 1043 1440 1079 ρς·’
1473 1046 1532 1080 περὶ
1549 1048 1598 1070 τῶν
1628 1042 1777 1080 ἰδιωμάτων
1810 1047 1867 1069 τῶν

1359 1081 1458 1116 φύσεων
1487 1080 1552 1115 (23).

1095 1124 1145 1161 κγ’.
1178 1124 1276 1152 ΤεἿιειον
1313 1122 1342 1151 δὲ
1380 1125 1444 1151 Θεὸν
1483 1124 1664 1160 ὁμολογοῦντες
1705 1125 1748 1149 τὸν
1781 1123 1867 1149 αὐτὸν

1061 1170 1155 1204 Κύριον
1182 1169 1254 1204 ἡμῶν
1279 1168 1381 1198 Ἰησοῦν
1404 1170 1530 1204 Χριστὸν,
1563 1171 1608 1194 καὶ
1635 1167 1728 1194 τέλειον
1761 1168 1868 1203 ἂνθρω-

1059 1223 1117 1246 πον,
1141 1215 1221 1249 φαμεν
1251 1214 1293 1239 τὸν
1320 1213 1398 1239 αὐτὸν
1428 1215 1512 1239 πάντα
1543 1214 1613 1249 ἔχειν
1633 1214 1683 1239 ὅσα
1711 1213 1723 1238 ό
1755 1214 1864 1245 Πατὴρ,

1059 1256 1125 1286 πλὴν
1150 1256 1305 1292 ἀγεννοσίας
1326 1266 1332 1271 ·
1358 1259 1403 1283 καὶ
1424 1258 1509 1284 πάντα
1536 1258 1607 1293 ἔχειν
1629 1257 1680 1283 ὅσα
1703 1257 1716 1282 ὁ
1732 1254 1824 1291 Ἀδὰμ.
1849 1256 1863 1282 ὁ

1059 1306 1159 1338 πρῶτος
1186 1300 1255 1337 δίχα
1269 1303 1351 1337 μόνης
1375 1305 1422 1333 τῆς
1447 1302 1574 1338 ἁμαρτίας
1589 1308 1596 1316 ⁸
1614 1302 1689 1328 οῐτινά
1704 1301 1761 1327 ἐστι
1782 1305 1865 1336 σῶμα

1059 1349 1104 1372 καὶ
1122 1346 1200 1382 ψυχὴ
1225 1346 1316 1382 λογική
1346 1356 1372 1372 τε
1393 1349 1438 1372 καὶ
1452 1347 1527 1382 νοερά
1542 1355 1548 1361 ·
1566 1347 1636 1382 ἔχειν
1657 1344 1686 1372 δὲ
1699 1347 1776 1372 αὑτὸν
1792 1355 1861 1371 κατ-

1060 1390 1171 1420 αλλήλως
1194 1395 1251 1422 ταῖς
1278 1389 1343 1417 δυσὶ
1367 1392 1461 1427 φύσεσι
1481 1390 1563 1417 dtu-)6:
1581 1393 1614 1416 τὰ
1628 1395 1677 1416 τῶν
1694 1389 1742 1416 δύο
1757 1391 1859 1426 φύσεων

1387 1433 1435 1461 δύο
1460 1435 1574 1465 θελήσεις
1603 1435 1724 1470 φυσικὰς,
1743 1435 1811 1460 θείαν
1831 1443 1859 1459 τε

1060 1482 1105 1505 καὶ
1129 1479 1291 1516 ἀνθρωπίνην
1306 1487 1314 1494 ·
1336 1482 1382 1506 καὶ
1399 1479 1523 1516 ἐνεργείας
1554 1477 1602 1505 δύο
1622 1480 1743 1514 φυσικὰς,
1766 1480 1813 1506 τήν
1831 1487 1859 1503 τε

1061 1445 1093 1470 φυ
1098 1435 1159 1461 σιχὰ
1188 1433 1321 1471 ὶδιωματα
1345 1445 1351 1452 ·

182 1523 225 1549 tes
242 1531 248 1555 ;
275 1521 333 1550 hoc
347 1525 401 1558 est,
418 1523 494 1551 duas
508 1525 659 1553 naturales
675 1511 856 1559 voluntates,
871 1511 995 1553 divinan

1067 1524 1130 1550 θείαν
1144 1525 1188 1549 καὶ
1203 1526 1250 1553 τὴν
1263 1523 1425 1559 ἀνθρωπίνην
1437 1533 1443 1540 ·
1456 1527 1500 1550 καὶ
1513 1523 1670 1555 αὐτεξούσια
1685 1521 1733 1549 δύο
1749 1524 1858 1558 φυσικὰ,

181 1568 211 1594 et
228 1566 396 1595 humanam
412 1577 419 1596 ε
442 1568 519 1597 duas
537 1569 609 1598 item
626 1571 777 1598 naturales
805 1569 1006 1606 operationes,

182 1611 316 1640 divinam
329 1614 357 1640 et
370 1612 538 1642 humanam
560 1623 566 1648 ;
589 1614 666 1642 duas
682 1615 833 1643 naturales
848 1614 961 1642 arbitrii
974 1613 1008 1640 lio

182 1655 466 1688 bertates,divinam
476 1661 505 1686 et
512 1659 694 1687 humanam:
704 1667 739 1687 ac
749 1659 879 1695 denique
888 1658 1007 1694 sapien-

183 1700 256 1728 tiam
266 1703 295 1728 et
306 1701 460 1730 scientiam
476 1703 637 1738 duplicem,
645 1704 779 1731 divinam
791 1705 820 1731 et
829 1703 1004 1731 humanam.

183 1746 258 1773 Nam
273 1753 342 1772 cum
358 1746 492 1782 ejusdem
508 1755 544 1775 ac
561 1749 643 1775 Pater
658 1747 833 1776 substantiis
853 1747 899 1779 sit,
915 1746 1006 1774 libere

183 1789 247 1817 vult
261 1792 290 1817 et
301 1790 362 1825 agit
373 1794 403 1819 ut
419 1792 496 1818 Deus
513 1799 519 1819 :
536 1799 638 1819 rursus
653 1800 721 1820 cum
742 1790 1007 1820 consubstantialis

184 1833 222 1862 sit
235 1834 334 1869 nobis,
345 1834 437 1864 libere
455 1835 525 1863 item
543 1835 643 1864 vultet
657 1837 728 1873 agit,
743 1838 774 1864 ut
785 1836 887 1864 homo.
911 1835 1007 1872 ipsius

182 1878 265 1906 enim
277 1878 424 1907 miracula
436 1882 514 1912 sunt,
532 1880 625 1916 ipsius
635 1888 757 1916 quoque
768 1881 934 1915 passiones.

184 1924 234 1952 Ex
247 1924 377 1952 secunda
392 1925 424 1952 S.
444 1925 546 1952 Leonis
564 1932 654 1959 papa:
674 1925 805 1953 Romani
821 1925 862 1953 ad
882 1926 1007 1953 Leonem

219 1963 428 1993 tmperatorem
439 1961 574 1995 epistola,
588 1962 672 1995 cujus
681 1963 723 1988 est
734 1961 903 1996 inscriptio:
917 1973 930 1984 ιι
941 1961 1006 1988 Glo-

219 1995 380 2024 riosissimo
391 1999 418 2024 et
434 1996 680 2031 tranquillissima
689 1997 752 2031 ﬁlio
765 1998 898 2031 Augusto
905 1997 1005 2031 Leoni,

220 2032 276 2059 Leo
291 2033 454 2066 episcopus.
473 2042 487 2056 »

219 2077 263 2103 24.
275 2075 307 2103 In
316 2084 387 2104 vero
396 2077 445 2103 Dei
456 2078 545 2111 atque
555 2076 685 2104 hominis
693 2076 902 2110 Filio,Verbiet
909 2076 1007 2104 carnis

185 2128 247 2148 una
256 2127 386 2156 persona
396 2122 449 2154 est,
457 2127 524 2155 quae
535 2120 774 2156 inseparabiliter
781 2123 871 2157 atque
882 2121 1008 2148 indivise

1061 1569 1128 1594 θεῖον
1142 1577 1168 1594 τε
1186 1570 1231 1594 καὶ
1251 1567 1408 1604 ἀνθρώπινον
1421 1577 1426 1583 ·
1444 1571 1489 1594 καὶ
1505 1570 1596 1604 σοφίαν
1607 1570 1652 1594 καὶ
1667 1571 1772 1603 γνῶσιν,
1788 1567 1858 1593 θείαν

1059 1621 1087 1637 τε
1101 1615 1146 1638 καὶ
1165 1611 1336 1648 ἀνθρωπίνην.
1351 1612 1505 1649 Ὁμοούσιος
1516 1613 1566 1648 γὰρ
1579 1613 1612 1638 ὧν
1627 1616 1663 1647 τῷ
1676 1615 1730 1647 Θεῷ
1745 1613 1789 1637 καὶ
1806 1614 1859 1637 Πα-

1060 1658 1113 1693 τρὶ,
1128 1656 1299 1689 αὐτεξουσίως
1324 1657 1388 1683 θέλει
1403 1659 1447 1683 καὶ
1462 1657 1558 1694 ἐνεργεῖ
1570 1658 1602 1687 ὠς
1614 1659 1677 1687 Θεὸς
1699 1665 1705 1671 ·
1721 1657 1858 1692 όμοούσιος

1061 1698 1091 1727 δὲ
1110 1704 1154 1726 καὶ
1170 1702 1241 1736 ἡμῖν,
1267 1701 1441 1732 αὐτεξουσίως
1456 1701 1521 1727 θέλει
1535 1703 1581 1727 καὶ
1601 1700 1697 1737 ἐνεργεῖ
1709 1702 1743 1730 ὡς
1757 1701 1855 1736 ἄνθρω-

1059 1754 1108 1775 πος
1135 1746 1148 1771 ὁ
1179 1745 1265 1776 αὐτὸς.
1283 1746 1368 1772 Λῦτου
1392 1747 1443 1782 γὰρ
1465 1747 1498 1772 τὰ
1511 1746 1641 1782 θαύματα,
1661 1745 1741 1771 αὐτου
1760 1747 1803 1771 καὶ
1825 1744 1858 1770 τὰ

1060 1790 1212 1826 παθήματα.

1061 1923 1105 1949 Ἐκ
1128 1927 1182 1961 Δτῆς
1207 1921 1330 1961 (δευτέρας
1359 1923 1495 1954 ἐπιστολῆς
1545 1926 1590 1950 τοῦ
1629 1922 1718 1961 {cr/too
1751 1924 1854 1961 Λέοντος

1095 1959 1190 1996 πάππα
1213 1957 1313 1995 Ῥώμης
1339 1961 1401 1996 πρὸς
1432 1961 1534 1996 Λέοντα
1557 1960 1600 1984 τὸν
1625 1957 1759 1996 βασιλέα.Δ
1777 1958 1806 1987 ἧς
1838 1958 1852 1986 ἠ

1096 1993 1236 2031 ἐπιγραφὴ,
1251 1993 1266 2020 ά
1279 1998 1321 2030 Τῷ
1334 1993 1558 2031 ὑπερενδοξοτάτῷ
1571 1997 1616 2021 καὶ
1625 1993 1794 2031 νγαληνοτάτῳ
1808 1997 1854 2028 υιῷ

1096 2030 1240 2066 Αὐγούστῳ
1255 2033 1357 2065 Λέοντι,
1374 2033 1444 2057 Λέων
1464 2030 1603 2060 ἐπίσκοπος
1617 2030 1683 2063 (24).
1704 2040 1715 2054 ι

1097 2074 1147 2103 κδ’.
1174 2079 1216 2110 Τῷ
1236 2075 1326 2104 ἀληθεῖ
1352 2079 1398 2101 τοῦ
1421 2079 1487 2101 Θεοῦ
1513 2078 1557 2101 καὶ
1582 2074 1718 2110 ἀνθρώπου
1743 2074 1792 2108 Υἱῷ
1810 2076 1853 2099 τοῦ

1061 2130 1089 2146 τε
1111 2122 1197 2155 Λόγου
1237 2122 1281 2146 καὶ
1314 2124 1359 2150 τῆς
1387 2122 1484 2157 σαρκὸς
1508 2120 1533 2146 ἓν
1566 2120 1683 2156 ὑπάρχει
1708 2120 1852 2153 πρόσωπον,

185 2171 363 2192 communes
372 2163 463 2191 habet
473 2164 614 2192 actiones.
626 2165 824 2199 lntelligendm
833 2168 934 2193 tamen
940 2173 995 2192 sun

1067 2166 1122 2202 ἕπερ
1152 2165 1307 2201 ἁχωρίστως
1339 2168 1384 2191 καὶ
1421 2164 1577 2202 ἀδιαιρέτως
1610 2165 1696 2194 κοινὰς
1727 2163 1781 2198 ἑγει
1810 2164 1853 2194 τὰς

184 2209 322 2245 ipsorum
348 2216 473 2244 operum
494 2209 661 2244 qualitates,
680 2212 709 2238 et
724 2209 845 2237 sincerus
856 2209 926 2238 ﬁdei
939 2216 1008 2237 con-

184 2253 379 2288 templatione
403 2253 587 2281 cernendum
612 2257 664 2285 est,
689 2254 728 2282 ad
743 2262 811 2290 quae
827 2253 1010 2290 provehatur

185 2297 339 2330 humilitas
353 2298 462 2333 carnis,
471 2300 499 2326 et
513 2298 551 2326 ad
562 2306 629 2335 quae
642 2299 799 2327 inclinetur
810 2298 937 2326 altitudo
949 2297 1009 2325 dei-

185 2342 254 2372 tatis
271 2353 277 2370 :
295 2342 369 2379 quid
388 2343 424 2371 sit
439 2343 521 2379 quod
536 2351 606 2372 caro
625 2343 688 2372 sine
704 2344 798 2371 Verbo
813 2351 874 2370 non
894 2343 964 2376 agit,
981 2344 1010 2370 et

185 2387 259 2424 quid
270 2387 307 2415 sit
321 2387 402 2423 quod
417 2388 545 2416 Verbum
558 2389 621 2416 sine
631 2396 721 2416 carne
735 2396 793 2415 non
810 2387 899 2415 efﬁcit
913 2387 926 2415 ?
942 2387 1010 2415 Sine

185 2432 275 2461 Verbi
292 2433 372 2460 enim
387 2433 520 2468 potentia
532 2441 587 2461 nec
601 2433 771 2468 conciperet
784 2431 873 2467 Virgo
889 2439 944 2459 nec
958 2439 1010 2468 pa-

184 2480 261 2506 reret
280 2486 287 2511 ;
302 2479 330 2506 et
345 2478 408 2506 sine
423 2478 546 2506 veritate
568 2478 667 2506 carnis
680 2476 823 2505 obvoluta
842 2476 951 2512 pannis
966 2476 1009 2504 in-

184 2522 278 2550 fantia
292 2530 355 2550 non
376 2522 496 2558 jaceret.
524 2522 591 2550 Sine
613 2521 699 2549 Verbi
720 2521 853 2557 potentia
873 2528 933 2548 non
958 2521 1010 2549 ad—

185 2569 305 2596 orarent
318 2566 393 2603 Magi
407 2574 547 2603 puerum,
559 2565 643 2594 stella
657 2565 754 2593 indice
769 2564 968 2598 declaratum;
982 2567 1011 2593 et

222 2740 279 2776 (-22)
293 2740 367 2769 Edit.
382 2739 521 2776 Lequien.
539 2740 581 2769 De
600 2738 753 2773 ﬁdfarth.
772 2739 825 2768 lib.
845 2748 882 2775 1v,
897 2748 965 2776 cap.
982 2742 1009 2768 5.

221 2778 276 2814 (23)
292 2777 379 2813 Oper.
392 2775 441 2805 cit.
453 2775 507 2810 lib,
517 2784 545 2809 ιι,
562 2776 689 2812 οερᾼῑὶ.

1062 2209 1176 2246 πράξεις.
1206 2213 1248 2236 Δεῖ
1284 2213 1349 2236 νοεῖν
1392 2211 1460 2246 ὅμως
1489 2209 1573 2235 αὐτῶν
1602 2213 1652 2235 τῶν
1699 2209 1778 2244 ἔργων
1810 2208 1853 2237 τὰς

1062 2257 1202 2285 ποιότητας
1229 2263 1236 2269 ·
1270 2257 1313 2281 καὶ
1339 2258 1370 2290 τῇ
1395 2257 1552 2283 κατανοήσει
1576 2257 1624 2284 τῆς
1645 2252 1793 2288 εἰλικρινους
1811 2262 1852 2278 πι-

1065 2308 1142 2329 στεως
1178 2297 1219 2325 δεῖ
1253 2300 1377 2336 χαθορᾲν,
1401 2298 1443 2325 ἐπὶ
1472 2302 1535 2324 ποῖα
1562 2299 1606 2334 μὲν
1631 2298 1647 2326 ἡ
1687 2301 1732 2326 τῆς
1763 2298 1852 2333 cupiti;

1062 2345 1206 2381 προάγεται
1220 2346 1382 2377 ταπεινότης,
1399 2343 1440 2370 ἐπὶ
1459 2347 1522 2369 ποῖα
1535 2342 1564 2369 δὲ
1583 2345 1612 2368 τὸ
1632 2341 1697 2377 ὕψος
1710 2345 1756 2372 τῆς
1771 2342 1852 2370 θεότη-

1063 2399 1106 2420 τος
1134 2389 1305 2415 ἑπικλίνεται”
1338 2391 1382 2414 καὶ
1402 2390 1428 2414 τί
1459 2389 1502 2424 μεν
1530 2387 1610 2419 ἐστὶν,
1640 2387 1701 2423 ὅπερ
1736 2385 1798 2423 σὰρξ
1823 2385 1850 2411 οὐ

1062 2435 1171 2470 πράττει
1197 2432 1267 2470 δίχα
1289 2443 1334 2459 τον
1357 2435 1444 2468 Λόγου
1461 2443 1467 2449 ·
1488 2434 1514 2458 τί
1535 2430 1564 2458 δὲ
1591 2433 1628 2460 εἰη
1653 2431 1714 2468 ὅπερ
1737 2431 1750 2456 ό
1773 2432 1851 2465 Λόγος

1062 2480 1146 2516 χωρὶς
1165 2482 1211 2508 τῆς
1235 2479 1331 2515 σαρκὸς
1357 2477 1403 2503 οὐκ
1427 2476 1573 2513 ἐργάζεται.
1599 2478 1669 2511 Δίχα
1688 2476 1733 2510 μὲν
1747 2476 1793 2512 γὰρ
1807 2479 1851 2506 τῆς

1061 2527 1106 2550 τοῦ
1136 2525 1223 2559 Λόγου
1253 2521 1385 2558 δυνάμεως
1403 2519 1459 2548 οὐδ’
1484 2520 1514 2547 ἂν
1530 2522 1544 2550 ἡ
1562 2521 1692 2557 Παρθένος
1714 2518 1848 2554 συνεἏαϐεν,

1063 2567 1124 2596 οὐδὲ
1138 2569 1237 2594 ἔτεκενν
1262 2565 1332 2603 δίχα
1355 2564 1384 2592 δὲ
1396 2569 1443 2597 τῆς
1463 2565 1582 2595 ἀληθείας
1611 2569 1660 2595 τῆς
1688 2564 1782 2600 σαρκὸς
1807 2563 1849 2589 οὐκ

1099 2738 1156 2773 (ει)
1167 2736 1241 2765 Edit.
1257 2735 1393 2764 Ballerin.
1408 2736 1428 2763 t.
1442 2734 1464 2768 1,
1476 2742 1505 2770 p.
1519 2734 1596 2762 1366.
