1947 3077
192 107 244 134 223

864 103 999 133 NlCE’l‘E
1018 103 1206 133 (ΙΗΟΝῙΑΤΑΕ

1861 103 1919 131 224

192 167 224 197 ις.
240 166 350 203 Cyrilli'
370 174 408 196 ex
424 167 499 195 libro
523 174 601 209 nono
616 167 713 210 operis
732 167 769 196 de
788 167 966 196 adcretione
990 167 1023 195 in

1087 169 1127 194 Γοῦ
1142 166 1219 203 ἁγίου
1241 166 1367 210 Κὶυρίλλοιυ
1397 166 1447 210 ἀπο
1469 171 1516 195 τοῦ
1535 167 1646 195 iurati-ou
1661 166 1769 210 ,λογίου
1787 168 1840 192 τοῦ
1855 170 1919 202 περὶ

548 203 667 238 spiritu.

228 260 274 288 26.
290 259 354 285 Non
371 257 459 293 igitur
480 265 601 294 aequare
625 257 734 294 poterit
753 257 914 286 divinitatis
929 256 1022 285 excel-

193 302 316 331 lentiam
327 302 463 331 humana
475 304 583 330 natura
596 311 602 336 ;
619 302 649 330 id
663 303 743 330 enim
755 302 819 331 ﬁeri
833 302 956 331 minime
970 309 1023 338 po-

194 349 258 376 test.
272 349 383 383 Itaque,
400 350 432 376 ut
443 348 495 384 qui
510 348 606 376 nostri
617 348 721 376 similis
736 348 832 376 iactus
845 350 931 383 esset,
943 348 1022 376 talis-

194 399 254 428 que
272 392 494 427 intelligeretur,
511 392 630 421 dicebat
645 401 652 421 :
671 393 763 421 Pater
788 394 885 428 major
899 401 945 421 me
969 396 1020 427 est,

196 445 265 465 cum
282 439 382 465 tamen
397 437 478 465 idem
491 445 527 465 ex
541 440 649 466 natura
659 437 821 466 divinitatis
833 438 958 476 aequalis
974 439 1020 474 sit,

195 483 224 510 et
238 481 332 511 nihilo
342 481 464 511 interior
477 482 650 511 excellentia
665 483 820 512 Genitoris.

523 536 552 565 S.
568 537 690 572 Cyrillz'.

230 591 273 618 27.
288 591 391 618 Nonne
407 589 443 618 de
459 590 527 626 ipso
543 591 685 626 scriptum
705 593 749 619 est
764 591 932 620 inferiorem
945 599 1019 626 esse,

195 634 278 671 quod
300 635 339 662 ad
357 634 575 664 humanitatem
591 635 704 668 attinet,
719 638 879 671 praestante
901 637 1022 672 angelo-

195 686 263 706 rum
277 680 402 712 natura;
413 679 550 715 infraque
562 680 671 708 horum
685 680 812 714 gloriam
823 681 914 717 paulo
926 690 1022 710 mmo-

195 723 318 750 ratum?
339 724 380 751 Ita
395 725 447 752 est.
466 723 542 752 Dixit
566 724 646 752 enim
660 724 772 753 Paulus
789 733 796 752 :
821 726 899 754 Eum
922 729 1021 756 autem

196 768 248 803 qui
257 769 372 796 modico
383 776 473 804 quam
486 770 588 804 angeli
599 770 766 798 minoralus
775 774 826 804 est,
834 771 966 800 videmus
975 773 1022 801 Je-

195 820 270 845 sum,
284 816 406 847 propter
422 815 589 847 passionem
606 815 720 848 mortis,
747 816 847 849 gloria
869 820 896 844 et
911 817 1023 846 honore

197 861 379 885 coronatum.
395 859 432 886 At
445 858 518 894 quid
540 867 638 887 causa:
655 859 702 892 sit,
720 867 774 888 cur
789 860 857 889 licet
878 864 1022 897 praestan-

196 901 301 930 tiorem
321 904 461 932 naturam
476 903 554 931 nacti
570 911 708 939 supernae
723 905 849 934 civitatis
864 906 979 941 incolas,
996 909 1024 936 et

196 946 360 975 certissima
371 949 461 984 atque
474 948 644 977 indubitata
657 957 781 985 prorsus
793 950 843 978 Dei
852 951 1023 986 cognitione

195 991 321 1026 praediti,
338 991 423 1019 illum
438 993 491 1028 qui
506 994 613 1021 natura
633 993 752 1022 inferior
767 997 821 1028 est,
838 997 866 1024 et
887 995 1024 1032 ipsorum

196 1035 294 1069 gloria:
306 1035 394 1066 cedit.
408 1036 599 1065 adorandum
614 1037 745 1074 fecerint,
762 1047 888 1076 expone,
908 1049 1022 1077 quaso.

199 1079 344 1120 Equidem
371 1081 503 1116 tuaejam
520 1084 589 1111 sunt
613 1083 660 1110 hae
687 1086 795 1120 partes.
813 1085 913 1119 Igitur,
933 1085 957 1113 si
981 1087 1025 1114 est

195 1116 276 1152 idem
293 1126 322 1152 ct
335 1124 458 1153 inferior
473 1126 571 1160 simul,
589 1128 617 1155 et
631 1116 909 1164 incomparabiliter
929 1131 1025 1159 excel-

196 1167 270 1200 lens,
286 1168 372 1197 facile
387 1169 554 1198 tribuemus
565 1171 744 1200 humanitati
759 1173 790 1200 id
804 1174 887 1209 quod
899 1174 1023 1202 inferius

198 1215 251 1247 est,
266 1213 347 1249 quod
363 1213 393 1241 in
414 1222 481 1243 eam
496 1223 629 1250 congrue
644 1217 723 1245 cadit
735 1217 875 1252 (multum
890 1219 969 1247 enim
980 1219 1023 1247 di-

197 1259 254 1286 stat
269 1257 308 1285 ab
323 1258 437 1293 angelis
451 1261 560 1287 natura
578 1260 722 1294 hominis)
735 1270 741 1289 ε
757 1261 858 1291 deitati
873 1271 944 1291 vero
959 1272 1022 1292 om—

197 1302 247 1331 nia
260 1303 423 1339 superanti,
442 1305 666 1340 supereminere
688 1308 716 1334 et
735 1306 826 1335 attolli
855 1316 948 1344 supra
974 1317 1021 1337 res

197 1350 354 1381 creatas,et
370 1348 445 1376 ultra
460 1357 582 1377 omnem
595 1350 771 1379 rationalem
783 1351 981 1382 substantiam
993 1356 1021 1383 et

197 1399 287 1419 omne
303 1399 412 1420 nomen
428 1393 511 1429 quod
526 1394 709 1428 nominatur,
722 1395 955 1425 substantialiter
969 1405 1019 1426 ex-

197 1435 301 1463 cedere
316 1437 526 1465 concedcmus.
544 1438 596 1466 Sin
610 1441 709 1467 autem
724 1440 812 1468 etiam
829 1441 945 1478 absque
958 1450 1020 1471 car-

197 1481 278 1520 ne,et
292 1481 429 1509 nondum
444 1481 712 1512 humanitativelut
726 1484 870 1513 insertum
880 1486 1020 1515 Verbum-

1196 207 1243 234 τῆς
1258 202 1286 229 ἐν’
1296 204 1423 240 πνεύματι
1432 203 1558 242 λατρείας.
1572 208 1638 241 Κεφ.
1702 202 1783 238 (26).

1111 255 1162 286 xC‘.
1178 254 1278 283 Οὐκοῦν
1293 256 1340 283 οὐκ
1354 257 1522 288 ἱσοστατὴσιι
1535 262 1580 289 τῆς
1596 259 1739 287 θεότητος
1757 255 1919 293 ὑπεροχαῖς

1076 302 1106 327 τὸ
1126 299 1283 338 ἀνθρώπινον
1299 312 1306 320 ο
1335 301 1429 329 πολλοῦ
1457 312 1487 339 γι
1515 304 1560 329 καὶ
1588 301 1644 329 δεῖ.
1680 301 1847 338 Τοιγάρτοι
1871 302 1919 326 καὶ

1076 346 1185 381 ἔφασκεν
1196 347 1230 376 ὡς
1240 346 1300 373 καθ’
1310 347 1379 383 ἡμᾶς
1392 349 1501 383 γεγονὼς
1515 350 1560 374 καὶ
1577 348 1732 384 νοούμενος
1743 354 1749 360 ’
1765 345 1800 371 Ὀ
1817 346 1917 381 Πατήρ

1075 399 1125 426 μου
1146 390 1240 426 μιίζων
1255 392 1306 428 μού
1321 390 1388 426 ἐστι,
1408 394 1494 418 καίτοι
1508 392 1577 419 κατὰ
1589 393 1677 429 φύσιν
1695 391 1836 420 θεότητος
1854 388 1918 415 ἰσο-

1075 436 1172 471 μέτρως
1187 436 1267 471 ἔχων,
1289 437 1331 462 καὶ
1345 439 1392 468 τῆς
1408 440 1454 463 τοῦ
1472 439 1589 469 τίκοντος
1603 437 1765 475 ὑπεροχῆς
1786 433 1848 471 οὐχ
1864 434 1917 463 ἡτ-

1074 481 1199 516 τὼμινος.

1287 537 1338 561 Τοῦ
1358 534 1435 571 ἁγίου
1451 535 1578 572 Κυρίλλου

1109 586 1158 619 κζ’.
1175 586 1207 614 Ἠ
1222 589 1273 625 γὰρ
1289 588 1353 625 οὐχὶ
1375 590 1520 627 γέγραπται
1545 591 1604 627 πιρὶ
1625 588 1724 615 αὐτον
1742 588 1785 619 ὡς
1810 587 1912 623 ὑφιζή-

1076 641 1140 659 σειεν
1169 631 1199 658 ἂν
1226 634 1294 659 κατά
1323 643 1352 670 γε
1377 635 1406 660 τὸ
1435 633 1594 671 ἀνθρώπινον
1626 635 1681 660 καὶ
1714 635 1772 663 τὴν
1809 631 1911 669 ἀμείνω

1075 677 1161 712 φύσιν,
1191 679 1311 704 τουτέστι
1338 681 1384 708 τὴν
1417 678 1596 715 εὖαγγελικὴν,
1623 680 1676 705 καὶ
1713 682 1771 709 τῆς
1803 677 1910 704 ἐκείνων

1075 720 1185 752 εὐκλείας
1209 722 1287 748 νοοῖτ¹
1316 722 1346 749 ἂν
1375 724 1506 753 ἡττᾶσθαι
1535 723 1649 761 βραχύς
1681 722 1816 753 Ἀληθές.
1839 721 1908 757 Ἔφη

1074 767 1125 802 γὰρ
1154 767 1166 792 ὁ
1194 766 1317 797 Παυλος·
1347 769 1396 794 Τὸν
1430 766 1460 794 δὲ
1493 767 1586 805 βραχὺ
1613 778 1640 794 τι
1673 767 1747 805 παρ’
1776 766 1909 802 ἀγγέλους

1075 809 1252 847 ἠλαττωμένον
1293 811 1420 848 βλέπομέν
1459 812 1561 842 Ίησουν
1608 810 1659 839 διὰ
1713 813 1748 838 τό
1789 811 1908 847 πάθημα

1075 859 1121 882 τοῦ
1168 856 1302 890 θανάτου,
1342 855 1407 893 δόξῃ
1454 859 1498 884 καὶ
1544 861 1607 894 τιμῇ
1664 856 1906 893 ἐστεφανωμένον.

1075 897 1139 926 Εἶτα
1157 902 1183 926 τί
1210 901 1344 936 παθόντες,
1365 901 1420 928 εἰπέ
1446 907 1502 938 μοι,
1522 904 1609 928 καίτοι
1637 903 1693 931 τὴν
1732 899 1839 937 ἀμείνω
1861 901 1906 936 φύ-

1077 953 1118 971 σιν
1137 943 1262 980 λαχόντες
1281 946 1305 971 οὶ
1324 948 1371 975 τὴν
1390 946 1442 972 οἰνω
1460 945 1589 984 τρίϐοντες
1617 946 1712 980 πόλιν,
1737 947 1789 972 καὶ
1819 944 1906 971 ἁπλα-

1076 993 1105 1019 νῆ
1135 998 1185 1015 που
1217 991 1321 1021 πάντως
1350 993 1394 1017 καὶ
1426 990 1638 1028 ἀπαραλὸγιστον
1671 993 1727 1020 τὴν
1763 989 1811 1016 ἐπὶ
1847 993 1904 1024 Θεῷ

1077 1037 1171 1068 γνῶσιν
1208 1034 1425 1069 πιπλουτηκότες,
1458 1037 1502 1061 τὸν
1539 1035 1564 1062 ἂν
1601 1038 1691 1072 μείονι
1735 1036 1820 1071 φύσει
1859 1035 1904 1059 καὶ

1077 1080 1186 1104 κατόπιν
1217 1080 1314 1109 ἡκοντα
1340 1084 1384 1110 τῆς
1412 1079 1518 1110 ἐνούσης
1546 1080 1666 1111 εὐκλείας
1699 1079 1810 1111 αὐτοῖς,
1833 1078 1901 1105 ἐποι-

1077 1126 1152 1149 οῦντο
1181 1126 1372 1161 προσκννητὸν,
1400 1126 1511 1161 φράσαις
1538 1124 1579 1158 ἂν,
1600 1123 1619 1150 ὦ
1640 1125 1749 1161 ἑταῖρε.
1775 1125 1831 1150 Καὶ
1850 1126 1901 1159 μὴν

1076 1170 1121 1193 καὶ
1139 1170 1215 1194 τουτο
1234 1170 1263 1204 γέ
1291 1168 1359 1195 ἔστιν
1385 1167 1438 1199 ἤδη
1470 1172 1525 1196 σόν.
1555 1169 1670 1205 Οὔκουν,
1695 1171 1774 1206 εἰπερ
1797 1167 1898 1194 ἐστὶνὸ

1077 1212 1155 1243 αὐτὸς
1174 1212 1284 1238 ἐλάττων
1302 1223 1329 1239 τε
1347 1213 1402 1250 ἅμα
1421 1216 1465 1240 καὶ
1485 1213 1509 1240 έν
1534 1218 1589 1246 τοῖς
1617 1213 1804 1251 ἆσυγκρίτως
1823 1213 1898 1248 ὑπερ-

1076 1259 1211 1292 κειμένοις,
1244 1256 1418 1294 ἀπονεμοῠμεν
1452 1258 1573 1295 εὖκρινῶς
1605 1262 1637 1294 τῇ
1674 1259 1726 1295 μὶν
1759 1257 1896 1294 ἀνθρωπό-

1075 1311 1135 1330 τητι
1162 1303 1192 1327 τὸ
1229 1305 1333 1338 χωροῦν
1362 1302 1400 1328 ἐπ’
1430 1302 1495 1339 αὐτῇ
1534 1304 1698 1340 πρεπόντως,
1727 1303 1761 1329 τὸ
1792 1301 1895 1328 ἔλαττον

1074 1346 1158 1383 (παρὰ
1181 1346 1245 1373 πολὺ
1274 1348 1324 1383 γὰρ
1354 1346 1468 1383 ἀγγέλων
1497 1346 1632 1385 ἀνθρώπου
1665 1348 1766 1384 φύσις)
1783 1353 1791 1361 ⁸
1813 1349 1845 1382 τῇ
1867 1343 1894 1371 δὲ

1074 1392 1137 1427 ὑπὲρ
1165 1392 1255 1417 πάνπα
1284 1392 1386 1420 θιὸτητι
1416 1393 1445 1418 τὸ
1475 1392 1645 1429 ὑπερκεῖσθαι
1665 1402 1695 1418 τι
1717 1393 1767 1417 καὶ
1789 1391 1894 1427 ὑπεραι-

1075 1434 1127 1462 δςιν
1155 1437 1188 1462 τὰ
1216 1438 1314 1472 γενητὰ
1344 1439 1389 1463 καὶ
1409 1438 1498 1468 πάσης
1529 1436 1645 1463 ἐπέκεινα
1662 1437 1785 1474 λογικῆς
1804 1436 1892 1462 οὐσίας

1076 1483 1121 1506 καὶ
1148 1482 1242 1512 παντὸς
1271 1481 1396 1518 ὀνόματος
1424 1480 1539 1518 διᾴττειν
1566 1480 1719 1513 οὐσιωδῶς.
1742 1481 1776 1507 Εἰ
1797 1479 1827 1507 δὲ
1857 1477 1887 1507 δὲ

197 1519 270 1561 jpeis
289 1534 412 1562 quoque
427 1527 540 1562 angelis
568 1528 691 1557 inferius
706 1537 769 1558 esse
785 1534 950 1566 censeatur,
967 1532 1023 1560 mir

1087 1527 1122 1551 ιαὶ
1142 1524 1211 1561 δίχα
1225 1528 1332 1560 σαρκὸς,
1352 1528 1397 1552 καὶ
1412 1528 1483 1552 οὔπω
1501 1530 1555 1557 τοῖς
1573 1527 1632 1553 καθ’
1652 1527 1729 1562 ἡμὰς
1749 1525 1806 1552 οἷον
1828 1534 1890 1568 συμς

197 1577 254 1598 nus
269 1571 392 1606 quidem
409 1572 462 1599 erit
476 1572 578 1608 ipsum
594 1573 655 1601 suis
670 1575 822 1608 creaturis,
835 1583 869 1603 ac
882 1579 1024 1611 praeterea

198 1613 339 1642 adorator
351 1624 357 1649 ;
374 1624 429 1643 nec
442 1616 467 1644 ei
480 1617 544 1651 jam
557 1620 711 1645 succurret
725 1622 776 1646 aut
790 1621 1025 1654 patrocinabitur

197 1658 320 1687 demum
341 1662 443 1688 nostra
459 1660 602 1689 defensio.
621 1662 705 1695 Quod
730 1664 753 1691 si
777 1663 839 1691 haec
863 1665 960 1692 dicere
990 1673 1025 1693 ac

199 1704 305 1731 sentire
320 1704 447 1739 impium
461 1707 504 1732 est
515 1705 604 1733 simul
620 1714 655 1734 ac
673 1706 911 1743 fallacissimum,
927 1709 1026 1737 minor

199 1748 299 1773 autem
314 1750 366 1780 est,
380 1749 526 1783 quoniam
541 1751 569 1777 et
582 1749 674 1778 homo
690 1753 752 1784 est;
766 1753 866 1787 utique
885 1756 1026 1789 sequetur

200 1789 231 1817 id
246 1798 309 1817 esse
321 1792 526 1828 cogitandum,
543 1793 653 1822 scilicet
667 1794 857 1824 adoratorem
870 1805 1026 1834 esse,qua-

200 1836 287 1862 tenus
300 1835 391 1864 homo
404 1838 456 1864 est.

537 1981 686 2015 Ejusdem.

235 2034 279 2062 28.
297 2034 371 2062 Cum
390 2035 491 2062 autem
506 2035 671 2070 apostolico
687 2035 765 2064 dicto
787 2037 941 2071 insultent,
963 2047 1028 2075 per-

198 2075 269 2105 inde
284 2085 318 2105 ac
333 2078 357 2105 si
372 2079 410 2106 ad
423 2078 580 2112 vulgarem
595 2079 727 2115 aliquam
740 2081 893 2111 hominem
909 2083 1030 2112 referre-

200 2124 319 2156 tur,age
332 2124 425 2150 totam
438 2124 614 2152 sententiam
627 2125 665 2153 ab
676 2125 759 2153 initio
771 2129 1030 2165 repetamus,qua—

1078 1570 1186 1600 πλακεὶς
1215 1571 1228 1596 ὁ
1262 1572 1357 1606 Λόγος,
1387 1573 1415 1597 τό
1444 1581 1473 1606 γε
1503 1570 1526 1597 ἐν
1558 1571 1680 1597 ἐλάττοσι
1709 1571 1818 1597 χεῖσθαι
1846 1571 1888 1594 χαι

1080 1614 1163 1640 αὐτῶν
1196 1614 1334 1646 ἀνεικὸτως
1368 1615 1522 1653 ἀποφέροιτο
1557 1619 1607 1642 τῶν
1642 1615 1772 1651 ἀγγέλων,
1814 1623 1887 1650 μειων

1080 1661 1125 1696 μέν
1145 1658 1202 1685 ἐστι
1228 1663 1278 1685 τῶν
1308 1657 1383 1686 ἰδίων
1407 1661 1568 1697 κτισμάτων,
1589 1663 1634 1686 καὶ
1654 1663 1721 1698 πρός
1749 1669 1780 1695 γε
1807 1659 1884 1692 τούτῳ

1080 1706 1276 1741 προσκυνητὴς,
1316 1703 1391 1731 οὐδὲν
1428 1706 1602 1741 ἐπαμύνοντος
1633 1705 1648 1734 ἦ
1679 1702 1886 1742 ὑπερδικοὺντος

1081 1749 1119 1774 ἔτι
1141 1758 1187 1774 του
1212 1747 1274 1786 παρ’
1300 1749 1362 1784 ἡμῖν
1390 1748 1479 1785 λόγου.
1500 1749 1532 1775 Εἰ
1560 1748 1590 1776 δὴ
1610 1747 1643 1778 δὴ
1664 1751 1743 1775 ταυτὶ
1765 1748 1843 1785 φάναι
1860 1754 1883 1771 τι

1080 1795 1124 1819 καὶ
1150 1796 1248 1829 φρονεῖν
1281 1791 1409 1824 δυσσεϐὲς
1436 1804 1463 1820 τε
1494 1794 1549 1829 ἅμα
1581 1796 1625 1820 καὶ
1659 1794 1881 1830 σφαλερώτατον*

1080 1840 1158 1875 μείων
1187 1835 1226 1871 δὲ,
1257 1838 1296 1864 ὄτι
1327 1841 1371 1864 καὶ
1400 1838 1536 1875 ἄνθρωπος
1553 1848 1559 1854 ·
1581 1839 1670 1874 ἕψεταί
1700 1848 1754 1865 που
1784 1837 1881 1865 πάντως

1080 1883 1158 1909 ἐκεῖνο
1191 1887 1255 1910 νοεῖν
1272 1891 1279 1898 ·
1308 1886 1492 1921 προσκυνητὴς
1518 1885 1569 1922 γάρ
1600 1883 1666 1918 ἐστι,
1695 1884 1739 1910 ὅτι
1767 1883 1813 1909 χαὶ
1843 1880 1881 1906 ἄν·

1080 1929 1193 1966 θρωπος.

1359 1985 1411 2008 Τοῦ
1427 1981 1507 2008 αὐτοῦ
1527 1982 1594 2018 (28).

1118 2035 1168 2065 κη’.
1207 2033 1313 2065 Ἐπειδὴ
1363 2034 1392 2062 δὲ
1437 2038 1484 2065 τήν
1528 2036 1705 2065 ἆποστολιχὴν
1752 2034 1868 2066 κατεξανι

1085 2084 1164 2107 στᾱσι
1200 2081 1289 2118 ῥῆσιν,
1319 2082 1353 2111 ὡς
1390 2079 1428 2107 ἐπ’
1463 2080 1598 2118 ἀνθρώπου
1631 2084 1719 2108 κοινοῦ
1757 2087 1877 2117 «possm-

1083 2127 1190 2162 γμένην,
1235 2127 1293 2162 φέρι
1329 2125 1439 2162 λέγωμεν
1486 2125 1582 2157 iisne;
1624 2125 1668 2152 ἀπ’
1707 2125 1798 2164 ἀρχῆς
1831 2126 1876 2150 τῶν

201 2167 286 2208 tenus
302 2166 341 2194 ad
354 2167 523 2195 institutum
541 2177 711 2198 sermonem
725 2172 862 2206 pertinet.
880 2173 1023 2209 Scriptum

1087 2172 1266 2207 γεγραμμένων
1307 2172 1389 2207 μέχρι
1432 2170 1595 2202 καταλήξεως
1638 2175 1685 2202 τῆς
1721 2171 1875 2207 ἀποχρώσης

200 2203 302 2246 itaque
317 2213 361 2238 est
375 2221 380 2239 :
393 2211 471 2240 Eum
489 2216 587 2241 autem
603 2215 655 2249 qui
673 2203 788 2243 modico
811 2224 901 2251 quam
929 2203 1031 2253 angeli

199 2255 367 2282 mz'noratus
383 2259 434 2288 est,
453 2257 584 2285 videmus
600 2258 699 2286 Jesum
718 2263 842 2294 propter
863 2262 1030 2295 passionem

199 2299 303 2328 mortis
315 2301 411 2335 gloria
423 2303 450 2329 et
463 2301 575 2330 honore
589 2305 820 2332 cormzalum.Et
832 2306 923 2340 paulo
934 2306 1028 2340 infra.

201 2344 273 2371 Ecce
288 2344 378 2377 enim,
400 2348 428 2372 et
452 2345 574 2381 quidem
591 2347 778 2382 apertissime
799 2356 868 2376 cum
883 2349 964 2377 dicat
977 2349 1031 2378 mi-

200 2391 339 2417 noratum
357 2389 434 2417 intra
449 2389 572 2425 angelos
588 2393 712 2427 propter
723 2392 897 2428 passionem
915 2394 1028 2427 mortis,

200 2435 289 2470 atque
300 2433 340 2462 ob
355 2434 384 2462 id
401 2437 579 2463 coronatum
593 2443 660 2463 esse
679 2435 774 2470 gloria
789 2439 817 2464 et
831 2437 955 2469 honore,
967 2446 1031 2467 ma.

199 2479 396 2507 nit‘esteillum
411 2479 543 2507 ostendit
556 2479 592 2507 de
608 2488 670 2516 quo
685 2480 779 2508 verba
793 2480 870 2514 fecit,
884 2481 1029 2511 nimirum

201 2524 389 2559 Unigenitum
405 2532 411 2552 :
426 2524 603 2559 participem
621 2524 701 2551 enim
712 2524 752 2552 ait
763 2524 874 2554 factum
885 2533 952 2555 esse
966 2534 1030 2557 car-

199 2569 245 2597 nis
265 2571 293 2598 et
307 2568 464 2606 sanguinis
484 2568 609 2606 perinde
626 2576 661 2599 ac
673 2576 743 2600 nos.

236 2694 292 2732 (ἓξ)
324 2694 449 2724 Edit.cit.
465 2698 485 2724 t.
498 2696 519 2730 Ι,
533 2704 561 2732 p.
579 2698 629 2732 3177
644 2698 676 2724 D.

201 2730 292 2794 6222B)
308 2731 351 2760 De
379 2730 543 2767 Trinitate,"
559 2731 670 2768 dialog.
699 2740 736 2769 iv,
760 2734 781 2762 t.
797 2734 830 2770 V,
850 2735 927 2770 part.
954 2742 974 2770 ι,
994 2741 1024 2771 p.

1086 2219 1121 2250 τῷ
1140 2213 1223 2250 λὰχῳ.
1247 2216 1393 2251 Γέγραπται
1419 2217 1504 2241 τοίνυν
1520 2222 1527 2230 ·
1548 2217 1597 2242 Τὸν
1618 2213 1647 2242 δὲ
1666 2214 1760 2252 βραχύ
1775 2224 1802 2240 τι
1820 2210 1876 2248 παρ’

1086 2258 1208 2295 ἀγγέλους
1245 2259 1421 2296 ἠλαττωμένον
1462 2259 1589 2297 βλέπομεν
1631 2260 1734 2290 Ἰησοῦν
1770 2257 1816 2285 διὰ
1848 2257 1873 2282 τὸ

1085 2305 1196 2340 πάθημα
1213 2314 1257 2331 του
1272 2305 1383 2331 θανάτου
1401 2303 1465 2341 δόξῃ
1481 2307 1527 2331 καὶ
1540 2309 1603 2341 τιμῇ
1620 2304 1831 2341 ἐστεφανωμένον.
1844 2315 1874 2322 —-

1086 2351 1137 2375 Καὶ
1166 2348 1220 2385 μετ’
1249 2349 1344 2385 ὀλίγα·
1373 2347 1442 2376 Ἰδοὺ
1461 2350 1523 2387 γὰρ,
1553 2348 1611 2376 ἰδοὺ
1627 2353 1671 2376 καὶ
1699 2350 1769 2386 μάλα
1793 2349 1873 2383 σαφῶς

1085 2393 1251 2423 ἠλαττὼσθαι
1270 2393 1349 2429 λέγων
1369 2394 1446 2420 αὐτὸν
1470 2396 1540 2430 παρὰ
1559 2397 1619 2425 τοὺς
1639 2394 1763 2431 ἀγγέλους
1787 2392 1831 2419 διὰ
1847 2391 1873 2416 τὸ

1083 2439 1195 2474 πάθημα
1213 2442 1259 2465 τοῦ
1280 2439 1400 2474 θανάτου,
1431 2440 1603 2476 κατεστέφθαι
1629 2449 1658 2476 γε
1686 2443 1737 2476 μὴν
1756 2437 1793 2465 δι’
1816 2435 1871 2462 αὐτὸ

1083 2486 1146 2519 τιμῇ
1164 2492 1190 2509 τε
1209 2485 1254 2509 καὶ
1267 2481 1342 2520 δόξῃ,
1363 2484 1520 2513 καθίστησιν
1535 2483 1632 2520 ἐμφανῆ
1647 2485 1690 2510 τόν
1709 2484 1748 2520 ἐφ’
1800 2482 1871 2508 ποιεῖ-

1083 2536 1127 2555 ται
1141 2529 1201 2558 τοὺς
1222 2527 1312 2564 λόγους
1328 2536 1334 2543 ⁸
1361 2525 1442 2557 δῆλοη
1463 2526 1493 2554 δὲ
1521 2530 1559 2554 ὅτι
1579 2530 1623 2554 τὸν
1641 2531 1769 2564 Move-year}
1783 2534 1790 2542 '
1808 2532 1870 2562 μετι-

1084 2574 1214 2608 σχηκέναι
1237 2574 1287 2610 γάρ
1307 2582 1387 2609 φησιν
1402 2572 1480 2599 αὐτόν
1494 2573 1602 2610 αἳματος
1615 2575 1661 2600 καὶ
1684 2573 1780 2612 σαρκὸς
1797 2578 1870 2605 παρα-

1082 2615 1200 2649 πλησίως
1215 2617 1288 2654 ἡμῖν.

1118 2697 1303 2762 (28ζέὲίεὲοε.
1319 2697 1403 2733 Quod
1417 2706 1495 2727 unus
1510 2701 1551 2728 est
1568 2698 1713 2734 Christus,
1729 2698 1787 2731 LV,
1797 2693 1864 2733 part.

1118 2741 1148 2762 υ.
1257 2755 1263 2762 .

1082 2742 1101 2766 ι,
1118 2741 1148 2770 p.
1164 2741 1215 2762 ’ωδ
1230 2741 1263 2762 β.
