1947 3077
217 93 266 128 231

215 203 289 231 dum
304 202 439 230 divinam
454 201 653 229 substantiam
667 200 732 228 haec
746 200 895 238 Christum
914 207 1038 236 passum

215 247 318 280 fuisse,
329 247 383 275 sed
393 246 560 275 secundum
571 253 663 281 quam
674 245 813 273 induerat
824 252 945 272 carnem
956 246 1040 272 natu-

215 292 330 320 ralibus
350 291 415 319 sine
434 293 557 327 peccato
579 289 743 318 obnoxiam
762 289 965 326 passionibus.
985 290 1039 317 Ha-

215 336 339 372 buitque
361 336 391 364 in
415 335 463 363 his
486 334 721 362 consentientem
745 334 857 369 Arium,
874 333 1039 362 conceden-

216 382 336 418 temque
360 381 507 416 majorem
531 379 590 407 dici
610 381 726 407 Patrem
750 379 863 407 Christo
889 381 1039 415 quatenus

216 425 306 454 homo
331 428 384 453 est.
411 427 495 462 Aque
518 424 588 452 hinc
609 424 708 452 valide
734 424 902 460 invictaque
921 423 1040 452 conclu-

215 470 306 498 debat
317 470 422 504 Caesar,
433 477 630 506 nequaquam
643 469 683 497 ad
695 469 866 505 generalem
881 469 1040 497 hominum

215 517 356 544 naturam
379 514 515 543 retulisse
539 522 686 549 magnum
714 514 911 543 Athanasium
935 513 1041 543 Christi

215 560 348 588 dictum:
364 559 455 588 Pater
467 560 566 594 maior
581 562 634 588 est.
651 559 706 592 Qui
722 559 802 588 enim
824 559 889 587 ﬁeri
912 560 1040 595 poterat.

215 606 249 632 ut
264 604 454 632 adversarius
475 604 561 632 Arius
576 604 606 631 in
621 603 668 632 his
689 603 779 632 rebus
795 603 997 637 acutissimus,
1013 604 1041 630 et

214 649 246 678 in
259 649 449 677 sermonibus
462 648 641 677 ventilandis
657 648 878 681 solertissimus,
891 650 1042 684 pateretur

215 702 361 730 magnum
389 695 471 722 hunc
494 694 591 722 virum
617 694 654 721 de
680 694 739 722 alio
767 693 923 722 individuo
947 693 1040 730 loqui,

216 747 312 775 eoque
338 741 454 767 Patrem
482 738 579 766 dicere
609 739 783 774 majorem:
813 738 886 766 dum
912 738 976 774 ipse
1004 738 1042 766 de

217 784 331 812 Christo
346 785 502 820 quaereret,
519 786 609 819 atque
623 783 681 811 hoc
697 783 852 817 Unigenito
872 783 983 811 diceret
999 790 1040 810 se-

885 84 1017 122 NtCETE
1040 83 1227 121 cnonnms

215 160 310 195 Atque
324 157 365 186 ita
379 155 561 186 Athanasius
576 155 837 192 interpretabatur,
853 162 916 184 non
932 163 984 183 sec‘

1026 170 1038 176 -
1056 155 1172 184 Δτόπον
1211 155 1295 192 ἕτερον
1334 154 1518 192 πορευομένην,
1553 155 1669 187 Ἀληθῶς
1708 154 1793 194 ὀρθῶς

1850 155 1925 192 ἔχει

1094 204 1181 228 τοῦτο.
1207 201 1257 226 Καὶ
1279 199 1345 226 οὕτω
1369 202 1404 236 μὴ
1428 201 1495 227 κατὰ
1517 201 1565 230 τήν
1593 201 1661 227 θείαν
1690 200 1784 227 ὀῦσίαν
1814 203 1924 227 ταῦτα

1093 245 1184 271 παθεῖν
1215 245 1259 270 τὸν
1290 246 1403 281 Χριστὸν
1432 244 1635 282 ἑρμηνεύοντος,
1671 244 1734 272 ἄλλα
1773 246 1847 271 καθ’
1882 245 1924 274 ἦν

1094 289 1197 326 ἐφόρεσε
1228 290 1313 326 σάρκα
1338 292 1389 320 τοῖς
1417 294 1535 326 φυσικοῖς
1562 293 1607 316 καὶ
1636 288 1813 320 ἀδιαϐλήτοις
1841 291 1922 316 ὑπο-

1093 335 1211 366 κειμένην
1236 334 1342 366 πάθεσι,
1367 336 1412 360 καὶ
1441 338 1530 361 τοῦτον
1559 333 1593 364 δὴ
1627 336 1670 361 τὸν
1698 334 1805 372 ’Ἄρειον
1843 344 1920 361 συν-

1095 378 1163 405 ιέντα
1199 382 1249 404 τῶν
1287 378 1425 414 λεγομένων
1464 380 1568 415 ἔχοντος
1584 401 1591 413 ,
1629 381 1674 406 καὶ
1709 381 1737 406 τὸ
1785 379 1920 416 μείζονα

1093 423 1213 459 λέγεσθαι
1236 424 1279 449 τὸν
1303 425 1406 460 Πατέρα
1430 423 1465 454 ὡς
1486 422 1621 461 ἀνθρώπου
1637 427 1682 451 τοῦ
1703 423 1754 455 ἑνὸς
1771 427 1920 462 Χριστοῦ

1095 468 1272 504 συντιθέμενον
1289 477 1296 484 ·
1325 467 1460 495 κάντεῦθεν
1500 467 1693 505 ἀναμφιλέκτως
1730 471 1775 496 καὶ
1815 469 1918 505 ἰσχυ-

1094 516 1146 550 ρῶς
1177 511 1324 550 ἔπεπέραινε
1359 514 1395 549 μὴ
1435 513 1503 539 κατὰ
1533 515 1580 543 τὴν
1613 515 1700 543 κοινὴν
1732 515 1813 550 φᾶσιν
1854 518 1919 540 τῶν

1095 556 1234 594 ἀνθρώπων
1267 556 1348 593 λέγειν
1387 558 1431 583 τὸν
1470 558 1551 594 μέγαν
1583 558 1738 585 Ἀθανάσιον
1771 559 1918 595 εἰρῆσθαι

1094 603 1166 638 παρὰ
1188 605 1234 628 τοῦ
1261 605 1380 638 Χριστοῦ
1406 603 1450 628 τὸν
1479 604 1581 639 Πατέρα
1607 603 1732 639 μείζονα·
1759 607 1820 634 πῶς
1850 604 1916 641 γὰρ

1096 645 1125 672 ἃν
1145 648 1189 672 καὶ
1215 646 1228 672 6
1252 645 1495 682 ἁντικαθιστάμενος
1518 650 1618 685 Ἄρειος
1646 651 1695 674 τῶν
1720 650 1778 686 περὶ
1813 648 1917 675 ταῦτά

1095 700 1122 717 τε
1154 691 1292 727 τυγχάνων
1321 689 1429 727 δεινῶν,
1464 694 1508 717 καὶ
1541 691 1718 728 ἀκριϐολογεῖν
1751 691 1833 724 εἰδὼς
1872 694 1915 720 τὰ

1095 735 1242 772 λεγόμενα,
1274 737 1317 762 τὸν
1348 738 1428 772 μέγαν
1459 740 1548 762 τοῦτον
1579 735 1664 775 ἄνδρα
1696 736 1802 769 ἐδέξατο
1840 741 1913 776 περὶ

1096 780 1183 817 ἑτέρου
1212 779 1308 816 ἀτόμου
1340 778 1539 816 διαλεγόμενον,
1567 780 1686 808 κάκείνου
1716 781 1827 818 λέγοντα
1858 785 1912 809 τὸν

217 828 351 856 cundum
369 836 456 856 suam
476 829 617 855 naturam
639 829 754 855 Patrem
775 828 944 863 majorem?
961 828 986 855 T‘

1143 827 1200 862 τέρα
1232 825 1360 861 μείζονα,
1393 825 1406 851 ὀ
1435 828 1493 861 περὶ
1523 829 1640 864 Χριστοῦ
1673 826 1819 860 συζητῶν;
1857 830 1912 854 καὶ

218 872 299 900 enim
313 872 394 900 idem
409 872 559 901 evenisset
573 879 608 899 ac
624 872 650 899 si
670 871 721 904 illi,
741 872 794 908 qui
816 871 907 899 falces
926 873 1041 908 petunt,

217 917 405 952 audiuntque
421 916 476 944 sibi
488 916 603 951 ligones
614 915 766 950 denegari,
778 916 902 943 minime
918 915 949 943 id
964 923 1042 950 aegre

218 961 336 989 ferrent.
355 960 411 989 Sed
435 967 533 996 neque
555 960 638 988 aliter
657 960 781 988 Nicaeum
805 960 909 995 prima:
934 960 1042 996 synodi

217 1006 328 1038 Patres,
342 1004 402 1032 Arii
426 1004 516 1040 hujus
538 1004 683 1032 adversus
705 1004 891 1039 unigenitum
912 1004 1042 1032 Verbum

217 1049 368 1084 haeresim,
383 1057 452 1085 quea
465 1048 504 1076 ab
520 1056 555 1076 eo
568 1056 679 1076 nomen
694 1048 846 1083 contraxit,
863 1048 1043 1076 refutassent

218 1094 253 1129 (is
268 1094 348 1121 enim
371 1093 468 1121 Verbo
489 1093 656 1120 secundum
671 1092 806 1120 divinam
821 1093 885 1128 ejus
902 1093 1041 1120 substan-

216 1137 289 1166 tiam
315 1137 570 1165 accommodabat
597 1137 764 1165 dictiones:
791 1137 913 1165 Creavit
938 1145 993 1172 me,
1014 1138 1042 1165 et

215 1182 347 1211 Fidelem
367 1183 394 1210 ei
407 1182 460 1217 qui
473 1189 503 1209 se
522 1181 603 1217 fecit,
621 1184 650 1209 et
671 1182 844 1216 Apostolum
864 1189 900 1210 ac
921 1182 1042 1216 pontiﬁ-

217 1234 278 1255 cem
301 1226 489 1262 confessionis
515 1226 652 1261 noslrce);
673 1226 730 1253 nisi
750 1226 899 1261 ejusmodi
917 1226 1041 1254 locutio-

216 1279 270 1299 nes
286 1271 324 1299 ad
344 1271 450 1298 Christi
474 1270 693 1298 humanitatem
708 1270 885 1298 retulissent.
908 1271 982 1298 Nam
1004 1270 1041 1298 de

216 1315 319 1344 divina
339 1318 448 1343 natura
470 1315 612 1351 scriptum
631 1315 883 1351 pronuntiarunt:
903 1315 936 1343 In
959 1315 1042 1350 prin-

217 1361 294 1395 cipio
322 1363 388 1389 erat
424 1360 574 1395 Verbum;
600 1362 651 1388 et:
681 1360 745 1395 Ego
774 1363 801 1388 et
829 1360 919 1388 Pater
946 1368 1040 1388 unum

217 1413 328 1437 sumus,
343 1409 370 1433 et
383 1413 451 1441 quae
464 1405 510 1432 his
527 1407 596 1432 sunt
611 1404 728 1433 similia.

1096 871 1188 896 τούτου
1213 871 1245 899 ὡς
1276 873 1425 906 μονογενοῦς
1451 871 1513 896 Tini
1540 871 1606 896 κατὰ
1633 873 1680 900 τὴν
1707 872 1784 908 φύσιν
1816 871 1911 908 λέγων

1098 912 1161 940 εἶναι
1195 915 1238 939 τὸν
1271 915 1374 951 Πατέρα
1406 914 1541 950 μείζονα;
1574 916 1674 941 Ταυτὸν
1705 917 1756 953 γὰρ
1793 915 1825 942 ἃν
1872 915 1910 946 ἦν

1095 962 1149 989 τοῖς
1180 959 1248 984 κατά
1278 960 1325 987 τὴν
1362 962 1504 996 παροιμίαν
1534 960 1603 996 ἄμας
1635 962 1680 996 μὲν
1714 960 1907 997 ἐκζητοῦσιν,

1332 1001 1362 1029 δε
1403 1005 1447 1033 τὰς
1490 1005 1591 1040 σκάφας
1622 1005 1784 1041 μανθάνουσι
1815 1006 1907 1042 (38),

1097 1049 1141 1072 καὶ
1171 1049 1206 1083 μὴ
1239 1048 1304 1083 πρὸς
1335 1049 1382 1076 τὴν
1412 1046 1549 1084 ἀπόκρισιν
1584 1046 1809 1086 δυσχεραίνουσιν
1828 1060 1836 1066 ·
1871 1049 1907 1076 οὗ

1096 1093 1148 1128 μὴν
1179 1090 1234 1117 ἀλλ’
1263 1089 1324 1117 οὐδὲ
1356 1091 1439 1123 ἄλλως
1470 1093 1494 1118 οἱ
1526 1096 1573 1124 τῆς
1605 1092 1630 1119 ἓν
1660 1096 1758 1130 Νικαίᾳ
1788 1097 1907 1131 πρώτης

1098 1134 1210 1162 συνόδου
1249 1139 1286 1171 τῷ
1318 1135 1407 1172 Ἂρείῳ
1448 1138 1530 1173 τούτῳ
1566 1139 1613 1167 τὴν
1648 1137 1789 1175 ἐπωνύμως
1830 1141 1907 1166 κατὰ

1096 1184 1142 1206 τοῦ
1172 1184 1323 1216 μονογενοῦς
1353 1183 1440 1217 Λόγου
1473 1184 1566 1218 μανίαν
1599 1182 1820 1221 ἔναπεκροὺσαντο
1856 1185 1903 1221 (τῇ

1096 1226 1188 1252 τούτου
1221 1226 1364 1252 ὑποστάσει
1397 1228 1465 1252 κατὰ
1497 1229 1544 1256 τὴν
1583 1228 1651 1254 θείαν
1690 1228 1781 1254 οὐσίαν
1815 1238 1903 1267 προσ-

1096 1002 1258 1040 ἀπαρνουμέν
1262 1012 1289 1033 ας

1096 1271 1221 1300 άπτοντος
1251 1273 1297 1299 τὴν
1323 1274 1387 1305 τοῦ,
1419 1270 1524 1298 Ἐκτισέ
1555 1281 1606 1309 με,
1638 1275 1740 1309 φωνὴν,
1772 1276 1818 1300 καὶ
1850 1277 1902 1304 τὴν

1095 1318 1150 1349 τοῦ,
1184 1316 1280 1340 Πιστόν
1313 1318 1349 1350 τῷ
1382 1317 1523 1344 ποιήσαντι
1556 1316 1643 1350 αὑτὸν,
1677 1320 1722 1344 καὶ
1754 1320 1801 1347 τὴν
1835 1323 1900 1353 τοῦ,

1095 1360 1144 1385 Τὸν
1168 1358 1310 1385 ἀπόστολον
1334 1361 1378 1385 καὶ
1402 1359 1527 1396 ἀρχιερέα
1552 1365 1599 1390 τῆν
1623 1361 1763 1398 ὁμολογίας
1786 1363 1874 1399 ἡμῶν)
1890 1374 1898 1381 ·

1096 1403 1118 1429 εἰ
1131 1405 1166 1440 μὴ
1184 1405 1230 1435 τὰς
1251 1406 1371 1435 τοιαύτας
1386 1406 1470 1440 φωνὰς
1493 1409 1528 1441 τῷ
1547 1409 1593 1432 τοῦ
1609 1410 1726 1443 Χριστοῦ
1740 1407 1897 1443 ἀνθρωπίνῳ

218 1449 354 1486 ἀπένειμαν
369 1460 375 1466 ι
396 1452 455 1486 περὶ
477 1450 528 1486 γὰρ
550 1453 597 1479 τῆς
624 1450 692 1480 θείας
711 1451 807 1485 φύσεως
826 1450 866 1483 τὸ,
889 1449 928 1475 Ἐν
948 1447 1020 1486 ἀρχῇ
1046 1447 1077 1485 ᾖν
1097 1448 1109 1473 ὁ
1131 1450 1226 1484 Λόγος,
1246 1451 1417 1486 παρήγαγον·
1440 1452 1485 1475 καὶ
1507 1451 1546 1484 τὸ,
1571 1450 1636 1486 Ἐγώ
1654 1452 1700 1478 καὶ
1724 1451 1736 1477 ὁ
1757 1454 1848 1490 Πατὴρ
1868 1453 1896 1479 ἓν

217 1494 292 1531 ἐσμεν
304 1505 310 1511 ι
332 1497 376 1520 καὶ
395 1495 445 1520 ὅσα
464 1495 565 1524 τούτοις
584 1495 726 1530 παρόμοια,

251 1541 295 1567 38.
318 1539 388 1567 Huic
418 1539 533 1575 optimo
561 1546 596 1566 ac
622 1541 778 1574 tantopere
805 1538 1038 1566 demonstrativo
1059 1537 1079 1566 C

215 1586 403 1619 argumento,
416 1583 506 1612 aliam
521 1591 643 1620 qucque
657 1583 766 1618 adjecit
779 1583 925 1610 miriﬁcus
940 1584 1039 1610 Caesar

215 1629 486 1661 conﬁrmationem,
499 1628 705 1662 restringenda
719 1627 828 1655 scilicet
843 1636 878 1655 ac
893 1627 1039 1654 subtiliter

214 1674 392 1710 explicando
415 1675 587 1701 sanctorum
602 1673 691 1703 dicta,
709 1674 741 1699 ut
755 1673 933 1707 opportune,
951 1673 1040 1707 prout

213 1726 268 1755 par
276 1721 339 1746 erat
350 1717 592 1752 intelligerentur.
603 1717 648 1745 Sic
658 1717 737 1744 enim
747 1716 855 1744 aiebat.
865 1717 937 1743 Cum
947 1714 1039 1751 aliqui

214 1764 375 1790 occurrunt
386 1761 521 1788 Ecclesia:
534 1761 706 1788 defensores
720 1761 820 1788 Patres
836 1760 948 1787 dictum
964 1759 1038 1787 illud

214 1806 396 1842 explicantes
412 1805 580 1833 secundum
595 1805 677 1841 quod
694 1806 776 1832 Pater
791 1812 883 1832 causa
896 1806 941 1832 est
956 1803 1038 1831 cmle-

216 1852 269 1879 stis
284 1850 456 1883 nativitatis,
472 1850 502 1877 hi
516 1852 586 1877 tunc
605 1849 642 1877 de
657 1849 800 1884 unigeniti
815 1849 876 1876 Filii
901 1849 951 1876 Dei
974 1857 1038 1885 per-

214 1903 291 1923 sona
317 1894 482 1929 theologice
501 1894 531 1922 id
555 1894 668 1926 dicunt,
684 1896 714 1921 ut
729 1893 970 1921 adversariorum
984 1901 1037 1921 ora

214 1940 384 1974 occludant,
398 1939 449 1975 qui
465 1939 662 1966 differentiam
678 1938 708 1965 iu
724 1945 815 1965 unam
836 1938 1035 1974 eamdemque

213 1987 354 2013 naturam
378 1984 541 2016 invehunt;
557 1983 614 2019 ipsi
638 1985 738 2010 autem
763 1984 860 2010 Patres
884 1982 1037 2011 afﬁrmant

213 2030 294 2058 haud
306 2029 424 2058 differre
444 2038 462 2057 a
482 2031 606 2065 paterna
629 2027 690 2056 Filii
714 2030 872 2061 naturam;
889 2035 987 2063 neque
1004 2028 1035 2055 in

213 2075 309 2111 gradu
320 2075 434 2109 majore
445 2076 560 2101 Patrem
572 2072 690 2107 versari,
701 2072 788 2108 quasi
799 2072 971 2100 substantia:
982 2080 1035 2100 seu

212 2122 327 2148 natura:
346 2119 457 2147 habeat
478 2117 686 2145 differentiam.
709 2117 765 2145 Sed
787 2116 928 2152 quamvis
951 2118 1035 2144 Pater

212 2164 328 2192 dicatur
350 2163 448 2198 major
460 2170 477 2190 a
494 2162 574 2196 Filio,
591 2161 622 2189 id
643 2164 743 2189 tamen
756 2161 869 2189 dictum
884 2161 1035 2197 sempiter-

1130 1536 1178 1567 ‘An'.
1201 1538 1259 1565 Ἐπί
1284 1536 1313 1565 δὲ
1334 1543 1370 1574 τῷ
1394 1539 1502 1575 τοιούτῳ
1527 1539 1627 1577 ἀρίστῷ
1647 1542 1692 1567 καὶ
1717 1539 1894 1578 ἀποδεικτικῳ

1095 1586 1139 1608 τοῦ
1170 1582 1248 1618 λόγου
1286 1582 1472 1620 ἐπιχειρήματι
1504 1586 1548 1610 καὶ
1584 1585 1680 1614 ταύτην
1713 1586 1726 1611 6
1762 1586 1893 1617 θειότατος

1094 1625 1208 1663 ἐπήγαγε
1240 1626 1365 1663 βασιλεὺς
1397 1630 1442 1657 τὴν
1471 1629 1511 1655 ἐπὶ
1543 1632 1595 1659 τοῖς
1625 1631 1801 1667 προκειμένοις
1830 1640 1894 1666 συγ-

1094 1673 1235 1708 κρότησιν-
1268 1672 1463 1698 κατα).επτύνων
1496 1674 1548 1699 οἷον
1579 1675 1624 1700 καὶ
1659 1674 1819 1710 ἱσχνο).ογῶν
1845 1677 1892 1707 τὰς

1093 1719 1140 1741 τῶν
1168 1715 1247 1752 ἁγίων
1277 1717 1360 1752 φωνὰς
1388 1718 1455 1747 ὅπως
1483 1718 1549 1743 κατὰ
1578 1720 1667 1755 καιρὸν
1687 1720 1719 1749 ὡς
1745 1717 1799 1745 ἔδει
1826 1728 1892 1756 παρ-

1093 1761 1273 1796 ελαμϐάνοντο.
1301 1761 1373 1797 ~Ora,
1396 1764 1458 1799 γὰρ,
1484 1764 1601 1798 ἔφασκεν,
1627 1763 1792 1800 εὑρίσκονται
1825 1773 1891 1796 τινες

1092 1810 1140 1832 τῶν
1169 1810 1215 1837 τῆς
1243 1806 1396 1837 Ἐκκλησιας
1423 1807 1582 1844 ὑπερμάχων
1616 1810 1736 1845 Πατέρων
1765 1811 1811 1838 τὴν
1839 1818 1890 1835 τοι-

1093 1852 1172 1879 αύτην
1192 1852 1274 1886 φωνὴν
1298 1852 1365 1877 κατὰ
1388 1853 1416 1877 τὸ
1436 1853 1518 1877 αἴτιον
1542 1855 1587 1882 τῆς
1608 1851 1727 1878 ἀνωτάτω
1746 1856 1888 1888 γεννήσεως

1092 1893 1266 1931 ἐξηγούμενοι,
1292 1897 1348 1921 τότε
1370 1894 1404 1924 δὴ
1431 1897 1488 1932 περὶ
1510 1899 1558 1926 τῆς
1583 1900 1629 1922 τοῦ
1652 1901 1804 1933 μονογενοῦς
1824 1899 1886 1924 Υἰοῦ

1091 1943 1136 1965 τοῦ
1159 1944 1225 1966 Θεοῦ
1240 1941 1409 1971 ὑποστάσεως
1425 1940 1600 1976 θεολογοῦντες
1621 1945 1696 1967 τοῦτο
1712 1939 1884 1977 διδάσκουσι,

1091 1986 1148 2015 τοὺς
1186 1982 1396 2022 ἐτεροδοξοῦντας
1424 1984 1654 2020 ἐπιστομίζοντες,
1684 1984 1812 2023 διαφορὰν
1844 1987 1884 2013 ἐπὶ

1090 2033 1135 2058 τῆς
1158 2032 1220 2065 μιᾶς
1252 2029 1332 2059 αὐτῆς
1357 2029 1507 2065 εἰσάγοντας
1533 2031 1650 2066 φύσεως·
1676 2033 1720 2056 καὶ
1749 2029 1884 2062 ἀποδεῖξαι

1090 2072 1242 2110 βουλόμενοι
1258 2072 1340 2109 μηδέν
1363 2083 1389 2100 τι
1413 2075 1479 2100 κατὰ
1495 2075 1571 2110 φύσιν
1595 2079 1641 2101 τοῦ
1657 2077 1760 2110 ιῐατρὸς
1783 2074 1883 2102 διίστα-

1091 2118 1153 2144 σθαι
1171 2119 1214 2144 τὸν
1234 2119 1303 2151 Υἱὸν,
1317 2116 1386 2154 μηδὲ
1409 2120 1452 2144 τὸν
1474 2118 1580 2154 μείζονα
1601 2119 1694 2156 κλῆρον
1718 2118 1819 2155 ἐπέχειν
1841 2122 1882 2146 τὸν

1090 2165 1193 2199 Πατέρα
1215 2161 1261 2189 διὰ
1284 2164 1312 2189 τὸ
1332 2167 1377 2194 τῆς
1401 2163 1490 2193 οὐσίας
1514 2165 1595 2190 εῖτ-ουν
1616 2165 1714 2200 φύσεως
1738 2163 1762 2189 ἐν
1785 2166 1882 2195 τούτοις

212 2216 285 2236 nam
305 2207 440 2242 orginem
461 2215 654 2243 causamque,
670 2207 700 2234 id
726 2209 772 2235 est
795 2206 834 2234 ad
852 2206 981 2234 ineifahil

1112 2209 1224 2244 ιήφορον.
1251 2207 1317 2234 Ἀλλ’
1342 2208 1363 2234 εἰ
1388 2211 1433 2234 καὶ
1455 2208 1546 2234 ἑαυτοῦ
1572 2209 1666 2244 μείζων
1695 2210 1796 2244 εἴρηται
1815 2210 1881 2245 παρὰ

211 2252 514 2289 inexplicabilemque
535 2252 767 2288 generationem,
789 2252 928 2287 referunt,
944 2251 1036 2280 veluti

213 2297 250 2325 de
268 2297 421 2333 unigenito
437 2297 506 2325 Filio
524 2297 573 2325 Dei
588 2296 783 2333 personaliter
797 2297 969 2333 eloquentes
984 2305 990 2330 ;
1007 2297 1036 2324 et

213 2342 255 2369 sic
266 2341 352 2369 unice
362 2344 433 2369 tunc
443 2341 666 2376 intelligendam
677 2342 837 2369 dictionem
854 2342 946 2369 aiunt.
960 2342 1034 2369 Cum

213 2387 313 2414 autem
336 2386 480 2420 unigeniti
504 2386 593 2414 Verbi
619 2386 856 2414 incarnationem
885 2388 1033 2421 spectant,

211 2433 301 2467 atque
316 2431 354 2459 ad
368 2431 542 2466 conjunctas
557 2430 713 2459 inconfuse
727 2433 850 2459 naturas
866 2438 1034 2459 sermonem

210 2477 568 2512 convertunt,earumque
579 2475 777 2503 ditt‘erentiam
788 2475 912 2503 deﬁnire
919 2475 1032 2511 volunt,

208 2523 280 2550 tunc
295 2520 401 2550 Christi
421 2528 542 2557 quoque
557 2520 736 2549 humanitati
760 2520 840 2547 hanc
854 2519 1034 2548 locutionem

209 2565 451 2594 accommodant.
465 2566 587 2600 Magnus
601 2565 689 2599 igitur
702 2564 860 2598 theologus
877 2564 1033 2598 Gregorius

207 2610 256 2639 hic
279 2611 310 2638 in
334 2610 468 2638 medium
491 2609 707 2645 proferebatur,
731 2609 783 2644 qui
810 2611 877 2644 post
902 2609 1032 2644 priorem

208 2654 482 2691 interpretationem
500 2653 666 2681 secundum
682 2660 806 2681 causam
821 2653 929 2681 divinae
946 2658 1031 2688 gene-

208 2699 340 2734 rationis,
356 2700 434 2727 hanc
455 2705 576 2735 quoque
592 2697 721 2734 adjecit:
738 2697 814 2726 Nam
835 2697 933 2727 dicere
949 2698 1032 2735 quod

245 2751 300 2789 (38)
320 2752 428 2782 Zenob.
444 2751 587 2789 proverb.
599 2759 620 2787 ι,
637 2752 682 2782 83.

1089 2256 1135 2278 τοῦ
1155 2253 1217 2278 Υὶοῦ
1243 2253 1256 2278 6
1281 2254 1382 2290 Πατὴρ,
1401 2254 1464 2289 πρὸς
1486 2253 1601 2289 ἄναρχον
1622 2252 1709 2290 ἀρχὴν
1729 2256 1773 2279 καὶ
1788 2254 1879 2287 αἰτίαν,

1089 2298 1209 2323 τουτέστι
1238 2299 1285 2326 τὴν
1312 2297 1423 2334 ἄρρητον
1452 2299 1591 2333 γέννησιν,
1615 2299 1643 2323 τὸ
1679 2301 1778 2324 τοιοῦτο
1807 2299 1880 2335 ῥητὸν

1090 2340 1269 2378 ἀναφέρουσιν,
1285 2343 1318 2373 ὡς
1342 2344 1400 2377 περὶ
1424 2346 1469 2368 τοῦ
1489 2346 1640 2378 μονογενοῦς
1663 2343 1726 2368 Υἱοῦ
1749 2346 1795 2368 τοὺ
1818 2346 1880 2369 Θεοῦ

1090 2386 1273 2417 ὑποστατικῶς
1298 2388 1341 2412 τὸν
1373 2386 1447 2422 λόγον
1479 2386 1623 2423 ἐκφέροντες
1644 2397 1649 2403 ·
1681 2386 1710 2412 οὐ
1741 2389 1826 2423 μέντοι
1853 2386 1879 2414 δὲ

1089 2432 1134 2456 καὶ
1159 2431 1225 2456 κατὰ
1251 2431 1348 2460 ταύτην
1378 2432 1457 2466 μόνην
1486 2430 1627 2466 ἐπάγουσιν
1652 2430 1732 2459 αὐτὴν
1756 2430 1878 2466 ἐκλαμϐά-

1089 2475 1188 2502 νεσθαι.
1215 2474 1276 2501 Ὅτε
1305 2473 1334 2501 δὲ
1362 2477 1403 2501 τὸν
1429 2479 1552 2511 μονογενῆ
1582 2477 1664 2511 Λόγον
1691 2478 1877 2512 σεσαρκωμένον

1090 2519 1190 2556 θεωρεῖν
1222 2521 1317 2556 ἔχουσι
1347 2522 1393 2546 καὶ
1423 2521 1485 2557 πρὸς
1515 2521 1563 2550 τὰς
1596 2519 1619 2545 ἐν
1654 2519 1723 2556 αὒτῳ
1754 2520 1877 2556 ἠνωμένας

1088 2564 1248 2600 ἀσυγχύτως
1281 2565 1371 2600 φύσεις
1399 2568 1570 2601 χειραγωγεῖν
1602 2565 1644 2590 τὸν
1676 2564 1752 2599 λόγον
1786 2564 1876 2601 ἐπιχει-

1086 2613 1162 2647 ροῦσι
1187 2611 1232 2635 καὶ
1259 2607 1411 2646 διευκρινεῖν
1435 2610 1464 2635 τό
1489 2608 1513 2634 ἐν
1538 2610 1644 2639 ταύταις
1673 2606 1806 2645 διάφορον,
1826 2612 1876 2636 τότε

1087 2656 1130 2681 καὶ
1156 2658 1187 2691 τῇ
1217 2652 1241 2680 ἐν
1269 2658 1304 2689 τῷ
1335 2657 1441 2690 Χριστῷ
1470 2652 1652 2690 ὰνθρωπότητι
1683 2655 1729 2682 τὴν
1763 2654 1874 2683 τοιαύτην

1087 2701 1170 2735 φωνὴν
1198 2698 1439 2736 προσαρμόζονσιν.
1465 2697 1494 2724 Ὁ
1522 2699 1612 2734 μέγας,
1639 2695 1683 2725 οὖν
1709 2696 1734 2724 ἐν
1768 2697 1874 2735 θεολογίᾳ
