1947 3077
247 88 298 115 235

247 146 319 175 dicti
335 144 498 182 evangelici
513 145 787 181 interpretationem
805 145 843 173 ad
857 145 1006 182 liquidum
1021 145 1070 173 de-

246 192 317 220 duci
329 200 336 226 ;
349 199 387 219 ne
402 191 442 219 ob
453 192 517 226 ejus
529 190 755 226 ambiguitatem
771 190 1070 218 cordainﬁrmiorum

246 236 514 274 perturbarentur:
540 234 579 262 ad
608 237 775 262 extremum
800 235 1006 262 sanctissimos
1019 242 1071 271 pa-

246 281 392 309 triarchas
408 287 586 315 sacramque
595 281 623 307 et
633 279 767 307 divinam
780 279 972 315 congregavit
981 287 1071 315 syno-

246 326 331 360 dum,
349 325 388 353 ad
405 332 498 361 quam
526 326 678 352 senatores
703 331 826 360 quoque
854 325 1068 357 convenerunt,

246 368 445 406 praesentibus
461 368 551 397 etiam
564 368 833 397 illustrissimorum
847 369 985 396 omnium
1007 377 1070 397 mo-

245 414 447 442 nasteriorum
462 412 635 441 abbatibus.
651 414 683 441 Et
698 413 794 443 Caesar
816 413 938 449 quidem
959 413 1070 442 reside-

245 458 299 487 bat
309 459 339 486 in
349 459 433 493 regio
449 458 564 493 throno,
581 458 634 493 qui
649 460 691 486 est
706 458 736 485 in
753 457 888 486 conclavi
908 466 992 486 mare
1007 466 1070 485 ver-

244 511 297 531 sus
313 503 417 538 magni
430 502 533 538 palatii
547 510 643 538 nuper
658 502 697 530 ab
712 502 778 539 ipso
790 504 907 530 Caesare
918 502 1068 537 exstructi,

244 547 329 584 quod
341 547 519 575 occidentali
534 546 618 575 urbis
634 554 722 575 muro
744 547 891 581 imminet,
917 547 1069 583 habetque

243 592 274 620 id
290 592 434 620 conclave
448 592 488 619 ad
502 591 569 627 ipso
581 591 713 619 Manuale
724 599 836 619 nomen
850 600 856 618 :
877 599 938 628 quo
951 592 980 620 in
1002 591 1069 619 loco

243 636 480 665 innumerabiles
508 636 698 672 imperatoris
724 636 865 665 victorias
887 636 972 664 brevi
995 644 1069 673 gyro

244 681 483 717 comprehensas
498 688 547 708 ars
562 681 698 716 pictoria,
719 681 818 709 aureis
843 681 954 717 lapillis
970 681 1069 709 varios

242 726 424 754 interserens
437 725 563 757 colores,
577 727 666 761 prout
688 725 752 753 ﬁeri
773 725 880 762 potuit,
901 726 1067 762 descripsit.

243 770 293 798 llic
304 770 359 798 fuit
373 769 541 798 consistorii
553 769 655 804 locus;
668 769 770 806 ibique
785 769 909 798 deﬁnita
920 773 989 798 sunt
1002 778 1068 807 quae

913 83 1049 111 NICETIS
1071 83 1255 114 CHONIATIE

1879 84 1947 111 23

1127 147 1168 173 ἱνα
1182 150 1218 184 μὴ
1235 153 1270 184 τῷ
1287 146 1376 185 ἀδήλῳ
1395 148 1493 178 ταύτης
1508 148 1535 173 αἱ
1550 151 1599 174 τῶν
1614 146 1798 183 ἀπαγιστέρων
1812 145 1947 184 καρδία

1126 190 1340 230 διαταράττοιντο
1352 203 1358 210 -
1374 193 1445 224 τέλος
1460 195 1518 223 τοὺς
1533 192 1691 228 ἁγιωτάτους
1703 193 1879 229 πατριάρχας
1901 199 1947 216 κε

1124 239 1171 266 τὴν
1186 239 1254 273 ἱερὰν
1270 240 1314 264 καὶ
1330 239 1399 264 θείαν
1414 238 1570 274 συνήθροισε
1586 234 1694 263 σύνοδον
1709 245 1715 251 ·
1739 236 1791 262 αλλ’
1817 235 1899 263 οὐϐὶ
1938 243 1947 260 ε

1124 285 1171 313 τῆς
1188 282 1334 318 συγκλήτου
1350 281 1448 319 βουλῆς
1463 281 1629 309 ἀπελείποντο
1642 292 1648 297 -
1664 285 1787 317 παρῆσαν
1803 280 1836 308 ὃὶ
1848 283 1915 307 καὶ
1936 289 1947 305 ο

1123 330 1173 352 τῶν
1189 326 1386 364 ἐπισημοτάτων
1401 331 1491 353 πασῶν
1506 330 1588 362 μονῶν
1597 326 1788 362 καθηγούμενοι
1799 334 1806 342 ι
1825 328 1879 352 καὶ
1898 326 1947 350 τὸ

1123 372 1169 406 μὲν
1184 371 1197 397 ὁ
1213 371 1352 408 βασιλικὸς
1367 370 1423 407 εἶχε
1437 373 1523 408 θρόνος
1543 370 1568 397 ἐν
1583 374 1618 405 τῷ
1637 372 1704 408 πρὸς
1720 370 1854 396 θάλατταν
1872 370 1947 395 ὑπε

1123 418 1181 453 ρῲῳ
1194 420 1240 442 τοῦ
1255 415 1279 442 ἐν
1295 420 1331 451 τῷ
1346 416 1449 453 μεγάλῳ
1461 416 1578 451 παλατίῳ
1589 416 1786 452 νεουργηθέντος
1801 416 1889 441 οἰκον
1911 423 1947 439 τά

1125 459 1231 496 βασιλεῖ
1245 466 1289 487 τοῦ
1306 459 1479 499 ὃυτικωτὲρου
1492 463 1597 496 τείχους
1608 459 1756 497 ἐφύπερθιν,
1773 463 1947 496 φιρὼνυμο

1123 508 1167 535 τὴν
1182 506 1276 536 κλῆσιν
1291 507 1319 533 ἐκ
1334 511 1382 538 τῆς
1397 510 1441 533 τοῦ
1458 506 1582 535 Μανουὴλ
1596 508 1765 543 προσρήσεως
1781 508 1911 542 φέροντο
1922 514 1938 534 ς

1123 551 1147 576 ἓν
1164 550 1184 586 ᾧ
1198 553 1305 577 καὶτῶν
1330 550 1536 588 δυσαριθμήτων
1555 551 1761 587 κατορθωμάτων
1777 554 1826 576 τοῦ
1854 549 1947 575 αὐτο

1122 595 1249 633 κράτορος
1264 595 1361 634 βραχέ’
1375 597 1441 622 ἄττα
1454 595 1642 632 παραλαϐοῦσα
1655 596 1670 624 ἡ
1688 595 1828 632 ζωγράφος
1845 596 1947 630 τέχνῑ

1123 639 1151 666 ἐκ
1166 642 1343 677 καταχρύσων
1364 638 1486 676 ψηφίδων
1503 640 1701 677 ποικιλοχρόοις
1722 639 1820 676 ἑτέραις
1843 638 1947 665 itaut

1122 687 1263 721 γνυμένων,
1279 686 1314 716 ὡς
1329 684 1408 721 εἶχεν,
1424 683 1613 722 ἐνδιεγράψατο
1626 695 1632 701 ·
1649 684 1761 711 ἐνταῦθα
1781 685 1830 719 μὲν
1849 682 1891 712 δή
1918 693 1947 709 τι

1122 733 1170 760 τῆς
1183 729 1370 761 συνελεύσεως¹
1389 733 1527 766 κυροῦνται
1543 727 1572 755 δέ
1586 730 1619 755 τὰ
1643 730 1852 764 ὑποτεταγμένα,
1871 730 1942 764 ὁμο

1121 775 1342 810 γνωμονησάντων
1357 773 1485 809 αλλήλοις⁷
1501 779 1550 800 τῶν
1570 783 1597 800 τε
1621 773 1772 810 ἁγιωτάτων
1795 783 1947 810 πατριαρε

242 815 322 844 infra
336 823 495 852 ponemus,
509 815 764 843 consentientibus
777 815 854 842 inter
867 824 899 843 se
915 815 1066 843 sanctissi-

1122 823 1188 854 χὼν,
1204 823 1253 845 τῶν
1270 820 1412 854 ἱερωτάτωυ
1433 818 1585 856 ἀρχιερέων,
1602 823 1647 844 τοῦ
1674 819 1804 855 ἱερατικοῦ
1831 817 1947 843 λοιπον

241 861 302 888 mis
314 859 504 897 patriarchis,
527 859 799 896 sacratissimisque
821 860 1066 896 archiepiscopis,

241 905 419 941 reliquoque
434 904 615 932 sacerdotali
629 906 717 938 coetu,
740 906 769 933 et
792 904 982 932 senatoribus
1004 905 1064 932 uni-

241 950 356 983 versis;
373 949 415 977 sic
442 949 561 977 favente
585 950 669 985 pacis
694 950 764 983 Deo,
792 957 911 977 necnon
937 949 1068 985 religiosi

241 994 338 1023 nostri
352 1002 371 1022 a
386 995 445 1022 Deo
461 994 596 1022 coronati
611 993 802 1030 imperatoris
815 993 887 1021 zelo.
903 993 943 1021 De
956 994 1003 1021 his
1014 1002 1067 1021 au-

242 1040 303 1067 tem
315 1040 415 1068 tomus
430 1046 552 1075 quoque
567 1038 755 1075 conscriptus
769 1038 833 1074 fuit,
850 1039 880 1067 in
896 1047 957 1075 quo
973 1038 1012 1066 ad
1025 1038 1068 1066 lit-

241 1086 337 1113 teram
348 1084 504 1121 sequentia
519 1083 718 1112 continentur.

577 1182 679 1211 ACTIO
702 1183 734 1210 ll.

242 1254 354 1284 Mensis
373 1253 480 1283 Martii
496 1253 545 1282 die
565 1254 708 1287 secunda,
733 1253 904 1282 indictionis
930 1255 1006 1282 XIV
1021 1254 1068 1283 die

592 1301 713 1335 quarta.

279 1352 498 1382 LPraesidente
527 1360 545 1380 a
574 1353 634 1380 Deo
661 1354 804 1380 coronato
836 1354 940 1380 sancto
965 1355 1066 1380 nostro

239 1406 309 1434 rege
320 1400 349 1427 et
362 1398 542 1435 imperatore
556 1397 681 1426 domino
703 1397 838 1426 Manuelo
854 1398 1018 1433 Comneno,
1034 1398 1064 1426 in

241 1444 357 1480 tropico
373 1442 508 1470 conclavi
523 1441 678 1470 meridiem
695 1450 810 1475 versus,
826 1450 936 1479 nempe
960 1444 988 1470 in
1005 1451 1067 1472 ma-

243 1489 294 1524 gni
307 1487 410 1525 palatii
427 1486 754 1524 porphyromanuelico
768 1487 894 1516 triclinio
911 1496 918 1522 ;
946 1488 1066 1516 astanti-

240 1533 300 1562 bus
314 1535 424 1561 sanctae
446 1532 598 1568 majestati
621 1531 696 1568 ejus,
713 1532 897 1561 amabilibus
912 1533 1064 1560 consobri-

239 1578 298 1611 nis,
314 1577 382 1606 ﬁliis
397 1576 499 1614 inclyti
528 1576 778 1605 sebastocratoris
805 1577 921 1605 domini
949 1577 1066 1605 Andro-

240 1622 424 1657 nici,scilicet
438 1621 649 1658 protosebasto
661 1624 690 1649 et
704 1622 931 1657 protovestiario
947 1621 1066 1649 domino

239 1668 358 1696 Joanne
370 1666 535 1699 Comneno,
552 1666 677 1702 ejusque
699 1665 789 1693 fratre
815 1665 939 1693 domino
964 1665 1066 1692 Alexio

241 1713 412 1744 Comneno;
427 1710 550 1739 amabili
565 1710 748 1738 consobrino
763 1710 892 1746 potentis
909 1710 1066 1746 sanctique

238 1756 333 1784 n0stri
347 1755 438 1791 regis,
463 1755 588 1782 domino
614 1754 786 1782 Andronico
817 1755 980 1789 Comneno,
1004 1754 1065 1783 ﬁlio

239 1799 420 1836 pansebasti
435 1798 591 1827 celsissimi
613 1798 729 1826 domini
750 1798 897 1826 Theodori
919 1799 1063 1831 Batatzre;

239 1844 329 1873 fratre
340 1843 405 1879 ejus
418 1845 447 1871 et
461 1843 585 1871 amabili
600 1842 785 1870 consobrino
803 1841 932 1878 potentis
955 1844 1065 1871 sancti-

239 1897 299 1926 que
314 1888 409 1917 nostri
418 1888 497 1923 regis
510 1887 636 1916 domino
646 1886 748 1915 Alexio
764 1889 929 1922 Comneno,
942 1888 1064 1916 amabili

237 1932 374 1970 patruele
383 1932 513 1970 potentis
530 1932 688 1968 sanctique
711 1931 802 1959 nostri
825 1931 914 1966 regis,
936 1935 1007 1960 nato
1028 1941 1064 1960 ex

238 1977 363 2007 amabili
385 1979 494 2014 patruo
515 1977 645 2014 potentis
669 1976 825 2014 sanctique
854 1977 948 2004 nOstri
974 1978 1062 2012 regis,

236 2022 425 2061 pansebasto
440 2021 607 2050 celsissimo
636 2020 761 2048 domino
789 2021 983 2049 Constantino
1005 2025 1062 2049 An-

237 2068 314 2105 gelo,
332 2067 467 2100 domino,
484 2066 621 2102 inquam,
632 2067 745 2094 Joanne
762 2067 862 2099 Duca;
878 2065 968 2094 fratre
984 2067 1063 2102 ejus-

235 2113 318 2147 dem,
334 2111 457 2140 amabili
472 2113 580 2147 nepote
592 2110 721 2147 potentis
748 2113 776 2139 et
791 2111 886 2139 sancti
909 2111 1001 2139 nostri
1017 2119 1062 2139 re-

235 2158 293 2193 gis,
310 2157 436 2186 domino
451 2156 624 2184 Andronico
639 2157 739 2191 Duca;
756 2164 866 2191 genero
891 2156 1019 2192 potentis
1035 2158 1063 2184 et

1121 863 1278 899 καταλόγου,
1292 866 1336 890 καὶ
1352 864 1505 900 ξυμπάντων
1519 867 1567 889 τῶν
1583 867 1629 893 τῆς
1642 863 1823 898 συγκλητικῆς
1834 872 1947 899 γεροιμ

1124 911 1194 943 σίας,
1209 907 1317 944 εὐδοκία
1329 912 1374 934 τοῦ
1388 913 1433 939 τῆς
1448 908 1550 944 εἰρήνης
1565 911 1632 934 Θεοῦ
1654 910 1698 933 καὶ
1712 905 1838 943 διαπύρῳ
1855 907 1947 943 ζήλῳ

1121 957 1167 979 τοῦ
1183 953 1303 984 εὐσεϐοῦς
1318 955 1390 990 ἡμῶν
1405 955 1449 979 καὶ
1467 954 1617 989 θεοστεφοῦς
1642 952 1838 990 αὐτοκράτορος
1851 961 1857 967 ·
1891 953 1947 979 ἐπὶ

1124 996 1157 1027 δὴ
1174 999 1276 1029 τούτοις
1290 1000 1334 1024 καὶ
1346 1000 1424 1035 τόμος
1440 997 1577 1032 ἐκτίθεται,
1593 996 1658 1024 τάδε
1681 998 1749 1024 κατὰ
1771 997 1850 1035 ῥῆμα
1878 995 1931 1024 διε

1122 1042 1192 1075 ξιών,

1435 1187 1551 1213 ΠΡΔΞΙΣ
1572 1184 1606 1212 Β’.

1121 1259 1191 1286 Μηνὶ
1206 1258 1315 1295 Μαρτίῳ
1330 1254 1448 1293 δευτέρα,
1462 1257 1547 1294 ἡμέρᾳ
1568 1257 1676 1293 τετάρτῃ
1697 1253 1865 1286 ἱνδικτιῶνος
1883 1254 1938 1282 ιδ’.

1157 1354 1189 1384 α’,
1205 1355 1405 1391 Προκαθημένου
1422 1358 1467 1380 τοῦ
1484 1355 1639 1381 θεοοτέπτου
1655 1354 1730 1390 ἁγίου
1744 1356 1819 1390 ἤμῶν
1845 1354 1936 1391 βασι-

1119 1398 1180 1429 λέως
1194 1402 1238 1426 καὶ
1250 1398 1438 1436 αὐτοκράτορος
1452 1403 1532 1435 κυροῦ
1547 1399 1670 1428 Μανουὴλ
1681 1403 1725 1425 τοῦ
1739 1402 1892 1435 Κομνηνοῡ,
1907 1399 1934 1425 ἐν

1120 1448 1151 1481 τῇ
1168 1445 1272 1481 ὑπερῴᾳ
1284 1448 1394 1482 τροπικῇ
1412 1448 1440 1480 τῇ
1458 1446 1520 1480 πρὸς
1536 1443 1700 1480 μεσημϐρίαν
1713 1447 1759 1470 τοῦ
1776 1443 1800 1470 έν
1823 1448 1860 1479 τῷ
1883 1455 1934 1480 με·

1121 1489 1190 1525 γάλῳ
1199 1488 1316 1524 παλατίῳ
1330 1487 1628 1525 πορφυρομανουη).άτου
1640 1487 1782 1524 τρικλίνου,
1792 1498 1933 1524 παριστα-

1121 1535 1201 1569 μένων
1217 1537 1247 1569 τῇ
1265 1533 1328 1569 ἁγίᾳ
1344 1532 1467 1569 βασιλείᾳ
1489 1533 1569 1558 αὑτοῦ
1584 1537 1633 1559 τῶν
1658 1534 1840 1569 περιποθήτων
1867 1533 1931 1561 ἀνε-

1121 1577 1187 1613 ψιῶν
1203 1578 1282 1603 αὐτοῦ
1298 1580 1342 1603 καὶ
1352 1579 1413 1603 υἱῶν
1429 1581 1474 1603 τοῦ
1486 1575 1610 1614 ἀοιδίμου
1624 1576 1865 1614 σεϐαστοκράτορος
1882 1588 1932 1603 κυ-

1121 1626 1168 1659 ροῦ
1181 1620 1359 1660 Ἀνδρονίκου,
1377 1626 1422 1648 τοῦ
1438 1621 1655 1659 πρωτοσεϐαστοῦ
1669 1623 1714 1647 καὶ
1728 1621 1932 1659 πρωτοεςστια-

1121 1668 1179 1703 ρίου
1193 1669 1273 1703 κυροῦ
1288 1666 1406 1692 Ἰωάννου
1420 1670 1466 1692 τοῦ
1483 1669 1626 1702 Κομνηνου,
1644 1669 1746 1692 καὶτοῦ
1757 1664 1870 1692 adradi}
1878 1677 1930 1702 φου

1121 1709 1200 1736 αὑτοῦ
1216 1714 1297 1748 κυροῦ
1312 1709 1426 1742 Ἀλεξίου
1439 1715 1485 1737 τοῦ
1502 1714 1635 1747 Κομνγινοῦ
1651 1721 1656 1727 ·
1681 1715 1727 1736 τοῦ
1742 1712 1929 1747 περιποθήτου

1122 1753 1227 1790 ἀνεψιοῦ
1243 1758 1288 1780 τοῦ
1302 1759 1428 1791 κραταιοῦ
1443 1757 1488 1781 καὶ
1503 1755 1579 1791 ἁγίου
1595 1756 1667 1791 ἡμῶν
1683 1755 1826 1791 βασιλέως,
1842 1760 1929 1793 κυροῦ

1125 1797 1285 1836 Ανδρονίκου
1300 1803 1344 1826 voti
1362 1803 1494 1836 Κομνηνου
1510 1804 1555 1826 τοῦ
1579 1801 1636 1826 υἱοῦ
1659 1804 1704 1826 του
1724 1799 1916 1826 πανσεϐαστου

1119 1844 1246 1880 περτάτου
1259 1848 1340 1881 κυροϋ
1362 1843 1500 1882 Θεοδώρου
1521 1849 1566 1871 τοῦ
1588 1846 1721 1876 Βατάτζου
1740 1855 1746 1861 -
1770 1849 1818 1871 τοῦ
1844 1845 1926 1872 αὑτα-

1120 1886 1214 1925 ὃέλφου
1226 1889 1306 1915 αὑτοῦ
1318 1892 1363 1915 καὶ
1374 1891 1548 1925 περιποθήτου
1564 1889 1669 1924 ἀνεψιοῦ
1681 1893 1726 1915 τοῦ
1739 1894 1867 1926 κραταιου
1879 1893 1926 1916 καὶ

1119 1932 1194 1969 ἁγίου
1208 1935 1279 1970 ἡμῶν
1294 1933 1433 1970 βασιλέως,
1447 1938 1527 1970 κυροϋ
1553 1934 1668 1966 Ἀλεξίου
1689 1938 1735 1960 τοῦ
1764 1937 1905 1970 Κομνπνοῦ
1919 1945 1924 1950 λ

1118 1982 1164 2003 τοῦ
1175 1980 1350 2014 περιποθήτου
1360 1977 1498 2014 ἐξαὸελφου
1510 1982 1557 2004 τοῦ
1566 1983 1691 2015 κραταιοῦ
1702 1981 1748 2004 καὶ
1759 1978 1837 2014 ἁγίου
1849 1980 1925 2015 ἡμῶν

1119 2022 1256 2059 βασιλέως,
1272 2027 1318 2050 τοῦ
1332 2025 1389 2050 υἱοῦ
1404 2027 1449 2050 τοῦ
1460 2026 1636 2061 περιποθήτου
1649 2025 1717 2050 θείου
1731 2028 1777 2050 τοῦ
1793 2029 1925 2060 κραταιον

1117 2070 1162 2093 καὶ
1176 2068 1252 2103 ἁγίου
1275 2069 1348 2104 ἡμῶν
1377 2068 1516 2105 βασιλέως,
1535 2073 1581 2095 τοῦ
1605 2069 1924 2106 πανσεϐαστοῦπερτάτον

1117 2117 1198 2149 κυροῡ
1215 2116 1406 2139 Κωνσταντίνου
1422 2117 1467 2139 τοῦ
1492 2113 1625 2149 Ἄγγελον,
1641 2118 1722 2151 κυροῦ
1739 2114 1860 2141 Ἰωάννου
1877 2124 1925 2140 του

1117 2159 1202 2183 Δουκα
1219 2168 1225 2173 -
1240 2161 1286 2184 τοῦ
1304 2156 1466 2194 αὖταὸέὶφου
1482 2159 1573 2191 αὑτοῦ,
1597 2162 1642 2184 τοῦ
1665 2159 1845 2194 περιποθήτου
1862 2159 1922 2190 ἐξα-

235 2192 332 2230 sancti
341 2201 434 2230 nostri
450 2201 529 2235 regis
543 2200 663 2228 sebasto
677 2200 801 2229 domino
822 2202 935 2228 Joanne
959 2201 1061 2228 Canta-

1118 2200 1212 2238 δέλφου
1227 2206 1273 2228 τοῦ
1288 2207 1414 2240 κραταιον
1431 2205 1475 2228 καὶ
1490 2203 1567 2238 ἁγίου
1594 2204 1665 2239 ἡμῶν
1683 2202 1822 2239 βασιλέως,
1839 2208 1923 2240 κυροὺ

235 2254 363 2280 cuzeno;
380 2253 491 2281 genero
505 2245 634 2282 potentis
646 2248 674 2273 et
686 2245 781 2273 sancti
805 2245 898 2272 nostri
912 2246 991 2277 regis
1004 2245 1060 2273 do-

233 2291 317 2319 mino
330 2291 525 2319 Constantino
542 2292 640 2324 Duca;
656 2290 776 2318 sebasto
791 2289 916 2317 domino
935 2289 1060 2317 Gudelio

231 2335 396 2364 Tzicandile
411 2345 418 2370 ;
435 2335 554 2363 sebasto
569 2337 597 2363 et
611 2343 724 2370 magno
739 2334 937 2362 hetaeriarclia
960 2334 1059 2362 domi-

231 2389 272 2410 no
288 2381 412 2417 Georgio
434 2380 620 2415 Palmologo;
652 2380 771 2408 sebasto
791 2379 917 2406 domino
945 2380 1058 2407 Joanne

229 2426 312 2454 Duce.
326 2434 333 2460 ;
350 2425 470 2454 sebasto
484 2427 512 2453 et
535 2425 700 2453 domestico
728 2423 869 2452 vestiario
884 2424 1015 2460 potentis
1030 2426 1059 2451 et

229 2471 327 2499 sancti
355 2471 450 2499 nostri
471 2469 549 2506 regis
578 2470 703 2498 domino
734 2469 837 2496 Alexio
865 2468 1054 2504 Petralipha;

227 2516 349 2544 sebasto
365 2517 393 2543 et
415 2515 583 2543 domestico
614 2513 756 2542 vestiario
767 2513 896 2550 potentis
917 2515 945 2541 et
961 2513 1055 2541 sancti

224 2561 320 2589 nostri
330 2560 408 2596 regis
423 2560 537 2588 domno
554 2558 665 2586 Isaacio
683 2560 780 2592 Duce;
805 2557 924 2585 sebasto
953 2560 980 2585 et
1003 2557 1043 2585 do

223 2605 352 2634 mestico
378 2604 520 2632 vestiario
536 2603 666 2640 potentis
689 2605 717 2630 et
744 2602 840 2630 sancti
860 2603 953 2630 nostri
975 2602 1054 2636 regis

224 2650 349 2678 domino
378 2650 478 2678 Alexio
508 2648 657 2683 Bogerio;
688 2647 808 2675 sebasto
834 2650 861 2675 et
889 2647 1053 2675 domestico

223 2695 363 2723 vestiario
378 2694 508 2731 potentis
531 2695 558 2720 et
574 2692 670 2720 sancti
689 2692 783 2720 nostri
807 2693 886 2727 regis
912 2696 940 2720 et
967 2693 1012 2720 ch-
1027 2700 1052 2719 r-

225 2739 333 2768 tulario
365 2739 490 2768 domino
521 2737 694 2766 Andronico
725 2737 921 2772 Lombardo;
951 2741 1052 2774 proto-

1118 2244 1285 2284 Ἀνδρονίκου
1300 2251 1345 2273 τοῦ
1359 2248 1444 2273 Δούκα
1455 2256 1460 2262 ·
1477 2251 1522 2273 τοῦ
1537 2247 1656 2283 γαμϐρου
1674 2251 1719 2273 τοῦ
1734 2252 1863 2284 κραταιον
1876 2251 1922 2273 καὶ

1116 2290 1192 2326 ἁγίου
1208 2292 1280 2327 ἡμῶν
1297 2291 1437 2328 βασιλέως,
1450 2296 1495 2318 τοῦ
1505 2291 1634 2318 σεϐαστου
1647 2296 1727 2329 κυροῦ
1740 2293 1862 2319 Ἰωάννου
1875 2298 1920 2319 του

1116 2337 1334 2366 Καντακουζηνοῦ
1351 2345 1357 2351 ⁸
1376 2341 1422 2362 τοῦ
1436 2336 1556 2373 γαμϐροῦ
1572 2341 1618 2363 τοῦ
1633 2341 1759 2374 κραταιοῦ
1783 2340 1830 2363 καὶ
1844 2338 1919 2373 ἁγίου

1113 2381 1186 2416 ἡμῶν
1202 2380 1343 2417 βασιλέως,
1358 2385 1438 2417 κυροῡ
1460 2384 1653 2408 Κωνσταυτίνον
1671 2385 1716 2408 τοῦ
1741 2383 1829 2408 Δουκα
1843 2391 1849 2396 ·
1874 2388 1919 2408 τοῦ

1114 2424 1243 2451 σεϐαστοῦ
1257 2430 1337 2462 κυροῦ
1352 2424 1489 2452 Γουὸελίου
1513 2430 1558 2452 τοῦ
1581 2424 1740 2456 Τζικανδίλη
1753 2435 1758 2440 ·
1774 2431 1822 2452 τοῦ
1839 2427 1918 2453 σεϐα-

1113 2474 1176 2495 στοῦ
1192 2473 1237 2495 καὶ
1247 2469 1360 2506 μεγάλου
1377 2471 1559 2507 ἑταιρειάρχου
1571 2476 1652 2508 κυροῦ
1667 2474 1796 2508 Γεωργίου
1808 2476 1855 2497 τοῦ
1866 2475 1916 2498 Παη

1110 2513 1245 2550 λαιολογου
1262 2525 1268 2531 ·
1285 2519 1330 2540 τοῦ
1347 2514 1476 2541 σεϐαστοῦ
1495 2520 1575 2552 κυροῦ
1596 2515 1714 2542 Ἰωάννου
1740 2520 1786 2541 τοῦ
1807 2518 1893 2542 Δούκα
1909 2528 1915 2532 -

1109 2563 1154 2585 τοῦ
1172 2559 1301 2586 σεϐαστοῦ
1314 2563 1358 2586 καὶ
1371 2560 1466 2586 οἰκείου
1481 2560 1651 2597 βεστιαρίτου
1669 2565 1715 2586 τοῦ
1728 2570 1858 2597 κραταιου
1873 2564 1916 2588 καὶ

1111 2603 1186 2639 ἁγίου
1204 2605 1277 2640 ἡμῶν
1294 2604 1434 2640 βασιλέως¹
1449 2609 1530 2641 κυροῦ
1552 2605 1666 2637 Ἀλεξίου
1682 2608 1728 2631 τοῦ
1744 2606 1894 2643 Πετραλίφα
1908 2617 1913 2622 ·

1109 2652 1153 2674 τοῦ
1171 2648 1300 2674 σεϐαστοῦ
1313 2651 1357 2675 καὶ
1369 2649 1464 2675 οἰκείου
1481 2649 1650 2687 βεστιαρίτου
1662 2655 1708 2676 τοῦ
1728 2656 1858 2687 κραταιοῦ
1871 2654 1913 2677 καὶ

1109 2692 1185 2728 ἁγίου
1201 2695 1273 2729 ἡμῶν
1292 2693 1430 2730 βασιλέως,
1441 2699 1522 2731 κυροῦ
1535 2695 1668 2721 Ἰσοιακίου
1683 2699 1728 2721 τοῦ
1747 2698 1834 2722 Δοὺκα
1846 2708 1852 2713 '
1868 2702 1912 2722 του

1109 2736 1238 2764 σεϐαστοῦ
1259 2741 1304 2767 καὶ
1327 2738 1423 2765 οἰκείου
1451 2738 1623 2776 βεστιαρὶτόυ
1644 2743 1689 2766 τοῦ
1715 2745 1846 2776 κραταιοῦ
1868 2741 1911 2767 καὶ
