  <div class='ocr_page' id='page_1' title='image "/cluster/home/n/w/nwhite01/storage/ocr_20150623/140/njp.32101010942850/151.png"; bbox 0 0 1947 3077; ppageno 0'>
   <div class='ocr_carea' id='block_1_1' title="bbox 180 104 230 132">
    <p class='ocr_par' dir='ltr' id='par_1_1' title="bbox 180 104 230 132">
     <span class='ocr_line' id='line_1_1' title="bbox 180 104 230 132; baseline -0.02 0"><span class='ocrx_word' id='word_1_1' title='bbox 180 104 230 132; x_wconf 75' lang='grc'>251</span> 
     </span>
    </p>
   </div>
   <div class='ocr_carea' id='block_1_2' title="bbox 182 206 1004 245">
    <p class='ocr_par' dir='ltr' id='par_1_2' title="bbox 182 206 1004 245">
     <span class='ocr_line' id='line_1_2' title="bbox 182 206 1004 245; baseline -0.005 -8"><span class='ocrx_word' id='word_1_2' title='bbox 182 210 332 238; x_wconf 83' lang='lat' dir='ltr'>Christum</span> <span class='ocrx_word' id='word_1_3' title='bbox 356 209 511 245; x_wconf 80' lang='lat' dir='ltr'>passiones</span> <span class='ocrx_word' id='word_1_4' title='bbox 532 209 595 237; x_wconf 85' lang='lat' dir='ltr'>sine</span> <span class='ocrx_word' id='word_1_5' title='bbox 620 213 743 245; x_wconf 81' lang='lat' dir='ltr'>peccato</span> <span class='ocrx_word' id='word_1_6' title='bbox 763 208 958 238; x_wconf 70' lang='lat' dir='ltr'>oeconomica,</span> <span class='ocrx_word' id='word_1_7' title='bbox 975 206 1004 233; x_wconf 86' lang='lat' dir='ltr'>id</span> 
     </span>
    </p>
   </div>
   <div class='ocr_carea' id='block_1_3' title="bbox 182 254 1005 290">
    <p class='ocr_par' dir='ltr' id='par_1_3' title="bbox 182 254 1005 290">
     <span class='ocr_line' id='line_1_3' title="bbox 182 254 1005 290; baseline -0.005 -8"><span class='ocrx_word' id='word_1_8' title='bbox 182 257 225 282; x_wconf 89' lang='lat' dir='ltr'>est</span> <span class='ocrx_word' id='word_1_9' title='bbox 240 262 318 288; x_wconf 85' lang='lat' dir='ltr'>vere,</span> <span class='ocrx_word' id='word_1_10' title='bbox 344 254 502 290; x_wconf 82' lang='lat' dir='ltr'>recepisse.</span> <span class='ocrx_word' id='word_1_11' title='bbox 522 255 710 282; x_wconf 80' lang='lat' dir='ltr'>Atheniensis</span> <span class='ocrx_word' id='word_1_12' title='bbox 730 254 804 282; x_wconf 83' lang='lat' dir='ltr'>dixit</span> <span class='ocrx_word' id='word_1_13' title='bbox 832 261 862 280; x_wconf 90' lang='lat' dir='ltr'>se</span> <span class='ocrx_word' id='word_1_14' title='bbox 884 259 1005 288; x_wconf 88' lang='lat' dir='ltr'>quoque</span> 
     </span>
    </p>
   </div>
   <div class='ocr_carea' id='block_1_4' title="bbox 181 295 1003 335">
    <p class='ocr_par' dir='ltr' id='par_1_4' title="bbox 181 295 1003 335">
     <span class='ocr_line' id='line_1_4' title="bbox 181 295 1003 335; baseline -0.004 -9"><span class='ocrx_word' id='word_1_15' title='bbox 181 299 440 327; x_wconf 83' lang='lat' dir='ltr'>sanctissimorum</span> <span class='ocrx_word' id='word_1_16' title='bbox 461 299 699 335; x_wconf 73' lang='lat' dir='ltr'>patriarcharum</span> <span class='ocrx_word' id='word_1_17' title='bbox 725 297 887 326; x_wconf 77' lang='lat' dir='ltr'>sententias</span> <span class='ocrx_word' id='word_1_18' title='bbox 909 295 1003 332; x_wconf 83' lang='lat' dir='ltr'>sequi.</span> 
     </span>
    </p>
   </div>
   <div class='ocr_carea' id='block_1_5' title="bbox 182 341 1004 377">
    <p class='ocr_par' dir='ltr' id='par_1_5' title="bbox 182 341 1004 377">
     <span class='ocr_line' id='line_1_5' title="bbox 182 341 1004 377; baseline -0.005 -6"><span class='ocrx_word' id='word_1_19' title='bbox 182 343 321 372; x_wconf 79' lang='lat' dir='ltr'>Similiter</span> <span class='ocrx_word' id='word_1_20' title='bbox 354 344 543 376; x_wconf 80' lang='lat' dir='ltr'>Larissensis,</span> <span class='ocrx_word' id='word_1_21' title='bbox 568 343 757 377; x_wconf 83' lang='lat' dir='ltr'>Rhodiensis,</span> <span class='ocrx_word' id='word_1_22' title='bbox 796 341 1004 377; x_wconf 78' lang='lat' dir='ltr'>Philippensis,</span> 
     </span>
    </p>
   </div>
   <div class='ocr_carea' id='block_1_6' title="bbox 181 387 1005 423">
    <p class='ocr_par' dir='ltr' id='par_1_6' title="bbox 181 387 1005 423">
     <span class='ocr_line' id='line_1_6' title="bbox 181 387 1005 423; baseline -0.004 -8"><span class='ocrx_word' id='word_1_23' title='bbox 181 387 305 416; x_wconf 85' lang='lat' dir='ltr'>easdem</span> <span class='ocrx_word' id='word_1_24' title='bbox 321 388 427 416; x_wconf 87' lang='lat' dir='ltr'>sectari</span> <span class='ocrx_word' id='word_1_25' title='bbox 442 388 668 416; x_wconf 84' lang='lat' dir='ltr'>conﬁrmarunt.</span> <span class='ocrx_word' id='word_1_26' title='bbox 679 387 888 423; x_wconf 85' lang='lat' dir='ltr'>Neopatrensis</span> <span class='ocrx_word' id='word_1_27' title='bbox 905 387 1005 413; x_wconf 85' lang='lat' dir='ltr'>autem</span> 
     </span>
    </p>
   </div>
   <div class='ocr_carea' id='block_1_7' title="bbox 182 431 1005 468">
    <p class='ocr_par' dir='ltr' id='par_1_7' title="bbox 182 431 1005 468">
     <span class='ocr_line' id='line_1_7' title="bbox 182 431 1005 468; baseline -0.005 -8"><span class='ocrx_word' id='word_1_28' title='bbox 182 432 256 460; x_wconf 80' lang='lat' dir='ltr'>dixit</span> <span class='ocrx_word' id='word_1_29' title='bbox 265 435 418 468; x_wconf 86' lang='lat' dir='ltr'>postremo</span> <span class='ocrx_word' id='word_1_30' title='bbox 433 433 585 461; x_wconf 63' lang='lat' dir='ltr'>sententiis</span> <span class='ocrx_word' id='word_1_31' title='bbox 596 441 658 460; x_wconf 63' lang='lat' dir='ltr'>sum</span> <span class='ocrx_word' id='word_1_32' title='bbox 669 431 816 460; x_wconf 85' lang='lat' dir='ltr'>vocabulo</span> <span class='ocrx_word' id='word_1_33' title='bbox 830 431 941 459; x_wconf 79' lang='lat' dir='ltr'>addere</span> <span class='ocrx_word' id='word_1_34' title='bbox 962 436 1005 462; x_wconf 87' lang='lat' dir='ltr'>se,</span> 
     </span>
    </p>
   </div>
   <div class='ocr_carea' id='block_1_8' title="bbox 183 478 1007 513">
    <p class='ocr_par' dir='ltr' id='par_1_8' title="bbox 183 478 1007 513">
     <span class='ocr_line' id='line_1_8' title="bbox 183 478 1007 513; baseline -0.005 -7"><span class='ocrx_word' id='word_1_35' title='bbox 183 480 336 512; x_wconf 75' lang='lat' dir='ltr'>assumpta</span> <span class='ocrx_word' id='word_1_36' title='bbox 353 485 444 506; x_wconf 76' lang='lat' dir='ltr'>carne</span> <span class='ocrx_word' id='word_1_37' title='bbox 456 481 558 506; x_wconf 77' lang='lat' dir='ltr'>creata</span> <span class='ocrx_word' id='word_1_38' title='bbox 573 478 778 513; x_wconf 78' lang='lat' dir='ltr'>passibilique,</span> <span class='ocrx_word' id='word_1_39' title='bbox 791 478 820 504; x_wconf 85' lang='lat' dir='ltr'>in</span> <span class='ocrx_word' id='word_1_40' title='bbox 834 484 893 512; x_wconf 78' lang='lat' dir='ltr'>qua</span> <span class='ocrx_word' id='word_1_41' title='bbox 905 478 932 503; x_wconf 87' lang='lat' dir='ltr'>et</span> <span class='ocrx_word' id='word_1_42' title='bbox 941 482 1007 509; x_wconf 85' lang='lat' dir='ltr'>pas-</span> 
     </span>
    </p>
   </div>
   <div class='ocr_carea' id='block_1_9' title="bbox 182 521 1006 558">
    <p class='ocr_par' dir='ltr' id='par_1_9' title="bbox 182 521 1006 558">
     <span class='ocr_line' id='line_1_9' title="bbox 182 521 1006 558; baseline -0.004 -9"><span class='ocrx_word' id='word_1_43' title='bbox 182 529 232 549; x_wconf 85' lang='lat' dir='ltr'>sus</span> <span class='ocrx_word' id='word_1_44' title='bbox 238 525 289 550; x_wconf 73' lang='lat' dir='ltr'>est.</span> <span class='ocrx_word' id='word_1_45' title='bbox 302 522 436 550; x_wconf 68' lang='lat' dir='ltr'>Emensis</span> <span class='ocrx_word' id='word_1_46' title='bbox 444 521 523 549; x_wconf 80' lang='lat' dir='ltr'>dixit:</span> <span class='ocrx_word' id='word_1_47' title='bbox 536 530 567 550; x_wconf 92' lang='lat' dir='ltr'>se</span> <span class='ocrx_word' id='word_1_48' title='bbox 577 530 698 558; x_wconf 87' lang='lat' dir='ltr'>quoque</span> <span class='ocrx_word' id='word_1_49' title='bbox 707 524 774 558; x_wconf 88' lang='lat' dir='ltr'>post</span> <span class='ocrx_word' id='word_1_50' title='bbox 784 521 936 548; x_wconf 66' lang='lat' dir='ltr'>sententia:</span> <span class='ocrx_word' id='word_1_51' title='bbox 945 526 1006 546; x_wconf 60' lang='lat' dir='ltr'>sine</span> 
     </span>
    </p>
   </div>
   <div class='ocr_carea' id='block_1_10' title="bbox 181 566 1007 601">
    <p class='ocr_par' dir='ltr' id='par_1_10' title="bbox 181 566 1007 601">
     <span class='ocr_line' id='line_1_10' title="bbox 181 566 1007 601; baseline -0.002 -8"><span class='ocrx_word' id='word_1_52' title='bbox 181 566 285 601; x_wconf 84' lang='lat' dir='ltr'>verba,</span> <span class='ocrx_word' id='word_1_53' title='bbox 298 570 331 594; x_wconf 82' lang='lat' dir='ltr'>ut</span> <span class='ocrx_word' id='word_1_54' title='bbox 342 568 560 595; x_wconf 77' lang='lat' dir='ltr'>incarnationis</span> <span class='ocrx_word' id='word_1_55' title='bbox 565 567 654 601; x_wconf 79' lang='lat' dir='ltr'>ﬁdem</span> <span class='ocrx_word' id='word_1_56' title='bbox 663 567 790 601; x_wconf 82' lang='lat' dir='ltr'>faceret;</span> <span class='ocrx_word' id='word_1_57' title='bbox 802 566 932 600; x_wconf 88' lang='lat' dir='ltr'>itemque</span> <span class='ocrx_word' id='word_1_58' title='bbox 940 566 1007 591; x_wconf 78' lang='lat' dir='ltr'>ante</span> 
     </span>
    </p>
   </div>
   <div class='ocr_carea' id='block_1_11' title="bbox 185 611 1007 645">
    <p class='ocr_par' dir='ltr' id='par_1_11' title="bbox 185 611 1007 645">
     <span class='ocr_line' id='line_1_11' title="bbox 185 611 1007 645; baseline -0.002 -8"><span class='ocrx_word' id='word_1_59' title='bbox 185 611 285 640; x_wconf 83' lang='lat' dir='ltr'>verba.</span> <span class='ocrx_word' id='word_1_60' title='bbox 304 611 359 639; x_wconf 84' lang='lat' dir='ltr'>hoc</span> <span class='ocrx_word' id='word_1_61' title='bbox 378 614 476 638; x_wconf 81' lang='lat' dir='ltr'>autem</span> <span class='ocrx_word' id='word_1_62' title='bbox 491 611 533 638; x_wconf 84' lang='lat' dir='ltr'>sic</span> <span class='ocrx_word' id='word_1_63' title='bbox 548 611 664 645; x_wconf 81' lang='lat' dir='ltr'>afﬁrmo</span> <span class='ocrx_word' id='word_1_64' title='bbox 681 613 713 638; x_wconf 81' lang='lat' dir='ltr'>ut</span> <span class='ocrx_word' id='word_1_65' title='bbox 729 613 851 638; x_wconf 63' lang='lat' dir='ltr'>caeteras</span> <span class='ocrx_word' id='word_1_66' title='bbox 867 616 926 636; x_wconf 76' lang='lat' dir='ltr'>non</span> <span class='ocrx_word' id='word_1_67' title='bbox 947 614 1007 635; x_wconf 82' lang='lat' dir='ltr'>res-</span> 
     </span>
    </p>
   </div>
   <div class='ocr_carea' id='block_1_12' title="bbox 182 653 1006 690">
    <p class='ocr_par' dir='ltr' id='par_1_12' title="bbox 182 653 1006 690">
     <span class='ocr_line' id='line_1_12' title="bbox 182 653 1006 690; baseline -0.005 -8"><span class='ocrx_word' id='word_1_68' title='bbox 182 662 274 690; x_wconf 79' lang='lat' dir='ltr'>puam</span> <span class='ocrx_word' id='word_1_69' title='bbox 290 658 458 683; x_wconf 79' lang='lat' dir='ltr'>sanctorum</span> <span class='ocrx_word' id='word_1_70' title='bbox 478 655 638 690; x_wconf 80' lang='lat' dir='ltr'>opiniones,</span> <span class='ocrx_word' id='word_1_71' title='bbox 653 653 878 690; x_wconf 87' lang='lat' dir='ltr'>supperaddere</span> <span class='ocrx_word' id='word_1_72' title='bbox 889 656 1006 679; x_wconf 86' lang='lat' dir='ltr'>senten-</span> 
     </span>
    </p>
   </div>
   <div class='ocr_carea' id='block_1_13' title="bbox 185 699 1007 736">
    <p class='ocr_par' dir='ltr' id='par_1_13' title="bbox 185 699 1007 736">
     <span class='ocr_line' id='line_1_13' title="bbox 185 699 1007 736; baseline -0.002 -9"><span class='ocrx_word' id='word_1_73' title='bbox 185 699 231 727; x_wconf 66' lang='lat' dir='ltr'>tiae</span> <span class='ocrx_word' id='word_1_74' title='bbox 252 708 324 733; x_wconf 63' lang='lat' dir='ltr'>suae,</span> <span class='ocrx_word' id='word_1_75' title='bbox 341 703 443 734; x_wconf 81' lang='lat' dir='ltr'>utpote</span> <span class='ocrx_word' id='word_1_76' title='bbox 457 700 510 736; x_wconf 86' lang='lat' dir='ltr'>qui</span> <span class='ocrx_word' id='word_1_77' title='bbox 530 708 650 728; x_wconf 85' lang='lat' dir='ltr'>carnem</span> <span class='ocrx_word' id='word_1_78' title='bbox 670 701 872 734; x_wconf 77' lang='lat' dir='ltr'>assumpserat</span> <span class='ocrx_word' id='word_1_79' title='bbox 896 699 1007 725; x_wconf 81' lang='lat' dir='ltr'>morta-</span> 
     </span>
    </p>
   </div>
   <div class='ocr_carea' id='block_1_14' title="bbox 184 743 1007 780">
    <p class='ocr_par' dir='ltr' id='par_1_14' title="bbox 184 743 1007 780">
     <span class='ocr_line' id='line_1_14' title="bbox 184 743 1007 780; baseline -0.005 -8"><span class='ocrx_word' id='word_1_80' title='bbox 184 744 241 772; x_wconf 78' lang='lat' dir='ltr'>lem</span> <span class='ocrx_word' id='word_1_81' title='bbox 254 745 494 780; x_wconf 72' lang='lat' dir='ltr'>passibilemque,</span> <span class='ocrx_word' id='word_1_82' title='bbox 507 747 538 772; x_wconf 76' lang='lat' dir='ltr'>in</span> <span class='ocrx_word' id='word_1_83' title='bbox 553 753 610 780; x_wconf 80' lang='lat' dir='ltr'>qua</span> <span class='ocrx_word' id='word_1_84' title='bbox 623 744 760 772; x_wconf 77' lang='lat' dir='ltr'>videlicet</span> <span class='ocrx_word' id='word_1_85' title='bbox 778 747 805 771; x_wconf 82' lang='lat' dir='ltr'>et</span> <span class='ocrx_word' id='word_1_86' title='bbox 824 750 928 777; x_wconf 81' lang='lat' dir='ltr'>passus</span> <span class='ocrx_word' id='word_1_87' title='bbox 955 743 1007 769; x_wconf 82' lang='lat' dir='ltr'>est.</span> 
     </span>
    </p>
   </div>
   <div class='ocr_carea' id='block_1_15' title="bbox 184 785 1010 825">
    <p class='ocr_par' dir='ltr' id='par_1_15' title="bbox 184 785 1010 825">
     <span class='ocr_line' id='line_1_15' title="bbox 184 785 1010 825; baseline -0.005 -9"><span class='ocrx_word' id='word_1_88' title='bbox 184 790 341 825; x_wconf 71' lang='lat' dir='ltr'>Cocyraaus</span> <span class='ocrx_word' id='word_1_89' title='bbox 364 789 438 817; x_wconf 80' lang='lat' dir='ltr'>dixit</span> <span class='ocrx_word' id='word_1_90' title='bbox 463 789 601 817; x_wconf 82' lang='lat' dir='ltr'>recedere</span> <span class='ocrx_word' id='word_1_91' title='bbox 623 797 654 816; x_wconf 89' lang='lat' dir='ltr'>se</span> <span class='ocrx_word' id='word_1_92' title='bbox 674 796 798 825; x_wconf 81' lang='lat' dir='ltr'>prorsus</span> <span class='ocrx_word' id='word_1_93' title='bbox 823 795 841 815; x_wconf 86' lang='lat' dir='ltr'>a</span> <span class='ocrx_word' id='word_1_94' title='bbox 863 785 1010 813; x_wconf 79' lang='lat' dir='ltr'>sententia</span> 
     </span>
    </p>
   </div>
   <div class='ocr_carea' id='block_1_16' title="bbox 846 98 1188 130">
    <p class='ocr_par' dir='ltr' id='par_1_16' title="bbox 846 98 1188 130">
     <span class='ocr_line' id='line_1_16' title="bbox 846 98 1188 130; baseline -0.003 -1"><span class='ocrx_word' id='word_1_95' title='bbox 846 101 980 130; x_wconf 73' lang='lat' dir='ltr'>NICETAE</span> <span class='ocrx_word' id='word_1_96' title='bbox 999 98 1188 130; x_wconf 68' lang='lat' dir='ltr'>CHONIATE</span> 
     </span>
    </p>
   </div>
   <div class='ocr_carea' id='block_1_17' title="bbox 180 161 1008 201">
    <p class='ocr_par' dir='ltr' id='par_1_17' title="bbox 180 163 1006 201">
     <span class='ocr_line' id='line_1_17' title="bbox 180 163 1006 201; baseline -0.005 -8"><span class='ocrx_word' id='word_1_97' title='bbox 180 166 211 194; x_wconf 90' lang='lat' dir='ltr'>in</span> <span class='ocrx_word' id='word_1_98' title='bbox 233 174 287 193; x_wconf 85' lang='lat' dir='ltr'>sua</span> <span class='ocrx_word' id='word_1_99' title='bbox 308 165 454 193; x_wconf 80' lang='lat' dir='ltr'>sententia</span> <span class='ocrx_word' id='word_1_100' title='bbox 480 165 655 201; x_wconf 85' lang='lat' dir='ltr'>protulisse;</span> <span class='ocrx_word' id='word_1_101' title='bbox 677 164 789 201; x_wconf 85' lang='lat' dir='ltr'>quippe</span> <span class='ocrx_word' id='word_1_102' title='bbox 815 163 867 200; x_wconf 89' lang='lat' dir='ltr'>qui</span> <span class='ocrx_word' id='word_1_103' title='bbox 891 163 1006 190; x_wconf 77' lang='lat' dir='ltr'>dixerat</span> 
     </span>
    </p>
   </div>
   <div class='ocr_carea' id='block_1_18' title="bbox 1062 161 1481 201">
    <p class='ocr_par' dir='ltr' id='par_1_18' title="bbox 1062 162 1481 194">
     <span class='ocr_line' id='line_1_18' title="bbox 1062 162 1481 194; baseline 0.002 -6"><span class='ocrx_word' id='word_1_104' title='bbox 1062 162 1139 188; x_wconf 72' lang='grc' dir='ltr'>αὐτοῦ</span> <span class='ocrx_word' id='word_1_105' title='bbox 1171 163 1263 194; x_wconf 68' lang='grc' dir='ltr'>αὐταῖς</span> <span class='ocrx_word' id='word_1_106' title='bbox 1287 163 1446 193; x_wconf 76' lang='grc' dir='ltr'>ἐναντιωθείς</span> <span class='ocrx_word' id='word_1_107' title='bbox 1474 170 1481 178; x_wconf 91' lang='grc'><strong>·</strong></span> 
     </span>
    </p>
   </div>
   <div class='ocr_carea' id='block_1_19' title="bbox 1802 100 1867 127">
    <p class='ocr_par' dir='ltr' id='par_1_19' title="bbox 1802 100 1867 127">
     <span class='ocr_line' id='line_1_19' title="bbox 1802 100 1867 127; baseline -0.015 0"><span class='ocrx_word' id='word_1_108' title='bbox 1802 100 1867 127; x_wconf 75' lang='grc'>252</span> 
     </span>
    </p>
   </div>
   <div class='ocr_carea' id='block_1_20' title="bbox 1511 161 1869 197">
    <p class='ocr_par' dir='ltr' id='par_1_20' title="bbox 1511 161 1869 197">
     <span class='ocr_line' id='line_1_20' title="bbox 1511 161 1869 197; baseline -0.003 -10"><span class='ocrx_word' id='word_1_109' title='bbox 1511 163 1546 193; x_wconf 82' lang='grc' dir='ltr'>ὡς</span> <span class='ocrx_word' id='word_1_110' title='bbox 1569 161 1646 188; x_wconf 84' lang='grc' dir='ltr'>εἰπὼν</span> <span class='ocrx_word' id='word_1_111' title='bbox 1677 161 1700 187; x_wconf 83' lang='grc' dir='ltr'>ἐν</span> <span class='ocrx_word' id='word_1_112' title='bbox 1725 161 1792 197; x_wconf 71' lang='grc' dir='ltr'>αὖτῇ</span> <span class='ocrx_word' id='word_1_113' title='bbox 1827 162 1869 186; x_wconf 75' lang='grc' dir='ltr'>τὰ</span> 
     </span>
    </p>
   </div>
   <div class='ocr_carea' id='block_1_21' title="bbox 1058 205 1864 243">
    <p class='ocr_par' dir='ltr' id='par_1_21' title="bbox 1058 205 1864 243">
     <span class='ocr_line' id='line_1_21' title="bbox 1058 205 1864 243; baseline -0.002 -10"><span class='ocrx_word' id='word_1_114' title='bbox 1058 208 1128 236; x_wconf 75' lang='grc' dir='ltr'>πάθη</span> <span class='ocrx_word' id='word_1_115' title='bbox 1162 210 1194 233; x_wconf 78' lang='grc' dir='ltr'>τὰ</span> <span class='ocrx_word' id='word_1_116' title='bbox 1224 206 1372 236; x_wconf 66' lang='grc' dir='ltr'>ἀδιάϐλητα</span> <span class='ocrx_word' id='word_1_117' title='bbox 1410 207 1588 243; x_wconf 73' lang='grc' dir='ltr'>οἰκονομικῶς,</span> <span class='ocrx_word' id='word_1_118' title='bbox 1625 208 1707 232; x_wconf 83' lang='grc' dir='ltr'>ιῖτουν</span> <span class='ocrx_word' id='word_1_119' title='bbox 1743 205 1864 238; x_wconf 76' lang='grc' dir='ltr'>ἀληθῶς,</span> 
     </span>
    </p>
   </div>
   <div class='ocr_carea' id='block_1_22' title="bbox 1058 250 1868 289">
    <p class='ocr_par' dir='ltr' id='par_1_22' title="bbox 1058 250 1868 289">
     <span class='ocr_line' id='line_1_22' title="bbox 1058 250 1868 289; baseline -0.001 -13"><span class='ocrx_word' id='word_1_120' title='bbox 1058 252 1102 276; x_wconf 86' lang='grc' dir='ltr'>τὸν</span> <span class='ocrx_word' id='word_1_121' title='bbox 1124 253 1239 289; x_wconf 82' lang='grc' dir='ltr'>Χριστὸν</span> <span class='ocrx_word' id='word_1_122' title='bbox 1267 250 1471 283; x_wconf 74' lang='grc' dir='ltr'>καταδέξασθαι,</span> <span class='ocrx_word' id='word_1_123' title='bbox 1495 251 1525 277; x_wconf 82' lang='grc' dir='ltr'><strong>Ὀ</strong></span> <span class='ocrx_word' id='word_1_124' title='bbox 1554 251 1669 280; x_wconf 77' lang='grc' dir='ltr'>Ἀθηνῶν</span> <span class='ocrx_word' id='word_1_125' title='bbox 1701 252 1745 276; x_wconf 82' lang='grc' dir='ltr'>καὶ</span> <span class='ocrx_word' id='word_1_126' title='bbox 1779 250 1868 280; x_wconf 72' lang='grc' dir='ltr'>αὐτὸς</span> 
     </span>
    </p>
   </div>
   <div class='ocr_carea' id='block_1_23' title="bbox 1058 293 1868 334">
    <p class='ocr_par' dir='ltr' id='par_1_23' title="bbox 1058 293 1868 334">
     <span class='ocr_line' id='line_1_23' title="bbox 1058 293 1868 334; baseline -0.002 -12"><span class='ocrx_word' id='word_1_127' title='bbox 1058 300 1116 327; x_wconf 83' lang='grc' dir='ltr'>ταῖς</span> <span class='ocrx_word' id='word_1_128' title='bbox 1150 300 1266 334; x_wconf 77' lang='grc' dir='ltr'>γνώμαις</span> <span class='ocrx_word' id='word_1_129' title='bbox 1305 301 1354 323; x_wconf 79' lang='grc' dir='ltr'>τῶν</span> <span class='ocrx_word' id='word_1_130' title='bbox 1397 296 1546 333; x_wconf 72' lang='grc' dir='ltr'>ἁγιωτάτων</span> <span class='ocrx_word' id='word_1_131' title='bbox 1587 299 1760 333; x_wconf 70' lang='grc' dir='ltr'>πατριαρχῶν</span> <span class='ocrx_word' id='word_1_132' title='bbox 1805 293 1868 321; x_wconf 70' lang='grc' dir='ltr'>εἶπε</span> 
     </span>
    </p>
   </div>
   <div class='ocr_carea' id='block_1_24' title="bbox 1060 340 1868 379">
    <p class='ocr_par' dir='ltr' id='par_1_24' title="bbox 1060 340 1868 379">
     <span class='ocr_line' id='line_1_24' title="bbox 1060 340 1868 379; baseline -0.002 -13"><span class='ocrx_word' id='word_1_133' title='bbox 1060 344 1187 376; x_wconf 79' lang='grc' dir='ltr'>στοιχεῖν.</span> <span class='ocrx_word' id='word_1_134' title='bbox 1203 341 1232 368; x_wconf 81' lang='lat'>&#39;0</span> <span class='ocrx_word' id='word_1_135' title='bbox 1249 344 1388 379; x_wconf 77' lang='grc' dir='ltr'>Λαρίσσης</span> <span class='ocrx_word' id='word_1_136' title='bbox 1411 340 1465 367; x_wconf 79' lang='grc' dir='ltr'>εἶπε</span> <span class='ocrx_word' id='word_1_137' title='bbox 1487 343 1532 367; x_wconf 83' lang='grc' dir='ltr'>καὶ</span> <span class='ocrx_word' id='word_1_138' title='bbox 1558 340 1635 371; x_wconf 77' lang='grc' dir='ltr'>αὐτὸς</span> <span class='ocrx_word' id='word_1_139' title='bbox 1654 341 1762 366; x_wconf 79' lang='grc' dir='ltr'>ἕπεσθαι</span> <span class='ocrx_word' id='word_1_140' title='bbox 1791 341 1868 365; x_wconf 81' lang='grc' dir='ltr'>ταύ-</span> 
     </span>
    </p>
   </div>
   <div class='ocr_carea' id='block_1_25' title="bbox 1059 383 1865 422">
    <p class='ocr_par' dir='ltr' id='par_1_25' title="bbox 1059 383 1865 422">
     <span class='ocr_line' id='line_1_25' title="bbox 1059 383 1865 422; baseline 0 -12"><span class='ocrx_word' id='word_1_141' title='bbox 1059 395 1124 415; x_wconf 86' lang='grc' dir='ltr'>ταις-</span> <span class='ocrx_word' id='word_1_142' title='bbox 1146 385 1257 422; x_wconf 76' lang='grc' dir='ltr'>Ὁμοίως</span> <span class='ocrx_word' id='word_1_143' title='bbox 1282 387 1327 412; x_wconf 82' lang='grc' dir='ltr'>καὶ</span> <span class='ocrx_word' id='word_1_144' title='bbox 1353 387 1366 412; x_wconf 85' lang='grc' dir='ltr'><strong><em>ὁ</em></strong></span> <span class='ocrx_word' id='word_1_145' title='bbox 1391 383 1482 412; x_wconf 77' lang='grc' dir='ltr'>Ῥόδου</span> <span class='ocrx_word' id='word_1_146' title='bbox 1507 386 1616 415; x_wconf 73' lang='grc' dir='ltr'>ταύταις</span> <span class='ocrx_word' id='word_1_147' title='bbox 1641 385 1695 410; x_wconf 78' lang='grc' dir='ltr'>εἶπε</span> <span class='ocrx_word' id='word_1_148' title='bbox 1723 387 1865 420; x_wconf 82' lang='grc' dir='ltr'>στοιχεῖν.</span> 
     </span>
    </p>
   </div>
   <div class='ocr_carea' id='block_1_26' title="bbox 1060 428 1867 460">
    <p class='ocr_par' dir='ltr' id='par_1_26' title="bbox 1060 428 1867 460">
     <span class='ocr_line' id='line_1_26' title="bbox 1060 428 1867 460; baseline -0.001 -5"><span class='ocrx_word' id='word_1_149' title='bbox 1060 432 1111 456; x_wconf 81' lang='grc' dir='ltr'>Καὶ</span> <span class='ocrx_word' id='word_1_150' title='bbox 1140 431 1152 456; x_wconf 89' lang='grc' dir='ltr'><strong><em>ὁ</em></strong></span> <span class='ocrx_word' id='word_1_151' title='bbox 1184 430 1316 457; x_wconf 73' lang='grc' dir='ltr'>Φιλίππων</span> <span class='ocrx_word' id='word_1_152' title='bbox 1344 433 1389 456; x_wconf 83' lang='grc' dir='ltr'>καὶ</span> <span class='ocrx_word' id='word_1_153' title='bbox 1418 430 1498 460; x_wconf 67' lang='grc' dir='ltr'>αὐτὸς</span> <span class='ocrx_word' id='word_1_154' title='bbox 1522 428 1576 456; x_wconf 81' lang='grc' dir='ltr'>εἷπε</span> <span class='ocrx_word' id='word_1_155' title='bbox 1601 430 1710 460; x_wconf 68' lang='grc' dir='ltr'>ταύταις</span> <span class='ocrx_word' id='word_1_156' title='bbox 1735 429 1867 456; x_wconf 81' lang='grc' dir='ltr'>ἔπεσθαι.</span> 
     </span>
    </p>
   </div>
   <div class='ocr_carea' id='block_1_27' title="bbox 1059 473 1868 513">
    <p class='ocr_par' dir='ltr' id='par_1_27' title="bbox 1059 473 1868 513">
     <span class='ocr_line' id='line_1_27' title="bbox 1059 473 1868 513; baseline -0.001 -13"><span class='ocrx_word' id='word_1_157' title='bbox 1059 474 1088 500; x_wconf 90' lang='grc' dir='ltr'>Ὀ</span> <span class='ocrx_word' id='word_1_158' title='bbox 1109 473 1137 501; x_wconf 74' lang='grc' dir='ltr'>δὲ</span> <span class='ocrx_word' id='word_1_159' title='bbox 1161 478 1230 502; x_wconf 85' lang='grc' dir='ltr'>Νέων</span> <span class='ocrx_word' id='word_1_160' title='bbox 1254 479 1360 513; x_wconf 78' lang='grc' dir='ltr'>Πατρῶν</span> <span class='ocrx_word' id='word_1_161' title='bbox 1384 476 1553 512; x_wconf 82' lang='grc' dir='ltr'>προστιθέναι</span> <span class='ocrx_word' id='word_1_162' title='bbox 1578 473 1632 501; x_wconf 84' lang='grc' dir='ltr'>εἶπε</span> <span class='ocrx_word' id='word_1_163' title='bbox 1659 477 1694 509; x_wconf 84' lang='grc' dir='ltr'>τῷ</span> <span class='ocrx_word' id='word_1_164' title='bbox 1719 473 1868 508; x_wconf 77' lang='grc' dir='ltr'>τελευταίῳ</span> 
     </span>
    </p>
   </div>
   <div class='ocr_carea' id='block_1_28' title="bbox 1059 518 1870 557">
    <p class='ocr_par' dir='ltr' id='par_1_28' title="bbox 1059 518 1870 557">
     <span class='ocr_line' id='line_1_28' title="bbox 1059 518 1870 557; baseline -0.005 -10"><span class='ocrx_word' id='word_1_165' title='bbox 1059 519 1159 557; x_wconf 75' lang='grc' dir='ltr'>ῥήματι</span> <span class='ocrx_word' id='word_1_166' title='bbox 1201 524 1248 551; x_wconf 77' lang='grc' dir='ltr'>τῆς</span> <span class='ocrx_word' id='word_1_167' title='bbox 1284 523 1387 557; x_wconf 75' lang='grc' dir='ltr'>γνώμης</span> <span class='ocrx_word' id='word_1_168' title='bbox 1418 520 1498 546; x_wconf 77' lang='grc' dir='ltr'>αὑτοῦ</span> <span class='ocrx_word' id='word_1_169' title='bbox 1534 520 1610 554; x_wconf 83' lang='grc'>(39),</span> <span class='ocrx_word' id='word_1_170' title='bbox 1655 519 1741 557; x_wconf 79' lang='grc' dir='ltr'>σάρκα</span> <span class='ocrx_word' id='word_1_171' title='bbox 1771 518 1870 545; x_wconf 72' lang='grc' dir='ltr'>λαϐὼν</span> 
     </span>
    </p>
   </div>
   <div class='ocr_carea' id='block_1_29' title="bbox 1061 565 1539 598">
    <p class='ocr_par' dir='ltr' id='par_1_29' title="bbox 1061 565 1539 598">
     <span class='ocr_line' id='line_1_29' title="bbox 1061 565 1539 598; baseline 0 -8"><span class='ocrx_word' id='word_1_172' title='bbox 1061 567 1171 594; x_wconf 81' lang='grc' dir='ltr'>κτιστὴν</span> <span class='ocrx_word' id='word_1_173' title='bbox 1217 567 1262 591; x_wconf 80' lang='grc' dir='ltr'>καὶ</span> <span class='ocrx_word' id='word_1_174' title='bbox 1303 566 1439 598; x_wconf 80' lang='grc' dir='ltr'>χαθητὴν,</span> <span class='ocrx_word' id='word_1_175' title='bbox 1479 565 1539 590; x_wconf 76' lang='grc' dir='ltr'>καθ’</span> 
     </span>
    </p>
   </div>
   <div class='ocr_carea' id='block_1_30' title="bbox 1063 608 1869 645">
    <p class='ocr_par' dir='ltr' id='par_1_30' title="bbox 1063 608 1869 645">
     <span class='ocr_line' id='line_1_30' title="bbox 1063 608 1869 645; baseline -0.004 -10"><span class='ocrx_word' id='word_1_176' title='bbox 1063 611 1112 635; x_wconf 80' lang='grc' dir='ltr'>Καὶ</span> <span class='ocrx_word' id='word_1_177' title='bbox 1141 610 1153 635; x_wconf 88' lang='grc' dir='ltr'><strong><em>ὁ</em></strong></span> <span class='ocrx_word' id='word_1_178' title='bbox 1174 611 1250 636; x_wconf 81' lang='grc' dir='ltr'>Αἴνου</span> <span class='ocrx_word' id='word_1_179' title='bbox 1280 608 1310 636; x_wconf 72' lang='grc' dir='ltr'>δὲ</span> <span class='ocrx_word' id='word_1_180' title='bbox 1332 612 1377 636; x_wconf 79' lang='grc' dir='ltr'>καὶ</span> <span class='ocrx_word' id='word_1_181' title='bbox 1399 609 1477 640; x_wconf 76' lang='grc' dir='ltr'>αὐτὸς</span> <span class='ocrx_word' id='word_1_182' title='bbox 1507 610 1572 645; x_wconf 74' lang='grc' dir='ltr'>μετὰ</span> <span class='ocrx_word' id='word_1_183' title='bbox 1595 610 1624 634; x_wconf 82' lang='grc' dir='ltr'>τὸ</span> <span class='ocrx_word' id='word_1_184' title='bbox 1649 608 1674 634; x_wconf 85' lang='grc' dir='ltr'>ἐν</span> <span class='ocrx_word' id='word_1_185' title='bbox 1702 611 1734 644; x_wconf 74' lang='grc' dir='ltr'>τῇ</span> <span class='ocrx_word' id='word_1_186' title='bbox 1765 610 1869 643; x_wconf 77' lang='grc' dir='ltr'>γνώμη</span> 
     </span>
    </p>
   </div>
   <div class='ocr_carea' id='block_1_31' title="bbox 1062 654 1871 691">
    <p class='ocr_par' dir='ltr' id='par_1_31' title="bbox 1062 654 1871 691">
     <span class='ocr_line' id='line_1_31' title="bbox 1062 654 1871 691; baseline -0.002 -12"><span class='ocrx_word' id='word_1_187' title='bbox 1062 654 1142 679; x_wconf 73' lang='grc' dir='ltr'>αὑτοῦ</span> <span class='ocrx_word' id='word_1_188' title='bbox 1181 656 1358 691; x_wconf 69' lang='grc' dir='ltr'>γεγραμμένον</span> <span class='ocrx_word' id='word_1_189' title='bbox 1399 654 1475 689; x_wconf 75' lang='grc'>(40),</span> <span class='ocrx_word' id='word_1_190' title='bbox 1511 655 1558 686; x_wconf 81' lang='grc' dir='ltr'>τὸ,</span> <span class='ocrx_word' id='word_1_191' title='bbox 1597 654 1769 689; x_wconf 70' lang='grc' dir='ltr'>πιστούμενος</span> <span class='ocrx_word' id='word_1_192' title='bbox 1814 654 1871 681; x_wconf 79' lang='grc' dir='ltr'>τὴν</span> 
     </span>
    </p>
   </div>
   <div class='ocr_carea' id='block_1_32' title="bbox 1274 696 1873 735">
    <p class='ocr_par' dir='ltr' id='par_1_32' title="bbox 1274 696 1873 735">
     <span class='ocr_line' id='line_1_32' title="bbox 1274 696 1873 735; baseline -0.003 -11"><span class='ocrx_word' id='word_1_193' title='bbox 1274 701 1318 724; x_wconf 84' lang='grc' dir='ltr'>καὶ</span> <span class='ocrx_word' id='word_1_194' title='bbox 1350 700 1400 735; x_wconf 80' lang='grc' dir='ltr'>πρὸ</span> <span class='ocrx_word' id='word_1_195' title='bbox 1431 701 1486 726; x_wconf 84' lang='grc' dir='ltr'>τοῦ.</span> <span class='ocrx_word' id='word_1_196' title='bbox 1527 699 1601 733; x_wconf 72' lang='grc' dir='ltr'>Λέγω</span> <span class='ocrx_word' id='word_1_197' title='bbox 1635 696 1665 724; x_wconf 72' lang='grc' dir='ltr'><strong>δί</strong></span> <span class='ocrx_word' id='word_1_198' title='bbox 1690 701 1763 723; x_wconf 83' lang='grc' dir='ltr'>τοῦτο</span> <span class='ocrx_word' id='word_1_199' title='bbox 1795 698 1873 733; x_wconf 76' lang='grc' dir='ltr'>μετὰ</span> 
     </span>
    </p>
   </div>
   <div class='ocr_carea' id='block_1_33' title="bbox 1062 742 1872 779">
    <p class='ocr_par' dir='ltr' id='par_1_33' title="bbox 1062 742 1872 779">
     <span class='ocr_line' id='line_1_33' title="bbox 1062 742 1872 779; baseline -0.002 -11"><span class='ocrx_word' id='word_1_200' title='bbox 1062 745 1107 768; x_wconf 77' lang='grc' dir='ltr'>καὶ</span> <span class='ocrx_word' id='word_1_201' title='bbox 1135 747 1185 768; x_wconf 79' lang='grc' dir='ltr'>τῶν</span> <span class='ocrx_word' id='word_1_202' title='bbox 1218 742 1300 769; x_wconf 79' lang='grc' dir='ltr'>ἄλλων</span> <span class='ocrx_word' id='word_1_203' title='bbox 1328 743 1361 768; x_wconf 83' lang='grc' dir='ltr'>ὧν</span> <span class='ocrx_word' id='word_1_204' title='bbox 1395 743 1419 769; x_wconf 84' lang='grc' dir='ltr'>οἱ</span> <span class='ocrx_word' id='word_1_205' title='bbox 1447 742 1518 778; x_wconf 80' lang='grc' dir='ltr'>ἅγιοι</span> <span class='ocrx_word' id='word_1_206' title='bbox 1546 742 1662 778; x_wconf 70' lang='grc' dir='ltr'>λέγουσι,</span> <span class='ocrx_word' id='word_1_207' title='bbox 1691 742 1872 779; x_wconf 78' lang='grc' dir='ltr'>προστιθέναι</span> 
     </span>
    </p>
   </div>
   <div class='ocr_carea' id='block_1_34' title="bbox 1063 785 1872 824">
    <p class='ocr_par' dir='ltr' id='par_1_34' title="bbox 1063 785 1872 824">
     <span class='ocr_line' id='line_1_34' title="bbox 1063 785 1872 824; baseline -0.002 -11"><span class='ocrx_word' id='word_1_208' title='bbox 1063 786 1117 813; x_wconf 76' lang='grc' dir='ltr'>εἶπε</span> <span class='ocrx_word' id='word_1_209' title='bbox 1149 792 1180 824; x_wconf 84' lang='grc' dir='ltr'>τῇ</span> <span class='ocrx_word' id='word_1_210' title='bbox 1215 791 1304 824; x_wconf 77' lang='grc' dir='ltr'>γνώμῃ</span> <span class='ocrx_word' id='word_1_211' title='bbox 1334 787 1414 814; x_wconf 73' lang='grc' dir='ltr'>αὐτοῦ</span> <span class='ocrx_word' id='word_1_212' title='bbox 1447 797 1489 822; x_wconf 85' lang='grc' dir='ltr'>το,</span> <span class='ocrx_word' id='word_1_213' title='bbox 1521 788 1553 818; x_wconf 82' lang='grc' dir='ltr'>ὡς</span> <span class='ocrx_word' id='word_1_214' title='bbox 1586 789 1630 813; x_wconf 71' lang='grc' dir='ltr'>καὶ</span> <span class='ocrx_word' id='word_1_215' title='bbox 1658 787 1744 823; x_wconf 83' lang='grc' dir='ltr'>σάρκα</span> <span class='ocrx_word' id='word_1_216' title='bbox 1776 785 1872 812; x_wconf 74' lang='grc' dir='ltr'>λαϐὼν</span> 
     </span>
    </p>
   </div>
   <div class='ocr_carea' id='block_1_35' title="bbox 1577 564 1864 592">
    <p class='ocr_par' dir='ltr' id='par_1_35' title="bbox 1577 564 1864 592">
     <span class='ocr_line' id='line_1_35' title="bbox 1577 564 1864 592; baseline 0 -3"><span class='ocrx_word' id='word_1_217' title='bbox 1577 564 1607 592; x_wconf 84' lang='grc' dir='ltr'>ἢν</span> <span class='ocrx_word' id='word_1_218' title='bbox 1647 566 1693 589; x_wconf 82' lang='grc' dir='ltr'>καὶ</span> <span class='ocrx_word' id='word_1_219' title='bbox 1730 564 1849 589; x_wconf 75' lang='grc' dir='ltr'>πέπονθε</span> <span class='ocrx_word' id='word_1_220' title='bbox 1857 583 1864 589; x_wconf 93' lang='grc'>.</span> 
     </span>
    </p>
   </div>
   <div class='ocr_carea' id='block_1_36' title="bbox 1061 698 1240 734">
    <p class='ocr_par' dir='ltr' id='par_1_36' title="bbox 1061 698 1240 734">
     <span class='ocr_line' id='line_1_36' title="bbox 1061 698 1240 734; baseline 0.006 -11"><span class='ocrx_word' id='word_1_221' title='bbox 1061 698 1208 734; x_wconf 77' lang='grc' dir='ltr'>οἰκονομίαν</span> <span class='ocrx_word' id='word_1_222' title='bbox 1233 706 1240 714; x_wconf 86' lang='grc'><em>’</em></span> 
     </span>
    </p>
   </div>
   <div class='ocr_carea' id='block_1_37' title="bbox 185 829 1008 870">
    <p class='ocr_par' dir='ltr' id='par_1_37' title="bbox 185 831 1008 870">
     <span class='ocr_line' id='line_1_37' title="bbox 185 831 1008 870; baseline -0.005 -9"><span class='ocrx_word' id='word_1_223' title='bbox 185 841 250 869; x_wconf 78' lang='lat' dir='ltr'>sua,</span> <span class='ocrx_word' id='word_1_224' title='bbox 266 836 356 869; x_wconf 85' lang='lat' dir='ltr'>atque</span> <span class='ocrx_word' id='word_1_225' title='bbox 379 834 418 861; x_wconf 90' lang='lat' dir='ltr'>ad</span> <span class='ocrx_word' id='word_1_226' title='bbox 433 834 498 861; x_wconf 90' lang='lat' dir='ltr'>illas</span> <span class='ocrx_word' id='word_1_227' title='bbox 517 833 757 870; x_wconf 80' lang='lat' dir='ltr'>patriarcharum</span> <span class='ocrx_word' id='word_1_228' title='bbox 781 831 934 860; x_wconf 77' lang='lat' dir='ltr'>accedere.</span> <span class='ocrx_word' id='word_1_229' title='bbox 953 831 1008 858; x_wconf 87' lang='lat' dir='ltr'>Ma-</span> 
     </span>
    </p>
   </div>
   <div class='ocr_carea' id='block_1_38' title="bbox 1062 829 1871 870">
    <p class='ocr_par' dir='ltr' id='par_1_38' title="bbox 1065 829 1871 867">
     <span class='ocr_line' id='line_1_38' title="bbox 1065 829 1871 867; baseline -0.002 -9"><span class='ocrx_word' id='word_1_230' title='bbox 1065 833 1158 861; x_wconf 78' lang='grc' dir='ltr'>θνητὴν</span> <span class='ocrx_word' id='word_1_231' title='bbox 1187 835 1231 859; x_wconf 76' lang='grc' dir='ltr'>καὶ</span> <span class='ocrx_word' id='word_1_232' title='bbox 1266 833 1397 867; x_wconf 79' lang='grc' dir='ltr'>παθητὴν,</span> <span class='ocrx_word' id='word_1_233' title='bbox 1427 833 1491 859; x_wconf 69' lang='grc' dir='ltr'>Μεθ’</span> <span class='ocrx_word' id='word_1_234' title='bbox 1530 832 1560 861; x_wconf 84' lang='grc' dir='ltr'>ἣν</span> <span class='ocrx_word' id='word_1_235' title='bbox 1594 829 1664 861; x_wconf 74' lang='grc' dir='ltr'>δῆτα</span> <span class='ocrx_word' id='word_1_236' title='bbox 1692 833 1736 857; x_wconf 76' lang='grc' dir='ltr'>καὶ</span> <span class='ocrx_word' id='word_1_237' title='bbox 1763 833 1871 857; x_wconf 81' lang='grc' dir='ltr'>πέπον-</span> 
     </span>
    </p>
   </div>
   <div class='ocr_carea' id='block_1_39' title="bbox 185 877 1010 914">
    <p class='ocr_par' dir='ltr' id='par_1_39' title="bbox 185 877 1010 914">
     <span class='ocr_line' id='line_1_39' title="bbox 185 877 1010 914; baseline -0.004 -9"><span class='ocrx_word' id='word_1_238' title='bbox 185 885 262 912; x_wconf 78' lang='lat' dir='ltr'>gnus</span> <span class='ocrx_word' id='word_1_239' title='bbox 277 878 479 914; x_wconf 83' lang='lat' dir='ltr'>scevophylax</span> <span class='ocrx_word' id='word_1_240' title='bbox 490 877 691 913; x_wconf 81' lang='lat' dir='ltr'>interrogatus</span> <span class='ocrx_word' id='word_1_241' title='bbox 705 880 733 905; x_wconf 93' lang='lat' dir='ltr'>et</span> <span class='ocrx_word' id='word_1_242' title='bbox 745 877 821 913; x_wconf 86' lang='lat' dir='ltr'>ipse,</span> <span class='ocrx_word' id='word_1_243' title='bbox 831 878 930 903; x_wconf 90' lang='lat' dir='ltr'>utrum</span> <span class='ocrx_word' id='word_1_244' title='bbox 941 881 1010 902; x_wconf 79' lang='lat' dir='ltr'>san-</span> 
     </span>
    </p>
   </div>
   <div class='ocr_carea' id='block_1_40' title="bbox 184 920 1009 958">
    <p class='ocr_par' dir='ltr' id='par_1_40' title="bbox 184 920 1009 958">
     <span class='ocr_line' id='line_1_40' title="bbox 184 920 1009 958; baseline -0.004 -9"><span class='ocrx_word' id='word_1_245' title='bbox 184 921 386 949; x_wconf 86' lang='lat' dir='ltr'>ctissimorum</span> <span class='ocrx_word' id='word_1_246' title='bbox 395 922 633 958; x_wconf 82' lang='lat' dir='ltr'>patriarcharum</span> <span class='ocrx_word' id='word_1_247' title='bbox 645 921 797 949; x_wconf 87' lang='lat' dir='ltr'>sentenliis</span> <span class='ocrx_word' id='word_1_248' title='bbox 807 920 1009 953; x_wconf 84' lang='lat' dir='ltr'>assentiretur,</span> 
     </span>
    </p>
   </div>
   <div class='ocr_carea' id='block_1_41' title="bbox 186 964 1008 1002">
    <p class='ocr_par' dir='ltr' id='par_1_41' title="bbox 186 964 1008 1002">
     <span class='ocr_line' id='line_1_41' title="bbox 186 964 1008 1002; baseline -0.004 -9"><span class='ocrx_word' id='word_1_249' title='bbox 186 966 227 993; x_wconf 83' lang='lat' dir='ltr'>ait</span> <span class='ocrx_word' id='word_1_250' title='bbox 250 973 283 994; x_wconf 90' lang='lat' dir='ltr'>se</span> <span class='ocrx_word' id='word_1_251' title='bbox 300 966 338 993; x_wconf 86' lang='lat' dir='ltr'>ad</span> <span class='ocrx_word' id='word_1_252' title='bbox 364 970 547 1002; x_wconf 82' lang='lat' dir='ltr'>postremam</span> <span class='ocrx_word' id='word_1_253' title='bbox 577 966 731 994; x_wconf 61' lang='lat' dir='ltr'>sententiae</span> <span class='ocrx_word' id='word_1_254' title='bbox 760 973 821 993; x_wconf 58' lang='lat' dir='ltr'>suae</span> <span class='ocrx_word' id='word_1_255' title='bbox 836 964 1008 997; x_wconf 86' lang='lat' dir='ltr'>dictionem,</span> 
     </span>
    </p>
   </div>
   <div class='ocr_carea' id='block_1_42' title="bbox 185 1008 1009 1046">
    <p class='ocr_par' dir='ltr' id='par_1_42' title="bbox 185 1008 1009 1046">
     <span class='ocr_line' id='line_1_42' title="bbox 185 1008 1009 1046; baseline -0.004 -8"><span class='ocrx_word' id='word_1_256' title='bbox 185 1013 332 1046; x_wconf 76' lang='lat' dir='ltr'>quatenus</span> <span class='ocrx_word' id='word_1_257' title='bbox 348 1011 410 1045; x_wconf 83' lang='lat' dir='ltr'>ipse</span> <span class='ocrx_word' id='word_1_258' title='bbox 431 1011 510 1039; x_wconf 87' lang='lat' dir='ltr'>servi</span> <span class='ocrx_word' id='word_1_259' title='bbox 528 1012 660 1045; x_wconf 79' lang='lat' dir='ltr'>formam</span> <span class='ocrx_word' id='word_1_260' title='bbox 688 1012 852 1045; x_wconf 77' lang='lat' dir='ltr'>acceperat,</span> <span class='ocrx_word' id='word_1_261' title='bbox 881 1008 1009 1044; x_wconf 73' lang='lat' dir='ltr'>adjicere</span> 
     </span>
    </p>
   </div>
   <div class='ocr_carea' id='block_1_43' title="bbox 183 1054 1009 1091">
    <p class='ocr_par' dir='ltr' id='par_1_43' title="bbox 183 1054 1009 1091">
     <span class='ocr_line' id='line_1_43' title="bbox 183 1054 1009 1091; baseline -0.002 -9"><span class='ocrx_word' id='word_1_262' title='bbox 183 1054 279 1082; x_wconf 72' lang='lat' dir='ltr'>verba</span> <span class='ocrx_word' id='word_1_263' title='bbox 291 1062 468 1091; x_wconf 82' lang='lat' dir='ltr'>carnemque</span> <span class='ocrx_word' id='word_1_264' title='bbox 477 1055 620 1084; x_wconf 75' lang='lat' dir='ltr'>visibilem</span> <span class='ocrx_word' id='word_1_265' title='bbox 631 1055 868 1083; x_wconf 80' lang='lat' dir='ltr'>contrectabilem</span> <span class='ocrx_word' id='word_1_266' title='bbox 878 1055 1009 1081; x_wconf 81' lang='lat' dir='ltr'>creatam</span> 
     </span>
    </p>
   </div>
   <div class='ocr_carea' id='block_1_44' title="bbox 185 1098 1010 1134">
    <p class='ocr_par' dir='ltr' id='par_1_44' title="bbox 185 1098 1010 1134">
     <span class='ocr_line' id='line_1_44' title="bbox 185 1098 1010 1134; baseline -0.002 -8"><span class='ocrx_word' id='word_1_267' title='bbox 185 1099 440 1134; x_wconf 76' lang='lat' dir='ltr'>circumscriptam</span> <span class='ocrx_word' id='word_1_268' title='bbox 453 1102 481 1128; x_wconf 86' lang='lat' dir='ltr'>et</span> <span class='ocrx_word' id='word_1_269' title='bbox 494 1100 665 1134; x_wconf 77' lang='lat' dir='ltr'>passibilem</span> <span class='ocrx_word' id='word_1_270' title='bbox 680 1098 936 1133; x_wconf 78' lang='lat' dir='ltr'>assumpseral,in</span> <span class='ocrx_word' id='word_1_271' title='bbox 950 1103 1010 1132; x_wconf 87' lang='lat' dir='ltr'>qua</span> 
     </span>
    </p>
   </div>
   <div class='ocr_carea' id='block_1_45' title="bbox 185 1142 1010 1180">
    <p class='ocr_par' dir='ltr' id='par_1_45' title="bbox 185 1142 1010 1180">
     <span class='ocr_line' id='line_1_45' title="bbox 185 1142 1010 1180; baseline -0.004 -9"><span class='ocrx_word' id='word_1_272' title='bbox 185 1151 290 1178; x_wconf 83' lang='lat' dir='ltr'>reapse</span> <span class='ocrx_word' id='word_1_273' title='bbox 299 1147 327 1171; x_wconf 83' lang='lat' dir='ltr'>et</span> <span class='ocrx_word' id='word_1_274' title='bbox 337 1151 446 1178; x_wconf 76' lang='lat' dir='ltr'>passus</span> <span class='ocrx_word' id='word_1_275' title='bbox 459 1144 714 1180; x_wconf 84' lang='lat' dir='ltr'>est.Subdiditque</span> <span class='ocrx_word' id='word_1_276' title='bbox 728 1151 760 1170; x_wconf 88' lang='lat' dir='ltr'>se</span> <span class='ocrx_word' id='word_1_277' title='bbox 768 1142 1010 1179; x_wconf 85' lang='lat' dir='ltr'>patriarcharum</span> 
     </span>
    </p>
   </div>
   <div class='ocr_carea' id='block_1_46' title="bbox 185 1187 1009 1224">
    <p class='ocr_par' dir='ltr' id='par_1_46' title="bbox 185 1187 1009 1224">
     <span class='ocr_line' id='line_1_46' title="bbox 185 1187 1009 1224; baseline -0.004 -8"><span class='ocrx_word' id='word_1_278' title='bbox 185 1195 308 1224; x_wconf 85' lang='lat' dir='ltr'>quoque</span> <span class='ocrx_word' id='word_1_279' title='bbox 333 1189 487 1217; x_wconf 85' lang='lat' dir='ltr'>sententiis</span> <span class='ocrx_word' id='word_1_280' title='bbox 516 1189 678 1216; x_wconf 77' lang='lat' dir='ltr'>adhaerere.</span> <span class='ocrx_word' id='word_1_281' title='bbox 712 1187 933 1222; x_wconf 82' lang='lat' dir='ltr'>Magnus-item</span> <span class='ocrx_word' id='word_1_282' title='bbox 959 1194 1009 1214; x_wconf 88' lang='lat' dir='ltr'>sa-</span> 
     </span>
    </p>
   </div>
   <div class='ocr_carea' id='block_1_47' title="bbox 186 1231 1009 1269">
    <p class='ocr_par' dir='ltr' id='par_1_47' title="bbox 186 1231 1009 1269">
     <span class='ocr_line' id='line_1_47' title="bbox 186 1231 1009 1269; baseline -0.002 -9"><span class='ocrx_word' id='word_1_283' title='bbox 186 1232 322 1260; x_wconf 85' lang='lat' dir='ltr'>cellarius</span> <span class='ocrx_word' id='word_1_284' title='bbox 353 1233 394 1261; x_wconf 86' lang='lat' dir='ltr'>ait</span> <span class='ocrx_word' id='word_1_285' title='bbox 419 1234 502 1269; x_wconf 85' lang='lat' dir='ltr'>sequi</span> <span class='ocrx_word' id='word_1_286' title='bbox 527 1241 557 1261; x_wconf 93' lang='lat' dir='ltr'>se</span> <span class='ocrx_word' id='word_1_287' title='bbox 592 1232 851 1260; x_wconf 88' lang='lat' dir='ltr'>sanctissimorum</span> <span class='ocrx_word' id='word_1_288' title='bbox 883 1231 1009 1267; x_wconf 86' lang='lat' dir='ltr'>patriar-</span> 
     </span>
    </p>
   </div>
   <div class='ocr_carea' id='block_1_48' title="bbox 184 1275 1008 1312">
    <p class='ocr_par' dir='ltr' id='par_1_48' title="bbox 184 1275 1008 1312">
     <span class='ocr_line' id='line_1_48' title="bbox 184 1275 1008 1312; baseline -0.002 -8"><span class='ocrx_word' id='word_1_289' title='bbox 184 1276 311 1304; x_wconf 85' lang='lat' dir='ltr'>charum</span> <span class='ocrx_word' id='word_1_290' title='bbox 321 1278 492 1305; x_wconf 83' lang='lat' dir='ltr'>sententias.</span> <span class='ocrx_word' id='word_1_291' title='bbox 509 1278 688 1306; x_wconf 86' lang='lat' dir='ltr'>Canstrisius</span> <span class='ocrx_word' id='word_1_292' title='bbox 707 1277 780 1305; x_wconf 84' lang='lat' dir='ltr'>dixit</span> <span class='ocrx_word' id='word_1_293' title='bbox 791 1285 823 1304; x_wconf 87' lang='lat' dir='ltr'>se</span> <span class='ocrx_word' id='word_1_294' title='bbox 839 1275 946 1312; x_wconf 83' lang='lat' dir='ltr'>pariter</span> <span class='ocrx_word' id='word_1_295' title='bbox 956 1283 1008 1311; x_wconf 89' lang='lat' dir='ltr'>pa-</span> 
     </span>
    </p>
   </div>
   <div class='ocr_carea' id='block_1_49' title="bbox 185 1320 1009 1358">
    <p class='ocr_par' dir='ltr' id='par_1_49' title="bbox 185 1320 1009 1358">
     <span class='ocr_line' id='line_1_49' title="bbox 185 1320 1009 1358; baseline -0.002 -9"><span class='ocrx_word' id='word_1_296' title='bbox 185 1322 381 1349; x_wconf 85' lang='lat' dir='ltr'>triarcharum</span> <span class='ocrx_word' id='word_1_297' title='bbox 405 1322 523 1357; x_wconf 64' lang='lat' dir='ltr'>iudiciis</span> <span class='ocrx_word' id='word_1_298' title='bbox 545 1322 745 1358; x_wconf 85' lang='lat' dir='ltr'>acquiescere.</span> <span class='ocrx_word' id='word_1_299' title='bbox 767 1322 901 1356; x_wconf 87' lang='lat' dir='ltr'>Denique</span> <span class='ocrx_word' id='word_1_300' title='bbox 918 1320 1009 1348; x_wconf 85' lang='lat' dir='ltr'>etiam</span> 
     </span>
    </p>
   </div>
   <div class='ocr_carea' id='block_1_50' title="bbox 186 1364 1007 1402">
    <p class='ocr_par' dir='ltr' id='par_1_50' title="bbox 186 1364 1007 1402">
     <span class='ocr_line' id='line_1_50' title="bbox 186 1364 1007 1402; baseline -0.002 -9"><span class='ocrx_word' id='word_1_301' title='bbox 186 1366 330 1401; x_wconf 81' lang='lat' dir='ltr'>magister</span> <span class='ocrx_word' id='word_1_302' title='bbox 342 1367 495 1394; x_wconf 90' lang='lat' dir='ltr'>rhetorum</span> <span class='ocrx_word' id='word_1_303' title='bbox 509 1375 578 1394; x_wconf 90' lang='lat' dir='ltr'>cum</span> <span class='ocrx_word' id='word_1_304' title='bbox 598 1367 704 1394; x_wconf 85' lang='lat' dir='ltr'>iisdem</span> <span class='ocrx_word' id='word_1_305' title='bbox 720 1366 892 1402; x_wconf 82' lang='lat' dir='ltr'>conspirare</span> <span class='ocrx_word' id='word_1_306' title='bbox 912 1373 942 1392; x_wconf 89' lang='lat' dir='ltr'>se</span> <span class='ocrx_word' id='word_1_307' title='bbox 957 1364 1007 1392; x_wconf 85' lang='lat' dir='ltr'>ait.</span> 
     </span>
    </p>
   </div>
   <div class='ocr_carea' id='block_1_51' title="bbox 187 1409 1008 1445">
    <p class='ocr_par' dir='ltr' id='par_1_51' title="bbox 187 1409 1008 1445">
     <span class='ocr_line' id='line_1_51' title="bbox 187 1409 1008 1445; baseline -0.002 -8"><span class='ocrx_word' id='word_1_308' title='bbox 187 1410 259 1438; x_wconf 87' lang='lat' dir='ltr'>Cum</span> <span class='ocrx_word' id='word_1_309' title='bbox 284 1417 356 1445; x_wconf 80' lang='lat' dir='ltr'>ergo</span> <span class='ocrx_word' id='word_1_310' title='bbox 379 1418 484 1438; x_wconf 84' lang='lat' dir='ltr'>omnes</span> <span class='ocrx_word' id='word_1_311' title='bbox 512 1411 744 1444; x_wconf 83' lang='lat' dir='ltr'>consensissent,</span> <span class='ocrx_word' id='word_1_312' title='bbox 772 1418 827 1438; x_wconf 91' lang='lat' dir='ltr'>nec</span> <span class='ocrx_word' id='word_1_313' title='bbox 846 1409 1008 1445; x_wconf 80' lang='lat' dir='ltr'>quisquam</span> 
     </span>
    </p>
   </div>
   <div class='ocr_carea' id='block_1_52' title="bbox 186 1453 1008 1492">
    <p class='ocr_par' dir='ltr' id='par_1_52' title="bbox 186 1453 1008 1492">
     <span class='ocr_line' id='line_1_52' title="bbox 186 1453 1008 1492; baseline -0.002 -10"><span class='ocrx_word' id='word_1_314' title='bbox 186 1454 347 1490; x_wconf 84' lang='lat' dir='ltr'>ambiguus</span> <span class='ocrx_word' id='word_1_315' title='bbox 372 1455 438 1490; x_wconf 89' lang='lat' dir='ltr'>jam</span> <span class='ocrx_word' id='word_1_316' title='bbox 471 1459 649 1492; x_wconf 85' lang='lat' dir='ltr'>superesset,</span> <span class='ocrx_word' id='word_1_317' title='bbox 680 1455 757 1483; x_wconf 86' lang='lat' dir='ltr'>facta</span> <span class='ocrx_word' id='word_1_318' title='bbox 784 1457 830 1482; x_wconf 83' lang='lat' dir='ltr'>est</span> <span class='ocrx_word' id='word_1_319' title='bbox 853 1462 871 1482; x_wconf 80' lang='grc' dir='ltr'>ο,</span> <span class='ocrx_word' id='word_1_320' title='bbox 893 1453 1008 1481; x_wconf 83' lang='lat' dir='ltr'>cunctis</span> 
     </span>
    </p>
   </div>
   <div class='ocr_carea' id='block_1_53' title="bbox 1065 875 1870 914">
    <p class='ocr_par' dir='ltr' id='par_1_53' title="bbox 1065 875 1870 914">
     <span class='ocr_line' id='line_1_53' title="bbox 1065 875 1870 914; baseline 0 -13"><span class='ocrx_word' id='word_1_321' title='bbox 1065 877 1114 902; x_wconf 84' lang='grc' dir='ltr'>θεν.</span> <span class='ocrx_word' id='word_1_322' title='bbox 1143 877 1173 903; x_wconf 73' lang='lat'>&#39;0</span> <span class='ocrx_word' id='word_1_323' title='bbox 1199 875 1230 903; x_wconf 77' lang='grc' dir='ltr'>δέ</span> <span class='ocrx_word' id='word_1_324' title='bbox 1252 887 1282 913; x_wconf 81' lang='grc' dir='ltr'>γε</span> <span class='ocrx_word' id='word_1_325' title='bbox 1312 879 1446 914; x_wconf 78' lang='grc' dir='ltr'>Κερκύρων</span> <span class='ocrx_word' id='word_1_326' title='bbox 1475 876 1542 903; x_wconf 83' lang='grc' dir='ltr'>εἶπεν</span> <span class='ocrx_word' id='word_1_327' title='bbox 1568 875 1728 912; x_wconf 68' lang='grc' dir='ltr'>ἀφίστασθαι</span> <span class='ocrx_word' id='word_1_328' title='bbox 1748 875 1870 901; x_wconf 75' lang='grc' dir='ltr'>καθόλου</span> 
     </span>
    </p>
   </div>
   <div class='ocr_carea' id='block_1_54' title="bbox 1062 918 1872 959">
    <p class='ocr_par' dir='ltr' id='par_1_54' title="bbox 1062 918 1872 959">
     <span class='ocr_line' id='line_1_54' title="bbox 1062 918 1872 959; baseline -0.002 -12"><span class='ocrx_word' id='word_1_329' title='bbox 1062 925 1112 947; x_wconf 89' lang='grc' dir='ltr'>τῶν</span> <span class='ocrx_word' id='word_1_330' title='bbox 1138 922 1200 959; x_wconf 83' lang='grc' dir='ltr'>παρ’</span> <span class='ocrx_word' id='word_1_331' title='bbox 1224 922 1305 948; x_wconf 64' lang='grc' dir='ltr'>αὐτοῦ</span> <span class='ocrx_word' id='word_1_332' title='bbox 1332 922 1564 958; x_wconf 75' lang='grc' dir='ltr'>γνωματενθέντων</span> <span class='ocrx_word' id='word_1_333' title='bbox 1582 928 1589 934; x_wconf 92' lang='grc'><strong>·</strong></span> <span class='ocrx_word' id='word_1_334' title='bbox 1616 921 1724 947; x_wconf 81' lang='grc' dir='ltr'>ἔπεσθαι</span> <span class='ocrx_word' id='word_1_335' title='bbox 1752 918 1783 946; x_wconf 64' lang='grc' dir='ltr'>δὲ</span> <span class='ocrx_word' id='word_1_336' title='bbox 1805 924 1872 950; x_wconf 80' lang='grc' dir='ltr'>ταῖς</span> 
     </span>
    </p>
   </div>
   <div class='ocr_carea' id='block_1_55' title="bbox 1063 964 1869 1004">
    <p class='ocr_par' dir='ltr' id='par_1_55' title="bbox 1063 964 1869 1004">
     <span class='ocr_line' id='line_1_55' title="bbox 1063 964 1869 1004; baseline -0.002 -12"><span class='ocrx_word' id='word_1_337' title='bbox 1063 969 1177 1002; x_wconf 81' lang='grc' dir='ltr'>γνώμαις</span> <span class='ocrx_word' id='word_1_338' title='bbox 1206 970 1256 992; x_wconf 82' lang='grc' dir='ltr'>τῶν</span> <span class='ocrx_word' id='word_1_339' title='bbox 1288 970 1471 1004; x_wconf 82' lang='grc' dir='ltr'>πατριαρχῶν.</span> <span class='ocrx_word' id='word_1_340' title='bbox 1506 970 1535 992; x_wconf 89' lang='grc' dir='ltr'>Ὀ</span> <span class='ocrx_word' id='word_1_341' title='bbox 1576 965 1655 1002; x_wconf 76' lang='grc' dir='ltr'>μέγας</span> <span class='ocrx_word' id='word_1_342' title='bbox 1690 964 1869 1000; x_wconf 77' lang='grc' dir='ltr'>σκευοφύλαξ,</span> 
     </span>
    </p>
   </div>
   <div class='ocr_carea' id='block_1_56' title="bbox 1064 1008 1870 1046">
    <p class='ocr_par' dir='ltr' id='par_1_56' title="bbox 1064 1008 1870 1046">
     <span class='ocr_line' id='line_1_56' title="bbox 1064 1008 1870 1046; baseline -0.001 -11"><span class='ocrx_word' id='word_1_343' title='bbox 1064 1008 1201 1046; x_wconf 70' lang='grc' dir='ltr'>ἐρωτηθεὶς</span> <span class='ocrx_word' id='word_1_344' title='bbox 1225 1013 1271 1037; x_wconf 77' lang='grc' dir='ltr'>καὶ</span> <span class='ocrx_word' id='word_1_345' title='bbox 1295 1011 1374 1040; x_wconf 72' lang='grc' dir='ltr'>αὐτὸς</span> <span class='ocrx_word' id='word_1_346' title='bbox 1399 1010 1421 1037; x_wconf 83' lang='grc' dir='ltr'>εἰ</span> <span class='ocrx_word' id='word_1_347' title='bbox 1442 1014 1500 1041; x_wconf 83' lang='grc' dir='ltr'>ταῖς</span> <span class='ocrx_word' id='word_1_348' title='bbox 1526 1013 1643 1046; x_wconf 79' lang='grc' dir='ltr'>γνώμαις</span> <span class='ocrx_word' id='word_1_349' title='bbox 1669 1013 1719 1035; x_wconf 84' lang='grc' dir='ltr'>τῶν</span> <span class='ocrx_word' id='word_1_350' title='bbox 1743 1009 1870 1045; x_wconf 75' lang='grc' dir='ltr'>ἁγιωτά-</span> 
     </span>
    </p>
   </div>
   <div class='ocr_carea' id='block_1_57' title="bbox 1063 1054 1870 1093">
    <p class='ocr_par' dir='ltr' id='par_1_57' title="bbox 1063 1054 1870 1093">
     <span class='ocr_line' id='line_1_57' title="bbox 1063 1054 1870 1093; baseline -0.001 -13"><span class='ocrx_word' id='word_1_351' title='bbox 1063 1064 1113 1080; x_wconf 85' lang='grc' dir='ltr'>των</span> <span class='ocrx_word' id='word_1_352' title='bbox 1138 1059 1311 1093; x_wconf 83' lang='grc' dir='ltr'>πατριαρχῶν</span> <span class='ocrx_word' id='word_1_353' title='bbox 1338 1056 1435 1090; x_wconf 72' lang='grc' dir='ltr'>ἕπεται,</span> <span class='ocrx_word' id='word_1_354' title='bbox 1467 1054 1521 1081; x_wconf 83' lang='grc' dir='ltr'>εἶπε</span> <span class='ocrx_word' id='word_1_355' title='bbox 1551 1055 1718 1091; x_wconf 80' lang='grc' dir='ltr'>προστιθέναι</span> <span class='ocrx_word' id='word_1_356' title='bbox 1747 1055 1793 1090; x_wconf 72' lang='grc' dir='ltr'>μὲν</span> <span class='ocrx_word' id='word_1_357' title='bbox 1818 1055 1870 1080; x_wconf 81' lang='grc' dir='ltr'>καὶ</span> 
     </span>
    </p>
   </div>
   <div class='ocr_carea' id='block_1_58' title="bbox 1063 1098 1868 1137">
    <p class='ocr_par' dir='ltr' id='par_1_58' title="bbox 1063 1098 1868 1137">
     <span class='ocr_line' id='line_1_58' title="bbox 1063 1098 1868 1137; baseline -0.002 -11"><span class='ocrx_word' id='word_1_358' title='bbox 1063 1103 1100 1135; x_wconf 83' lang='grc' dir='ltr'>τῷ</span> <span class='ocrx_word' id='word_1_359' title='bbox 1115 1099 1251 1126; x_wconf 77' lang='grc' dir='ltr'>τελευταίὼ</span> <span class='ocrx_word' id='word_1_360' title='bbox 1276 1101 1376 1137; x_wconf 75' lang='grc' dir='ltr'>ῥήματι</span> <span class='ocrx_word' id='word_1_361' title='bbox 1408 1103 1455 1130; x_wconf 74' lang='grc' dir='ltr'>τῆς</span> <span class='ocrx_word' id='word_1_362' title='bbox 1478 1103 1585 1136; x_wconf 83' lang='grc' dir='ltr'>γνώμης</span> <span class='ocrx_word' id='word_1_363' title='bbox 1606 1099 1686 1125; x_wconf 76' lang='grc' dir='ltr'>αὑτοῦ</span> <span class='ocrx_word' id='word_1_364' title='bbox 1715 1098 1771 1134; x_wconf 74' lang='grc' dir='ltr'>(Η)</span> <span class='ocrx_word' id='word_1_365' title='bbox 1798 1107 1868 1135; x_wconf 84' lang='grc' dir='ltr'>μορ-</span> 
     </span>
    </p>
   </div>
   <div class='ocr_carea' id='block_1_59' title="bbox 1064 1143 1871 1181">
    <p class='ocr_par' dir='ltr' id='par_1_59' title="bbox 1064 1143 1871 1181">
     <span class='ocr_line' id='line_1_59' title="bbox 1064 1143 1871 1181; baseline -0.002 -11"><span class='ocrx_word' id='word_1_366' title='bbox 1064 1146 1114 1179; x_wconf 76' lang='grc' dir='ltr'>φὴν</span> <span class='ocrx_word' id='word_1_367' title='bbox 1158 1143 1252 1171; x_wconf 76' lang='grc' dir='ltr'>δούλου</span> <span class='ocrx_word' id='word_1_368' title='bbox 1289 1144 1384 1178; x_wconf 82' lang='grc' dir='ltr'>λαϐὼν,</span> <span class='ocrx_word' id='word_1_369' title='bbox 1415 1145 1454 1177; x_wconf 83' lang='grc' dir='ltr'>τό,</span> <span class='ocrx_word' id='word_1_370' title='bbox 1486 1147 1531 1170; x_wconf 77' lang='grc' dir='ltr'>καὶ</span> <span class='ocrx_word' id='word_1_371' title='bbox 1569 1144 1654 1181; x_wconf 80' lang='grc' dir='ltr'>σάρκα</span> <span class='ocrx_word' id='word_1_372' title='bbox 1689 1144 1786 1180; x_wconf 77' lang='grc' dir='ltr'>ὁρατὴν</span> <span class='ocrx_word' id='word_1_373' title='bbox 1819 1145 1871 1168; x_wconf 77' lang='grc' dir='ltr'>καὶ</span> 
     </span>
    </p>
   </div>
   <div class='ocr_carea' id='block_1_60' title="bbox 1064 1187 1869 1226">
    <p class='ocr_par' dir='ltr' id='par_1_60' title="bbox 1064 1187 1869 1226">
     <span class='ocr_line' id='line_1_60' title="bbox 1064 1187 1869 1226; baseline -0.002 -11"><span class='ocrx_word' id='word_1_374' title='bbox 1064 1188 1148 1218; x_wconf 68' lang='grc' dir='ltr'>ἀκτὴν</span> <span class='ocrx_word' id='word_1_375' title='bbox 1181 1191 1226 1215; x_wconf 82' lang='grc' dir='ltr'>καὶ</span> <span class='ocrx_word' id='word_1_376' title='bbox 1256 1191 1365 1218; x_wconf 72' lang='grc' dir='ltr'>κτιοντήν</span> <span class='ocrx_word' id='word_1_377' title='bbox 1394 1191 1440 1215; x_wconf 85' lang='grc' dir='ltr'>καὶ</span> <span class='ocrx_word' id='word_1_378' title='bbox 1475 1190 1655 1226; x_wconf 79' lang='grc' dir='ltr'>περιγραπτὴν</span> <span class='ocrx_word' id='word_1_379' title='bbox 1695 1190 1740 1213; x_wconf 76' lang='grc' dir='ltr'>καὶ</span> <span class='ocrx_word' id='word_1_380' title='bbox 1773 1187 1869 1216; x_wconf 80' lang='grc' dir='ltr'>παθη-</span> 
     </span>
    </p>
   </div>
   <div class='ocr_carea' id='block_1_61' title="bbox 1063 1231 1865 1268">
    <p class='ocr_par' dir='ltr' id='par_1_61' title="bbox 1063 1231 1865 1268">
     <span class='ocr_line' id='line_1_61' title="bbox 1063 1231 1865 1268; baseline -0.002 -8"><span class='ocrx_word' id='word_1_381' title='bbox 1063 1236 1122 1268; x_wconf 77' lang='grc' dir='ltr'>τὴν,</span> <span class='ocrx_word' id='word_1_382' title='bbox 1155 1235 1213 1260; x_wconf 81' lang='grc' dir='ltr'>καθ’</span> <span class='ocrx_word' id='word_1_383' title='bbox 1253 1234 1283 1263; x_wconf 81' lang='grc' dir='ltr'>ἢν</span> <span class='ocrx_word' id='word_1_384' title='bbox 1317 1233 1388 1264; x_wconf 75' lang='grc' dir='ltr'>δῆτα</span> <span class='ocrx_word' id='word_1_385' title='bbox 1422 1236 1467 1260; x_wconf 77' lang='grc' dir='ltr'>καὶ</span> <span class='ocrx_word' id='word_1_386' title='bbox 1502 1234 1635 1261; x_wconf 70' lang='grc' dir='ltr'>πέπονθεν,</span> <span class='ocrx_word' id='word_1_387' title='bbox 1667 1231 1728 1259; x_wconf 64' lang='lat' dir='ltr'>Eia:</span> <span class='ocrx_word' id='word_1_388' title='bbox 1757 1231 1787 1259; x_wconf 69' lang='grc' dir='ltr'>δὲ</span> <span class='ocrx_word' id='word_1_389' title='bbox 1814 1235 1865 1258; x_wconf 82' lang='grc' dir='ltr'>καὶ</span> 
     </span>
    </p>
   </div>
   <div class='ocr_carea' id='block_1_62' title="bbox 1062 1278 1865 1316">
    <p class='ocr_par' dir='ltr' id='par_1_62' title="bbox 1062 1278 1865 1316">
     <span class='ocr_line' id='line_1_62' title="bbox 1062 1278 1865 1316; baseline -0.004 -11"><span class='ocrx_word' id='word_1_390' title='bbox 1062 1283 1120 1309; x_wconf 87' lang='grc' dir='ltr'>ταῖς</span> <span class='ocrx_word' id='word_1_391' title='bbox 1146 1283 1196 1305; x_wconf 84' lang='grc' dir='ltr'>τῶν</span> <span class='ocrx_word' id='word_1_392' title='bbox 1231 1283 1402 1316; x_wconf 81' lang='grc' dir='ltr'>πατριαρχῶν</span> <span class='ocrx_word' id='word_1_393' title='bbox 1440 1281 1558 1315; x_wconf 82' lang='grc' dir='ltr'>γνώμαις</span> <span class='ocrx_word' id='word_1_394' title='bbox 1594 1282 1721 1314; x_wconf 82' lang='grc' dir='ltr'>στοιχεῖν.</span> <span class='ocrx_word' id='word_1_395' title='bbox 1762 1279 1814 1304; x_wconf 82' lang='grc' dir='ltr'>Καὶ</span> <span class='ocrx_word' id='word_1_396' title='bbox 1851 1278 1865 1302; x_wconf 82' lang='grc' dir='ltr'><strong><em>ὁ</em></strong></span> 
     </span>
    </p>
   </div>
   <div class='ocr_carea' id='block_1_63' title="bbox 1063 1322 1869 1360">
    <p class='ocr_par' dir='ltr' id='par_1_63' title="bbox 1063 1322 1869 1360">
     <span class='ocr_line' id='line_1_63' title="bbox 1063 1322 1869 1360; baseline -0.002 -11"><span class='ocrx_word' id='word_1_397' title='bbox 1063 1325 1144 1359; x_wconf 84' lang='grc' dir='ltr'>μέγας</span> <span class='ocrx_word' id='word_1_398' title='bbox 1182 1322 1346 1360; x_wconf 69' lang='grc' dir='ltr'>σακελλάριος</span> <span class='ocrx_word' id='word_1_399' title='bbox 1378 1325 1424 1350; x_wconf 79' lang='grc' dir='ltr'>καὶ</span> <span class='ocrx_word' id='word_1_400' title='bbox 1454 1322 1532 1353; x_wconf 73' lang='grc' dir='ltr'>αὐτὸς</span> <span class='ocrx_word' id='word_1_401' title='bbox 1566 1322 1632 1349; x_wconf 81' lang='grc' dir='ltr'>εἶπεν</span> <span class='ocrx_word' id='word_1_402' title='bbox 1668 1322 1778 1348; x_wconf 79' lang='grc' dir='ltr'>ἕπεο-θαι</span> <span class='ocrx_word' id='word_1_403' title='bbox 1806 1325 1869 1352; x_wconf 85' lang='grc' dir='ltr'>ταῖς</span> 
     </span>
    </p>
   </div>
   <div class='ocr_carea' id='block_1_64' title="bbox 1061 1367 1867 1404">
    <p class='ocr_par' dir='ltr' id='par_1_64' title="bbox 1061 1367 1867 1404">
     <span class='ocr_line' id='line_1_64' title="bbox 1061 1367 1867 1404; baseline -0.001 -11"><span class='ocrx_word' id='word_1_404' title='bbox 1061 1370 1178 1404; x_wconf 56' lang='grc' dir='ltr'>γνὰμαις</span> <span class='ocrx_word' id='word_1_405' title='bbox 1206 1372 1256 1394; x_wconf 85' lang='grc' dir='ltr'>τῶν</span> <span class='ocrx_word' id='word_1_406' title='bbox 1288 1367 1438 1404; x_wconf 76' lang='grc' dir='ltr'>ἁγιωτάτων</span> <span class='ocrx_word' id='word_1_407' title='bbox 1466 1371 1650 1404; x_wconf 82' lang='grc' dir='ltr'>πατριαρχῶν.</span> <span class='ocrx_word' id='word_1_408' title='bbox 1688 1370 1709 1393; x_wconf 93' lang='lat'>0</span> <span class='ocrx_word' id='word_1_409' title='bbox 1735 1368 1867 1403; x_wconf 75' lang='grc' dir='ltr'>κανστρί-</span> 
     </span>
    </p>
   </div>
   <div class='ocr_carea' id='block_1_65' title="bbox 1064 1411 1867 1447">
    <p class='ocr_par' dir='ltr' id='par_1_65' title="bbox 1064 1411 1867 1447">
     <span class='ocr_line' id='line_1_65' title="bbox 1064 1411 1867 1447; baseline -0.002 -9"><span class='ocrx_word' id='word_1_410' title='bbox 1064 1421 1120 1442; x_wconf 85' lang='grc' dir='ltr'>σιος</span> <span class='ocrx_word' id='word_1_411' title='bbox 1135 1411 1188 1439; x_wconf 78' lang='grc' dir='ltr'>εἶπε</span> <span class='ocrx_word' id='word_1_412' title='bbox 1206 1414 1251 1438; x_wconf 81' lang='grc' dir='ltr'>καὶ</span> <span class='ocrx_word' id='word_1_413' title='bbox 1276 1412 1354 1442; x_wconf 71' lang='grc' dir='ltr'>αὐτὸς</span> <span class='ocrx_word' id='word_1_414' title='bbox 1381 1415 1496 1447; x_wconf 76' lang='grc' dir='ltr'>στοιχεῖν</span> <span class='ocrx_word' id='word_1_415' title='bbox 1520 1414 1579 1442; x_wconf 88' lang='grc' dir='ltr'>ταῖς</span> <span class='ocrx_word' id='word_1_416' title='bbox 1599 1413 1715 1447; x_wconf 83' lang='grc' dir='ltr'>γνὼμαῖς</span> <span class='ocrx_word' id='word_1_417' title='bbox 1740 1415 1792 1437; x_wconf 82' lang='grc' dir='ltr'>τῶν</span> <span class='ocrx_word' id='word_1_418' title='bbox 1812 1420 1867 1436; x_wconf 84' lang='grc' dir='ltr'>πα-</span> 
     </span>
    </p>
   </div>
   <div class='ocr_carea' id='block_1_66' title="bbox 1062 1454 1866 1494">
    <p class='ocr_par' dir='ltr' id='par_1_66' title="bbox 1062 1454 1866 1494">
     <span class='ocr_line' id='line_1_66' title="bbox 1062 1454 1866 1494; baseline -0.001 -12"><span class='ocrx_word' id='word_1_419' title='bbox 1062 1460 1208 1493; x_wconf 81' lang='grc' dir='ltr'>τριαρχῶν,</span> <span class='ocrx_word' id='word_1_420' title='bbox 1223 1459 1272 1483; x_wconf 77' lang='grc' dir='ltr'>Καὶ</span> <span class='ocrx_word' id='word_1_421' title='bbox 1288 1457 1301 1482; x_wconf 82' lang='grc' dir='ltr'><strong><em>ὁ</em></strong></span> <span class='ocrx_word' id='word_1_422' title='bbox 1326 1458 1446 1494; x_wconf 84' lang='grc' dir='ltr'>μαῖστωρ</span> <span class='ocrx_word' id='word_1_423' title='bbox 1472 1454 1501 1482; x_wconf 71' lang='grc' dir='ltr'>δὲ</span> <span class='ocrx_word' id='word_1_424' title='bbox 1529 1460 1578 1482; x_wconf 88' lang='grc' dir='ltr'>τῶν</span> <span class='ocrx_word' id='word_1_425' title='bbox 1600 1456 1718 1494; x_wconf 82' lang='grc' dir='ltr'>ῥητόρων</span> <span class='ocrx_word' id='word_1_426' title='bbox 1740 1458 1786 1482; x_wconf 84' lang='grc' dir='ltr'>καὶ</span> <span class='ocrx_word' id='word_1_427' title='bbox 1813 1455 1866 1482; x_wconf 71' lang='grc' dir='ltr'>αὐ-</span> 
     </span>
    </p>
   </div>
   <div class='ocr_carea' id='block_1_67' title="bbox 186 1498 1008 1538">
    <p class='ocr_par' dir='ltr' id='par_1_67' title="bbox 186 1498 1008 1535">
     <span class='ocr_line' id='line_1_67' title="bbox 186 1498 1008 1535; baseline -0.001 -9"><span class='ocrx_word' id='word_1_428' title='bbox 186 1498 285 1527; x_wconf 86' lang='lat' dir='ltr'>fausta</span> <span class='ocrx_word' id='word_1_429' title='bbox 304 1499 491 1535; x_wconf 84' lang='lat' dir='ltr'>acclamatio,</span> <span class='ocrx_word' id='word_1_430' title='bbox 514 1508 617 1528; x_wconf 87' lang='lat' dir='ltr'>mense</span> <span class='ocrx_word' id='word_1_431' title='bbox 642 1503 671 1528; x_wconf 88' lang='lat' dir='ltr'>et</span> <span class='ocrx_word' id='word_1_432' title='bbox 698 1500 859 1527; x_wconf 86' lang='lat' dir='ltr'>indictione</span> <span class='ocrx_word' id='word_1_433' title='bbox 889 1505 1008 1534; x_wconf 49' lang='lat' dir='ltr'>supras-</span> 
     </span>
    </p>
   </div>
   <div class='ocr_carea' id='block_1_68' title="bbox 1062 1498 1868 1538">
    <p class='ocr_par' dir='ltr' id='par_1_68' title="bbox 1062 1499 1868 1537">
     <span class='ocr_line' id='line_1_68' title="bbox 1062 1499 1868 1537; baseline -0.002 -9"><span class='ocrx_word' id='word_1_434' title='bbox 1062 1503 1103 1532; x_wconf 89' lang='grc' dir='ltr'>τὸς</span> <span class='ocrx_word' id='word_1_435' title='bbox 1135 1503 1244 1532; x_wconf 81' lang='grc' dir='ltr'>ταύταις</span> <span class='ocrx_word' id='word_1_436' title='bbox 1281 1505 1399 1537; x_wconf 83' lang='grc' dir='ltr'>στοιχεῖν</span> <span class='ocrx_word' id='word_1_437' title='bbox 1442 1502 1552 1537; x_wconf 74' lang='grc' dir='ltr'>εἴρηκεν,</span> <span class='ocrx_word' id='word_1_438' title='bbox 1589 1500 1631 1531; x_wconf 69' lang='grc' dir='ltr'>Ὠς</span> <span class='ocrx_word' id='word_1_439' title='bbox 1665 1499 1710 1527; x_wconf 85' lang='grc' dir='ltr'>οὖν</span> <span class='ocrx_word' id='word_1_440' title='bbox 1751 1500 1868 1531; x_wconf 76' lang='grc' dir='ltr'>ἅπαντες</span> 
     </span>
    </p>
   </div>
   <div class='ocr_carea' id='block_1_69' title="bbox 186 1543 481 1580">
    <p class='ocr_par' dir='ltr' id='par_1_69' title="bbox 186 1543 481 1580">
     <span class='ocr_line' id='line_1_69' title="bbox 186 1543 481 1580; baseline 0.007 -10"><span class='ocrx_word' id='word_1_441' title='bbox 186 1543 297 1580; x_wconf 86' lang='lat' dir='ltr'>criptis,</span> <span class='ocrx_word' id='word_1_442' title='bbox 310 1551 390 1572; x_wconf 83' lang='lat' dir='ltr'>anno</span> <span class='ocrx_word' id='word_1_443' title='bbox 402 1546 481 1572; x_wconf 79' lang='grc'>6674.</span> 
     </span>
    </p>
   </div>
   <div class='ocr_carea' id='block_1_70' title="bbox 469 1715 725 1742">
    <p class='ocr_par' dir='ltr' id='par_1_70' title="bbox 469 1715 725 1742">
     <span class='ocr_line' id='line_1_70' title="bbox 469 1715 725 1742; baseline -0.004 0"><span class='ocrx_word' id='word_1_444' title='bbox 469 1715 572 1742; x_wconf 85' lang='lat' dir='ltr'><strong>ACTIO</strong></span> <span class='ocrx_word' id='word_1_445' title='bbox 600 1715 725 1742; x_wconf 81' lang='lat' dir='ltr'><strong>TERTIA</strong></span> 
     </span>
    </p>
   </div>
   <div class='ocr_carea' id='block_1_71' title="bbox 184 1771 1006 1810">
    <p class='ocr_par' dir='ltr' id='par_1_71' title="bbox 184 1771 1006 1810">
     <span class='ocr_line' id='line_1_71' title="bbox 184 1771 1006 1810; baseline 0.001 -7"><span class='ocrx_word' id='word_1_446' title='bbox 184 1775 294 1804; x_wconf 79' lang='lat' dir='ltr'>Mensis</span> <span class='ocrx_word' id='word_1_447' title='bbox 304 1771 410 1803; x_wconf 76' lang='lat' dir='ltr'>Martii</span> <span class='ocrx_word' id='word_1_448' title='bbox 418 1776 465 1803; x_wconf 83' lang='lat' dir='ltr'>die</span> <span class='ocrx_word' id='word_1_449' title='bbox 472 1776 742 1810; x_wconf 74' lang='lat' dir='ltr'>sexta,indz’etiom&#39;s</span> <span class='ocrx_word' id='word_1_450' title='bbox 752 1776 829 1807; x_wconf 88' lang='lat' dir='ltr'>XIV,</span> <span class='ocrx_word' id='word_1_451' title='bbox 839 1775 887 1804; x_wconf 84' lang='lat' dir='ltr'>die</span> <span class='ocrx_word' id='word_1_452' title='bbox 896 1777 1006 1810; x_wconf 73' lang='lat' dir='ltr'>prima.</span> 
     </span>
    </p>
   </div>
   <div class='ocr_carea' id='block_1_72' title="bbox 220 1838 1008 1874">
    <p class='ocr_par' dir='ltr' id='par_1_72' title="bbox 220 1838 1008 1874">
     <span class='ocr_line' id='line_1_72' title="bbox 220 1838 1008 1874; baseline 0 -7"><span class='ocrx_word' id='word_1_453' title='bbox 220 1840 250 1867; x_wconf 90' lang='grc'>1.</span> <span class='ocrx_word' id='word_1_454' title='bbox 269 1838 446 1866; x_wconf 68' lang='grc' dir='ltr'>Ρτωεὶάθῃιθ</span> <span class='ocrx_word' id='word_1_455' title='bbox 461 1846 479 1866; x_wconf 88' lang='lat' dir='ltr'>a</span> <span class='ocrx_word' id='word_1_456' title='bbox 491 1840 548 1866; x_wconf 88' lang='lat' dir='ltr'>Deo</span> <span class='ocrx_word' id='word_1_457' title='bbox 562 1841 706 1867; x_wconf 87' lang='lat' dir='ltr'>coronato</span> <span class='ocrx_word' id='word_1_458' title='bbox 718 1838 926 1874; x_wconf 84' lang='lat' dir='ltr'>potentissimo</span> <span class='ocrx_word' id='word_1_459' title='bbox 941 1847 1008 1867; x_wconf 84' lang='lat' dir='ltr'>san—</span> 
     </span>
    </p>
   </div>
   <div class='ocr_carea' id='block_1_73' title="bbox 185 1882 1007 1918">
    <p class='ocr_par' dir='ltr' id='par_1_73' title="bbox 185 1882 1007 1918">
     <span class='ocr_line' id='line_1_73' title="bbox 185 1882 1007 1918; baseline 0 -8"><span class='ocrx_word' id='word_1_460' title='bbox 185 1885 293 1918; x_wconf 87' lang='lat' dir='ltr'>ctoque</span> <span class='ocrx_word' id='word_1_461' title='bbox 309 1885 413 1911; x_wconf 88' lang='lat' dir='ltr'>nostro</span> <span class='ocrx_word' id='word_1_462' title='bbox 441 1890 510 1918; x_wconf 84' lang='lat' dir='ltr'>rege</span> <span class='ocrx_word' id='word_1_463' title='bbox 539 1886 567 1910; x_wconf 90' lang='lat' dir='ltr'>et</span> <span class='ocrx_word' id='word_1_464' title='bbox 594 1883 774 1918; x_wconf 89' lang='lat' dir='ltr'>imperatore</span> <span class='ocrx_word' id='word_1_465' title='bbox 794 1882 918 1910; x_wconf 88' lang='lat' dir='ltr'>domino</span> <span class='ocrx_word' id='word_1_466' title='bbox 946 1883 1007 1911; x_wconf 88' lang='lat' dir='ltr'>Ma-</span> 
     </span>
    </p>
   </div>
   <div class='ocr_carea' id='block_1_74' title="bbox 184 1927 1007 1963">
    <p class='ocr_par' dir='ltr' id='par_1_74' title="bbox 184 1927 1007 1963">
     <span class='ocr_line' id='line_1_74' title="bbox 184 1927 1007 1963; baseline 0 -8"><span class='ocrx_word' id='word_1_467' title='bbox 184 1927 272 1955; x_wconf 89' lang='lat' dir='ltr'>nuele</span> <span class='ocrx_word' id='word_1_468' title='bbox 286 1927 438 1956; x_wconf 87' lang='lat' dir='ltr'>Comneno</span> <span class='ocrx_word' id='word_1_469' title='bbox 452 1927 482 1955; x_wconf 89' lang='lat' dir='ltr'>in</span> <span class='ocrx_word' id='word_1_470' title='bbox 496 1927 603 1955; x_wconf 86' lang='lat' dir='ltr'>eodem</span> <span class='ocrx_word' id='word_1_471' title='bbox 626 1927 740 1963; x_wconf 88' lang='lat' dir='ltr'>tropico</span> <span class='ocrx_word' id='word_1_472' title='bbox 759 1927 909 1960; x_wconf 86' lang='lat' dir='ltr'>conclavi;</span> <span class='ocrx_word' id='word_1_473' title='bbox 931 1927 1007 1956; x_wconf 85' lang='lat' dir='ltr'>assi-</span> 
     </span>
    </p>
   </div>
   <div class='ocr_carea' id='block_1_75' title="bbox 184 1972 1007 2008">
    <p class='ocr_par' dir='ltr' id='par_1_75' title="bbox 184 1972 1007 2008">
     <span class='ocr_line' id='line_1_75' title="bbox 184 1972 1007 2008; baseline 0 -8"><span class='ocrx_word' id='word_1_474' title='bbox 184 1972 324 2001; x_wconf 82' lang='lat' dir='ltr'>dentibus</span> <span class='ocrx_word' id='word_1_475' title='bbox 338 1972 458 2000; x_wconf 82' lang='lat' dir='ltr'>sublimi</span> <span class='ocrx_word' id='word_1_476' title='bbox 474 1973 622 2006; x_wconf 75' lang='lat' dir='ltr'>maiestati</span> <span class='ocrx_word' id='word_1_477' title='bbox 643 1973 717 2008; x_wconf 86' lang='lat' dir='ltr'>ejus,</span> <span class='ocrx_word' id='word_1_478' title='bbox 743 1972 869 2008; x_wconf 80' lang='lat' dir='ltr'>despota</span> <span class='ocrx_word' id='word_1_479' title='bbox 884 1972 1007 2000; x_wconf 82' lang='lat' dir='ltr'>amabili</span> 
     </span>
    </p>
   </div>
   <div class='ocr_carea' id='block_1_76' title="bbox 183 2017 1007 2053">
    <p class='ocr_par' dir='ltr' id='par_1_76' title="bbox 183 2017 1007 2053">
     <span class='ocr_line' id='line_1_76' title="bbox 183 2017 1007 2053; baseline -0.002 -7"><span class='ocrx_word' id='word_1_480' title='bbox 183 2025 294 2053; x_wconf 79' lang='lat' dir='ltr'>genero</span> <span class='ocrx_word' id='word_1_481' title='bbox 307 2020 416 2046; x_wconf 63' lang='lat' dir='ltr'>sanctis</span> <span class='ocrx_word' id='word_1_482' title='bbox 431 2017 595 2053; x_wconf 87' lang='lat' dir='ltr'>majestatis</span> <span class='ocrx_word' id='word_1_483' title='bbox 610 2017 675 2053; x_wconf 88' lang='lat' dir='ltr'>ejus</span> <span class='ocrx_word' id='word_1_484' title='bbox 689 2017 813 2045; x_wconf 88' lang='lat' dir='ltr'>domino</span> <span class='ocrx_word' id='word_1_485' title='bbox 825 2017 1007 2049; x_wconf 76' lang='lat' dir='ltr'>Alexio,san-</span> 
     </span>
    </p>
   </div>
   <div class='ocr_carea' id='block_1_77' title="bbox 184 2062 1005 2098">
    <p class='ocr_par' dir='ltr' id='par_1_77' title="bbox 184 2062 1005 2098">
     <span class='ocr_line' id='line_1_77' title="bbox 184 2062 1005 2098; baseline -0.001 -7"><span class='ocrx_word' id='word_1_486' title='bbox 184 2063 316 2091; x_wconf 80' lang='lat' dir='ltr'>ctissimo</span> <span class='ocrx_word' id='word_1_487' title='bbox 332 2065 359 2090; x_wconf 91' lang='lat' dir='ltr'>et</span> <span class='ocrx_word' id='word_1_488' title='bbox 383 2063 567 2090; x_wconf 82' lang='lat' dir='ltr'>oecumenico</span> <span class='ocrx_word' id='word_1_489' title='bbox 587 2062 760 2098; x_wconf 86' lang='lat' dir='ltr'>patriarcha</span> <span class='ocrx_word' id='word_1_490' title='bbox 774 2063 897 2090; x_wconf 82' lang='lat' dir='ltr'>domino</span> <span class='ocrx_word' id='word_1_491' title='bbox 910 2064 1005 2097; x_wconf 85' lang='lat' dir='ltr'>Luca;</span> 
     </span>
    </p>
   </div>
   <div class='ocr_carea' id='block_1_78' title="bbox 184 2106 1007 2143">
    <p class='ocr_par' dir='ltr' id='par_1_78' title="bbox 184 2106 1007 2143">
     <span class='ocr_line' id='line_1_78' title="bbox 184 2106 1007 2143; baseline -0.001 -8"><span class='ocrx_word' id='word_1_492' title='bbox 184 2108 373 2136; x_wconf 57' lang='lat' dir='ltr'>sanctissimo</span> <span class='ocrx_word' id='word_1_493' title='bbox 392 2107 563 2143; x_wconf 85' lang='lat' dir='ltr'>patriarcha</span> <span class='ocrx_word' id='word_1_494' title='bbox 579 2107 661 2135; x_wconf 89' lang='lat' dir='ltr'>urbis</span> <span class='ocrx_word' id='word_1_495' title='bbox 688 2107 739 2135; x_wconf 89' lang='lat' dir='ltr'>Dei</span> <span class='ocrx_word' id='word_1_496' title='bbox 759 2115 875 2142; x_wconf 79' lang='lat' dir='ltr'>magnae</span> <span class='ocrx_word' id='word_1_497' title='bbox 908 2106 1007 2135; x_wconf 80' lang='lat' dir='ltr'>Antio-</span> 
     </span>
    </p>
   </div>
   <div class='ocr_carea' id='block_1_79' title="bbox 184 2151 1006 2188">
    <p class='ocr_par' dir='ltr' id='par_1_79' title="bbox 184 2151 1006 2188">
     <span class='ocr_line' id='line_1_79' title="bbox 184 2151 1006 2188; baseline 0 -9"><span class='ocrx_word' id='word_1_498' title='bbox 184 2152 258 2180; x_wconf 78' lang='lat' dir='ltr'>chize</span> <span class='ocrx_word' id='word_1_499' title='bbox 281 2152 405 2179; x_wconf 87' lang='lat' dir='ltr'>domino</span> <span class='ocrx_word' id='word_1_500' title='bbox 421 2151 603 2186; x_wconf 84' lang='lat' dir='ltr'>Athanasio;</span> <span class='ocrx_word' id='word_1_501' title='bbox 629 2152 820 2181; x_wconf 86' lang='lat' dir='ltr'>sanctissimo</span> <span class='ocrx_word' id='word_1_502' title='bbox 837 2152 1006 2188; x_wconf 77' lang='lat' dir='ltr'>patriarcha</span> 
     </span>
    </p>
   </div>
   <div class='ocr_carea' id='block_1_80' title="bbox 183 2186 1043 2233">
    <p class='ocr_par' dir='ltr' id='par_1_80' title="bbox 183 2186 1043 2233">
     <span class='ocr_line' id='line_1_80' title="bbox 183 2186 1043 2233; baseline 0.001 -10"><span class='ocrx_word' id='word_1_503' title='bbox 183 2196 456 2232; x_wconf 87' lang='lat' dir='ltr'>Hierosolymorum</span> <span class='ocrx_word' id='word_1_504' title='bbox 471 2196 593 2225; x_wconf 86' lang='lat' dir='ltr'>domino</span> <span class='ocrx_word' id='word_1_505' title='bbox 624 2197 810 2233; x_wconf 83' lang='lat' dir='ltr'>Nicephoro;</span> <span class='ocrx_word' id='word_1_506' title='bbox 837 2186 1006 2225; x_wconf 72' lang='lat' dir='ltr'>astantibus</span> <span class='ocrx_word' id='word_1_507' title='bbox 1020 2186 1043 2215; x_wconf 74' lang='grc' dir='ltr'><strong>θ</strong></span> 
     </span>
    </p>
   </div>
   <div class='ocr_carea' id='block_1_81' title="bbox 181 2240 1007 2278">
    <p class='ocr_par' dir='ltr' id='par_1_81' title="bbox 181 2240 1007 2278">
     <span class='ocr_line' id='line_1_81' title="bbox 181 2240 1007 2278; baseline 0.001 -11"><span class='ocrx_word' id='word_1_508' title='bbox 181 2240 295 2276; x_wconf 87' lang='lat' dir='ltr'>potenti</span> <span class='ocrx_word' id='word_1_509' title='bbox 309 2243 473 2277; x_wconf 85' lang='lat' dir='ltr'>sanctoque</span> <span class='ocrx_word' id='word_1_510' title='bbox 500 2244 602 2270; x_wconf 85' lang='lat' dir='ltr'>nostro</span> <span class='ocrx_word' id='word_1_511' title='bbox 618 2242 680 2276; x_wconf 76' lang='lat' dir='ltr'>regi</span> <span class='ocrx_word' id='word_1_512' title='bbox 707 2241 890 2269; x_wconf 84' lang='lat' dir='ltr'>amabilibus</span> <span class='ocrx_word' id='word_1_513' title='bbox 915 2249 1007 2278; x_wconf 84' lang='lat' dir='ltr'>nepo-</span> 
     </span>
    </p>
   </div>
   <div class='ocr_carea' id='block_1_82' title="bbox 184 2285 1008 2322">
    <p class='ocr_par' dir='ltr' id='par_1_82' title="bbox 184 2285 1008 2322">
     <span class='ocr_line' id='line_1_82' title="bbox 184 2285 1008 2322; baseline 0.002 -10"><span class='ocrx_word' id='word_1_514' title='bbox 184 2285 262 2313; x_wconf 89' lang='lat' dir='ltr'>tibus</span> <span class='ocrx_word' id='word_1_515' title='bbox 278 2285 352 2320; x_wconf 89' lang='lat' dir='ltr'>ejus,</span> <span class='ocrx_word' id='word_1_516' title='bbox 365 2285 433 2313; x_wconf 86' lang='lat' dir='ltr'>ﬁliis</span> <span class='ocrx_word' id='word_1_517' title='bbox 448 2285 548 2322; x_wconf 90' lang='lat' dir='ltr'>inclyti</span> <span class='ocrx_word' id='word_1_518' title='bbox 564 2286 662 2314; x_wconf 87' lang='lat' dir='ltr'>fratris</span> <span class='ocrx_word' id='word_1_519' title='bbox 678 2286 846 2322; x_wconf 87' lang='lat' dir='ltr'>majestatis</span> <span class='ocrx_word' id='word_1_520' title='bbox 857 2295 930 2318; x_wconf 59' lang='lat' dir='ltr'>sum,</span> <span class='ocrx_word' id='word_1_521' title='bbox 940 2294 1008 2322; x_wconf 88' lang='lat' dir='ltr'>por-</span> 
     </span>
    </p>
   </div>
   <div class='ocr_carea' id='block_1_83' title="bbox 184 2329 1007 2366">
    <p class='ocr_par' dir='ltr' id='par_1_83' title="bbox 184 2329 1007 2366">
     <span class='ocr_line' id='line_1_83' title="bbox 184 2329 1007 2366; baseline 0.004 -9"><span class='ocrx_word' id='word_1_522' title='bbox 184 2329 374 2366; x_wconf 82' lang='lat' dir='ltr'>phyrogeniti</span> <span class='ocrx_word' id='word_1_523' title='bbox 388 2334 417 2358; x_wconf 92' lang='lat' dir='ltr'>et</span> <span class='ocrx_word' id='word_1_524' title='bbox 430 2331 641 2360; x_wconf 86' lang='lat' dir='ltr'>sebastocratis</span> <span class='ocrx_word' id='word_1_525' title='bbox 657 2331 774 2359; x_wconf 90' lang='lat' dir='ltr'>domini</span> <span class='ocrx_word' id='word_1_526' title='bbox 788 2331 961 2364; x_wconf 79' lang='lat' dir='ltr'>Andronici,</span> <span class='ocrx_word' id='word_1_527' title='bbox 976 2331 1007 2360; x_wconf 86' lang='lat' dir='ltr'>id</span> 
     </span>
    </p>
   </div>
   <div class='ocr_carea' id='block_1_84' title="bbox 182 2375 1006 2410">
    <p class='ocr_par' dir='ltr' id='par_1_84' title="bbox 182 2375 1006 2410">
     <span class='ocr_line' id='line_1_84' title="bbox 182 2375 1006 2410; baseline 0.004 -8"><span class='ocrx_word' id='word_1_528' title='bbox 182 2377 226 2403; x_wconf 89' lang='lat' dir='ltr'>est</span> <span class='ocrx_word' id='word_1_529' title='bbox 238 2375 455 2410; x_wconf 82' lang='lat' dir='ltr'>protovestiaro</span> <span class='ocrx_word' id='word_1_530' title='bbox 467 2376 592 2404; x_wconf 87' lang='lat' dir='ltr'>domino</span> <span class='ocrx_word' id='word_1_531' title='bbox 603 2377 759 2409; x_wconf 84' lang='lat' dir='ltr'>Joanne,et</span> <span class='ocrx_word' id='word_1_532' title='bbox 769 2376 892 2404; x_wconf 85' lang='lat' dir='ltr'>domino</span> <span class='ocrx_word' id='word_1_533' title='bbox 909 2376 1006 2405; x_wconf 53' lang='lat' dir='ltr'>Alexio</span> 
     </span>
    </p>
   </div>
   <div class='ocr_carea' id='block_1_85' title="bbox 185 2420 1005 2458">
    <p class='ocr_par' dir='ltr' id='par_1_85' title="bbox 185 2420 1005 2458">
     <span class='ocr_line' id='line_1_85' title="bbox 185 2420 1005 2458; baseline 0.001 -9"><span class='ocrx_word' id='word_1_534' title='bbox 185 2420 356 2453; x_wconf 89' lang='lat' dir='ltr'>Comnenis;</span> <span class='ocrx_word' id='word_1_535' title='bbox 368 2420 489 2448; x_wconf 85' lang='lat' dir='ltr'>amabili</span> <span class='ocrx_word' id='word_1_536' title='bbox 504 2420 638 2457; x_wconf 88' lang='lat' dir='ltr'>patruele</span> <span class='ocrx_word' id='word_1_537' title='bbox 647 2421 777 2457; x_wconf 85' lang='lat' dir='ltr'>potentis</span> <span class='ocrx_word' id='word_1_538' title='bbox 785 2421 940 2458; x_wconf 82' lang='lat' dir='ltr'>sanctique</span> <span class='ocrx_word' id='word_1_539' title='bbox 951 2430 1005 2450; x_wconf 92' lang='lat' dir='ltr'>no-</span> 
     </span>
    </p>
   </div>
   <div class='ocr_carea' id='block_1_86' title="bbox 186 2465 1005 2503">
    <p class='ocr_par' dir='ltr' id='par_1_86' title="bbox 186 2465 1005 2503">
     <span class='ocr_line' id='line_1_86' title="bbox 186 2465 1005 2503; baseline 0.002 -11"><span class='ocrx_word' id='word_1_540' title='bbox 186 2465 322 2500; x_wconf 76' lang='lat' dir='ltr'>striregis</span> <span class='ocrx_word' id='word_1_541' title='bbox 333 2465 457 2493; x_wconf 87' lang='lat' dir='ltr'>domino</span> <span class='ocrx_word' id='word_1_542' title='bbox 467 2466 583 2494; x_wconf 82' lang='lat' dir='ltr'>Joanne</span> <span class='ocrx_word' id='word_1_543' title='bbox 597 2465 750 2499; x_wconf 82' lang='lat' dir='ltr'>Duca,ﬁlio</span> <span class='ocrx_word' id='word_1_544' title='bbox 760 2465 863 2502; x_wconf 86' lang='lat' dir='ltr'>inclyti</span> <span class='ocrx_word' id='word_1_545' title='bbox 875 2467 1005 2503; x_wconf 84' lang='lat' dir='ltr'>Porphy-</span> 
     </span>
    </p>
   </div>
   <div class='ocr_carea' id='block_1_87' title="bbox 183 2510 1006 2545">
    <p class='ocr_par' dir='ltr' id='par_1_87' title="bbox 183 2510 1006 2545">
     <span class='ocr_line' id='line_1_87' title="bbox 183 2510 1006 2545; baseline 0.002 -7"><span class='ocrx_word' id='word_1_546' title='bbox 183 2510 310 2545; x_wconf 82' lang='lat' dir='ltr'>rogenili</span> <span class='ocrx_word' id='word_1_547' title='bbox 324 2513 352 2538; x_wconf 89' lang='lat' dir='ltr'>et</span> <span class='ocrx_word' id='word_1_548' title='bbox 367 2511 612 2539; x_wconf 74' lang='lat' dir='ltr'>sebastocraloris</span> <span class='ocrx_word' id='word_1_549' title='bbox 620 2510 736 2538; x_wconf 87' lang='lat' dir='ltr'>domini</span> <span class='ocrx_word' id='word_1_550' title='bbox 746 2510 1006 2544; x_wconf 80' lang='lat' dir='ltr'>Andronici,ama-</span> 
     </span>
    </p>
   </div>
   <div class='ocr_carea' id='block_1_88' title="bbox 184 2554 1007 2592">
    <p class='ocr_par' dir='ltr' id='par_1_88' title="bbox 184 2554 1007 2592">
     <span class='ocr_line' id='line_1_88' title="bbox 184 2554 1007 2592; baseline 0.002 -10"><span class='ocrx_word' id='word_1_551' title='bbox 184 2554 252 2583; x_wconf 88' lang='lat' dir='ltr'>bilis</span> <span class='ocrx_word' id='word_1_552' title='bbox 267 2556 366 2592; x_wconf 83' lang='lat' dir='ltr'>patrui</span> <span class='ocrx_word' id='word_1_553' title='bbox 382 2558 493 2584; x_wconf 70' lang='lat' dir='ltr'>sanctae</span> <span class='ocrx_word' id='word_1_554' title='bbox 502 2555 668 2591; x_wconf 86' lang='lat' dir='ltr'>majestatis</span> <span class='ocrx_word' id='word_1_555' title='bbox 681 2556 760 2591; x_wconf 84' lang='lat' dir='ltr'>ejus;</span> <span class='ocrx_word' id='word_1_556' title='bbox 770 2555 893 2583; x_wconf 86' lang='lat' dir='ltr'>amabili</span> <span class='ocrx_word' id='word_1_557' title='bbox 903 2564 1007 2584; x_wconf 81' lang='lat' dir='ltr'>conso-</span> 
     </span>
    </p>
   </div>
   <div class='ocr_carea' id='block_1_89' title="bbox 186 2600 1009 2637">
    <p class='ocr_par' dir='ltr' id='par_1_89' title="bbox 186 2600 1009 2637">
     <span class='ocr_line' id='line_1_89' title="bbox 186 2600 1009 2637; baseline 0.004 -10"><span class='ocrx_word' id='word_1_558' title='bbox 186 2600 274 2629; x_wconf 89' lang='lat' dir='ltr'>brino</span> <span class='ocrx_word' id='word_1_559' title='bbox 286 2601 415 2637; x_wconf 89' lang='lat' dir='ltr'>potentis</span> <span class='ocrx_word' id='word_1_560' title='bbox 425 2604 454 2629; x_wconf 88' lang='lat' dir='ltr'>et</span> <span class='ocrx_word' id='word_1_561' title='bbox 463 2600 558 2629; x_wconf 85' lang='lat' dir='ltr'>sancti</span> <span class='ocrx_word' id='word_1_562' title='bbox 569 2601 663 2628; x_wconf 85' lang='lat' dir='ltr'>nostri</span> <span class='ocrx_word' id='word_1_563' title='bbox 674 2600 753 2636; x_wconf 76' lang='lat' dir='ltr'>regis</span> <span class='ocrx_word' id='word_1_564' title='bbox 767 2600 890 2629; x_wconf 88' lang='lat' dir='ltr'>domino</span> <span class='ocrx_word' id='word_1_565' title='bbox 897 2601 1009 2630; x_wconf 77' lang='lat' dir='ltr'>Andro-</span> 
     </span>
    </p>
   </div>
   <div class='ocr_carea' id='block_1_90' title="bbox 184 2644 1010 2682">
    <p class='ocr_par' dir='ltr' id='par_1_90' title="bbox 184 2644 1010 2682">
     <span class='ocr_line' id='line_1_90' title="bbox 184 2644 1010 2682; baseline 0.005 -10"><span class='ocrx_word' id='word_1_566' title='bbox 184 2644 389 2681; x_wconf 73' lang='lat' dir='ltr'>nico,Caesaris</span> <span class='ocrx_word' id='word_1_567' title='bbox 405 2646 468 2675; x_wconf 86' lang='lat' dir='ltr'>tilio</span> <span class='ocrx_word' id='word_1_568' title='bbox 482 2656 491 2682; x_wconf 85' lang='lat'>;</span> <span class='ocrx_word' id='word_1_569' title='bbox 509 2645 692 2675; x_wconf 87' lang='lat' dir='ltr'>amabilibus</span> <span class='ocrx_word' id='word_1_570' title='bbox 707 2646 897 2675; x_wconf 85' lang='lat' dir='ltr'>consobrinis</span> <span class='ocrx_word' id='word_1_571' title='bbox 913 2647 1010 2676; x_wconf 81' lang='lat' dir='ltr'>sancti</span> 
     </span>
    </p>
   </div>
   <div class='ocr_carea' id='block_1_91' title="bbox 225 2717 429 2792">
    <p class='ocr_par' dir='ltr' id='par_1_91' title="bbox 225 2717 429 2792">
     <span class='ocr_line' id='line_1_91' title="bbox 225 2717 429 2792; baseline -0.049 0"><span class='ocrx_word' id='word_1_572' title='bbox 225 2717 284 2792; x_wconf 59' lang='lat' dir='ltr'>iiii</span> <span class='ocrx_word' id='word_1_573' title='bbox 297 2719 368 2791; x_wconf 63' lang='grc' dir='ltr'>ἓξὲξ</span> <span class='ocrx_word' id='word_1_574' title='bbox 382 2719 429 2783; x_wconf 60' lang='lat' dir='ltr'>Et:</span> 
     </span>
    </p>
   </div>
   <div class='ocr_carea' id='block_1_92' title="bbox 1063 1543 1869 1582">
    <p class='ocr_par' dir='ltr' id='par_1_92' title="bbox 1063 1543 1869 1582">
     <span class='ocr_line' id='line_1_92' title="bbox 1063 1543 1869 1582; baseline -0.001 -10"><span class='ocrx_word' id='word_1_575' title='bbox 1063 1547 1241 1582; x_wconf 74' lang='grc' dir='ltr'>ὡμοφώνησαν</span> <span class='ocrx_word' id='word_1_576' title='bbox 1275 1549 1319 1572; x_wconf 76' lang='grc' dir='ltr'>καὶ</span> <span class='ocrx_word' id='word_1_577' title='bbox 1354 1544 1441 1576; x_wconf 71' lang='grc' dir='ltr'>οὐδεὶς</span> <span class='ocrx_word' id='word_1_578' title='bbox 1478 1545 1615 1582; x_wconf 77' lang='grc' dir='ltr'>ὑπελείφθη</span> <span class='ocrx_word' id='word_1_579' title='bbox 1646 1543 1792 1582; x_wconf 83' lang='grc' dir='ltr'>διχονοῶν,</span> <span class='ocrx_word' id='word_1_580' title='bbox 1822 1547 1869 1580; x_wconf 78' lang='grc' dir='ltr'>γέ-</span> 
     </span>
    </p>
   </div>
   <div class='ocr_carea' id='block_1_93' title="bbox 1062 1587 1869 1627">
    <p class='ocr_par' dir='ltr' id='par_1_93' title="bbox 1062 1587 1869 1627">
     <span class='ocr_line' id='line_1_93' title="bbox 1062 1587 1869 1627; baseline -0.001 -11"><span class='ocrx_word' id='word_1_581' title='bbox 1062 1599 1121 1626; x_wconf 82' lang='grc' dir='ltr'>γονε</span> <span class='ocrx_word' id='word_1_582' title='bbox 1139 1600 1183 1616; x_wconf 76' lang='grc' dir='ltr'>και</span> <span class='ocrx_word' id='word_1_583' title='bbox 1210 1591 1279 1627; x_wconf 84' lang='grc' dir='ltr'>ποιρὰ</span> <span class='ocrx_word' id='word_1_584' title='bbox 1307 1591 1409 1616; x_wconf 75' lang='grc' dir='ltr'>πάντων</span> <span class='ocrx_word' id='word_1_585' title='bbox 1440 1590 1455 1619; x_wconf 82' lang='grc' dir='ltr'>ἡ</span> <span class='ocrx_word' id='word_1_586' title='bbox 1483 1590 1598 1626; x_wconf 74' lang='grc' dir='ltr'>εὐφημία</span> <span class='ocrx_word' id='word_1_587' title='bbox 1616 1591 1679 1626; x_wconf 82' lang='grc' dir='ltr'>μηνὶ</span> <span class='ocrx_word' id='word_1_588' title='bbox 1707 1592 1753 1616; x_wconf 80' lang='grc' dir='ltr'>καὶ</span> <span class='ocrx_word' id='word_1_589' title='bbox 1782 1587 1869 1615; x_wconf 78' lang='grc' dir='ltr'>ἰνδικ-</span> 
     </span>
    </p>
   </div>
   <div class='ocr_carea' id='block_1_94' title="bbox 1062 1633 1654 1672">
    <p class='ocr_par' dir='ltr' id='par_1_94' title="bbox 1062 1633 1654 1672">
     <span class='ocr_line' id='line_1_94' title="bbox 1062 1633 1654 1672; baseline 0.003 -12"><span class='ocrx_word' id='word_1_590' title='bbox 1062 1639 1135 1660; x_wconf 86' lang='grc' dir='ltr'>τιῶνι</span> <span class='ocrx_word' id='word_1_591' title='bbox 1149 1638 1202 1664; x_wconf 91' lang='grc' dir='ltr'>τοῖς</span> <span class='ocrx_word' id='word_1_592' title='bbox 1217 1636 1458 1672; x_wconf 76' lang='grc' dir='ltr'>προφεγραμμένοις</span> <span class='ocrx_word' id='word_1_593' title='bbox 1473 1635 1545 1666; x_wconf 80' lang='grc' dir='ltr'>ἔτους</span> <span class='ocrx_word' id='word_1_594' title='bbox 1562 1633 1654 1671; x_wconf 54' lang='lat' dir='ltr'>aloe”.</span> 
     </span>
    </p>
   </div>
   <div class='ocr_carea' id='block_1_95' title="bbox 1377 1714 1545 1743">
    <p class='ocr_par' dir='ltr' id='par_1_95' title="bbox 1377 1714 1545 1743">
     <span class='ocr_line' id='line_1_95' title="bbox 1377 1714 1545 1743; baseline 0.006 -1"><span class='ocrx_word' id='word_1_595' title='bbox 1377 1717 1494 1742; x_wconf 80' lang='grc' dir='ltr'>ΠΡΑΞΙΣ</span> <span class='ocrx_word' id='word_1_596' title='bbox 1508 1714 1545 1743; x_wconf 78' lang='grc' dir='ltr'>Ι“’.</span> 
     </span>
    </p>
   </div>
   <div class='ocr_carea' id='block_1_96' title="bbox 1097 1775 1827 1815">
    <p class='ocr_par' dir='ltr' id='par_1_96' title="bbox 1097 1775 1827 1815">
     <span class='ocr_line' id='line_1_96' title="bbox 1097 1775 1827 1815; baseline -0.001 -11"><span class='ocrx_word' id='word_1_597' title='bbox 1097 1780 1166 1807; x_wconf 78' lang='grc' dir='ltr'>Μηνὶ</span> <span class='ocrx_word' id='word_1_598' title='bbox 1181 1780 1291 1815; x_wconf 80' lang='grc' dir='ltr'>Μαρτίῳ</span> <span class='ocrx_word' id='word_1_599' title='bbox 1307 1778 1378 1814; x_wconf 76' lang='grc' dir='ltr'>ἕκτῃ,</span> <span class='ocrx_word' id='word_1_600' title='bbox 1393 1779 1478 1815; x_wconf 76' lang='grc' dir='ltr'>ἡμέρᾳ</span> <span class='ocrx_word' id='word_1_601' title='bbox 1492 1780 1582 1815; x_wconf 80' lang='grc' dir='ltr'>πρώτῃ</span> <span class='ocrx_word' id='word_1_602' title='bbox 1605 1775 1767 1809; x_wconf 81' lang='grc' dir='ltr'>ἰνδικτιῶνος</span> <span class='ocrx_word' id='word_1_603' title='bbox 1778 1775 1827 1804; x_wconf 75' lang='grc' dir='ltr'>ιδ’-</span> 
     </span>
    </p>
   </div>
   <div class='ocr_carea' id='block_1_97' title="bbox 1097 1840 1866 1878">
    <p class='ocr_par' dir='ltr' id='par_1_97' title="bbox 1097 1840 1866 1878">
     <span class='ocr_line' id='line_1_97' title="bbox 1097 1840 1866 1878; baseline -0.001 -11"><span class='ocrx_word' id='word_1_604' title='bbox 1097 1840 1131 1869; x_wconf 78' lang='grc' dir='ltr'>οί.</span> <span class='ocrx_word' id='word_1_605' title='bbox 1158 1842 1357 1878; x_wconf 80' lang='grc' dir='ltr'>Προκαϐημένου</span> <span class='ocrx_word' id='word_1_606' title='bbox 1383 1844 1429 1868; x_wconf 79' lang='grc' dir='ltr'>τοῦ</span> <span class='ocrx_word' id='word_1_607' title='bbox 1459 1842 1615 1867; x_wconf 78' lang='grc' dir='ltr'>Θεοστὲπτου</span> <span class='ocrx_word' id='word_1_608' title='bbox 1648 1842 1791 1877; x_wconf 78' lang='grc' dir='ltr'>κρατίστου</span> <span class='ocrx_word' id='word_1_609' title='bbox 1819 1843 1866 1867; x_wconf 77' lang='grc' dir='ltr'>καὶ</span> 
     </span>
    </p>
   </div>
   <div class='ocr_carea' id='block_1_98' title="bbox 1062 1885 1864 1922">
    <p class='ocr_par' dir='ltr' id='par_1_98' title="bbox 1062 1885 1864 1922">
     <span class='ocr_line' id='line_1_98' title="bbox 1062 1885 1864 1922; baseline 0.001 -11"><span class='ocrx_word' id='word_1_610' title='bbox 1062 1885 1137 1921; x_wconf 80' lang='grc' dir='ltr'>ἁγίου</span> <span class='ocrx_word' id='word_1_611' title='bbox 1156 1886 1229 1922; x_wconf 83' lang='grc' dir='ltr'>ἡμῶν</span> <span class='ocrx_word' id='word_1_612' title='bbox 1241 1885 1370 1922; x_wconf 77' lang='grc' dir='ltr'>βασιλέως</span> <span class='ocrx_word' id='word_1_613' title='bbox 1380 1889 1425 1911; x_wconf 69' lang='grc' dir='ltr'>καὶ</span> <span class='ocrx_word' id='word_1_614' title='bbox 1440 1885 1628 1922; x_wconf 66' lang='grc' dir='ltr'>αὐτοκράτορος</span> <span class='ocrx_word' id='word_1_615' title='bbox 1643 1888 1724 1922; x_wconf 74' lang='grc' dir='ltr'>κυροῦ</span> <span class='ocrx_word' id='word_1_616' title='bbox 1738 1885 1864 1914; x_wconf 73' lang='grc' dir='ltr'>Μανουὴλ</span> 
     </span>
    </p>
   </div>
   <div class='ocr_carea' id='block_1_99' title="bbox 1061 1928 1863 1967">
    <p class='ocr_par' dir='ltr' id='par_1_99' title="bbox 1061 1928 1863 1967">
     <span class='ocr_line' id='line_1_99' title="bbox 1061 1928 1863 1967; baseline 0 -10"><span class='ocrx_word' id='word_1_617' title='bbox 1061 1935 1107 1957; x_wconf 83' lang='grc' dir='ltr'>τοῦ</span> <span class='ocrx_word' id='word_1_618' title='bbox 1122 1934 1256 1967; x_wconf 81' lang='grc' dir='ltr'>Κομνηνοῦ</span> <span class='ocrx_word' id='word_1_619' title='bbox 1276 1930 1300 1956; x_wconf 80' lang='grc' dir='ltr'>ἐν</span> <span class='ocrx_word' id='word_1_620' title='bbox 1315 1934 1344 1967; x_wconf 80' lang='grc' dir='ltr'>τῇ</span> <span class='ocrx_word' id='word_1_621' title='bbox 1360 1930 1424 1967; x_wconf 67' lang='grc' dir='ltr'>αὐτῇ</span> <span class='ocrx_word' id='word_1_622' title='bbox 1441 1931 1545 1967; x_wconf 75' lang='grc' dir='ltr'>ὑπιρῴα</span> <span class='ocrx_word' id='word_1_623' title='bbox 1569 1934 1679 1967; x_wconf 74' lang='grc' dir='ltr'>τροπικῇ</span> <span class='ocrx_word' id='word_1_624' title='bbox 1698 1939 1704 1945; x_wconf 89' lang='grc'><strong>”</strong></span> <span class='ocrx_word' id='word_1_625' title='bbox 1723 1928 1863 1967; x_wconf 75' lang='grc' dir='ltr'>συνεδρία-</span> 
     </span>
    </p>
   </div>
   <div class='ocr_carea' id='block_1_100' title="bbox 1064 1973 1864 2012">
    <p class='ocr_par' dir='ltr' id='par_1_100' title="bbox 1064 1973 1864 2012">
     <span class='ocr_line' id='line_1_100' title="bbox 1064 1973 1864 2012; baseline 0 -11"><span class='ocrx_word' id='word_1_626' title='bbox 1064 1977 1157 2008; x_wconf 83' lang='grc' dir='ltr'>ζόντων</span> <span class='ocrx_word' id='word_1_627' title='bbox 1172 1980 1208 2011; x_wconf 84' lang='grc' dir='ltr'>τῷ</span> <span class='ocrx_word' id='word_1_628' title='bbox 1222 1974 1298 2011; x_wconf 72' lang='grc' dir='ltr'>ἓνθέῳ</span> <span class='ocrx_word' id='word_1_629' title='bbox 1308 1976 1397 2012; x_wconf 77' lang='grc' dir='ltr'>κράτει</span> <span class='ocrx_word' id='word_1_630' title='bbox 1416 1975 1497 2001; x_wconf 76' lang='grc' dir='ltr'>αὑτοῦ</span> <span class='ocrx_word' id='word_1_631' title='bbox 1516 1978 1562 2001; x_wconf 83' lang='grc' dir='ltr'>τοῦ</span> <span class='ocrx_word' id='word_1_632' title='bbox 1578 1973 1707 2001; x_wconf 72' lang='grc' dir='ltr'>δεσπότου</span> <span class='ocrx_word' id='word_1_633' title='bbox 1724 1976 1771 2001; x_wconf 77' lang='grc' dir='ltr'>καὶ</span> <span class='ocrx_word' id='word_1_634' title='bbox 1790 1984 1864 2012; x_wconf 83' lang='grc' dir='ltr'>πιρι-</span> 
     </span>
    </p>
   </div>
   <div class='ocr_carea' id='block_1_101' title="bbox 1061 2018 1863 2056">
    <p class='ocr_par' dir='ltr' id='par_1_101' title="bbox 1061 2018 1863 2056">
     <span class='ocr_line' id='line_1_101' title="bbox 1061 2018 1863 2056; baseline 0 -10"><span class='ocrx_word' id='word_1_635' title='bbox 1061 2021 1177 2049; x_wconf 86' lang='grc' dir='ltr'>ποθήτου</span> <span class='ocrx_word' id='word_1_636' title='bbox 1195 2019 1316 2056; x_wconf 75' lang='grc' dir='ltr'>γαμϐροῦ</span> <span class='ocrx_word' id='word_1_637' title='bbox 1340 2024 1388 2051; x_wconf 88' lang='grc' dir='ltr'>τῆς</span> <span class='ocrx_word' id='word_1_638' title='bbox 1407 2019 1482 2056; x_wconf 76' lang='grc' dir='ltr'>ἁγίας</span> <span class='ocrx_word' id='word_1_639' title='bbox 1511 2019 1589 2046; x_wconf 75' lang='grc' dir='ltr'>αὐτοὺ</span> <span class='ocrx_word' id='word_1_640' title='bbox 1613 2018 1748 2056; x_wconf 80' lang='grc' dir='ltr'>βασιλείας</span> <span class='ocrx_word' id='word_1_641' title='bbox 1779 2023 1863 2056; x_wconf 76' lang='grc' dir='ltr'>κυροῡ</span> 
     </span>
    </p>
   </div>
   <div class='ocr_carea' id='block_1_102' title="bbox 1063 2064 1864 2101">
    <p class='ocr_par' dir='ltr' id='par_1_102' title="bbox 1063 2064 1864 2101">
     <span class='ocr_line' id='line_1_102' title="bbox 1063 2064 1864 2101; baseline -0.001 -10"><span class='ocrx_word' id='word_1_642' title='bbox 1063 2064 1180 2096; x_wconf 82' lang='grc' dir='ltr'>Ἀλεξίου</span> <span class='ocrx_word' id='word_1_643' title='bbox 1197 2073 1203 2079; x_wconf 90' lang='grc'><strong>·</strong></span> <span class='ocrx_word' id='word_1_644' title='bbox 1220 2068 1266 2090; x_wconf 83' lang='grc' dir='ltr'>τοῦ</span> <span class='ocrx_word' id='word_1_645' title='bbox 1283 2064 1429 2100; x_wconf 77' lang='grc' dir='ltr'>ἀγιωτάτου</span> <span class='ocrx_word' id='word_1_646' title='bbox 1442 2067 1488 2091; x_wconf 72' lang='grc' dir='ltr'>καὶ</span> <span class='ocrx_word' id='word_1_647' title='bbox 1502 2064 1680 2100; x_wconf 78' lang='grc' dir='ltr'>οὶκουμενικοῡ</span> <span class='ocrx_word' id='word_1_648' title='bbox 1692 2064 1864 2101; x_wconf 78' lang='grc' dir='ltr'>πατριάρχου</span> 
     </span>
    </p>
   </div>
   <div class='ocr_carea' id='block_1_103' title="bbox 1061 2108 1862 2146">
    <p class='ocr_par' dir='ltr' id='par_1_103' title="bbox 1061 2108 1862 2146">
     <span class='ocr_line' id='line_1_103' title="bbox 1061 2108 1862 2146; baseline -0.001 -11"><span class='ocrx_word' id='word_1_649' title='bbox 1061 2114 1144 2146; x_wconf 69' lang='grc' dir='ltr'>ιυρου</span> <span class='ocrx_word' id='word_1_650' title='bbox 1157 2111 1248 2136; x_wconf 83' lang='grc' dir='ltr'>Λουκᾶ</span> <span class='ocrx_word' id='word_1_651' title='bbox 1263 2117 1269 2124; x_wconf 93' lang='grc'>·</span> <span class='ocrx_word' id='word_1_652' title='bbox 1291 2113 1337 2135; x_wconf 79' lang='grc' dir='ltr'>τοῦ</span> <span class='ocrx_word' id='word_1_653' title='bbox 1352 2109 1500 2145; x_wconf 78' lang='grc' dir='ltr'>ἁγιωτάτου</span> <span class='ocrx_word' id='word_1_654' title='bbox 1516 2110 1684 2146; x_wconf 75' lang='grc' dir='ltr'>πατριάρχου</span> <span class='ocrx_word' id='word_1_655' title='bbox 1696 2108 1862 2140; x_wconf 80' lang='grc' dir='ltr'>Θεουπὸλεως</span> 
     </span>
    </p>
   </div>
   <div class='ocr_carea' id='block_1_104' title="bbox 1062 2153 1864 2192">
    <p class='ocr_par' dir='ltr' id='par_1_104' title="bbox 1062 2153 1864 2192">
     <span class='ocr_line' id='line_1_104' title="bbox 1062 2153 1864 2192; baseline -0.002 -11"><span class='ocrx_word' id='word_1_656' title='bbox 1062 2154 1177 2192; x_wconf 63' lang='grc' dir='ltr'>μεγαλης</span> <span class='ocrx_word' id='word_1_657' title='bbox 1189 2154 1350 2190; x_wconf 81' lang='grc' dir='ltr'>Ἀντιοχείας</span> <span class='ocrx_word' id='word_1_658' title='bbox 1364 2158 1445 2190; x_wconf 63' lang='grc' dir='ltr'>πυροῦ</span> <span class='ocrx_word' id='word_1_659' title='bbox 1460 2154 1617 2180; x_wconf 82' lang='grc' dir='ltr'>’Δθανασίου</span> <span class='ocrx_word' id='word_1_660' title='bbox 1635 2162 1642 2169; x_wconf 84' lang='grc'>·</span> <span class='ocrx_word' id='word_1_661' title='bbox 1665 2155 1768 2180; x_wconf 81' lang='grc' dir='ltr'>καὶτοῦ</span> <span class='ocrx_word' id='word_1_662' title='bbox 1783 2153 1864 2189; x_wconf 80' lang='grc' dir='ltr'>ἁγιω-</span> 
     </span>
    </p>
   </div>
   <div class='ocr_carea' id='block_1_105' title="bbox 1062 2198 1864 2237">
    <p class='ocr_par' dir='ltr' id='par_1_105' title="bbox 1062 2198 1864 2237">
     <span class='ocr_line' id='line_1_105' title="bbox 1062 2198 1864 2237; baseline -0.004 -11"><span class='ocrx_word' id='word_1_663' title='bbox 1062 2199 1140 2226; x_wconf 85' lang='grc' dir='ltr'>τάτου</span> <span class='ocrx_word' id='word_1_664' title='bbox 1150 2200 1318 2237; x_wconf 77' lang='grc' dir='ltr'>πατριάρχου</span> <span class='ocrx_word' id='word_1_665' title='bbox 1328 2198 1510 2235; x_wconf 76' lang='grc' dir='ltr'>Ἱεροσολύμων</span> <span class='ocrx_word' id='word_1_666' title='bbox 1518 2201 1599 2235; x_wconf 81' lang='grc' dir='ltr'>χυροῡ</span> <span class='ocrx_word' id='word_1_667' title='bbox 1608 2202 1630 2225; x_wconf 90' lang='grc' dir='ltr'><strong>Ν</strong></span> <span class='ocrx_word' id='word_1_668' title='bbox 1635 2200 1773 2234; x_wconf 69' lang='grc' dir='ltr'>ιιιηφόρου·</span> <span class='ocrx_word' id='word_1_669' title='bbox 1785 2207 1838 2235; x_wconf 87' lang='grc' dir='ltr'>παρ</span> <span class='ocrx_word' id='word_1_670' title='bbox 1843 2208 1864 2223; x_wconf 63' lang='grc' dir='ltr'>ι-</span> 
     </span>
    </p>
   </div>
   <div class='ocr_carea' id='block_1_106' title="bbox 1063 2241 1862 2281">
    <p class='ocr_par' dir='ltr' id='par_1_106' title="bbox 1063 2241 1862 2281">
     <span class='ocr_line' id='line_1_106' title="bbox 1063 2241 1862 2281; baseline -0.003 -11"><span class='ocrx_word' id='word_1_671' title='bbox 1063 2246 1194 2280; x_wconf 70' lang='grc' dir='ltr'>σταμένων</span> <span class='ocrx_word' id='word_1_672' title='bbox 1226 2247 1261 2279; x_wconf 82' lang='grc' dir='ltr'>τῷ</span> <span class='ocrx_word' id='word_1_673' title='bbox 1291 2247 1407 2281; x_wconf 72' lang='grc' dir='ltr'>κραταιῷ</span> <span class='ocrx_word' id='word_1_674' title='bbox 1431 2246 1476 2270; x_wconf 77' lang='grc' dir='ltr'>καὶ</span> <span class='ocrx_word' id='word_1_675' title='bbox 1495 2243 1562 2279; x_wconf 81' lang='grc' dir='ltr'>ἁγίῳ</span> <span class='ocrx_word' id='word_1_676' title='bbox 1585 2244 1658 2279; x_wconf 85' lang='grc' dir='ltr'>ἡμῶν</span> <span class='ocrx_word' id='word_1_677' title='bbox 1681 2241 1788 2279; x_wconf 83' lang='grc' dir='ltr'>βασιλιῖ</span> <span class='ocrx_word' id='word_1_678' title='bbox 1812 2247 1862 2269; x_wconf 81' lang='grc' dir='ltr'>τῶν</span> 
     </span>
    </p>
   </div>
   <div class='ocr_carea' id='block_1_107' title="bbox 1061 2285 1863 2326">
    <p class='ocr_par' dir='ltr' id='par_1_107' title="bbox 1061 2285 1863 2326">
     <span class='ocr_line' id='line_1_107' title="bbox 1061 2285 1863 2326; baseline -0.002 -11"><span class='ocrx_word' id='word_1_679' title='bbox 1061 2289 1240 2326; x_wconf 82' lang='grc' dir='ltr'>περιποθήτων</span> <span class='ocrx_word' id='word_1_680' title='bbox 1253 2288 1364 2324; x_wconf 73' lang='grc' dir='ltr'>ἀνεψιῶν</span> <span class='ocrx_word' id='word_1_681' title='bbox 1388 2288 1479 2324; x_wconf 80' lang='grc' dir='ltr'>αὑτοῦ,</span> <span class='ocrx_word' id='word_1_682' title='bbox 1501 2291 1553 2314; x_wconf 82' lang='grc' dir='ltr'>τῶν</span> <span class='ocrx_word' id='word_1_683' title='bbox 1574 2289 1636 2314; x_wconf 80' lang='grc' dir='ltr'>υἱῶν</span> <span class='ocrx_word' id='word_1_684' title='bbox 1663 2291 1708 2314; x_wconf 82' lang='grc' dir='ltr'>τοῦ</span> <span class='ocrx_word' id='word_1_685' title='bbox 1737 2285 1863 2324; x_wconf 79' lang='grc' dir='ltr'>ἀοιδίμου</span> 
     </span>
    </p>
   </div>
   <div class='ocr_carea' id='block_1_108' title="bbox 1060 2331 1861 2370">
    <p class='ocr_par' dir='ltr' id='par_1_108' title="bbox 1060 2331 1861 2370">
     <span class='ocr_line' id='line_1_108' title="bbox 1060 2331 1861 2370; baseline -0.001 -10"><span class='ocrx_word' id='word_1_686' title='bbox 1060 2331 1222 2370; x_wconf 73' lang='grc' dir='ltr'>αὖταδέλφου</span> <span class='ocrx_word' id='word_1_687' title='bbox 1242 2337 1289 2365; x_wconf 85' lang='grc' dir='ltr'>τῆς</span> <span class='ocrx_word' id='word_1_688' title='bbox 1311 2333 1389 2370; x_wconf 82' lang='grc' dir='ltr'>ἁγίας</span> <span class='ocrx_word' id='word_1_689' title='bbox 1415 2333 1496 2360; x_wconf 70' lang='grc' dir='ltr'>αὐτοῦ</span> <span class='ocrx_word' id='word_1_690' title='bbox 1523 2332 1661 2370; x_wconf 70' lang='grc' dir='ltr'>βασιλείας</span> <span class='ocrx_word' id='word_1_691' title='bbox 1684 2341 1861 2370; x_wconf 68' lang='grc' dir='ltr'>πορφυρογεν-</span> 
     </span>
    </p>
   </div>
   <div class='ocr_carea' id='block_1_109' title="bbox 1060 2375 1862 2415">
    <p class='ocr_par' dir='ltr' id='par_1_109' title="bbox 1060 2375 1862 2415">
     <span class='ocr_line' id='line_1_109' title="bbox 1060 2375 1862 2415; baseline -0.002 -10"><span class='ocrx_word' id='word_1_692' title='bbox 1060 2381 1138 2408; x_wconf 82' lang='grc' dir='ltr'>νήτου</span> <span class='ocrx_word' id='word_1_693' title='bbox 1184 2380 1229 2405; x_wconf 69' lang='grc' dir='ltr'>καὶ</span> <span class='ocrx_word' id='word_1_694' title='bbox 1271 2377 1508 2415; x_wconf 77' lang='grc' dir='ltr'>σεϐαοτοκράτορος</span> <span class='ocrx_word' id='word_1_695' title='bbox 1551 2381 1632 2415; x_wconf 77' lang='grc' dir='ltr'>κυροῦ</span> <span class='ocrx_word' id='word_1_696' title='bbox 1671 2375 1862 2414; x_wconf 78' lang='grc' dir='ltr'>Ἀνδρονίκου,</span> 
     </span>
    </p>
   </div>
   <div class='ocr_carea' id='block_1_110' title="bbox 1059 2422 1862 2460">
    <p class='ocr_par' dir='ltr' id='par_1_110' title="bbox 1059 2422 1862 2460">
     <span class='ocr_line' id='line_1_110' title="bbox 1059 2422 1862 2460; baseline -0.004 -10"><span class='ocrx_word' id='word_1_697' title='bbox 1059 2427 1106 2450; x_wconf 82' lang='grc' dir='ltr'>τοῦ</span> <span class='ocrx_word' id='word_1_698' title='bbox 1132 2433 1160 2450; x_wconf 85' lang='grc' dir='ltr'>τι</span> <span class='ocrx_word' id='word_1_699' title='bbox 1185 2423 1407 2460; x_wconf 81' lang='grc' dir='ltr'>πρωτοσιϐαστοῦ</span> <span class='ocrx_word' id='word_1_700' title='bbox 1440 2425 1486 2450; x_wconf 71' lang='grc' dir='ltr'>καὶ</span> <span class='ocrx_word' id='word_1_701' title='bbox 1511 2422 1752 2460; x_wconf 80' lang='grc' dir='ltr'>πρωτοϐεστιαρίου</span> <span class='ocrx_word' id='word_1_702' title='bbox 1779 2426 1862 2460; x_wconf 76' lang='grc' dir='ltr'>κυροῡ</span> 
     </span>
    </p>
   </div>
   <div class='ocr_carea' id='block_1_111' title="bbox 1061 2467 1861 2505">
    <p class='ocr_par' dir='ltr' id='par_1_111' title="bbox 1061 2467 1861 2505">
     <span class='ocr_line' id='line_1_111' title="bbox 1061 2467 1861 2505; baseline -0.004 -10"><span class='ocrx_word' id='word_1_703' title='bbox 1061 2468 1191 2502; x_wconf 80' lang='grc' dir='ltr'>Ἰωάννου,</span> <span class='ocrx_word' id='word_1_704' title='bbox 1222 2471 1336 2494; x_wconf 78' lang='grc' dir='ltr'>καὶτοῦ</span> <span class='ocrx_word' id='word_1_705' title='bbox 1370 2471 1451 2505; x_wconf 79' lang='grc' dir='ltr'>κυροῡ</span> <span class='ocrx_word' id='word_1_706' title='bbox 1480 2467 1596 2500; x_wconf 79' lang='grc' dir='ltr'>’Δλεξίου</span> <span class='ocrx_word' id='word_1_707' title='bbox 1621 2470 1671 2493; x_wconf 86' lang='grc' dir='ltr'>τῶν</span> <span class='ocrx_word' id='word_1_708' title='bbox 1698 2470 1837 2503; x_wconf 80' lang='grc' dir='ltr'>Κομνηνῶν</span> <span class='ocrx_word' id='word_1_709' title='bbox 1855 2477 1861 2484; x_wconf 88' lang='grc'><strong>·</strong></span> 
     </span>
    </p>
   </div>
   <div class='ocr_carea' id='block_1_112' title="bbox 1060 2510 1862 2550">
    <p class='ocr_par' dir='ltr' id='par_1_112' title="bbox 1060 2510 1862 2550">
     <span class='ocr_line' id='line_1_112' title="bbox 1060 2510 1862 2550; baseline -0.004 -10"><span class='ocrx_word' id='word_1_710' title='bbox 1060 2516 1107 2540; x_wconf 87' lang='grc' dir='ltr'>τοῦ</span> <span class='ocrx_word' id='word_1_711' title='bbox 1131 2514 1309 2550; x_wconf 80' lang='grc' dir='ltr'>περιποθήτου</span> <span class='ocrx_word' id='word_1_712' title='bbox 1328 2510 1468 2550; x_wconf 69' lang='grc' dir='ltr'>ἔξαδίλφου</span> <span class='ocrx_word' id='word_1_713' title='bbox 1497 2516 1543 2539; x_wconf 85' lang='grc' dir='ltr'>τοῦ</span> <span class='ocrx_word' id='word_1_714' title='bbox 1564 2515 1689 2550; x_wconf 83' lang='grc' dir='ltr'>κραταιοῦ</span> <span class='ocrx_word' id='word_1_715' title='bbox 1715 2514 1760 2538; x_wconf 76' lang='grc' dir='ltr'>καὶ</span> <span class='ocrx_word' id='word_1_716' title='bbox 1787 2511 1862 2549; x_wconf 79' lang='grc' dir='ltr'>ἁγίου</span> 
     </span>
    </p>
   </div>
   <div class='ocr_carea' id='block_1_113' title="bbox 1061 2557 1862 2594">
    <p class='ocr_par' dir='ltr' id='par_1_113' title="bbox 1061 2557 1862 2594">
     <span class='ocr_line' id='line_1_113' title="bbox 1061 2557 1862 2594; baseline -0.002 -10"><span class='ocrx_word' id='word_1_717' title='bbox 1061 2559 1135 2594; x_wconf 74' lang='grc' dir='ltr'>ἡμῶν</span> <span class='ocrx_word' id='word_1_718' title='bbox 1168 2557 1298 2594; x_wconf 73' lang='grc' dir='ltr'>βασιλέως</span> <span class='ocrx_word' id='word_1_719' title='bbox 1332 2561 1415 2594; x_wconf 75' lang='grc' dir='ltr'>κυροῡ</span> <span class='ocrx_word' id='word_1_720' title='bbox 1453 2557 1572 2584; x_wconf 81' lang='grc' dir='ltr'>Ἰωάννου</span> <span class='ocrx_word' id='word_1_721' title='bbox 1606 2560 1652 2583; x_wconf 84' lang='grc' dir='ltr'>τοῦ</span> <span class='ocrx_word' id='word_1_722' title='bbox 1681 2557 1776 2591; x_wconf 78' lang='grc' dir='ltr'>Δούκα,</span> <span class='ocrx_word' id='word_1_723' title='bbox 1817 2559 1862 2582; x_wconf 80' lang='grc' dir='ltr'>τοῦ</span> 
     </span>
    </p>
   </div>
   <div class='ocr_carea' id='block_1_114' title="bbox 1063 2600 1862 2640">
    <p class='ocr_par' dir='ltr' id='par_1_114' title="bbox 1063 2600 1862 2640">
     <span class='ocr_line' id='line_1_114' title="bbox 1063 2600 1862 2640; baseline -0.003 -11"><span class='ocrx_word' id='word_1_724' title='bbox 1063 2602 1121 2629; x_wconf 82' lang='grc' dir='ltr'>υἱοῦ</span> <span class='ocrx_word' id='word_1_725' title='bbox 1144 2606 1191 2629; x_wconf 81' lang='grc' dir='ltr'>τοῦ</span> <span class='ocrx_word' id='word_1_726' title='bbox 1223 2600 1348 2640; x_wconf 77' lang='grc' dir='ltr'>ἀοιδίμου</span> <span class='ocrx_word' id='word_1_727' title='bbox 1381 2604 1625 2640; x_wconf 74' lang='grc' dir='ltr'>πορφυρογεννὴτου</span> <span class='ocrx_word' id='word_1_728' title='bbox 1658 2603 1704 2628; x_wconf 76' lang='grc' dir='ltr'>καὶ</span> <span class='ocrx_word' id='word_1_729' title='bbox 1736 2600 1862 2627; x_wconf 78' lang='grc' dir='ltr'>σεϐαστο-</span> 
     </span>
    </p>
   </div>
   <div class='ocr_carea' id='block_1_115' title="bbox 1063 2645 1861 2686">
    <p class='ocr_par' dir='ltr' id='par_1_115' title="bbox 1063 2645 1861 2686">
     <span class='ocr_line' id='line_1_115' title="bbox 1063 2645 1861 2686; baseline -0.003 -12"><span class='ocrx_word' id='word_1_730' title='bbox 1063 2647 1188 2685; x_wconf 76' lang='grc' dir='ltr'>κράτορος</span> <span class='ocrx_word' id='word_1_731' title='bbox 1210 2651 1292 2686; x_wconf 75' lang='grc' dir='ltr'>κυροῦ</span> <span class='ocrx_word' id='word_1_732' title='bbox 1323 2645 1493 2686; x_wconf 73' lang='grc' dir='ltr'>’Δνδρονίκου</span> <span class='ocrx_word' id='word_1_733' title='bbox 1519 2650 1567 2674; x_wconf 82' lang='grc' dir='ltr'>τοῦ</span> <span class='ocrx_word' id='word_1_734' title='bbox 1590 2647 1768 2685; x_wconf 74' lang='grc' dir='ltr'>περιποθήτου</span> <span class='ocrx_word' id='word_1_735' title='bbox 1793 2646 1861 2672; x_wconf 82' lang='grc' dir='ltr'>θιίου</span> 
     </span>
    </p>
   </div>
   <div class='ocr_carea' id='block_1_116' title="bbox 1100 2719 1304 2760">
    <p class='ocr_par' dir='ltr' id='par_1_116' title="bbox 1100 2719 1304 2760">
     <span class='ocr_line' id='line_1_116' title="bbox 1100 2719 1304 2760; baseline 0.01 -12"><span class='ocrx_word' id='word_1_736' title='bbox 1100 2719 1157 2760; x_wconf 73' lang='grc' dir='ltr'>(ιι)</span> <span class='ocrx_word' id='word_1_737' title='bbox 1176 2720 1247 2757; x_wconf 70' lang='lat' dir='ltr'>Pas.</span> <span class='ocrx_word' id='word_1_738' title='bbox 1258 2720 1304 2751; x_wconf 73' lang='lat'>49.</span> 
     </span>
    </p>
   </div>
  </div>
