1947 3077
191 71 244 99 263

855 70 990 98 ΝΙΟΕΤᾸΞ
1015 66 1210 96 CHONIAT/E.

1828 69 1900 96 264

191 131 328 161 stantiale
344 133 412 165 Deo,
428 132 469 160 ita
488 133 520 160 ut
533 131 674 168 physicas
697 132 738 160 rei
765 135 871 160 creatae
884 131 1016 168 proprie-

1080 129 1107 160 Ᾱις
1135 128 1258 160 ἐκστῆναι
1284 135 1332 156 τῶν
1360 134 1474 167 φυσικῶν
1513 128 1650 160 ίδιοτήτων
1677 133 1723 156 τοῦ
1747 133 1894 161 κτιστοῦ,

192 179 265 205 tates
294 177 422 210 amittat,
444 184 554 212 nempe
575 176 895 213 circumscriptionem,
920 177 947 203 et
965 183 1018 202 cte-

191 224 253 249 tera
263 229 331 257 quae
343 222 373 249 in
385 221 489 248 Christi
501 221 637 248 humana
652 224 760 249 natura
774 224 952 253 cernuntur;
966 219 1019 246 sed

193 268 301 302 putant
315 265 534 293 humanitatem
545 273 721 294 conversam
733 265 824 293 fuisse
839 265 869 292 in
883 263 1020 292 divinita-

191 310 228 339 tis
243 310 460 343 substantiam;
477 310 517 337 ita
534 311 566 337 ut
580 309 649 337 hinc
664 310 848 338 concludant
861 309 908 337 vel
923 308 1018 344 phan-

191 354 330 383 tasticain
344 354 436 382 fuisse
452 357 540 390 atque
555 354 637 382 haud
653 362 755 382 veram
778 353 894 382 Domini
923 352 1019 381 incar—

192 399 346 428 nationem
360 401 388 427 et
401 398 584 435 passionem,
601 398 648 426 vel
663 399 810 434 Unigeniti
834 397 1019 426 divinitatem

192 451 316 480 passam
331 443 424 471 fuisse
438 452 444 477 ;
458 442 621 471 anathema
636 443 685 470 sit.

228 489 272 516 1V.
286 503 320 508 —
343 490 368 515 5.
386 488 494 515 Eorum
513 487 565 523 qui
585 487 698 522 dicunt,
723 495 845 515 carnem
858 485 976 515 Domini
990 486 1020 514 vi

192 531 413 567 conjunctionis
431 531 526 567 ipsius
541 530 712 565 exaltatam,
729 539 882 568 supraque
897 538 1019 559 omnem

192 576 339 604 honorem
360 576 536 604 collocatam
554 576 606 610 (ita
626 579 657 604 ut
670 576 727 605 hoc
744 576 853 604 eximio
867 584 945 604 nexu
961 575 1020 604 dei-

192 621 283 649 ticata
298 621 345 656 sit)
359 620 594 654 immutabiliter,
608 621 833 655 invariabiliter,
852 620 1018 653 iuconfuse,

192 666 466 699 inconvertibiliter,
481 666 675 702 hypostaticaa
691 665 911 702 conjunctiouis
925 666 1021 701 gratia

193 711 437 747 inseparabilem,
452 711 726 748 indivisihilemque
741 713 914 740 manentem
930 710 1021 739 simul

194 763 264 784 cum
292 758 465 783 assumente
498 756 597 792 ipsam
626 757 684 784 Deo
708 756 814 792 Verbo,
831 756 1020 793 parihonore

1072 183 1116 200 τον
1132 179 1318 211 περιγραπτοῦ>
1333 178 1378 202 καὶ
1399 180 1448 201 τῶν
1467 175 1562 201 λοιπῶν
1582 178 1632 200 τῶν
1659 173 1683 200 ἐν
1710 178 1740 210 τῇ
1773 173 1896 211 ἀνθρω-

1072 221 1133 251 πεία
1164 220 1238 254 φύσει
1271 223 1317 246 τοῦ
1350 223 1468 256 Χριστοῦ
1501 220 1679 257 θεωρουμένων
1700 227 1706 234 ·
1748 227 1897 256 μεταμει-

1074 264 1169 298 φθῆναι
1196 261 1226 290 δὲ
1253 263 1290 296 εἰς
1313 267 1359 294 τὴν
1391 265 1511 296 θεότητος
1538 264 1639 297 οὐσίαν,
1664 265 1699 294 ὡς
1725 263 1753 290 ἔκ
1777 264 1895 290 τούτου

1073 307 1186 343 εἰσάγειν
1216 308 1231 338 ἦ
1260 311 1388 346 φαντασίᾳ
1413 311 1458 336 καὶ
1483 309 1529 336 οὐκ
1547 308 1655 345 ἀληθείᾳ
1678 311 1814 345 γεγονέναι
1833 311 1895 337 τὴν

1074 351 1268 389 ὶνανϐρωπησιν
1294 356 1339 380 τοῦ
1366 357 1462 392 Κυρίου
1491 356 1536 380 καὶ
1559 355 1592 380 τὰ
1613 354 1725 388 ademi:
1751 355 1802 382 τὴν
1833 356 1894 379 τοῦ

1073 401 1233 434 Μονογενοῡς
1248 399 1358 428 ϐιότητα
1372 400 1474 432 παθεῖν,
1488 397 1613 435 ἀνάθεμα.

1110 486 1221 514 Δ’.-ι’.
1241 491 1296 514 Τῶν
1315 487 1438 524 λεγόντων
1461 489 1503 514 ὃτι
1527 489 1542 517 ἠ
1570 488 1637 524 σὰρξ
1658 491 1705 514 τοῦ
1721 490 1826 523 Κυρίου
1859 487 1896 519 ἐξ

1074 532 1154 563 αὐτῆς
1178 533 1291 564 ἓνώσιως
1316 532 1528 570 ὑπιρυψωθείσα,
1554 535 1598 559 καὶ
1623 531 1758 559 ἀνωτάτων
1784 534 1894 563 πάσης

1073 581 1150 613 τιμῆς
1175 578 1353 614 ὑπερκειμένη,
1383 579 1415 608 ὡς
1449 577 1476 609 ἐξ
1505 578 1588 615 ἄκρας
1626 577 1738 609 ἑνώσεως
1768 578 1895 614 ὁμόθεος

1074 624 1205 658 γινομένη,
1246 622 1437 659 ἀμιταϐλήτως,
1485 622 1670 657 ἁναλλοιὼτως,
1712 622 1893 658 ἁσυγχύτως

1073 670 1118 693 καὶ
1147 666 1287 704 ἀτρέπτως,
1311 665 1358 694 διὰ
1371 670 1418 696 τὴν
1445 667 1504 693 καθ’
1520 668 1666 693 ὑπόστασιν
1698 668 1802 702 ἕνωσιν,
1835 677 1894 693 και

1074 711 1225 749 ἁχὼριστος
1250 714 1295 738 καὶ
1328 710 1511 742 ἀδιάσπαστος
1525 713 1640 748 μένουσαι
1663 715 1699 747 τῷ
1727 711 1890 749 προσλαϐο-

1073 759 1140 793 μένῳ
1164 758 1245 785 αὐτὴν
1270 758 1324 783 Θεῶ
1345 759 1431 792 Λόγῳ,
1456 756 1576 787 ἱσοκλεῶς
1602 757 1673 792 αὐτῷ
1695 759 1807 792 τιμᾶται
1834 758 1891 782 καὶ

194 800 252 828 coli
282 802 312 828 et
344 800 474 833 adorari,
491 800 580 828 unica
616 800 800 836 adoratione,
835 801 978 837 regioque
992 803 1019 828 et

1080 805 1258 838 τροονιυνιῖται
1281 804 1330 837 μιᾷ
1357 803 1544 837 προσκυνήσει,
1566 803 1611 827 καὶ
1632 804 1688 831 τοῖς
1721 800 1890 838 βασιλικοὶς

194 844 296 872 divino
308 845 338 873 in
349 844 422 873 solio
433 844 472 872 ad
485 845 578 872 Patris
589 844 744 873 dexteram
756 845 901 878 residere;
917 847 1020 881 utpote

194 897 263 925 quae
280 889 444 917 Divinitatis
466 889 550 917 dotes
568 889 713 924 gloriosas
732 889 842 926 adepta
856 892 910 923 est,
931 889 1020 917 salvis

193 937 370 962 naturarum
382 934 630 970 proprietatibus:
644 934 686 961 sic
697 934 870 968 dicentium,
882 934 1019 970 inquam,

193 981 305 1007 teterna
318 979 463 1007 memoria
479 979 525 1006 sit.

227 1026 254 1052 6.
275 1025 341 1052 Hmc
371 1024 534 1060 quotannis
563 1024 670 1052 eadem
704 1024 752 1051 die
768 1023 922 1052 Dominico
951 1031 1020 1051 cum

192 1070 282 1096 antea
310 1067 392 1095 dictis
421 1076 486 1095 esse
509 1068 679 1103 profitenda
705 1067 858 1096 decretum
884 1070 940 1096 est.
958 1068 1020 1095 lmo

191 1119 274 1146 vero,
285 1120 354 1140 cum
367 1120 420 1148 per
435 1112 463 1139 id
478 1114 596 1148 tempus
612 1111 800 1140 ordinandus
814 1115 890 1140 esset
903 1113 1020 1140 Neocae-

194 1163 289 1184 sareae
305 1156 477 1192 episcopus,
494 1155 532 1184 ad
548 1158 653 1184 caetera
664 1164 731 1192 quae
742 1156 782 1184 ob
802 1157 1020 1193 explorandam

192 1200 303 1228 mentis
333 1201 543 1228 orlhodoxiam
571 1200 720 1236 descripta
743 1203 838 1234 erant,
851 1201 909 1229 hoc
930 1201 1020 1229 etiam

191 1247 262 1274 tunc
275 1245 456 1281 imperatum
470 1248 513 1272 cst
523 1245 636 1273 recitari
649 1245 694 1273 his
712 1245 901 1274 adamussim
912 1245 1017 1274 verbis.

231 1383 257 1408 7.
279 1380 373 1408 Etiam
400 1380 566 1416 amplector
594 1382 622 1409 et
654 1381 796 1417 proﬁteor
824 1389 861 1409 ea
892 1389 960 1417 quae
982 1381 1020 1409 de

194 1424 284 1453 etfato
300 1424 454 1453 Dominico
469 1424 498 1452 in
510 1425 621 1452 sanctis
638 1425 822 1461 Evangeliis:
840 1427 929 1454 Pater
938 1433 1019 1453 meus

1073 849 1118 872 καὶ
1149 847 1226 876 θείοις
1239 845 1427 883 ἕγκαθίδρνται
1456 847 1546 876 θώκοις
1574 845 1602 872 ἐκ
1627 843 1717 877 δεξιῶν
1746 849 1793 872 τοῦ
1824 849 1889 872 Πα-

1073 893 1143 927 τρός,
1174 892 1207 921 ὡς
1236 891 1269 916 τὰ
1290 895 1336 922 τῆς
1371 891 1488 920 θεότητος
1517 890 1664 926 αὐχήματα
1691 890 1889 919 καταπλουτή-

1075 945 1156 968 σασα,
1182 935 1333 971 σωζομένων
1353 940 1402 962 τῶν
1422 933 1559 964 ἰδιοτήτων
1580 939 1630 961 τῶν
1652 937 1761 972 φύσεων,
1779 935 1886 961 αἰωνιοι

1074 981 1089 1009 ἡ
1106 982 1205 1016 μνήμη.

1112 1024 1138 1055 ς’.
1154 1027 1243 1050 Ταυτα
1269 1023 1302 1053 δή
1332 1026 1377 1050 καὶ
1401 1023 1514 1054 ἐτησίως
1527 1025 1594 1051 κατὰ
1621 1025 1719 1054 ταύτην
1744 1026 1792 1054 τήν
1820 1034 1881 1050 κυ-

1073 1071 1201 1106 ριὼνυμον
1244 1070 1461 1105 συνικφωνεῖσθαι
1497 1072 1550 1100 τοῖς
1588 1072 1762 1107 προγραφεῖσι
1797 1070 1884 1095 κεκύ-

1073 1123 1165 1151 ρωται·
1191 1113 1220 1140 οὗ
1244 1116 1322 1149 μόνον
1347 1111 1376 1140 δὲ
1403 1113 1467 1140 ἀλλὰ
1489 1116 1534 1140 καὶ
1557 1115 1630 1151 παρὰ
1655 1117 1701 1139 τοῦ
1728 1117 1885 1142 τηνικαῦτα

1073 1160 1132 1184 τότ(
1156 1159 1375 1195 χειροτονηθῆναι
1411 1157 1543 1193 μέλλοντος
1572 1157 1714 1195 ἀρχιερέως
1738 1161 1785 1188 τῆς
1810 1161 1883 1184 Νεο-

1074 1204 1219 1239 καισαρέων
1256 1201 1362 1235 πόλεως,
1391 1205 1444 1232 τοῖς
1473 1203 1544 1240 παρὰ
1577 1206 1624 1228 τοῦ
1654 1205 1777 1239 πρότερον
1810 1204 1883 1238 πρὸς

1074 1246 1215 1282 ἀσφάλειαν
1239 1250 1285 1272 τοῦ
1318 1245 1415 1272 ἑαυτῶν
1439 1249 1603 1283 φρονήματος
1628 1248 1798 1283 γραφομένοις
1828 1249 1882 1272 καὶ

1073 1295 1157 1317 ταῦτα
1185 1289 1421 1327 συνεξησφάλιοται
1447 1293 1512 1328 πρὸς
1538 1292 1595 1322 ἔπος
1625 1291 1692 1317 οὕτω
1718 1289 1881 1328 διαλαμϐά-

1072 1345 1158 1362 νοντα·

1111 1380 1141 1412 ζ’.
1157 1380 1214 1406 ’Ἐτι
1239 1380 1445 1416 κατασπάζομαι
1468 1383 1512 1406 καὶ
1536 1380 1652 1417 ὁμολογῶ
1677 1381 1710 1407 τὰ
1736 1382 1795 1416 περὶ
1824 1384 1878 1412 τῆς

1074 1424 1098 1450 ἐν
1122 1428 1176 1454 τοῖς
1207 1423 1290 1459 ἁγίοις
1316 1424 1481 1460 Εὐαγγελίοις
1509 1428 1668 1455 Δισποτικῆς
1695 1427 1778 1461 φωνῆς
1811 1428 1876 1458 τῆς,

193 1470 293 1504 major
309 1477 355 1497 me
371 1472 413 1498 est
443 1469 552 1497 tradita
566 1471 635 1497 sunt
648 1477 666 1497 a
680 1470 791 1498 sanctis
808 1470 953 1506 Patribus,
968 1470 1019 1498 de-

1081 1473 1102 1496 0
1127 1471 1217 1506 Πατήρ
1245 1479 1295 1504 μου
1324 1468 1419 1504 μείζων
1445 1470 1496 1505 μού
1525 1468 1590 1502 iam,
1618 1470 1691 1505 παρά
1715 1473 1765 1495 τῶν
1789 1468 1877 1503 ἁγίων

193 1513 305 1542 clarata
321 1516 422 1542 autem
437 1514 467 1541 in
494 1513 632 1549 religioso
649 1516 740 1549 tomo,
756 1515 808 1551 qui
835 1515 1020 1550 compositus

192 1560 236 1586 est
259 1560 334 1586 nutu
361 1558 504 1586 divinitus
531 1559 667 1594 inspirati
705 1559 835 1594 potentis
863 1560 1020 1595 sanctique

191 1603 286 1631 nostri
298 1603 377 1638 regis
392 1603 638 1639 Porphyrogeniti
654 1605 681 1631 et
696 1604 886 1640 imperatoris
905 1604 1020 1632 domini

192 1647 334 1675 Manueiis
349 1649 492 1675 Comnem
505 1656 510 1674 :
527 1655 635 1683 nempe
650 1647 733 1683 quod
746 1647 927 1677 locutionem
942 1648 1020 1675 hanc

192 1691 313 1728 protulit
343 1693 488 1719 Dominus
511 1695 540 1719 et
565 1694 642 1720 Deus
668 1695 768 1720 noster
781 1693 869 1720 Jesus
887 1693 1020 1720 Christus

193 1734 283 1762 etiam
300 1735 469 1762 secundum
487 1743 572 1762 suam
589 1739 720 1764 creatam
749 1736 1021 1773 circumscriptam-

194 1785 253 1814 que
270 1781 408 1806 naturam
425 1779 454 1806 in
470 1787 531 1814 qua
550 1782 577 1807 et
592 1788 702 1815 passus
717 1782 771 1808 est.
788 1781 906 1816 Recipio
920 1784 1020 1809 autem

195 1821 232 1850 de
247 1821 398 1850 locutione
413 1823 470 1850 hac
485 1825 605 1850 caeteras
634 1831 756 1859 quoque
779 1827 952 1852 sanctorum
968 1826 1021 1853 Pa-

196 1869 274 1894 trum
304 1866 572 1903 interpretationes.
589 1870 684 1903 Atque
703 1868 767 1896 haec
782 1876 799 1896 a
817 1869 932 1897 cunctis
953 1877 1022 1898 con-

194 1911 345 1939 secrandis
356 1911 494 1947 deinceps
507 1912 658 1948 episcopis
674 1912 843 1948 proﬁtenda
858 1921 922 1941 esse
936 1922 1022 1942 cons-

193 1955 312 1984 titutum
325 1958 379 1984 est.

228 2002 253 2027 8.
271 2001 319 2028 [iis
330 2000 414 2034 actis,
431 2000 521 2028 unius
538 2001 587 2028 Dei
604 2001 734 2029 Ecclesia
747 2002 778 2030 in
792 2010 887 2030 unum
908 2010 1018 2040 corpus

190 2045 278 2073 rediit
305 2048 333 2073 et
358 2045 440 2073 unita
468 2048 528 2074 est:
554 2045 795 2082 exclamavitque
821 2055 891 2075 cum
907 2055 1019 2082 magno

191 2089 285 2118 Paulo
301 2099 308 2118 :
326 2090 465 2118 Christus
478 2093 519 2118 est
537 2098 602 2124 pax
616 2094 731 2121 nostra.
747 2092 1020 2128 qui/‘ecitutraque

191 2141 285 2162 unum
297 2135 330 2152 ³⁵·
344 2142 350 2167 ;
367 2136 396 2162 et
410 2142 489 2167 eum,
502 2134 552 2170 qui
569 2142 654 2170 teque
668 2143 703 2163 ac
719 2135 860 2163 Salomon
870 2136 1019 2172 sapientia

191 2178 292 2206 infusa
319 2177 463 2214 praeditus
490 2181 563 2211 erat,
575 2179 712 2215 apprime
727 2180 887 2216 paciﬁcum
904 2183 931 2209 et
951 2189 1017 2209 vere

193 2224 318 2251 unctum
334 2223 450 2251 Domini
464 2231 565 2258 regem
579 2224 793 2258 magniﬁcavit.

459 2339 562 2368 ACTIO
583 2340 722 2373 QUINTA.

231 2406 255 2431 t.
277 2404 377 2439 Neque
391 2406 491 2431 tamen
503 2403 621 2431 interim
635 2403 819 2432 dormitabat
841 2405 866 2432 is
882 2405 933 2441 qui
945 2405 1019 2433 ziza—

191 2448 276 2476 nium
291 2448 321 2475 in
334 2447 485 2482 religionis
507 2447 604 2475 tritico
628 2456 726 2476 serere
752 2448 874 2476 molitur
888 2455 907 2482 ;‘
921 2457 1019 2485 neque

189 2501 280 2530 porro
290 2493 464 2521 demoratus
480 2495 534 2521 est.
551 2500 649 2528 neque
667 2492 812 2520 malitiam
826 2493 878 2520 diu
895 2493 1016 2522 distulit.

189 2537 241 2566 sed
254 2545 391 2565 rumores
406 2536 514 2564 iterum
529 2537 736 2570 insonuerunt,
753 2538 804 2573 qui
823 2540 1017 2573 persanatutn

188 2590 285 2618 nuper
295 2581 521 2610 Christianitatis
537 2589 646 2617 corpus
659 2581 830 2609 exulcerare
846 2581 1016 2610 tentabant!

189 2627 350 2663 denuoque
366 2625 609 2662 obloquebantur
636 2625 772 2662 quidam.
802 2626 957 2654 conditum
973 2629 1016 2654 to-

230 2713 262 2734 85'
277 2714 383 2749 Ephes.
399 2722 427 2750 ιι,
447 2716 489 2742 14.

1075 1515 1195 1550 Πατερων
1223 1511 1408 1551 παραδοθέντα
1429 1516 1474 1540 καὶ
1501 1512 1718 1550 διατρανωθῑντα,
1745 1514 1795 1540 ὑπὸ
1826 1518 1877 1540 τοῦ

1075 1557 1196 1588 εὐσεϐοῦς
1223 1560 1304 1593 τόμον
1334 1561 1381 1584 τοῦ
1417 1557 1560 1589 ἐκτεθέντος
1587 1559 1727 1594 θιοκινήτῳ
1764 1559 1877 1594 νεύματι

1074 1606 1119 1629 του
1139 1606 1265 1639 κραταιοῦ
1286 1604 1331 1628 καὶ
1349 1602 1426 1638 ἁγίου
1446 1603 1519 1638 ἡμῶν
1542 1602 1670 1639 ﬁam-Aio);
1691 1607 1877 1640 Πορφυρογεν-

1074 1650 1150 1676 νήτου
1174 1649 1218 1672 καὶ
1238 1647 1427 1684 αὐτοκράτορος
1445 1651 1526 1683 κνροῡ
1551 1647 1675 1676 Μανουὴλ
1697 1651 1742 1673 τοῦ
1770 1650 1877 1684 Κομνη-

1074 1695 1129 1718 νοῦ·
1150 1693 1231 1727 ἤγουν
1250 1692 1289 1718 ὅτι
1303 1693 1350 1720 τὴν
1376 1694 1461 1727 φωνὴν
1476 1693 1573 1721 ταύτην
1603 1693 1703 1728 εἴρηται
1729 1693 1742 1718 ὁ
1777 1693 1876 1729 Κύριος

1075 1739 1119 1762 καὶ
1147 1738 1211 1767 Θεὸς
1235 1737 1307 1772 ἡμῶν
1332 1736 1436 1767 Ἰησοὺς
1461 1738 1584 1773 Χριστὸς,
1612 1739 1658 1763 καὶ
1681 1737 1750 1763 κατὰ
1775 1739 1821 1766 τὴν
1847 1736 1874 1762 ἐν

1074 1780 1145 1816 αὐτῷ
1167 1783 1276 1810 κτιστὴν
1300 1783 1344 1807 καὶ
1368 1783 1547 1818 περιγραπτὴν
1576 1783 1661 1817 φύσιν,
1689 1780 1748 1807 καθ’
1773 1782 1804 1810 ἠν
1827 1784 1875 1808 καὶ

1074 1826 1192 1852 πέπονθε.
1214 1827 1330 1861 Δέχομαι
1345 1823 1375 1851 δὲ
1399 1827 1445 1851 καὶ
1460 1826 1505 1856 τάς
1520 1828 1579 1862 περὶ
1592 1829 1638 1852 τοῦ
1652 1827 1772 1852 τοιούτου
1791 1826 1873 1863 ῥητου

1075 1870 1159 1905 ἑτέρας
1187 1870 1320 1906 ἑρμηνείας
1352 1873 1402 1895 τῶν
1435 1869 1516 1905 ἁγίων
1551 1871 1680 1907 Πατέρων.
1712 1870 1792 1908 "Amp
1825 1873 1872 1897 καὶ

1075 1914 1162 1950 ἐφεξῆς
1189 1915 1215 1940 οἱ
1242 1915 1448 1951 χειροτονεῖσθαι
1478 1913 1607 1950 μίλλοντις
1630 1916 1720 1946 πάντες
1739 1914 1873 1952 ἀρχιιροῖς

1074 1960 1227 1995 ὡρίσθησαν
1241 1958 1442 1994 ἁσφαλίζεσθαι.

1109 2002 1141 2031 η’.
1161 2005 1251 2038 Γέγονε
1276 2006 1359 2029 ταυτα
1371 2014 1377 2019 ·
1406 2005 1451 2029 καὶ
1475 2004 1490 2032 ἡ
1515 2007 1561 2029 τοῦ
1581 2003 1632 2034 ἐνὸς
1648 2007 1714 2031 Θεοῦ
1729 2004 1874 2034 Ἐκκλησία

1072 2049 1138 2083 πρὸς
1161 2048 1185 2073 ἓν
1201 2049 1327 2082 συνήγετο
1356 2049 1399 2073 καὶ
1420 2050 1560 2076 συνήνωτο·
1588 2050 1633 2074 καὶ
1654 2049 1723 2074 κατά
1734 2050 1776 2074 τὸν
1791 2050 1872 2085 μέγαν

1074 2091 1182 2118 Παύλου·
1208 2094 1323 2128 Χριστος
1349 2091 1418 2118 ἔστιν
1449 2093 1464 2121 ὴ
1494 2091 1581 2129 εἰρήνη
1613 2093 1686 2129 ἡμῶν
1716 2094 1730 2119 ὁ
1758 2096 1874 2126 ποιήσοις

1071 2137 1104 2162 τὰ
1134 2135 1266 2173 ἀμφότερα
1295 2135 1519 2172 ἓν,ὰνακέκραγι·
1547 2139 1593 2163 καὶ
1626 2138 1670 2163 τόν
1702 2139 1768 2164 κατὰ
1799 2137 1871 2164 Σολο-

1071 2184 1160 2217 μῶντα
1184 2182 1212 2206 τὸ
1236 2184 1282 2211 τῆς
1315 2182 1462 2218 φρονήσεως
1492 2182 1570 2217 χύμα
1610 2181 1797 2211 πλουτήσαντα
1826 2185 1871 2209 καί

1073 2225 1272 2261 εἰρηνικώτατον
1305 2224 1406 2255 ἀληθῶς
1429 2227 1472 2251 τὸν
1498 2227 1611 2263 Χριστὸν
1637 2228 1734 2264 Κυρίου
1760 2225 1871 2263 βασιλέα

1072 2269 1303 2307 προσεμεγάλυνεν.

1390 2344 1508 2369 ΠΡΛΞΙΣ
1523 2342 1556 2370 Ε’.

1109 2403 1140 2429 α’.
1171 2403 1249 2429 Ἀλλά
1270 2405 1320 2441 γὰρ
1349 2403 1395 2430 οὐκ
1419 2402 1448 2432 ἦν
1475 2403 1576 2441 ἀμελεῖν
1599 2407 1643 2431 τὸν
1667 2406 1798 2443 ἄγρυπνον
1820 2411 1870 2434 τῶν

1074 2447 1196 2478 ζιζανίων
1214 2450 1312 2485 πορέα
1334 2452 1369 2483 τῷ
1392 2453 1439 2479 τῆς
1464 2449 1593 2481 εὐσεϐείας
1617 2452 1681 2486 σίτῳ
1698 2450 1870 2478 ἐπιϐουλεύον-

1073 2501 1114 2518 rw
1137 2494 1229 2518 οὔκουν
1246 2491 1303 2519 οὐδ’
1328 2492 1472 2526 ἀνεϐάλετο,
1496 2493 1558 2520 οὐδε
1571 2497 1615 2523 τήν
1641 2497 1733 2521 κακίαν
1758 2495 1799 2523 ἰπὶ
1821 2507 1869 2534 μα-

1072 2539 1134 2574 κρὸν
1172 2537 1307 2573 ὑπερέθετο
1323 2545 1330 2552 ⁸
1371 2537 1423 2563 ἀλλ’
1453 2539 1678 2576 ὐποτονθορνσμοί
1705 2550 1770 2571 τινες
1795 2542 1869 2568 πάλιν

1073 2582 1263 2617 ἑπανηχοὺντο,
1289 2584 1317 2608 το
1341 2582 1498 2609 cavati/metu
1519 2582 1571 2612 ἤδη
1600 2588 1647 2610 τοῦ
1673 2589 1722 2611 τῶν
1745 2589 1867 2622 Χριστω-

1072 2627 1156 2662 νόμων
1207 2630 1326 2662 σώματος
1367 2627 1510 2660 αναξαίνειν
1558 2628 1785 2668 ἀποπειρώμενοι·
1825 2635 1866 2659 καὶ
