1947 3077
204 120 257 150 267

872 114 1013 142 NICETJE
1032 113 1221 142 ΟΗΟΝΙΛΤιΕ

1855 113 1933 140 268

202 182 350 218 gloriosas
361 180 472 218 adepta
482 181 536 214 est,
551 178 642 208 salvis
656 178 832 206 naturarum
846 175 1033 212 proprietati-

1107 176 1159 211 ὑχή
1163 185 1234 212 ματα
1243 175 1409 205 καταπλουτή
1414 184 1495 210 σασα,
1510 174 1661 211 σωζομένων
1673 178 1724 200 τῶν
1746 172 1852 204 ideo-ni
1857 183 1931 200 των

202 227 272 256 bus.

237 273 265 300 4.
288 270 474 300 Sanctissimi
489 271 590 298 autem
617 266 711 296 nostri
729 265 844 294 domini
857 265 1034 294 aacumenici

202 315 381 353 patriarchae
397 314 543 343 sententia
559 313 626 341 talis
638 311 703 339 fuit.
715 310 783 339 Mihi
798 310 938 338 videntur
949 311 1034 346 quot-

202 363 278 398 quot
289 359 425 396 episcopi
451 367 486 388 ac
500 357 654 395 prmpoeiti
669 356 708 384 de
722 355 828 384 Christi
847 355 1034 382 humanitate

202 406 283 434 dicta
296 404 487 433 aﬂirmarunt
507 403 615 431 verba:
628 402 718 429 Pater
728 408 808 428 meus
817 401 916 434 major
927 407 972 426 me
979 401 1031 431 est,

201 450 234 479 id
246 452 290 478 est
305 448 474 477 secundum
486 448 552 483 ejus
565 448 698 474 creatam
711 445 879 473 humanam
892 446 1034 471 naturam

202 495 234 523 in
253 502 315 531 qua
331 495 359 521 et
372 501 481 530 passus
496 495 549 527 est,
566 494 645 519 recte
669 492 697 518 et
717 489 865 517 inoffense
891 490 980 524 atque
994 487 1034 515 ad

202 538 392 576 propositum
415 536 608 573 respondisse
625 543 632 562 :
649 534 701 571 qui
724 536 824 561 autem
853 532 937 560 aliter
952 532 1034 559 dixe-

202 586 282 618 runt,
293 582 422 611 obscure
442 580 636 617 respondisse
662 578 812 611 videntur,
827 577 889 604 imo
908 577 985 604 inter
1003 583 1034 603 se

203 628 358 657 discordes
365 634 465 663 neque
479 626 519 653 ad
534 623 723 661 propositum
744 621 947 650 collineantes.
965 622 1035 649 Sanv

204 672 331 701 ctissimi
348 674 450 700 autem
476 669 558 698 urbis
586 668 637 696 Dei
660 673 780 702 magna:
798 665 961 694 Antiochia
983 673 1036 701 pa-

203 717 352 750 triarchae,
368 716 433 744 haec
442 714 509 742 fuit.
522 711 735 741 Sanctissimus
756 710 928 746 patriarcha
952 709 1035 737 urbis

205 761 257 790 Dei
268 769 389 796 magnae
397 759 564 788 Antiochiae,
574 757 624 791 ait,
637 756 750 784 dictum
760 755 852 783 fuisse
868 763 886 782 a
901 754 1015 782 Christo
1028 763 1034 780 :

204 807 299 835 Pater
311 813 391 834 meus
414 805 511 838 maior
521 810 566 831 me
587 804 640 836 est,
652 801 743 829 etiam
758 799 926 828 secundum
941 800 1036 827 incar-

1086 224 1136 246 τῶν
1152 222 1261 256 φύσεων.

1123 263 1156 292 δ’.
1174 264 1203 290 Ἠ
1224 263 1254 291 δὲ
1273 269 1318 291 τοῦ
1352 265 1499 300 ἀγιωτάτου
1528 265 1601 300 ἡμῶν
1628 261 1759 289 δεσπότου
1785 265 1844 289 καὶ
1869 262 1930 288 οἱ-

1086 312 1240 345 κουμενικοῦ
1276 311 1442 346 πατριάρχου
1472 308 1552 338 οὓτως
1581 309 1708 344 (42)·ὃτι
1737 309 1821 343 Ἐμοὶ
1865 306 1932 333 δο-

1087 358 1178 380 κοῦσιν
1198 354 1255 379 ὅσοι
1271 354 1340 380 εἶπον
1359 358 1410 379 τῶν
1430 353 1573 390 ἀρχιερέων
1604 355 1649 379 καὶ
1673 356 1723 377 τὼν
1751 351 1931 389 ἀρχόντων

1087 399 1155 424 κατὰ
1173 400 1202 423 τὸ
1229 397 1254 423 ἐν
1285 403 1322 433 τῷ
1350 402 1457 435 Χριστῷ
1481 396 1640 434 ἀνθρώπινον
1669 397 1794 433 εἰρῆσθαι
1814 398 1869 430 τὸ,
1888 395 1931 421 Ὀ

1088 446 1178 480 Πατὴρ
1209 453 1258 479 μου
1285 444 1380 480 μειζων
1414 444 1463 479 μού
1492 442 1573 473 ἐστιν,
1603 444 1682 478 ἤγουν
1707 444 1776 468 κατά
1803 444 1866 470 τὴν
1896 440 1931 466 ἐν

1859 488 1929 513 πέ-

1087 534 1187 566 πονθεν,
1214 533 1297 570 ὀρθῶς
1323 536 1368 559 καὶ
1396 532 1585 569 ἀπροσχόπτως
1608 534 1654 558 καὶ
1672 533 1737 568 πρὸς
1756 534 1809 560 τήν
1836 530 1929 568 ἐρώ-

1087 587 1164 606 τησιν
1183 577 1376 614 ἀποκρίνασθαι
1400 586 1406 592 “
1430 578 1455 603 οἱ
1475 575 1504 603 δὲ
1531 576 1612 607 ἄλλως
1632 576 1775 614 εἰρηκότες,
1801 575 1923 611 ἀσαφῆ

1087 623 1259 658 ποιησάμενοι
1277 625 1323 651 τὴν
1343 621 1492 658 ἀπόκρισιν,
1517 623 1562 647 καὶ
1590 620 1685 657 μᾶλλον
1712 623 1780 657 πρὸς
1818 620 1924 648 ἀλλή-

1087 666 1146 696 λους
1171 669 1206 703 μὴ
1241 669 1471 703 συμγωνήσαντες,
1504 664 1566 692 οὐδε
1598 667 1662 703 πρὸς
1687 668 1734 694 την
1761 664 1924 702 ἐρώτησιν

1089 710 1201 737 δοκοῦσι
1237 721 1282 746 μοι
1314 710 1517 748 ἀποκρίνασθαι.
1543 710 1572 736 Ἠ
1600 708 1629 736 δᾶ
1660 713 1707 736 τοῦ
1739 710 1922 744 ἁγιωτάτου

1089 757 1257 793 πατριάρχου
1285 755 1444 786 Θεουπόλεως
1472 754 1587 791 μεγάλης
1607 754 1770 790 Ἀντιοχείας
1794 754 1920 784 οὓτως.

1088 800 1117 826 Ὀ
1163 801 1304 836 ἁγιώτατος
1348 801 1518 837 πατριάρχης
1565 798 1728 830 Θεουπόλεως
1775 799 1920 834 μεγάλης

1087 488 1158 524 αὐτῷ
1191 488 1353 524 ἀνθρωπίνην
1383 490 1493 517 κτιστὴν
1526 489 1613 523 φύσιν,
1630 487 1690 514 καθ’
1710 487 1740 516 ἣν
1760 490 1811 513 καὶ

204 853 358 879 nationem
364 851 557 884 creatamque
564 854 652 874 suam
663 847 803 873 naturam
815 843 1034 880 acpassibilem.

1107 847 1253 880 ὶντιοχεὶας
1285 843 1352 871 εἶπεν
1377 845 1500 880 εἰρῆσθαι
1517 846 1547 870 τό
1563 843 1613 870 ’Ὀ
1644 846 1735 880 Πατήρ
1770 853 1826 879 μου
1848 846 1924 879 μεί-

207 894 390 924 Sanctissimi
413 893 543 928 denique
558 889 834 925 Hierosolymorum
858 888 1036 924 patriarchas

205 938 359 976 ejusmodi
369 937 516 965 sententia
524 934 806 964 fuit.Sanctissimus
818 933 1036 969 Hierosolymo-

204 993 274 1013 rum
289 982 460 1019 patriarcha
469 980 638 1009 dixitzJam
655 981 778 1007 sanctus
794 977 919 1013 Spiritus
929 977 1034 1010 verba,

205 1029 298 1057 Pater
319 1035 402 1055 meus
420 1026 521 1060 major
539 1032 586 1053 me
605 1027 657 1059 est,
675 1022 835 1058 explicavit
849 1029 902 1057 per
917 1024 1036 1049 sanctos

206 1079 396 1108 magnosque
419 1070 637 1098 illuminatores
653 1067 802 1099 Ecclesiae,
818 1068 1037 1094 sacrosanctas-

207 1125 267 1154 que
282 1116 426 1153 synodOs.
445 1114 566 1150 Recipio
587 1114 678 1148 igitur
703 1115 826 1139 cunctas
850 1111 1034 1142 traditiones.

208 1162 375 1190 secundum
387 1168 464 1196 quas
478 1159 529 1187 illa
541 1158 634 1186 verba
642 1156 791 1185 intellecta
806 1156 1036 1188 sunt.Quoniam

206 1215 279 1235 vero
302 1205 491 1234 aiﬁrmarunt
515 1204 635 1232 Patres.
661 1201 775 1229 dictum
802 1201 859 1228 hoc
880 1209 899 1228 a
923 1200 1036 1228 Christo

208 1252 301 1280 fuisse
316 1253 380 1279 tum
407 1251 556 1285 quatenus
582 1255 670 1275 verus
693 1247 770 1274 Deus
796 1247 850 1279 est,
866 1248 931 1272 tum
946 1245 1036 1272 etiam

208 1299 360 1334 quatenus
374 1302 461 1323 verus
480 1294 583 1325 homo,
604 1292 656 1328 qui
671 1298 780 1326 nempe
795 1293 928 1317 creatam
943 1289 1037 1325 passi-

210 1341 364 1377 bilemque
377 1340 515 1367 naturam
532 1336 667 1370 habet,in
680 1343 741 1371 qua
755 1335 844 1362 etiam
856 1342 965 1370 passus
980 1336 1035 1366 est,

211 1385 259 1414 aio
273 1385 305 1413 id
315 1385 416 1420 ipsum
437 1390 493 1417 ego
506 1388 638 1418 quoque,
654 1387 753 1415 neque
767 1378 883 1406 inﬁcias
893 1379 934 1406 ire
948 1386 1036 1414 queo.

211 1430 261 1457 His
274 1431 375 1458 autem
399 1426 554 1455 sententiis
575 1425 726 1460 sigillatim
753 1423 957 1459 subscriptum
968 1423 1036 1456 fuit;

212 1482 315 1511 eaeque
325 1473 409 1501 lectas
423 1474 494 1500 sunt
502 1470 642 1499 audiente
655 1468 846 1497 sanctissimo
853 1467 1038 1495 mcumenico

1091 890 1142 920 ζων
1170 899 1220 925 μου
1240 891 1311 926 παρά
1329 893 1376 915 τοῦ
1402 893 1531 926 Χριστοῦ,
1555 891 1601 914 καὶ
1618 889 1685 914 κατὰ
1703 890 1750 917 τὴν
1770 887 1923 925 ἑνοινθρω-

1091 943 1172 962 πησιν
1201 936 1245 959 καὶ
1274 943 1303 959 το
1329 932 1354 958 ἐν
1385 933 1455 967 αὐτῲ
1474 937 1510 968 τῷ
1537 935 1645 968 Χριστῷ
1662 935 1769 958 κτιστὸν
1794 941 1826 958 τε
1860 934 1921 958 καὶ

1090 979 1216 1007 παθητόν.
1240 977 1269 1004 Ἠ
1299 976 1328 1004 δὲ
1347 981 1393 1003 τοῦ
1419 977 1565 1012 ἁγιωτάτου
1586 977 1754 1013 πατριάρχου
1784 976 1918 1013 Ἱεροσο-

1090 1022 1176 1058 λύμων
1205 1021 1287 1052 οὓτως
1303 1030 1309 1035 ·
1324 1021 1354 1047 Ὀ
1379 1020 1523 1056 ἁγιώτατος
1552 1021 1723 1057 πατριάρχης
1750 1020 1918 1057 Ἰιροσολύ-

1090 1077 1144 1102 μων
1177 1064 1244 1093 εἶπεν
1262 1076 1267 1082 ·
1292 1065 1407 1101 Ἐφθασε
1437 1067 1467 1091 τὸ
1505 1068 1610 1100 Πνευμα
1639 1067 1668 1090 τὸ
1687 1064 1762 1100 ἅγιον
1788 1067 1823 1090 τό
1843 1076 1850 1081 -
1878 1064 1915 1091 e0

1091 1113 1180 1148 Πατήρ
1200 1120 1250 1147 μου
1279 1111 1374 1146 μείζων
1402 1111 1452 1145 μού
1477 1109 1558 1144 ἐστιν,
1587 1108 1744 1146 ἐρμηνεύσαι
1774 1107 1824 1135 διὰ
1847 1114 1913 1134 τὼν

1089 1154 1168 1191 ἁγίων
1198 1157 1243 1180 καὶ
1268 1154 1383 1190 μεγάλων
1408 1155 1551 1190 φωστήρων
1576 1157 1624 1183 τῆς
1653 1153 1812 1183 Ἐκκλησὶας
1853 1156 1912 1179 καὶ

1089 1205 1139 1225 τῶν
1153 1199 1232 1235 ἁγίων
1260 1201 1305 1224 καὶ
1328 1200 1400 1234 ἱερῶν
1428 1196 1545 1224 συνόδων
1562 1205 1568 1212 ·
1586 1196 1702 1233 δέχομαι
1720 1202 1783 1232 γοῦν
1804 1199 1912 1228 πάσας

1089 1246 1136 1275 τὰς
1168 1242 1284 1279 ἐκδοχὰς
1316 1244 1374 1269 καθ’
1403 1243 1432 1272 ἀς
1459 1243 1626 1278 ἡρμηνευσαν
1656 1241 1730 1270 αὐτο.
1762 1242 1837 1268 Ἐπεὶ
1873 1241 1912 1269 δὲ

1090 1289 1226 1324 εἰρήκασιν
1246 1287 1286 1313 ὁτι
1313 1290 1358 1313 καὶ
1378 1289 1412 1318 ὡς
1436 1289 1499 1316 Θεὸς
1518 1286 1621 1319 τέλειος,
1637 1288 1683 1312 καὶ
1710 1288 1742 1316 ὡς
1756 1287 1911 1323 ἄνθρωπος

1091 1332 1184 1363 τέλειος
1205 1333 1304 1369 εἴρηκεν
1332 1333 1344 1357 ό
1365 1332 1443 1362 αὐτὸς
1469 1333 1583 1367 Χριστὸς
1611 1333 1639 1356 τὸ
1667 1335 1783 1357 τοιοῦτον
1803 1332 1908 1369 ῥητὸν,

1092 1379 1172 1412 ἤγουν
1188 1377 1222 1407 ὠς
1236 1378 1304 1412 ἔχων
1319 1376 1344 1402 ἐν
1364 1376 1446 1411 ἐαυτῷ
1461 1377 1507 1404 τὴν
1524 1377 1635 1403 κτιστην
1645 1376 1722 1410 φύσιν
1742 1377 1787 1401 καὶ
1804 1377 1909 1405 παθη-

1092 1423 1139 1450 τὴν
1159 1421 1216 1447 καθ’
1235 1421 1265 1450 ἣν
1278 1423 1322 1446 καὶ
1334 1421 1443 1446 πέπονθε
1459 1427 1466 1434 ”
1487 1420 1552 1455 λέγω
1572 1422 1616 1445 καὶ
1631 1419 1707 1449 αὐτὸς
1719 1422 1752 1445 τὰ
1770 1420 1840 1446 αὐτὰ
1854 1424 1909 1447 καὶ

1093 1466 1122 1492 οὑ
1150 1465 1265 1502 δύναμαι
1289 1465 1423 1502 ἀρνεῖσθαι
1439 1472 1445 1478 ’
1461 1465 1474 1490 ὅ
1493 1467 1537 1490 καὶ
1561 1465 1708 1500 ὑπεγράφη,
1730 1465 1908 1500 υναγνωσθὲν

214 1508 384 1547 Patriarcha
408 1516 572 1551 divinaque
600 1517 628 1542 et
659 1520 747 1541 sacra
773 1512 902 1548 synodo,
923 1519 975 1547 per
990 1511 1040 1538 Dei

1107 1521 1118 1536 ν
1137 1512 1239 1546 ἐπηκόῳ
1272 1514 1318 1536 του
1346 1509 1492 1545 ἀγιωτάτου
1521 1510 1564 1534 καὶ
1594 1508 1772 1544 οἰκουμενικοῦ
1801 1519 1908 1546 πατρι-

213 1563 462 1592 amantissimum
473 1567 620 1595 magnum
634 1557 882 1594 scevophylacem
895 1558 1042 1584 Joannem

213 1605 562 1645 pentechnemDenique
571 1604 723 1640 adjectum
735 1605 780 1630 est
790 1602 943 1629 decretum
953 1609 1043 1636 syno-

215 1653 328 1684 dicum,
358 1651 442 1687 cujus
475 1648 692 1678 continentiam
725 1647 757 1674 in
789 1645 1043 1681 consequentibus

215 1697 336 1725 damus.

511 1746 614 1774 ACTIO
636 1746 755 1774 SEXTA.

217 1803 327 1832 Mensis
351 1801 458 1830 Martii
480 1800 529 1828 die
552 1799 700 1832 vicesima,
730 1796 904 1824 indictionis
927 1795 1046 1823 decima:

475 1847 602 1881 quartw,
618 1843 665 1870 die
676 1843 788 1877 prima.

256 1904 280 1929 L
300 1899 482 1928 Prtesidente
499 1897 688 1926 sanctissimo
707 1897 809 1923 nostro
828 1894 953 1923 domino
965 1902 1046 1922 oecu-

219 1946 338 1975 menico
361 1943 534 1981 patriarcha
560 1941 686 1970 domino
714 1941 792 1968 Luca
813 1939 843 1966 in
869 1938 1047 1967 occidentali

219 1991 455 2020 catechumeneo
463 1997 471 2021 ;
480 1985 707 2016 considentibus
720 1984 905 2015 Caesariensi,
914 1984 1048 2010 Nicome-

219 2032 523 2070 diensi,Melitenensi,
536 2030 710 2066 Gangrensi,
723 2029 895 2062 Larissensi,
906 2027 1047 2062 Cretensi,

219 2079 505 2117 Philippopolitano,
517 2074 716 2110 Euchaitensi,
737 2073 932 2109 Philippensi,
949 2073 1049 2100 Hiera-

219 2116 365 2162 politano,
386 2122 528 2155 Serrensi,
554 2119 712 2156 Abydeno,
738 2117 913 2151 Paronaxio,
930 2116 1048 2149 Milesio,

220 2161 495 2204 Arcadiopolitano,
507 2166 605 2200 Pario,
618 2163 841 2195 Proeconnesio,
859 2161 902 2190 Sel
905 2162 1048 2198 ybriensi,

220 2212 429 2245 Anchialensi;
445 2210 612 2240 astantibus
641 2209 773 2237 dominis
797 2207 983 2243 prmpositis;
1001 2206 1051 2233 Dei

220 2257 449 2287 amantissimus
466 2263 596 2291 magnus
613 2252 816 2290 scevophylax
828 2253 958 2280 Joannes
973 2253 1050 2278 Pan-

220 2303 353 2337 technes,
364 2304 397 2329 ut
408 2309 440 2329 se
455 2300 540 2329 omni
553 2298 726 2335 suspicione
735 2299 887 2333 purgaret,
901 2295 987 2323 sicuti
998 2303 1051 2331 pa-

219 2348 283 2376 lam
301 2348 332 2375 ﬁt
345 2355 379 2374 ex
389 2344 652 2382 progredientibus
665 2341 774 2379 synodi
790 2340 925 2374 decretis,
943 2340 1051 2368 sistens

222 2401 254 2421 se
275 2391 365 2420 hodie
388 2390 460 2426 legit
481 2398 518 2418 ex
539 2388 640 2417 libello
655 2386 870 2416 continentiam
881 2385 956 2420 ejus.
968 2385 1052 2412 P05t-

220 2445 315 2474 quam
333 2436 423 2471 igitur
440 2435 505 2463 hth
525 2434 602 2462 lecta
615 2435 685 2460 sunt
699 2431 818 2468 publice
834 2438 937 2458 coram
949 2432 1053 2457 nostra

220 2473 429 2512 mediocritate
452 2486 600 2515 sacraque
626 2476 745 2514 synodo
760 2497 767 2510 ,
787 2475 817 2503 in
837 2475 894 2503 hac
909 2473 1053 2502 schedula

220 2535 333 2557 nomen
356 2533 446 2553 suum
468 2522 653 2559 subscripsit,
670 2529 762 2558 seque
779 2519 863 2548 omni
882 2518 1052 2555 suspicione

221 2571 372 2608 purgavit,
386 2571 427 2599 ita
442 2572 476 2597 ut
491 2568 647 2605 superiora
663 2566 773 2602 synodi
793 2565 912 2592 decreta
926 2563 999 2591 nihil
1014 2562 1054 2590 ad

222 2607 323 2653 ipsum
339 2616 405 2651 jam
417 2614 586 2643 attinerent.
604 2611 715 2640 Deinde
731 2611 886 2638 exaratum
900 2608 930 2635 in
947 2607 1053 2635 eadem

225 2651 370 2689 schedula
378 2654 807 2696 scriptumhujusmodi,eique
820 2660 873 2689 per
884 2651 1054 2696 complures

224 2704 288 2731 dies
299 2703 545 2739 subscripserunt
555 2701 604 2730 alii
613 2706 737 2737 quoque
747 2695 892 2733 episcopi,
899 2695 972 2731 quia
980 2702 1054 2723 non-

260 2766 316 2803 (42)
335 2765 406 2794 Vide
420 2764 477 2793 col.
487 2766 550 2792 250.

1096 1555 1182 1592 ἀρχου
1209 1557 1254 1581 καὶ
1279 1559 1324 1584 τῆς
1354 1555 1424 1585 θείας
1449 1556 1493 1579 καὶ
1522 1554 1591 1589 ἱεράς
1617 1552 1729 1580 συνόδου
1760 1556 1833 1590 παρὰ
1853 1560 1908 1581 τον

1098 1599 1292 1635 θεοφιλεστάτου
1323 1598 1435 1634 μεγάλου
1480 1597 1665 1633 σέευοφύλακος
1696 1597 1814 1624 Ἰωάννου
1853 1604 1908 1625 τού

1098 1647 1245 1679 Παντεχνῆ.
1271 1643 1330 1669 Ἐπὶ
1362 1641 1392 1669 δὲ
1418 1644 1503 1678 τούτῳ
1521 1644 1566 1668 καὶ
1587 1644 1726 1678 σημείωμα
1756 1641 1907 1670 πνοδαόν

1098 1688 1208 1722 ὶξετέθη,
1224 1691 1308 1714 ταῦτα
1325 1690 1370 1714 καὶ
1390 1687 1453 1713 αὖτό
1466 1687 1551 1723 ῥητῶς
1567 1685 1748 1723 διηγούμενον.

1411 1742 1528 1766 ΠΡΑΞΙΣ
1550 1739 1583 1771 ς’.

1152 1797 1222 1824 Μηνὶ
1236 1797 1345 1831 Μαρτίῳ
1359 1794 1391 1827 x',
1408 1795 1493 1830 ημάρᾳ
1510 1796 1600 1830 πρώτῃ
1622 1791 1782 1824 ὶνδικτιῶνος
1795 1792 1841 1820 ιδ’.

1136 1893 1167 1920 α’.
1189 1894 1390 1930 Προκαθημένου
1423 1895 1468 1917 τοῦ
1493 1890 1640 1926 ἁγιωτάτον
1667 1892 1739 1927 ἡμῶν
1768 1890 1906 1919 δεσπότου

1100 1941 1145 1964 καὶ
1168 1938 1346 1974 οἰκουμενίχοῠ
1366 1945 1534 1973 πατριαρχου
1563 1940 1644 1972 χυροῡ
1678 1938 1768 1963 Λουχᾶ
1794 1938 1819 1962 ἓν
1848 1942 1907 1968 τοῖς

1102 1983 1220 2013 δυτικοῐς
1271 1982 1501 2017 κατηχουμενείοις
1523 1988 1529 1994 ”
1569 1979 1788 2017 συνεδριαζόντων
1810 2003 1817 2015 ,
1857 1987 1906 2008 τοῦ

1103 2029 1271 2064 Καισαρείας,
1301 2030 1346 2052 τοῦ
1379 2022 1569 2061 Νικομηὸεἱας,
1596 2029 1642 2050 τοῦ
1671 2024 1826 2059 Μελιτηνῆς,
1857 2032 1907 2053 τοῦ

1103 2075 1235 2108 Γαγγρῶν,
1250 2074 1297 2097 τοῦ
1317 2073 1466 2107 Λαρίσσης,
1482 2073 1528 2094 τοὺ
1549 2071 1664 2106 Κρήτης,
1683 2074 1729 2095 τοῦ
1757 2070 1906 2097 Φιλίππου-

1102 2116 1210 2147 πόλεως,
1230 2119 1276 2141 τοῦ
1308 2115 1456 2150 Εὐχαίτων,
1476 2117 1522 2139 τοῦ
1551 2113 1694 2147 Φιλίππων,
1713 2118 1759 2140 τοῦ
1790 2114 1907 2152 Ἱεραπο-

1102 2161 1173 2195 λεως,
1199 2164 1245 2186 τοῦ
1278 2159 1392 2197 Σερρών,
1422 2162 1468 2184 τοῦ
1499 2156 1624 2192 Ἀϐύδου,
1650 2162 1696 2185 τοῦ
1730 2159 1903 2196 Παροναξίας,

1103 2209 1149 2232 τοῦ
1174 2205 1311 2237 Μιλήτου,
1342 2207 1388 2229 τοῦ
1420 2201 1682 2240 Ἃρκαὸιουπολεως,
1711 2207 1758 2229 τοῦ
1790 2207 1903 2240 Παρίου,

1104 2254 1149 2276 τοῦ
1177 2251 1381 2287 Προικοννὴσου,
1402 2251 1447 2273 τοῦ
1477 2246 1628 2283 Σηλυϐρὶας,
1650 2249 1695 2273 καὶ
1721 2251 1766 2273 τοῦ
1791 2248 1906 2285 Ἀγχιά.

1104 2294 1149 2320 λου
1179 2304 1185 2310 '
1214 2295 1413 2330 παρισταμένων
1438 2294 1483 2318 καὶ
1512 2289 1675 2318 δεσποτιχῶν
1699 2292 1832 2329 ἀρχόντων
1857 2302 1865 2309 δ
1890 2295 1903 2320 ὁ

1107 2338 1301 2375 θεοφιλέστατος
1335 2339 1414 2373 μέγας
1439 2335 1601 2372 σκευοφύλαξ
1629 2337 1750 2367 Ἰωάννης
1773 2337 1785 2362 ὁ
1808 2341 1905 2365 Παντι-

1105 2385 1182 2419 χνὴς,
1202 2383 1292 2408 ἑαυτὸν
1319 2381 1485 2407 ἀπαλλάττων
1512 2381 1601 2411 πάσης
1626 2380 1751 2416 ὑποψίας,
1767 2383 1834 2408 χαθὰ
1855 2381 1905 2412 δη-

1105 2427 1195 2453 λουται
1214 2430 1268 2456 τοῖς
1295 2425 1411 2462 προϐᾱσι
1438 2423 1588 2455 συνοδικοῑς
1616 2428 1904 2465 σημειώμασι,παρα-

1107 2473 1172 2501 στὰς
1191 2473 1238 2500 τὴν
1266 2473 1388 2508 σήμερον,
1405 2469 1500 2505 ἀνέγνω
1521 2469 1571 2495 ἀπὸ
1595 2469 1742 2507 εἰληταρὶου
1761 2471 1791 2496 τὰ
1815 2472 1905 2499 ὑποτε-

1105 2517 1220 2551 ταγμένα
1236 2523 1242 2529 ·
1259 2516 1291 2545 ὡς
1310 2514 1354 2541 οὖν
1383 2513 1479 2550 ἀνέγνω
1510 2517 1593 2540 ταῦτα
1618 2513 1661 2541 ἐπὶ
1687 2518 1772 2540 κοινοῦ
1798 2518 1840 2542 καὶ
1867 2516 1906 2542 ἐι-

1107 2563 1188 2586 ώπιον
1214 2563 1262 2590 τῆς
1279 2560 1352 2595 ἡμῶν
1372 2561 1542 2596 μετριότητος
1561 2561 1605 2585 καὶ
1630 2563 1677 2590 τῆς
1698 2560 1765 2595 ἱερᾶς
1784 2559 1904 2598 συνόδου,

1108 2605 1132 2631 ἐν
1165 2608 1201 2639 τῷ
1233 2605 1343 2639 τοιούτῳ
1374 2605 1478 2639 χαρτὶῳ
1507 2603 1672 2640 ὑπέγραψεν,
1700 2603 1788 2630 ἑαυτὸν
1819 2607 1905 2638 πάσης

1108 2648 1224 2684 ὑποψίας
1251 2647 1402 2682 ἀπήλλαξεν,
1432 2647 1573 2685 ἀπρακτεῖν
1602 2648 1752 2685 ὀφειλόντων
1781 2650 1836 2676 ὅσον
1864 2650 1903 2678 ἐπ’

1109 2693 1180 2730 αὐτῷ
1203 2703 1248 2719 χαι
1275 2697 1325 2719 τῶν
1353 2701 1544 2730 προγεγονοτων
1578 2691 1725 2719 σννοδιχῶν
1757 2697 1902 2732 σημειωμά.
