1947 3077
202 130 252 159 271

863 128 996 157 ΝΙΩΕΤιΕ
1016 126 1206 157 CHONIATIE

1846 134 1910 167 272

205 193 334 229 spiratos
349 191 437 226 viros,
451 198 582 227 quorum
608 189 659 218 alii
683 190 825 219 audacter
846 189 884 218 de
905 189 963 218 hoc
977 190 1030 219 do-

1101 190 1247 228 Δμϐροσίου
1276 193 1320 218 καὶ
1351 191 1440 229 ἐτέρων
1471 192 1517 219 οόκ
1549 193 1641 230 ὀλίγων
1674 196 1908 233 πνενματοφὸρων

205 239 304 272 gmatc
319 235 411 263 locuti
435 237 513 267 sunt,
537 238 686 271 quantum
701 238 779 263 certe
797 235 864 271 ipsa
877 235 970 263 verba
984 243 1031 263 so-

205 283 297 308 nant:
313 280 362 307 alii
374 280 473 315 ipsum
488 282 590 315 aperte
605 287 667 315 prae
683 288 713 307 se
728 279 869 308 tulerunt.
886 281 919 307 Et
934 279 1030 308 infra:

205 327 297 354 Mente
311 324 433 361 quidem
452 324 610 358 Christum,
628 327 718 360 prout
731 325 823 352 homo
838 327 892 357 est,
912 332 1033 360 separa-

206 370 258 397 tim
273 369 448 403 imaginari;
464 369 603 405 atqueita
616 369 762 404 majorem
777 369 844 405 ipso
857 371 972 397 Patrem
983 377 1033 397 co-

207 415 315 450 gitare;
332 417 421 450 atque
445 413 524 442 hanc
547 414 736 449 schedulam,
760 417 908 450 quatenus
923 414 1034 443 scilicet

206 461 314 496 praeter
323 458 523 487 orthodoxam
535 459 674 494 pietatem
686 458 833 495 loquitur;
847 461 876 487 et
887 459 951 487 haec
966 459 1034 496 ipsa

208 503 317 531 sanctis
333 502 471 530 Patribus
487 503 598 530 nostris
608 502 700 531 verba
710 503 856 538 injuriosa
864 505 909 542 ζει
921 503 1033 531 coutin-

209 556 277 583 gere
295 547 352 575 sibi
369 547 540 575 distinctam
558 546 649 575 veluti
663 547 768 575 Christi
788 547 1006 575 humanitatem
1023 556 1032 581 ς

209 595 299 628 atque
322 592 363 620 ita
382 591 529 627 majorem
554 591 622 628 ipso
646 592 763 620 Patrem
783 592 939 626 judicare;
957 592 1031 625 haec,

208 637 345 673 inquam,
358 636 518 664 manifesto
534 636 661 671 subjicio
677 636 879 670 anathemati;
903 637 1034 673 itemque

211 689 280 710 eum
300 681 353 716 qui
371 680 413 708 sic
436 681 538 709 credat
552 680 599 709 vel
623 680 744 714 scribat,
760 680 805 708 vel
820 681 984 717 scripturus
997 681 1035 709 sit

211 728 263 754 aut
286 725 462 760 crediturus,
479 725 617 762 quisquis
637 725 683 759 sit,
706 724 766 753 sive
789 733 845 761 ego
874 726 934 754 sive
956 726 1033 754 alius

210 771 372 808 quispiam.

245 863 272 890 4.
298 863 461 899 Postquam
485 860 573 895 igitur
594 859 656 888 haec
671 859 751 895 legit,
773 862 802 889 et
816 868 920 889 coram
933 863 1036 888 nostra
1051 877 1070 904 Β

209 907 434 940 mediocritate,
458 913 605 942 sacraque
629 905 802 933 considente
828 905 1033 939 fraternitate,

208 951 278 980 huic
297 951 397 980 libello
422 950 618 986 subscripsit;
640 949 794 977 decretum
807 952 851 978 est
863 949 953 978 hodie
968 950 1034 986 qui-

207 996 277 1024 dem
291 997 401 1033 ipsum,
417 996 464 1023 his
481 995 619 1031 peractis,
632 1002 756 1031 pergere
767 1002 856 1031 porro
873 997 901 1023 et
913 994 1035 1022 ulterius

206 1041 364 1078 prregredi,
380 1040 466 1069 sicuti
481 1043 510 1068 et
531 1040 605 1068 alios
621 1039 673 1076 qui
691 1039 803 1068 caeteris
817 1039 926 1067 libellis
948 1039 1035 1067 subs-

207 1086 382 1122 cripserant,
406 1084 579 1121 versarique
599 1084 759 1113 nobiscum
780 1086 809 1112 et
830 1084 930 1112 ofﬁcio
949 1083 1036 1118 fungi

205 1139 275 1159 cum
287 1133 388 1158 nostra
401 1129 608 1158 mediocritate
622 1131 650 1157 et
663 1137 730 1157 cun
749 1132 854 1157 sancta
871 1129 1034 1165 divinaque

206 1175 334 1212 synodo.
349 1175 450 1203 Visum
461 1174 585 1211 insuper
597 1177 651 1207 est,
661 1176 767 1210 printer
780 1173 922 1210 capitula,
937 1181 1034 1210 nuper

206 1221 378 1254 constituta,
388 1219 534 1256 synodico
547 1222 640 1254 tomo,
652 1218 704 1255 qui
718 1219 748 1246 in
762 1218 946 1246 orthodoxim
957 1218 1032 1246 festo

205 1264 254 1292 die
267 1264 413 1299 legendus
428 1266 516 1298 esset,
531 1263 596 1292 haec
611 1271 676 1291 esse
692 1263 870 1299 adjicienda.
882 1277 918 1284 —
932 1263 967 1291 Iis
980 1263 1032 1299 qui

204 1311 351 1345 respuunt
370 1311 543 1337 sanctorum
567 1310 687 1336 Patrum
700 1308 879 1342 locutiones,
899 1316 967 1344 quae
992 1307 1031 1336 ad

203 1357 352 1381 rectorum
370 1353 506 1381 Ecclesiae
518 1353 565 1381 Dei
580 1352 758 1387 dogmatum
769 1352 1030 1381 conﬁrmationem

204 1397 291 1426 dictae
308 1400 388 1432 sunt,
403 1397 570 1431 Athanasii,
586 1397 695 1433 Cyrilli,
709 1396 867 1430 Ambrosii,
877 1396 1030 1433 Amphilo-

204 1442 272 1476 chii,
288 1441 424 1478 inspirati
448 1450 467 1470 a
490 1443 549 1470 Deo
564 1441 672 1470 Leonis
695 1443 782 1478 Papae
798 1442 901 1469 veteris
916 1443 1028 1476 Romae,

204 1486 411 1522 aliorumque;
427 1494 482 1514 nec
503 1494 566 1514 non
584 1486 814 1522 repudiantibus
831 1486 1030 1514 oecumenica—

202 1539 271 1559 rum
284 1531 471 1567 synodorum
486 1533 583 1566 actus,
606 1534 731 1568 quartze,
747 1531 883 1568 inquam,
897 1534 926 1560 et
940 1533 1030 1559 sextae

203 1577 365 1605 anathema
379 1576 425 1605 sit.

239 1668 264 1694 ὅ.
287 1666 337 1694 His
352 1665 505 1699 omnibus,
522 1668 670 1703 tanquam
685 1665 789 1694 domui
809 1673 900 1702 super
914 1668 1031 1702 petram

203 1710 345 1743 fundatae,
360 1710 596 1746 pulcherrimum
607 1713 719 1739 tectum
735 1710 868 1746 accessit,
879 1718 973 1747 quam
982 1718 1032 1746 pe-

205 1756 282 1782 tram
302 1763 368 1782 esse
386 1754 536 1782 Christum
558 1763 688 1790 magnus
712 1754 822 1783 Paulus
841 1754 989 1787 docuit”;
1005 1756 1034 1782 et

206 1801 353 1834 tanquam
369 1797 444 1826 fonti
453 1798 663 1826 orthodoxiam
676 1806 790 1834 aquam
802 1799 939 1827 fundenti
956 1798 1034 1834 sigil-

206 1842 268 1870 lum
286 1850 406 1870 sacrum
417 1845 446 1870 et
461 1842 636 1878 genuinum;
648 1842 778 1879 denique
788 1845 935 1879 tanquam
947 1843 1034 1871 horto

207 1886 326 1922 lignum
341 1887 408 1915 vitae
421 1887 544 1915 habenti
555 1890 641 1923 porta
655 1888 897 1924 inexpugnabilis
911 1889 1037 1917 accessit

207 1931 409 1967 potentissimi
422 1932 577 1968 sanctique
592 1932 687 1960 nostri
701 1933 779 1968 regis
794 1933 935 1969 edictum,
952 1933 1037 1970 quod

209 1977 250 2005 ita
263 1984 294 2004 se
312 1976 413 2005 habet.

246 2023 271 2050 6.
292 2021 407 2050 Manuel
421 2021 452 2050 in
467 2021 582 2051 Christo
590 2023 650 2051 Deo
661 2022 758 2051 ﬁdelis
771 2030 823 2051 rex
834 2022 1036 2059 Porphyroge-

209 2067 300 2103 nitus,
315 2069 370 2095 etc.

1088 234 1197 274 ἀνδρῶν·
1229 237 1262 262 ὡν
1289 237 1313 262 οἱ
1340 238 1385 273 μὲν
1409 237 1526 275 τολμηρὰ
1549 242 1608 276 περὶ
1632 243 1678 266 τοῦ
1706 242 1829 267 τοιούτου
1853 239 1907 266 δό-

1086 290 1187 317 γματος
1219 280 1407 317 ἀπεφθέγξαντο
1423 303 1431 316 ,
1464 283 1525 309 ὁσον
1557 285 1625 310 κατὰ
1657 286 1686 311 τὸ
1719 289 1767 311 τῶν
1801 284 1905 316 λέξεων

1086 327 1238 363 πρόχειρον-
1258 326 1283 352 οἰ
1315 325 1344 353 δὲ
1366 330 1410 353 καὶ
1434 327 1552 364 ἐνέφηναν
1571 332 1657 358 τοῦτο,
1676 332 1726 356 Καὶ
1740 331 1903 366 κατωτέρω·

1087 374 1257 408 Σκιαγραγεῐν
1280 373 1365 407 μέντοι
1391 376 1428 407 τῷ
1453 376 1487 407 νῷ
1513 374 1542 398 τὸ
1565 375 1634 399 κατὰ
1657 375 1773 411 Χριστὸν
1789 373 1905 411 ἀνθρὼ-

1087 424 1170 448 πινον,
1200 417 1244 441 καὶ
1268 417 1333 442 οὕτω
1365 418 1473 452 μείζονα
1504 426 1547 443 τον
1579 420 1682 455 Πατέρα
1713 417 1902 445 διανοεῖσθαι·

1087 462 1132 485 καὶ
1148 461 1191 486 τὸν
1215 463 1331 486 τοιοῦτον
1357 462 1471 497 χάρτην,
1501 462 1603 488 καθόσα
1627 460 1731 492 δηλαδή
1750 464 1827 500 παρὰ
1849 464 1903 489 τὸν

1088 503 1163 541 ὀρθὸν
1193 509 1240 535 τῆς
1271 504 1402 536 εὐσεϐείας
1430 504 1540 537 διέξεισι
1565 506 1652 543 λογον,
1679 510 1723 534 καὶ
1758 507 1828 534 αὑτά
1857 506 1901 536 δὴ

1087 553 1172 575 ταῦτα
1199 550 1233 575 τὰ
1257 552 1317 586 περὶ
1342 554 1392 576 τῶν
1418 549 1498 586 ἁγίων
1527 553 1647 587 Πατέρων
1669 552 1742 587 ἡμῶν
1761 551 1903 588 ἁπόφημα

1087 593 1203 630 ῥήματα,
1234 596 1279 620 καὶ
1308 596 1338 620 τὸ
1367 596 1588 632 σκιαγραφιῑσθαι
1616 598 1645 622 τὸ
1667 597 1735 622 κατὰ
1755 598 1799 622 τὸν
1821 600 1902 634 Χρι-

1090 640 1150 664 στὸν
1177 637 1344 675 ἁνθρωπινον,
1378 642 1423 666 καὶ
1453 640 1519 666 οὕτω
1557 642 1666 677 μείζονα
1696 642 1740 667 τὸν
1784 643 1902 679 Πατέρα

1088 685 1182 709 τούτου
1211 681 1382 717 διανοεῖσθαι,
1415 683 1525 722 λαμπρώ
1548 685 1736 712 καθυποϐάλλω
1759 690 1795 721 τῷ
1825 685 1901 712 ἀνα-

1090 729 1183 764 θέματι
1206 728 1272 764 (45)·
1297 730 1342 754 καὶ
1364 730 1408 754 τόν
1427 733 1511 756 ταῦτα
1525 734 1667 767 φρονοῦντα
1684 732 1727 757 καὶ
1743 731 1900 767 γράφοντα,

1090 774 1139 799 εἴτε
1152 774 1213 799 ποτὲ
1227 773 1364 810 γράψοντα
1376 775 1391 803 ἧ
1412 776 1584 811 φρονήσοντα,
1599 776 1687 806 ὁποῖος
1710 775 1740 801 ἂν
1768 778 1815 802 καὶ
1840 777 1900 809 (in,

1091 819 1140 843 εἶτα
1158 816 1207 852 ἐγὼ
1221 819 1270 843 εἴτε
1285 818 1379 856 ἕτερος.

1126 859 1159 889 δ’.
1175 866 1217 893 Ὠς
1239 861 1283 888 οὖν
1311 861 1405 899 ἀνέγνω
1429 867 1512 890 ταῦτα
1534 865 1580 890 καὶ
1598 863 1638 890 ἔπ’
1663 863 1720 900 ὄψει
1744 868 1791 895 τῆς
1819 865 1901 901 ἡμῶν

1089 908 1257 944 μετριότητος
1280 910 1326 933 καὶ
1351 911 1396 939 τῆς
1424 907 1649 945 συνεδριαζούσης
1677 910 1746 945 ἱερᾶς
1778 907 1901 945 ἀδελφό-

1088 961 1167 982 τητος
1193 951 1217 977 ἐν
1241 956 1276 987 τῷ
1301 953 1410 988 τοιούτῳ
1438 952 1575 990 εἱληταρίῳ
1600 953 1758 991 ὑπέγραψεν,
1788 955 1899 991 ὡρίσθη

1089 998 1136 1025 τὴν
1164 999 1276 1033 σήμερον
1302 997 1379 1023 αὑτὸν
1407 999 1452 1034 μὲτν
1482 997 1629 1030 ἀκολούθως
1659 1001 1815 1036 προκόπτειν
1846 1001 1900 1025 καὶ

1089 1039 1238 1077 προοδεὺειν
1263 1041 1305 1068 ἐπὶ
1331 1043 1363 1068 τὰ
1390 1042 1534 1079 ἔμπροσθεν
1558 1043 1644 1081 ὥσπερ
1677 1045 1722 1069 καὶ
1749 1045 1809 1074 τοῦς
1838 1042 1899 1069 λοι-

1089 1087 1154 1116 ποὺς
1166 1088 1224 1116 τοὺς
1245 1085 1269 1112 ἓν
1289 1089 1342 1117 τοῖς
1370 1086 1465 1124 ἑτέροις
1489 1087 1645 1125 εὶληταρίοις
1673 1087 1894 1123 ὑπογράψαντας·

1088 1132 1134 1156 καὶ
1162 1134 1193 1166 τῇ
1227 1131 1299 1167 ἡμῶν
1331 1132 1507 1167 συνέρχεσθαι
1529 1134 1574 1158 καὶ
1609 1131 1814 1169 συλλητονργεῑν
1844 1141 1896 1168 με-

1087 1177 1216 1212 τριότητι,
1238 1178 1286 1202 παὶ
1311 1179 1342 1212 τῇ
1374 1176 1431 1212 ἱερᾴ
1453 1178 1498 1203 καὶ
1525 1177 1581 1212 θείᾳ
1606 1174 1719 1212 συνόδῳο
1738 1177 1894 1214 προστεθῆ-

1086 1229 1129 1245 ναι
1162 1218 1191 1245 δὲ
1219 1222 1264 1246 καὶ
1290 1223 1342 1250 τοῖς
1374 1221 1487 1256 ἔναγχος
1519 1220 1641 1248 ὶντεθιῑσι
1672 1220 1819 1257 κεφαλαίοις
1852 1225 1894 1256 τῷ

1086 1265 1154 1291 κατὰ
1181 1266 1225 1294 τὴν
1258 1265 1348 1303 ἑορτὴν
1391 1269 1438 1297 τῆς
1479 1264 1632 1298 ὀρθοδοξίας
1668 1265 1894 1302 ἀναγνωσκομὲνῳ

1088 1307 1219 1345 συνοδικῷ
1250 1311 1294 1335 καὶ
1321 1313 1416 1338 ταῦτα.
1444 1326 1479 1330 -
1500 1313 1560 1340 Τοῖς
1593 1309 1811 1347 ἀποϐαλλομένοις
1840 1312 1894 1342 τὰς

1085 1358 1134 1380 τῶν
1158 1354 1239 1390 ἁγίων
1265 1356 1385 1391 Πατέρων
1414 1356 1508 1391 φωνὰς,
1535 1357 1583 1386 τὴς
1612 1354 1655 1381 ἐπὶ
1681 1356 1810 1382 συστάσει
1837 1360 1894 1381 τῶν

1085 1399 1166 1435 ὀρθῶν
1195 1403 1242 1429 τῆς
1268 1403 1314 1425 τοῦ
1337 1403 1404 1426 Θεοῦ
1433 1399 1581 1431 Εκκλησίας
1608 1397 1746 1436 δογμάτων
1775 1399 1894 1436 ἐκφωνη-

1086 1444 1184 1478 Θείσας,
1217 1443 1385 1478 Ἀθανασίὸυ,
1421 1443 1558 1481 Κυρίλλου,
1587 1443 1756 1481 Ἀμϐροσίου,
1793 1443 1893 1480 ’Δμφί-

1083 1487 1187 1524 λοχίου,
1213 1492 1260 1514 τοῦ
1285 1489 1410 1526 θιηγόρου
1439 1490 1548 1520 Λίνοτος
1569 1490 1664 1515 πάππα
1685 1493 1733 1520 τῆς
1747 1488 1895 1526 πρισϐντέ-

1083 1543 1129 1570 ρας
1155 1533 1266 1570 Ῥώμης,
1299 1536 1344 1560 καὶ
1371 1537 1421 1559 τῶν
1449 1533 1554 1560 λοιπῶν·
1585 1534 1623 1560 ἔτι
1650 1532 1680 1560 δε
1708 1535 1753 1560 καὶ
1776 1535 1810 1560 τά
1839 1538 1893 1560 τῶν

1083 1578 1265 1613 οἰκουμινικῶν
1300 1575 1418 1604 συνόδων
1452 1579 1593 1615 πρακτικὰ,
1628 1582 1674 1608 τῆς
1706 1579 1831 1615 τετάρτης
1864 1581 1894 1605 τέ

1084 1632 1151 1658 φημι
1170 1624 1215 1648 καὶ
1239 1625 1287 1653 τῆς
1316 1623 1392 1653 ἕκτης
1421 1625 1457 1659 μὴ
1476 1623 1730 1659 κατασπαζομένοις,
1760 1622 1892 1659 ἀνάθεμα.

1120 1676 1140 1694 ε.
1173 1668 1276 1693 Τούτων
1309 1666 1439 1701 ἁπάντων,
1467 1668 1500 1698 ὡς
1530 1669 1576 1703 μὲν
1606 1666 1691 1698 οἰκίας
1715 1666 1757 1693 ἰπὶ
1779 1669 1827 1696 τὴν
1845 1670 1886 1694 πέΔ

1084 1721 1146 1749 τραν
1160 1711 1374 1748 τεθεμελιωμὲνης
1387 1711 1616 1749 περικαλλέστατος
1633 1712 1732 1749 ὄροφος,
1747 1712 1779 1741 ἣν
1792 1714 1894 1749 πέτραν

1086 1754 1151 1782 εἶναι
1178 1765 1221 1782 τον
1245 1759 1360 1793 Χριστόν
1383 1757 1395 1782 ὀ
1421 1759 1501 1793 μέγας
1531 1756 1630 1787 Παῦλος
1653 1755 1783 1788 ὶδίδαξτν·
1805 1758 1840 1788 ὡς
1861 1756 1894 1784 δὲ

1086 1805 1173 1837 πηγῆς
1192 1802 1221 1827 τὸ
1236 1805 1281 1832 τῆς
1305 1801 1434 1832 εὐσεϐείας
1459 1800 1531 1838 ὕδωρ
1554 1800 1746 1833 ἀναδιδούσης,
1776 1805 1895 1838 σφραγίς

1089 1846 1144 1882 ἱερὰ
1163 1848 1209 1872 καὶ
1232 1845 1376 1876 ὼόθευτος·
1398 1847 1432 1877 ὡς
1452 1843 1482 1872 δὲ
1505 1848 1591 1875 κήπου
1609 1848 1638 1872 τὸ
1658 1850 1706 1877 τῆς
1725 1848 1794 1878 ζωῆς
1816 1846 1894 1878 ξύλον

1089 1891 1197 1926 ἔχοντος
1236 1890 1303 1919 πύλη
1343 1889 1561 1926 ἀκαταμάχητος,
1600 1892 1628 1916 τὸ
1664 1894 1710 1916 τοῦ
1747 1900 1895 1927 κρατίστου

1090 1935 1219 1971 ἡμῶνκαὶ
1238 1934 1315 1970 ἁγίου
1336 1933 1465 1971 βασιλέως
1489 1936 1590 1970 γέγονεν
1617 1933 1730 1970 ῖδικτον,
1753 1935 1836 1967 οὕτως
1852 1936 1896 1962 ἐπ’

1090 1979 1174 2006 αὐτῶν
1192 1977 1368 2015 διαξοιμϐάνον
1382 1983 1431 2005 τῶν
1444 1979 1543 2011 λέξεων.

1127 2017 1158 2054 ‘7'.
1175 2024 1299 2053 Μανουὴλ
1312 2023 1335 2050 ἓν
1350 2027 1459 2060 Χριστῷ
1472 2028 1508 2060 τῷ
1528 2028 1585 2060 Θεῷ
1600 2026 1693 2055 πιστὸς
1715 2023 1842 2061 βασιλεὺς
1866 2035 1896 2055 κ,

1090 2078 1114 2096 τ.
1129 2068 1153 2097 λ.

249 2129 410 2165 (Μαηαειίε
426 2130 553 2157 edictum
560 2131 628 2165 jam
641 2130 787 2159 edidimus
803 2131 834 2158 in
850 2133 928 2159 tomo
937 2134 1037 2167 nostro
1054 2131 1225 2165 CXXXIII,
1233 2139 1300 2160 cum
1314 2132 1385 2160 aliis
1401 2131 1533 2167 ejusdem
1546 2132 1737 2167 imperatoris
1750 2132 1858 2161 consti-

850 2166 1015 2195 tutionibus
1022 2168 1249 2200 ecclesiasticis).

249 2226 318 2254 Erat
330 2228 430 2255 autem
445 2227 503 2255 hoc
516 2227 773 2263 religiosissimum
787 2228 917 2257 edictum
939 2229 1036 2258 subsi-

1125 2229 1172 2257 Ἣν
1188 2228 1217 2257 δὲ
1237 2231 1266 2257 τὸ
1284 2234 1399 2257 τοιοῦτον
1425 2230 1608 2258 εὸσιϐέστατον
1631 2228 1733 2258 ἴδικτον
1759 2230 1896 2261 ὑποσεση-

214 2273 339 2306 gnatum
354 2271 452 2300 rubris
466 2273 570 2301 litteris
584 2281 678 2302 manu
697 2275 818 2310 propria
836 2275 1034 2310 potentissimi

1101 2277 1220 2312 ιασμένον
1247 2279 1278 2312 τῇ
1306 2276 1452 2313 αὑτοχείρω
1474 2275 1659 2314 ἔρυθρογράφῳ
1683 2277 1823 2313 ὑπογραφῇ
1847 2281 1895 2304 τοῦ

213 2320 242 2345 et
256 2317 351 2345 sancti
371 2317 464 2345 nostri
485 2318 685 2354 imperatoris,
706 2327 810 2347 mense
834 2319 937 2356 Aprili,
963 2320 1038 2349 indi-

214 2361 312 2390 ctione
327 2363 402 2396 XIV;
419 2362 575 2400 sigilloque
590 2371 682 2392 aureo
696 2364 858 2393 munitum.

486 2463 589 2491 ACTIO
611 2464 766 2493 SEPTIMA.

251 2515 279 2543 1.
299 2514 370 2544 Post
382 2515 440 2545 hoc
454 2515 564 2545 lectum
578 2517 749 2546 venerabile
763 2517 894 2547 edictum
910 2519 1035 2555 regium,

214 2559 326 2596 prodiit
338 2560 519 2598 synodicum
534 2562 686 2591 decretum
701 2563 801 2592 verbis
815 2563 862 2592 his
877 2572 883 2591 :

251 2707 272 2724 ³⁷
295 2707 306 2734 I
326 2709 392 2744 Cor,
405 2716 431 2742 x,
443 2708 470 2736 4.

251 2807 307 2843 (45)
328 2806 468 2836 Videlicet
481 2805 521 2837 ob
535 2806 651 2836 metum
665 2805 832 2838 Nestoriani
843 2804 960 2837 erroris.

1090 2324 1230 2359 κρατίστου
1254 2323 1298 2348 καὶ
1325 2321 1401 2357 ἁγίου
1425 2322 1498 2358 ἡμῶν
1517 2321 1707 2359 αὐτοκρὰτορος
1730 2323 1799 2348 κατά
1823 2327 1897 2358 μῆνα

1091 2366 1241 2403 Ἀπριλλίου
1258 2365 1408 2393 ἱνδικτιώνα
1423 2364 1470 2402 ιδ’,
1495 2368 1540 2393 καὶ
1563 2370 1654 2404 χρυσῆ
1679 2365 1818 2403 σφραγῖδα
1837 2367 1895 2394 ἑπι-

1092 2413 1237 2448 φερόμενον.

1409 2468 1525 2494 ΠΡΑΞΙΣ
1537 2466 1573 2495 Ζ’.

1127 2519 1158 2547 α’.
1197 2523 1248 2546 Τοῦ
1269 2518 1300 2546 δὲ
1318 2521 1435 2547 τοιούτου
1456 2520 1598 2557 βασιλικοῦ
1621 2522 1666 2546 καὶ
1695 2520 1764 2546 θείου
1790 2518 1896 2547 ἰδίκτον

1092 2563 1307 2600 ἀναγνωσθέντος,
1320 2567 1459 2602 σημείωμα
1470 2564 1566 2603 προέϐη
1584 2562 1734 2598 συνοὸικόν,
1748 2562 1816 2591 τάδε
1827 2566 1897 2591 κατὰ

1092 2610 1166 2648 ῥῆμα
1178 2607 1300 2641 διεῡξιὸν·
