1947 3077
216 99 271 130 279

885 94 1020 125 NICETE
1043 93 1226 124 CHONIATE

1846 96 1915 124 280

252 165 280 193 4.
294 163 378 192 Hunc
392 162 469 190 Deus
485 161 576 189 ﬁnem
603 159 813 198 suprascriptis
833 159 925 188 rebus
945 159 996 195 im]

1133 156 1167 184 δ’.
1182 160 1304 184 Τοιοῦτον
1319 157 1384 189 Θεὸς
1394 158 1423 184 τὸ
1442 159 1520 196 πέρας
1534 161 1588 190 τοῖς
1609 159 1770 197 προτιθεῖσιν
1788 158 1915 194 ἐπήνεγ-

218 209 298 242 suit;
316 208 356 235 sic
375 213 488 241 magna
509 204 645 234 Ecclesiae
669 207 832 241 tempestas
852 204 956 232 sedata.
972 205 1015 231 est
1031 211 1037 237 ;

218 253 261 280 sic
273 251 347 286 regii
362 250 470 287 sceptri
483 250 593 285 dignus
611 249 793 282 moderator,
817 248 855 277 ab
877 247 1040 277 universali

217 296 418 332 gubernatore
432 297 491 323 Deo
505 295 654 331 impulsus
678 297 767 331 atque
789 294 927 329 directus,
950 293 1040 322 tradi-

216 344 262 370 tos
287 341 344 368 sibi
368 340 506 368 subditOs
531 339 698 371 custodivit,
727 346 877 375 nemoque
904 338 1038 367 omnino.

214 386 312 423 periit,
328 393 418 413 nemo
432 385 461 413 in
478 383 663 421 profundum
684 383 815 412 hteretici
836 383 935 411 cordis
957 389 1039 410 mare

215 431 368 467 projectus
381 429 435 458 fuit
449 438 456 464 ;
471 430 533 457 imo
553 429 671 457 lucente
692 428 774 456 velut
803 427 951 464 speculari
975 427 1039 454 face

215 474 297 503 ducti
310 474 348 502 ad
367 476 454 502 rectze
475 473 545 501 ﬁdei
569 475 688 509 portum
711 472 809 500 cuncti
831 473 1037 508 pervenerant.

216 520 263 548 Sic
274 527 355 547 nunc
370 520 461 546 etiam
478 518 528 546 Dei
547 517 708 554 sapientia,
733 517 887 545 novellum
912 516 1039 544 alterum

214 564 270 592 sibi
282 563 489 592 habitaculum
504 563 534 590 in
553 562 612 591 hoc
631 569 701 598 rege
720 561 890 596 aediﬁcavit,
912 563 1038 597 septem-

213 609 282 645 plici
297 608 390 636 divini
406 608 531 644 Spiritus
546 615 670 635 munere
685 609 862 635 exornatum
875 615 882 634 :
907 614 1038 642 cumque

212 655 297 682 Patre
311 653 485 685 adveniens,
501 652 690 680 mansionem
705 652 760 679 sibi
775 652 805 679 in
816 659 851 679 eo
877 651 982 685 effecit,
1006 653 1039 679 ut

211 698 243 726 in
254 698 413 733 Evangelio
426 697 621 734 promittitur:
636 698 664 724 et
674 695 804 724 scientiae
816 696 924 732 poculo
939 695 1037 723 eidem

210 743 332 775 tradito,
345 742 460 770 cunctis
475 741 544 768 inde
558 741 678 769 haurire
692 739 898 768 insatiabiliter
913 747 1038 768 conces-

212 786 249 814 sit
261 796 266 821 ;
278 795 339 823 qua
352 786 447 821 gratia
463 793 570 821 reapse
585 785 700 822 repleti,
715 793 793 812 vene
811 784 874 812 vitis
897 784 1036 820 palmites

1094 211 1135 230 κεν
1149 213 1156 220 ι
1171 202 1251 234 οὕτως
1266 203 1281 232 ἡ
1299 203 1398 239 μεγάλη
1413 203 1478 234 ζάλῃ
1500 207 1547 234 τῆς
1566 203 1721 234 Ἐκκλησίας
1735 203 1913 240 ὶγκατιστό-

1093 257 1185 285 ρεσται
1196 258 1203 265 ι
1220 248 1301 279 οὕτως
1313 249 1326 274 ό
1343 252 1393 274 τῶν
1404 247 1549 284 βασιλικῶν
1560 251 1699 286 σκήπτρων
1708 248 1913 285 οἰακοστρόφος

1094 292 1209 327 ἔπάξιος,
1221 297 1257 327 τῷ
1268 296 1314 319 τοῦ
1328 295 1423 324 παντὸς
1442 292 1586 329 κυϐιρνὴτῃ
1600 295 1654 329 Θεῷ
1676 294 1827 329 κινούμενος
1852 293 1912 318 καὶ

1094 337 1314 374 οἰκονομούμενος,
1329 337 1388 368 τούς
1403 337 1471 372 αὐτῷ
1497 336 1653 373 δεδομένους
1672 340 1716 364 καὶ
1731 337 1911 374 ἀρχομένους

1094 381 1209 418 ἒφύλαξι,
1218 385 1263 408 καὶ
1276 380 1363 413 οὐδεὶς
1375 386 1424 408 τῶν
1435 383 1535 408 πάντων
1548 381 1664 409 ἀπώλετο
1676 392 1682 400 ·
1699 381 1761 409 ολ)δὲ
1771 382 1807 413 εἰς
1820 381 1906 418 βάθη

1094 425 1206 463 καρδίας
1221 425 1371 464 ἑτεροδόξου
1389 426 1524 458 θαλάσσης
1536 426 1692 465 ἀπέρριπται
1707 438 1712 444 ·
1724 426 1819 457 ἀλλ’ὡς
1829 428 1910 464 πύρ-

1093 482 1131 508 γῳ
1147 475 1338 508 φρυκτωροῠντι
1352 473 1435 507 τούτῳ
1451 470 1675 508 καθοδηγούμενοι
1688 476 1743 503 τοῖς
1753 476 1800 503 τῆς
1818 471 1909 508 ὀρθο-

1094 515 1193 546 insunt;
1204 515 1293 552 λιμέσι
1305 517 1399 547 πάντες
1414 515 1667 553 ἰγκαθωρμὶσθησαν
1679 527 1686 533 ·
1705 517 1773 543 οὕτω
1787 518 1837 543 καὶ
1849 520 1907 542 νῦν

1093 563 1108 590 ἡ
1125 564 1170 587 τοῦ
1186 565 1253 587 Θεοῦ
1269 563 1348 596 σοφία
1362 563 1507 597 καινότερον
1520 563 1604 599 ἕτερον
1620 563 1714 599 τρόπον
1730 560 1799 587 οἶκον
1812 561 1903 597 ἑαυτῇ

1092 607 1136 631 τὸν
1147 605 1260 642 βασιλέα
1274 609 1364 632 τούτον
1380 604 1568 642 ἀνῳκοδόμησε
1580 617 1586 622 ·
1603 610 1656 637 τοῖς
1673 604 1828 637 ἑπταδικοῖς
1847 609 1906 632 τοῦ

1093 650 1162 676 θείου
1178 651 1324 685 Πνεύματος
1340 652 1535 686 πεπυκασμένον
1558 652 1711 688 χαρίσμασι
1724 660 1730 667 ο
1755 653 1800 676 καὶ
1827 652 1907 686 μετὰ

1091 698 1137 721 του
1153 696 1252 732 Πατρός
1265 694 1376 720 ἐλθοῦσα
1388 696 1433 723 τὴν
1446 697 1526 730 μονὴν
1549 694 1572 720 ἓν
1596 695 1664 730 αὐτῷ
1678 697 1800 729 ποιέῖται,
1826 696 1906 720 κατὰ

1091 741 1135 768 τὴν
1151 738 1175 765 ἐν
1188 739 1354 775 Εὖαγγελίοις
1373 739 1521 775 ὑπόσχεσιν
1537 749 1543 756 ·
1565 741 1610 765 καὶ
1633 741 1678 765 τόν
1699 743 1746 769 τῆς
1768 741 1906 774 γνώσεως

1091 788 1210 821 κρατῆρα
1229 785 1312 819 τούτῳ
1333 786 1489 821 χειρίσασα,
1512 787 1594 810 πᾶσιν
1619 783 1754 810 ἀπαντλείν
1774 786 1904 809 ακένωτοι

212 832 311 859 cuncti
330 833 499 862 evaserunt,
524 831 554 857 in
578 830 637 858 hac
667 829 805 857 videlicet
827 831 982 857 manentes

1093 826 1205 854 δίδωσιν
1217 839 1223 845 -
1239 828 1268 854 οὗ
1284 831 1326 854 καὶ
1341 830 1451 864 χάριτος
1470 827 1591 864 κλήματα
1603 832 1648 858 τῆς
1671 827 1792 858 ἀληθινῆς
1809 827 1901 864 ἀμπέ-

210 875 433 910 fructiﬁcantes,
450 875 614 910 vinumque
629 873 826 910 propinantes
840 873 923 910 quod
937 873 1035 901 ortho-

210 919 292 948 doxa
307 919 398 948 corda
412 919 552 947 ltetiticat.
570 920 633 946 Haec
649 921 692 946 est
705 918 846 946 nimirum
872 917 1035 954 praeterito-

208 972 277 993 rum
292 963 482 1000 imperatoris
502 964 676 991 meritorum
695 963 830 995 coronis;
847 962 904 990 hoc
928 965 972 990 est
992 962 1036 990 in-

209 1008 460 1045 comparabilium
476 1010 658 1044 tropaeorum
669 1008 734 1043 ejus
760 1007 878 1034 culmen
893 1016 899 1040 ;
913 1007 977 1035 haec
992 1009 1036 1036 est

207 1054 378 1082 futurorum
392 1053 528 1089 ejusdem
539 1053 742 1080 maximorum
753 1051 920 1080 facinorum
933 1052 1032 1080 arrha.

209 1099 255 1127 Sic
272 1099 347 1126 Deus
362 1098 540 1125 imitatorem
559 1105 646 1124 suum
662 1104 776 1131 regem,
787 1099 819 1124 ut
834 1104 902 1123 cum
922 1104 1034 1131 magno

207 1142 335 1171 Jeremia
365 1141 537 1177 loquamur,
568 1141 656 1177 quasi
690 1141 837 1168 munitam
869 1139 974 1168 urbem
1002 1140 1033 1168 in

207 1195 297 1215 omne
314 1189 432 1222 tempus
445 1185 556 1220 statuit,
575 1188 603 1213 et
616 1185 703 1221 quasi
718 1184 856 1212 columen
878 1185 975 1212 cuncti
990 1193 1033 1212 re-

207 1231 384 1266 gnatoribus
398 1233 481 1258 terrae
506 1233 595 1266 atque
619 1229 804 1266 potentibus,
824 1232 852 1257 et
875 1229 1033 1257 sacerdoti-

205 1275 273 1309 bus,
289 1277 377 1311 atque
392 1274 506 1311 populo
521 1275 614 1302 orbis.
629 1275 725 1307 Quare
741 1274 831 1302 etiam
848 1281 883 1302 ea
905 1283 974 1310 quis
989 1282 1033 1303 se-

205 1322 340 1356 quuntur
368 1319 420 1354 ibi,
441 1318 625 1346 conﬁdenter
657 1318 821 1354 praedicare
846 1318 932 1351 licet;
957 1326 1032 1346 nun-

205 1371 299 1401 quam
313 1363 423 1392 scilicet
442 1363 504 1391 fore
520 1365 551 1392 ut
565 1364 708 1391 adversus
730 1372 800 1391 eum
817 1363 916 1399 quivis
939 1363 1032 1391 hostis

205 1408 375 1444 praevaleat,
392 1408 463 1444 quia
479 1408 622 1436 Dominus
637 1416 705 1435 cum
718 1408 784 1444 ipso
807 1411 859 1435 est.
885 1408 956 1448 tiuic
977 1407 1031 1443 igi-

205 1455 253 1481 tur
266 1453 399 1482 maximo
413 1453 586 1490 imperatori
600 1455 704 1480 nostro
720 1453 783 1489 (qui
808 1453 839 1481 in
853 1461 889 1481 eo
911 1460 1032 1489 quoque

206 1497 433 1526 similitudinem
449 1505 517 1525 cum
530 1498 588 1526 Deo
604 1499 712 1532 servat,
723 1497 805 1533 quod
819 1497 900 1525 aliud
915 1497 1029 1525 nullum
1047 1509 1068 1538 α

205 1550 242 1571 ex
254 1542 369 1570 usitatis
382 1550 492 1570 nomen
516 1544 567 1576 est,
594 1542 800 1578 praerogativis
822 1543 885 1577 ejus
910 1542 1029 1576 mentis,

205 1587 309 1622 animi,
338 1594 456 1619 manus,
484 1589 574 1623 atque
607 1587 773 1623 prudentiae
792 1587 1031 1620 convenientius)

204 1640 295 1660 nemo
310 1640 435 1668 prorsus
446 1632 563 1660 debitas
578 1631 686 1659 referre
702 1632 812 1666 gratias
826 1632 1031 1668 poterit.Atta-

204 1685 275 1705 men
290 1677 392 1704 effusis
420 1685 457 1704 ex
480 1677 541 1705 imo
563 1676 652 1704 corde
676 1676 816 1712 precibus
840 1676 937 1704 cuncti
961 1675 1031 1703 huic

205 1721 343 1748 favemus
357 1723 447 1756 atque
470 1721 662 1756 plaudimus:
687 1723 716 1749 et
736 1729 804 1748 cum
827 1728 896 1755 rege
921 1720 1031 1748 Davide

206 1765 354 1799 canimus,
367 1767 459 1793 Ponat
475 1767 551 1792 Deus
568 1766 710 1793 thronum
727 1766 791 1800 ejus
810 1765 885 1793 sicut
897 1765 960 1793 dies
974 1774 1031 1793 cm-

202 1809 233 1844 li,
251 1811 342 1844 atque
361 1809 391 1836 in
417 1809 632 1844 sempiternum
652 1811 801 1845 praeparet
824 1817 926 1837 semen
953 1810 1029 1845 ejus,

204 1860 373 1889 omnesque
387 1853 486 1881 cordis
498 1854 561 1888 ejus
574 1853 728 1888 petitiones
745 1853 1029 1889 compleat;cunctae

204 1899 307 1931 gentes
322 1897 452 1925 serviant
463 1898 488 1924 ei
502 1906 507 1931 ;
524 1900 553 1925 et
567 1897 702 1932 ejusdem
715 1898 827 1925 fructus
839 1905 931 1933 supra
947 1898 1029 1926 Liba-

203 1949 279 1970 num
311 1942 464 1973 exaltetur,
486 1944 514 1970 et
537 1949 589 1970 rex
614 1949 773 1978 nunquam
796 1941 938 1978 appellari
954 1943 1028 1970 desi-

202 1988 274 2015 nat:
292 1986 388 2015 donec
414 1994 450 2014 ex
480 1986 538 2014 hoc
562 1986 700 2020 terrestri,
725 1989 794 2022 post
823 1986 929 2021 longos
957 1988 1028 2015 solis

203 2031 366 2066 anfractus,
390 2031 429 2060 ad
453 2031 570 2060 caeleste
595 2031 764 2060 immortale
792 2039 919 2067 regnum
946 2040 1026 2061 com~

199 2075 317 2112 migret.

1090 872 1134 898 λου
1147 873 1237 902 πάντες
1249 873 1402 909 εὑρέθησαν,
1425 871 1449 898 ἓν
1472 874 1552 909 ταύτῃ
1576 874 1698 908 μείναντα
1723 870 1901 909 καρποὸοτήα

1092 926 1182 950 σαντα,
1200 919 1243 943 καὶ
1256 919 1298 943 τόν
1313 918 1359 947 τὰς
1372 915 1529 954 ὸρθοδόξους
1541 915 1654 953 καρδίας
1665 915 1835 954 εὐφραίνοντα
1845 921 1901 947 τῆς

1090 961 1221 993 εὗσεεείας
1236 960 1302 988 οἶνον
1317 962 1471 997 πηγάζοντα
1480 972 1486 978 ·
1500 965 1576 988 τοῦτο
1592 965 1642 987 τῶν
1652 960 1834 998 προλαϐόντων
1843 971 1899 987 κα-

1089 1007 1261 1043 τορθωμάτων
1291 1004 1337 1032 τοῦ
1369 1006 1558 1043 αὐτοκράτορος
1577 1007 1685 1044 ἄριστον
1718 1005 1896 1043 ἀκροθίνιον·

1089 1055 1166 1077 τουτο
1198 1055 1248 1077 τῶν
1283 1050 1467 1088 ἁπαραμίλλων
1501 1050 1580 1076 αὐτοῦ
1609 1053 1738 1087 τροπαίων
1765 1050 1897 1086 μελιστον

1090 1095 1293 1132 ἐγκαλλώπισμα
1305 1107 1310 1113 -
1325 1099 1399 1122 τοῦτο
1412 1095 1553 1132 μελλόντων
1568 1095 1693 1131 μειζόνων
1707 1094 1898 1132 μιγαλουργη-

1089 1141 1176 1176 μάτων
1192 1139 1319 1176 ἐχέγγυον
1336 1151 1342 1157 -
1359 1141 1427 1166 οὕτω
1442 1142 1505 1170 Θεὸς
1517 1141 1560 1165 τὸν
1578 1139 1657 1165 αὑτοῦ
1673 1141 1790 1175 μιμητὴν
1807 1139 1895 1176 βασι-

1088 1185 1141 1220 λέοι9
1158 1187 1224 1212 κατὰ
1236 1187 1279 1212 τὸν
1294 1188 1375 1222 μέγαν
1389 1185 1512 1222 Ἰερεμίαν
1528 1185 1616 1217 εἰπεῖν,
1633 1186 1667 1215 ὡς
1686 1184 1758 1210 πόλιν
1785 1184 1896 1222 ὀχυρὰν

1088 1229 1112 1255 ἓν
1126 1232 1203 1256 παντὶ
1216 1234 1298 1267 καιρῷ
1314 1231 1410 1256 τέθεικε
1425 1240 1431 1246 ·
1448 1232 1492 1255 καὶ
1505 1230 1540 1260 ὡς
1556 1229 1648 1255 στῦλον
1663 1230 1747 1255 ἅπασι
1762 1233 1817 1260 τοῖς
1827 1239 1896 1266 κρα-

1087 1278 1163 1300 τοῦσι
1178 1278 1225 1305 τῆς
1239 1279 1297 1310 γῆς,
1314 1277 1358 1300 καὶ
1371 1277 1425 1305 τοῖς
1445 1275 1572 1310 ἄρχουσι,
1589 1275 1634 1299 καὶ
1655 1277 1706 1304 τοῖς
1731 1275 1830 1310 ἱερεῦσι
1842 1277 1894 1300 καὶ

1087 1322 1122 1353 τῷ
1137 1319 1189 1354 λαῷ
1205 1323 1250 1349 τῆς
1262 1322 1309 1354 γῆς
1325 1329 1331 1336 ο
1348 1320 1379 1349 ὡς
1404 1319 1515 1345 ἐντεῦθεν
1537 1318 1698 1355 Θαῤῥούντως
1719 1320 1764 1344 καὶ
1780 1320 1812 1344 τὰ
1828 1318 1893 1350 ἑξῆς

1087 1362 1294 1400 ἀναφθέγγεσθαι
1311 1374 1317 1380 ·
1337 1363 1365 1389 οὐ
1377 1365 1412 1400 μὴ
1430 1361 1559 1389 δύνωνται
1574 1364 1636 1400 πρὸς
1652 1363 1728 1389 αὐτόν
1751 1364 1847 1394 πάντες
1865 1365 1892 1390 οὶ

1087 1407 1256 1445 ἀντικείμενοι
1269 1404 1277 1425 ·’
1293 1406 1363 1434 διότι
1377 1410 1471 1445 Κύριος
1486 1408 1541 1444 μετ’
1557 1408 1637 1434 αὐτοῦ
1647 1406 1728 1434 ἔστιν.
1739 1411 1838 1434 Τοῦτον
1850 1407 1888 1438 δὴ

1087 1455 1130 1479 τόν
1154 1456 1276 1490 μέγιστον
1299 1454 1370 1489 ἡμῶν
1393 1453 1573 1490 αὐτοκράτορα
1596 1454 1640 1478 τόν
1663 1451 1711 1478 κὰν
1730 1454 1815 1489 τούτῳ
1837 1456 1890 1483 τὴν

1087 1499 1148 1534 πρός
1164 1500 1228 1524 Θεὸν
1244 1497 1376 1535 ἐμφέρειαν
1390 1498 1517 1533 σώζοντα,
1533 1498 1573 1524 ὃτι
1588 1496 1670 1533 μηδέν
1687 1496 1743 1523 ἐστι
1758 1500 1844 1523 κοινόν
1861 1508 1889 1524 τι

1086 1543 1332 1579 προσαρμοζὸμενον
1348 1544 1427 1579 ὄνομα
1442 1543 1499 1577 (46)
1511 1545 1566 1573 τοῖς
1581 1543 1649 1568 κατά
1665 1546 1723 1567 νοῦν
1737 1541 1889 1578 καὶψνχὴν

1086 1589 1132 1613 καὶ
1146 1591 1225 1623 χεῖρα
1240 1589 1284 1612 καὶ
1302 1588 1404 1613 σύνεσιν
1420 1587 1499 1613 αὑτοῦ
1518 1589 1724 1624 προτερήμασιν,
1742 1586 1819 1623 ἑτέρῳ
1839 1589 1889 1623 μὲν

1087 1629 1174 1657 οὐδενὶ
1189 1633 1288 1662 πάντως
1301 1631 1454 1667 ἀμείϐεσθαι
1469 1634 1556 1668 τρόπῳ
1571 1635 1620 1657 τῶν
1636 1641 1676 1662 τις
1698 1631 1818 1657 ἁπάντων
1834 1629 1889 1658 δυ-

1085 1678 1191 1704 νήσεται
1207 1686 1213 1692 ·
1230 1675 1321 1712 εὐχαῖς
1337 1674 1366 1702 δὲ
1383 1676 1527 1713 ξύμπαντες
1543 1674 1693 1712 ὶγκαρδίοις
1707 1678 1752 1702 καὶ
1773 1675 1888 1712 υτγγλι-

1086 1721 1190 1756 χόμεθα
1205 1723 1249 1747 καὶ
1264 1719 1468 1756 συνὸεξιοὺμεθα
1480 1731 1486 1737 ·
1503 1722 1568 1756 μετὰ
1582 1723 1667 1746 τοίνυν
1689 1724 1735 1746 τοῦ
1756 1720 1889 1757 βασιλέως

1087 1763 1179 1799 Δαϐιὸ,
1197 1767 1260 1794 Θείη
1279 1767 1382 1801 Κύριος,
1395 1764 1503 1801 ᾄδομεν,
1517 1767 1559 1791 τόν
1574 1766 1662 1802 θρόνον
1683 1765 1763 1791 αὑτοῦ
1788 1767 1823 1796 ὡς
1838 1767 1889 1797 τὰς

1085 1809 1183 1846 ἡμέρας
1198 1813 1242 1836 τοῦ
1258 1809 1367 1846 οὐρανοῦ
1383 1820 1389 1826 ·
1404 1813 1449 1835 καὶ
1463 1810 1497 1840 εἰς
1513 1809 1594 1835 αἰῶνα
1609 1809 1748 1846 ἑτοιμάσαι
1759 1812 1789 1836 τὸ
1807 1812 1887 1846 σπέρ-

1085 1864 1122 1890 μα
1137 1854 1215 1880 αὑτοῦ
1231 1865 1237 1871 -
1253 1857 1296 1880 καὶ
1309 1854 1447 1891 πληρῶσαι
1460 1856 1545 1880 πάντα
1560 1856 1592 1880 τὰ
1606 1859 1654 1886 τῆς
1673 1855 1753 1880 αὐτοῦ
1769 1854 1887 1891 καρδίας

1085 1899 1216 1935 αἰτήματα
1229 1910 1234 1916 ·
1251 1901 1296 1924 καὶ
1312 1900 1396 1925 πάντα
1410 1900 1442 1924 τὰ
1455 1900 1512 1927 ἔθνη
1531 1897 1719 1925 δουλεύσουσιν
1730 1899 1802 1934 αὐτῷ
1815 1910 1822 1916 ·
1837 1902 1884 1926 καὶ

1084 1944 1096 1970 ὁ
1111 1945 1209 1980 καρπὸς
1225 1943 1304 1970 αὑτοῦ
1318 1944 1472 1981 ὑπεραρθείη
1489 1943 1551 1980 ὑπὲρ
1566 1945 1608 1969 τὸν
1618 1943 1728 1970 Λίϐανον
1739 1954 1744 1960 ·
1757 1946 1802 1969 καὶ
1813 1944 1884 1974 τέλος

1082 1992 1129 2019 τῆς
1144 1988 1285 2024 βασιλικῆς
1301 1990 1484 2025 προσωνυμίαις
1496 1989 1578 2023 τούτῳ
1602 1990 1637 2024 μὴ
1651 1990 1751 2023 γένοιτο
1769 1998 1775 2004 ³
1792 1987 1820 2014 ἐκ
1836 1993 1883 2019 τῆς

1083 2032 1195 2069 ἐπιγείου
1209 2034 1304 2063 ταύτης
1319 2033 1385 2068 μετὰ
1399 2034 1515 2070 μακροὺς
1530 2032 1604 2062 ἡλίου
1619 2032 1739 2066 κύκλους,
1764 2032 1806 2059 ἐπὶ
1833 2036 1881 2062 τὴν

1082 2078 1106 2105 ἰν
1121 2078 1239 2114 οὖρανοις
1250 2077 1408 2104 ἀκατάλυτον
1423 2077 1560 2114 βασιλείαν
1572 2080 1806 2115 μεταχωρήσαντι.

712 2164 886 2200 Sequuntur
904 2166 1135 2202 subscriptiones
1151 2166 1360 2202 autographa.

232 2252 358 2281 Humilis
379 2252 547 2281 monachus
572 2254 666 2281 Lucas
692 2253 882 2282 miseratione
905 2254 954 2283 Dei
979 2263 1023 2284 ar-
1040 2255 1063 2282 D

195 2297 404 2334 cliiepiscopus
420 2297 721 2334 Constantinopoleos
737 2306 822 2326 novre
839 2301 949 2327 Romae.

231 2343 357 2371 Humilis
384 2343 630 2379 archiepiscopus
658 2343 858 2380 metropoleos
880 2346 1022 2374 Cmsareae

195 2387 395 2424 Cappadociae
410 2386 589 2424 Stephanus.

228 2432 429 2460 sanctissima:
445 2432 644 2468 metropoleos
658 2432 764 2468 Ephesi
776 2433 1019 2471 archiepiscopus

189 2475 313 2505 humilis
325 2476 415 2505 Nilus.

226 2521 351 2550 Humilis
365 2522 557 2558 metropolita
572 2521 717 2550 Heracleze
734 2521 865 2550 Michael.

223 2567 352 2595 Humilis
368 2567 560 2603 metropolita
577 2567 662 2595 Cizici
679 2567 812 2595 Basilius.

223 2612 348 2640 Humilis
365 2611 557 2648 metropolita
569 2612 749 2640 Nicomedim
763 2611 895 2640 Michael.

222 2655 349 2684 Humilis
362 2656 552 2693 metropolita
567 2656 671 2685 Nicreze
685 2657 838 2692 Georgius.

1111 2255 1140 2281 '0
1153 2257 1269 2286 ταπεινὸς
1283 2256 1401 2292 μόναχός
1415 2257 1514 2285 Λουκᾶς
1523 2257 1567 2281 καὶ
1580 2255 1640 2291 ἐλέῳ
1651 2259 1718 2282 eam)
1734 2255 1878 2293 ἁρχιῑπίσ-

1075 2310 1153 2331 κοπος
1169 2299 1461 2331 Κωνσταντινουπόλιως
1476 2302 1534 2331 νέας
1548 2300 1658 2337 Ῥώμης,

1110 2345 1138 2372 Ὀ
1155 2345 1257 2377 εὐτελὴς
1270 2345 1478 2382 ἀρχιεπίσκοπος
1501 2349 1548 2377 τῆς
1569 2344 1750 2383 μητροπόλεως
1770 2348 1874 2373 Καισα-

1072 2392 1144 2427 ρείας
1160 2388 1351 2421 Καππαδοκίας
1365 2392 1496 2426 Στέφανος.

1107 2434 1136 2460 Ὀ
1151 2439 1199 2465 τῆς
1215 2434 1360 2470 ἁγιωτάτης
1374 2434 1554 2471 μητροπόλεως
1575 2434 1683 2470 Ἐψέσου
1696 2435 1872 2472 ἀρχιςπίσκο-

1072 2489 1116 2510 Tro;
1126 2482 1243 2509 ταπεινὸς
1257 2479 1342 2510 Νΰος.

1104 2524 1133 2550 Ὀ
1149 2524 1248 2554 εὐτελής
1263 2524 1457 2560 μητροπολίτης
1467 2524 1619 2562 Ἡρακλείας
1639 2524 1760 2561 Μιχαὴλ.

1103 2568 1132 2594 Ὀ
1148 2568 1448 2606 εὖτελὴςμητροπολίτης
1466 2570 1581 2600 Κυζίκου
1598 2568 1742 2606 βασίλειος.

1103 2613 1132 2638 ’0
1147 2613 1248 2644 εὐτελὴς
1262 2613 1455 2651 μητροπολίτης
1469 2612 1649 2650 Νικομηδείας
1663 2613 1782 2650 Μιχαὴλ.

1102 2657 1131 2683 Ὀ
1147 2657 1251 2689 εὐτελὴς
1263 2657 1455 2696 μητροπολίτης
1470 2661 1583 2690 Νικαίας
1598 2661 1737 2695 Γεώργιος.

221 2744 278 2782 (46)
291 2745 471 2775 Emmanuel
486 2745 655 2783 signiﬁcare
668 2745 748 2774 Deus
762 2745 915 2776 nobiscum
929 2753 1020 2775 neruo
1034 2745 1165 2782 ignorat.
