1947 3077
191 74 245 103 283
827 74 965 104 CODICIS
982 74 1123 105 MEDICEI
1143 74 1232 102 XXIV.
1829 73 1934 102 284

190 135 420 164 Manichaeorum
431 136 572 166 haeresim
584 136 878 173 amplexus,crucem
887 144 959 165 vene

1176 138 1212 172 ὃς,
1234 139 1267 165 τὰ
1285 140 1441 175 Μανιχαίων
1456 142 1598 176 φρονήσας,
1622 141 1666 166 τὸν
1684 137 1933 176 προπυνητόν

190 180 281 208 bilem
298 181 453 211 stultitiam
469 182 631 210 arbitratus
651 184 696 210 est
711 190 788 215 esse,
804 182 900 210 Deum
916 185 943 209 et

1163 193 1180 207 ιν
1200 192 1299 219 μωριαν
1314 183 1412 218 ἠγιτῑο,
1425 186 1469 210 καὶ
1485 185 1529 210 τὸν
1543 185 1638 220 Κύριον
1652 187 1697 210 καὶ
1711 186 1779 211 Θεὸν
1795 184 1816 213 ὴ
1826 184 1932 218 μ’-ὧν

191 226 309 255 minum
318 230 455 256 nostrum
469 229 570 256 Jesum
582 227 729 255 Christum
738 229 907 256 creaturam
920 235 960 255 no

1164 238 1170 252 μ
1185 228 1299 263 Χριστόν
1315 227 1448 263 ὀνομάζων
1462 230 1572 264 κτίσμα,
1588 231 1635 257 τὴν
1645 229 1775 264 πάναγνον
1788 227 1933 254 αὑτοῦ

191 276 295 305 nando
307 273 557 303 etsanctissimam
569 272 635 307 ejus
644 274 770 300 matrem
780 272 938 308 Deiparam
948 280 960 300 ε

1165 282 1167 297 :
1194 274 1319 298 Θεοτὸκον
1347 271 1395 298 οὐκ
1423 271 1500 308 ἔλέγε·
1530 272 1605 308 ὶγῐλα
1623 271 1653 300 δε
1682 275 1747 309 πρός
1767 273 1934 299 τούτοις

190 320 342 355 negando.
362 318 444 347 Idem
458 317 672 353 mysteriorum
696 316 920 345 tremendorum
934 324 959 344 ο(

1160 326 1172 341 ν
1190 320 1240 342 τῶν
1260 320 1372 353 φρικτῶν
1391 319 1436 343 καί
1452 318 1525 344 θείων
1537 320 1691 354 μυστηρίων
1709 316 1854 355 ρετοὶληψ
1864 325 1907 341 ιν
1920 338 1927 342 ε

191 364 366 392 munionem
382 361 481 394 irrisit,
498 363 527 389 et
548 369 617 389 cum
635 360 765 388 asseclas
777 360 938 389 invenisset
953 369 960 388 ι

1163 372 1170 385 ν
1188 359 1217 387 δὲ
1233 360 1303 396 αὐτῷ
1318 363 1363 387 καί
1383 361 1466 388 ἄλλων
1490 361 1731 395 ἀκολουθησάντων,
1751 361 1932 389 τινι-εὗσεν

189 416 314 445 paucos,
332 406 529 435 Lizicinorum
543 407 625 433 secta.
647 405 792 440 originem
813 404 883 433 inde
911 407 958 433 tra

1166 405 1305 441 λεγομένοιν
1331 405 1491 437 Λιξικιανῶν
1503 407 1601 444 αἵρεσις
1625 409 1746 436 συνέστη.
1770 409 1930 433 Τοῦτον

191 454 275 481 Hunc
287 453 385 480 virum
400 453 522 480 sanctus
536 449 701 479 Methodius
714 449 754 477 ad
767 448 860 477 ﬁdem
874 449 960 478 ortho

1163 450 1176 476 ὃ
1198 450 1270 484 οῖγιος
1296 448 1424 481 Μιθόδιος
1442 453 1535 481 πείσας
1555 452 1713 487 μεταθέσθαι
1734 452 1808 487 πρὸς
1839 449 1927 478 τῆν

190 505 261 526 xam
276 505 345 525 cum
358 495 538 529 reduxisset,
554 494 584 523 id
599 494 695 522 effecit
707 495 739 522 ut
752 493 801 522 alii
814 501 935 530 quoque
948 502 959 522 ε

1164 494 1205 525 ξον
1233 496 1330 527 πίστιν,
1356 496 1489 522 συνέπεισε
1515 493 1543 521 δί
1567 499 1647 522 αυτοῦ
1671 505 1716 522 και
1739 497 1811 526 τοὺς
1848 493 1930 520 σι).-

191 542 365 578 exemplum
381 542 584 577 sequerentur.
602 540 658 567 Hos
673 538 721 567 die
745 539 846 574 aliquo
870 538 944 566 festo

1163 549 1208 564 και
1223 539 1426 574 παρασκευάσας
1445 538 1469 565 ἐν
1488 539 1610 576 ἐπισήμῳ
1624 540 1708 577 ἡμέρᾳ
1722 539 1925 576 θριαμϐεῦ-

190 587 328 615 lemniter
342 593 427 614 sacro
441 586 591 620 unguento
602 583 751 612 delibutos
763 586 791 611 et
800 582 937 611 candidis
948 592 959 611 ι

1153 594 1173 612 ιν
1189 585 1282 610 οἰκείαν
1304 585 1414 621 αἵρεσιν,
1436 586 1537 620 χρίσας
1563 594 1590 611 τε
1615 586 1689 621 μύρῳ
1717 584 1803 620 ἁγίῳ,
1838 586 1922 609 καὶ

192 631 272 659 tibus
286 633 410 659 ornatos
425 631 587 666 postquam
606 628 686 657 faces
699 628 731 656 in
751 636 856 656 eorum
871 627 961 656 manil

1150 638 1166 658 ης
1188 631 1328 663 κοσμήσας
1352 628 1513 664 ἐμφωτιίοις,
1533 627 1674 665 λαμπάδας
1703 631 1919 665 κατέχοντας

189 675 347 712 posuisset,
359 675 596 704 orthodoxorum
612 674 703 701 choro
718 672 891 702 immiscuit.

718 672 891 702 immiscuit.
1065 674 1121 703 τοῖς
1137 670 1286 710 ὀρθοδόξοις
1306 675 1472 702 συνέστησεν.

468 988 781 1036 REGENSIO
824 987 1064 1035 CODICIS
1096 987 1363 1035 MEDICEI
1395 987 1584 1042 XXIV,

941 1095 1041 1123 PLUT.
1069 1094 1112 1122 IX.

463 1186 514 1222 (Ex
529 1186 604 1220 Aug.
620 1184 715 1213 Mariae
731 1183 867 1212 Bandinii
881 1183 1024 1212 fasciculo
1034 1191 1133 1212 rerum
1150 1184 1329 1212 Graecarum.
1344 1183 1496 1211 Florentia:
1508 1183 1598 1218 1763).

223 1345 358 1374 Continet
373 1345 423 1373 hic
442 1344 536 1373 codex
548 1345 654 1373 Nicetes
667 1344 818 1373 Choniatae
832 1345 1012 1373 Thesaurum
1027 1344 1201 1373 orthodoxae
1211 1344 1308 1377 Fidei,
1322 1344 1352 1372 in
1367 1343 1461 1372 libros
1486 1345 1578 1376 XXvn
1598 1344 1762 1379 digestum,
1777 1353 1891 1381 quem

187 1389 251 1425 ipse
266 1390 296 1417 in
311 1390 439 1425 gratiam
455 1389 554 1422 amici,
569 1389 620 1426 qui
631 1392 719 1426 capta
733 1398 751 1417 ο
768 1389 876 1417 Latinis
892 1389 1160 1425 Constantinopoli,
1170 1389 1268 1416 solum
1278 1390 1391 1416 vertere
1405 1396 1508 1416 secum
1518 1391 1640 1417 coactus
1655 1389 1763 1421 fuerat,
1778 1389 1812 1417 in
1824 1397 1887 1417 ex-

188 1434 253 1462 silio
263 1434 449 1470 conscripsit,
461 1434 514 1462 ubi
524 1437 591 1470 post
603 1434 771 1470 expositam
785 1434 947 1462 salutarem
958 1433 1137 1468 doctrinam,
1147 1442 1236 1462 omne
1245 1441 1339 1468 genus
1350 1433 1497 1461 haeresum
1507 1435 1716 1470 sectarumque
1727 1433 1767 1462 ad
1781 1441 1887 1461 suam

187 1487 284 1515 usque
300 1482 419 1507 aetatem
434 1479 633 1515 persequitur,
649 1480 678 1507 et
693 1478 871 1508 testimoniis
892 1480 1026 1506 veterum
1042 1477 1177 1506 Ecclesiae
1192 1477 1362 1512 doctorum,
1376 1477 1424 1506 vel
1438 1477 1568 1513 propriis
1582 1478 1772 1512 argumentis
1787 1477 1887 1507 refel—

185 1523 227 1551 lit.
245 1524 317 1551 Cum
332 1531 404 1551 vero
419 1525 513 1551 totum
527 1524 584 1551 hoc
599 1531 675 1560 opus
688 1526 810 1560 propter
822 1523 933 1551 molem
949 1523 1094 1550 hactenus
1109 1522 1217 1555 lucem,
1228 1530 1321 1557 quam
1336 1525 1476 1556 meretur,
1494 1522 1575 1550 haud
1589 1521 1706 1555 viderit,
1721 1523 1884 1558 quoniam

186 1567 247 1596 duo
263 1568 349 1596 facile
373 1568 529 1596 volumina.
556 1568 587 1596 in
603 1567 673 1596 folio
693 1568 865 1605 compleret,
881 1567 1027 1596 librorum
1052 1569 1239 1601 argumenta,
1256 1575 1387 1602 quorum
1401 1566 1490 1594 index
1507 1566 1671 1602 praecurrit,
1692 1574 1728 1594 ac
1752 1566 1882 1603 primas

187 1613 265 1641 duas
278 1613 391 1642 codicis
406 1613 534 1649 paginas
551 1616 691 1650 occupat.
702 1613 848 1648 subjicere
864 1613 984 1640 animus
998 1613 1061 1639 erat
1074 1619 1081 1644 ;
1097 1610 1148 1638 sed
1162 1611 1303 1646 cumjam
1319 1610 1436 1647 prolata
1451 1610 1570 1645 fuerint,
1584 1613 1612 1639 et
1623 1618 1641 1638 a
1658 1610 1817 1639 Fabric.B.
1838 1611 1879 1639 G.

186 1660 206 1685 t.
224 1658 269 1690 Vl,
281 1665 310 1693 p.
328 1658 381 1685 420
396 1665 482 1693 seqq.
499 1659 527 1685 et
548 1665 565 1684 a
579 1657 806 1686 Monlefalconio
828 1657 979 1691 Palwogr.
996 1656 1089 1684 Grec.
1117 1663 1148 1690 p.
1170 1657 1219 1682 327
1236 1663 1332 1691 seqq,
1346 1663 1402 1682 nos
1421 1654 1455 1682 iis
1468 1655 1599 1689 omissis,
1614 1663 1682 1690 quae
1696 1663 1768 1683 cum
1783 1655 1883 1684 dictis

186 1700 369 1728 editionibus
385 1701 568 1728 concordare
581 1700 797 1735 comperimus,
814 1703 1025 1735 argumentum
1043 1699 1254 1727 tantummodo
1267 1699 1333 1727 libri
1347 1700 1392 1734 IV,
1412 1701 1496 1736 quod
1508 1700 1697 1737 aliquantum
1713 1702 1753 1728 ab
1767 1700 1804 1728 iis
1818 1700 1881 1728 dif-

187 1744 254 1776 fert,
270 1744 462 1779 proferimus,
477 1745 560 1780 quod
573 1745 614 1772 ita
625 1745 732 1772 habet:

222 1790 306 1824 Τόμος
332 1790 461 1824 τέταρτος.
493 1793 524 1815 Εν
544 1790 627 1824 τούτῳ
650 1792 747 1814 κεῖνται
765 1792 848 1815 πᾶσαι
874 1791 902 1814 αί
916 1788 1023 1822 παλαιαὶ
1055 1789 1167 1824 αἱρέσεις
1194 1789 1220 1814 αἱ
1248 1788 1418 1824 ἀναφανεῖσαι
1441 1791 1524 1825 μέχρι
1549 1793 1594 1820 τῆς
1609 1788 1711 1824 Ἀρείου
1735 1791 1878 1825 αἱρέσεως.

187 1833 303 1868 Ἐγροὶφη
321 1831 351 1858 δὲ
365 1836 455 1869 πρώτη
471 1834 487 1861 ὴ
503 1837 550 1858 τοὺ
570 1835 690 1868 Σίμωνος,
716 1835 761 1858 καὶ
778 1834 791 1861 ὴ
813 1832 852 1858 ἐπ’
879 1833 949 1868 αὐτῷ
972 1832 1136 1869 ἀντίρρησις,
1154 1833 1177 1858 ἐν
1231 1831 1356 1861 δηλοῦται
1379 1835 1424 1859 καί
1437 1834 1506 1864 ὃπως
1520 1835 1533 1859 ὁ
1559 1834 1642 1870 Σίμων
1654 1838 1738 1864 κακῶς
1751 1834 1879 1871 ἐξέρρηξε

186 1879 233 1905 τὴν
247 1877 340 1912 ψυχήν
356 1887 362 1893 ·
380 1876 490 1913 δευτέρα
505 1879 519 1906 η
537 1882 586 1902 τῶν
600 1877 760 1903 Νικολαϊτῶν
772 1888 778 1893 ·
799 1879 873 1914 τρίτη
890 1879 904 1906 ἡ
919 1882 969 1903 τῶν
990 1878 1217 1914 Καρποκράτηνών
1233 1888 1238 1894 ν
1256 1878 1365 1914 τετάρτη
1382 1878 1397 1906 ἡ
1419 1881 1465 1903 τοῦ
1480 1878 1641 1911 Βαλεντίνου,
1662 1877 1686 1903 ἐν
1732 1878 1878 1914 εἰρήκαμεν

186 1924 228 1947 καὶ
245 1925 304 1958 περὶ
322 1925 369 1952 τῆς
385 1922 454 1952 θείας
474 1921 701 1959 ἐνανορωπήσεως·
716 1924 823 1957 ¹πέμπτη
840 1923 855 1950 ἡ
870 1926 916 1948 ’νοῦ
933 1921 1091 1958 Πτολεμαίου
1109 1930 1114 1935 ·
1133 1922 1191 1951 ἒκτη
1209 1933 1223 1951 η
1239 1926 1285 1949 τοῦ
1299 1921 1409 1959 Μάρκου
1426 1933 1431 1938 -
1448 1921 1547 1959 ἑϐδόμη
1563 1924 1578 1952 ἡ
1596 1927 1645 1948 τῶν
1660 1921 1878 1959 Ἀσκοδρούγων

186 1967 246 1992 ἔνθα
267 1969 311 1992 καὶ
333 1968 392 2003 περὶ
410 1969 458 1997 τῆς
478 1969 577 1998 σκηνῆς
591 1969 637 1991 τοῦ
651 1969 796 2003 μαρτυρίου
812 1969 856 1992 καὶ
876 1966 942 1994 ἄλλα
960 1969 1017 1993 τινὰ
1036 1971 1082 1994 τοῦ
1101 1967 1214 1993 παλαιοῦ
1242 1970 1320 2003 νόμον
1342 1967 1483 2005 ἐρρέθησαν
1501 1977 1506 1983 ·
1527 1966 1609 2004 ὀγδόη
1630 1969 1644 1997 ἡ
1668 1972 1714 1994 τοῦ
1735 1967 1875 2006 Καλοϐοὲρ-

188 2021 234 2037 σου
251 2019 257 2026 ·
279 2011 369 2040 ἐννοίτη
399 2012 414 2040 ἠ
431 2015 480 2036 τῶν
496 2011 621 2046 Ὀφιτῶυ,
636 2012 660 2036 ἐν
705 2014 750 2036 και
760 2014 818 2047 περὶ
831 2015 887 2044 τοῦ,
907 2015 962 2042 πῶς
982 2011 1076 2041 ἐκλήθη
1094 2022 1214 2048 φρονιμος
1229 2013 1241 2038 ὀ
1254 2012 1321 2048 ὄφις,
1336 2015 1381 2038 καὶ
1396 2015 1455 2048 περὶ
1470 2014 1579 2044 αἰώνων,
1595 2015 1640 2038 καί
1656 2015 1772 2049 περὶτοῦ
1787 2017 1877 2048 φυτοῦ

185 2060 234 2086 τῆς
247 2058 379 2092 γνώσεως,
393 2058 438 2081 καὶ
452 2059 498 2086 τῆς
510 2054 560 2081 ἀπὸ
573 2059 618 2081 τοῦ
634 2053 798 2091 παραδείσου
811 2056 918 2087 ἐκϐολῆς
933 2060 978 2082 τοῦ
994 2054 1080 2094 Ἀδάμ
1094 2065 1101 2072 ·
1114 2055 1211 2085 δεκάτη
1225 2059 1239 2086 ἠ
1253 2061 1299 2083 τοῦ
1313 2055 1489 2093 Ιῐροδίκου,ὅς
1502 2058 1589 2088 κοινὰς
1605 2060 1670 2083 εἰναι
1682 2058 1730 2088 τὰς
1743 2061 1879 2092 γυναῖκας

185 2099 332 2137 παρεδίδου
353 2099 500 2130 ἀκολούθως
518 2103 554 2134 τῷ
575 2099 701 2127 Πλάτωνι.
720 2098 859 2129 Ἐνδεκάτη
882 2101 896 2130 ἡ
918 2105 966 2126 τῶν
984 2104 1082 2126 Καῖνῶν
1100 2110 1105 2116 ·
1125 2099 1263 2129 δωδεκάτη
1286 2102 1300 2128 ἡ
1325 2105 1373 2127 τῶν
1390 2102 1520 2129 Σηθιανῶν
1538 2109 1543 2115 ·
1558 2099 1755 2138 τρισκαδεκάτη
1779 2103 1795 2130 ἡ
1822 2106 1876 2127 τῶν

188 2144 365 2180 Ἀρχοντικών
383 2153 388 2158 ·
410 2142 686 2180 τεσσαρεσκαιδεκάτη
708 2147 722 2173 ὴ
739 2148 785 2170 τοῦ
806 2147 934 2181 Κέροωνος
948 2147 993 2170 καὶ
1012 2147 1173 2181 Μαρκίωνος,
1190 2145 1214 2171 ἐν
1269 2148 1314 2172 καὶ
1328 2148 1388 2183 περὶ
1403 2149 1449 2175 τῆς
1463 2146 1534 2176 ὑλης.
1552 2143 1777 2174 Πεντεκαιδεκάτη
1794 2148 1810 2174 ἡ
1826 2151 1876 2172 τοῦ

186 2191 333 2214 Λουκιανοῦ
350 2196 355 2202 ·
374 2187 546 2219 ἐξκαιδεκάτη
563 2191 577 2218 ἡ
590 2192 636 2214 τοῦ
652 2189 760 2218 Ἀπελλῇ
780 2199 786 2205 ·
801 2187 1012 2218 ἑπτακαιδεκάτη
1029 2191 1098 2218 ἡτου
1114 2187 1269 2226 Σιϐηριανοῠ
1286 2199 1292 2204 ·
1310 2188 1527 2218 ωκτάκαιδεκᾱιτη
1544 2192 1559 2218 ἡ
1576 2194 1622 2216 τοῦ
1633 2193 1761 2215 Τατιανοῦ
1775 2197 1782 2203 ·
1797 2189 1875 2216 ἐννα-

185 2230 329 2261 καιδεκάτη
344 2235 358 2261 ὴ
374 2237 423 2258 τῶν
439 2232 632 2270 Ἐγκρατητὼν·
652 2233 757 2262 εἰκοσιὴ
779 2236 794 2262 ὴ
815 2238 864 2259 τῶν
883 2233 1112 2269 Ἀσκοδρουνιτῶν
1130 2245 1136 2250 ·
1152 2235 1256 2263 εἰκοστὴ
1273 2238 1363 2270 πρώτη
1380 2237 1395 2263 ἡ
1409 2238 1459 2260 τῶν
1474 2234 1646 2261 Κυντιλιανών
1663 2237 1707 2260 καὶ
1729 2234 1875 2271 ΙΙρισκιλι-

186 2280 251 2302 ανῶν
264 2279 309 2302 καί
324 2277 501 2310 ΙΙεπουζιτῶν,
514 2280 558 2303 καὶ
575 2278 761 2314 Ἀρτοτυριτών
783 2285 789 2291 ⁸
807 2277 911 2306 εἰκοστὴ
925 2275 1034 2314 δευτέρα
1049 2280 1064 2307 ὴ
1082 2283 1131 2304 τῶν
1145 2277 1479 2315 Τεσταρεσκαιδεκατιτὼν,
1501 2278 1525 2304 ἐν
1574 2280 1619 2304 καί
1641 2281 1700 2315 περὶ
1719 2283 1770 2304 τῶν
1794 2279 1874 2305 θείων

186 2323 338 2358 μυστηρίων
349 2330 355 2336 ·
367 2322 471 2350 εἰκοστὴ
488 2324 561 2358 τρίτη
577 2324 591 2350 ὴ
608 2326 658 2347 τῶν
673 2322 913 2357 Ἀλογων·εὶκοστὴ
928 2323 1036 2358 τετάρτη
1051 2326 1066 2352 ἦ
1081 2321 1430 2358 τῶνἋδαμιανῶν-εἰκοστὴ
1447 2324 1551 2358 πέμπτη
1569 2325 1584 2351 η
1603 2327 1653 2348 τῶν
1667 2322 1810 2358 Σαμψαίων
1826 2325 1874 2349 καὶ

185 2365 348 2398 Ἑλκεσαίων,
364 2365 388 2391 ἐν
431 2369 475 2391 καὶ
489 2369 548 2403 περὶ
561 2370 609 2402 τῇς
630 2369 787 2402 σαρκώσεως
801 2370 847 2392 τοῦ
863 2368 949 2401 Λόγου
967 2375 973 2381 ⁸
991 2369 1095 2395 εἰκοστὴ
1114 2368 1173 2395 ἕκτη
1191 2369 1205 2395 ἡ
1218 2371 1265 2392 τῶν
1278 2365 1467 2401 Θεοδοτιανῶν,
1482 2366 1505 2392 ἐν
1547 2369 1590 2392 καί
1598 2368 1700 2399 τό,πώς
1710 2368 1820 2397 νοεῖται,
1832 2371 1872 2402 τῷ

186 2408 216 2436 δὲ
231 2409 264 2440 εἰς
286 2412 315 2435 τὸ
340 2411 445 2445 Πνεῦμα
465 2409 686 2446 βλασφημήσαντι
713 2410 761 2435 οὐκ
785 2409 942 2446 ἀφεθήσεται
960 2419 965 2424 ·
987 2411 1089 2439 εἰκοστή
1112 2409 1210 2446 ἑϐδόμη
1228 2411 1242 2439 ὴ
1266 2415 1312 2436 τοῦ
1339 2413 1442 2439 Νοητου
1457 2413 1502 2436 καί
1523 2415 1569 2437 τοῦ
1594 2410 1716 2437 Ναϐάτου
1730 2419 1736 2425 ”
1759 2412 1870 2440 εἰκοστὴ

188 2453 271 2491 ὀγδόη
289 2455 304 2484 η
321 2459 367 2480 τοῦ
383 2454 522 2480 Σαϐελλίου
540 2463 547 2469 ·
569 2454 674 2484 εἰκοστὴ
692 2454 779 2483 ἐννάτη
794 2455 808 2483 ἡ
824 2459 870 2480 τοῦ
881 2455 1030 2491 Μαρκελλου
1052 2475 1058 2482 .
1075 2457 1218 2492 τριακοστὴ
1235 2455 1255 2480 ὠ
1269 2457 1318 2480 τὼν
1334 2455 1490 2483 Οὐαλησίων
1503 2464 1509 2470 ·
1530 2457 1674 2492 τριακοστὴ
1687 2457 1778 2491 πρώτη
1795 2456 1811 2484 ἡ
1824 2460 1872 2482 τοῦ

186 2499 342 2536 Ὠριγένους,
354 2498 378 2527 ἐν
425 2502 470 2525 καί
491 2497 613 2536 διάφοροι
626 2497 702 2530 δόξαι
712 2499 858 2527 Ἑλληνικαί
871 2502 931 2535 περὶ
950 2499 1054 2535 ψυχῆς,
1068 2502 1113 2525 καί
1128 2499 1250 2536 ἑρμηνεία
1270 2503 1315 2524 τοῦ
1340 2499 1515 2525 άποστολικοῡ
1529 2499 1622 2537 ῥητοῦ,
1638 2500 1651 2525 ὃ
1671 2509 1762 2536 φησιν,
1776 2499 1872 2526 Ἐκεὶσ-

184 2555 230 2571 του
251 2547 281 2572 τὸ
297 2547 369 2582 ἔργον
380 2546 469 2571 ὁποῖόν
484 2544 541 2571 ἐστι
555 2546 585 2571 τὸ
600 2548 652 2581 πῦρ
669 2542 820 2580 δοκιμάσει.
834 2556 847 2569 ››
860 2547 1009 2582 Τριακοστὴ
1032 2542 1140 2581 δευτέρα
1155 2544 1169 2573 ἡ
1187 2543 1292 2570 Παύλου
1308 2548 1352 2569 τοῦ
1373 2546 1544 2580 Σαμοσατέως
1558 2555 1564 2561 -
1581 2547 1726 2581 τριακοστὴ
1754 2553 1832 2581 τριτη
1854 2545 1869 2574 ἡ

184 2594 234 2615 τῶν
253 2592 408 2626 ΙνῙανιχαὶων
430 2591 474 2615 καί
491 2588 652 2625 Κουϐρίκων,
673 2588 697 2614 ἐν
758 2591 803 2614 καί
819 2588 945 2624 ἐξήγησις
959 2593 1005 2615 τοὺ
1021 2588 1195 2614 ἀποστολικοῡ
1209 2589 1291 2625 ῥητοῦ
1306 2587 1433 2624 λέγοντος,
1456 2599 1469 2613 ι(
1490 2589 1530 2615 Ἐν
1558 2589 1704 2625 ὁμοιώματι
1729 2588 1870 2626 ἀνθρώπου

185 2637 295 2669 φανῆναι
306 2636 348 2660 τὸν
365 2636 470 2670 Κύριον,
489 2636 534 2660 καί
550 2636 672 2670 σχήματι
682 2634 818 2671 εὑρεθῆναι
833 2637 865 2663 ὡς
889 2634 1024 2670 ἄνθρωπον
1046 2644 1052 2649 ·
1075 2644 1089 2659 ››
1114 2635 1258 2670 τριακοστὴ
1279 2634 1390 2669 τετάρτη
1411 2634 1425 2664 ἡ
1456 2637 1506 2659 τῶν
1533 2636 1681 2670 Ἱερατικῶν
1699 2642 1704 2648 ·
1721 2637 1868 2670 τριακοστή

185 2679 288 2713 πέμπτη
314 2681 329 2707 ἠ
350 2683 400 2705 τῶν
428 2677 636 2716 Κόλλυριδιανῶν
666 2689 673 2695 ·
693 2681 835 2715 τριακοστὴ
864 2679 925 2707 ἕκτη
955 2679 969 2707 ἠ
999 2682 1049 2704 τῶν
1074 2677 1279 2712 Μασσαλιανὼν,
1310 2675 1368 2713 ἐνῇ
1392 2679 1495 2704 καὶτὰ
1516 2678 1644 2714 κεφάλαια
1671 2682 1720 2708 τῆς
1744 2679 1870 2715 αἱρέσεως

185 2720 270 2748 αὐτῶν
295 2721 492 2758 ἀνατάττονται,
519 2725 565 2750 καί
590 2721 712 2760 διάφοροι
736 2722 792 2749 κατ’
811 2722 894 2750 οὗτῶν
917 2721 1083 2761 ἁντιῤῥήσεις
1111 2732 1117 2738 ·
1138 2723 1281 2758 τριακοστὴ
1312 2719 1411 2759 ἑϐδόμη
1440 2722 1455 2752 ὴ
1484 2725 1534 2749 τῶν
1561 2723 1744 2760 Κηρινθιανῶν
1773 2731 1780 2738 ν
1802 2732 1872 2759 τρια-
