1947 3077
206 78 259 106 287
849 74 893 104 GO
898 74 985 104 DICIS
1003 73 1144 103 MEDICEI
1160 73 1239 103 XXIV
1434 96 1437 98 .
1836 71 1935 100 288

206 139 251 167 Ἐκ
268 142 315 167 τοῦ
335 139 398 177 πρὸς
412 138 536 175 Εὐνόμιον
554 139 659 175 πρώτου
679 136 769 174 λόγου,
783 144 856 175 pag.
869 137 931 167 234.
950 136 996 164 Ἐκ
1020 139 1066 164 τοῦ
1081 137 1150 164 κατὰ
1163 137 1266 175 Ἀρείου
1285 135 1373 173 λόγου,
1388 135 1463 165 ibid.
1478 135 1544 163 Ἀπὸ
1561 138 1611 163 τῶν
1631 135 1697 173 πρὸς
1710 134 1935 172 ’Δμφιλὸχιον

203 186 246 211 τὸν
260 184 367 211 Ἰκονίου
386 184 527 220 τριάκοντα
540 182 696 219 κεφαλαίων,
712 190 783 220 pag.
800 184 852 211 245
875 181 909 211 1).
929 182 973 209 Ἐκ
988 185 1034 213 τῆς
1049 181 1084 213 εἰς
1105 183 1149 208 τὸν
1170 183 1306 219 προφήτην
1320 181 1430 208 Ἡσαΐαν
1449 180 1608 217 ἒξηγήσεως,
1623 187 1694 217 pag.
1708 182 1760 209 330
1782 179 1820 209 b.
1848 179 1935 206 Ἐκ

204 233 250 260 τῆς
265 229 356 265 εὐχῆς,
372 229 404 260 ἧς
423 229 438 258 ἠ
455 227 540 265 ἁρχὴ,
552 226 646 259 Οὐδεὶς
661 228 741 262 ἄξιος,
755 237 780 255 κ.
797 228 834 262 λ.,
851 235 921 264 pag.
939 229 1003 256 332.
1022 226 1068 258 Εἰς
1080 227 1120 261 τὸ,
1133 237 1148 252 ε(
1165 226 1231 262 Ἐγώ
1250 226 1303 262 εἰμι
1318 227 1333 256 ἡ
1355 225 1479 263 ἄμπελος,
1497 236 1511 251 ››
1526 233 1596 262 pag.
1613 226 1674 254 344.
1690 236 1704 250 ›ι

241 282 363 310 Cosmas
373 281 581 318 lndopleustes
596 280 624 308 ἑκ
636 285 683 308 τοῦ
694 281 729 313 εἰς
742 283 785 308 τὸν
801 280 925 319 ψαλτῆρα
938 290 1010 318 «pou

1153 281 1244 316 υμίνου
1255 279 1289 311 ὡς
1305 278 1329 305 ἓν
1341 277 1450 316 παρόδῳ
1463 280 1503 312 τὸ,
1514 290 1528 305 ιι
1540 279 1687 316 Πγάπησας
1699 276 1897 306 δικαιοσύνην
1907 297 1922 310 ,

203 328 249 353 καὶ
265 325 394 363 ἐμίσησας
410 326 528 363 ἀνομίαν,
545 337 560 352 ››
576 329 621 353 καὶ
636 327 669 353 τὰ
684 327 726 358 ἐξῆ
733 337 753 360 ς,
767 333 838 364 pag.
854 328 919 354 333.

239 379 363 416 Cyrillus
377 379 605 413 Alexandrinus,
619 388 689 417 pag.
709 381 768 414 105,
787 382 837 408 106
858 387 887 414 a,
905 381 954 408 106
968 379 1001 414 b,

1153 376 1188 405 07
1202 376 1233 411 1),
1252 378 1301 406 109
1318 376 1351 412 b,
1369 378 1417 405 147
1440 376 1471 410 1),
1490 378 1540 405 190
1558 375 1592 405 b.
1609 376 1654 403 Ἐκ
1673 379 1717 402 τοῦ
1741 375 1840 412 λόγου,
1866 373 1922 401 οὗ

203 425 218 455 ἡ
247 423 388 462 ἐπιγραφὴ,
419 423 566 456 Ἀπόδειξις
595 423 642 451 διὰ
670 428 719 452 τῶν
747 424 864 462 ἀρχῆθεν
887 425 1061 461 γεγενημένων
1091 423 1164 449 θείων
1189 425 1322 460 χρησμῶν
1353 425 1406 452 τοῖς
1434 422 1582 452 θεσπεσίοις
1609 421 1790 459 πατριάρχαις
1825 422 1919 457 περὶ

201 472 246 498 τῆς
273 467 401 505 ἀμείψεως
425 471 470 496 καὶ
499 470 660 506 μεταθέσεως
684 472 734 496 τῶν
759 467 894 496 Ἰουδαίων
920 470 964 495 καὶ
987 471 1039 494 τῶν
1058 467 1145 502 iam,
1175 474 1247 503 pag.
1277 468 1319 494 18.
1351 467 1420 503 Πρός
1446 467 1504 497 τοὺς
1529 465 1657 502 λέγοντας,
1685 466 1725 492 ὃτι
1751 465 1796 496 Εἰς
1816 468 1920 502 τρεῖς

203 513 276 543 θεοὺς
299 515 463 550 πιστεύομεν.
491 515 521 541 Ρ.
550 513 618 542 ead.
643 513 673 541 1).
703 514 776 540 Κατὰ
808 518 857 540 τῶν
885 513 1041 549 εἰσαγόντων
1068 513 1098 539 τὸ
1129 511 1234 538 ἔλαττον
1261 515 1297 547 τῷ
1322 511 1375 546 Υίῷ
1406 509 1433 537 ἐκ
1460 514 1507 537 τοῦ
1533 512 1577 537 τὸν
1607 511 1723 548 Χριστὸν
1746 509 1836 546 λέγειν
1873 509 1917 535 ἓν

201 557 379 593 Εὑαγγελίοις,
405 558 461 584 «'0
487 560 578 596 Πατήρ
599 567 649 594 μου
671 558 767 595 μείζων
789 559 840 596 μού
864 557 945 592 ἔστιν,
967 569 970 583 :

1145 576 1151 583 .
1169 557 1231 592 Περὶ
1254 559 1300 586 τῆς
1323 559 1457 593 προκοπῆς
1479 558 1526 581 τοῦ
1545 558 1673 592 Χριστοῦ,
1689 561 1759 591 pag.
1783 555 1838 582 111
1863 553 1913 582 b.

201 601 246 628 Ἐκ
279 606 328 628 τῶν
349 603 417 629 κατὰ
438 606 488 629 τῶν
511 603 741 639 Πνευματομάχων
766 602 953 640 ἀντιῤῥητικῶν
974 601 1077 638 λόγων,
1096 608 1167 637 pag.
1195 601 1245 629 123
1274 600 1305 636 b,
1333 602 1394 634 124,
1424 601 1486 634 125,
1514 600 1574 628 126.
1604 599 1664 626 Ὀτι
1691 600 1704 626 ό
1734 601 1913 635 Μονογενής

200 647 259 678 Υἱός
285 650 330 674 τοῦ
355 651 421 674 Θεοῦ
448 647 650 685 ἐνανθρωπήσας
674 647 768 684 ψυχὴν
795 649 861 684 μετὰ
885 649 1003 684 σώματος
1033 644 1162 679 ἀνέλαϐεν,
1189 655 1203 671 n
1230 652 1300 681 pag.
1329 647 1375 673 131
1405 644 1434 673 b.
1460 646 1534 671 Κατὰ
1561 648 1739 682 Νεστοριανῶν
1770 643 1800 670 ίκ
1837 648 1911 670 τῶν

202 691 317 728 σχολίων
340 696 390 719 τῶν
409 694 469 730 περὶ
495 692 607 723 ένώσεως
631 696 682 719 τῶν
707 691 756 719 δύο
781 693 880 728 φύσεων
906 695 952 718 τοῦ
980 693 1109 728 Χριστοῦ,
1132 697 1200 726 pag.
1227 690 1276 718 133
1298 689 1329 718 b.
1358 689 1401 716 Ἐκ
1420 693 1466 720 τῆς
1490 690 1556 726 πρὸς
1583 690 1704 715 Ἀκάκιον
1729 687 1906 723 ἐπιστολῆς,

199 743 270 771 pag.
300 737 363 772 134,
390 738 440 765 135
464 736 494 764 b.
519 736 562 764 Ἐκ
584 741 630 768 τῆς
655 736 760 772 ὁμιλίας
783 741 828 767 τῆς
854 738 914 774 περὶ
938 736 990 766 ἑνός
1015 736 1087 767 Υἱοῦ,
1112 742 1183 771 pag.
1209 735 1260 762 134
1286 733 1318 767 1),
1349 735 1408 762 135.
1435 734 1480 761 Ἐκ
1505 737 1551 760 τοῦ
1577 736 1637 771 περὶ
1662 733 1907 771 ἐνανθρωπήσεως

202 780 292 816 λόγου,
316 788 346 818 p.
372 781 422 809 135
449 781 479 809 b.
503 781 549 809 Ἐκ
572 785 618 808 τοῦ
646 782 713 808 κατὰ
736 784 828 808 πεῦσιν
849 783 894 807 καὶ
917 780 971 807 ἀπὸ]

1133 789 1170 813 ου,
1195 785 1266 815 pag.
1293 780 1353 814 136,
1377 780 1426 807 137
1450 778 1481 812 b,
1509 780 1559 807 138
1580 778 1610 806 1).
1637 778 1680 805 Ἐκ
1703 782 1751 809 τῆς
1771 780 1902 814 πρώτης

199 825 303 859 ὁμιλίας
326 829 384 859 τῆς,
410 825 470 852 Ὀτι
497 825 526 852 οὗ
558 828 613 863 χρὴ
643 825 725 862 λέγειν
752 826 886 863 ἄνθρωπον
912 826 1042 862 θεοφόρον,
1068 822 1131 850 ἀλλὰ
1161 824 1225 850 Θεὸν
1252 821 1495 860 ἔνανθρωπὴσαντα,
1520 829 1591 859 pag.
1622 824 1672 851 140
1698 822 1729 850 1).
1758 821 1804 849 Ἐκ
1836 827 1900 854 τῆς

200 871 266 906 πρὸς
289 872 430 906 Νεστόριον
452 869 599 905 ἔπιστολῆς,
619 877 690 906 pag.
715 871 775 898 141.
800 869 844 896 Ἐκ
868 873 916 900 τῆς
943 868 1044 906 ὁμιλίας
1067 871 1122 902 τῆς,
1142 866 1203 893 Ὀτι
1227 867 1260 897 εἷς
1284 868 1379 904 Κύριος
1402 867 1504 898 Ἰησοῦς
1524 868 1651 905 Χριστὸς,
1674 874 1745 904 pag.
1771 868 1822 895 141
1853 866 1895 895 b.

199 913 244 940 Ἐκ
272 917 317 941 τοῦ
345 916 409 951 πρὸς
437 916 484 944 τὴν
516 913 702 943 εὐσεϐεστάτην
729 912 861 950 βασιλίδα
891 915 1120 951 προσφωνητικοῦ,
1150 918 1221 947 pag.
1255 912 1302 939 141
1333 911 1363 939 1).
1392 912 1435 937 Ἐκ
1461 914 1507 937 τοῦ
1539 911 1617 947 λόγου
1649 914 1695 938 τοῦ
1722 912 1789 948 πρὸς
1818 913 1897 941 τοὺς

199 958 400 995 πρεσϐυτέρους,
428 960 473 985 καὶ
500 957 648 992 διακόνους,
673 960 718 985 καὶ
744 959 886 995 μοναχοὺς,
911 965 982 994 pag.
1009 959 1068 990 142,
1094 956 1157 990 143,
1184 957 1233 983 146
1252 955 1282 983 b.
1311 955 1356 981 Ἐκ
1379 959 1425 982 τοῦ
1450 955 1482 986 εἰς
1507 956 1555 987 τὰς
1583 954 1722 987 δεσποίνας
1748 965 1894 992 προσφω-

197 1006 314 1037 νητικοῦ,
344 1010 416 1039 pag.
445 1005 504 1031 143.
533 1003 576 1031 Ἐκ
600 1013 646 1030 του
676 1004 751 1030 ἕκτου
777 1002 1002 1039 ἁναθεματισμου,
1030 1000 1104 1030 ibid.
1133 1001 1178 1027 Ἐκ
1196 1010 1242 1026 του
1266 998 1379 1037 ἑϐδόμου
1406 1001 1630 1037 αναθεματισμου,
1654 1000 1727 1028 ibid.
1755 1001 1802 1026 Ἐκ
1831 1005 1892 1032 τῆς

197 1048 263 1084 πρὸς
291 1048 429 1074 Σούκενσον
458 1047 607 1082 ἐπιστολῆς,
637 1055 707 1084 pag.
739 1049 798 1075 179.
829 1047 872 1074 Ἐκ
898 1056 944 1074 του
974 1047 1040 1083 πρὸς
1068 1043 1246 1083 ’Δλεξανδρεῖς
1276 1054 1493 1082 προσφωνητικου
1525 1045 1620 1081 λόγον,
1646 1045 1719 1073 ibid.
1751 1045 1797 1071 Ἐκ
1831 1050 1892 1076 τῆς

198 1092 330 1129 ἑρμηνείας
355 1096 403 1123 τῆς
416 1093 482 1129 πρός
503 1092 638 1130 Ἐκραίους
663 1091 810 1126 ἐπιστολῆς,
833 1091 906 1120 ibid.
932 1091 976 1119 Ἐκ
999 1095 1049 1117 τῶν
1067 1091 1136 1116 κατὰ
1156 1091 1311 1127 Νεστορίου,
1332 1097 1402 1126 pag.
1427 1091 1476 1117 188
1499 1089 1531 1118 b.
1554 1090 1598 1116 Ἐκ
1618 1099 1663 1116 του
1689 1091 1757 1116 κατὰ
1773 1090 1890 1126 Ἀρεια-

196 1141 245 1163 νῶν
268 1137 390 1174 τετάρτου
414 1136 503 1172 λόγου,
528 1144 599 1173 pag.
622 1138 686 1171 204,
710 1137 755 1163 Ἐκ
778 1146 823 1163 του
850 1138 940 1174 τρίτου
962 1135 1065 1173 βιϐλίου
1087 1139 1136 1161 τῶν
1158 1136 1227 1161 κατὰ
1250 1133 1391 1161 Ἰουλιανόν
1411 1132 1560 1171 δογμάτων,
1576 1133 1650 1162 ibid.
1667 1135 1712 1161 Ἐκ
1727 1139 1774 1166 τῆς
1796 1134 1891 1171 ἑρμη-

197 1183 265 1212 νείας
281 1181 384 1217 βιϐλίου
399 1179 506 1217 ὀγδόου,
523 1189 594 1217 pag.
609 1181 676 1209 ead.
693 1181 723 1209 b.
740 1182 808 1219 Πρὸς
823 1181 941 1218 Ἑρμείαν
957 1183 1015 1218 περὶ
1030 1183 1075 1210 τῆς
1088 1179 1163 1216 ἁγίας
1177 1177 1292 1217 Τριάδος
1305 1180 1373 1206 κατὰ
1387 1188 1478 1206 πευσιν
1493 1181 1538 1205 καὶ
1559 1177 1708 1216 ἀπόκρισιν,
1724 1187 1796 1216 pag.
1812 1181 1888 1208 233.

197 1225 241 1253 Ἐκ
265 1229 312 1258 τῆς
330 1227 393 1264 πρὸς
408 1225 562 1255 Ἐπίκτητον
583 1225 732 1259 ἐπιστολῆς,
749 1233 821 1262 pag.
837 1227 898 1254 234.
917 1225 959 1253 Ἐκ
978 1235 1024 1252 του
1050 1226 1114 1262 πρός
1134 1222 1277 1251 Θεοδόσιον
1303 1233 1530 1260 προσφωνητικου,
1546 1223 1619 1251 ibid.
1636 1224 1680 1254 Εἰς
1698 1225 1728 1250 τό
1746 1227 1888 1260 μυστικὸν

199 1267 313 1305 δεῖπνον,
328 1277 399 1306 pag.
415 1271 467 1298 332
481 1269 514 1298 b.
529 1269 575 1296 Ἐκ
593 1274 644 1296 τῶν
660 1269 695 1306 ιβ’
709 1269 851 1306 κεφαλαίων
868 1273 918 1296 τῶν
937 1279 968 1296 κοι

1116 1271 1205 1304 οήτου,
1221 1268 1296 1296 ibid.
1311 1268 1376 1295 Ἀπὸ
1390 1278 1436 1295 του
1452 1270 1516 1304 πρὸς
1536 1266 1678 1305 βασιλίδας
1692 1268 1779 1304 λόγου,
1802 1268 1885 1297 ibid.

195 1315 224 1342 et
238 1322 307 1351 pag.
323 1316 374 1343 340
389 1313 420 1343 b.
435 1314 500 1342 Ἀπὸ
520 1318 570 1341 τῶν
582 1316 642 1352 περὶ
664 1315 783 1345 ὑπακοῆς
795 1323 840 1340 του
856 1317 964 1351 Χριστοι

1115 1315 1143 1341 12
1157 1313 1187 1341 b.
1205 1314 1249 1340 Ἐκ
1268 1322 1313 1339 του
1330 1313 1363 1343 εἰς
1383 1314 1416 1340 τὰ
1432 1314 1497 1339 Βάῐα
1514 1312 1604 1348 λόγου,
1620 1320 1689 1349 pag.
1710 1313 1762 1341 340
1775 1313 1808 1341 h.
1831 1314 1884 1340 Ἐκ

198 1368 245 1386 του
258 1358 280 1386 α’
296 1358 400 1397 βιϐλίου
416 1363 466 1387 τῶν
489 1363 648 1397 Θησαυρῶν,
665 1358 689 1385 ἰν
703 1368 749 1386 του
766 1358 799 1385 ια’
814 1358 962 1396 κεφαλαίου,
979 1366 1049 1396 pag.
1065 1358 1127 1386 342.
1141 1358 1207 1385 Ἀπὸ
1221 1367 1267 1385 του
1291 1357 1312 1384 θ’
1330 1357 1410 1394 λόγου
1428 1362 1476 1389 τῆς
1491 1357 1515 1384 ἓν
1536 1359 1664 1394 πνεύματι
1684 1357 1807 1396 λατρείας
1827 1357 1884 1385 δύο

196 1410 267 1441 pag.
284 1403 350 1432 ead-
364 1404 395 1432 b.

232 1457 357 1493 Cyrinus
385 1457 673 1494 Hierosolymilanus
705 1456 755 1484 ὰπὸ
786 1467 832 1484 του
858 1457 895 1489 εἰς
918 1458 966 1487 τὴν
989 1457 1001 1466 "

1109 1458 1151 1486 τήν
1173 1456 1270 1493 λόγου,
1294 1456 1324 1483 οὗ
1350 1457 1366 1486 ἡ
1396 1455 1490 1495 ἀρχὴ,
1523 1460 1605 1494 Χαῖρε
1637 1454 1762 1494 σφόδρα,
1788 1466 1815 1484 κ.
1853 1457 1878 1485 λ,

194 1508 266 1538 pag.
280 1503 331 1530 322
341 1501 372 1530 b.

230 1556 391 1591 Dionysius
409 1557 590 1593 Areopagita
613 1557 640 1583 ὶκ
654 1566 701 1583 του
717 1554 840 1594 δευτέρου
854 1555 993 1593 κεφαλαίου

1112 1557 1126 1582 νὶ
1138 1556 1269 1592 ἡνωμένον
1288 1557 1333 1582 καὶ
1348 1553 1558 1592 διακεκριμένον,
1570 1562 1640 1590 pag.
1657 1557 1698 1584 11.
1716 1555 1760 1582 Ἐκ
1776 1565 1824 1582 του
1842 1558 1881 1592 ιγ’

194 1600 334 1637 κεφαλαίου
349 1610 394 1627 του
412 1603 472 1638 περὶ
492 1611 538 1628 του
554 1601 650 1628 τελείου
665 1603 708 1627 καὶ
722 1601 785 1633 ἑνός,
800 1609 869 1637 pag.
887 1601 954 1629 ead.
971 1600 1002 1628 b.
1019 1602 1082 1637 Περὶ
1103 1604 1180 1633 Θεολ,
1196 1607 1267 1636 pag.
1283 1600 1326 1628 15.
1347 1601 1392 1627 Ἐκ
1412 1610 1458 1627 του
1472 1602 1577 1638 πρώτου
1591 1600 1731 1636 κεφαλαίου
1753 1604 1803 1631 τῆς
1817 1604 1882 1638 περὶ

194 1645 267 1671 θείων
279 1644 421 1682 ὀνομάτων,
435 1653 505 1682 pag.
522 1647 556 1674 59
571 1645 604 1674 b.
624 1645 668 1672 Ἐκ
680 1649 729 1676 τῆς
738 1647 805 1683 πρός
821 1647 896 1672 Γάῐον
910 1647 953 1672 τὸν
967 1646 1126 1682 θεραπευτὴν
1139 1644 1286 1680 ἐπιστολῆς,
1298 1644 1371 1674 ibid.
1388 1646 1434 1672 Ἐκ
1448 1649 1498 1672 τῶν
1514 1645 1666 1681 θεολογικὼν
1682 1649 1881 1682 στοιχειώσεων

192 1697 239 1716 του
252 1689 329 1726 ἁγίου
344 1690 479 1727 Ἰεροθίου,
490 1697 562 1727 pag.
576 1692 618 1718 40.

227 1745 278 1768 Του
300 1742 378 1778 ἁγίου
395 1743 507 1780 Ἐφραὶμ
531 1742 743 1780 ἆρχιεπισκόπου
761 1742 933 1779 Ἀντιοχείας,
949 1741 977 1774 ἕξ
996 1743 1029 1775 ἧς
1052 1743 1194 1772 ἓποιήσατο
1215 1741 1358 1780 ἀπολογίας
1376 1743 1439 1781 ὑπὶρ
1460 1747 1509 1775 τῆς
1529 1742 1554 1770 ἐν
1573 1741 1700 1773 Χαλκηδό
1717 1753 1727 1770 ι
1748 1742 1879 1779 συνόδου,

192 1787 238 1812 καὶ
252 1795 297 1812 του
313 1788 394 1822 τόμον
408 1796 454 1813 του
471 1786 547 1822 ἁγίου
563 1788 682 1820 Λέοντος,
695 1795 766 1823 pag.
783 1788 836 1815 207
851 1786 880 1814 b.

228 1839 395 1868 Euslratius
423 1839 614 1876 metropolita
641 1839 777 1868 Nicmnus
800 1839 850 1866 ἁπό
875 1850 920 1867 του
945 1840 997 1876 λόγ‹

1119 1842 1186 1880 πρὸς
1207 1841 1365 1879 Γροσολάνον
1389 1841 1530 1869 ἐπίσκοπον
1554 1840 1716 1869 Μεδιολόνων
1742 1853 1804 1878 περι
1829 1847 1878 1875 τῆς

191 1893 238 1910 του
254 1883 331 1920 ἁγίου
347 1886 496 1921 Πνεὺματος
520 1884 706 1922 ἔκπορεύσεως,
720 1892 791 1920 pag.
807 1887 870 1912 266.
887 1885 931 1912 Ἐκ
943 1887 989 1912 τόυ
1012 1886 1091 1913 αὐτου
1113 1888 1179 1923 πρὸς
1200 1886 1277 1912 αὐτόν
1293 1886 1432 1913 ἐπίσκοπον
1454 1885 1619 1914 Μεδιολάνων
1639 1886 1760 1924 δευτέρου
1782 1887 1876 1924 λόγου,

191 1935 264 1965 pag.
287 1930 339 1957 268
362 1929 392 1957 1).
412 1930 458 1956 Ἐκ
480 1939 525 1956 του
548 1929 629 1955 αὐτου
653 1928 739 1966 ἑτέρου
762 1929 849 1966 λόγου,
866 1937 937 1966 pag.
951 1931 1003 1958 273
1026 1930 1058 1959 b.
1077 1934 1126 1957 Τον
1150 1931 1230 1958 αὐτου
1254 1931 1380 1967 κεφάλαια
1402 1930 1594 1968 ίπιστημονικὰ
1618 1930 1654 1958 δι’
1678 1932 1712 1958 ὧν
1736 1930 1876 1959 δείκνυται

192 1971 321 2000 ἀδύνατον
340 1973 406 2001 εἶναι
426 1973 454 2000 ἔκ
472 1983 518 2000 του
535 1975 638 2011 Πατρός
657 1976 702 2000 καὶ
716 1983 762 2000 του
786 1975 847 2001 Υίου
866 1975 896 2001 τὸ
919 1977 1023 2012 Πνευμα
1036 1976 1064 2002 τὸ
1079 1975 1152 2011 ᾱγιον
1177 1975 1372 2014 ἐκπορεύεσθαι,
1386 1983 1457 2013 pag.
1472 1978 1534 2005 275.
1556 1976 1600 2004 Ἐκ
1612 1986 1658 2003 του
1673 1975 1796 2014 δευτέρου
1811 1981 1874 2014 περί

191 2021 242 2045 τῶν
256 2018 375 2056 ’Δξύμων
389 2018 478 2055 λόγου,
493 2025 561 2055 pag.
576 2019 626 2046 333
641 2017 672 2047 b.

227 2072 361 2108 Εὐθυμίοῦ
375 2076 494 2110 μοναχοῡ
513 2071 660 2108 Ζιγαϐηνοΰ
681 2073 749 2099 κατὰ
772 2076 822 2099 τῶν
837 2077 868 2103 τῆ
874 2083 884 2104 ς
902 2072 1014 2104 παλαιᾶς
1027 2072 1111 2110 Ῥώμη
1118 2083 1138 2107 ς,
1151 2074 1210 2102 ἦτοι
1234 2072 1347 2108 Ἰταλῶν,
1362 2072 1489 2110 κεφάλαια
1512 2073 1548 2110 ιβ’
1561 2072 1702 2108 δηλουντα,
1716 2075 1750 2105 ὧς
1771 2075 1819 2101 οὐκ
1840 2074 1870 2102 ἔκ

191 2119 238 2143 τοῦ
257 2117 319 2143 Υίου
334 2116 500 2154 ὶκπορεύεται
519 2118 548 2143 τὸ
568 2120 672 2153 Πνευμα
687 2119 715 2143 τό
731 2117 816 2153 ἅγιον,
829 2124 898 2154 pag.
911 2119 973 2146 296.

227 2169 388 2204 Gregorius
402 2169 603 2199 Nazianzenus
624 2169 652 2197 ἔκ
666 2180 712 2197 του
727 2173 785 2208 περὶ
809 2171 870 2197 Υἰου
884 2173 988 2208 πρώτου

1109 2179 1179 2209 pag.
1197 2172 1240 2205 12,
1260 2171 1320 2206 105,
1339 2173 1389 2200 108
1407 2171 1440 2206 1),
1455 2174 1516 2207 109,
1531 2173 1594 2202 342.
1610 2173 1654 2200 Ἐκ
1670 2177 1716 2200 τοῦ
1731 2176 1792 2212 περὶ
1806 2175 1869 2201 Υἱοῦ

193 2211 315 2250 δευτέρου
329 2214 420 2251 λόγου,
435 2222 506 2252 pag.
522 2215 556 2244 40
569 2215 600 2250 b,
615 2215 665 2244 106
684 2215 716 2249 b,
732 2217 780 2243 109
799 2215 831 2250 b,
847 2217 906 2247 110,
922 2215 962 2243 171

1112 2216 1175 2244 340.
1191 2216 1235 2243 Ἐκ
1249 2225 1294 2242 του
1307 2216 1384 2252 λόγου
1399 2226 1445 2243 του
1459 2219 1519 2254 περὶ
1533 2215 1663 2254 δόγματος
1677 2220 1722 2244 καὶ
1735 2219 1870 2244 καταστά-

193 2267 257 2289 σεως
280 2258 437 2295 ἂπισκόπων,
459 2267 531 2296 pag.
552 2261 597 2288 12.
620 2260 664 2286 Ἐκ
686 2269 731 2287 του
750 2259 828 2296 λόγου
850 2270 895 2287 του
914 2261 978 2297 πρὸς
1001 2261 1158 2297 ’Λρειανοὺς,
1176 2263 1222 2287 καὶ
1241 2261 1274 2291 εἰς
1291 2261 1391 2297 ἑαυτὸν,
1417 2269 1487 2298 pag.
1514 2262 1547 2290 12
1569 2261 1599 2290 b.
1620 2263 1667 2288 Ἐκ
1688 2272 1735 2289 του
1754 2263 1870 2299 μεγάλου

192 2302 393 2339 ἂπολογητικοῦ,
413 2311 484 2341 pag.
502 2306 547 2333 16.
561 2305 607 2332 Ἐκ
625 2315 671 2332 του
690 2304 769 2341 λόγου
782 2314 827 2331 του
847 2304 883 2336 εἰς
903 2306 961 2340 τὰγ

1099 2313 1162 2341 pag.
1181 2307 1226 2333 40.
1241 2305 1287 2332 Ἐκ
1306 2315 1351 2332 του
1369 2305 1405 2337 εἰς
1426 2307 1459 2332 τὰ
1474 2309 1549 2333 Φῶτα
1562 2307 1650 2343 λόγου,
1666 2314 1736 2343 pag.
1753 2307 1821 2336 ead.
1835 2307 1868 2336 b.

189 2347 235 2374 Ἐκ
258 2357 304 2374 του
320 2350 386 2386 πρὸς
406 2347 549 2378 Κληδόνων
569 2348 691 2386 δευτέρου
714 2348 803 2385 λόγου,
819 2348 893 2377 ibid.
908 2349 952 2376 Ἐκ
966 2359 1012 2376 του
1028 2349 1063 2381 εὶς
1078 2351 1106 2376 τὸ
1128 2350 1228 2386 Πάσχα
1248 2347 1369 2386 δευτίρου
1388 2350 1476 2386 λόγου,
1496 2350 1570 2380 ibid.
1591 2351 1636 2378 Ἐκ
1653 2362 1699 2379 του
1723 2351 1799 2388 λογον
1822 2362 1870 2379 του

190 2402 380 2431 προτρεπτικου
400 2393 436 2425 εἰς
449 2395 479 2420 τὸ
500 2393 651 2430 βάπτισμα,
665 2393 739 2422 ibid.
757 2394 800 2421 Ἐκ
813 2403 859 2421 του
873 2393 951 2430 λόγοῦ
969 2404 1014 2421 του
1030 2394 1066 2426 εἰς
1077 2396 1125 2424 τήν
1147 2398 1197 2421 τῶν
1211 2393 1247 2432 ρν¹
1262 2393 1410 2422 ἐπισκόπων
1421 2399 1579 2433 παρουσίαν,
1594 2404 1665 2433 pag.
1681 2398 1743 2426 107.
1762 2398 1809 2424 Ἐκ
1823 2407 1870 2424 του

189 2437 269 2474 λόγου
287 2447 334 2464 του
348 2440 408 2475 περὶ
420 2437 606 2467 ἀκαταλήπτου
620 2441 763 2474 γεννήσεως
776 2447 822 2465 του
837 2439 899 2465 Υἱου
914 2441 960 2466 καὶ
974 2443 1052 2473 Θεοῦ,
1067 2447 1138 2476 pag.
1155 2439 1218 2468 108.
1238 2441 1299 2477 Περὶ
1314 2449 1360 2466 του
1380 2439 1456 2476 ἁγίου
1470 2442 1626 2478 Πνεὺματος,
1641 2448 1712 2478 pag.
1730 2443 1791 2476 121,
1809 2444 1870 2477 122,

189 2483 251 2512 123.
267 2482 311 2510 Ἐκ
328 2492 373 2510 του
386 2484 450 2520 πρὸς
464 2481 608 2512 Κληδόνων
622 2486 727 2520 πρώτου
743 2485 832 2519 λόγου,
845 2491 917 2520 pag.
931 2483 958 2511 11

333 2492 373 2510 του
386 2484 450 2520 πρὸς
464 2481 608 2512 Κληδόνων
622 2486 727 2520 πρώτου
743 2485 832 2519 λόγου,
845 2491 917 2520 pag.
931 2483 982 2511 127
997 2484 1028 2512 b.
1043 2485 1102 2514 128.

225 2537 384 2572 Gregorius
403 2538 566 2573 Nyssenus,
586 2544 657 2574 pag.
680 2538 731 2565 105
752 2536 783 2565 b.
805 2539 868 2574 Περὶ
887 2541 935 2569 τῆς
951 2538 994 2564 eun

1098 2539 1263 2575 ιθρωπήσεως
1286 2538 1314 2565 ἐκ
1328 2548 1374 2566 του
1393 2549 1577 2576 κατηχητικου
1599 2540 1688 2577 λόγου,
1704 2548 1776 2577 pag.
1791 2542 1827 2570 40
1838 2541 1867 2570 1).

189 2582 252 2609 246.
273 2581 318 2608 Ἐκ
337 2591 383 2608 του
397 2581 476 2618 λόγου
490 2591 536 2608 του
558 2583 624 2619 πρὸς
639 2580 763 2617 Θεόφιλον
784 2579 989 2620 Ἀλεξανδρείας,
1001 2590 1072 2620 pag.
1094 2584 1156 2613 129.
1170 2585 1215 2611 Ἐκ
1234 2593 1280 2611 του
1293 2585 1359 2622 πρὸς
1372 2584 1568 2622 Ἀπολλινάριον
1582 2584 1766 2624 ὰντιρῥητικου
1779 2586 1869 2623 λόγου,

187 2633 259 2662 pag.
274 2626 342 2656 ead.
360 2626 393 2656 b.
416 2628 476 2662 130,
494 2626 554 2663 131,
578 2627 638 2654 1'19.
657 2625 702 2654 Ἐκ
716 2635 762 2653 του
778 2625 856 2663 λόγου
879 2635 926 2654 του
945 2630 1004 2666 περὶ
1020 2628 1142 2660 Θεότητος
1159 2628 1223 2656 Υὶου
1238 2631 1284 2656 καὶ
1298 2629 1375 2666 ἁγίου
1395 2631 1554 2667 Πνεύματος,
1570 2633 1615 2658 καὶ
1630 2630 1666 2662 εἰς
1682 2632 1724 2658 τόν
1739 2631 1867 2668 Ἁϐραάμ,

187 2677 259 2707 pag.
275 2672 322 2699 341
339 2670 370 2700 1).

225 2725 318 2756 Ηίστις
344 2723 558 2763 ἆποκαλυφθεῖσα
584 2728 621 2762 τῷ
650 2725 718 2764 ἁγίῳ
742 2728 877 2766 Γρηγοριῳ
903 2730 939 2764 τῷ
968 2730 1182 2766 Θαυματουργῷ,
1211 2727 1244 2760 ὡς
1271 2726 1296 2757 ἓν
1327 2725 1449 2766 διδαχῆς
1476 2732 1525 2760 τῆς
1550 2729 1691 2767 ὑπεραγίας
1716 2731 1867 2760 Θεοτόκου.
