1947 3077
203 67 256 99 2ὓὸ

204 137 267 159 non
281 129 472 166 tyrannicam
491 127 552 157 vim
572 135 734 165 passorum
750 127 788 157 sit
801 127 918 165 pietatis
932 135 1028 157 sacra-

1088 126 1295 164 τυραννουμένῶν
1328 128 1358 153 τό
1399 129 1443 158 τῆς
1481 126 1609 158 nidiﬁcia;

204 176 353 203 mentum.
370 175 429 203 Hoc
439 173 519 202 enim
534 173 559 201 si
576 173 618 202 ita
632 181 692 202 non
712 175 799 209 esset,
810 173 894 210 ipsos
908 180 1030 210 quoque

204 219 324 248 Judteos
334 218 557 255 baptizaremus
566 219 682 246 invitos.
691 217 860 252 Quiaigitur
870 217 899 246 in
908 217 1032 252 dogma-

205 264 286 293 tibus
301 271 424 300 pmnam
437 263 849 299 quidemirrogareetcogere
864 261 1032 290 absurdum

206 312 260 345 est,
292 308 468 346 facillimum
494 308 618 345 quippe.
647 316 682 336 ac
702 308 831 345 potentis
851 306 1030 343 cujuslibet;

205 353 386 392 persuadere
405 356 517 384 autem.
537 353 716 388 dogmatum
731 352 884 390 principiis
908 351 1032 386 utendo,

205 399 278 428 boni
293 398 348 427 viri
367 400 411 426 est
425 400 454 426 et
468 397 592 426 colentis
604 397 775 432 veritatem;
790 397 976 426 electurusne
988 404 1031 431 es,

204 443 337 477 domine,
361 441 450 470 nobis
477 442 538 470 vim
570 441 686 478 absque
714 443 851 470 examine
876 440 1031 475 adbibere,

204 491 351 524 tanquam
376 486 473 515 brutis
500 485 714 519 animantibus,
742 488 775 515 ut
802 488 962 521 mutemur,
992 491 1032 513 an

204 532 304 569 potius
323 539 477 560 sermones
503 534 622 559 nostros
646 531 812 566 admittere,
832 533 861 559 et
884 531 1032 559 rationem

205 577 431 612 orationemque
445 575 533 605 nobis
547 575 704 612 impertiri,
719 583 780 612 quo
794 575 966 604 divinarum
985 584 1032 605 re-

205 629 273 649 rum
298 620 407 648 veritas
432 620 620 656 expendatur
649 623 679 649 et
711 623 920 655 cognoscatur.
954 621 1032 650 Scito

206 672 349 701 namque,
362 673 380 692 a
395 664 482 692 nobis
491 664 638 701 posterius
651 664 774 700 probari
786 667 815 693 et
833 665 938 701 quaeri,
949 665 1032 701 quod

204 709 246 737 illi
254 709 397 737 divinitus
411 709 518 737 tradito
529 708 619 736 verbo
634 708 877 744 obtemperemus
895 717 901 736 :
921 721 931 735 ι
950 711 1034 738 Scru-

206 754 311 782 tamini
331 753 526 790 Scripturas‘.
541 764 554 779 η
574 754 627 781 Per
637 753 807 781 violentiam
823 756 924 782 autem
943 762 1033 783 nemo

942 65 1143 95 GRECORUM

1651 129 1813 165 μυστήριον.
1887 125 1933 153 Εἰ

1084 173 1135 208 γὰρ
1169 173 1204 208 μὴ
1236 175 1320 206 τοῦτο,
1354 174 1400 198 καὶ
1433 171 1528 203 αὐτοὺς
1566 174 1626 203 τοὺς
1664 172 1801 209 Ἐϐραίους
1850 171 1933 206 οὐχ

1086 216 1188 247 ἑκόντας
1216 215 1246 242 ἂν
1273 215 1459 252 ὶϐαπτίσαμεν.
1504 216 1573 243 Ἐπεί
1607 222 1743 254 τοιγαροῦν
1776 219 1809 243 τὸ
1862 217 1930 252 μὲν

1086 260 1206 297 ἐπιτιμᾷν
1230 262 1254 287 ἓν
1279 264 1333 292 τοῖς
1367 259 1484 298 δόγμασι
1513 264 1558 288 καὶ
1592 261 1734 298 βιάζεσθαι
1761 263 1892 288 ἄτοπον
1918 266 1929 274 ⁶

1084 305 1180 343 ῥᾷστον
1190 307 1239 343 γὰρ
1255 307 1300 331 χαὶ
1315 309 1360 331 τοῦ
1376 303 1519 341 δυναμένου
1540 308 1635 337 παντὸς
1646 316 1652 323 ·
1682 308 1711 332 τό
1736 304 1766 333 δὲ
1790 306 1930 332 πείθειν

1084 353 1219 388 χρώμενον
1238 354 1295 381 ταῖς
1320 354 1369 377 τῶν
1396 349 1535 387 δογμάτων
1555 350 1653 387 ἀρχαῖς
1675 350 1769 388 ἀνδρὸς
1786 350 1929 387 ἀγαθοῦ

1085 397 1130 421 καὶ
1159 394 1275 426 σίϐοντος
1295 397 1341 424 τὴν
1363 393 1500 424 ἀλήθειαν·
1528 398 1634 432 πότιρον
1658 395 1734 430 ﬂeto,
1755 394 1928 428 δέσποτα,

1085 440 1115 465 τὸ
1149 438 1294 476 βιάξισθαι
1324 440 1392 476 ἡμᾶς
1419 439 1603 473 ἁνιξιτάστως,
1633 441 1668 471 ὡς
1697 440 1795 476 ἄλογα,
1834 440 1927 476 πρὸς

1086 484 1234 520 μιτάθεσιν,
1258 484 1273 514 ἦ
1300 482 1498 521 προσδέξασθαι
1531 486 1587 515 τοὺς
1619 486 1758 521 ἡμετέρους
1794 483 1928 520 λόγους

1085 531 1130 555 καὶ
1151 526 1309 565 μιταδοῠναι
1344 528 1418 564 λόγον
1457 529 1530 565 ἡμῖν,
1563 530 1598 560 ὡς
1617 530 1807 565 γυμνασθῆναι
1863 530 1927 554 καὶ

1086 574 1236 608 γνωσθῆναι
1270 575 1317 602 τήν
1349 577 1397 599 τῶν
1430 573 1502 599 θείων
1540 574 1699 610 πραγμάτων
1736 573 1922 605 ἀλήθειατίς

1087 617 1158 644 Ὶσθι
1191 619 1241 654 γὰρ
1268 618 1308 643 ὅτι
1335 619 1364 643 τὸ
1392 618 1437 654 μὶν
1461 615 1579 654 δεύτερον
1599 617 1750 654 ἐπαινοῦμεν
1769 620 1824 644 καὶ
1858 617 1924 648 ξη-

1086 666 1189 699 τοῡμιν,
1218 666 1254 697 τῷ
1278 660 1461 699 θεοπαραδότῳ
1491 664 1544 689 ἔπιι
1575 664 1730 699 πειθόμενοι,
1760 662 1890 698 λέγοντι
1914 671 1923 677 ·

1088 718 1103 732 ιι
1136 707 1268 745 Ἐριυνάτι
1299 707 1344 737 τὰς
1368 708 1489 743 Γραφάς·
1520 717 1533 731 ››
1567 711 1597 743 τῇ
1631 706 1680 744 βίᾳ
1708 705 1737 733 δὲ
1755 705 1863 737 οὐδεὶς
1890 706 1925 738 ἐξ

1087 752 1159 788 ἡμῶν
1183 751 1296 782 ἀλωτὸς·
1329 750 1392 777 ἀλλὰ
1415 753 1508 781 πάντες
1535 752 1567 782 ὡς
1595 752 1657 788 ὑπὲρ
1684 755 1808 789 Χριστοῦ
1846 761 1925 777 κιν-

204 801 341 827 nostrum
357 798 424 835 capi
437 801 550 834 potest;
576 797 629 826 sed
644 798 743 826 cuncti
755 798 842 834 quasi
853 806 908 834 pro
919 799 1028 828 Christo

1089 794 1256 832 δυνεύσομιν.
1283 796 1397 832 Οἱόμιθα
1420 794 1450 822 δὲ
1476 798 1520 822 καὶ
1541 795 1599 822 λίαν
1623 796 1765 832 εὐστόχως,
1788 797 1838 822 ὅτι
1864 798 1925 822 καὶ

204 842 453 880 periclitabimur.
465 844 554 871 Porro
562 842 770 870 existimamus
778 842 945 872 admodum
956 843 1034 872 veri-

205 887 350 921 similiter,
365 887 503 923 spiritum
529 887 683 923 sapientite
705 890 762 915 tum
773 887 840 923 jure
853 889 959 917 merito
977 897 1034 917 nos

204 940 241 960 ea
267 932 298 960 in
326 940 357 960 re
383 931 589 960 laudaturum.
604 931 775 960 Laudabilis
799 932 879 961 enim
901 936 947 962 est
965 934 1033 970 qui-

204 979 336 1013 cumque
350 976 389 1005 ad
404 976 584 1012 synodicum
597 975 756 1011 judicium,
776 976 918 1014 illincque
931 986 1033 1015 proce-

204 1021 325 1050 dentem
342 1021 522 1049 senteutiam
533 1019 676 1057 appellat.

241 1067 342 1103 Itaque
358 1065 607 1102 quandoquidem
620 1065 764 1101 exiguum
776 1065 967 1095 iuterstitium
982 1068 1034 1097 La-

205 1110 283 1139 tinos
309 1110 386 1138 inter
407 1111 436 1138 et
462 1111 578 1138 Graecos
606 1112 662 1146 est,
678 1110 763 1147 quod
787 1111 877 1139 unius
898 1111 1033 1140 Ecclesia:

205 1154 431 1184 continuitatem
437 1154 537 1189 solvit,
548 1157 644 1182 statue
650 1163 705 1191 syn
709 1154 746 1183 od
752 1163 802 1183 um
816 1156 1033 1185 moumenicam

205 1199 391 1236 congregari,
417 1201 446 1228 et
474 1199 641 1235 majestatis
668 1202 725 1227 tute
752 1200 881 1228 vicarios
913 1201 1031 1236 mittito,

204 1244 316 1281 ﬁatque
339 1243 534 1280 colloquium,
548 1243 747 1280 omniumque
775 1247 1033 1274 controversorum

205 1289 322 1317 solutio.
338 1289 367 1317 Si
386 1291 419 1316 tu
432 1296 564 1325 quoque,
585 1288 672 1324 juxta
699 1296 846 1324 magnum
861 1290 1031 1326 apostolum

204 1333 332 1362 Paulum
352 1333 374 1366 ⁸,
404 1333 455 1362 Dei
479 1333 570 1361 fueris
592 1332 723 1368 adjutor,
752 1334 885 1370 prompti
913 1343 1030 1368 sumus,

204 1378 337 1411 domine,
343 1385 400 1406 nos
414 1385 536 1414 quoque
542 1385 560 1405 a
568 1376 690 1406 dioecesi
703 1378 1032 1416 Constantiuopolitana

204 1422 367 1456 discedere,
392 1425 482 1458 atque
510 1421 722 1457 migrationem
748 1422 778 1450 in
807 1423 956 1452 Orientem
984 1424 1032 1453 vel

205 1466 394 1495 Occidentem
410 1466 571 1503 suscipere.
593 1466 649 1495 Sed
664 1469 693 1495 et
710 1469 856 1503 putamus
872 1467 1030 1497 dominum
1046 1482 1067 1509 ο

203 1510 314 1540 habere
324 1511 535 1548 imperatorem
548 1513 685 1539 nostrum
707 1511 854 1544 Sirerrim,
869 1514 960 1549 atque
975 1513 1032 1542 sub

205 1556 271 1592 ejus
285 1555 394 1584 umbra
404 1556 512 1590 vivere,
530 1555 667 1584 mercede
683 1555 803 1587 servire,
819 1564 908 1592 agros
923 1557 1031 1591 colere,

203 1609 338 1638 pascere,
348 1608 430 1629 mare
442 1600 586 1636 navigare
598 1608 604 1628 :
623 1600 740 1636 absque
753 1601 840 1629 nobis
856 1605 956 1630 autem
970 1610 1032 1630 non

203 1645 377 1682 implebitur
391 1653 472 1679 area,
488 1652 586 1681 neque
610 1644 751 1679 torcular,
780 1653 841 1673 non
859 1646 1033 1674 comedetur

204 1690 303 1726 panis,
327 1697 390 1718 non
415 1697 497 1723 caro,
523 1697 584 1717 non
605 1689 708 1725 piscis,
721 1697 782 1717 non
797 1689 879 1724 olus;
910 1691 961 1719 sed
976 1699 1032 1719 nec

206 1734 298 1762 stabit
311 1733 371 1762 vita
382 1735 410 1761 et
429 1733 616 1761 conversatio
629 1733 774 1762 humana.
788 1735 822 1762 Et
831 1734 895 1762 haec
907 1736 1032 1771 quidem

205 1777 397 1806 elaboramus
413 1777 554 1806 fratribus
576 1778 686 1805 nostris
703 1778 822 1811 Latinis,
834 1781 923 1815 atque
934 1779 1032 1808 confe-

205 1822 311 1855 rimus,
331 1829 367 1849 ex
388 1820 527 1850 deteriori
542 1821 609 1849 vitae
624 1824 735 1850 nostra:
753 1822 899 1858 portione,
913 1825 1032 1853 mortali

204 1866 348 1895 nimirum
359 1865 410 1894 illa
417 1868 446 1894 et
458 1865 669 1900 dissolvenda;
685 1867 825 1903 cupimus
835 1870 934 1896 autem
940 1869 1031 1897 etiam

203 1911 291 1947 juxta
302 1910 451 1947 potiorem
463 1910 571 1939 eadem
584 1910 702 1946 sentire,
724 1913 786 1940 tum
808 1912 944 1948 quandiu
961 1913 1033 1942 vivi-

204 1963 284 1991 mus,
315 1958 378 1984 tum
401 1957 470 1992 post
490 1957 629 1990 mortem,
657 1958 690 1984 ut
713 1956 765 1992 qui
785 1957 924 1986 membra
936 1958 1032 1986 simus

205 2000 295 2029 unius
319 2000 452 2037 corporis
481 2000 659 2028 immortalis
688 2009 695 2028 :
725 2001 853 2038 ideoque
872 2003 1031 2031 scribimus

204 2044 337 2081 quotidie
364 2045 404 2073 ad
434 2043 638 2073 Occidentales
665 2052 716 2080 per
743 2047 897 2080 regionem
924 2048 1030 2076 fratres

204 2092 336 2123 nostros,
350 2088 574 2117 comministros
585 2091 613 2117 et
623 2090 827 2126 coepiscopos,
839 2094 960 2127 paratos
967 2100 1031 2120 esse

205 2133 245 2163 ad
271 2132 564 2169 Constantinopolim
590 2136 759 2162 convenire.
784 2135 860 2168 Quin
886 2135 976 2164 etiam
999 2136 1031 2165 in

204 2185 398 2215 quacumque
427 2177 580 2214 provincia
604 2178 710 2214 positis
734 2180 979 2215 suggerimus,ut
999 2181 1030 2210 in

203 2221 305 2250 locum
315 2221 523 2250 defunctorum
538 2222 726 2259 pontiﬁcum.
747 2223 818 2252 alios
833 2224 920 2260 juxta
938 2233 1029 2254 cano-

203 2273 279 2294 num
292 2266 466 2303 praescripta
478 2266 636 2300 ordinent;
653 2268 844 2305 maximeque
860 2277 921 2306 prce
936 2271 1030 2298 omni-

203 2310 273 2345 bus,
282 2310 313 2338 in
325 2310 399 2339 urbe
413 2311 505 2346 regia.
514 2312 634 2347 Oportet
643 2312 723 2341 enim
731 2316 854 2341 cunctos
864 2314 895 2341 in
911 2315 1029 2351 synodo

203 2354 370 2389 considere,
384 2357 448 2383 tum
462 2358 600 2384 nostrum
614 2357 827 2393 patriai-chain,
846 2360 910 2386 tum
921 2363 1028 2388 metro—

203 2399 320 2437 politas,
335 2399 470 2436 aliosque
492 2400 659 2436 pontifices,
674 2401 808 2438 nihilque
822 2403 962 2432 mutilum
975 2404 1029 2432 im-

203 2444 430 2482 perfectumque
443 2443 568 2472 inveniri
581 2445 665 2481 apud
677 2453 744 2474 nos.

237 2534 321 2571 Opus
335 2534 435 2563 autem
449 2532 537 2562 nobis
552 2534 596 2562 est
610 2534 700 2563 etiam
720 2537 788 2564 ante
810 2536 962 2573 synodum
977 2545 1028 2574 pa-

202 2578 333 2608 triarcha
355 2577 491 2614 ejusdem
519 2578 670 2607 sententiae
693 2587 728 2608 ac
752 2581 843 2616 vocis,
856 2582 909 2618 qui
922 2582 1028 2612 doceat

238 2639 249 2659 δ
264 2640 351 2670 Joan.
365 2649 394 2676 ν,
408 2642 452 2670 39.
474 2640 484 2659 ⁵
499 2641 510 2668 Ι
526 2640 590 2669 Cor.
603 2649 642 2677 ιιι,
658 2644 686 2671 9.

288 2702 539 2746 Et‘épspiu.hscribq
550 2703 687 2746 Συρὶῥρῇν,
699 2707 751 2735 aut
761 2706 892 2746 ξιρερρῆν,
907 2711 1024 2746 Σιριρῆν,

201 2737 270 2768 Sire
280 2737 397 2775 Heur'y.
421 2737 474 2770 Est
491 2739 574 2770 enim
585 2737 685 2779 ’νερρῆέ
701 2749 754 2772 seu
770 2737 857 2781 ipsi,
871 2737 1024 2783 Henricus;

1087 842 1115 867 τὸ
1143 844 1243 877 πνεῦμα
1270 844 1315 871 τῆς
1342 844 1389 871 σῆς
1410 843 1502 877 σοφίας
1521 839 1631 871 δικαίως
1655 839 1698 867 ἐπὶ
1712 841 1811 867 τούτου
1829 841 1925 877 ἡμᾶς

1088 885 1259 912 ἱπαινέσιται.
1290 884 1436 915 Ἐπαινετὸς
1459 885 1510 921 γὰρ
1541 885 1607 915 ἅπας
1627 885 1640 911 ὀ
1670 884 1823 914 συνοδιχήν
1844 883 1923 910 ἐπι-

1087 930 1242 967 καλούμενος
1257 932 1344 967 κρίσιν
1362 932 1407 956 xui.
1417 931 1464 959 τὴν
1479 928 1572 957 ἐκεῖθεν
1584 928 1738 966 dub/mm.

1121 1066 1213 1090 Τοίνυν
1235 1062 1289 1090 ἐπεὶ
1313 1064 1406 1101 μικρόν
1431 1061 1486 1089 ἔστι
1513 1063 1543 1089 τό
1568 1061 1665 1100 μεταξὺ
1689 1066 1738 1090 τῶν
1770 1064 1913 1089 Λατίνων

1086 1111 1131 1135 καὶ
1164 1113 1213 1134 τῶν
1258 1107 1389 1144 Ῥωμαίων
1417 1109 1587 1144 μεταίχμιον,
1620 1107 1634 1134 ὁ
1673 1107 1728 1134 λύει
1763 1109 1817 1137 τὴν
1850 1110 1912 1139 τῆς

1086 1157 1149 1190 μιᾶς
1179 1152 1334 1183 Ἐχιλησίας
1360 1154 1509 1188 συνέχιιαν,
1537 1152 1644 1182 eum”
1667 1150 1779 1179 σύνοδον
1802 1152 1910 1178 οἰκου-

1086 1200 1191 1234 μινικὴν
1226 1197 1406 1234 ἀθροισθῆναι⁵
1434 1196 1611 1228 ἓξαποστιλεῖς
1644 1195 1674 1223 δὲ
1705 1198 1909 1234 τοποτηρητὰς

1086 1247 1131 1274 τῆς
1165 1247 1212 1273 σῆς
1225 1241 1435 1278 μεγαλειότητος,
1459 1245 1504 1268 καὶ
1531 1241 1679 1276 λαληθήτω,
1711 1244 1757 1268 καὶ
1783 1241 1907 1271 λυθήτω

1085 1291 1136 1314 πᾶν
1159 1289 1188 1314 τὸ
1215 1286 1466 1324 ἀμφισϐητούμενον.
1498 1286 1556 1313 Ἐὰν
1584 1288 1638 1317 εἴης
1656 1289 1701 1313 καὶ
1725 1285 1808 1317 αὐτὸς
1830 1296 1906 1313 συν-

1086 1334 1156 1370 ςργός
1186 1335 1262 1367 Θεοῦ,
1291 1333 1359 1358 κατὰ
1391 1331 1492 1358 Παῦλον
1533 1333 1576 1358 τὸν
1615 1333 1694 1367 μέγαν
1731 1330 1904 1364 ἀπόστολον,

1085 1377 1198 1414 εὐχερῶς
1229 1377 1334 1412 ἔχομὲν,
1365 1373 1492 1410 δίο-ποτα,
1522 1377 1567 1402 καὶ
1602 1375 1677 1402 αὐτοὶ
1710 1374 1814 1413 ἀπᾶραι
1850 1378 1906 1405 τῆς

1086 1420 1241 1452 διοικήσεως
1271 1419 1573 1456 Κωνσταντινουπόλιως,
1588 1423 1633 1446 καὶ
1658 1422 1793 1456 μετοικίαν
1825 1429 1904 1446 στα-

1085 1465 1161 1496 λῆναι
1179 1467 1244 1502 πρὸς
1271 1467 1318 1494 τήν
1338 1463 1474 1500 ἀνατολὴν,
1505 1464 1519 1494 ἣ
1552 1466 1599 1493 τήν
1634 1462 1721 1492 δύσιν.
1750 1463 1832 1490 Ἀλλά
1870 1473 1904 1500 γε

1087 1511 1193 1548 οἰόμεθα
1214 1510 1338 1538 αὐθέντην
1373 1510 1443 1546 ἔχειν
1480 1510 1524 1535 τὸν
1558 1507 1670 1545 βασιλέα
1690 1509 1765 1545 ἡμῶν
1800 1508 1904 1546 Σιῤῥε-

1085 1559 1127 1593 ρὶν
1140 1556 1189 1591 (1)¹
1207 1557 1252 1582 καὶ
1274 1555 1324 1581 ὑπὸ
1355 1556 1401 1584 τήν
1427 1555 1503 1580 σκιὰν
1527 1555 1620 1580 τούτου
1638 1553 1696 1590 ζῇν,
1713 1555 1759 1579 xui.
1772 1554 1901 1582 θητεύειν

1086 1603 1131 1626 καὶ
1151 1603 1282 1635 γηπονιῖν,
1302 1601 1347 1625 καὶ
1377 1600 1533 1634 ποιμαίνειν,
1562 1600 1607 1624 καὶ
1628 1597 1711 1624 πλέειν
1734 1597 1899 1624 θάλασσαν·

1086 1647 1172 1682 χωρὶς
1201 1642 1231 1671 δι
1257 1645 1328 1680 ἡμῶν
1357 1643 1386 1669 οὐ
1412 1642 1615 1682 πληρωθῄοεται
1637 1642 1716 1675 ἅλως,
1734 1640 1798 1668 οὐδὲ
1812 1641 1898 1672 ληνὸς

1087 1688 1148 1716 οὖδὲ
1178 1688 1345 1727 βρωθήσεται
1369 1689 1455 1724 οἷρτος,
1485 1688 1514 1714 οὐ
1533 1690 1617 1725 κρέας,
1644 1687 1691 1714 οὐκ
1716 1687 1806 1723 ἰχθὺς,
1827 1685 1899 1714 οὐδὲ

1086 1734 1200 1770 λάχανον
1216 1744 1222 1750 ·
1258 1733 1311 1760 ἀλλ’
1349 1731 1410 1759 οὗδὶ
1434 1732 1580 1769 ἀνθρωπίνη
1608 1732 1662 1762 ζωὴ
1696 1734 1742 1758 καὶ
1770 1732 1898 1758 πολιτεία

1088 1780 1259 1808 σταθήσεται.
1286 1780 1336 1805 Καὶ
1363 1781 1446 1804 ταῦτα
1467 1779 1554 1813 μέντοι
1582 1780 1707 1813 πονοῦμεν
1733 1781 1789 1807 τοῖς
1815 1775 1897 1803 ἀδελ·

1088 1827 1143 1861 poi;
1171 1825 1244 1860 ἡμῶν
1271 1826 1325 1854 τοῖς
1358 1825 1488 1855 Λατίνοις,
1516 1824 1561 1847 xui
1589 1823 1796 1858 συγκομίζομεν,
1822 1822 1897 1847 κατὰ

1087 1870 1116 1895 τὸ
1139 1872 1229 1906 χεῖρον
1262 1871 1309 1898 τῆς
1342 1867 1412 1898 ζωῆς
1444 1867 1516 1903 ἡμῶν
1545 1868 1631 1902 μέρος,
1657 1867 1686 1892 τὸ
1718 1866 1811 1894 θνητὸν
1847 1868 1896 1892 καὶ

1086 1913 1206 1950 λυόμενον
1222 1921 1229 1930 ⁸
1258 1912 1373 1948 ἐθέλομεν
1406 1909 1435 1938 δί
1461 1913 1505 1937 καί
1533 1912 1601 1936 κατὰ
1628 1911 1657 1936 τὸ
1681 1914 1798 1947 κρεῖττον
1828 1911 1894 1947 ὁμο‹

1088 1961 1216 1994 φρονῆσαι
1243 1959 1288 1983 καὶ
1312 1957 1415 1990 ζῶντες,
1449 1958 1493 1981 καὶ
1519 1956 1584 1992 μετὰ
1620 1955 1738 1988 θάνατον,
1764 1956 1800 1985 ὡς
1825 1955 1892 1992 μέλη

1088 2005 1208 2039 σώματος
1239 2001 1293 2032 ἰνὸς
1318 2000 1447 2027 ἀθανάτου
1467 2000 1661 2036 τυγχάνοντες·
1689 2001 1734 2025 καὶ
1754 1997 1802 2026 διὰ
1812 2004 1894 2026 τοῦτο

1086 2048 1215 2084 γράφομςν
1239 2047 1403 2074 καθεκάστην
1433 2048 1478 2070 καὶ
1506 2046 1572 2080 πρὸς
1595 2046 1720 2075 Δυτικοὺς
1734 2048 1782 2074 τῆς
1797 2047 1893 2082 χώρας

1087 2090 1213 2128 ἀδελφοὺς
1241 2091 1314 2127 ἡμῶν
1342 2092 1387 2116 καὶ
1418 2088 1631 2125 συλλειτουργοὺς
1650 2090 1695 2114 καὶ
1726 2091 1891 2115 συνεπισχύ-

1085 2146 1160 2169 πους,
1195 2135 1310 2172 ἑτοίμους
1339 2133 1402 2161 εἶναι
1428 2133 1555 2160 συνελθεῖν
1576 2133 1610 2163 εἰς
1639 2135 1889 2160 Κωνσταντινούπο-

1084 2181 1131 2207 λιν.
1164 2180 1242 2208 ’Δλλὰ
1276 2182 1321 2206 καὶ
1349 2182 1402 2209 τοῖς
1429 2179 1497 2204 κατὰ
1527 2181 1613 2204 πᾶσαν
1635 2176 1766 2214 ἐπαρχίαν
1797 2178 1890 2204 ὑποτι-

1085 2227 1185 2263 θέαμιν,
1213 2225 1269 2251 ἀντὶ
1294 2228 1343 2251 τῶν
1373 2222 1579 2252 τελευτησάντων
1600 2221 1754 2260 ἀρχιερέων,
1784 2221 1888 2260 ἑτέρους

1083 2274 1270 2309 χειροτονῆσαι
1295 2272 1433 2298 κανονικῶς
1449 2275 1455 2281 ⁸
1487 2269 1532 2293 καὶ
1555 2265 1673 2303 μάλιστα
1699 2276 1730 2302 γε
1747 2268 1798 2304 πρὸ
1823 2268 1887 2294 πάν-

1082 2326 1132 2342 των
1170 2315 1205 2345 εἰς
1243 2317 1290 2343 τὴν
1315 2317 1363 2339 τὼν
1396 2311 1491 2338 πολεων
1521 2310 1725 2348 βασιλεὺουσαν.
1759 2314 1803 2338 Δεῖ
1833 2313 1884 2348 γὰρ

1082 2362 1173 2390 πάντας
1192 2359 1216 2385 ἄν
1240 2363 1271 2395 τῇ
1289 2355 1392 2393 συνόδῳ
1412 2355 1601 2391 συνεδριάζειν,
1630 2358 1674 2382 καὶ
1691 2357 1734 2382 τὸν
1760 2356 1886 2394 ips-7290‘:

1082 2405 1263 2441 πάτριάρχην,
1286 2403 1404 2433 καὶτοὺς
1424 2399 1627 2438 μητροπολίτας,
1649 2401 1772 2430 καὶτοὺς
1790 2399 1887 2431 ἀλλους

1083 2448 1225 2486 ἀρχιερεῖς,
1239 2449 1284 2474 καὶ
1303 2444 1386 2483 μηδὲν
1401 2446 1464 2482 ἡμῖν
1479 2444 1577 2476 ἐλλιπὲς
1589 2445 1732 2481 εὑρεθῆναι.

1116 2541 1199 2576 Χρεία
1224 2535 1254 2564 δὲ
1278 2537 1341 2573 ἡμῖν
1365 2537 1408 2562 καὶ
1433 2535 1483 2573 πρὸ
1499 2538 1546 2565 τῆς
1566 2532 1679 2561 συνόδου
1700 2534 1884 2571 ὁμογνώμονος

1080 2584 1249 2622 πατριάρχου
1289 2584 1334 2608 καὶ
1360 2581 1504 2617 ὀμοφώνου,
1539 2577 1696 2611 διδάξαντος
1723 2579 1757 2606 τὰ
1781 2580 1881 2609 συνήθη

1081 2709 1207 2743 Erricus,
1223 2707 1369 2742 Herricus,
1383 2705 1494 2736 Ericus.
1511 2706 1615 2743 Γέρικος
1629 2705 1662 2736 in
1675 2705 1755 2735 Hist.
1769 2706 1876 2736 comit.

1079 2748 1227 2782 Florent,
1237 2753 1268 2782 ι).
1279 2745 1324 2778 20,
1340 2743 1384 2773 40-
