1947 3077
903 186 994 207 ANNO
1017 187 1136 208 DOMlNl
1158 187 1268 208 MCCXX

325 283 901 378 MICHAEL
984 285 1817 380 AGOMINATUS

803 456 1332 533 GHONIATA

508 604 991 659 ATHENIENSIS
1034 605 1647 660 ARCHIEPISCOPUS

959 794 1196 835 NOTITIA.

621 895 813 922 MICHAELIS
831 895 1017 923 ACOMINATI
1035 895 1115 930 VITA,
1130 895 1195 923 RES
1215 894 1342 930 GEST/E,
1358 894 1528 922 SCRIPTA‘.

272 1066 392 1095 Graeciaa
407 1074 461 1102 per
480 1066 614 1094 medium
630 1074 727 1094 aevum
738 1067 864 1095 historia
880 1067 1010 1095 tenebris
1024 1067 1133 1095 obruta
1149 1068 1252 1096 tandiu
1267 1068 1330 1102 fuit,
1352 1068 1448 1096 donec
1469 1067 1512 1095 vir
1535 1066 1588 1094 cel.
1606 1066 1778 1100 Ducangius
1799 1064 1934 1093 decimc

235 1111 363 1147 septimo
378 1111 497 1146 smculo,
519 1112 604 1147 isque
619 1111 678 1139 fere
692 1111 785 1146 solus,
799 1111 900 1139 lumen
916 1112 942 1139 ei
955 1111 1080 1147 aliquod
1091 1113 1220 1148 aspersit
1236 1121 1242 1143 ;
1260 1112 1433 1140 novissimis
1453 1113 1554 1139 autem
1575 1110 1763 1146 temporibus
1779 1109 1934 1137 Villema-

235 1155 286 1190 nii,
304 1155 520 1191 Fallmereyeri.
538 1156 649 1189 'l‘atelii,
666 1155 855 1189 Zinkeisenii,
878 1156 1135 1192 l’aparrhigopuli.
1154 1159 1181 1184 et
1201 1157 1365 1192 prmsertim
1386 1156 1536 1191 Buchonii,
1559 1156 1659 1190 ejusce
1677 1155 1794 1190 generis
1813 1154 1934 1182 studiis

234 1201 419 1236 praematura
433 1202 528 1227 morte
544 1201 646 1236 erepti,
662 1200 764 1227 utilem
779 1208 904 1235 operam
916 1203 1038 1236 experta
1049 1203 1102 1228 est.
1120 1201 1166 1228 Sic
1176 1201 1266 1235 igitur
1277 1204 1394 1228 noctem
1408 1200 1471 1228 dies
1486 1200 1610 1235 excepit,
1625 1203 1654 1227 et
1669 1207 1770 1235 operte
1786 1199 1934 1235 pretium

234 1244 289 1272 erit
302 1244 340 1272 de
350 1245 419 1272 viris
435 1245 556 1279 ingenio
576 1248 627 1272 aut
652 1245 757 1272 virtute
784 1245 872 1272 claris
902 1246 1086 1272 mentionem
1108 1244 1215 1278 facere,
1234 1248 1383 1281 quantum
1406 1252 1460 1280 per
1479 1251 1650 1272 coaevorum
1677 1243 1862 1272 testimonia.
1884 1242 1934 1270 vel

235 1289 438 1331 alitcrlicebit.
457 1289 556 1316 Melius
570 1289 649 1316 enim
666 1289 703 1316 de
723 1289 826 1325 populi
840 1289 967 1324 alicujus
984 1289 1094 1321 indole,
1110 1289 1231 1324 ingenio
1246 1289 1467 1324 judicabimus,
1485 1289 1536 1316 ubi
1560 1288 1650 1316 unius
1676 1296 1789 1322 mores,
1809 1287 1931 1323 agendi

235 1334 381 1361 rationem
399 1336 466 1361 ante
483 1334 585 1360 oculos
597 1334 755 1361 habemus.
773 1334 916 1366 Quocirca
932 1341 1030 1369 operte
1044 1334 1171 1369 pretium
1188 1342 1235 1361 me
1247 1334 1397 1361 facturum
1413 1333 1550 1365 arbitror,
1568 1333 1592 1360 si
1604 1333 1642 1360 de
1657 1332 1931 1360 nobilissimorum

235 1377 336 1413 aliquo
351 1378 443 1405 medii
463 1377 516 1405 aevi
530 1379 700 1405 Graecorum
715 1378 807 1405 verba
820 1377 930 1411 fecero,
944 1377 1037 1414 probe
1049 1385 1162 1412 gnarus
1174 1379 1267 1406 hocce
1281 1386 1383 1406 meum
1397 1377 1577 1413 opusculum
1592 1380 1754 1411 tantorum,
1772 1385 1861 1413 quos
1877 1384 1930 1404 no-

235 1422 358 1454 minavi,
376 1422 508 1450 virorum
524 1422 699 1450 auctoritate
720 1422 842 1450 minime
858 1422 985 1457 dignum
1001 1429 1078 1451 esse.
1101 1424 1132 1450 In
1157 1431 1218 1458 quo
1244 1425 1344 1450 tamen
1364 1422 1395 1449 id
1411 1422 1485 1449 mihi
1506 1430 1628 1449 assumo
1648 1421 1757 1455 dicere,
1783 1421 1930 1449 libellum

235 1473 327 1502 quem
342 1466 507 1494 litterarum
522 1466 685 1494 cultoribus
710 1466 829 1500 oil‘erro,
854 1467 953 1502 majus
980 1467 1095 1502 aliquid
1110 1467 1312 1503 praestiturum
1332 1466 1432 1499 fuisse,
1457 1467 1481 1494 si
1502 1467 1533 1494 in
1548 1466 1733 1494 bibliotheca.
1747 1465 1930 1494 Florentina

237 1518 273 1539 ac
288 1511 446 1538 Parisiensi
460 1511 577 1538 codices
593 1510 746 1538 Michaelis
763 1511 914 1539 Choniatae
930 1512 1152 1547 manuscriptos
1165 1511 1260 1539 oculis
1277 1511 1403 1538 lustrare
1416 1510 1488 1538 mihi
1502 1510 1683 1545 contigisset.
1697 1510 1753 1538 Sed
1768 1512 1836 1538 tum
1851 1513 1928 1538 tem-

237 1555 320 1591 poris
338 1558 401 1589 (cur
420 1556 500 1583 enim
516 1556 613 1583 dicere
629 1555 806 1583 erubescam
819 1555 903 1591 quod
913 1555 986 1583 mihi
998 1563 1068 1583 cum
1079 1555 1147 1583 viris
1166 1555 1350 1583 doctioribus
1365 1563 1527 1583 commune
1541 1554 1596 1583 fuit
1609 1556 1634 1590 Ῡ)
1649 1555 1741 1590 hujus
1765 1554 1928 1591 scriptoris

237 1607 275 1628 ne
294 1607 405 1628 nomen
419 1600 542 1636 quidem
554 1607 708 1627 noveram.

274 1645 387 1672 Nostris
402 1644 526 1679 quidem
542 1644 728 1680 temporibus
743 1643 881 1678 Tafelius,
897 1644 973 1679 prof.
991 1643 1192 1672 universitatis
1207 1644 1344 1679 Tubing.,
1358 1644 1531 1680 reipublicae
1544 1644 1691 1672 litterariae
1715 1643 1840 1679 egregie
1855 1651 1925 1671 con-

238 1689 330 1717 suluit
345 1697 435 1724 opere
445 1689 493 1716 cui
504 1689 606 1716 titulus
625 1697 631 1716 :
650 1689 824 1716 Dissertatio
837 1689 872 1716 de
891 1688 1097 1716 Thessalonica
1111 1689 1233 1723 ejusque
1256 1696 1339 1724 agro,
1355 1697 1450 1725 quam
1469 1689 1500 1717 in
1518 1697 1610 1717 usum
1625 1688 1830 1716 convertimus
1854 1696 1923 1716 nos-

239 1735 329 1768 trum,
346 1736 379 1760 ut
392 1735 420 1760 et
430 1733 517 1768 plura
533 1733 590 1760 alia
601 1741 669 1768 quae
684 1733 744 1760 huc
760 1735 896 1768 spectant
912 1740 1016 1768 opera.

430 1814 448 1844 §
460 1812 482 1839 Ι.
504 1812 593 1839 Varia
607 1812 807 1846 Athenarum,
823 1812 951 1840 durante
960 1812 1057 1840 medio
1073 1820 1145 1847 aevo,
1158 1813 1286 1848 fortuna
1301 1821 1394 1849 usque
1401 1813 1442 1842 ad
1455 1814 1547 1849 ﬁnem
1559 1814 1664 1842 saculi
1676 1822 1725 1841 xu.

276 1879 397 1906 Athenae
414 1879 557 1914 Cecropia.
573 1878 689 1911 civitas,
709 1885 802 1913 quam
831 1878 961 1905 Theseus
982 1878 1082 1905 Atticae
1105 1877 1307 1913 metropolim,
1337 1877 1430 1906 Solon
1455 1878 1537 1906 orbis
1561 1877 1676 1914 antiqui
1699 1877 1923 1913 legislatricem,

240 1923 452 1951 Themistocles
465 1922 595 1950 marium
612 1924 782 1950 Graecorum
802 1922 959 1950 dominam
975 1922 1206 1954 constituerant;
1221 1930 1288 1958 qum
1301 1930 1338 1949 ex
1359 1922 1452 1950 ruinis
1467 1931 1543 1958 quas
1559 1931 1577 1950 θ.
1596 1922 1674 1950 bello
1694 1923 1813 1950 Persico
1827 1925 1925 1950 traxe-

242 1970 301 1999 rat,
315 1968 432 1995 Periclis
443 1970 471 1995 et
484 1967 634 1994 sociorum
647 1974 740 2002 opera
756 1967 941 2002 splendidior
956 1969 1173 1999 resurrexerat;
1185 1967 1270 2002 cujus
1280 1966 1415 1994 favorem
1429 1969 1497 2002 post
1511 1967 1653 2003 Lysandri
1669 1975 1704 1994 ac
1720 1966 1852 2003 Philippi
1869 1966 1926 1993 vic-

240 2013 313 2042 toris
332 2015 469 2048 tempora
490 2020 621 2046 magnus
641 2012 732 2046 hujus
756 2011 835 2039 ﬁlius
856 2011 971 2039 ambire
998 2019 1059 2039 non
1083 2011 1253 2043 erubuerat,
1275 2019 1369 2046 quam
1385 2011 1564 2047 posteriores
1577 2020 1592 2039 e
1608 2011 1781 2040 Macedonia
1795 2010 1923 2041 domini,

241 2066 335 2094 quam
351 2057 499 2085 Ptolemaei
513 2056 647 2084 libertate
663 2055 740 2083 ultro
751 2055 854 2083 oblata
865 2059 892 2083 et
905 2055 1071 2091 splendidis
1085 2055 1217 2082 adiﬁciis
1233 2055 1441 2089 honorabant;
1456 2056 1543 2091 cujus
1554 2055 1672 2083 civibus
1690 2055 1924 2083 contumacibus

242 2102 348 2130 consul
363 2102 450 2129 Rom.
466 2101 570 2134 victor,
585 2103 717 2136 paternae
731 2100 834 2135 glorize
850 2100 953 2127 habita
972 2100 1096 2133 ratione,
1113 2099 1230 2127 veniam
1245 2099 1356 2133 dabat;
1374 2101 1420 2127 cui
1448 2100 1616 2128 Hadrianus
1635 2103 1664 2128 et
1678 2100 1814 2128 Julianus
1829 2100 1922 2135 impe-

242 2149 366 2176 ratores.
383 2149 508 2181 uterque
520 2145 641 2172 Athenis
657 2145 812 2178 educatus,
830 2152 974 2179 magnam
989 2144 1118 2180 pristinae
1129 2145 1230 2180 gloria:
1244 2147 1358 2180 partem
1375 2146 1566 2173 restituerant
1581 2153 1666 2182 ;quaa
1677 2153 1768 2182 porro
1785 2145 1918 2173 Gallieno

241 2193 398 2225 regnante,
410 2190 544 2226 Dexippo
556 2190 643 2221 duce,
660 2189 824 2217 Gothorum
839 2189 1026 2216 invasionem
1040 2189 1199 2225 repulerat,
1213 2192 1242 2217 et
1258 2197 1325 2225 qua:
1341 2190 1447 2217 Alarici
1468 2191 1601 2226 tempore
1617 2189 1765 2218 classibus
1785 2189 1922 2225 Byzanti—

242 2235 290 2263 nis
306 2235 501 2262 commodum
515 2235 684 2270 prrebuerat
697 2234 859 2270 refugium,
876 2242 943 2268 quae
960 2233 1107 2261 solidioris
1122 2233 1261 2261 doctrinae
1281 2236 1309 2261 et
1326 2242 1445 2261 morum
1457 2234 1612 2270 puriorum
1626 2234 1721 2268 gloria
1735 2234 1813 2262 inter
1830 2234 1919 2262 urbes

244 2279 369 2308 Orientis
385 2279 548 2312 reiulserat,
566 2279 662 2307 donec
675 2279 859 2307 Justinianus
870 2278 1121 2315 philosophorum
1136 2278 1254 2306 scholas
1271 2278 1370 2306 claudi
1383 2279 1473 2313 jussit
1483 2279 1513 2306 in
1526 2278 1655 2306 Palladis
1665 2278 1920 2314 urbequse,paga-

243 2324 342 2352 nismo
357 2324 472 2352 imbuta
488 2332 522 2351 ac
531 2323 767 2357 nutrita,diutlus
777 2331 871 2359 quam
887 2326 1000 2351 ceterae
1016 2323 1136 2351 Graecia
1147 2323 1236 2350 urbes
1251 2323 1467 2351 Christlanismi
1479 2323 1732 2351 introductoribus
1742 2323 1918 2351 restitit:ill£e

244 2369 367 2396 Athenae
381 2369 511 2404 antiquae
526 2377 594 2404 quae
606 2376 659 2404 per
666 2367 769 2403 viginti
779 2368 888 2396 saecula
902 2368 932 2395 in
942 2367 1026 2395 varia
1033 2367 1162 2402 fortuna,
1170 2367 1194 2395 si
1206 2375 1267 2395 non
1280 2367 1445 2403 potentiam
1452 2367 1779 2402 aclibertatem,saltem
1790 2368 1917 2396 indolem

243 2413 454 2450 particularem
462 2413 624 2441 etnationis
633 2412 1091 2444 roburservaverantJustiniani
1095 2412 1215 2440 illustris
1223 2414 1355 2448 tempore
1363 2412 1603 2441 Slavorumferro
1611 2413 1712 2448 etigne
1721 2413 1835 2449 ubique
1843 2420 1918 2448 gras-

244 2458 375 2486 santium
382 2458 586 2486 invasionibus
592 2458 807 2486 occubuerant.
816 2459 850 2485 At
857 2458 990 2493 quidem,
997 2459 1026 2484 ut
1036 2458 1192 2485 Persarum
1199 2460 1343 2493 tempore,
1351 2459 1419 2484 ante
1428 2458 1610 2489 tOOOannos.
1619 2458 1918 2486 Atheniensescontra

242 2503 374 2531 hostium
395 2502 526 2530 furorem
541 2503 571 2530 in
585 2503 682 2530 vicina
699 2502 848 2530 Salamine
859 2501 957 2529 insula
972 2501 1121 2536 refugium
1133 2501 1380 2537 quazrebant,sed
1394 2502 1478 2530 vario
1495 2503 1694 2530 eventu.Tum
1706 2503 1785 2530 enim
1802 2504 1832 2530 in
1849 2500 1917 2530 mari

279 2582 289 2591 "
309 2579 638 2618 MichaelisiAcominati
650 2579 783 2618 vitamet
795 2587 842 2606 res
857 2580 959 2618 gestas
974 2577 1092 2611 egregie
1108 2577 1264 2618 illustravit
1275 2578 1399 2618 ejusque
1413 2578 1525 2618 scripta
1533 2578 1728 2618 recensuitp'
1743 2578 1834 2618 Adolf
1847 2577 1915 2607 Ellis-

245 2624 298 2644 sen
314 2616 343 2643 in
359 2616 435 2643 libro
449 2616 593 2649 Gottingae
615 2623 694 2642 anno
709 2615 775 2641 1846
796 2614 956 2641 vernaculo
967 2621 1104 2641 sermone
1120 2613 1199 2640 edito
1215 2614 1262 2641 cui
1281 2613 1400 2641 titulum
1412 2613 1495 2641 fecit:
1509 2614 1638 2642 Michael
1650 2614 1848 2643 Akoma’natos
1866 2620 1914 2642 von

245 2652 360 2683 Chona,
377 2651 554 2685 Erzbzschof
562 2659 618 2678 von
631 2651 741 2679 Athen.
763 2649 968 2686 Nachrt’chten
982 2649 1053 2686 iiber
1066 2649 1129 2686 sein
1141 2649 1245 2686 _Leben
1261 2649 1416 2686 unguine
1430 2649 1593 2684 Schriften,
1611 2651 1663 2678 mit
1681 2650 1854 2686 Beifiigung
1869 2649 1914 2676 der

245 2688 377 2717 letztern,
392 2688 491 2714 sowett
505 2683 545 2714 sic
561 2687 690 2713 hekannt
702 2685 782 2716 siml,
800 2687 838 2711 tm
856 2684 996 2721 Orzgz’nal
1008 2683 1072 2711 und
1084 2685 1115 2712 in
1126 2684 1284 2713 deutscher
1300 2684 1514 2721 rUbersetzung,
1537 2686 1584 2712 ein
1600 2686 1720 2721 Beitrag
1734 2683 1795 2713 ἀτί)-
1808 2683 1912 2721 politis-

245 2723 315 2750 chen
333 2723 395 2749 und
410 2722 618 2750 literarz'schen
635 2721 809 2748 Geschichte
823 2720 928 2758 Athens
944 2720 983 2758 in:
997 2720 1186 2748 Mittelatter.
1196 2721 1222 2747 Is
1237 2722 1283 2748 est
1293 2720 1362 2749 fons
1379 2728 1452 2748 sane
1468 2719 1637 2749 uberrimus
1647 2719 1756 2758 exquo
1767 2719 1911 2758 sequentia

244 2757 400 2786 Latinitate
410 2757 523 2786 donata
542 2758 573 2785 in
586 2765 676 2784 usum
689 2758 825 2784 nostrum
835 2755 1051 2784 derivavimus.
