1947 3077
39 132 71 157 301
532 123 685 152 ΜΙΟΗΑΕῙ..
702 124 808 153 ACOMI

915 127 941 154 S.
957 140 987 145 -—
1005 126 1144 154 ΝΟΤΙΤΙΑ
1633 130 1684 157 302

37 191 105 219 vicino
123 188 290 223 victoriam,
316 187 463 215 libertatis
477 189 506 214 et
520 186 618 214 cultus
632 187 819 223 praecipuam
843 195 968 216 causam
984 188 1076 221 vidit;
1094 190 1201 224 postea
1212 190 1314 216 autem
1330 187 1439 222 exigua
1453 187 1560 216 eadem
1584 189 1685 219 insula

36 244 68 271 per
79 234 307 270 quadringentos
318 240 417 260 annos
430 231 522 259 exsilii
533 231 633 259 locum
649 231 751 264 dabat,
761 240 813 267 per
825 240 902 268 quos
917 234 1059 260 custodes
1068 233 1221 269 Acropolis
1237 232 1388 268 Byzantini
1403 240 1463 260 non
1476 232 1686 268 impediebant

37 281 110 308 Slavos
118 286 173 315 quo
188 278 293 305 minus
312 277 438 304 Atticam
453 277 483 304 in
502 276 666 310 desertum,
683 276 813 303 Athenas
829 279 930 304 autem
945 277 976 305 in
1000 277 1193 305 desolationis
1210 276 1469 305 abominationem
1495 278 1684 306 mutaverint.

37 323 177 359 tmpelacim
191 331 320 358 quoque
337 321 498 350 Salaminis
513 321 542 348 in
558 321 631 348 urbe
642 321 715 348 dum
730 324 918 349 morarentur
932 322 1137 352 Athenienses,
1149 330 1197 349 res
1211 321 1410 356 gravissimas
1420 321 1502 357 passi
1518 324 1601 350 sunt:
1611 322 1686 350 iram

35 367 198 404 :mperatoris,
209 366 282 394 dein
295 365 562 401 anathema,quod
578 373 638 392 una
649 373 718 392 cum
730 365 820 399 .Egaai
837 366 928 393 maris
942 366 1046 394 insulis
1062 366 1293 402 imperatoribus
1310 366 1446 393 isauricaz
1460 366 1569 394 domus
1586 368 1687 394 lcono-

35 413 106 440 ciastis
116 412 246 439 resistere
263 411 334 438 ausi
353 411 479 438 fuerant.
498 412 560 438 Huc
576 410 691 438 accedit
705 410 788 445 quod
805 409 930 444 morbis,
946 410 1035 443 fame,
1047 411 1161 446 piratis,
1172 410 1293 445 ignibus
1310 410 1524 442 subterraneis,
1537 411 1589 446 qui
1605 419 1686 438 cam-

36 457 106 492 posin
116 457 203 483 Attica
219 458 303 484 terra
319 455 400 483 foede
416 455 585 489 vastabant,
599 454 709 482 mirum
725 454 755 481 in
768 454 894 482 modum
908 458 1094 483 vexarentur.
1106 457 1172 483 Post
1185 455 1237 483 ubi
1252 455 1390 482 exsulum
1401 455 1628 483 Athenienisum
1643 463 1687 483 re-

34 502 105 537 hquiae
115 509 178 528 cum
203 500 271 528 aliis
286 500 408 536 imperii
420 499 534 528 colonis
550 499 679 535 patriam
694 498 845 526 desertam
865 502 1040 535 repeterent,
1054 508 1146 527 novas
1159 508 1175 527 e
1189 500 1284 527 ruinis
1305 500 1415 527 domus
1429 499 1595 532 excitaturi,
1610 508 1686 536 puu-

35 550 85 572 cins
93 553 187 572 eorum
201 545 315 572 urbem
328 544 428 580 qualis
441 547 469 571 et
483 546 599 580 quanta
611 543 706 570 fuerat
717 543 796 570 circa
809 544 979 579 Acropolim
995 544 1150 572 restituere
1165 552 1226 572 non
1242 544 1344 572 valuit.
1361 544 1558 572 Athenienses
1577 545 1617 572 ad
1632 553 1688 572 sua

34 590 156 617 redeuntes
169 591 253 623 (saec.
275 590 297 617 X
311 592 341 616 et
354 589 476 616 ineunte
490 589 534 623 XI)
546 588 623 615 dura
637 595 655 615 a
671 587 807 622 Bulgaris
817 588 990 624 rapacibus,
1006 589 1132 616 Atticam
1146 589 1207 616 imo
1218 591 1313 616 totam
1330 588 1473 616 Graeciam
1487 588 1564 616 ferro
1580 591 1608 617 et
1618 589 1688 623 igne

35 635 198 668 vastantibusl
228 634 371 670 perpessi
391 636 468 661 sunt.
494 634 533 660 Ea
549 634 726 669 tempestate
748 640 847 660 annus
873 634 938 661 1019
963 634 993 660 in
1009 633 1175 661 Annalibus
1193 633 1293 661 Atticis
1308 633 1526 669 aliquantisper
1551 633 1687 668 refulget,

34 686 75 715 quo
88 678 201 706 Basilius
217 678 240 706 lI
265 679 444 714 imperator,
467 677 687 714 Βουλγαροκτόνος
707 677 949 712 cognominatus,
973 677 1128 705 debellatis
1153 678 1193 706 ad
1207 677 1368 706 Achridam
1388 678 1536 710 hostibus,
1553 678 1688 714 Deipara:

34 723 132 751 ecclesiis
146 723 270 751 Athenis
286 723 374 750 dona
383 722 629 759 splendidissima
641 721 748 749 obtulit
765 723 814 756 tl).

58 769 162 796 Uzorum
173 775 248 802 gens
262 767 510 803 septentrionalis
534 775 614 803 quas,
631 766 826 794 Constantino
852 766 879 792 Χ
893 767 983 798 Duca,
1004 774 1085 794 anno
1105 766 1180 801 I065,
1195 766 1400 795 Macedoniam
1416 769 1445 794 et
1459 766 1602 794 Graeciam
1622 775 1688 804 sep-

35 816 95 839 tentr.
118 812 233 847 invasit,
260 815 368 840 utrum
385 812 508 839 Atticam
532 811 677 847 populata
701 810 747 842 sit,
774 810 855 846 apud
883 811 928 837 Jo.
956 810 1101 846 Scylitzen
1124 812 1232 847 Curop.
1249 811 1344 839 altum
1360 811 1521 839 silentium.
1548 812 1616 839 Utut
1631 814 1686 847 est,

36 857 182 884 Athenarum
203 856 410 892 municipium
424 855 620 891 Byzantinum
635 863 662 882 xi
676 857 704 882 et
718 863 757 882 xu
772 854 889 882 saeculis
905 854 1018 882 tristem
1032 855 1140 883 faciem
1156 855 1322 891 praebuisse
1335 858 1363 883 et
1377 856 1493 891 majore
1507 856 1574 891 jure
1593 864 1688 892 quam

36 900 122 927 Arcadii
136 904 270 936 tempore
288 899 377 937 δέρμα
395 900 476 926 πάλαι
495 902 557 926 ποτὲ
577 900 644 929 Caico
659 901 805 935 praesente

917 899 998 927 letur.
1012 900 1075 927 Vid.
1099 901 1204 936 Synes.
1218 909 1265 936 ep.
1284 902 1344 928 135.
1360 900 1400 928 Cf.
1417 900 1596 936 Zygomalas
1612 904 1640 929 et
1652 902 1686 930 M.

38 945 104 972 Crusii
117 946 359 974 Tunc-Graecia.

61 989 136 1017 Velius
148 998 275 1018 aureum
291 990 348 1025 (ita
371 989 451 1017 enim
466 989 599 1017 Athenas
610 988 858 1024 appellitaverim)
874 996 936 1023 quo
950 990 1083 1024 tempore
1097 989 1271 1024 Crucigeris,
1287 997 1367 1017 novo
1381 991 1623 1024 Argonautarum
1640 997 1689 1024 ge-

38 1034 88 1065 neri,
97 1035 287 1062 succumbere
303 1034 475 1068 videbatur,
486 1033 623 1070 dynastis
636 1032 803 1068 Byzantinis
819 1040 879 1060 non
892 1033 1119 1067 restituendum,
1132 1033 1194 1061 imo
1206 1033 1406 1062 barbarorum
1421 1034 1600 1062 Asianorum
1610 1033 1688 1062 ferro

37 1078 215 1112 subigendum,
232 1080 264 1107 in
278 1080 350 1115 ipsa
362 1079 546 1106 Athenarum
562 1078 636 1106 urbe
650 1078 748 1105 virum
763 1077 887 1104 obvium
902 1077 1050 1105 habemus
1065 1078 1128 1114 qui,
1150 1077 1217 1106 licet
1227 1078 1406 1113 alienigena,
1424 1078 1500 1106 adeo
1514 1077 1552 1106 de
1566 1078 1689 1106 Athenis

39 1124 125 1156 meruit,
140 1128 169 1151 ut
182 1126 258 1152 inter
279 1123 376 1151 medii
401 1123 455 1151 aevi
475 1122 671 1151 Athenienses
686 1123 856 1150 memoratu
871 1121 991 1157 dignos,
1008 1130 1069 1150 una
1082 1130 1152 1150 cum
1167 1123 1250 1150 Irene
1269 1122 1468 1159 imperatrice.
1483 1131 1552 1158 qua:
1573 1125 1601 1150 et
1622 1123 1690 1158 ipsa

38 1172 128 1195 externa
138 1168 302 1198 Ἀτςαῑωλὼν
320 1167 435 1195 familia
446 1166 585 1198 oriunda,
598 1166 784 1202 praecipuum
795 1165 896 1194 locum
907 1174 1056 1202 occupare
1067 1167 1176 1202 dignus
1191 1167 1246 1201 sit;
1261 1167 1299 1195 de
1322 1167 1462 1195 Michaele
1478 1167 1622 1196 Choniate
1640 1175 1688 1196 ar-

39 1212 194 1249 chiepiscopo
205 1212 377 1249 loquimur.

248 1262 262 1297 ἓ
276 1263 313 1289 Il.
334 1261 486 1289 Michaelis
501 1262 624 1296 ejusque
631 1260 742 1295 fratris
753 1260 886 1294 pueritia
913 1260 1024 1288 Chom‘s
1044 1264 1071 1289 et
1087 1261 1351 1295 Constantinopoli
1365 1264 1443 1289 acta.

61 1305 305 1335 Quemadmodum
321 1304 427 1332 fratres
443 1304 564 1332 Michael
588 1307 616 1332 et
638 1304 754 1332 Nicetas
770 1304 938 1332 Acominati
955 1304 1029 1333 dum
1049 1305 1192 1333 vivebant
1215 1308 1322 1333 mutua
1344 1305 1464 1340 pietate,
1489 1305 1589 1341 qualis
1617 1305 1693 1333 inter

39 1349 181 1383 magi=trum
192 1352 220 1377 et
234 1349 423 1384 discipulum
436 1356 501 1376 esse
517 1348 657 1382 debebat,
671 1350 699 1375 et
711 1347 901 1375 intellectuali
917 1349 1098 1377 commercio
1106 1350 1202 1384 juncti
1217 1352 1312 1383 erant,
1329 1350 1370 1378 ita
1382 1349 1455 1377 alter
1467 1349 1587 1377 alterius
1601 1349 1692 1378 vitam

39 1394 144 1422 etstudia
157 1394 185 1422 in
203 1395 306 1423 lucem
320 1393 438 1422 edendo
451 1395 509 1421 hoc
522 1401 602 1421 novo
617 1393 738 1421 vinculo
754 1392 828 1420 uniti
842 1392 991 1428 videntur,
1008 1396 1040 1421 ut
1054 1394 1084 1421 in
1094 1394 1152 1422 hoc
1167 1397 1270 1422 nostro
1284 1396 1410 1422 tractatu
1423 1394 1460 1422 de
1474 1393 1614 1422 Michaele
1630 1401 1692 1422 non

39 1438 156 1472 possimus
170 1439 276 1467 Nicetas
288 1439 382 1466 vitam
402 1438 517 1466 silentio
529 1438 686 1474 praeterire,
701 1438 813 1474 quippe
829 1437 881 1473 qui
891 1437 921 1465 in
942 1446 1032 1474 opere
1046 1438 1083 1466 de
1098 1438 1188 1466 rebus
1204 1446 1272 1474 quae
1287 1441 1354 1474 post
1377 1438 1482 1474 Cpolin
1498 1446 1552 1474 per
1574 1438 1694 1466 Latinos

40 1487 129 1518 captain
141 1485 306 1511 evenerunt
321 1482 419 1511 fratris
432 1490 501 1510 cum
528 1482 634 1510 merita
648 1481 737 1510 laude
755 1484 939 1513 mentionem
960 1482 1040 1516 facit,
1065 1483 1118 1519 qui
1132 1483 1196 1518 ipse
1211 1485 1363 1519 superstes
1377 1483 1500 1511 fratrem
1517 1482 1694 1510 defunctum

40 1526 60 1553 in
70 1525 227 1562 biographia
243 1530 273 1554 et
289 1526 440 1562 panegyri
454 1526 564 1554 debitis
584 1526 687 1560 elogiis
702 1526 874 1556 honoravit.

64 1569 160 1598 Iichaei
171 1571 372 1598 Acominatus
386 1570 465 1598 circa
479 1569 748 1606 quadragesimum
765 1572 866 1600 saeculi
876 1580 916 1600 xu
930 1579 1056 1605 annum,
1069 1571 1154 1599 initio
1169 1571 1254 1605 regni
1265 1570 1408 1599 Manuelis
1419 1570 1564 1599 Comneni
1583 1569 1693 1598 Chonis

41 1614 72 1641 vel
82 1613 194 1642 Colossis
206 1614 351 1650 Phrygia:
367 1614 439 1642 urbe
452 1617 542 1642 natus
567 1617 621 1646 est,
638 1622 730 1650 quam
745 1615 835 1645 frater
847 1618 912 1652 ejus
926 1616 1042 1643 Nicetas
1061 1615 1151 1650 (Hist.
1168 1614 1216 1643 ed.
1234 1616 1297 1642 Par.
1314 1623 1344 1650 p.
1361 1615 1421 1650 “5)
1436 1614 1547 1650 opibus
1570 1613 1692 1640 divitem

39 1662 57 1684 et
68 1658 218 1687 hominibus
232 1660 426 1695 frequentem
442 1660 599 1693 vocat(3').
615 1660 697 1687 Patre
713 1661 854 1689 eumdem
870 1668 958 1689 usum
970 1659 1063 1687 fuisse
1084 1659 1238 1695 opulento,
1251 1658 1324 1686 nulli
1335 1658 1520 1687 dubitamus.
1542 1658 1597 1691 Qui
1612 1658 1694 1685 enim

41 1702 95 1730 ﬁlius
113 1704 279 1739 Byzantium
303 1703 335 1731 in
351 1704 465 1731 artibus
480 1703 654 1731 liberalibus
670 1704 711 1732 ibi
727 1705 857 1734 misisset
880 1704 1080 1733 educandos?
1105 1711 1167 1739 qua
1193 1703 1263 1731 dein
1278 1703 1394 1731 ratione
1409 1703 1500 1731 iidem
1520 1702 1558 1730 ad
1575 1701 1694 1738 imperii

40 1746 166 1781 dignitates
179 1748 234 1776 nisi
249 1748 381 1785 pecunia
405 1748 481 1776 aulas
497 1748 683 1784 corruptibili
693 1749 775 1779 data.
789 1750 883 1778 evecti
899 1749 1054 1777 fuissent?
1067 1747 1225 1776 Atﬁnitatis
1240 1747 1376 1784 quodam
1387 1747 1547 1784 splendore
1569 1754 1630 1774 non
1646 1754 1694 1774 ca-

40 1795 142 1827 ruerunt,
154 1793 305 1829 siquidem
331 1793 446 1820 Nicetas
466 1792 608 1820 clericum
623 1792 756 1828 aliquem
773 1794 956 1826 Choniatem,
973 1793 1061 1828 cujus
1083 1792 1198 1821 Manuel
1222 1792 1385 1828 imperator
1406 1792 1509 1820 utilem
1522 1799 1647 1828 operam
1664 1790 1695 1818 in

41 1835 97 1864 bello
108 1842 201 1866 contra
208 1839 324 1866 Turcos
334 1841 474 1874 expertus
486 1841 540 1870 est,
552 1839 768 1867 consobrinum
778 1839 910 1875 appellat
921 1841 950 1866 et
959 1838 1043 1865 urbis
1058 1837 1288 1873 metropolitano
1299 1839 1383 1873 patre
1397 1835 1544 1872 spirituali
1556 1844 1630 1863 usus
1639 1837 1695 1863 est.

65 1882 144 1910 Pauca
164 1886 281 1911 tantum
295 1882 335 1910 de
354 1883 473 1910 ineunte
489 1882 637 1911 Michaelis
652 1885 738 1911 relate
748 1886 902 1920 comperta
912 1882 1071 1917 habemus,
1084 1889 1180 1918 eaque
1193 1882 1225 1909 in
1239 1881 1304 1909 sola
1319 1881 1526 1917 parentatione
1551 1880 1582 1908 in
1594 1879 1694 1908 fratris

41 1923 141 1954 defuncti
153 1927 335 1956 memoriam
347 1927 427 1954 dicta
437 1927 500 1954 haec
513 1927 544 1954 in
559 1927 654 1954 verba
668 1928 805 1963 exposita
821 1935 826 1953 :
845 1939 858 1952 ι(
876 1929 958 1955 Pater
974 1935 1069 1962 meus,
1082 1926 1134 1962 qui
1148 1925 1262 1954 litteras
1275 1933 1337 1954 non
1352 1926 1453 1953 minus
1463 1933 1560 1961 quam
1583 1924 1694 1952 liberos

40 1976 90 1996 suos
100 1970 198 2006 diligeb
208 1975 240 2006 tt,
263 1979 314 1999 me
329 1971 589 1999 adolescentulum
602 1972 654 2008 qui
675 1971 705 1999 in
721 1972 921 2006 grammatica
934 1974 961 1999 et
977 1971 1095 2007 poetica
1110 1970 1182 1998 satis
1197 1972 1358 2006 provectus
1375 1978 1470 2004 eram,
1491 1977 1528 1997 ex
1543 1969 1610 1997 Asia
1635 1969 1695 2005 By-

39 2018 137 2043 zantium
148 2016 318 2044 traductum
334 2016 443 2044 artium
470 2015 642 2044 liberalium
659 2019 687 2044 et
706 2016 906 2053 philosophiae
920 2014 1071 2050 magistris
1085 2015 1306 2043 instituendum
1321 2014 1455 2042 tradidit.
1471 2025 1484 2039 »
1502 2014 1614 2041 Horum
1631 2021 1694 2040 ma-

41 2063 165 2090 gistrorum
186 2062 215 2089 in
241 2069 371 2089 numero
385 2062 516 2088 Joannes
543 2063 571 2088 et
591 2060 674 2088 Isaac
702 2062 809 2089 Tzetzm
826 2061 955 2093 fuerunt,
971 2067 1102 2096 quorum
1127 2059 1188 2087 vita
1211 2058 1242 2087 in
1273 2060 1424 2087 “30-1160
1443 2057 1555 2086 incidit.
1573 2056 1695 2085 Michael

42 2101 139 2132 Nicetam
150 2105 271 2134 fratrem
294 2110 420 2142 utroque
436 2108 561 2140 parente
574 2108 734 2140 χασίγηντον
748 2113 927 2141 germanum
943 2104 1000 2132 sibi
1019 2111 1189 2132 novennem
1205 2111 1241 2131 ea
1252 2103 1318 2139 lege
1335 2103 1478 2131 traditum
1498 2110 1516 2130 a
1530 2103 1614 2138 patre
1629 2108 1694 2129 esse

42 2146 92 2174 dicit
102 2151 127 2176 ut
139 2151 299 2184 nutritoris,
315 2150 501 2184 institutoris,
515 2151 577 2178 imo
603 2150 695 2186 patris
717 2150 784 2178 loco
797 2151 822 2178 ei
836 2152 923 2178 esset.
938 2148 1060 2178 Michael
1084 2149 1148 2184 ipse
1164 2147 1294 2176 affirmat
1318 2156 1387 2176 cum
1404 2147 1518 2183 majore
1541 2154 1584 2180 se,
1600 2153 1694 2182 quam

44 2190 133 2222 fratrem
144 2194 236 2228 decet,
249 2196 370 2231 pietate,
383 2194 488 2230 triplex
507 2194 582 2223 illud
597 2194 730 2223 ofﬁcium
747 2195 925 2231 explevisse.
946 2194 1063 2222 Pietatis
1080 2195 1108 2221 et
1122 2192 1216 2221 animi
1232 2193 1308 2228 grati
1324 2195 1476 2221 certamen
1493 2193 1570 2220 inter
1588 2191 1695 2219 fratres

44 2235 217 2275 intercedebat,
234 2240 277 2268 ita
290 2242 391 2268 tamen
407 2242 439 2267 ut
458 2239 580 2267 Michael
595 2240 726 2276 archiep.
739 2240 847 2268 Athen.
861 2239 958 2267 factus
969 2246 1024 2274 pro
1045 2237 1194 2265 modestia
1207 2245 1263 2265 sua
1275 2245 1306 2264 se
1321 2237 1403 2266 fratri
1419 2237 1458 2264 ad
1475 2236 1637 2264 altissimas
1653 2235 1696 2262 di-

46 2282 142 2313 gnitates
155 2287 256 2312 erecto
272 2283 437 2312 multorum
452 2284 483 2312 in
500 2291 532 2312 se
547 2283 725 2312 collatorum
740 2284 956 2312 beneﬁciorum
975 2282 1141 2310 debitorem
1157 2281 1289 2310 evasisse
1312 2283 1439 2310 asserat.
1456 2282 1506 2309 Est
1529 2280 1619 2308 etiam
1645 2280 1697 2310 ubi

45 2325 136 2355 ltichael
144 2328 222 2357 fratri
238 2329 341 2365 quoad
354 2329 466 2364 ingenii
481 2329 578 2363 dotes,
594 2337 625 2356 se
639 2328 810 2357 inferiorem
834 2328 953 2361 fatetur,
972 2327 1024 2354 ubi
1039 2326 1076 2354 de
1091 2326 1306 2354 communibus
1330 2326 1466 2362 ipsorum
1483 2325 1590 2353 siudiis
1613 2331 1696 2352 men-

46 2370 128 2399 tionem
140 2373 212 2401 facit.
234 2375 312 2401 Dum
327 2374 406 2402 enim
425 2374 489 2409 ipse
503 2373 542 2401 ad
557 2374 702 2409 μαθήματα
714 2374 850 2401 animum
862 2372 1037 2406 attenderet,
1054 2371 1186 2399 Nicetam
1201 2371 1271 2398 inde
1286 2379 1304 2398 a
1316 2379 1411 2407 puero
1424 2378 1526 2398 rerum
1543 2370 1695 2405 majorum

45 2417 210 2446 exercitationi
225 2426 261 2446 ac
277 2418 382 2447 studiis
395 2418 532 2446 deditum
545 2426 580 2446 eo
593 2418 774 2454 pervenisse,
788 2421 814 2445 ul

926 2417 987 2445 :iori
1002 2416 1105 2444 volatu
1119 2416 1150 2444 in
1163 2415 1303 2451 regiones
1314 2421 1364 2442 τῶν
1378 2417 1549 2453 θεωρημάτων
1561 2414 1695 2443 evolave—

46 2458 78 2492 rit,
90 2459 114 2487 id
124 2465 173 2496 est,
186 2463 307 2499 proprio
319 2465 414 2491 marte
429 2462 593 2491 meditatus
607 2462 654 2491 sit.

59 2507 99 2545 .(i)
119 2512 162 2536 Καὶ
183 2510 206 2536 ἄν
227 2511 348 2541 Ἀθήναις
369 2513 500 2548 γπόμιείος
528 2513 572 2536 καὶ
598 2512 631 2536 τὰ
659 2514 719 2548 τῆςν
737 2513 811 2541 νίκης

925 2510 938 2546 ι)
953 2510 1265 2548 Chonarumpomini
1292 2511 1398 2548 postea
1420 2505 1694 2548 Colossarumxsub:

48 2541 207 2583 ‘ilfplo’fiipia
238 2551 269 2582 τῇ
308 2541 440 2583 Stercutqu
461 2545 535 2583 δορς,
575 2549 620 2572 καὶ
659 2547 811 2582 ἀναθήμασι

925 2541 1001 2583 itum
1013 2554 1083 2583 esse
1098 2545 1182 2583 urbis
1197 2541 1344 2583 Phrygiae,
1353 2553 1421 2583 quia
1432 2544 1599 2583 praesertim
1612 2541 1694 2583 Pauli

47 2578 134 2619 πξλλοῖς-
151 2578 276 2619 ὶ-ἆμπρρές
314 2585 359 2608 καὶ
400 2578 552 2608 ualui-{Aser
589 2584 729 2619 χᾳσμὴσᾳς
744 2578 749 2582 ’
766 2583 810 2608 τὸν

925 2581 1179 2619 ῇὶιῑὶςιὶᾶηοενεῇᾳε
1192 2578 1320 2619 civitatis
1334 2578 1613 2619 epistolainnotuit,
1621 2580 1694 2619 citra

48 2614 99 2656 1.152,
123 2613 272 2656 ὖτξέέτρέέιεν
306 2627 341 2651 ει,
380 2613 662 2645 Κωνσταντινούπολιίε.
703 2618 809 2653 Georg.

924 2617 993 2656 tium
1017 2619 1071 2656 est.
1159 2616 1255 2656 lexico
1389 2615 1475 2656 Pselli
1490 2613 1693 2656 geographica

49 2649 117 2690 [{8er
125 2652 166 2678 ed.
182 2648 242 2690 Par.
257 2661 285 2689 p.
303 2648 365 2682 747.
381 2654 538 2690 Templum
555 2654 701 2686 Minervae,
714 2648 812 2690 Ericli-
865 2653 949 2689 quod
976 2654 1003 2679 P.
1021 2652 1156 2690 Morellus
1183 2652 1264 2686 citat,
1287 2648 1694 2690 legimus»;-Kohagaqﬁrelts

50 2682 120 2726 l‘honii
132 2688 237 2726 matris,
253 2682 420 2726 l’arthenon
435 2682 509 2717 illud
527 2690 557 2717 in
581 2690 610 2717 S.
623 2682 749 2726 Virginis
775 2696 811 2716 ac

926 2691 988 2726 King,
1005 2689 1032 2714 αἱ
1046 2692 1090 2714 νῦν
1098 2688 1242 2726 ire/tineam
1258 2682 1355 2726 Xfiivcit,
1373 2689 1400 2726 et
1409 2686 1532 2726 _Nicetas
1545 2682 1695 2726 ipse‘dic‘it

51 2699 120 2724 uniuu
133 2699 237 2722 matris,
253 2699 420 2717 rartnenon
435 2699 509 2717 utuu
527 2699 557 2717 1n
581 2699 610 2717 Β.
627 2699 749 2724 Vll‘glnls
775 2699 811 2716 ac
865 2699 918 2726 Ψρυ
940 2699 988 2720 ιας,
1005 2699 1032 2714 αι
1046 2699 1090 2714 νυν
1105 2699 1238 2723 Λεγομεναι
1259 2699 1355 2719 Ᾱωναι,
1373 2699 1400 2713 cl.
1419 2699 1532 2714 meum:
1545 2699 1611 2720 ιμδῠ
1624 2699 1695 2712 uiui.

51 2718 155 2760 Papam
180 2725 335 2752 ecclesiam
360 2727 404 2752 est
427 2726 586 2760 mutatum,
613 2727 645 2752 ut
660 2727 689 2752 et
708 2725 811 2752 Thesei
864 2724 895 2752 in
917 2699 1069 2752 f’hesauro
1086 2724 1159 2756 ﬁdei
1181 2723 1299 2751 orthod.
1313 2730 1362 2760 _iv,
1388 2724 1444 2760 22_:
1461 2721 1502 2751 Ὠς
1523 2720 1654 2760 inquit);
1669 2720 1695 2746 εν

51 2757 166 2798 ’ᾓξιιριυιῃ
180 2760 308 2798 ecclesiae
324 2760 421 2798 sancti
442 2760 558 2796 Georgii
579 2756 631 2798 qui
645 2760 811 2788 draconem

927 2762 974 2797 χοὸς
985 2761 1043 2790 τοὺς
1055 2762 1202 2798 πατριώτας
1215 2769 1260 2795 μοι
1277 2757 1417 2788 Κολοσσεῖς
1429 2756 1568 2793 Ἐπιστολῇ
1583 2757 1696 2792 θεολογεί

53 2793 178 2829 Intereaut,
187 2794 284 2824 locum
296 2795 395 2824 cessit.
520 2793 534 2796 ⁷
588 2793 598 2798 “
865 2793 925 2823 xii.
