1947 3077
237 118 288 146 303
661 112 816 143 MICHAEL
833 113 1059 142 ACOMINATUS
1082 111 1301 142 ATHENARUM
1324 109 1488 142 ARCHIEP.
1882 110 1939 138 301

273 180 338 212 Quo
351 179 485 213 tempore
497 175 616 204 Nicetas
635 175 859 213 ὑπογραμματέως
884 175 1025 212 βασιλικοῦ
1039 180 1042 201 t

1166 176 1203 203 tut
1227 173 1284 203 sub
1306 173 1438 203 Manuele
1454 175 1607 202 Comneno
1631 171 1700 200 ante
1721 178 1749 200 a.
1763 171 1857 205 1180,
1881 178 1935 199 au

236 223 337 251 Alexio
353 222 375 249 ll
390 222 543 256 regnante,
560 228 656 257 usque
679 220 719 248 ad
732 228 760 249 a.
781 221 849 248 1183
863 220 902 248 ad
916 228 1017 248 rerum
1032 219 1322 249 administrationem
1342 219 1475 254 accessit,
1504 217 1556 246 ubi
1581 218 1687 253 postea
1702 215 1741 244 ad
1755 216 1939 245 maximos

235 267 366 295 honores
381 267 539 302 provectus
562 267 615 300 est,
634 265 779 296 Michaeli,
796 265 897 292 minus
922 270 1069 301 prospera
1094 273 1151 293 uso
1172 264 1302 299 fortuna,
1322 263 1566 300 archiepiscopus
1587 261 1797 290 tantummodo
1831 259 1937 288 Athe

235 319 344 339 narum
369 313 400 338 ut
414 311 498 339 tieret
511 310 644 345 contigit.
663 310 720 338 Sed
745 312 777 338 ut
789 310 922 338 nominis
948 310 1033 338 Attici
1048 310 1175 345 gloriam
1190 311 1413 346 praetereamus,
1430 306 1676 343 archiepiscopus
1692 305 1910 334 Atheniensis
1932 313 1939 331 ι

234 364 359 383 numero
374 355 594 391 praecipuorum
620 355 689 383 inde
703 363 721 383 a
737 363 767 383 1x
786 355 895 383 saeculo
911 355 1210 391 metropolitanorum
1232 353 1371 381 diaecesis
1399 352 1504 388 lllyriae
1524 353 1596 386 erat,
1621 351 1650 378 et
1664 350 1768 378 decem
1785 349 1939 386 quidem

235 400 366 436 episcopi
378 399 500 427 Aulonis
515 399 545 427 in
559 399 697 434 Phocide,
714 399 824 428 Dauliir.
837 402 865 428 et
885 400 1025 428 Coroneae
1040 399 1070 427 in
1093 398 1214 433 Boeotia,
1231 397 1306 431 Orei,
1323 397 1433 434 Euripi,
1452 395 1594 429 Porthmi,
1610 394 1727 430 Carysti
1741 394 1772 422 in
1786 394 1934 422 Eubcea

234 447 262 472 et
275 444 443 472 insularum
459 444 551 480 Scyri,
568 444 660 472 Andri
675 446 703 472 et
716 445 796 481 Syrte
812 444 838 472 ei
854 446 886 472 ut
898 443 1082 480 sutfraganei
1094 443 1220 479 subjecti
1234 444 1330 471 erant.
1345 442 1400 478 (Cf.
1424 442 1460 469 Le
1476 441 1580 474 Quien,
1602 439 1706 467 Oriens
1719 439 1939 468 Christiana:

234 490 307 524 ll,p.
326 489 374 516 l67
385 489 471 525 sqq.).

233 543 246 578 ἓ
260 542 306 570 Ill.
318 542 450 570 Michael
460 542 646 571 Athenarum
655 542 1009 578 archiep.——Byzantium
1022 550 1124 571 rerum
1138 544 1249 570 statum
1260 543 1430 577 permutat;
1441 541 1539 576 legum
1548 548 1603 575 per
1614 539 1761 569 Graeciam
1776 538 1934 568 abolitio

267 596 398 629 Michael,
411 596 434 623 si
446 596 553 624 asserit
568 604 599 624 se
614 604 668 632 per
683 596 802 631 triginta
817 604 914 625 annos
930 604 1054 625 munere
1068 595 1245 624 sacerdotali
1256 595 1392 623 functum
1408 602 1484 628 esse,
1499 593 1556 622 sub
1571 593 1662 622 ﬁnem
1679 593 1771 629 (1175)
1785 599 1873 621 sec.
1896 599 1932 619 x1

234 641 291 668 sub
316 641 475 668 Charitone
496 640 669 676 patriarcha
694 648 806 669 munus
836 641 936 669 iniisse
960 641 1086 669 videtur-
1113 640 1223 668 Casim.
1244 639 1378 668 Oudinus
1398 640 1566 671 (Comment.
1593 639 1627 667 de
1646 639 1786 673 scriptor.
1807 637 1939 666 eccles.

231 694 261 721 p.
280 686 347 713 tEi36
361 688 388 713 et
403 685 482 721 1712)
496 685 573 713 duos
589 685 618 712 in
643 693 683 713 xu
698 685 807 713 sreculo
823 685 1028 721 metropolitas
1045 685 1251 718 Atheuienses,
1268 684 1417 712 Michaelis
1432 683 1556 712 nomine
1576 683 1749 719 designatos
1764 686 1939 711 memorat

231 738 361 766 quorum
377 729 508 766 priorem
523 738 603 758 anno
629 731 697 758 1170
712 730 856 765 assignat,
874 732 903 758 et
917 731 1014 757 Const-
1031 730 1177 759 Manassis
1204 732 1231 758 et
1249 729 1399 758 Simeonis
1414 729 1619 765 Metaphrastte
1644 731 1939 764 contemporaneos

231 774 318 807 facit;
332 782 393 810 quo
409 782 506 802 errore
522 773 670 802 Harlesius
683 782 805 810 quoque
814 774 1009 809 obstringitur
1024 775 1160 809 (Fabricii
1171 775 1252 803 Bibl.
1268 776 1320 803 Gr.
1333 774 1380 803 ed.
1396 782 1467 802 nov.
1483 775 1526 807 Xl,
1543 782 1573 810 p.
1590 773 1651 806 188¹
1668 775 1757 806 not.),
1774 772 1939 810 quamvis

229 826 323 854 opera
336 819 374 846 ab
392 818 509 847 Oudino
523 819 631 854 majori
646 819 777 847 Michaeli
791 818 942 852 attributa,
953 820 1057 847 nostro
1072 819 1206 848 Michaeli
1225 819 1413 854 Acominato,
1423 819 1515 855 idque
1525 818 1602 854 jure,
1618 817 1749 846 ascribit.
1766 818 1861 845 Inter
1875 817 1939 845 ista

230 871 323 900 opera
335 864 502 891 orationem
516 863 612 891 habes
640 863 763 891 Athenis
789 863 923 892 muneris
946 863 1008 891 initi
1025 863 1073 891 die
1098 864 1244 897 habitam,
1261 866 1289 891 et
1303 863 1389 899 cujus
1402 863 1494 891 verba
1510 862 1728 891 introductoria
1743 861 1814 890 sola.
1841 861 1939 897 apud

231 908 408 936 Dandinium
432 909 528 942 (Epist
544 908 581 935 de
595 908 744 936 Michaete
757 908 956 944 Acomz’nato),
973 910 1000 934 Tt

1169 911 1336 945 προσήκοντα,
1352 910 1380 936 et
1396 907 1520 936 ultima:
1537 907 1592 933 Ἵνα
1604 909 1648 933 καὶ
1672 906 1747 933 αὐτοὶ
1768 907 1839 937 ναὸς
1862 909 1938 932 θςοῦ

230 955 316 989 εῖημεν
328 952 351 978 ἐν
365 953 434 988 αὐτῲ
447 956 566 990 Χριστῷ,
584 954 651 986 etc.,
667 952 805 987 legimus.
823 952 944 980 Michael
959 952 999 980 lict

1179 961 1262 981 more
1281 953 1437 985 educatus,
1451 952 1483 980 in
1495 952 1553 980 ista
1564 951 1668 988 phrasi
1678 951 1781 979 divina
1798 953 1839 979 ut
1858 953 1891 978 et
1906 951 1938 978 in

230 998 343 1025 caeteris
356 997 498 1025 omnibus
510 1005 578 1033 quae
595 997 707 1033 scripta
731 996 858 1033 reliquit,
875 996 1088 1025 orthodoxiam
1103 1005 1139 1025 ex
1167 997 1262 1026 oculis
1278 1005 1339 1025 non
1355 997 1472 1030 amittit,
1489 1004 1558 1032 quae
1573 996 1764 1031 καλοκαγαθίας
1783 995 1939 1031 antiquae

227 1042 295 1070 loco
312 1042 402 1070 Grieci
416 1042 576 1077 cujuslibet
587 1049 761 1078 supremam
776 1041 899 1070 laudem
914 1041 1076 1070 constituit.
1092 1042 1205 1076 Quodsi
1216 1042 1388 1071 Michaelem
1402 1043 1540 1070 nostrum
1558 1041 1660 1069 Atticis
1676 1040 1869 1069 innutritum
1887 1048 1938 1068 ar-

228 1087 308 1114 tibus
322 1090 349 1114 et
364 1087 467 1114 litteris
482 1086 604 1114 Athenis
620 1093 687 1122 quae
702 1085 833 1122 templis,
850 1086 956 1114 statuis
969 1086 1179 1121 abundabant,
1197 1087 1315 1115 Periclei
1325 1087 1382 1115 ιθνὶ
1397 1088 1594 1114 monumenta
1608 1085 1810 1122 inspirabant,
1831 1084 1936 1120 idem,

228 1139 290 1167 qua
311 1131 497 1159 Christianus
513 1139 548 1159 ac
564 1130 715 1164 sacerdos,
736 1130 828 1158 divini
844 1131 931 1166 quasi
946 1130 1064 1158 aetheris
1089 1130 1213 1159 ﬂamina
1233 1130 1453 1167 experiebatur.
1470 1131 1544 1158 Ante
1559 1137 1628 1157 eum
1645 1129 1676 1157 D.
1699 1128 1815 1157 Paulus
1840 1128 1939 1156 Athe-

228 1177 385 1204 niensibus
401 1177 431 1204 in
447 1180 605 1212 Areopago
621 1184 738 1212 pacem,
753 1178 782 1204 et
800 1176 830 1203 in
846 1176 958 1212 templo
970 1176 1020 1204 Dei
1035 1175 1178 1210 incogniti
1193 1176 1286 1203 Deum
1302 1175 1330 1203 in
1348 1174 1464 1203 Christo
1479 1174 1705 1202 manifestatum
1721 1174 1937 1201 annuntiave-

229 1223 294 1253 rat;
311 1223 338 1248 et
352 1220 464 1248 ibidem
482 1220 643 1256 Dionysius
659 1219 840 1256 Areopagita
854 1220 970 1256 primus
986 1220 1147 1256 episcopus
1164 1222 1358 1251 memoratur,
1374 1219 1455 1247 idem
1469 1221 1585 1254 martyr
1596 1219 1723 1249 Graacus,
1737 1225 1839 1254 quem
1865 1217 1935 1246 Gal-

229 1265 270 1292 lia
285 1273 406 1301 quoque
422 1264 595 1301 apostolum
615 1267 643 1292 et
658 1267 821 1300 patronum
838 1273 928 1292 suum
941 1267 1084 1293 venerata
1095 1266 1138 1292 est
1149 1272 1185 1292 eo
1201 1267 1344 1300 tempore,
1360 1272 1422 1300 quo
1434 1263 1499 1299 ipsa
1511 1263 1581 1290 novi
1596 1262 1744 1298 Evangelii
1760 1262 1934 1298 apOstolos

230 1316 284 1346 per
297 1318 418 1337 onmem
429 1309 543 1341 orbem,
556 1309 720 1345 praesertim
735 1309 765 1337 in
778 1317 846 1337 eam
862 1310 1015 1345 regionem
1031 1309 1138 1344 emisit,
1149 1309 1229 1337 unde
1245 1311 1352 1345 praeter
1362 1307 1626 1336 Christianismum
1639 1307 1826 1343 perantiqua
1838 1307 1934 1335 liber-

232 1354 299 1382 tatis
315 1354 406 1381 civilis
422 1353 541 1381 traditio
554 1353 580 1381 ei
594 1355 727 1388 venerat,
746 1353 777 1380 in
794 1353 938 1381 Greciam
957 1353 1024 1382 dico
1038 1355 1088 1389 (1).

267 1398 389 1427 Michael
404 1399 534 1426 Athenas
548 1406 650 1426 sacras
663 1398 798 1426 oratione
813 1398 943 1426 celebrat
956 1398 988 1426 in
1004 1398 1163 1426 Leonidem
1179 1401 1344 1435 martyrem
1360 1400 1388 1426 et
1404 1397 1500 1425 socios
1516 1396 1619 1425 habita
1632 1405 1637 1429 ;
1652 1395 1763 1425 heroici
1778 1396 1932 1432 ejusdem

233 1444 357 1471 civitatis
368 1443 434 1477 sevi,
445 1443 474 1471 in
487 1442 665 1471 allocutione
680 1442 719 1470 ad
732 1444 890 1478 praetorem
907 1443 1086 1471 Demetrium
1099 1443 1270 1476 Drimetem,
1286 1443 1417 1470 Athenas
1433 1442 1585 1477 reducem,
1597 1441 1733 1469 meminit
1745 1449 1751 1468 :
1763 1443 1817 1467 Τὸν
1833 1443 1933 1470 Θησέα

233 1491 311 1524 φασιν
323 1487 424 1515 ἐκεῖνον.
440 1488 584 1516 Eustathii
595 1490 700 1524 postea
722 1487 940 1524 archiepiscopi
953 1487 1140 1522 Thessalom,
1155 1487 1324 1524 interpretis
1337 1487 1390 1514 cel.
1414 1486 1582 1515 carminum
1609 1486 1739 1519 Homeri,
1753 1493 1820 1522 quo
1836 1486 1931 1514 fami-

232 1533 390 1561 liarissime
405 1532 551 1567 utebatur,
564 1540 646 1560 mors
672 1532 866 1568 profanarum
887 1540 972 1568 atque
992 1540 1027 1560 ac
1050 1532 1284 1561 Christianarum
1306 1533 1537 1561 meditationum
1561 1539 1668 1560 ansam
1688 1531 1843 1568 prrebuit;
1864 1531 1931 1567 ejus

234 1579 414 1606 memoriam
429 1577 564 1606 oratione
590 1577 708 1605 funebri
721 1577 890 1611 honoravit,
905 1576 992 1612 cujus

1168 1577 1204 1603 ”Ω
1218 1579 1326 1613 στυγνὸς
1341 1577 1412 1609 αἰὼν,
1434 1577 1453 1602 ὦ
1466 1577 1570 1613 τλήμων
1585 1575 1661 1613 ἡμεῖς
1680 1576 1763 1612 γενεά,
1782 1575 1858 1604 ﬁnis
1885 1578 1928 1602 καὶ

235 1622 406 1659 λατρεύοντες.
423 1624 527 1651 Paucae
540 1622 587 1650 hee
601 1629 690 1649 voces
705 1621 742 1649 de
758 1622 909 1649 monode
924 1621 1019 1657 pretio
1043 1624 1172 1650 statuere
1188 1629 1249 1650 non
1265 1622 1461 1658 permittunt;
1477 1623 1507 1649 at
1524 1621 1617 1649 hocce
1631 1620 1778 1648 saeculum
1793 1623 1826 1649 et
1853 1629 1930 1649 nos-

235 1671 313 1696 trum
325 1677 420 1703 genus
436 1675 577 1695 accusare
591 1666 691 1694 licebit
705 1665 904 1701 negligentiae,
916 1666 963 1693 cui
978 1665 1060 1693 solus
1075 1667 1202 1694 Tafelius
1215 1666 1383 1694 remedium
1397 1666 1578 1702 apportavit,
1595 1666 1647 1702 qui
1660 1666 1691 1693 in
1705 1665 1929 1695 Dissertatioue

235 1714 279 1740 Dc
295 1712 506 1740 Thessalonica
520 1713 643 1746 ejusque
657 1718 732 1746 agro
747 1711 837 1738 etiam
853 1710 1024 1738 Monodiam
1035 1711 1065 1738 in
1082 1710 1269 1739 Eustathium
1282 1710 1393 1746 publici
1407 1710 1483 1746 juris
1501 1710 1578 1738 fecit.

274 1757 416 1784 Eustatltii
430 1755 601 1783 Thessalon.
618 1763 699 1783 mors
714 1756 752 1790 (a.
765 1755 847 1790 1198)
858 1763 909 1782 sex
924 1757 1011 1782 annis
1025 1755 1235 1790 catastrophen
1248 1755 1415 1788 antecessit,
1433 1763 1501 1791 quie
1517 1754 1649 1783 Michaeli
1662 1753 1862 1783 occasionem
1874 1755 1926 1782 de~

237 1801 280 1828 dit
299 1801 476 1828 ostendendi
491 1808 522 1827 se
538 1808 598 1827 non
612 1800 710 1827 solum
723 1799 839 1827 bonum
863 1800 965 1827 ovium
990 1802 1142 1835 pastorem
1156 1800 1239 1836 pacis
1265 1802 1398 1836 tempore
1414 1807 1491 1833 esse,
1507 1799 1560 1827 sed
1573 1800 1636 1836 qui,
1649 1802 1774 1834 urgente
1790 1799 1924 1827 necessi-

238 1848 308 1879 tate,
324 1845 429 1880 lupum
450 1844 621 1878 Argolicum
638 1843 751 1871 fortiter
766 1852 784 1871 a
796 1851 886 1879 grege
897 1843 1031 1879 repellat,
1045 1844 1111 1872 licet
1126 1852 1196 1872 mox
1212 1844 1280 1872 feris
1296 1844 1532 1872 occidentalibus
1549 1844 1653 1872 cedere
1673 1846 1796 1872 coactus
1824 1843 1924 1872 fuerit.

275 1891 371 1925 Atque
396 1889 452 1916 hoc
476 1888 599 1924 quidem
618 1887 685 1915 loco
706 1887 869 1915 dicendum
895 1890 940 1916 est
961 1888 1011 1923 qui
1034 1888 1122 1916 fuerit
1144 1889 1392 1917 Acominatorum
1418 1896 1516 1916 sermo
1529 1889 1611 1924 justo
1627 1888 1724 1923 magis
1739 1888 1927 1924 metaphori-

240 1943 292 1962 cus
309 1936 355 1967 (2).
370 1934 459 1968 Cujus
474 1933 517 1960 rei
540 1935 574 1960 ut
586 1932 733 1968 majorem
759 1932 850 1960 tidem
866 1932 1022 1967 faciamus,
1039 1934 1144 1961 Nicetis
1160 1934 1254 1962 verba
1269 1933 1381 1970 quibus
1393 1933 1423 1961 in
1436 1933 1590 1961 Michaelis
1615 1933 1713 1960 fratris
1730 1932 1795 1961 Vita
1821 1934 1924 1964 utitur,

240 1981 421 2015 repetamus,
437 1977 664 2013 usurpationem
689 1979 778 2005 antea
794 1980 997 2005 memorantes
1012 1977 1128 2013 imperii
1141 1979 1297 2014 Byzantini
1311 1986 1365 2014 per
1388 1978 1525 2006 Alexium
1552 1979 1587 2005 lll
1608 1977 1755 2012 Angelum
1772 1979 1812 2010 (a.
1832 1979 1924 2009 1195),

240 2031 333 2060 quam
348 2026 414 2050 octo
430 2022 517 2050 annis
527 2024 632 2058 postea
645 2021 794 2058 expeditio
810 2021 949 2050 ltalorum
964 2021 1176 2058 Gallorumque
1193 2022 1472 2058 Constantinopolin
1487 2030 1602 2054 versus,
1619 2024 1647 2050 et
1659 2023 1727 2058 post
1739 2021 1927 2057 redintegra—

241 2069 352 2096 tionem
366 2067 470 2094 lsuacii
485 2067 584 2094 omenti
601 2074 669 2094 cum
682 2066 743 2094 filio
754 2066 819 2101 ejus
832 2066 933 2094 Alexio
947 2067 1244 2104 lVimpotentcmque
1258 2067 1347 2096 Alexii
1364 2069 1384 2095 V
1396 2069 1484 2095 Ducae
1496 2066 1656 2103 Murzuphli
1671 2066 1925 2100 dominationem,

242 2113 376 2140 secunda
390 2111 488 2147 Cpolis
511 2110 695 2147 expugnatio
710 2118 763 2146 per
778 2111 909 2138 Francos
926 2112 969 2144 (1:1
997 2113 1050 2147 Ap.
1075 2112 1153 2143 1204)
1167 2114 1195 2140 et
1213 2112 1331 2148 imperii
1351 2112 1446 2140 Latini
1473 2111 1609 2140 fundatio
1625 2113 1728 2140 secuta
1741 2113 1796 2139 est.
1816 2111 1926 2139 Nicetze

241 2157 407 2185 Acominati
425 2156 558 2184 Historiae
573 2155 639 2183 libri
654 2164 673 2183 ν
685 2155 781 2183 ultimi
795 2156 937 2190 (xvu-xxi)
951 2157 979 2182 et
990 2156 1014 2184 .l.
1028 2156 1226 2184 Villharduini
1236 2156 1366 2184 Annales
1384 2156 1492 2185 Gallice
1507 2156 1671 2192 conscripti
1686 2163 1832 2190 magnam
1848 2156 1927 2184 circa

243 2209 292 2230 eas
306 2210 354 2229 res
371 2201 578 2229 auctoritatem
591 2200 712 2228 habent.
727 2200 841 2228 Nicetas
863 2200 986 2236 quidem
998 2208 1094 2236 usque
1109 2201 1148 2228 ad
1163 2209 1190 2229 a.
1207 2203 1274 2229 1206
1290 2201 1489 2238 progreditur,
1513 2201 1653 2237 quamvis
1666 2200 1696 2228 in
1711 2200 1772 2228 fine
1795 2200 1868 2228 libri
1878 2206 1925 2227 XIX

243 2247 324 2275 dicat
342 2246 416 2273 εούκ
431 2245 460 2271 ἂν
485 2245 600 2282 aquilum
613 2247 646 2272 τὰ
668 2245 807 2282 βαρϐάρων
823 2245 911 2278 αὐτὸς,
928 2243 985 2271 οὐδ’
997 2244 1105 2282 ἐσοίμην
1118 2245 1298 2282 πάραπέμπων
1314 2250 1369 2277 τοῖς
1387 2247 1476 2272 ἔπειτα
1497 2246 1605 2283 πράξεις
1627 2244 1778 2281 πολεμικὰς,
1792 2244 1816 2271 ἐν
1837 2245 1922 2280 uiguit

242 2296 349 2318 νικῶσιν
362 2291 491 2322 "Eli-aves.
504 2292 536 2317 Οἱ
550 2291 601 2327 γὰρ
616 2289 746 2326 βάρϐαροι
765 2291 832 2316 κατά
847 2291 889 2316 τὸν
903 2289 1075 2326 ἐμπρήσαντα
1089 2291 1132 2316 τὸν
1152 2289 1176 2316 ἐν
1190 2290 1288 2327 Ἐφέσῳ
1298 2293 1357 2317 ναὸν
1373 2295 1418 2321 τῆς
1434 2288 1590 2326 Ἀρτέμιδος
1609 2290 1777 2326 οἶχέσθωσαν
1791 2289 1885 2316 ἄῑστοι
1899 2297 1922 2314 τε

242 2340 288 2363 καὶ
300 2337 424 2368 dnuo-tot,
439 2334 508 2373 μηδὲ
523 2338 707 2374 προσρήματος
719 2338 780 2371 γοῦν
792 2344 868 2370 τινος,
884 2335 926 2371 ὑφ’
938 2335 1010 2371 ἡμῶν
1021 2334 1178 2372 ἀξιούμενοι,
1191 2336 1236 2366 ἕως
1252 2335 1282 2362 οὗ
1296 2335 1420 2373 παρΟθω
1434 2335 1449 2364 ἡ
1463 2334 1558 2372 ἀνομία
1572 2334 1637 2361 κάπὶ
1649 2337 1705 2365 τοῖς
1720 2332 1825 2365 δούλοις
1844 2334 1922 2361 αὐτοῦ

280 2428 320 2463 (1)
341 2428 452 2466 Contra
472 2424 908 2466 Gregoriuquronn‘Bedam
924 2426 956 2465 'et
976 2432 1069 2466 qucs-
1123 2425 1374 2466 Pragmtione'ad
1399 2425 1567 2466 Historiam
1594 2423 1646 2466 ubi
1665 2424 1800 2466 maxime
1816 2424 1920 2466 monet

243 2460 316 2492 dam
332 2463 406 2490 alios
422 2460 597 2497 Dionysium
611 2461 755 2489 Gallicum
768 2460 807 2488 ab
825 2460 996 2497 Atheniensi
1011 2461 1069 2489 dis-
1123 2461 1231 2489 nullibi
1245 2462 1343 2497 magis
1359 2469 1458 2497 quam
1471 2461 1520 2489 hic
1532 2461 1665 2489 claritate
1690 2463 1718 2488 et
1730 2460 1921 2497 simplicitate

244 2498 445 2534 tinguendum
454 2496 575 2526 ettertio
588 2497 712 2525 demum
722 2498 791 2534 post
803 2496 952 2524 Christum
964 2499 1069 2534 natum
1123 2504 1201 2534 opus
1218 2505 1294 2525 esse.
1313 2496 1502 2534 Indeversus
1527 2499 1686 2534 sequentes
1700 2496 1740 2524 ad
1754 2496 1921 2534 marginem

245 2531 357 2573 steculo
372 2534 679 2573 accensendum_essc
693 2531 1069 2573 arbitrantes,_auctoritat_i
1124 2531 1190 2573 cod.
1200 2531 1443 2573 Fugger.scripti
1456 2534 1483 2561 et
1498 2540 1516 2561 a
1531 2531 1635 2560 wollio
1650 2531 1822 2561 Alexandro
1839 2532 1921 2561 Char-

243 2572 315 2600 Sim.
336 2570 542 2606 Metaphrastaa
557 2572 585 2597 et
597 2568 681 2606 Mich.
693 2567 829 2606 ASyngeli,
840 2567 921 2606 Aabb.
937 2567 1069 2596 Hilduini
1124 2567 1278 2606 tophylaci
1293 2567 1447 2606 attributi:

243 2601 444 2635 etmultoruln
458 2606 592 2633 virorum
603 2604 668 2632 sine
683 2601 778 2632 dubio
791 2601 1012 2632 ortliodoxorur

970 2612 1028 2632 'um
1042 2606 1071 2632 et
1157 2601 1166 2604 ’
1199 2601 1207 2604 ⁷
1232 2603 1287 2630 Οὐκ
1298 2601 1360 2630 οἶδα
1373 2606 1398 2630 τί
1414 2606 1464 2640 φῂς
1478 2602 1580 2636 ἕνθάδε,
1594 2604 1739 2640 Χωῃσιάτα,

243 2633 401 2670 doctorum
413 2633 685 2677 iobtemperamus,
693 2640 753 2679 _qui
761 2674 769 2679 _
776 2647 872 2679 unum
891 2639 1012 2679 Dionysi

1031 2647 1069 2668 ιω
1231 2641 1309 2679 Σεφόν
1320 2641 1348 2666 τὸ
1363 2633 1440 2679 duplic
1456 2633 1613 2679 euyzpu'prnv
1630 2638 1694 2679 εῖναι
1708 2633 1800 2679 λέγεις,

244 2650 401 2670 doctorum
429 2650 685 2677 ontemperamus,
701 2650 753 2675 qui
777 2650 872 2667 unum
891 2650 1013 2679 mouysx

244 2680 424 2712 agnoscunt.
450 2679 628 2705 Persuasum
653 2675 734 2712 enim
761 2674 910 2702 habemus
935 2675 1013 2712 critic

1039 2650 1069 2668 In
1231 2650 1309 2675 ιοφον
1320 2650 1348 2666 το
1363 2650 1440 2702 uagi;
1456 2650 1517 2675 συγ
1527 2650 1613 2676 pupa):
1630 2650 1694 2666 ειναι
1709 2650 1801 2675 Αιγιις,

1039 2683 1069 2712 na
1183 2709 1208 2712 μ
1231 2674 1296 2702 Εἶτα
1307 2679 1395 2712 γπιφώ
1418 2686 1431 2704 η
1448 2679 1493 2702 καὶ
1507 2651 1671 2712 έαραθρώὸη
1688 2677 1808 2712 γράφεις.

244 2686 424 2712 ἂςῐιοδουιη.
451 2686 628 2705 Persuasum
653 2686 734 2703 enim
761 2686 910 2702 navemus
935 2686 1069 2703 υινιιιοᾶω
1231 2686 1296 2702 ιιτα
1307 2686 1431 2712 γπιφωση
1448 2686 1493 2702 και
1507 2686 1544 2712 μα
1563 2686 1671 2712 αυρωση

243 2720 337 2752 quam
354 2712 645 2752 vocanthistoricam
659 2710 699 2740 ad
713 2712 785 2739 Acta
799 2712 971 2738 sanctorum
986 2711 1070 2739 haud
1176 2709 1293 2752 λὶτᾳεςρο,
1305 2686 1559 2752 ,ϐήρηίᾳιακᾳιιὶιί
1558 2711 1659 2752 dicere
1673 2711 1758 2752 vctis.

243 2747 368 2783 impune
385 2748 539 2784 applicari.
635 2780 653 2784 Α,
689 2780 694 2784 ι
759 2781 767 2784 _
855 2780 860 2784 _
898 2781 903 2784 _
1014 2783 1017 2784 ν
1039 2782 1044 2784 _
1176 2747 1323 2784 Qte-tionis
1336 2747 1549 2784 claritudinem
1560 2748 1701 2776 virtutem
1715 2747 1806 2775 dicis.

277 2763 368 2783 Ipuuc
385 2763 539 2784 αμγιιυαυ.
1176 2763 1322 2776 unumne.)
1336 2763 1395 2776 ιιιιυ
1405 2763 1549 2776 uuumcm
1561 2763 1599 2776 υιι
1609 2763 1701 2776 sutum
1715 2763 1806 2775 απιιι-»ι
1901 2763 1906 2768 ⁵

277 2784 317 2819 (2)
342 2783 451 2813 Nicetes
474 2784 598 2820 quidem
625 2780 715 2813 dictio
739 2780 958 2814 obscurissima
977 2783 1021 2815 est
1036 2782 1068 2812 in
1177 2780 1216 2813 Et
1229 2783 1310 2814 nihil
1323 2786 1355 2814 tu
1367 2784 1429 2820 ipse
1439 2783 1499 2813 nisi
1508 2791 1566 2820 per
1576 2783 1730 2820 ampulla:
1743 2781 1901 2820 componis.
