1947 3077
41 138 77 165 305
776 135 810 163 Ν(

1640 142 1691 170 360

39 203 56 225 ri
68 202 127 225 eum
139 196 257 234 παρακλη
263 197 388 226 θήσεται.
400 197 488 226 Absit
502 200 535 226 ut
549 204 601 233 ego
617 204 664 225 res
674 199 771 232 gestas
787 198 1000 227 Barbarorum
1014 199 1180 235 decantem,
1195 202 1249 229 aut
1265 207 1300 229 ea
1316 200 1391 229 bella
1403 202 1551 230 memoria:
1561 206 1692 237 postero-

39 252 83 272 rum
92 242 219 278 prodam,
235 242 268 269 in
282 242 394 277 quibus
407 251 466 271 non
481 242 606 271 vincunt
617 243 720 271 Graeci.
734 243 796 270 Imo
810 243 867 276 tttz‘,
889 246 922 271 ut
937 244 961 271 is
976 245 1028 280 qui
1040 245 1178 279 Ephesia;-
1194 246 1300 274 Dtanw
1315 246 1458 281 templum
1473 247 1612 282 incendit,
1641 255 1692 282 pe-

38 290 98 316 reunt
110 287 199 322 ignoti
210 289 238 315 et
254 286 395 321 obscuri;
409 295 461 316 nee
471 287 535 315 ullo
551 287 638 315 verbo
651 287 810 323 quisquam
824 291 959 317 nostrum
974 296 1021 316 eos
1032 289 1184 324 dignetur,
1198 290 1292 318 donec
1317 291 1471 319 transierit
1497 291 1641 327 iniquitas
1665 295 1691 320 et

40 334 93 361 Deus
101 339 191 361 servos
203 339 275 360 suos
293 332 456 360 clementer
469 332 645 367 respexerit.
657 332 774 360 Nicetas
793 332 889 360 fusius
905 332 994 361 refert
1006 341 1042 362 ea
1058 342 1126 371 quae
1141 334 1206 370 ipse
1218 337 1286 371 post
1308 338 1430 372 captam
1456 335 1558 372 Cpolin
1583 343 1692 371 passus

39 379 71 410 sit,
84 385 113 405 ac
123 378 271 404 memorat
282 384 315 404 se
328 376 477 412 virginem
493 376 661 414 quamdam
676 376 823 404 ebarbari
834 377 960 412 alicujus
972 378 1126 411 manibus,
1150 379 1315 407 asserendo
1331 387 1398 408 eam
1414 379 1471 408 sibi
1483 382 1609 415 nuptam
1628 388 1693 409 esse

39 422 162 458 eripuisse,
172 423 331 457 repetente
342 420 424 450 idem
442 421 582 449 Michaele
599 421 647 457 (1),
664 428 727 449 non
743 421 807 449 sine
821 421 962 450 laudibus
975 423 1054 457 justo
1066 423 1242 459 majoribus,
1261 424 1410 460 siquidem
1425 424 1547 452 fratrem
1577 425 1693 453 Herculi

38 470 57 494 et
66 467 164 498 Theseo.
178 465 375 499 Abrahamo,
391 467 493 494 Isaaco
509 474 545 494 ac
560 466 639 499 Levi,
653 465 794 500 Simeoni,
812 466 916 495 Davidi
929 474 964 495 ac
979 466 1091 496 Danieli
1101 468 1258 505 praeponit,
1270 468 1331 497 imo
1352 476 1422 496 cum
1438 469 1551 497 Christo
1567 477 1690 506 compa-

39 514 77 546 rat,
89 511 131 548 qui
139 518 192 547 pro
203 511 352 544 Ecclesia,
368 519 480 548 sponsa
495 519 562 544 sua,
574 511 712 539 mortuus
723 512 777 539 est.

61 582 153 610 Nicetes
166 584 338 618 postquam
354 582 392 610 de
407 582 497 610 rebus
512 581 727 610 abominandis
738 588 869 617 quarum
885 583 974 619 capta
985 583 1082 619 Cpolis
1098 584 1179 612 testis
1205 584 1271 620 fuit,
1290 585 1398 620 retulit,
1423 585 1460 613 de
1482 585 1648 621 provinciis
1674 593 1692 614 a

39 626 118 654 Latinis
134 627 319 663 expugnatis
345 635 382 655 ac
397 627 473 655 inter
487 626 580 655 duces
596 626 743 655 exercitus
759 625 924 655 distributis
952 627 1094 663 loquitur.
1117 629 1189 656 Dein
1209 629 1247 656 ad
1269 637 1397 664 regnum
1426 630 1692 658 Thessalonicensc

38 670 155 699 Ronifacio
167 671 430 699 Monteferratensi
444 672 469 707 (ὁ
488 673 592 702 Μόντης
608 672 720 708 Φεράντη
727 681 737 701 ς
742 680 807 707 μαρκ

923 674 1064 708 ονιφάτιος)
1079 673 1135 701 sub
1156 673 1379 702 conditionibus
1394 674 1476 702 feudi
1490 675 1643 708 traditum,
1665 678 1692 703 et

37 723 60 743 ea
69 723 124 751 qua»,
135 715 197 751 ipse
212 718 325 744 contra
335 717 478 744 Graeciam
495 718 622 744 conatus
636 718 680 744 est
700 715 796 743 facere
809 717 956 751 procedit.
978 717 1022 745 lbi
1036 718 1126 751 enim,
1140 718 1231 746 rebus
1245 719 1309 754 jam
1322 719 1440 747 dudum
1451 719 1579 748 turbatis
1597 720 1692 755 adjuti

38 760 56 787 in
64 760 110 787 ﬁne
119 759 197 794 regni
212 760 312 788 Alexii
326 762 336 788 Ι
342 761 364 788 ll
378 760 408 788 in
417 760 518 788 multis
529 760 656 788 urbibus
671 761 865 795 usurpatores
881 762 973 790 Graeci
987 766 1179 790 surrexerunt
1194 764 1245 799 qui
1261 765 1365 792 contra
1376 765 1502 792 Francos
1515 772 1577 792 non
1592 765 1692 792 minus

38 804 192 840 pertinaciter
203 812 304 840 quam
321 807 426 833 contra
441 805 654 841 imperatorem
665 805 799 832 Graecum
815 803 983 834 libertatem
1000 815 1088 835 suam
1103 806 1315 836 defendebant.
1330 809 1371 836 Ex
1381 808 1427 836 his
1444 808 1473 835 in
1487 808 1593 836 .IElolia
1608 811 1636 836 et
1660 809 1691 836 in

39 849 102 884 Epiro
117 848 235 877 australi
251 849 340 877 circa
357 849 511 885 Nicopolin
522 851 550 877 et
569 849 770 885 Epidamnum
785 849 897 877 nothus
912 850 1019 887 aliquis
1034 859 1068 879 ex
1082 851 1196 879 familia
1211 853 1342 880 Ducrena
1364 852 1510 880 oriundus
1524 852 1689 887 regnabat;

40 892 82 920 dux
94 894 202 921 Graecus
217 893 353 930 quidam
366 894 397 922 in
416 893 548 930 Dolopiae
562 893 715 922 montibus
729 901 735 925 ;
747 892 778 920 in
789 894 933 923 Messenia
944 895 1054 923 Theod.
1070 895 1242 924 Melissenus
1259 904 1274 924 e
1298 898 1386 931 gente
1402 898 1624 925 Comnenorum
1638 906 1643 930 ;
1661 897 1692 924 in

39 938 136 966 Laconia
150 939 229 967 Leon
245 939 448 967 Chamaretus
465 947 527 967 non
540 939 641 967 minus
657 937 812 974 tyrannica
824 947 918 975 quam
933 939 1023 967 Nabis
1033 939 1097 975 ipse
1111 948 1117 967 :
1133 939 1163 967 in
1183 940 1322 975 Argolide
1338 942 1366 968 et
1386 941 1517 968 Corinthi
1547 941 1602 968 Leo
1619 941 1691 975 Sgu-

39 989 73 1008 rus
83 982 219 1011 saeviebat.
237 983 340 1019 Hujus
355 991 424 1012 cum
439 983 672 1012 Atheniensibus
688 984 745 1013 sub
758 984 843 1013 Mich.
857 983 1041 1017 Acominato,
1053 986 1082 1012 et
1097 992 1165 1011 cum
1180 984 1298 1012 Francis
1319 984 1375 1012 sub
1391 985 1566 1012 marchione
1581 986 1692 1012 Monte-

40 1025 159 1055 ferratensi
167 1035 291 1064 pugnas
309 1028 444 1057 Nicetam
457 1027 553 1057 fusius
564 1030 738 1057 narrantem
751 1029 823 1058 hinc
833 1028 904 1057 inde
915 1028 1136 1057 introducimus
1150 1029 1252 1064 (Hist.,
1268 1029 1315 1057 ed.
1331 1030 1423 1065 Paris,
1437 1038 1470 1065 p.
1486 1031 1537 1058 390
1549 1029 1634 1066 sqq.)

182 1117 197 1151 §
215 1118 242 1144 4.
263 1116 403 1146 Michael
422 1124 489 1145 eum
508 1118 606 1146 Leone
624 1118 724 1153 Sguro
744 1120 896 1147 certamen
915 1118 982 1153 z'm't,
1001 1118 1102 1153 fratre
1117 1118 1209 1153 ipsius
1227 1118 1334 1147 Niceta
1353 1119 1512 1153 referente.

67 1219 76 1232 α
92 1207 140 1234 Leo
153 1207 275 1241 Sgurus,
293 1206 424 1243 Nauplio
439 1209 534 1242 ortus,
550 1207 728 1244 aliquandiu
740 1207 770 1236 vi
781 1207 880 1242 magis
894 1214 988 1243 quam
1005 1207 1155 1236 voluntate
1170 1207 1364 1244 popularium
1379 1208 1582 1244 principatum
1596 1208 1692 1236 tenuit

43 1263 49 1277 ι
64 1253 155 1288 apatre
165 1255 357 1288 susceptum,
369 1251 408 1280 ad
418 1252 505 1288 cujus
515 1252 714 1280 imitationem
733 1260 796 1280 non
811 1252 876 1280 sine
892 1251 1217 1288 sanguineimperavit.
1236 1252 1293 1280 Sed
1310 1252 1485 1280 confusione
1505 1260 1605 1280 rerum
1623 1261 1690 1280 anc-

41 1307 49 1319 ι
64 1299 107 1330 tus,
121 1298 144 1323 et
158 1295 343 1324 turbulentis
352 1296 550 1332 temporibus,
569 1299 600 1324 ut
614 1298 757 1324 torrentes
770 1296 918 1324 imbribus
935 1298 962 1324 et
972 1296 1143 1324 turbinibus
1160 1296 1260 1330 undae,
1275 1297 1466 1332 tumefactus,
1484 1305 1499 1325 e
1516 1305 1608 1333 parvo
1623 1305 1692 1325 ma-

42 1352 51 1364 τι
64 1347 125 1375 guns
133 1340 247 1368 exstitit.
258 1342 361 1375 Argos
376 1340 457 1376 dolo,
468 1340 641 1368 Corinthum
669 1340 826 1369 latrocinio
839 1341 931 1376 cepit:
944 1343 972 1368 et
985 1341 1155 1376 grassando
1171 1341 1301 1369 subinde
1312 1349 1490 1377 progressus
1505 1341 1589 1378 ipsas
1604 1341 1690 1369 Athe-

44 1395 50 1409 ι
64 1392 106 1412 nas
114 1392 176 1412 cum
190 1384 308 1413 bellicis
321 1385 451 1413 navibus
466 1387 495 1413 et
510 1385 640 1413 exercitu
655 1393 709 1421 per
727 1385 874 1412 Isthmum
897 1385 1035 1413 traducto
1051 1389 1096 1413 est
1117 1385 1251 1420 adortus,
1268 1393 1303 1413 ea
1318 1393 1371 1422 spe
1387 1394 1419 1414 se
1433 1385 1509 1414 arcis
1528 1385 1614 1414 facile
1634 1394 1690 1422 po-

45 1442 53 1452 ιε
66 1429 176 1462 tilurum.
192 1431 244 1458 aut
259 1429 414 1458 machinis
428 1429 566 1458 adductis
578 1429 698 1457 imbelle
708 1429 884 1465 praesidium
900 1429 985 1458 facile
999 1429 1179 1458 terr-iturum.
1193 1431 1339 1458 Caeterum
1351 1438 1387 1458 ea
1401 1430 1536 1465 agitabat
1546 1430 1648 1458 animo
1664 1433 1692 1458 et

44 1486 53 1498 ιι
67 1474 153 1502 frustra
166 1474 350 1509 conabatur,
361 1482 429 1510 quae
444 1474 484 1502 ad
498 1474 611 1502 exitum
624 1473 749 1510 perduci
762 1482 824 1502 non
840 1476 987 1510 poterant.
1004 1475 1079 1502 Nam
1095 1475 1279 1502 Athenarum
1291 1483 1429 1502 summus
1442 1477 1545 1510 pastor
1570 1474 1692 1502 Michael

46 1530 54 1541 ει
69 1518 212 1552 Choniates,
229 1519 328 1547 frater
337 1527 423 1547 meus
438 1519 537 1555 (meus
548 1519 689 1555 inquam:
705 1527 778 1547 nam
791 1518 874 1546 laudi
890 1518 963 1546 mihi
979 1518 1057 1546 duco
1073 1519 1285 1554 cognationem
1297 1519 1372 1554 ejus,
1385 1521 1413 1546 et
1425 1520 1451 1546 ei
1471 1527 1518 1546 me
1544 1518 1690 1553 sanguine

45 1572 54 1584 α
68 1563 248 1599 propinquum
269 1570 341 1591 esse
356 1563 483 1599 gaudeo,
500 1563 568 1591 licet
583 1571 600 1591 a
614 1564 723 1591 virtute
742 1565 770 1591 et
784 1562 955 1599 eloquentia
968 1563 1033 1598 ejus
1050 1555 1293 1599 remotissimus),
1311 1571 1380 1590 cum
1399 1563 1444 1590 sui
1465 1563 1600 1590 muneris
1624 1570 1690 1590 esse

46 1618 54 1629 α
69 1606 217 1642 intelligeret
226 1607 358 1636 consilio
372 1608 549 1644 etprecibus
563 1615 626 1635 rem
639 1607 793 1644 publicam
805 1607 920 1642 juvare,
937 1607 1023 1642 Sguri
1039 1607 1142 1635 castris
1157 1608 1239 1641 visis,
1256 1607 1304 1643 pie
1320 1615 1388 1634 cum
1401 1615 1436 1634 eo
1447 1614 1536 1642 agere
1551 1606 1688 1641 instituit,

45 1661 53 1674 ε
69 1658 99 1679 an
109 1651 265 1687 hominem,
279 1652 449 1689 praesertim
457 1660 518 1680 non
529 1652 665 1687 ignotum
680 1652 734 1680 sed
747 1659 826 1688 saepe
837 1651 1028 1685 collocutum,
1041 1659 1181 1680 amovere
1202 1653 1314 1688 posset.
1342 1652 1444 1688 Itaque
1469 1659 1506 1679 ex
1525 1650 1598 1679 urbe
1623 1653 1690 1678 tan.

45 1706 53 1718 ιε
68 1704 142 1731 quam
155 1697 309 1733 superiore
329 1697 395 1725 loco
415 1697 600 1725 monitorum
628 1697 752 1732 sagittas
765 1696 940 1732 ejaculatur,
957 1698 986 1724 et
1011 1696 1154 1732 pastorali
1173 1696 1270 1724 funda
1293 1696 1396 1724 divina
1416 1695 1509 1724 verba
1521 1695 1605 1731 jacit.
1633 1695 1690 1723 Ali-

44 1750 53 1762 ίέ
68 1741 170 1776 quando
183 1742 274 1770 etiam
291 1741 500 1778 spiritualibus
510 1741 600 1769 minis
622 1743 770 1777 tanquam
797 1740 940 1768 arietibus
961 1741 1097 1769 animum
1115 1741 1193 1769 illius
1209 1743 1341 1768 sternere
1360 1740 1496 1768 instituit.
1524 1741 1587 1768 Non
1611 1740 1692 1767 enim

45 1795 53 1808 ι
67 1785 151 1814 decere
169 1795 236 1814 eum
250 1787 308 1823 qui
324 1786 510 1815 Christianus
523 1786 559 1814 sit
574 1788 603 1814 et
613 1785 690 1814 inter
714 1786 868 1814 Romanos
881 1793 992 1813 nomen
1009 1794 1097 1813 suum
1112 1786 1297 1822 proﬁteatur,
1323 1787 1475 1813 Romanos
1497 1784 1577 1813 bello
1591 1787 1691 1820 petere

45 1838 53 1851 ε
67 1829 112 1858 nisi
123 1830 190 1859 forte
203 1832 275 1860 solis
286 1831 379 1859 labiis
391 1831 590 1859 Christianum
601 1833 682 1866 agat,
695 1832 725 1858 ut
738 1832 766 1858 et
773 1832 854 1858 veste
869 1832 897 1858 et
910 1829 1014 1864 lingua
1024 1831 1171 1859 duntaxat
1181 1832 1360 1863 Romanum,
1377 1829 1466 1858 corde
1481 1837 1550 1857 vero
1563 1837 1580 1858 a
1595 1829 1691 1856 Chris-

45 1883 54 1896 ε
67 1874 136 1902 tinnis
150 1876 183 1903 sit
196 1875 431 1904 remotissimus.
448 1876 546 1909 Quam
558 1883 629 1903 vero
645 1883 770 1903 causam
785 1874 898 1903 habeat
910 1875 1109 1910 oppugnandi
1124 1875 1256 1903 Athenas
1266 1875 1280 1902 ‘l
1295 1882 1368 1902 nam
1383 1874 1498 1909 Argivis
1518 1874 1557 1902 ob
1585 1873 1690 1902 vicini-

46 1927 54 1940 α
69 1920 140 1947 tatem
149 1923 246 1956 posset
261 1920 391 1949 forsitan
406 1920 521 1956 aliquid
537 1919 654 1948 crimini
669 1920 752 1952 dare,
768 1927 830 1955 quo
844 1919 966 1947 illorum
981 1920 1163 1955 expugnatio
1183 1922 1352 1954 excusetur,
1373 1918 1634 1955 quemadmodum
1662 1920 1691 1946 et

47 1972 54 1984 ιι
69 1963 200 1992 Corinthiis
213 1973 313 2002 nuper
326 1964 546 2000 archiepiscopi
560 1972 665 1992 eorum
678 1964 799 1992 crebras
812 1963 938 1991 insidias
963 1964 1114 1999 objecerit,
1134 1964 1213 1992 unde
1231 1966 1400 1992 Romanum
1429 1964 1592 1992 exercitum
1613 1965 1689 1991 Nau-

47 2016 56 2028 -
69 2007 144 2042 plium
156 2017 313 2038 accurrere
326 2012 354 2037 et
364 2017 456 2038 naves
471 2009 593 2037 hostiles
609 2009 758 2045 appellere
766 2016 925 2044 nunquam
939 2009 1091 2043 recusarit,
1106 2011 1133 2036 et
1152 2009 1299 2037 suavitate
1326 2008 1470 2037 orationis
1495 2009 1561 2043 ejus
1591 2007 1689 2042 magis

47 2060 55 2071 α
70 2051 193 2082 afﬁciatur
201 2062 298 2091 quam
310 2053 408 2082 mellis
422 2053 593 2088 dulcedine,
602 2061 699 2089 eaque
711 2061 829 2088 semper
839 2052 896 2080 frui
907 2053 1020 2088 cupiat,
1035 2053 1082 2081 hic
1096 2062 1168 2081 vero
1187 2053 1288 2089 ipsum
1302 2053 1334 2080 in
1355 2052 1555 2089 spiritualium
1582 2051 1689 2079 libero-

48 2105 56 2117 ι
70 2102 122 2124 tum
133 2105 288 2126 numerum
301 2098 444 2126 retulerit.
459 2101 499 2126 Ac
512 2097 688 2133 hujusmodi
704 2097 797 2125 armis
809 2105 883 2124 usus
898 2097 1020 2125 Michael
1034 2098 1216 2134 precabatur
1232 2100 1265 2125 ut
1292 2097 1362 2125 inde
1382 2097 1542 2125 recederet.
1573 2098 1686 2131 Sgurus

47 2148 56 2160 κ
69 2147 123 2168 vero
132 2150 185 2170 non
198 2143 428 2171 dissimulanter
437 2142 629 2179 praetendens
647 2149 679 2170 se
694 2141 755 2170 vim
772 2149 861 2178 posse
873 2141 981 2175 facere,
998 2144 1027 2170 et
1040 2144 1178 2178 tempora
1191 2141 1299 2169 intueri
1321 2141 1432 2176 jubens
1447 2149 1515 2177 quae
1545 2148 1599 2177 pro
1620 2140 1687 2168 viri-

47 2192 56 2204 -
70 2183 113 2212 bus
124 2194 266 2224 quemque
282 2195 373 2223 agere
384 2188 551 2220 monerent,
568 2194 638 2214 cum
653 2186 790 2214 omnium
800 2186 920 2214 urbium
927 2186 1066 2223 princeps
1081 2187 1371 2220 afﬂictissimaesset,
1379 2185 1510 2221 denique
1517 2185 1689 2222 postulabat

47 2237 56 2251 ι
70 2232 92 2256 ut
101 2231 210 2266 quidam
226 2232 405 2260 adolescens
420 2231 460 2260 ad
474 2239 579 2260 necem
592 2230 648 2258 sibi
663 2230 832 2258 dederetur.
854 2231 949 2263 Quem
963 2231 1018 2258 etsi
1032 2231 1108 2258 alius
1120 2230 1227 2267 aliquis
1242 2230 1333 2258 etiam
1347 2238 1410 2258 non
1431 2230 1543 2266 petenti
1557 2230 1689 2257 libentis-

48 2284 57 2295 ι
72 2274 129 2302 sime
151 2276 320 2311 dedidisset,
346 2279 377 2304 ut
399 2284 502 2304 semen
520 2275 668 2312 uniquum
685 2278 713 2303 et
736 2274 837 2303 multis
850 2276 1003 2302 auctorem
1015 2275 1159 2307 interitus,
1174 2275 1308 2311 pessima.
1332 2282 1461 2310 quaeque
1490 2276 1518 2302 et
1545 2282 1640 2302 manu
1662 2276 1689 2302 et

49 2327 56 2341 ε
71 2319 172 2348 consilio
186 2324 290 2349 contra
303 2321 431 2358 patriam
444 2321 611 2349 machinari
627 2319 759 2353 solitum,
774 2319 821 2347 ille
833 2322 970 2355 apertum
985 2319 1088 2355 patriae
1100 2321 1321 2355 persecutorem
1337 2321 1364 2346 et
1387 2318 1549 2354 spiritualls
1563 2319 1687 2347 nutricis

51 2373 57 2385 ι
73 2364 185 2393 Ecclesia:
200 2367 373 2394 violatorem
389 2370 417 2394 et
430 2366 646 2397 insidiatorem,
657 2365 743 2400 cujus
755 2364 900 2391 violentos
915 2366 1041 2392 conatus
1057 2364 1167 2399 sne-pius
1177 2366 1206 2392 et
1218 2364 1281 2399 ipse
1296 2365 1436 2398 expertus
1450 2366 1523 2397 erat,
1539 2363 1569 2391 in
1582 2371 1687 2391 eorum

49 2416 58 2429 κ
72 2415 175 2437 nurnero
189 2411 294 2439 habuit
307 2419 384 2448 quos
395 2410 565 2445 evangelica
580 2409 725 2444 diligeret,
741 2408 938 2444 neglectaque
954 2409 1047 2442 Sguro
1063 2408 1228 2444 supplicem
1245 2407 1387 2435 defendit.
1406 2407 1464 2435 Sed
1483 2415 1552 2435 cum
1568 2407 1688 2436 leonem

50 2461 58 2474 α
73 2452 139 2481 illum
148 2456 330 2491 sapientibus
345 2456 426 2483 hisce
441 2455 562 2483 monitis
573 2454 693 2490 placare
707 2461 766 2481 non
783 2455 894 2489 posset,
911 2452 1025 2488 aspidis
1036 2453 1066 2480 in
1089 2461 1204 2481 morem
1222 2452 1297 2480 ultro
1322 2459 1410 2480 aures
1439 2452 1630 2480 obturantem
1660 2454 1688 2479 et

52 2506 60 2518 ιι
73 2498 152 2526 omnis
165 2501 276 2534 generis
293 2500 351 2528 tela
365 2500 395 2528 in
410 2508 511 2528 arcem
527 2498 746 2534 conjicientem,
759 2500 846 2526 orato
860 2499 920 2525 Deo
946 2499 978 2525 ut
1001 2497 1031 2524 in
1056 2497 1205 2525 nefarium
1220 2497 1376 2524 hominem
1393 2499 1421 2524 et
1439 2496 1686 2525 subnascentium

51 2550 60 2561 α
75 2541 200 2571 malorum
218 2547 370 2572 auctorem
385 2544 503 2572 cladem
518 2550 641 2571 omnem
657 2544 850 2574 converteret,
867 2541 1024 2569 machinas
1034 2545 1060 2569 et
1070 2542 1134 2578 ipse
1148 2542 1179 2569 in
1195 2541 1348 2568 moenibus
1359 2540 1499 2576 disponit,
1515 2540 1688 2574 ibidemque

53 2594 61 2605 υ
76 2586 217 2619 sagittarios
229 2593 257 2616 et
266 2589 430 2617 funditores
441 2588 577 2617 collocat.
590 2589 664 2615 Nam
675 2586 748 2623 quid
759 2586 806 2614 ille
822 2586 860 2614 ad
874 2585 1096 2622 propulsandus
1108 2586 1209 2614 hostes
1223 2593 1284 2613 non
1299 2585 1454 2619 effecisset,
1468 2585 1511 2612 vir
1525 2584 1608 2612 omni
1618 2583 1688 2611 doc-

53 2638 62 2650 ιι
77 2630 137 2658 trina
145 2640 291 2662 sacrarum
301 2637 330 2662 et
340 2634 536 2670 profanarum
551 2633 715 2660 litterarum
724 2631 888 2668 perpolitus
905 2638 1086 2666 summaque
1099 2630 1243 2658 facundia
1257 2629 1407 2657 ornatus?
1423 2629 1474 2665 qui
1495 2629 1521 2656 si
1536 2627 1687 2661 voluisset,

54 2681 64 2694 ι
77 2673 125 2708 igni
136 2676 229 2712 pluere
244 2686 334 2715 super
345 2678 519 2707 temerarios
532 2679 584 2706 aut
599 2675 761 2705 crabrones
771 2676 802 2704 in
815 2675 977 2703 exercitum
993 2674 1139 2704 immitere
1150 2675 1308 2711 potuisset,
1331 2675 1383 2702 aut
1409 2673 1524 2710 aliquid
1543 2672 1629 2701 aliud
1646 2673 1688 2701 eis

81 2762 110 2797 υ)
124 2763 152 2792 In
162 2765 305 2802 Monodia,
316 2767 402 2803 intra,
414 2766 470 2797 col.
486 2769 548 2796 313.
