1947 3077
251 121 302 148 307
691 119 844 148 MICHAEL'
863 119 1088 147 ACOMINATUS
1108 120 1322 148 ATHENARUM
1342 120 1494 148 ARCHIEP
1900 123 1947 148 30

251 193 266 207 «ι
286 182 489 218 perniciosum
509 181 651 210 divinitus
665 181 835 217 impetrare.
853 182 954 217 Neque
967 182 1047 209 enim
1063 184 1220 210 cunctatus
1242 184 1320 210 esset
1340 183 1427 216 Deus,
1455 184 1479 211 si
1504 192 1614 212 manus
1633 185 1680 213 ille
1698 185 1871 213 sustilisset
1902 191 1947 210 au

251 237 266 252 «
285 226 368 255 labia
378 226 417 254 ad
430 226 652 254 invocationem
664 226 797 254 numinis
808 226 986 262 aperuisset.
1001 225 1057 253 Sed
1073 226 1148 254 atati
1165 226 1210 254 vel
1226 226 1415 261 cogitatione,
1431 228 1544 256 nedum
1561 229 1650 264 facto,
1663 238 1731 258 eum
1755 229 1910 258 abduxit.
1939 228 1947 254 i

252 280 267 298 ‹
286 271 338 307 qui
354 271 415 299 ﬁlio
431 271 551 299 tonitrui
561 271 760 307 compescuit,
774 279 811 298 ne
831 270 932 306 ignem
943 270 1017 297 coelo
1033 269 1182 304 elicerent,
1193 279 1264 298 cum
1292 271 1405 300 diceret
1421 281 1427 300 :
1456 284 1469 297 ‹‹
1484 276 1528 300 An
1555 275 1675 302 nescitis
1695 274 1780 310 cujus
1805 273 1947 310 spiritu

252 326 267 340 κ
287 315 372 343 silis?
388 326 402 340 ››

288 371 301 384 ι(
323 361 437 394 Sgurus
456 362 570 392 autem,
585 360 747 396 desperata
759 359 892 393 victoria,
911 359 1076 387 adversarii
1091 359 1164 388 aciei
1178 360 1361 389 instruendae
1387 363 1447 389 tam
1465 362 1562 398 periti,
1577 365 1640 391 tam
1664 363 1775 396 diserti,
1805 366 1890 391 tam
1911 361 1947 389 in

253 415 264 429 ι
287 404 486 439 comparabili
501 404 608 432 virtute
619 404 747 440 praediti,
765 406 793 432 et
804 404 884 431 irrita
899 404 1125 440 oppugnatione
1139 405 1259 440 rupium
1267 406 1344 433 arcis
1357 406 1515 441 intellecta,
1530 408 1605 435 iram
1621 416 1708 436 suam
1732 410 1846 436 contra
1877 414 1947 434 ea:

253 460 263 474 ι
284 448 390 476 urbem
404 448 578 476 exstimulat
588 449 674 484 cujus
687 456 788 476 arcem
804 456 979 484 expugnare
994 456 1054 476 non
1065 451 1190 484 poterat,
1206 449 1290 476 villas
1309 450 1451 483 incendit,
1480 459 1587 486 greges
1617 455 1815 488 armentaque
1846 451 1947 487 rapit

250 503 264 517 «
286 494 394 529 Etpost
407 493 471 520 dies
483 493 599 529 aliquot
613 493 710 521 soluta
724 493 882 521 obsidione
897 493 1014 520 Thebas
1029 496 1186 528 oppugnat
1200 494 1328 530 ;quibus
1338 495 1435 529 primo
1451 495 1563 531 impetu
1577 496 1681 532 captis.
1706 496 1836 524 ulterius
1871 503 1945 523 con

248 548 262 563 ‹‹
282 537 386 572 tendit,
402 545 437 565 ac
451 538 658 574 Thermopylis
670 538 817 573 superatis
829 545 881 573 per
897 538 998 565 OEtam
1010 539 1144 564 montem
1157 537 1370 566 descendendo
1388 540 1508 567 Larissae
1524 548 1591 567 cum
1617 540 1718 569 Alexio
1746 541 1944 577 imperator

249 592 263 606 α
285 589 317 609 se
331 582 495 617 conjungit.
509 584 534 610 Is
552 583 632 610 enim
649 590 667 610 a
677 581 962 618 septentrionalibus
975 580 1117 608 lateribus
1130 581 1253 609 avulsus
1266 585 1293 610 et
1305 583 1377 610 urbe
1389 583 1576 620 imperatrice
1594 593 1741 612 excussus
1752 586 1780 612 in
1794 584 1944 612 Thessa

250 636 265 650 «ι
284 626 341 654 lica
355 627 464 662 Tempe
477 629 662 663 pervenerat.
679 627 718 654 Ac
729 626 822 654 ﬁliam
839 626 917 654 illius
936 625 1096 653 Eudociam
1115 633 1239 654 uxorem
1256 627 1347 660 ducit,
1364 636 1392 664 q.
1407 636 1432 656 ce
1448 629 1529 664 prius
1560 629 1711 664 Stephano
1726 629 1947 657 Triballoruu

249 681 263 695 κ
284 670 354 698 duci
369 673 474 706 nupta,
485 671 525 699 ab
539 679 634 708 eoque
643 670 802 707 repudiata
820 673 848 698 et
865 671 1039 706 Byzantium
1064 677 1195 699 reversa.
1206 674 1275 706 post
1293 675 1412 708 captam
1444 673 1549 701 urbem
1579 677 1607 701 et
1635 673 1797 706 desertam,
1830 673 1947 701 Alexii

251 726 263 739 ι
285 716 372 742 Ducee
386 718 587 750 cognomento
603 715 754 749 Hurzutlo,
767 715 821 751 qui
834 717 1002 742 Romanum
1022 714 1181 750 imperium
1202 718 1370 750 postremus
1383 717 1500 748 invasit,
1516 720 1669 752 nupserat.
1688 717 1744 745 Sed
1759 725 1798 745 ne
1817 718 1849 744 is
1882 717 1947 753 qui

248 770 263 783 «
283 759 353 787 dem
365 759 446 787 illam
459 763 499 788 ad
510 762 692 788 senectutem
706 767 802 796 usque
815 759 919 787 tenuit.
931 761 1004 787 Nam
1016 758 1153 786 Eudociie
1170 761 1252 794 pater
1263 759 1391 793 Alexius,
1405 760 1486 788 haud
1503 761 1565 788 scio
1574 770 1633 797 qua
1649 769 1678 788 re
1689 761 1860 797 impulsus,
1874 761 1947 788 doli

251 814 262 828 ι
284 811 354 831 eum
367 805 619 840 comprehensum
635 803 800 832 luminibus
813 803 939 837 orbavit,
951 811 1015 830 erro
1033 803 1132 830 erroni
1148 803 1368 834 infestissimus.
1385 809 1413 832 et
1429 806 1554 841 imperio
1568 805 1702 841 dejectus
1731 805 1825 833 simili
1860 806 1943 833 cala

249 858 263 872 (ί
285 848 386 876 mitate
406 849 576 877 conﬂictato
589 848 825 876 inimicissimus.
839 849 940 884 Neque
956 847 1050 875 multo
1067 850 1134 883 post
1150 848 1378 876 exciecationem
1392 857 1409 876 a
1422 850 1530 877 Latinis
1559 851 1798 886 comprehensus
1832 851 1947 878 Ducas

248 902 263 917 κ
283 892 460 928 Byzantium
473 893 634 926 reducitur,
647 895 675 921 et
690 893 729 920 ob
743 892 901 920 dominum
915 894 943 920 et
952 893 1165 928 imperatorem
1182 900 1271 920 suum
1283 894 1535 930 comprehensum
1552 897 1579 922 et
1603 894 1712 930 laqueo
1733 898 1890 922 enectum
1919 895 1947 922 in

250 947 261 961 ι
281 937 430 972 judicium
444 937 603 971 adductus,
619 945 674 973 pro
689 937 735 964 sui
749 937 925 964 defensione
937 936 1044 970 attulit,
1059 936 1143 964 illum
1158 938 1261 972 patriae
1273 938 1455 973 proditorem
1467 939 1614 966 exstitisse
1630 941 1658 967 et
1672 939 1781 973 dignas
1792 947 1859 967 suo
1878 947 1947 966 sce-

247 990 262 1006 ‹
280 980 341 1009 lere
365 981 485 1009 dedisse
498 989 612 1018 pinnas.
629 983 730 1017 Neque
743 989 775 1008 se
794 989 889 1009 unum
905 980 936 1008 id
948 980 1064 1013 fecisse,
1082 980 1134 1008 sed
1158 983 1186 1008 et
1202 981 1332 1017 reliquos
1347 982 1425 1010 illius
1441 985 1595 1017 cognatos.
1619 984 1726 1010 Verum
1747 983 1798 1014 illi,
1829 986 1947 1019 spreta

248 1035 260 1050 ‹
283 1025 348 1060 ejus
365 1026 510 1061 oratione,
521 1028 549 1053 et
563 1026 598 1053 iis
608 1034 677 1061 quae
690 1025 856 1061 adjungere
870 1025 1010 1061 cupiebat
1026 1024 1114 1060 plane
1128 1024 1301 1060 repudiatis.
1313 1026 1420 1061 capitis
1435 1027 1589 1054 hominem
1609 1027 1829 1061 condemnant,
1851 1035 1946 1055 novo

247 1080 261 1093 ‹‹
281 1071 310 1097 et
322 1070 535 1098 violentissimo
552 1070 691 1106 supplicii
704 1077 824 1105 genere.
840 1071 913 1097 Nam
931 1070 962 1097 in
985 1069 1162 1097 altissimam
1178 1069 1362 1104 columnam,
1377 1078 1444 1106 quae
1472 1070 1502 1097 in
1530 1071 1624 1098 Tauro
1648 1073 1715 1103 stat,
1742 1071 1945 1106 perductum

246 1125 261 1138 α
282 1114 478 1150 praecipitant.
496 1117 520 1142 is
535 1122 607 1142 vero
626 1114 842 1150 aliquandiuin
853 1114 946 1150 pedes
961 1113 1160 1148 descendens,
1176 1113 1285 1141 deinde
1301 1114 1332 1141 in
1353 1117 1444 1149 caput
1470 1114 1633 1142 subversus
1653 1118 1681 1142 et
1706 1115 1791 1143 humi
1825 1115 1946 1143 allisus

246 1167 262 1184 ‹
284 1158 490 1187 miserabiliter
505 1159 625 1187 interiit.
639 1160 751 1193 Sgurus
767 1161 867 1186 autem
878 1158 969 1186 ducta
983 1158 1120 1193 Eudocia,
1138 1158 1310 1185 marchione
1325 1158 1355 1185 in
1370 1158 1512 1186 Graeciam
1525 1159 1695 1192 transituro,
1709 1162 1739 1186 ut
1749 1159 1849 1194 paulo
1866 1162 1945 1186 ante

247 1213 261 1227 ι(
281 1203 353 1236 dixi,
368 1203 639 1240 Thermopylarum
654 1203 810 1238 angustias
825 1205 853 1230 et
868 1202 962 1230 altum
979 1204 1113 1230 montem
1131 1202 1172 1230 eis
1185 1202 1402 1235 imminentem,
1418 1206 1585 1238 ceteraque
1613 1202 1680 1230 loca
1706 1211 1774 1239 qua:
1806 1204 1942 1231 Graecia:

246 1258 260 1272 «ι
280 1247 396 1275 aditum
411 1248 622 1278 intercludunt.
643 1250 782 1275 accurate
791 1247 988 1275 custodiebat.
1012 1248 1118 1274 Verum
1134 1246 1330 1274 nihilominUS
1343 1246 1390 1274 ille
1405 1247 1440 1274 iis
1461 1247 1533 1274 locis
1548 1247 1687 1274 facillime
1701 1247 1813 1283 potitus
1832 1251 1884 1275 est
1899 1248 1944 1275 ob

248 1303 259 1317 ι
281 1295 455 1321 nostrorum
467 1293 620 1328 ignaviam
634 1301 670 1320 ac
685 1292 848 1327 degeneres
864 1291 1059 1327 abjectosque
1076 1291 1204 1324 animos,
1217 1290 1344 1317 subinde
1361 1291 1542 1326 potentiores
1557 1291 1653 1319 colere
1670 1291 1837 1319 volentium
1853 1302 1861 1324 ;
1895 1292 1942 1319 id-

247 1348 258 1361 ε
280 1345 339 1373 que
350 1345 420 1365 cum
436 1345 496 1366 non
511 1345 656 1372 magnum
680 1337 843 1365 adduceret
864 1336 1024 1364 exercitum
1048 1343 1103 1363 nec
1129 1335 1204 1363 inter
1219 1343 1250 1362 se
1263 1335 1509 1367 consentientem,
1531 1335 1583 1363 sed
1608 1335 1759 1372 plerisque
1775 1336 1805 1363 in
1826 1336 1940 1368 rebus,

249 1392 260 1406 ι
282 1382 396 1418 quippe
412 1390 448 1409 ex
464 1382 564 1410 multis
579 1381 706 1410 urbibus
722 1381 890 1414 collectum,
902 1380 1106 1408 dissidentem.
1124 1381 1157 1407 Et
1167 1387 1234 1406 cum
1250 1379 1349 1414 ipsam
1364 1379 1506 1407 Boeotiam
1534 1380 1696 1415 invaderet,
1726 1383 1786 1408 tam
1817 1381 1940 1416 cupide

244 1436 258 1450 ι‹
280 1429 435 1462 susceptus
450 1429 492 1454 est
503 1434 594 1462 quam
610 1426 772 1462 quisquam
787 1425 839 1462 qui
853 1433 888 1453 ex
905 1425 1070 1460 longinqua
1083 1424 1261 1452 etdiuturna
1275 1424 1514 1460 peregrinatione
1529 1424 1656 1452 domum
1671 1427 1842 1453 revertitur.
1865 1427 1938 1453 Pro-

245 1480 258 1494 α
277 1477 396 1504 gressus
410 1471 499 1498 etiam
515 1471 608 1499 Attica
618 1471 730 1505 potitur
742 1473 770 1498 et
785 1470 846 1498 arci
862 1469 1034 1506 praesidium
1048 1469 1184 1505 imponit.
1200 1470 1274 1496 Cum
1284 1472 1384 1496 autem
1399 1469 1479 1496 idem
1492 1469 1746 1505 archiepiscopus,
1759 1472 1792 1496 ut
1804 1470 1935 1505 pridem

242 1525 257 1540 α
280 1515 420 1550 Sgurum,
431 1516 472 1544 ita
483 1518 510 1544 et
518 1518 589 1543 tunc
599 1514 805 1544 marchionem
816 1514 993 1551 propulsare
1008 1517 1119 1550 posset,
1136 1518 1236 1542 tamen
1252 1516 1371 1549 tempus
1387 1521 1405 1540 a
1420 1513 1587 1541 resistendo
1603 1514 1736 1542 alienum
1749 1521 1818 1541 esse
1831 1517 1935 1545 vatus,

244 1570 258 1584 ιι
278 1560 390 1596 quippe
405 1561 479 1588 urbe
494 1560 681 1596 imperatrice
695 1562 868 1596 expugnata
878 1562 975 1587 etiam
985 1558 1182 1586 Orientalibus
1193 1566 1285 1594 quam
1300 1557 1541 1586 Occidentalibus
1556 1558 1716 1594 provinciis
1733 1559 1845 1586 Latinas
1861 1559 1934 1586 has-

245 1615 256 1628 ι
279 1606 316 1632 tae
335 1605 478 1633 umbram
491 1604 702 1639 subeuntibus,
720 1605 792 1632 citra
806 1603 1033 1631 dimicationem
1050 1602 1214 1630 munitione
1230 1603 1317 1630 cedit.
1336 1602 1491 1630 Postremo
1512 1602 1624 1630 Euboea
1645 1611 1778 1639 quoque.
1809 1604 1935 1631 omissa

243 1659 257 1673 ε(
278 1649 463 1684 defensione,
479 1650 632 1686 supplices
648 1649 687 1677 ad
703 1649 909 1677 marchionem
925 1655 1033 1675 manus
1049 1647 1151 1679 tendit,
1167 1650 1195 1674 et
1209 1647 1351 1674 exercitui
1369 1647 1476 1683 Euripo
1491 1648 1678 1675 concitatiori
1693 1651 1819 1684 pontem
1833 1648 1932 1676 subs-

243 1704 258 1718 ι(
277 1694 365 1721 ternit
387 1703 393 1726 ;
427 1696 455 1722 et
478 1694 509 1722 in
528 1695 594 1730 ipso
619 1694 693 1722 freto
727 1693 881 1721 castellum
908 1692 1101 1722 mdiﬁcatum.
1130 1691 1161 1719 in
1181 1699 1277 1726 eoque
1305 1691 1459 1719 sedentem
1488 1692 1646 1719 exercitum
1673 1692 1775 1721 cernit,
1805 1700 1824 1720 a
1866 1700 1933 1729 quo

244 1748 258 1762 (ι
279 1738 439 1766 mutabiles
455 1738 633 1766 insularium
647 1738 739 1765 animi
750 1740 778 1765 et
791 1736 899 1765 callida
914 1736 1038 1764 consilia
1052 1743 1071 1763 a
1085 1735 1248 1763 delectione
1265 1739 1479 1763 coercerentur.
1498 1736 1554 1763 Sed
1561 1736 1634 1772 quid
1647 1744 1745 1764 meam
1754 1738 1931 1765 orationem

243 1792 258 1807 ιι
276 1782 398 1809 barbari
413 1785 602 1810 antevertunt
612 1784 641 1810 et
655 1782 785 1809 historiae
799 1789 921 1808 cursum
941 1782 1099 1815 occupant,
1128 1787 1183 1807 nec
1197 1780 1236 1807 ab
1262 1779 1320 1807 ullo
1336 1780 1507 1808 adversario
1532 1780 1737 1808 destinentur?
1766 1789 1838 1808 nam
1862 1781 1931 1808 haec

243 1836 257 1850 «ι
278 1828 311 1853 ut
321 1825 428 1854 Thebis
440 1826 573 1862 spoliatis
585 1829 614 1853 et
626 1825 749 1853 Athenis
763 1825 917 1859 occupatis
933 1824 962 1851 in
976 1825 1120 1851 Eubmam
1134 1825 1312 1857 transierint,
1329 1825 1428 1852 adhuc
1443 1825 1529 1853 refert
1543 1835 1549 1853 :
1569 1824 1609 1853 illi
1625 1834 1705 1860 vero,
1721 1833 1783 1853 non
1795 1829 1828 1853 ut
1839 1826 1915 1861 pedi

245 1881 256 1895 ι
279 1873 332 1904 tes,
346 1870 398 1898 sed
409 1874 438 1898 ut
453 1872 539 1899 aeriae
554 1871 703 1903 volucres,
719 1869 774 1897 alis
791 1877 882 1904 supra
896 1869 1049 1896 historiam
1066 1869 1169 1901 evecti,
1181 1869 1219 1896 ad
1238 1869 1382 1896 Isthmum
1396 1869 1532 1900 tendunt.
1552 1870 1724 1906 oppositum
1745 1870 1786 1897 ibi
1817 1871 1929 1898 Roma-

244 1925 258 1939 ‹‹
278 1923 350 1942 num
367 1916 529 1943 exercitum
542 1915 713 1951 proﬂigant,
730 1914 836 1942 urbem
850 1914 880 1941 in
895 1913 1005 1941 Isthmo
1021 1914 1109 1941 sitam
1128 1913 1306 1949 locupletem
1328 1913 1399 1940 olim
1420 1913 1593 1941 Corinthum
1607 1914 1726 1941 intrant.
1736 1914 1820 1941 Unde
1828 1917 1928 1950 Argos

247 1970 256 1984 ι
279 1962 451 1993 transeunt;
470 1960 628 1988 Laconiam
640 1959 794 1995 pervagati
806 1959 952 1994 impetum
962 1959 990 1985 in
1007 1958 1258 1985 Achiamtaciunt.
1278 1957 1347 1985 inde
1359 1958 1524 1986 Mettionem
1540 1961 1663 1994 petunt;
1681 1958 1718 1986 ad
1733 1958 1838 1994 Pylum
1855 1961 1927 1987 Nes-

246 2015 256 2029 ‹
279 2005 360 2034 toris.
374 2005 502 2039 patriam
516 2004 710 2032 contendunt.
726 2003 770 2031 Ad
784 2003 931 2039 Alpheum
945 2002 1033 2030 etiam
1048 2011 1221 2030 accessuros
1237 2002 1375 2036 arbitror,
1388 2011 1423 2030 ex
1443 2011 1539 2038 eoque
1555 2006 1642 2039 potos
1657 2007 1684 2031 et
1699 2003 1776 2031 lotos
1791 2006 1925 2032 veterem

242 2060 256 2074 «ι
274 2049 442 2084 jucundam
458 2049 590 2077 fabulam
607 2048 771 2082 audituros,
789 2048 914 2075 fluvium
925 2055 994 2074 eum
1009 2048 1158 2074 Arethusae
1167 2047 1255 2074 fontis
1263 2047 1361 2079 Siculi,
1373 2048 1610 2083 quemltalorum
1618 2048 1670 2075 filii
1681 2048 1801 2082 bibunt,
1819 2056 1925 2076 amore

245 2104 259 2118 ι(
278 2093 493 2129 liquescentem
506 2093 599 2121 vereri
613 2101 649 2120 ne
664 2101 725 2120 suae
740 2100 826 2128 aqua:
843 2100 998 2119 successus
1016 2091 1186 2118 Latinorum
1203 2095 1231 2118 et
1248 2099 1294 2118 res
1309 2099 1385 2126 quas
1392 2095 1496 2119 contra
1510 2092 1628 2119 Graecos
1636 2092 1782 2126 gesserint
1797 2092 1925 2128 inscrip-

243 2148 257 2163 ‹‹
278 2141 322 2165 tas
340 2137 377 2165 ad
391 2138 552 2173 populares
563 2145 668 2165 eorum
685 2136 813 2172 perferre
826 2138 959 2170 cogatur.
978 2137 1095 2168 Verum,
1108 2143 1126 2162 0
1137 2137 1236 2163 Grmce
1252 2135 1340 2163 fluvie
1352 2136 1472 2172 Aiphee,
1488 2136 1566 2164 latex
1583 2144 1635 2172 per
1650 2136 1843 2171 salsuginem
1859 2146 1924 2165 ma—

247 2193 258 2206 ι
280 2190 356 2209 nans
370 2182 518 2218 potabilis,
534 2190 580 2209 res
593 2182 698 2210 auditu
714 2181 800 2213 mira,
814 2181 927 2208 amoris
949 2179 1134 2214 incendium,
1160 2188 1230 2207 cave
1257 2182 1424 2208 Graecorum
1440 2181 1628 2209 calamitates
1655 2181 1758 2209 Siculis
1783 2181 1925 2209 barbaris

244 2237 259 2250 «
280 2226 417 2261 explices,
431 2229 483 2254 aut
496 2234 716 2254 commemores
730 2228 862 2261 quantas
877 2232 923 2251 res
939 2225 1099 2260 populares
1119 2232 1223 2252 eorum
1240 2229 1344 2252 contra
1358 2226 1471 2253 Graecos
1495 2225 1651 2259 gesserint,
1675 2234 1712 2253 ne
1726 2226 1848 2254 choreae
1867 2226 1924 2254 du-

245 2281 259 2295 ‹‹
280 2273 395 2303 cantur,
406 2278 444 2299 ne
456 2279 576 2306 pmanes
593 2273 760 2302 cantentur,
777 2277 813 2296 ne
824 2268 924 2304 plures
936 2268 1035 2296 hostes
1051 2269 1213 2304 appellunt.
1225 2270 1380 2306 Paulisper
1391 2274 1542 2306 exspecta.
1563 2270 1658 2297 Mullm
1666 2274 1735 2297 sunt
1747 2270 1817 2298 belli
1833 2271 1920 2302 vices:

245 2326 260 2340 «
281 2317 399 2342 tessera;
412 2315 506 2343 instar
520 2315 683 2343 volvuntur
696 2322 742 2341 res
757 2313 940 2341 mortalium.
956 2314 1038 2340 Nunc
1052 2313 1108 2345 his,
1125 2321 1204 2341 nunc
1218 2314 1274 2342 illis
1290 2315 1367 2342 favet
1381 2315 1519 2347 victoria;
1541 2322 1578 2341 ne
1605 2314 1774 2342 Alexandro
1798 2316 1920 2350 quidem

248 2370 258 2384 ι
280 2359 378 2386 ferunt
389 2359 491 2387 omnia
506 2359 690 2388 successisse
705 2366 741 2386 ex
757 2356 914 2390 sententia,
928 2364 981 2384 nec
995 2358 1119 2385 Caesaris
1135 2359 1255 2386 fortuna
1270 2359 1365 2386 caruit
1379 2358 1607 2386 offensionibus.
1623 2360 1674 2386 Per
1686 2359 1787 2394 ipsam
1798 2360 1920 2387 Arethu-

246 2415 259 2429 «
280 2412 346 2431 sam
362 2406 388 2431 te
403 2403 545 2432 obtestor.
565 2415 576 2429 ι

280 2450 342 2477 Huc
357 2456 452 2485 usque
462 2449 586 2482 Nicetas,
597 2457 633 2476 ex
648 2448 734 2483 cujus
748 2447 918 2475 narratione
934 2445 1053 2474 traditio
1068 2447 1105 2474 de
1121 2447 1293 2482 regionibus
1314 2448 1419 2475 Grmcis
1437 2456 1453 2475 a
1470 2448 1580 2475 Latinis
1604 2448 1784 2484 expugnatis
1812 2456 1867 2484 per
1889 2448 1917 2476 41

243 2494 362 2522 iambOs
377 2493 525 2522 trimetros
538 2495 566 2521 in
578 2493 754 2521 chronieum
770 2491 927 2520 metricum
941 2490 980 2518 ab
993 2491 1105 2521 Angeio
1120 2492 1194 2520 Maio
1211 2500 1260 2519 an.
1275 2494 1341 2520 1828
1361 2492 1474 2520 editum
1491 2492 1626 2527 transiit;
1644 2493 1848 2528 compositum
1872 2500 1920 2520 au-

242 2541 302 2567 tem
315 2538 545 2566 estchronicum
561 2538 632 2565 illud
650 2537 690 2565 ad
703 2537 854 2573 Ephraim,
865 2535 1015 2562 monacho
1032 2536 1203 2570 Byzantina,
1220 2538 1270 2572 qui
1287 2536 1523 2572 'l‘liermophylas
1535 2537 1564 2564 in
1586 2536 1787 2572 municipium
1817 2538 1917 2565 Atticae

243 2583 396 2615 convertit,
413 2585 442 2610 et
452 2585 603 2611 certamen
618 2581 728 2609 ducem
740 2581 929 2616 Naupliotam
942 2579 1018 2606 inter
1032 2583 1060 2607 et
1072 2581 1331 2616 archiepiscopum
1343 2581 1555 2609 Atheniensem
1581 2581 1611 2609 in
1640 2581 1733 2608 hocce
1751 2582 1919 2610 tetrasticho

244 2627 387 2655 absolvit:

278 2672 353 2702 Τέλος
368 2671 567 2709 προσαῤῥάσσει
583 2669 612 2697 δὲ
624 2673 668 2696 καὶ
683 2674 738 2700 ταῖς
753 2670 886 2698 Ἀθήναις

1133 2671 1283 2697 Postremo
1300 2670 1429 2698 Athenas
1450 2670 1532 2706 ipsas
1549 2670 1694 2698 adoritur.

279 2716 347 2742 Ἀλλ’
360 2715 548 2752 ἀποκρουσθεὶς
564 2715 750 2753 ἀρχιποιμένος
764 2714 849 2749 λόγοις

1132 2714 1186 2741 Sed
1199 2714 1336 2750 repulsus
1349 2715 1562 2749 sapientissimi
1573 2714 1711 2743 antistitis

277 2763 328 2786 Τοῦ
344 2762 489 2786 Χωνειάτου
503 2760 615 2795 Μιχαὴλ
627 2764 673 2786 τού
688 2759 832 2794 πανσόφου,

1130 2759 1279 2786 Michaelis
1296 2759 1446 2787 Choniatie
1454 2759 1633 2796 eloquentia,

278 2803 378 2834 θήϐαις
392 2803 491 2840 ἐφορμᾴ
504 2807 608 2840 ταχέως
627 2803 792 2834 ἑπταπύλοις.

1128 2803 1244 2831 Thebas
1259 2803 1414 2831 confestim
1431 2804 1556 2831 Bomtias
1571 2804 1695 2832 invadit.

278 2848 398 2876 Brevius
413 2848 483 2876 dein
493 2848 531 2876 de
545 2849 648 2877 Attica:
660 2850 690 2877 et
703 2848 862 2884 regionum
875 2845 1044 2874 vicinarum
1059 2847 1294 2884 expugnatione:
