1947 3077
21 23 26 59 l

21 137 22 144 κ
42 103 78 129 δω
779 101 930 129 NOTlTlA.
1096 115 1100 118 ~
1639 106 1692 132 3m

63 162 187 198 Μαρκέσιος
207 159 237 187 0“;
252 163 304 190 τὴν
323 163 449 187 Βοιωτίαν
469 162 581 197 φθάσας,

905 163 1034 191 Marchio
1050 163 1193 191 Boeotiam
1208 163 1370 199 ingressus,

62 211 144 234 Υπλτπν
156 207 345 241 παρεστήσατο
359 209 416 236 ταῖς
434 209 616 242 στρατηγίαις·

459 209 616 242 τρατηγίαις·
903 208 1001 235 Armis
1015 215 1083 235 eam
1094 208 1228 242 subegit:

63 253 140 286 Κρατεῖ
156 252 253 286 προῖὼν
271 249 399 281 Ἀττικῆς
414 252 459 276 σὺν
474 249 580 286 Εὐϐοίᾳ.

904 252 1029 280 Atticam
1045 260 1115 280 cum
1125 252 1239 280 Euboea.
1254 261 1316 280 suae
1330 253 1451 281 ditionis
1460 252 1540 282 fecit.

403 312 416 348 ἕ
436 313 466 339 ν.
485 312 555 346 Quae
569 312 696 341 Athenis
712 316 779 347 post
797 313 953 341 Michaelis
967 318 1101 349 tempora
1115 315 1301 343 acciderunt.

62 366 142 394 Niceta
156 366 281 393 auctore
295 365 411 401 Sgurus
421 368 488 402 post
498 365 616 394 cladem
632 366 671 394 ad
682 366 898 402 Thermopylas
915 369 1071 402 acceptam
1085 367 1331 395 Acrocorinthum
1342 376 1373 396 se
1385 368 1568 404 recepit,ubi
1583 371 1616 397 ut
1629 369 1691 397 bel-

36 411 72 439 lua
81 410 104 438 in
117 411 198 437 antro
215 417 247 436 se
262 409 396 444 abdidit,
409 418 578 446 corpusque
592 413 696 438 contra
710 411 829 438 Latinos
843 411 985 438 defendit.
1000 411 1130 439 Athenas
1145 411 1253 439 deinde
1270 412 1359 447 (unde
1374 412 1495 440 Michael
1511 415 1690 446 excesserat,

37 459 55 482 et
63 455 131 490 cujus
140 462 190 482 arx
205 461 224 482 a
236 453 343 482 multis
359 455 543 483 Francorum
558 454 651 491 copiis
667 455 903 490 custodiebatur)
918 459 946 484 et
962 456 1101 484 Bteotiam
1115 457 1292 491 Bonifacius,
1309 465 1361 485 rex
1371 457 1598 494 Thessalonicae,
1616 458 1692 486 emi-

37 498 180 527 nentissimo
199 505 215 525 e
227 498 413 526 consiliariis
429 499 501 533 suis,
519 499 616 527 Ottoni
632 499 669 526 de
679 499 765 535 Rupe
781 499 980 534 gubernanda
997 500 1132 534 tradidit;
1150 501 1304 537 utriusque
1328 504 1430 529 autem
1443 502 1605 537 provinciae
1617 502 1694 530 sicut

36 544 124 570 Euboea:
138 545 165 570 et
178 542 356 570 Bodonitzee
371 543 538 571 dominium
553 543 708 572 Guillelmo
723 543 760 571 de
777 544 952 581 Champlitte
969 545 1066 577 cessit,
1082 545 1153 581 quia
1165 553 1200 573 ex
1213 545 1323 573 Achaia
1341 549 1369 574 et
1384 546 1462 573 Elide
1475 546 1630 582 profectus
1643 548 1693 574 Pe-

35 588 181 624 loponesum
195 586 264 622 subj
271 595 369 622 ugare
385 591 524 623 cmperat.

35 645 68 668 Em
80 641 162 671 ἐκεῖνος
179 642 230 677 γὰρ
248 642 286 671 ὡς
303 641 409 676 εὐγενὴς
423 644 467 667 καὶ
485 642 568 678 ρἠας
579 642 643 667 ὀποῦ
659 640 730 675 ἦτον,

667 640 730 675 Ξτον,
867 642 916 670 ille
927 644 1027 670 autem
1041 650 1237 677 genererosus
1251 645 1283 670 ut
1297 650 1349 670 rex
1363 645 1436 676 erat,

34 691 67 713 Isi
79 685 147 713 ἔδωκε
158 689 202 712 καὶ.
218 685 352 723 ἔχοὲρισεν
365 691 411 717 τῆς
424 687 534 716 Ἀθη-δοῦ
545 689 574 713 τὸ
588 687 707 723 ὁμάτξιο.

615 687 707 718 ιάτξιο.
869 687 899 714 In
915 687 1092 721 homagium
1105 686 1132 714 ei
1146 687 1229 715 dedit
1239 687 1384 720 Athenas;

34 735 94 767 “£717
106 733 185 768 Κύρην
201 733 246 756 τὸν
262 730 366 767 ἔλεγξιν,
382 731 463 762 οὕτως
475 733 519 757 τὸν
534 732 670 767 ὡνομάζαν

867 732 901 758 Ut
911 733 1035 765 Magnus
1050 731 1195 758 Dominus
1209 731 1319 759 sultani
1334 740 1445 760 nomen
1460 732 1584 768 accepit,

36 778 115 802 Υλείνον
125 776 186 801 ὀποῦ
201 776 359 801 αὒθέντευεν
378 775 446 801 am
459 778 507 805 τὴν
527 776 648 805 Ἀθήναν·

867 775 922 808 Qui
936 775 986 803 illo
1001 778 1137 811 tempore
1155 776 1285 804 Athenas
1301 777 1427 812 imperio
1437 777 1529 811 rexit;

35 821 64 847 ’Ἑλ
74 825 112 846 τῶν
128 820 251 848 Ἑλλήνων
267 821 300 845 τὸ
316 822 412 856 εἶχασι
431 821 459 846 τὸ
475 821 555 856 ὄνομα
572 822 623 857 γὰρ
639 819 728 847 ἐκεῖνο.

722 841 728 847 .
867 821 980 847 Nomen
994 822 1094 847 autem
1110 827 1128 847 a
1144 820 1253 848 Graecis
1269 821 1399 848 mutuati
1410 823 1488 849 sunt.

36 866 136 895 Ὠσα-λτως
152 866 200 900 γὰρ
220 868 269 890 τοῦ
283 862 370 890 ἔδωκε
384 867 444 901 τρία
463 865 576 901 eam“:
589 869 634 890 τοῦ
649 865 774 901 Εὐρίπου,

655 865 774 901 Εὐρίπου,
866 864 940 902 Item
952 864 1007 892 tria
1017 864 1160 898 homagia
1175 873 1266 900 super
1281 865 1424 901 Euripum

35 913 71 940 Ti;
83 907 241 939 [Ιονόςνίτζας
257 907 361 943 dludi},
379 910 407 935 τὸ
422 908 563 945 ἐκράτησεν
579 910 592 935 ὁ
607 910 757 945 Μαρκέζης,

921 916 1005 945 iuper
1019 908 1226 942 Bodonitzam,
1240 910 1387 938 concessit
1397 910 1533 938 marchio
1546 909 1612 945 lege
1622 918 1690 939 san-

37 957 62 979 Χὰ
84 955 110 980 τὰ
135 957 277 990 κρατοῦσιν
314 953 362 979 ἀπ’
391 954 468 980 αὐτὸν
505 956 550 980 καὶ
577 954 685 983 αὐθέντῃ
714 955 745 979 υὰ
767 955 806 980 τὸν

1397 953 1491 990 [ciens
1503 957 1535 982 ut
1548 954 1653 983 incolas

708 997 809 1034 [ἔχουν.
865 999 938 1025 Eum
953 1005 1007 1033 pro
1023 997 1147 1026 domino
1162 1006 1217 1026 suo
1230 1001 1436 1033 agnoscerent.

37 1043 166 1073 Οετᾶθὲντης
188 1041 218 1069 δὲ
241 1047 294 1073 τῆς
322 1043 434 1071 Ἀθηνοῡ
461 1041 511 1068 ἀπὸ
536 1044 709 1080 Βουργουνιάν
737 1043 806 1077 ἦτον1

919 1042 1014 1070 undus
1037 1045 1138 1070 autem
1163 1045 1228 1071 erat
1248 1042 1433 1071 Athenarum
1447 1043 1631 1078 gubernator
1652 1051 1688 1071 ex

685 1087 752 1122 [κτλ.
774 1087 809 1122 (1)
1388 1088 1454 1122 [Bur

1388 1087 1582 1122 [Burgundia,
1596 1089 1651 1116 etc.

58 1141 92 1167 Ab
105 1141 203 1168 Ottone
218 1140 257 1168 de
273 1141 362 1176 Rupe
378 1139 471 1175 (Ὀθῶν
481 1141 522 1166 ντέ
536 1139 568 1166 λὰ
583 1140 697 1174 Trin-Ct),
710 1139 934 1175 Burgundione,
946 1139 1130 1168 Athenarum
1143 1140 1345 1175 moderatore,
1356 1141 1444 1176 cujus
1458 1140 1561 1176 nepoti
1571 1148 1607 1168 ac
1622 1149 1687 1169 suc-

37 1184 116 1212 cessori
131 1184 298 1213 Ludovicus
311 1187 447 1218 sanctus,
462 1193 513 1212 rex
529 1185 671 1217 Franciee,
688 1185 831 1220 principis
848 1184 966 1211 Achaiae
980 1184 1156 1218 dignitatem
1173 1185 1332 1218 concessit,
1346 1184 1364 1212 i.
1375 1193 1400 1212 e.
1412 1192 1493 1212 anno
1511 1186 1587 1217 1205,
1597 1185 1689 1212 series

36 1229 110 1264 incipit
121 1228 289 1264 principum
308 1229 495 1256 Francorum
506 1229 558 1264 qui
574 1237 627 1264 per
643 1229 789 1256 ducentos
803 1228 1025 1264 quinquaginta
1041 1236 1138 1256 annos
1148 1229 1187 1256 ad
1204 1230 1270 1257 1453
1283 1237 1378 1265 usque
1393 1229 1525 1257 Athenas
1534 1229 1689 1264 regebant,

37 1280 78 1308 qua
89 1273 114 1300 in
126 1273 193 1301 urbe
211 1272 284 1301 inde
301 1281 323 1300 δ.
340 1273 435 1300 Codro
454 1275 482 1301 et
498 1273 689 1301 Pisistratinis
704 1281 755 1300 rex
778 1273 877 1300 nullus
892 1273 1019 1305 sederat,
1041 1276 1069 1301 et
1085 1273 1137 1301 ubi
1156 1273 1290 1309 quinque
1306 1273 1423 1301 saeculis
1435 1275 1505 1309 post
1518 1273 1603 1301 illum
1617 1274 1689 1302 Bur-

38 1317 199 1351 gundionem,
216 1317 305 1345 alteri
324 1317 445 1345 cuidam
461 1317 572 1351 Ottoni,
589 1318 727 1345 Germani
741 1317 907 1353 sanguinis,
921 1320 1105 1346 reservatum
1128 1320 1200 1351 erat,
1216 1321 1247 1345 ut
1261 1325 1406 1354 magnam
1431 1318 1550 1346 Graciaa
1570 1320 1689 1354 partem

39 1368 87 1388 cum
96 1361 226 1396 dignitate
241 1364 270 1389 et
281 1361 401 1389 honore
416 1361 475 1389 leni
490 1364 608 1397 sceptro
620 1361 789 1396 subjecerit.

63 1405 112 1432 [Tua
123 1414 186 1433 cum
200 1406 334 1433 domino
349 1405 485 1433 saeculari
501 1413 597 1441 eoque
618 1408 797 1441 nsurpatore
809 1406 1005 1437 Athenarum,
1021 1406 1167 1434 Michaelis
1182 1407 1299 1442 expulsi
1309 1407 1410 1435 sedem
1427 1407 1560 1443 archiep.
1577 1408 1686 1436 Roma-

40 1456 88 1482 nus,
99 1450 208 1477 nomine
220 1449 377 1477 Berardus
390 1449 559 1485 Occupavit,
573 1457 663 1485 quem
685 1458 745 1477 non
769 1450 825 1477 nisi
838 1458 874 1477 ex
886 1450 1019 1486 epistolis
1032 1459 1109 1486 quas
1124 1451 1313 1479 Innocentius
1329 1451 1364 1478 IIl
1380 1452 1432 1479 PP.
1447 1451 1474 1479 ei
1487 1451 1614 1487 scripsit,
1635 1459 1689 1479 no-

42 1493 120 1520 vimus.
131 1495 158 1522 In
169 1495 246 1522 notis
262 1501 346 1530 quas
359 1493 454 1521 editor
463 1494 509 1522 Fr.
527 1493 704 1530 Bosquetius
719 1494 827 1529 adjecit
838 1494 898 1530 (ed.
909 1495 1019 1526 Tolos.,
1031 1497 1093 1522 not.
1109 1503 1138 1530 p.
1152 1496 1177 1528 9)
1194 1495 1341 1522 Michaelis
1349 1495 1499 1523 Choniatee
1506 1496 1690 1523 mentionem

41 1537 89 1564 facit
100 1538 133 1565 ita
143 1538 314 1566 duriuscule
333 1538 466 1565 scribens
480 1547 486 1564 :
500 1549 514 1563 «
525 1538 632 1566 Graecis
647 1546 748 1566 rerum
761 1538 892 1566 dominis
905 1538 1076 1566 Atheniensi
1089 1538 1224 1566 Ecclesiae
1241 1541 1367 1574 praeerat
1380 1539 1502 1567 Michael
1517 1539 1687 1574 Choniates,

41 1581 75 1616 qui
86 1583 164 1618 captis
178 1583 302 1610 Athenis
320 1590 339 1610 a
356 1582 528 1610 marchinne
544 1582 749 1610 Montisferrati
762 1582 834 1610 urbe
844 1582 942 1615 cessit,
957 1586 989 1610 ut
1003 1585 1104 1610 narrat
1119 1583 1143 1618 ej
1150 1591 1183 1610 us
1197 1582 1288 1610 frater
1302 1583 1430 1617 Nicetas,
1444 1583 1496 1619 qui
1518 1591 1588 1611 eum
1600 1583 1690 1610 nobis

42 1626 117 1654 Graeca
133 1627 187 1660 ﬁde
206 1629 234 1655 et
249 1627 386 1654 fraterno
398 1625 507 1654 affectu
527 1630 667 1654 sanctum
690 1627 848 1661 prmdicat.
863 1638 876 1651 ››
888 1627 1085 1654 Nihilominus
1106 1626 1186 1654 idem
1208 1627 1267 1654 alio
1280 1627 1311 1654 in
1326 1626 1403 1660 loco,
1420 1626 1502 1655 hunc
1517 1627 1690 1656 Michaelem

41 1676 89 1697 cum
100 1671 322 1707 archiepiscopo
349 1672 483 1698 Romano
498 1670 682 1698 confundere
697 1671 823 1704 videtur,
852 1671 890 1699 ad
912 1679 1003 1706 quem
1020 1671 1208 1699 Innocentius
1230 1671 1343 1699 litteras
1366 1671 1494 1707 scripsit.
1508 1673 1549 1699 Ex
1563 1671 1690 1699 istarum

40 1714 196 1748 epistolarum
211 1723 275 1743 una
291 1717 385 1751 patet,
398 1720 431 1742 ut
448 1714 638 1743 Schlosserus
652 1723 774 1751 quoque
790 1716 879 1750 (Hist.
896 1716 992 1750 expeti
1003 1716 1124 1751 Crucig.
1143 1716 1175 1749 ll,
1191 1723 1220 1751 ρ.
1234 1716 1279 1750 63)
1290 1715 1434 1750 declarat,
1447 1724 1465 1744 a
1476 1716 1585 1744 Latinis
1596 1724 1612 1743 e
1626 1715 1691 1751 plu-

40 1757 100 1785 ribus
108 1759 291 1794 diuacesibus,
311 1759 491 1794 civitatibus,
504 1762 571 1793 etc.,
583 1759 724 1795 expulsos
735 1759 828 1787 fuisse
843 1761 960 1788 Cra-cos
974 1760 1081 1788 eadem
1097 1760 1297 1793 inclementia,
1309 1768 1370 1796 qua
1380 1762 1489 1796 postea.
1498 1768 1516 1788 a
1526 1759 1627 1788 Turcis
1638 1761 1691 1795 (2).

41 1801 118 1830 Videre
131 1804 213 1831 etiam
229 1812 245 1831 e
261 1803 387 1831 duobus
402 1803 466 1831 aliis
478 1803 612 1839 epistolis
627 1804 734 1840 Papeze
750 1804 788 1831 ad
800 1804 931 1839 archiep.
947 1804 1126 1832 Thebanum
1142 1804 1172 1841 (1.
1188 1812 1205 1840 i,
1218 1812 1265 1840 ep.
1285 1805 1347 1840 110)
1363 1807 1392 1832 et
1403 1804 1534 1840 archiep.
1547 1803 1690 1840 Amyclae-

42 1853 116 1874 ensem
127 1847 153 1883 (l.
169 1856 203 1878 ιν,
220 1856 269 1884 ep.
286 1850 345 1882 98},
365 1848 501 1876 Ottonem
517 1848 546 1875 in
558 1848 771 1876 certaminibus
785 1847 978 1876 saecularibus
989 1851 1018 1876 et
1027 1848 1234 1877 ecclesiasticis
1244 1849 1406 1877 anathema
1420 1849 1593 1882 incurrisse,
1604 1848 1691 1884 cujus

42 1891 69 1917 rei
80 1895 216 1926 pertzesus,
237 1892 389 1927 dignitate
411 1892 529 1925 abdica,
557 1900 637 1920 anno
654 1893 719 1919 1221
746 1895 886 1928 nepotem
902 1893 1068 1921 Guidonem
1084 1893 1139 1920 sibi
1155 1893 1315 1921 succedere
1329 1892 1423 1921 voluit
1437 1896 1466 1921 et
1480 1893 1510 1920 in
1534 1892 1690 1920 Franciam

43 1942 146 1964 reversus
159 1940 209 1965 est.

569 1983 583 2015 §
603 1982 646 2008 Vl.
668 1981 968 2010 Michaelisscnecms
978 1985 1005 2009 et
1020 1981 1127 2009 obitus.
1171 1983 1175 1987 '

66 2028 164 2057 Michael
175 2031 259 2058 exsul
271 2038 335 2058 non
351 2030 450 2058 minus
470 2030 583 2065 tragice
599 2037 692 2065 quam
706 2030 820 2058 Nicetas
831 2030 955 2066 aulicus,
972 2031 1061 2058 totius
1078 2030 1194 2066 imperii
1211 2031 1401 2059 Romseorum
1412 2030 1615 2059 miserrimum
1630 2031 1691 2057 sta-

42 2074 94 2107 tum,
107 2075 193 2109 gregis
203 2075 376 2103 custodiam
392 2077 526 2110 ereptam
541 2077 570 2102 et
583 2074 722 2102 exsilium
738 2074 876 2109 deplorat
889 2075 916 2109 (3
920 2084 947 2109 μ
966 2075 1218 2102 «Lamentationis
1230 2075 1354 2111 copiosa
1370 2075 1443 2103 mihi
1464 2074 1590 2103 materia
1602 2072 1690 2102 adest

44 2118 86 2143 tum
97 2117 129 2145 ob
142 2126 334 2148 communem
350 2119 550 2147 calamitatem
565 2121 627 2146 tum
640 2122 762 2154 propter
776 2127 874 2146 meam
888 2119 993 2154 ipsius,
1007 2121 1167 2155 eapropter
1179 2119 1262 2155 quod
1274 2119 1420 2155 templum
1428 2119 1552 2154 illustre,
1566 2117 1691 2154 opulen-

44 2162 96 2194 tum,
109 2163 175 2197 proh
186 2164 277 2192 Deum
291 2163 491 2191 immortalem
504 2164 510 2190 i
528 2163 611 2199 quod
624 2163 754 2198 majores
767 2163 860 2191 nostri
871 2163 1002 2199 Deiparas
1018 2165 1240 2197 consecrarant,
1251 2163 1339 2199 cujus
1353 2163 1447 2191 altare
1457 2171 1533 2191 mea:
1545 2162 1690 2191 custodia

44 2205 156 2234 creditum
168 2211 238 2241 erat,
251 2211 322 2236 ante
336 2208 439 2236 ocuIOS
455 2216 537 2236 meos
550 2207 589 2235 ab
601 2207 774 2235 hominibus
786 2207 936 2242 sacrilegis
950 2207 1111 2244 spoliatum
1125 2210 1338 2244 vastatumque
1351 2210 1406 2236 est.
1424 2209 1490 2244 Ipse
1510 2210 1610 2236 autem
1622 2208 1692 2243 post

45 2248 134 2282 triginta
146 2259 238 2280 annos
253 2260 333 2288 quos
355 2252 467 2280 ibidem
492 2260 678 2288 peregeram,
697 2255 727 2279 ut
741 2254 863 2279 truncus
879 2252 990 2284 aridus,
1008 2251 1129 2283 inutilis,
1153 2252 1182 2279 vi
1207 2254 1366 2280 ventorum
1387 2260 1402 2280 e
1418 2252 1550 2280 sacrario
1572 2252 1691 2280 Domini

45 2297 141 2330 ereptus,
155 2300 256 2324 contra
268 2298 361 2333 ripas,
378 2300 480 2324 contra
496 2304 597 2332 rupes,
613 2297 643 2323 in
658 2296 753 2324 imum
770 2305 852 2324 mare
863 2296 1006 2332 abreptus
1018 2296 1065 2323 vix
1072 2297 1136 2331 jam
1145 2296 1224 2324 vivo.
1241 2297 1313 2324 Ecce
1328 2296 1434 2324 exsilio
1443 2296 1617 2329 damnatus,
1627 2296 1691 2324 sine

46 2338 187 2375 sacerdotio,
203 2342 266 2369 sine
280 2341 427 2369 festorum
442 2340 641 2374 solemnitate,
659 2341 723 2368 sine
739 2341 821 2375 urbe,
840 2340 902 2368 sine
917 2341 1041 2374 civibus,
1056 2341 1186 2369 bubonis
1203 2341 1297 2369 instar
1310 2341 1347 2369 de
1363 2341 1532 2369 calamitate
1552 2341 1690 2368 omnium

46 2382 134 2410 etineo
146 2385 234 2420 ipsius
246 2385 409 2414 infortunio
429 2393 533 2413 amare
546 2385 703 2413 lamentor.
719 2396 732 2409 »
758 2387 797 2412 Ex
813 2385 1004 2421 inscriptione
1020 2393 1110 2421 porro
1125 2385 1301 2420 nonaginta,
1314 2393 1392 2421 quas
1405 2387 1499 2413 codex
1510 2385 1585 2414 Bibl.
1603 2386 1690 2412 Laur.

47 2430 157 2463 asservat,
170 2430 364 2465 epistolarum
379 2430 526 2464 videmus,
543 2429 673 2457 insulam
686 2431 765 2458 Ceon
776 2437 816 2465 pri

920 2429 959 2464 ζίο
975 2438 1044 2456 eum
1059 2429 1201 2457 habuisse
1214 2438 1220 2456 :
1237 2434 1283 2456 τοῦ
1295 2430 1374 2456 αὐτοῦ
1385 2430 1521 2456 ἐπιστολαὶ
1535 2429 1564 2460 ἂς
1579 2429 1689 2465 ἔγραψιν

47 2469 82 2494 ἀπὸ
94 2475 217 2502 visuris-ou
238 2479 283 2505 τῆς
301 2477 364 2501 Κέων
389 2474 419 2502 ld
435 2474 519 2510 quod
543 2477 644 2502 tenore
660 2474 856 2510 epistolarum
876 2473 1082 2507 conﬁrmatur,
1108 2474 1258 2510 siquidem
1273 2474 1304 2501 P.
1321 2475 1459 2502 Morellus
1474 2473 1689 2502 monasterium

49 2513 208 2546 S.Prodromi
222 2519 251 2546 in
267 2519 326 2547 ista
338 2519 436 2547 insula
454 2522 484 2546 ut
499 2518 617 2555 asylum
636 2519 700 2554 ejus
716 2519 866 2553 designat.

74 2557 120 2586 Hoc
132 2561 230 2591 inloco
246 2571 349 2591 senem
361 2563 477 2591 exulem
492 2563 670 2591 aununtiata
685 2562 782 2590 fratris
794 2571 875 2590 mors
890 2562 1001 2590 mirum
1014 2562 1044 2589 in
1061 2562 1187 2590 modum
1202 2563 1307 2591 afﬂixit
1317 2571 1408 2599 quem
1428 2563 1483 2590 sibi
1497 2561 1689 2598 superstitem

75 2622 203 2654 “)8th
228 2630 272 2655 τῆς
299 2635 459 2661 κουγκεστας
484 2635 530 2656 vn;
555 2625 694 2661 Ῥωμανίας
720 2627 764 2650 καὶ
791 2634 833 2650 τον

921 2624 1049 2652 iodecim
1084 2625 1179 2653 Latini
1204 2625 1394 2653 abundantes
1412 2626 1507 2661 certas
1530 2623 1690 2661 habuerint

51 2656 198 2697 Μδξξαίωςφτ
211 2663 254 2693 59,
270 2663 319 2689 Ed.
334 2656 462 2689 B'uchon.
476 2661 568 2693 Paris,
587 2656 664 2688 48t5.
703 2696 707 2697 γ
768 2696 771 2697 ν
890 2660 1218 2697 mansiones.proprios
1230 2659 1527 2697 sacerdotes,quibus
1537 2659 1659 2697 integrae
1672 2667 1691 2687 a

77 2693 106 2732 εὶ)
126 2706 141 2732 ,κ
163 2693 282 2724 Dilectus
310 2697 389 2725 filius
423 2698 488 2725 Otto
514 2696 551 2724 de
580 2698 668 2730 Roca,
691 2696 834 2724 dominus
892 2696 1015 2732 Latinis
1032 2693 1115 2724 laicis
1138 2693 1274 2724 'decimae
1294 2693 1514 2732 persolvantur,
1537 2695 1690 2723 instituere

53 2725 214 2768 :ilheniensis,
227 2740 279 2767 per
298 2732 408 2760 litteras
423 2735 554 2760 vestram
579 2725 835 2768 petiit'providen-
890 2731 1043 2768 cui-arctis,
1055 2735 1134 2768 sete.
1152 2734 1242 2768 lusce.
1258 2725 1303 2767 Ill;
1317 2732 1413 2766 Epist.
1425 2731 1476 2759 lib.
1492 2725 1553 2765 xiii,
1565 2739 1611 2767 ep.
1627 2733 1689 2759 418.

56 2761 107 2788 tiam
119 2761 269 2800 admoneri,
281 2770 311 2796 ut
321 2768 349 2795 in
363 2768 466 2796 castris
480 2768 542 2795 suis
557 2761 588 2795 et
599 2761 712 2795 villis'in
723 2767 836 2803 quibus
927 2766 965 2802 (3)
982 2761 1051 2795 Vide
1065 2767 1153 2802 intra,
1168 2767 1225 2795 col.
1241 2761 1302 2796 371:
