1947 3077
236 117 285 146 θη
673 113 826 143 MICHAEL
845 113 1071 143 ACOMINATUS
1089 113 1304 143 ATHENARUM
1321 112 1480 143 ARCHIEP.
1883 114 1947 142 3H!

235 179 299 208 fore
313 177 550 207 desideraverat.
564 176 680 206 Nicetes
694 177 899 213 Acominatus,
915 179 984 213 post
1006 178 1126 214 captam
1141 176 1268 213 Cpolim,
1282 177 1316 204 ut
1329 183 1435 205 omnes
1451 175 1471 204 ii
1485 175 1538 213 qui
1553 175 1688 212 ingenio,
1703 176 1894 210 virtutibus,
1914 175 1947 204 in

234 223 365 260 patriam
382 230 485 251 amore
500 222 711 257 excelluerunt,
728 230 798 250 cum
811 229 903 250 uxore
916 224 945 250 et
958 221 1058 250 liberis
1072 222 1202 250 Nicaam
1218 221 1361 258 Bithynia
1377 228 1408 249 se
1422 221 1543 258 recepit,
1563 221 1616 249 ubi
1631 221 1713 258 apud
1727 221 1947 250 Theodorum

235 267 374 296 Lascarin
387 267 600 303 imperatorem
614 274 677 294 non
689 266 790 294 minus
806 274 899 302 quam
922 266 1003 303 apud
1020 267 1189 294 Comnenos
1210 266 1386 294 auctoritate
1398 266 1526 302 valebat,
1544 266 1574 294 id
1589 274 1707 303 semper
1721 274 1816 302 agens
1845 268 1891 294 ut
1906 265 1947 293 ci-

234 311 323 339 vibus
341 311 462 340 Bizantii
477 311 633 339 exsulibus
653 310 765 339 auxilio
779 318 815 338 ac
828 310 979 347 praesidio,
996 310 1079 339 fratri
1093 313 1194 339 autem
1209 311 1272 340 seni
1285 310 1380 340 exsuli
1394 310 1499 339 solatio
1512 310 1595 339 foret.
1610 311 1733 339 Michael
1747 311 1895 347 quidem
1914 310 1947 338 in

233 356 376 385 Monodia
397 356 496 384 hacce
512 355 601 384 dicit:
620 366 634 381 «
650 355 729 383 Licet
752 354 858 392 procul
873 363 892 383 a
912 363 961 384 me
988 355 1108 391 viveret,
1130 356 1245 392 quoties
1260 363 1329 384 eum
1346 355 1443 383 vivere
1458 363 1494 383 ac
1511 355 1608 384 valere
1624 355 1721 384 nuntii
1737 355 1947 388 attulissent,

233 400 322 436 quasi
336 408 417 428 novo
433 400 540 436 spiritu
555 400 689 428 afﬂatum
707 408 755 428 me
768 400 895 428 sensi.Et
910 403 941 428 ut
957 400 1052 428 David
1066 400 1174 428 anima
1197 408 1258 428 sua
1273 399 1408 428 solamen
1423 400 1544 436 reperiri
1560 408 1622 428 non
1636 408 1724 436 posse
1739 400 1824 434 dicit,
1848 399 1947 428 exhi-

232 437 323 474 larari
337 447 438 474 autem
450 445 502 473 ubi
510 446 643 482 primum
657 445 709 473 Dei
723 445 870 474 memoria
879 445 937 482 ipsi
951 446 981 474 in
992 448 1124 473 mentem
1139 445 1251 473 venerit
1263 454 1269 479 ;
1282 445 1323 473 ita
1335 452 1391 480 ego
1404 453 1526 482 quoque
1536 445 1588 473 ubi
1601 445 1795 482 prasentium
1814 453 1947 473 aerum-

233 497 344 518 narum
361 490 496 526 pondere
509 490 694 525 molestarer,
711 490 821 518 mirum
838 490 1040 518 solamentum
1054 490 1134 518 sensi
1149 490 1201 518 ubi
1216 489 1338 519 fratrem
1359 489 1457 518 valere
1472 490 1584 526 accepi.
1601 490 1871 527 Quotiescumque
1887 489 1947 517 ita-

233 542 293 571 que
306 534 432 571 epistola
444 534 576 562 fraterna
595 542 688 562 manu
708 535 826 570 signata
839 534 1032 570 efferebatur,
1044 534 1146 563 vultus
1161 543 1196 563 ac
1212 534 1361 562 sermonis
1378 535 1444 570 ejus
1459 534 1562 562 intime
1575 542 1693 563 memor
1704 537 1794 572 caput
1817 537 1856 563 et.
1873 543 1947 562 ma-

233 587 292 607 nus
307 581 430 615 tangere
445 581 473 607 et
485 579 616 608 osculari
629 579 702 607 mihi
714 579 839 608 videbar
852 589 858 614 ;
875 581 903 608 et
917 579 1067 616 extemplo
1079 583 1144 608 atra
1159 587 1232 607 cura
1247 587 1283 607 ex
1296 579 1398 607 animo
1413 579 1538 607 excessit
1552 582 1579 607 et
1590 579 1702 614 gaudio
1719 587 1799 608 novo
1820 579 1947 607 locum

233 623 325 652 dedit.
344 635 355 648 ι
374 625 440 652 Hac
453 631 522 651 cum
536 624 642 658 legeris
656 624 769 652 amoris
784 624 844 652 fere
855 623 921 660 plus
932 632 1026 660 quam
1040 624 1163 652 fraterni
1183 624 1437 659 testimonia,jam
1453 631 1514 651 non
1529 623 1698 656 miraberis,
1713 624 1738 651 si
1753 624 1845 652 idem
1861 624 1947 652 dicit

234 676 266 696 se
290 667 400 696 umbra
412 668 517 696 mortis
533 668 679 703 obstringi
703 668 743 696 ob
769 668 1008 704 gubernaculum
1024 668 1051 696 vi
1069 668 1128 705 ipsi
1143 670 1279 705 ereptum
1298 672 1393 696 morte
1417 668 1516 696 fratris
1537 669 1655 703 Niceta,
1677 668 1729 705 qui
1744 668 1903 697 Michaeli
1917 671 1947 697 et

232 713 338 741 Joanni
356 712 543 741 consobrinis
559 720 644 749 aque
659 712 810 741 ﬂebilibus
822 714 1012 741 Romaorum
1026 712 1152 749 imperio
1167 713 1197 741 in
1209 715 1304 740 morte
1315 713 1501 740 suecesserit.
1516 724 1530 738 «ι
1548 712 1577 741 Si
1591 712 1666 741 tanti
1678 713 1732 740 viri
1744 713 1872 748 obitus,
1890 713 1947 741 Mi—

234 756 320 785 chael
334 757 445 792 adjicit,
463 758 612 793 Europam
627 759 655 785 et
670 758 773 785 Asiam
787 765 872 794 aquo
887 757 990 785 dolore
1004 765 1040 785 ac
1063 757 1212 785 desiderio
1226 757 1342 790 afﬂixit,
1371 757 1448 785 adeo
1472 759 1505 785 ut
1527 759 1656 785 mortem
1669 759 1766 792 tuam,
1780 765 1799 785 ο
1819 757 1947 786 anima

233 800 422 834 charissima,
438 801 514 829 ferre
527 809 589 829 non
604 802 781 833 sustineant,
798 802 866 838 quis
883 801 1004 829 tandem
1027 804 1200 830 nostrarum
1222 801 1427 838 lacrymarum
1447 809 1490 829 ac.
1502 801 1669 838 gemituum
1684 801 1794 830 modus
1814 802 1884 830 erit
1896 802 1912 829 ‘I
1928 813 1943 827 ι»

235 845 373 881 Sequitur
385 845 422 873 de
434 845 518 874 luctu
532 847 687 874 communi
700 846 796 881 gentis
816 846 1063 874 Acominatorum
1083 854 1135 883 per
1159 848 1309 883 Europam
1325 847 1463 875 etAsiam
1477 846 1693 878 disseminata,
1708 847 1794 882 cujus
1811 846 1942 875 indivi-

233 889 286 918 dui
300 889 434 918 defuncti
447 890 608 926 splendore
618 890 848 923 illustrarentur,
859 890 949 927 etqui
964 890 1029 925 ejus
1045 891 1189 919 auxilium
1206 890 1400 919 multifariam
1420 890 1535 927 experti
1550 892 1629 918 sunt.
1648 891 1793 926 Deinceps
1812 891 1860 918 de
1878 891 1943 919 do-

233 933 295 962 lore
311 933 408 962 vidua
419 934 561 970 loquitur,
579 937 668 971 nepte
682 935 786 970 magni
801 934 941 967 Belisarii.
956 943 1049 971 quam
1065 942 1189 963 uxorem
1205 935 1350 963 ducturus
1364 934 1489 968 Nicetas,
1506 935 1581 963 sicut
1594 935 1626 962 in
1641 935 1783 962 omnibus
1801 936 1941 971 gravio-

232 978 317 1005 ribus
331 977 421 1006 rebus
436 978 535 1007 fratris
553 978 711 1007 consilium
727 979 907 1015 expetierat;
922 979 959 1006 de
969 979 1051 1007 luctu
1060 979 1224 1008 liberorum
1238 982 1348 1008 tenera
1361 979 1466 1012 atatis,
1483 986 1498 1007 e
1513 979 1624 1016 quibus
1638 987 1716 1007 unus
1725 979 1939 1008 errabundus

232 1021 422 1057 vagabatur;
435 1022 472 1050 de
489 1022 613 1059 proprio
627 1031 683 1051 suo
696 1023 779 1052 luctu
794 1026 822 1051 et
834 1023 925 1060 plaga
937 1024 1150 1052 irremediabili
1165 1033 1259 1061 quam
1271 1024 1369 1052 fratris
1383 1032 1465 1053 mors
1481 1024 1589 1052 acerba
1600 1024 1717 1052 inﬂixit.
1727 1025 1792 1052 lam
1807 1024 1878 1053 sibi
1891 1025 1925 1053 la

233 1074 353 1102 orymas
368 1074 431 1103 pra
447 1066 560 1095 doloris
576 1067 785 1103 magnitudine
800 1067 906 1096 deesse
921 1068 1066 1104 queritur,
1082 1069 1163 1096 unde
1175 1069 1232 1097 sibi
1247 1068 1434 1097 calamitates
1453 1069 1521 1096 vita
1540 1068 1657 1096 futuras
1672 1069 1758 1096 siccis
1769 1069 1880 1097 oculis
1893 1069 1937 1097 fe-

232 1111 343 1139 rendas
353 1110 425 1145 fore,
441 1111 538 1139 donec
552 1112 618 1148 ipse
631 1112 662 1139 in
674 1114 790 1140 remoto
809 1114 893 1140 terra
907 1112 1019 1147 angulo
1035 1115 1086 1141 aut
1099 1113 1129 1141 in
1145 1113 1245 1141 medio
1257 1113 1334 1142 mari
1346 1113 1507 1149 projectus,
1524 1121 1615 1141 senex
1628 1113 1740 1148 juniori
1752 1113 1844 1142 fratri
1863 1122 1937 1142 suc-

234 1155 363 1184 cesserit.
377 1156 430 1184 Vir
443 1156 510 1192 pius
525 1164 595 1185 cum
606 1159 693 1192 esset,
711 1156 772 1184 Deo
785 1156 843 1193 ipsi
854 1156 933 1185 diem
947 1157 1028 1192 dicit,
1049 1157 1126 1186 adeo
1139 1157 1225 1186 dolor
1240 1159 1373 1186 mentem
1386 1160 1564 1186 occacarat:
1581 1169 1594 1184 ‹‹
1610 1158 1699 1186 Dolor
1712 1158 1789 1186 adeo
1804 1167 1863 1187 me
1881 1159 1937 1187 sti-

234 1199 329 1228 mulat
343 1201 376 1228 ut
385 1208 472 1228 voces
485 1201 637 1237 proferam
655 1209 724 1237 quae
739 1201 884 1237 impietati
900 1209 935 1229 ac
950 1202 1109 1230 temeritati
1133 1202 1208 1231 forte
1222 1202 1387 1231 dabuntur.
1413 1203 1470 1230 Cur
1484 1202 1564 1230 enim
1587 1210 1643 1237 ego
1656 1211 1767 1231 canum
1787 1206 1893 1241 caput
1906 1206 1937 1233 et

233 1244 321 1273 annis
338 1245 446 1281 gravis,
458 1245 562 1274 inutile
577 1245 699 1274 tandem
713 1248 798 1274 terra
814 1245 933 1282 pondus
949 1253 984 1274 ac
1000 1246 1085 1274 ulcus
1101 1246 1212 1275 diutius
1227 1247 1257 1275 in
1273 1247 1330 1275 hoc
1345 1255 1464 1275 carcere
1478 1247 1630 1275 retineor?
1644 1258 1659 1272 ››

269 1291 302 1317 ln
314 1292 457 1326 promptu
467 1298 528 1318 non
541 1293 586 1319 est
609 1290 709 1319 dicere
724 1298 785 1327 quo
808 1298 889 1319 anno
912 1290 1035 1319 Michael
1049 1291 1171 1319 vinculis
1184 1291 1318 1327 corporis
1332 1291 1475 1319 liberatus
1489 1291 1669 1324 decesserit;
1680 1291 1745 1327 jam
1761 1292 1850 1320 enim
1867 1293 1935 1321 vita

234 1334 332 1363 otiosa
343 1335 372 1362 in
386 1336 568 1363 monasterio
584 1335 780 1370 transigenda
794 1335 922 1370 graviter
935 1335 1130 1364 incommoda
1143 1336 1200 1364 sub
1211 1335 1303 1364 tinem
1319 1343 1386 1363 esse
1398 1335 1537 1363 debebat.
1555 1337 1629 1364 Eum
1642 1339 1742 1364 tamen
1754 1343 1844 1364 anno
1857 1339 1934 1366 i‘JtS

234 1379 264 1408 in
280 1380 356 1408 vivis
368 1379 459 1408 fuisse
475 1380 600 1417 epistola
615 1388 708 1416 quam
733 1380 772 1408 ad
796 1380 960 1409 Manuelem
986 1381 1189 1417 patriarcham
1204 1380 1286 1408 dedit
1306 1380 1437 1416 probare
1451 1380 1580 1408 videtur:
1598 1381 1637 1408 ad
1651 1381 1743 1408 alium
1761 1382 1933 1410 neminem

233 1424 315 1452 enim
330 1425 440 1460 scripta.
452 1433 516 1453 esse
527 1427 625 1461 potest
634 1425 691 1452 nisi
702 1425 740 1453 ad
755 1424 919 1453 Manuelem
936 1425 1162 1462 Charitopulnm
1179 1425 1304 1461 illoipso
1317 1432 1397 1453 anno
1412 1425 1451 1453 ad
1467 1425 1704 1461 patriarchatum
1717 1428 1930 1463 evectum.(V.

234 1469 272 1496 Le
285 1469 389 1501 Quien.
402 1469 506 1498 Oriens
523 1469 633 1498 Christ.
651 1471 671 1498 t.
687 1471 707 1505 l,
722 1477 752 1505 p.
767 1470 840 1505 278).
857 1471 923 1497 Hac
939 1470 1047 1498 eadem
1058 1469 1185 1506 epistola
1196 1473 1224 1497 et
1239 1470 1338 1506 plures
1351 1469 1417 1498 alia
1431 1477 1508 1506 quas
1524 1470 1555 1497 in
1567 1470 1622 1498 Ceo
1634 1470 1732 1498 insula
1745 1472 1933 1507 composuit

234 1513 363 1550 probare
376 1516 505 1550 possunt
527 1514 708 1549 Michaelem,
724 1514 866 1551 quamvis
891 1514 1067 1548 solitarium,
1082 1517 1114 1542 ut
1133 1515 1197 1551 ipse
1220 1515 1344 1551 quidem
1366 1514 1438 1542 dicit
1460 1514 1655 1542 nihilominus
1669 1514 1726 1542 sub
1745 1515 1846 1544 ﬁnem
1860 1516 1931 1544 vita

234 1559 488 1595 praestantissimis
502 1559 619 1596 imperii
632 1560 702 1587 viris
723 1567 777 1595 per
798 1559 909 1587 litteras
920 1559 1026 1588 saltem
1041 1559 1235 1595 conjunctum
1249 1559 1350 1594 fuisse,
1363 1559 1525 1596 ipsumque
1541 1559 1691 1587 Lascarim
1704 1560 1931 1596 imperatorem

234 1602 265 1630 in
281 1603 346 1639 ejus
361 1604 528 1632 amicorum
545 1612 672 1632 numero
687 1604 790 1632 fuisse.
808 1603 864 1632 Sed
878 1611 973 1640 quare
990 1612 1049 1632 non
1065 1603 1224 1632 orthodoxi
1238 1603 1328 1640 hujus
1344 1606 1372 1631 et
1395 1604 1483 1631 amici
1507 1603 1651 1641 principis
1662 1604 1789 1632 domum
1805 1605 1932 1633 habitae

235 1646 297 1676 vit?
311 1649 368 1676 Cur
379 1656 441 1676 non
457 1649 560 1677 Nicaeae
575 1649 675 1676 vivere
685 1648 791 1676 maluit
805 1656 898 1684 prope
910 1648 1080 1684 Phrygiam,
1096 1648 1148 1676 ubi
1159 1648 1248 1676 frater
1258 1648 1468 1676 dilectissimus
1488 1656 1557 1676 cum
1571 1648 1632 1676 suis
1645 1649 1717 1676 vixit
1730 1651 1759 1676 et
1772 1649 1804 1677 in
1822 1650 1930 1678 medio

235 1692 348 1729 populo
361 1693 537 1721 demortuus
550 1697 604 1727 est,
622 1701 716 1729 quam
729 1693 759 1720 in
775 1693 833 1721 Ceo
849 1692 948 1720 insula
963 1696 1082 1728 petrosa
1096 1693 1185 1728 ΑΞΒιεὶ
1201 1693 1302 1726 maris,
1319 1692 1524 1729 hareticisque
1540 1693 1656 1721 vicinus
1671 1693 1928 1727 occidentalibus,

236 1736 274 1765 de
290 1737 402 1773 quibus
428 1737 458 1765 in
472 1738 598 1773 epistola
618 1737 657 1765 ad
670 1737 865 1774 Euthymium
880 1737 990 1773 scripta
1001 1738 1159 1773 queritur?
1175 1737 1218 1764 Ad
1231 1737 1310 1765 hanc
1330 1737 1355 1765 is
1370 1737 1430 1765 fere
1449 1738 1647 1773 quastionem
1660 1738 1863 1774 respondebit
1877 1740 1931 1776 qui

236 1781 267 1809 in
282 1781 379 1817 patria
394 1781 582 1818 Bacchylidis
597 1790 632 1810 ac
649 1782 810 1810 Simonidis
835 1781 1003 1817 Hymettum
1019 1785 1048 1809 et
1062 1782 1221 1810 Brilessum
1243 1781 1300 1809 sub
1323 1789 1463 1810 auroram
1485 1785 1678 1810 coruscantes
1692 1783 1766 1811 vidit
1779 1791 1784 1816 ;
1797 1783 1855 1820 qui
1878 1785 1928 1813 Mi-

238 1825 372 1854 chaelem
387 1826 418 1854 in
437 1826 541 1854 Thesei
564 1826 638 1854 urbe
663 1834 714 1862 per
741 1825 965 1861 generationem
989 1826 1102 1863 pedum
1126 1826 1259 1863 Dionysii
1285 1829 1393 1863 Areop.
1410 1826 1551 1855 manibus
1566 1829 1702 1864 portasse
1724 1830 1750 1856 et
1765 1831 1929 1864 postremo

238 1870 363 1907 Dexippi
378 1869 513 1905 gladium
526 1879 587 1899 non
604 1870 668 1898 sine
682 1870 776 1905 gloria
788 1869 940 1898 strinxisse
955 1870 1133 1899 meminerit.

238 1936 255 1967 §
274 1934 331 1964 VII.
352 1935 542 1970 Scriptorum
555 1935 712 1963 Michaelis
739 1934 907 1970 catalogus,
925 1934 956 1962 in
974 1933 1154 1962 bibliotheca
1166 1934 1345 1961 Florentino
1358 1933 1518 1961 secundum
1536 1934 1738 1962 Bandinium.
1759 1935 1922 1970 Prw/lilio.

275 1997 390 2033 Scripta
405 2005 423 2025 a
436 1996 571 2025 Michaele
581 2004 684 2032 opera,
706 2004 765 2024 non
784 1996 886 2024 minus
898 2003 991 2032 quam
1002 2003 1073 2023 ossa
1084 1996 1114 2023 in
1129 1995 1177 2023 Cei
1186 1995 1269 2032 ripis,
1283 1995 1314 2023 in
1326 1995 1492 2024 Occidentis
1500 1996 1686 2024 bibliothecis
1697 1997 1845 2026 oblivioni
1855 1998 1929 2026 data

238 2048 304 2070 esse
323 2041 513 2069 videbantur.
529 2041 590 2068 Huc
605 2048 702 2076 usque
717 2048 778 2068 non
793 2040 850 2068 nisi
875 2040 1044 2068 orationum
1071 2040 1142 2068 satis
1164 2040 1326 2068 multarum
1344 2041 1519 2073 summaria,
1536 2043 1689 2075 tractatus,
1704 2041 1852 2077 epistola,
1865 2051 1928 2071 car-

239 2087 322 2114 mina
336 2094 467 2123 quorum
482 2093 578 2122 pauca
594 2085 695 2122 aliqua
710 2085 819 2120 Graue,
836 2085 897 2112 duo
911 2084 1036 2113 maximi
1054 2084 1197 2112 momenti
1214 2085 1313 2112 Latine
1328 2087 1444 2113 tantum
1465 2093 1482 2114 a
1506 2085 1644 2113 Michaele
1660 2086 1805 2114 Choniata
1821 2095 1928 2123 snper-

239 2133 318 2159 sunt.

273 2178 360 2203 Anno
378 2177 444 2203 t767
461 2174 648 2202 bibliothecae
661 2174 866 2203 Laurentianus
876 2182 944 2210 qua
960 2173 1111 2202 Florentia
1122 2175 1177 2206 est,
1194 2175 1304 2208 custos,
1316 2175 1349 2201 Α.
1359 2175 1395 2202 M.
1406 2174 1569 2202 Bandinius
1584 2174 1753 2203 Academia
1768 2175 1926 2204 Parisiensi

239 2219 374 2247 libellum
390 2220 473 2248 misit
489 2219 546 2247 sub
562 2219 645 2247 titulo
658 2220 800 2254 Epistula
819 2219 855 2246 de
880 2217 1026 2246 Michaele
1048 2218 1226 2246 Acominato
1245 2219 1369 2254 ejusque
1383 2219 1514 2254 scriptis,
1531 2227 1623 2255 quem
1644 2227 1726 2247 anno
1740 2221 1883 2256 sequenti
1895 2222 1925 2248 in

239 2264 377 2299 catalogo
391 2263 530 2292 codicum
557 2265 727 2292 Graecorum
749 2263 938 2292 bibliotheca
963 2262 1168 2290 Laurentiana
1191 2263 1375 2299 reproduxit.
1400 2265 1457 2291 Nos
1473 2263 1644 2298 catalogum
1670 2263 1857 2292 collectionis
1881 2266 1925 2293 liti-

240 2309 350 2337 cbaelis
366 2310 546 2345 scriptorum
561 2309 695 2344 integra,
712 2316 844 2345 quorum
859 2316 1012 2335 summum
1025 2307 1087 2342 jam
1102 2306 1337 2335 Montfauconius
1351 2308 1382 2335 in
1398 2307 1585 2336 Bibliotheca
1596 2308 1846 2336 bibliothecarum
1858 2317 1923 2337 ma—

238 2356 476 2390 nuscriptorum,
488 2355 508 2382 Ι.
526 2362 557 2390 p.
574 2357 624 2383 355
637 2362 722 2390 seqq.
737 2353 829 2388 dedit,
850 2361 865 2381 e
883 2352 1068 2380 Bandiniano
1088 2351 1225 2386 catalogo
1237 2354 1412 2386 extractam,
1429 2352 1511 2380 nulla
1524 2352 1627 2380 habita
1642 2353 1795 2381 titulorum
1812 2354 1923 2382 latino-

238 2406 306 2427 rum
321 2399 446 2432 ratione,
469 2399 591 2432 damus,
607 2402 636 2427 et
660 2398 795 2427 Bandinii
817 2397 989 2433 exemplum
1010 2396 1112 2430 secuti,
1128 2396 1226 2424 titulos
1243 2396 1360 2430 eodem,
1376 2397 1477 2433 quoin
1491 2397 1592 2425 conice
1607 2397 1756 2432 leguntur,
1771 2399 1879 2426 ordine
1894 2399 1922 2426 in

238 2444 372 2472 medium
386 2443 579 2480 proferimus,
596 2444 754 2480 praemissa
768 2442 919 2478 Anonymi
930 2441 969 2469 ad
986 2440 1133 2469 Michaelis
1144 2440 1289 2476 opuscula
1305 2441 1489 2474 Prafatione,
1507 2450 1600 2478 quam
1612 2450 1728 2479 prunus
1741 2443 1838 2471 edidit
1854 2443 1922 2471 doc‘

236 2489 373 2518 tissimus
387 2489 513 2518 Tat'elius
525 2489 555 2516 in
571 2489 780 2517 Dissertationc
792 2488 835 2515 De
849 2486 1061 2515 Thessalonica
1077 2486 1197 2520 ejusque
1208 2492 1294 2520 agro.

677 2552 697 2578 Ι.
713 2558 742 2586 p.
763 2552 786 2578 1.
803 2550 952 2586 Προθεωρία
966 2550 1002 2578 εἰς
1014 2548 1061 2576 τὴν
1080 2551 1215 2584 παρῆσαν
1232 2546 1322 2584 βίϐλον
1341 2551 1388 2575 τοῦ
1404 2570 1409 2577 ,
1426 2570 1432 2576 .
1449 2570 1455 2577 .
1474 2570 1482 2578 .

423 2613 502 2645 (Nihil
515 2612 649 2644 amplius;
666 2612 805 2644 scriptoris
821 2617 918 2636 nomen
932 2610 958 2634 in
977 2609 1073 2634 lacuna
1086 2609 1228 2636 intercidit.
1254 2611 1295 2642 (ν,
1311 2611 1391 2640 Tnfel,
1410 2611 1428 2637 ζ.
1446 2612 1475 2645 Ζ.,
1490 2620 1518 2645 p.
1536 2614 1580 2638 376
1595 2614 1623 2640 el
1639 2614 1731 2646 seqq.)

273 2671 408 2708 Φιλόλογος
428 2672 440 2698 ὀ
459 2675 505 2697 τοῦ
528 2670 632 2708 βιϐλίθυ
654 2669 732 2697 τοῦδε
757 2671 854 2705 πατὴρ,
881 2671 926 2694 καὶ
946 2669 1036 2703 σοφίας

1149 2667 1302 2697 itterarum
1326 2672 1353 2697 et
1368 2670 1466 2698 omnis
1482 2671 1635 2708 sapientia
1647 2679 1715 2700 vere
1731 2671 1852 2700 amicus
1867 2673 1916 2700 hu-

237 2718 348 2753 ἆρααηιὴς
377 2716 507 2754 ὶκατέρας,
532 2721 580 2747 τῆς
600 2717 726 2752 ἡμετέρας
755 2718 822 2751 φημὶ
842 2716 887 2740 καὶ
912 2717 960 2744 τῆς
990 2713 1006 2738 θη

1145 2720 1173 2740 ce
1196 2712 1264 2741 libri
1284 2716 1390 2742 auctor
1413 2718 1466 2749 est,
1482 2715 1563 2752 quod
1583 2715 1677 2744 lector
1691 2715 1860 2744 benevolus
1883 2724 1914 2744 ex

235 2762 322 2799 ραθιν,
347 2763 381 2793 ὡς
405 2762 475 2788 ἔστιν
494 2760 538 2788 ἀπ’
564 2760 649 2788 αὐτῶν
672 2764 722 2787 τῶν
749 2761 945 2797 σνγγαμμάτων
971 2768 1001 2796 γν

1143 2765 1157 2786 o
1172 2757 1284 2794 scripto
1293 2758 1380 2788 facile
1394 2759 1581 2796 dijudicabit.
1601 2760 1658 2789 Sed
1673 2759 1845 2796 longiorem
1859 2761 1912 2790 hac
