1947 3077
59 73 98 101 an

834 72 984 102 ΝΟΤΙΤΙᾹ.

1696 76 1750 104 314

56 145 90 161 νει
102 134 142 161 τὸν
158 133 388 170 ἐντυγχάνοντα,
411 134 489 162 Ἀλλὰ
501 137 578 162 τοῦτο
597 134 642 172 μὶν
668 134 715 162 οὐκ
732 134 763 161 ἆν
785 133 861 162 diem

953 143 963 163 Ξ
986 142 1018 164 re
1033 142 1204 164 sermonem
1224 136 1406 165 concinnare
1426 144 1525 174 operte
1546 144 1607 166 non
1623 137 1668 166 est
1681 145 1748 174 pre-

55 180 168 214 πλείονος,
181 178 275 215 οζααι,
294 179 396 215 λόγου,
411 179 488 207 ἐκεῖνο
503 178 532 207 δὲ
552 179 646 216 μᾶλλον
658 178 870 217 προδιοριστέον,

56 226 83 255 ὡς
96 228 141 250 τῶν
155 223 244 259 λόγων
266 224 341 251 ἔνιοι
362 224 409 261 μὲν
430 226 479 261 πρὸ
494 229 539 256 τῆς
560 225 700 261 ἱερωσύνης
722 225 871 262 ἰγράφησαν

56 269 75 298 (ὁ
88 273 183 305 πρῶτος
200 267 356 303 δηλονότι,
369 270 383 296 ὁ
397 271 459 306 πρὸς
470 271 527 300 τοὺς
536 269 706 306 αἰτιωμένους
719 270 759 306 (1)
770 271 799 296 τὸ
811 269 870 306 ὰφι-

55 312 185 341 ὶέιδεικτον
201 322 209 328 ·
225 316 278 340 καὶ
301 315 317 340 ὀ
341 315 417 350 ἑφιξῆ
424 326 444 348 ς,
456 316 468 341 ὁ
478 319 523 342 τοῦ
538 317 685 353 μακαρίτου
698 315 870 352 ἁρχιεπισκό-

55 368 96 386 που
107 362 193 385 Χονῶν
205 358 438 395 ἑγκωμιαστικός
451 369 456 375 ·
470 362 515 386 καὶ
526 361 539 386 ὁ
549 360 605 396 μετ’
619 360 727 394 αὐτὸν,ο
739 370 871 398 πατριαρ-

55 404 144 439 χικός)·
162 404 187 429 οἰ
202 400 235 430 δί
248 403 352 430 λοιποὶ
360 405 455 435 πάντες
463 405 528 441 μετὰ
541 407 587 434 τὴν
602 405 753 443 ἱερωσύνην.
767 407 815 432 Καὶ
831 402 874 432 δεῖ

55 451 83 484 μή
96 447 192 484 ἀγνοεῖν
209 452 296 475 τοῦτο
315 450 366 475 τὸν
381 451 429 475 σὺν
447 449 579 487 ἄπιστήμῃ
596 453 648 480 τοῖς
661 449 747 486 λόγοις
759 449 870 481 ἐντευξο-

54 503 117 528 μι-ιον
128 496 173 519 καὶ
189 496 428 530 συγ-γνωσόμενον
443 499 478 530 τῷ
494 492 581 531 ἀνδρὶ,
599 495 620 521 εἰ
638 498 682 521 νῦν
697 496 742 532 μὲν
760 496 824 531 πρὸς
841 496 869 521 τὸ

53 540 225 575 νεανικώτερον
248 537 486 577 ἀποθρασύνιται,
515 542 559 566 καὶ
590 543 645 570 τοῖς
673 539 701 566 ἐκ
731 544 869 571 ποιητικῆς

53 582 166 618 ἑνόμασιν
182 583 356 619 ὡραῖζεται,
367 584 506 622 κουρίζων,
519 585 551 614 ὡς
562 584 592 610 οἶν
612 594 652 615 τις
670 585 747 618 εἴποι,
765 585 869 610 καὶὺπό

54 628 198 664 θερμότητος
219 626 425 664 ἐκφερόμενοςι
447 632 488 654 νῦν
509 627 538 655 δὲ
551 628 691 664 ῦπαυχμος
707 631 821 664 φαίνεται
838 629 870 654 τὰ

52 671 131 707 πολλὰ,
161 674 208 697 καὶ
236 673 271 698 τὸ
303 671 435 708 ἀγλευκές
458 674 676 709 περιπτύσσεται*
709 673 786 700 Αἱτία
817 674 867 710 γὰρ

53 715 76 742 οὐ
92 719 217 742 τοσοῦτον
248 717 266 745 ἡ
298 716 353 746 ὕλη
378 721 428 743 τῶν
443 718 600 751 ὑποθέσεων,
617 718 677 743 ὅσον
697 719 711 747 ἡ
733 721 783 743 τῶν
803 717 868 754 βίων

54 759 166 798 διαφορά.
194 761 273 790 Πλὴν
296 764 349 787 καὶ
370 761 450 792 οὔτως
478 763 493 791 ἡ
524 763 646 799 ὁμοιότης
675 761 793 788 ἁπάντων
810 760 868 788 ὃια.

55 807 168 841 φαίνεται,
180 806 229 831 καὶ
241 807 296 831 τόΰ
309 805 398 832 αὐτοῦ
414 807 511 844 πατρὸς
526 810 603 842 φῦναι
617 807 722 837 τούτους
734 807 867 838 κάκιινους
884 822 903 849 Β

54 853 192 886 κατηγορεῖ.
221 849 290 875 Ἔτι
325 849 432 876 κάκεῖνο
461 851 614 887 προθεωριίν
641 849 790 887 ἀναγκαῖον,
822 852 866 883 ὡς,

56 895 122 922 ἡνίκα
132 895 178 929 μὶν
191 892 245 930 ἦγε
255 894 382 930 σχολὴν,
394 897 438 921 καὶ
453 898 512 932 περὶ
525 897 618 931 μόνους
629 894 686 931 εἶχε
696 897 755 927 τοὺς
763 895 840 931 λόγου
846 905 865 929 ς,

56 937 192 970 ἐπιδείξεως
220 942 326 977 χώραν
359 938 418 966 οὐδ’
442 939 484 968 ἐπὶ
515 942 660 978 κοινοτέραν
693 940 866 978 ἀκροατηρίου

58 983 215 1021 ίθεατρίσατο
229 994 237 1001 ο
253 985 278 1011 εἰ
294 995 326 1011 τι
343 983 375 1011 δε
389 984 544 1019 ἔπονήσατο,
560 985 619 1011 καθ’
635 985 736 1018 ἑαυτὸν,
752 986 765 1011 ὅ
778 995 865 1022 φασιν,

56 1026 116 1053 ἀδων
130 1027 285 1058 ἐπονήσατο
303 1036 311 1043 ·
328 1033 409 1056 τοῦτο
425 1027 451 1056 δ’
466 1031 526 1056 ὅσον
537 1029 638 1056 κολούει
656 1032 703 1059 τὴν
723 1029 762 1056 ὲπὶ
783 1030 868 1066 λόγοις

58 1071 178 1110 ἀκρίϐειαν
193 1073 254 1109 ἅμα
271 1076 324 1100 καὶ
342 1073 501 1110 φιλοτιμίαν,
522 1076 613 1102 ἴσασιν
629 1075 653 1100 οἱ
673 1072 781 1105 εἰδότες.
797 1074 867 1102 Ἐπεὶ

58 1115 81 1143 δὲ
93 1117 231 1154 ἱερωσύνης
247 1117 338 1147 ἑπέϐη
361 1120 406 1145 καὶ
422 1120 491 1154 παρά
509 1122 554 1145 τοῦ
570 1118 762 1155 ἐπαγγέλματος
778 1121 807 1147 τὸ
821 1123 866 1146 τοῦ

61 1160 131 1196 λέγειν
145 1165 188 1188 καὶ
210 1163 330 1199 γράφειν
353 1161 489 1199 ἐνδόσιμον
514 1163 611 1197 ἔλαϐεν,
632 1161 690 1190 οὐδ’
710 1163 820 1190 ἐνταῦθα
834 1165 867 1190 τὰ

58 1209 95 1235 τῆς
107 1205 260 1238 ἐπιδείξεως
278 1206 344 1243 εἶχε
359 1207 509 1245 προϐάλλειν
521 1207 704 1245 φιλοτιμότεραι
716 1216 721 1223 ·
733 1212 810 1236 τοῦτο
820 1210 865 1245 μὲν

58 1254 95 1279 τῆς
108 1252 248 1287 ἱερωσύνης
262 1252 295 1280 οὐ
314 1254 546 1289 προσποιουμένης
556 1251 617 1279 οὐδὲ
628 1253 673 1284 τὰς
689 1252 712 1278 ἐν
728 1252 796 1289 λόγῳ
809 1253 864 1280 ἐπι-

61 1292 151 1329 δείξεις,
165 1297 256 1333 ὥσπερ
273 1295 346 1323 οὑδὲ
356 1298 401 1328 τὰς
413 1296 436 1323 ἐν
450 1297 527 1334 ἑτέρῳ
542 1295 722 1333 οἰῳδηποτοῦν
732 1299 864 1335 κατορθώ-

61 1350 123 1375 ματι,
136 1342 174 1367 ὅτι
188 1344 226 1377 μὴ
243 1344 295 1368 καὶ
313 1341 413 1378 μᾶλλον
424 1340 536 1373 κηλῖδας
550 1342 767 1378 νομιζούσηςκαὶ
778 1353 865 1379 μειρα-

62 1383 131 1414 unda
153 1385 313 1423 ἀθύρματα,
344 1387 358 1416 ἦ
400 1385 596 1423 σπουδάσματα
623 1394 629 1401 ·
665 1391 741 1414 τοῦτο
764 1385 793 1414 δὲ
814 1392 863 1414 τῶν

67 1433 219 1466 ακροωμένων
245 1431 400 1467 Ἀθήνῃσιν
418 1431 501 1457 οὐκέτ’
532 1433 609 1457 ὢτων
629 1431 787 1468 φιλομαθών,
803 1430 864 1459 οὐδᾶ

66 1478 277 1509 προσικκαιὸντων
299 1478 354 1505 τὴν
380 1480 425 1502 τοῦ
443 1476 521 1511 λόγου
549 1477 702 1513 Θερμότητα,
720 1476 814 1513 μᾶλλον
835 1476 864 1503 δὲ
880 1499 899 1526 C

65 1521 188 1545 ποιούντων
204 1520 408 1554 ἓπινυστάζειν,
423 1521 462 1551 οἷς
476 1521 612 1557 ὑπόκωφον
631 1519 806 1548 ἐνδείκνυνται
817 1524 863 1551 τὴν

68 1562 187 1597 ἀκρόασιν,
208 1566 253 1591 ἶνα
267 1567 308 1601 μὴ
328 1564 405 1600 λέγω,
422 1566 461 1591 ὃτι
481 1566 532 1592 ὅσοι
555 1568 600 1591 καὶ
619 1565 698 1602 λύρας
714 1568 779 1600 ὄνος,
796 1568 864 1592 κατὰ

65 1610 101 1635 τήν
113 1612 265 1645 παροιμίαν,
278 1613 333 1635 τοῦ
343 1611 468 1646 περισσόν
483 1619 509 1636 τι
522 1609 637 1645 λέγοντος
655 1609 862 1648 ἐπιστρέφονται·

64 1650 89 1677 Ἠ
106 1662 132 1687 γε
148 1655 198 1688 μὴν
208 1653 338 1690 ἀσχολία
352 1655 436 1680 καὶτὸ
456 1655 506 1680 ὑπὸ
522 1655 683 1692 πραγμάτων
695 1654 863 1681 ἁνθὲλκεσθαι

65 1695 102 1721 οὐκ
110 1695 199 1723 ἐώντων
220 1698 434 1735 ἐξακριϐοῦσθαι
449 1699 481 1725 τὰ
497 1702 542 1725 τοῦ
557 1698 646 1734 λόγου,
663 1699 757 1736 μᾶλλον
774 1697 804 1726 δὲ
818 1703 863 1726 καὶ

66 1740 166 1777 πάρεργα
197 1742 438 1780 προσϐιαζομένων
469 1742 634 1778 λογίζεσθαι,
669 1745 756 1780 τρίτον
776 1743 803 1770 ὃν
829 1748 860 1780 τῇ

67 1787 239 1822 απαριθμήσει,
251 1792 362 1825 πρῶτον
375 1792 405 1824 τῇ
422 1786 533 1824 δυνάμει
549 1790 678 1824 φαίνεται.

94 1833 172 1857 ταῦτα
183 1837 349 1859 σνννοοῡντα
367 1834 409 1858 τὸν
422 1832 608 1869 ἐντευξόμενον,
625 1834 710 1870 χρεὼν
726 1835 761 1869 μὴ
777 1832 861 1870 βαρὺν

67 1872 174 1910 λογιστὴν
193 1877 376 1911 καθέζεσθαι,
391 1876 495 1912 ἀγάπης
506 1875 535 1903 δὲ
550 1877 654 1913 μᾶλλον,
671 1877 740 1914 εἰμὴ
756 1879 823 1904 πάνυ
836 1888 862 1904 τι

69 1923 105 1944 τοῦ
122 1919 237 1957 ἀκριϐοῦς
266 1923 306 1948 τὰ
326 1922 394 1948 οὕτω
413 1925 575 1958 πεπονημένα
604 1921 774 1957 ἐκπέπτωκεν,
808 1921 861 1948 ἀλλ’

71 1964 126 1989 ἔστιν
146 1964 174 1991 οὗ
195 1969 240 1993 καὶ
257 1970 311 1997 τῆς
335 1968 429 2002 τέχνης
449 1966 575 2002 ἐξέχεται,
592 1969 637 1992 καὶ
659 1968 705 1998 τὰς
729 1965 801 1998 ἰδέας
816 1971 862 1993 τοῦ

71 2007 186 2036 πολιτικοῦ
205 2011 288 2047 λόγου
312 2013 481 2048 συγκίρνησι,
496 2014 540 2038 καὶ
556 2013 614 2038 οὔτε
633 2013 661 2037 τὸ
677 2012 790 2048 καθαρὸν
806 2013 862 2048 ἔχει

72 2057 229 2090 πεποιημένον
249 2058 301 2082 καὶ
317 2055 354 2086 εἰς
367 2054 558 2091 χυδαιολογίαν
574 2055 795 2092 καταϐεϐλημένον
804 2058 862 2082 οὔτε

74 2099 95 2121 τό
113 2099 322 2136 περιϐεϐλημένον
339 2099 442 2137 σφόδρα
455 2102 707 2137 περιηγκωνισμένον
727 2103 770 2126 καὶ
784 2100 862 2127 λαϐυ-

74 2141 187 2175 Ρινθώδις,
207 2145 273 2170 ἀλλὰ
298 2147 344 2170 καὶ
368 2145 383 2173 ἡ
405 2144 526 2181 περιϐολὴ
552 2143 742 2181 διενκρίνηται,
767 2148 812 2171 καὶ
832 2147 860 2172 τὸ

75 2188 139 2220 rupi;
150 2188 347 2224 περιϐέϐληται,
363 2191 407 2214 καὶ
422 2191 531 2225 μετρίως
551 2189 693 2226 ἀμφότερα.
713 2188 861 2226 ’Πρμοσται
878 2179 899 2205 D

76 2227 98 2255 δέ
110 2234 147 2257 καὶ
159 2231 205 2259 ἀπο
220 2238 271 2260 τῶν
289 2234 385 2259 λοιπῶν
401 2232 485 2268 ide-bu,
501 2233 525 2264 ἐς
541 2234 602 2260 ὅσον
617 2233 674 2265 ἐξῆν
687 2242 693 2248 ”
711 2234 824 2270 μάλιστα
836 2233 861 2260 δ’

76 2273 103 2304 εἰς
118 2278 215 2312 μέγεθος
235 2280 349 2315 αἰρεται,
370 2280 414 2304 καὶ
428 2278 514 2308 πλέον,
531 2280 596 2314 ἤπερ
621 2279 634 2304 ὁ
660 2282 706 2304 τοῦ
726 2278 860 2304 πολιτικοὺ

78 2318 173 2349 θεσπίζει
190 2326 285 2348 κανών.
305 2324 355 2348 Καὶ
370 2322 399 2348 οὗ
412 2325 493 2348 κακία
510 2326 586 2348 τοῦτο
603 2321 690 2351 δήπου
705 2327 750 2348 τοῦ
770 2322 858 2358 λόγον,

77 2363 107 2387 ὅτι
119 2363 179 2399 μηδέ
193 2365 298 2402 σφόδρα
313 2365 461 2403 βονλομένῳ
473 2367 526 2392 οἷον
543 2376 568 2393 τε
581 2367 622 2400 ἧν,
635 2367 694 2393 ὅσον
704 2366 745 2393 ἐπὶ
758 2371 861 2404 σεμναῖς

79 2404 165 2440 ἐννοίαις
182 2413 215 2446 μὴ
237 2410 402 2447 διαίρεσθαι,
426 2411 464 2441 αἷς
484 2414 558 2437 πᾶσα
579 2414 749 2448 χιοιστιανικη
771 2411 861 2447 ὁμιλία

78 2457 191 2487 κοσμεῖται
205 2463 211 2469 ⁸
232 2456 262 2481 οὐ
283 2458 362 2491 μονον
375 2454 398 2480 ἐν
418 2455 612 2491 λογογραφίας,
631 2455 682 2481 ἀλλ’
700 2454 752 2485 ἤθη
774 2459 819 2482 καὶ
835 2455 859 2481 ἐν

79 2498 102 2529 τῇ
116 2497 320 2536 mmmam“;
333 2502 378 2525 τοῦ
391 2499 482 2535 λόγου.
498 2499 569 2526 Ὀσα
583 2501 644 2536 γὰρ,
657 2503 736 2536 φησὶν
750 2501 858 2538 tipatam

79 2542 115 2570 τῆς
128 2540 283 2574 Ἐκκλησίας.
307 2545 396 2579 σεμνὰ,
415 2545 436 2570 εὶ
447 2554 486 2574 τις
507 2544 583 2581 ἁρετὴ
601 2547 645 2570 καὶ
660 2546 681 2570 εἰ
692 2554 731 2575 τις
747 2546 857 2578 ἔπαινος,

79 2587 144 2611 ταντα
159 2590 199 2614 καὶ
212 2588 362 2625 λογίζεσθε,
387 2588 416 2615 Εἰ
442 2587 472 2615 δὲ
503 2590 548 2614 καὶ
568 2589 634 2624 μετὰ
653 2591 699 2618 τὴν
716 2590 857 2627 ἱερωσύνην

925 181 1017 213 tium;
1034 180 1066 209 id
1084 189 1180 209 unum
1202 182 1371 210 notandum
1391 184 1444 218 est,
1469 182 1569 218 plures
1591 190 1660 210 eum
1681 190 1748 212 ora-

925 226 1041 254 tionum
1057 234 1180 254 suarum
1190 228 1354 262 antequam
1367 226 1524 256 sacerdotii
1539 235 1651 255 munus
1665 227 1748 255 iniis-

925 271 979 302 set,
995 270 1159 307 scripsisse,
1178 272 1206 298 et
1219 270 1349 307 primam
1364 272 1502 309 quidem:
1519 271 1563 300 Ad
1574 279 1626 300 eos
1640 271 1693 308 qui
1707 271 1750 300 in-

925 312 1129 349 dignabantur
1139 315 1222 351 quod
1231 315 1335 344 lumen
1346 324 1436 344 suum
1451 316 1508 344 sub
1521 316 1623 345 modio
1631 316 1750 352 posuis-

925 360 984 392 set;
995 358 1065 387 dein
1074 359 1240 388 orationem
1251 359 1452 390 laudatoriam
1465 362 1496 390 in
1506 360 1629 390 beatum
1639 361 1751 389 archie—

924 403 1082 440 piscopum
1099 404 1284 440 Chonarum;
1301 405 1417 433 tertiam
1437 405 1568 443 denique
1582 405 1612 433 in
1627 405 1751 443 patriar-

925 447 1031 482 cham;
1058 450 1179 477 caeteras
1196 451 1295 477 autem
1321 457 1426 479 omnes
1441 453 1508 487 post
1531 450 1633 479 initum
1651 457 1749 479 sacer-

925 492 1024 520 dotale
1049 501 1160 521 munus
1190 493 1285 522 editas
1313 494 1422 529 fuisse;
1447 502 1525 531 quas
1553 503 1622 523 cum
1647 494 1751 529 legerit

925 537 1032 574 aliquis
1052 541 1150 567 mente
1167 539 1307 573 candida,
1325 540 1438 568 auctori
1454 539 1597 575 ignoscet,
1613 539 1665 567 ubi
1679 547 1749 568 cum

925 582 1089 611 temeritate
1100 583 1236 618 juvenili,
1257 583 1390 612 ﬂosculis
1406 584 1530 620 poeticis
1545 584 1695 620 pueriliter
1707 584 1750 612 in-

924 627 1023 661 haeret,
1039 630 1067 656 et
1077 627 1147 656 alibi
1162 630 1312 657 oratorem
1328 637 1358 656 se
1369 629 1485 657 aridum
1495 632 1523 658 et
1535 629 1651 657 nudum
1663 629 1747 664 gerit;

924 672 1011 707 cujus
1031 672 1072 700 rei
1096 680 1189 701 causa
1203 680 1266 701 non
1281 673 1527 702 dissertationum
1542 674 1677 710 materia,
1696 673 1749 703 sed

923 716 1091 745 differentia
1118 725 1269 746 annorum
1297 718 1439 746 habenda
1466 721 1519 755 est,
1550 718 1660 755 quibus
1683 718 1748 746 illas

923 761 1101 797 composuit.
1128 762 1237 790 Omnes
1261 764 1362 790 tamen
1378 763 1420 790 sic
1444 771 1567 799 quoque
1583 763 1749 791 similitudi-

922 813 992 834 nem
1003 805 1136 842 aliquam
1147 814 1209 842 prae
1222 815 1252 835 se
1263 807 1392 836 ferentes
1405 807 1443 835 ab
1450 807 1557 836 eodem
1566 816 1596 835 se
1605 807 1748 844 scriptore

922 853 1041 879 exortas
1058 859 1122 879 esse
1138 852 1210 880 satis
1223 852 1365 880 clamant.
1379 854 1410 880 ln
1421 860 1482 888 quo
1495 853 1523 880 id
1539 861 1660 889 quoque
1670 860 1748 888 prae-

921 898 1025 924 notare
1036 896 1122 931 juvat
1137 896 1231 932 quod,
1247 897 1271 924 si
1287 897 1396 925 decoro
1421 905 1490 925 cum
1509 897 1568 925 otio
1582 897 1684 925 litteris
1698 905 1747 926 so-

920 940 956 968 lis
972 940 1115 975 studeret,
1129 948 1190 968 non
1205 941 1375 969 auditorum
1387 941 1626 969 benevolentiam
1646 943 1746 977 capta—

921 987 973 1020 ret,
986 985 1016 1012 id
1025 993 1119 1013 unum
1131 994 1224 1020 agens
1234 988 1266 1014 ut
1278 985 1335 1013 sibi
1347 986 1405 1022 ipsi
1420 985 1640 1014 suiﬁceret.Hoc
1648 994 1746 1023 quan-

923 1031 986 1057 tum
1002 1033 1110 1058 noceat
1133 1030 1217 1066 operi
1243 1030 1440 1066 conﬁciendo,
1457 1038 1558 1059 rerum
1572 1030 1749 1066 hujusmodi

922 1073 1008 1110 periti
1017 1073 1117 1113 probe
1129 1076 1250 1103 norunt.
1264 1074 1321 1102 Sed
1334 1077 1402 1110 post
1412 1075 1613 1103 sacerdotium
1625 1082 1747 1112 quoque

921 1118 1039 1153 initum,
1069 1118 1121 1146 ubi
1145 1118 1265 1147 dicendi
1289 1118 1477 1148 scribendive
1501 1119 1585 1147 locus
1609 1121 1680 1152 erat,
1702 1119 1747 1147 vir

921 1171 1029 1199 parum
1060 1163 1238 1192 ambitiosus
1270 1163 1359 1199 longe
1381 1164 1420 1192 ab
1444 1164 1528 1193 omni
1548 1164 1747 1192 ostentatione

921 1207 1025 1236 abfuit.
1042 1208 1101 1236 Nec
1119 1208 1246 1242 mirum;
1264 1208 1434 1237 sacerdotes
1454 1207 1534 1236 enim
1548 1208 1586 1236 de
1604 1207 1746 1244 operibus

920 1259 938 1280 a
961 1260 992 1280 se
1021 1252 1137 1289 scriptis
1160 1260 1221 1280 non
1242 1253 1339 1287 magis
1362 1260 1456 1289 quam
1471 1252 1508 1280 de
1523 1260 1703 1289 quacunque
1716 1260 1747 1280 re

919 1297 1075 1325 mundana
1100 1297 1221 1334 spiritus
1248 1305 1366 1326 sumere
1388 1297 1474 1325 decet
1495 1305 1501 1331 ;
1530 1305 1596 1333 quae
1612 1297 1715 1325 omnia
1731 1305 1747 1325 e

919 1344 1023 1370 contra
1045 1350 1100 1378 pro
1122 1342 1212 1377 nugis
1238 1350 1273 1370 ac
1295 1342 1467 1378 quisquiliis
1493 1341 1637 1370 habenda
1666 1344 1746 1370 sunt.

919 1387 981 1414 Huc
995 1386 1074 1414 adde
1095 1387 1178 1423 quod
1194 1387 1388 1415 Athenienses
1409 1386 1503 1414 nostri
1517 1386 1674 1422 temporis,
1690 1394 1746 1414 au-

919 1430 1020 1458 diendi
1034 1439 1143 1467 parum
1156 1431 1268 1467 cupidi,
1284 1433 1346 1459 arte
1357 1431 1484 1459 oratoris
1497 1431 1655 1459 difﬁculter
1671 1431 1747 1458 exci'

920 1477 1028 1506 tantur,
1050 1475 1111 1503 imo
1139 1476 1216 1504 inter
1240 1476 1417 1504 concionem
1442 1475 1615 1504 obdormire
1639 1475 1745 1509 solent,

918 1522 947 1548 et
958 1521 1043 1556 parvi
1057 1520 1187 1557 pendere
1201 1529 1270 1548 eum
1285 1521 1336 1556 qui
1358 1521 1510 1555 egregiam
1533 1520 1666 1556 aliquam
1681 1527 1745 1547 rem

917 1565 1048 1602 protulit,
1063 1574 1081 1593 a
1095 1573 1156 1602 qua
1169 1574 1229 1593 non
1246 1566 1345 1593 minus
1360 1573 1453 1601 quam
1469 1565 1571 1592 asinus
1586 1572 1604 1592 a
1617 1564 1682 1600 lyra
1694 1564 1746 1592 ab-

917 1608 1047 1638 horrent.
1064 1610 1092 1638 ai
1108 1610 1224 1638 tertium
1241 1609 1309 1637 dein
1324 1609 1574 1645 impedimentum
1587 1607 1743 1636 admittere

917 1654 1010 1687 voles,
1036 1657 1198 1690 memento,
1222 1654 1273 1682 otii
1289 1654 1470 1685 absentiam,
1485 1653 1674 1688 negotiorum
1694 1659 1742 1680 ur-

917 1699 1048 1734 gentiam
1062 1699 1159 1727 facere
1169 1701 1200 1727 ut
1214 1699 1325 1734 stylum
1337 1701 1365 1726 et
1375 1698 1548 1732 dictionem,
1561 1697 1652 1725 rebus
1659 1697 1745 1734 parvi

917 1744 1063 1772 momenti
1078 1743 1168 1772 nimis
1181 1744 1322 1778 intentus,
1336 1743 1437 1771 minus
1452 1751 1548 1771 cures.

953 1832 1041 1869 Cujus
1060 1833 1104 1861 rei
1126 1840 1242 1861 memor
1260 1832 1353 1860 lector
1379 1840 1441 1860 non
1456 1831 1570 1867 rigidus
1590 1830 1686 1866 judex
1701 1838 1744 1859 se-

916 1877 1007 1912 debit,
1031 1877 1085 1905 sed
1110 1877 1277 1912 indulgebit
1296 1877 1379 1913 operi
1403 1876 1503 1904 minus
1528 1875 1666 1912 expolita,
1692 1875 1744 1904 ubi

917 1922 987 1949 artis
1008 1921 1137 1957 vestigia
1159 1922 1262 1958 aliqua
1286 1922 1316 1949 in
1339 1921 1475 1955 vocibus,
1496 1920 1548 1948 ubi
1573 1919 1744 1947 orationum

917 1969 1095 1994 ornamenta
1108 1974 1168 1993 non
1184 1966 1407 1994 contemnenda
1426 1963 1661 2000 comprehendet
1674 1971 1743 1990 cum

917 2011 1048 2040 claritate
1058 2010 1234 2038 sufﬁciente.
1250 2009 1420 2046 Saepissime
1436 2009 1515 2037 enim
1532 2009 1626 2044 stylus
1641 2007 1679 2035 ad
1694 2015 1742 2034 su-

916 2056 1006 2084 blime
1019 2063 1113 2092 usque
1127 2055 1259 2083 ascendit
1271 2055 1349 2082 ultra
1361 2062 1453 2091 quam
1465 2054 1509 2082 fas
1524 2055 1568 2081 est
1582 2055 1665 2080 etars
1675 2059 1742 2079 ora-

916 2102 992 2129 toria
999 2100 1184 2137 permittit.ld
1195 2108 1318 2135 quoque
1330 2099 1411 2127 nullo
1420 2099 1510 2127 modo
1519 2106 1587 2126 cum
1599 2097 1743 2133 vituperio

916 2145 1084 2173 notandum
1095 2147 1138 2172 est
1149 2144 1172 2171 si
1182 2146 1282 2171 orator
1290 2143 1318 2170 in
1331 2142 1571 2171 edendisdivinis
1578 2140 1743 2170 meditatio-

916 2190 1007 2217 nibus
1019 2188 1231 2216 sublimitatem
1239 2188 1398 2222 alTectat,id
1409 2187 1492 2224 quod
1502 2195 1557 2215 nec
1568 2186 1745 2222 ineloquen-

918 2235 955 2262 tia
971 2234 1146 2267 Christiana,
1158 2241 1213 2260 nec
1223 2234 1254 2260 in
1265 2233 1399 2260 oratione
1409 2232 1537 2268 pedestri
1547 2231 1742 2268 displicuerit.

915 2281 1049 2314 Namque
1058 2277 1192 2305 Ecclesia:
1202 2285 1339 2305 summus
1350 2280 1450 2304 orator
1458 2276 1542 2304 dicit:
1551 2277 1744 2311 Quaecunque

915 2323 1049 2360 pulchra.
1063 2323 1086 2350 si
1102 2330 1162 2358 qua
1174 2322 1275 2357 virtus,
1293 2322 1316 2349 si
1327 2329 1389 2358 qua
1409 2321 1475 2349 laus
1494 2321 1668 2357 disciplinae,
1679 2320 1744 2348 licet:

915 2368 1041 2402 cogitate
1056 2367 1201 2402 (Philipp.
1214 2367 1257 2401 lV,
1270 2367 1306 2395 8'.
1322 2366 1350 2393 Si
1364 2374 1435 2394 vero
1451 2368 1743 2402 postmunussacer-

914 2412 1014 2440 dotale
1035 2412 1152 2445 initum,
1169 2411 1319 2438 orationes
1335 2411 1514 2444 elegantiam
1535 2410 1681 2445 poeticam
1697 2417 1743 2436 re-

914 2456 1024 2489 dolent,
1048 2455 1160 2492 quippc
1177 2463 1244 2490 qum
1262 2454 1346 2482 aliter
1369 2454 1468 2490 politus
1485 2462 1549 2481 esse
1565 2453 1740 2489 nequibant,

912 2508 974 2528 non
987 2503 1032 2528 est
1043 2501 1125 2536 quod
1142 2499 1283 2527 lectorum
1302 2499 1419 2526 veniam
1432 2501 1553 2534 expetas
1563 2497 1645 2525 haud
1658 2497 1740 2530 igno-

911 2545 1042 2572 rantium
1059 2545 1272 2572 llodicrnarum
1292 2543 1547 2571 declamationum
1562 2541 1740 2569 bacchicum

911 2590 1042 2618 furorem
1063 2597 1079 2618 a
1103 2589 1166 2618 sola
1196 2589 1325 2625 Calliope
1357 2587 1529 2622 oriundum,
1552 2588 1584 2614 ut
1598 2585 1735 2614 omittam

110 2728 142 2764 tt)
155 2731 184 2759 tn
197 2731 391 2770 inscriptione
404 2731 496 2768 hujus
512 2739 556 2761 or.
571 2732 654 2769 apud
670 2732 774 2762 Band.
787 2734 858 2770 Πρὸς

953 2734 1106 2770 ιχοομένους
1126 2731 1171 2759 διὰ
1190 2733 1218 2758 τό
1235 2727 1435 2768 ὰφιλόνδεικτον,
