1947 3077
61 113 98 138 317
817 110 966 138 ΝΟΊἹΤῙΑ.
1675 112 1728 139 318

59 174 81 206 tl,
107 171 237 203 πολιτῶν),
275 173 323 197 καὶ
352 171 475 208 παράπαν
503 170 686 206 ἀφαντωθῆναι
715 170 828 197 κινδυνει

961 179 1001 199 nu
1011 170 1173 199 auxiliante
1184 171 1320 207 spiritum
1336 173 1502 207 recuperat.
1517 173 1590 200 Nam
1602 180 1662 201 non
1671 172 1730 200 nisi

58 225 119 248 mea,
151 215 234 250 εὶμὴ
279 218 326 240 νῦν
359 214 488 250 ἀνεδέγΧοι
525 216 618 252 μικρὸν
651 217 696 241 καὶ
736 215 826 247 συλλέξ

959 225 975 243 n
990 224 1083 251 regno
1094 217 1268 244 renasceute
1283 216 1350 252 ipsa
1364 216 1482 244 renasci
1496 224 1588 252 posse
1602 217 1728 245 videtur.

57 265 150 296 πνεῦμα,
176 260 252 296 ποιρὰ
289 263 335 289 τῆς
357 259 550 297 μεγαλουργοῦς
574 262 620 286 καὶ
643 257 851 291 πλουτοδότιὸος

56 303 274 340 ἀθαλαμεανομένη
315 302 414 339 δεξιᾶς,
446 307 490 330 χαὶ
513 305 578 340 μετὰ
599 308 647 334 τῆς
675 309 764 336 κοινῆς
789 304 851 331 ἁνα-

58 353 144 381 torem;
159 348 314 375 ἀπολαύσω
327 352 372 375 καὶ
390 348 460 380 ἰδίας
474 349 646 385 ἐμπνεύσιως.

87 395 156 422 Hanc
166 393 347 429 panegyrin
359 393 498 421 undecim
510 393 644 430 epistolae
660 395 837 430 sequuntur.

86 440 141 471 XIV,
162 446 191 473 p.
217 440 266 466 73.
292 438 447 474 Ἐπιταφίος
461 437 494 468 εἰς
513 440 556 464 τὸν
571 441 718 475 μακαρίτην
739 436 951 474 ἀρχιμανδρίτην
971 442 1020 463 τῶν
1033 437 1057 463 ἐν
1075 437 1195 469 ’Λθήναις
1209 440 1391 475 μοναστηρίων
1405 439 1494 472 κύριον
1508 441 1648 474 Νέοφυτον.
1662 440 1724 466 Ine.

59 483 81 509 Εἰ
92 486 130 508 καὶ
144 482 265 518 Σολομῶν
282 483 332 518 ἔφη
350 492 400 508 που
416 484 597 519 γνωματεύων.
611 483 673 510 Fin.
690 482 724 509 ’Ἡ
737 485 858 519 πρότερον
874 482 1026 518 ἱλεούμενος,

85 528 142 555 Post
156 527 222 555 haec
238 527 342 554 codex
354 527 518 554 orationem
531 527 688 555 funebrem
700 527 731 555 in
746 527 1005 563 archiepiscopum
1021 527 1318 556 Thessalonicensem
1332 527 1518 555 Eustathium
1532 527 1660 555 exhibet.
1670 528 1728 556 Sed

57 580 85 600 ne
93 571 222 600 ordinem
239 573 420 606 temporum
438 571 659 607 perturbemus,
677 571 819 607 epistolas
832 579 883 599 sex
895 571 934 598 ad
944 571 1176 599 illustrissimum
1187 571 1270 599 illum
1285 571 1422 599 Ecclesiae
1437 572 1598 600 antistitem
1614 573 1727 601 missas

55 617 110 644 huic
123 616 186 643 loco
196 615 379 645 inserimus.
396 618 475 643 textu
487 617 588 644 Graeco
601 624 616 643 e
626 616 747 644 Tafellio
764 618 886 651 sumpto
904 616 958 652 (α).

83 661 130 696 XV,
145 668 175 696 p.
188 662 237 694 '78,
253 660 288 688 b.
305 659 431 696 Μονῳδία
445 660 481 691 εἰς
494 662 538 686 τόν
551 660 696 696 ἁγιώτατον
708 660 852 687 Θεσσαλονι

389 659 431 687 δία
445 660 481 691 εἰς
494 662 538 686 τόν
551 660 696 696 ἁγιώτατον
708 660 902 690 Θεσσαλονίκης
912 662 989 697 κύρον
1006 660 1158 687 Εὐστιὶθιον.

82 706 138 739 XVI,
153 712 183 740 p.
199 706 245 732 86.
263 704 477 741 ’Υπομνηστικὸν
494 705 530 735 εἰς
542 707 586 731 τὸν
598 704 710 740 βασιλέα
722 707 781 742 κύρ.
794 704 906 736 Ἀλεξιον
919 706 961 730 τὸν
982 707 1124 741 Κομνηνον,

83 749 236 777 Monendus
253 749 314 777 erit
329 749 421 778 lector
436 752 469 777 ut
485 749 578 777 hocce
590 750 734 785 scriptum
749 749 787 777 ad
803 749 938 777 Alexium
961 751 992 776 Ill
1009 750 1154 783 Angelum
1178 750 1387 778 tantummodo
1407 750 1523 783 referat,
1540 750 1592 780 aui
1609 752 1730 782 auctore

58 793 283 829 Niceta(Hist.p.
299 795 356 822 295
373 794 414 829 Β),
431 796 595 830 postquam
611 793 732 822 fratrem
749 801 842 829 regno
857 793 1025 829 spoliasset,
1043 793 1105 821 sive
1114 794 1249 828 ejusdem
1266 794 1346 827 odio,
1364 794 1426 821 sive
1439 794 1521 830 quod
1533 802 1643 822 nomen
1659 801 1729 828 gen-

58 840 94 871 tis,
106 847 167 875 quae
182 846 236 874 per
256 847 361 866 annos
380 846 475 874 supra
489 841 610 867 centum
630 847 798 874 purpuram
814 840 991 873 gestaverat,
1022 839 1050 864 et
1070 837 1149 865 unde
1169 839 1232 873 ipse
1247 846 1301 873 per
1315 841 1441 866 matrem
1463 841 1545 866 ortus
1558 841 1630 872 erat,
1643 838 1729 866 nobi-

58 883 99 910 lius
112 883 231 915 ducens,
248 883 399 911 Comneni
413 890 526 911 nomen
543 883 728 919 adoptasset.
744 884 779 911 Ut
791 890 895 910 verum
906 882 1053 912 dicamus,
1070 882 1106 909 de
1123 881 1224 910 Alexio
1236 882 1352 918 llimp.,
1363 882 1415 919 qui
1431 886 1511 910 anno
1528 883 1594 910 H83
1609 885 1726 911 sextum

60 927 189 955 decimum
207 935 307 962 agens
328 935 444 955 annum
468 927 641 955 interfectus
660 930 714 962 est,
743 927 801 954 hoc
821 926 887 954 loco
906 926 1036 960 cogitare
1064 926 1146 954 haud
1172 926 1249 960 licet,
1274 927 1356 962 quod
1379 926 1454 954 ordo
1484 926 1724 962 chronologicus,

57 979 129 1007 quem
144 971 266 999 Michael
278 979 440 1007 nunquam
450 979 511 999 non
526 971 665 1006 religiose
682 971 819 1003 servavit,
834 970 1252 1005 ejusmodimonogrammate
1265 970 1442 998 turbaretur.
1456 972 1496 998 De
1508 970 1609 998 Alexio
1624 974 1725 999 autem

60 1016 123 1042 Vaut
136 1015 166 1042 Vl
182 1023 285 1043 sermo
302 1023 374 1043 esse
387 1024 448 1043 non
468 1018 575 1052 potest,
593 1016 665 1051 quia
677 1023 830 1052 nusquam
839 1014 982 1043 Comneni
998 1022 1109 1042 nomen
1128 1017 1366 1051 assumpserunt,
1380 1015 1476 1050 gentis
1490 1015 1612 1042 nomine
1622 1015 1726 1050 Angeli

59 1062 80 1086 et
94 1060 170 1086 Ducas
189 1059 327 1087 contenti
340 1068 346 1093 ;
363 1059 424 1087 imo
435 1067 504 1087 vero
519 1059 616 1087 simile
631 1062 677 1087 est
694 1059 732 1087 de
752 1059 886 1095 ipsorum
897 1066 990 1094 regno
1004 1058 1087 1086 brevi
1098 1067 1194 1095 eoque
1207 1059 1399 1087 tumultuario
1413 1059 1606 1087 Athenienses
1617 1066 1726 1095 parum

60 1111 167 1130 curasse.
185 1103 251 1131 Pius
269 1106 377 1131 noster
388 1103 643 1140 archiepiscopus,
657 1111 748 1141 quem
759 1102 990 1130 Atheniensibus
1000 1110 1018 1130 a
1031 1103 1120 1130 feroci
1132 1104 1227 1138 Sguro
1251 1102 1384 1130 obsessis
1398 1110 1612 1139 quamcunque
1625 1105 1729 1139 posset

61 1154 132 1182 opem
145 1154 198 1183 pro
214 1147 294 1175 virili
311 1150 398 1183 parte
421 1147 523 1175 tulisse
540 1147 682 1181 vidimus,
708 1147 766 1175 hoc
790 1147 856 1183 ipso
882 1146 994 1174 christo
1018 1146 1205 1174 demonstrat
1220 1154 1251 1174 se
1264 1154 1281 1174 a
1297 1147 1390 1174 sacris
1406 1146 1468 1173 suis
1484 1146 1728 1174 meditationibus

60 1198 106 1218 non
118 1199 182 1218 eum
192 1191 221 1219 in
235 1191 368 1219 modum
382 1191 562 1228 absorptum
577 1191 680 1225 fuisse,
703 1194 733 1219 ut
756 1191 866 1219 civium
886 1199 1009 1218 suorum
1026 1190 1152 1218 salutem
1168 1198 1202 1218 ac
1213 1190 1440 1227 prosperitatem
1456 1198 1492 1218 ex
1507 1190 1602 1218 oculis
1618 1191 1729 1219 amise-

61 1234 98 1262 rit.
108 1234 186 1266 Quod
201 1234 371 1262 dictionem
400 1235 531 1262 auctoris
557 1234 650 1263 nostri
665 1236 778 1269 attinet,
795 1238 823 1262 et
844 1243 937 1270 quam
959 1235 1042 1270 justo
1064 1235 1249 1262 devotiorem
1263 1235 1371 1271 aliquis
1385 1235 1502 1268 dixerit,
1516 1235 1687 1263 memineris
1699 1235 1729 1262 in

62 1278 180 1305 omnibus
201 1287 271 1314 qum
302 1279 345 1306 ad
366 1278 563 1315 imperatores
584 1279 758 1316 suppliciter
789 1279 998 1310 scriberentur,
1015 1287 1167 1306 summam
1191 1287 1310 1315 semper
1332 1278 1529 1306 humilitatem
1552 1279 1728 1315 requisitam

63 1321 145 1350 luisse.
160 1322 189 1349 Id
204 1325 308 1350 autem
324 1322 448 1350 minime
465 1323 580 1351 silentio
594 1323 648 1351 erit
664 1323 903 1359 praetereundum
921 1323 1093 1351 Michaelem
1109 1331 1159 1351 ore
1181 1323 1333 1351 liberrimo
1347 1323 1559 1359 imperatorem
1572 1323 1609 1350 de
1624 1326 1728 1359 praeto-

64 1374 114 1393 rum
129 1375 160 1394 ac
175 1368 411 1402 magistratuum
427 1367 678 1395 concussionibus
695 1371 722 1395 et
738 1362 951 1395 malis-artibus
965 1367 1131 1400 monuisse,
1147 1367 1176 1394 id
1193 1367 1275 1404 quod
1288 1367 1397 1395 nostris
1407 1367 1530 1403 quidem
1543 1367 1728 1403 temporibus

65 1410 237 1445 iniquioribus
249 1414 334 1439 certe
350 1411 474 1439 auribus
485 1412 683 1448 acciperetur.
694 1412 737 1439 Ad
748 1412 899 1447 politicam
915 1411 1039 1447 quidem
1051 1411 1233 1439 Athenarum
1250 1411 1405 1439 historiam
1420 1411 1628 1439 illustrandam
1641 1411 1727 1439 libel-

65 1452 99 1479 lus
111 1461 232 1489 praesens
242 1455 320 1492 plus
334 1463 426 1491 quam
443 1455 481 1483 ad
496 1455 640 1483 Eustathii
655 1455 828 1484 litterariam
849 1455 1073 1484 dilucidandam
1095 1455 1298 1487 nontribuerit,
1321 1456 1434 1492 quippe
1449 1463 1516 1491 quae
1529 1455 1616 1483 nobis
1626 1464 1726 1484 mons-

67 1499 116 1530 trat,
129 1501 216 1527 certas
232 1498 359 1528 Athenis
375 1499 581 1527 immunitates
593 1499 684 1528 fuisse
697 1508 758 1527 non
779 1501 965 1536 spernendae
979 1507 1048 1536 quas
1061 1500 1086 1527 vi
1098 1502 1259 1535 praetorum
1277 1500 1448 1535 usurpative
1460 1500 1571 1527 nefarie
1583 1500 1725 1528 laederen-

66 1544 106 1567 tur.
125 1542 256 1571 Dictionis
271 1542 386 1571 deinde
402 1543 578 1571 Michaelica:
599 1543 755 1572 barbaries
782 1547 810 1572 et
830 1544 997 1572 obscuritas
1012 1543 1190 1578 gravissima
1202 1543 1232 1571 in
1247 1544 1335 1571 alium
1351 1544 1486 1578 linguam
1501 1543 1726 1572 traducentibus

66 1583 196 1615 obstacula
206 1588 359 1624 praebent.
376 1589 456 1615 Hanc
471 1588 719 1624 scriptiunculam
730 1589 759 1616 in
777 1588 879 1616 codice
900 1587 1098 1616 Laurentiano
1114 1588 1279 1616 octodecim
1294 1587 1425 1623 epistola
1441 1590 1618 1623 sequuntur.

93 1630 157 1664 XVII,
173 1640 200 1667 p.
213 1634 258 1661 93.
273 1635 463 1669 Προσφὼνημα
479 1632 512 1663 εἰς
527 1634 570 1658 τὸν
586 1631 791 1669 γυναικάδελφον
818 1636 864 1659 τοῦ
882 1631 1012 1669 βασιλέως
1034 1632 1166 1659 Βασίλειον
1181 1635 1225 1659 τὸν
1246 1634 1388 1668 Κομνηνόν,
1406 1632 1465 1660 Inc.
1486 1633 1535 1658 Τὸν
1547 1631 1725 1668 μεγαλουργὸν

67 1672 178 1709 “puli-1.
195 1675 255 1704 Fin.
272 1681 328 1706 Τῆς
344 1679 470 1712 μετεώρου
479 1676 586 1712 λυχνίας
597 1681 646 1703 τῶν
659 1676 817 1714 ἀνακτόρων.

93 1718 169 1752 XVIII,
180 1728 210 1756 p.
224 1723 267 1756 98,
281 1721 317 1749 b.
335 1723 518 1758 Προσφώνημα
534 1721 569 1752 εἰς
583 1723 626 1747 τὸν
646 1723 727 1757 μέγαν
742 1723 839 1748 Δούκαν
854 1722 897 1747 τὸν
913 1723 1051 1758 Στρυφνόν.
1068 1721 1128 1749 Inc.
1146 1720 1220 1748 Ἔδει
1234 1723 1278 1758 μὲν
1293 1719 1508 1757 διαμεμενηκέναι
1523 1720 1644 1750 Ἀθήνας.
1663 1720 1724 1747 Fin.

69 1763 105 1787 Rari
113 1765 167 1798 πρὸς
181 1767 235 1795 τοὺς
250 1765 339 1792 ἐκεῖσε
351 1765 486 1800 γαληνὶους
496 1765 601 1801 λιμένας
616 1766 828 1802 μεθορμὶςοντος.

955 1773 992 1793 na
1004 1766 1094 1801 huius
1105 1766 1298 1794 allocutionis
1314 1766 1474 1794 recentiori
1481 1773 1574 1793 manu
1586 1765 1724 1799 suppleta

67 1810 118 1833 sunt
129 1813 244 1843 propter
258 1811 352 1837 unius
361 1810 433 1844 folii
446 1810 595 1844 defectum
620 1813 690 1838 ante
699 1818 770 1844 pag.
790 1811 836 1837 104

961 1813 1121 1844 propterea
1133 1811 1234 1845 prima
1254 1810 1343 1838 verba
1358 1814 1388 1846 τῇ
1407 1808 1487 1844 δόξῃ·
1505 1807 1685 1845 δεδοξασμένα
1695 1806 1724 1834 δὲ

69 1849 206 1883 tamne-im
218 1853 274 1881 κτλ.
294 1862 353 1889 quo
365 1855 536 1888 pertineant
550 1855 742 1889 ignoramus;
758 1855 865 1882 ultima
882 1857 980 1882 tamen
995 1862 1055 1882 esse
1073 1855 1204 1889 alicujus
1221 1855 1362 1887 homitiae,
1379 1857 1460 1889 patet
1474 1862 1513 1882 ea."
1525 1854 1723 1886 conclusione,

69 1901 116 1928 qua?
128 1896 164 1924 ita
176 1898 261 1926 habet
280 1907 287 1925 ι
303 1899 351 1924 Ὧν
364 1897 387 1924 ἐν
399 1898 497 1934 μεθέξει
512 1901 556 1924 καὶ
572 1899 646 1935 ἡμεις
661 1899 838 1936 εόρεοείημενι

661 1899 822 1936 εόρεοείημεν
832 1896 879 1924 διὰ
894 1898 982 1926 Ἰησοῦ
996 1903 1123 1935 Χριστοῦ,
1135 1899 1190 1925 κτλ·
1207 1901 1319 1932 BANDIN,
1336 1906 1366 1934 p.
1382 1901 1425 1926 15.

95 1939 308 1970 Quatuordecim
326 1942 459 1978 epistolae
481 1950 541 1970 non
558 1943 639 1978 parvi
661 1942 815 1975 momenti,
839 1941 989 1978 siquidem
1010 1951 1110 1971 rerum
1137 1944 1347 1972 maximarum.
1361 1951 1489 1978 quarum
1507 1942 1629 1970 Michael
1640 1941 1723 1969 testis

70 1981 118 2016 iuit,
130 1987 156 2012 ut
165 1986 437 2022 Constantinopolis
453 1990 557 2023 captaa,
573 1986 641 2014 belli
655 1989 760 2014 contra
776 1987 902 2022 Sgurum
915 1989 944 2014 et
957 1987 1076 2015 Latinos
1088 1987 1173 2021 gesti,
1189 1987 1317 2015 auctoris
1332 1987 1425 2015 exsilii
1440 1995 1535 2023 usque
1548 1987 1585 2015 ad
1597 1989 1724 2014 mortem

71 2024 144 2055 fratris
154 2029 332 2059 documenta
345 2031 497 2059 exhibent.

96 2072 148 2106 nx,
160 2082 187 2109 p.
205 2076 262 2108 HIS,
279 2075 311 2103 b.
327 2074 454 2102 Μονωὸία
478 2075 513 2105 εἰς
536 2077 579 2101 τὸν
596 2073 705 2111 ἀδελφὸν
722 2075 801 2101 αὐτοῦ
817 2076 907 2112 κύριον
927 2077 1043 2104 Νικήταν
1059 2077 1101 2101 τὸν
1122 2076 1269 2104 Χωνιάτην.
1290 2075 1350 2103 Inc.
1367 2075 1402 2102 Ὠ
1421 2077 1535 2111 πονηρᾶς
1559 2073 1691 2110 ἀγγελίας,
1704 2073 1724 2099 ὦ

75 2120 145 2150 πικρᾶς
157 2117 279 2153 ἀκοῆς,ἧς
295 2118 432 2150 ἀδοκήτως
445 2130 491 2156 μοι
507 2119 683 2150 ἐπιπεσούσης
699 2117 753 2146 ὦτα
768 2121 812 2156 μὲν
829 2119 844 2145 ἀ

953 2119 1169 2156 τεριϐομϐηθέντοι
1181 2119 1314 2156 ἀμφοτέρα
1325 2120 1431 2155 ἦχησεί
1457 2119 1480 2147 Ο
1495 2119 1635 2147 acerbum
1648 2126 1722 2146 nun-

74 2159 128 2187 tium
139 2169 170 2189 ac
181 2165 390 2199 tristissimum,
408 2172 466 2200 quo
481 2172 572 2192 aures
587 2172 658 2192 meae
673 2165 749 2192 mire
764 2168 916 2192 resonant.

98 2203 215 2240 Superest
229 2207 292 2236 haec
309 2208 405 2236 oratio
417 2208 551 2236 funebris
566 2208 595 2235 in
617 2209 754 2236 Latinum
773 2208 879 2236 tradita
905 2217 1074 2236 sermonem
1091 2217 1108 2237 a
1130 2210 1213 2236 Petro
1227 2208 1367 2239 Morellio,
1383 2210 1411 2235 et
1424 2208 1531 2243 legitur
1542 2208 1571 2235 in
1591 2208 1727 2236 Historia

75 2254 150 2276 rerum
163 2251 190 2278 in
206 2252 325 2281 Oriente
336 2256 501 2288 gestarum,
520 2253 657 2281 Francof.
674 2254 740 2280 1568
756 2255 783 2280 et
794 2252 825 2280 in
838 2253 1025 2280 Bibliothecis
1043 2254 1093 2280 PP.
1108 2254 1175 2280 Post
1188 2252 1356 2281 Monodiam
1373 2254 1407 2280 78
1420 2252 1551 2288 epistolse
1562 2252 1701 2287 leguntur
1717 2260 1724 2279 :

99 2292 169 2329 XX,p.
181 2295 396 2333 164.Προ6εωρία
411 2297 444 2327 εἰς
459 2301 520 2327 τοῦς
531 2296 581 2322 ἀπὸ
592 2296 686 2333 ψυχῆς
696 2300 740 2323 καὶ
758 2301 875 2333 σώματος
885 2297 988 2332 λόγους.
1006 2299 1062 2325 Inc.
1079 2300 1131 2327 Τὴν
1142 2301 1187 2323 τοῦ
1200 2297 1306 2332 λογικοῦ
1320 2299 1414 2334 μέρους
1427 2297 1573 2332 τῆςψυχῆς
1586 2295 1723 2334 διαφοράν.

77 2335 122 2379 Fin.
131 2341 208 2365 Ταῦτα
221 2340 273 2367 ἔδει
286 2343 514 2379 προθεωρηθῆναι,
530 2345 575 2368 καὶ
589 2340 621 2370 δὴ
637 2343 854 2378 προτεθεώρηται.
880 2343 917 2369 Ex
940 2344 1015 2369 orat.
1027 2342 1136 2369 animae
1154 2350 1159 2368 :
1176 2341 1205 2367 Εἰ
1227 2342 1271 2377 μὲν
1293 2341 1354 2378 παρ’
1380 2341 1465 2371 αλλοις
1493 2342 1540 2367 οῦκ
1563 2340 1662 2367 εἰδόσιν
1684 2339 1723 2366 ἐπ’

77 2381 161 2416 παριείς,
176 2387 218 2413 τὴν
226 2387 281 2412 κατ’
298 2386 362 2422 ἐμοῦ
372 2386 492 2423 ἐπήρειαν
508 2390 552 2412 τοῦ
568 2387 700 2421 augur/oi;
714 2389 770 2412 τότε
787 2389 843 2422 σώμ

954 2386 992 2413 in.
1011 2385 1049 2412 Δι’
1068 2387 1138 2422 ὑμῶν
1154 2385 1210 2414 κτλ.
1229 2401 1257 2405 -
1280 2385 1310 2412 P.
1329 2387 1390 2413 169.
1403 2387 1442 2413 Ex
1462 2388 1537 2413 orat.
1563 2385 1697 2421 corporis
1716 2393 1722 2412 :

84 2426 138 2453 οσην
144 2430 181 2462 μὲν
194 2428 263 2466 ὓϐριν
275 2433 321 2456 καὶ
336 2428 469 2468 λοιδορίαν
478 2432 521 2456 καὶ
532 2430 607 2459 ἡλίκα
619 2433 766 2466 σκώμματα
772 2430 888 2468 Ξυμφορή
895 2440 965 2457 σασα
971 2432 1078 2466 κατέχεέ
1084 2439 1133 2466 μου
1143 2430 1157 2459 ἡ
1170 2432 1248 2466 σεμνὴ
1259 2429 1347 2466 ψυχή.
1355 2430 1455 2459 Fin.‘l’i)
1461 2440 1503 2466 φος
1510 2431 1724 2466 καὶτὰπρακτέα,

77 2469 109 2513 ταὶ
120 2473 146 2504 μή
162 2470 319 2509 διορίζουσα.
336 2490 370 2494 —
386 2475 415 2503 P.
432 2477 492 2502 176.
508 2475 537 2500 Ἠ
555 2473 691 2505 διαίτησις
706 2479 755 2500 τῶν
766 2473 909 2502 δικαστῶν.
932 2475 990 2502 Inc.
1008 2473 1165 2511 Ἐπειδήπερ
1179 2476 1224 2500 καὶ
1237 2473 1385 2512 ἀμφοτέρων
1400 2477 1461 2506 τοὺς
1476 2475 1566 2510 λόγους
1576 2475 1725 2509 ἠκούσαμεν

79 2513 114 2537 τίνά
123 2517 195 2551 μέρος.
212 2518 269 2546 Fin.
284 2519 328 2550 Εἰς
342 2521 389 2548 τὴν
404 2521 499 2556 χώραν
510 2523 559 2545 τῶν
573 2518 672 2545 ἀσεϐῶν
687 2518 848 2554 ἀπενεχθῆναι

430 2521 499 2556 ώραν
510 2523 559 2545 τῶν
573 2518 672 2545 ἀσεϐῶν
687 2518 863 2554 ἀπενεχθῆναι
879 2519 903 2544 ἐν
914 2523 1022 2556 Χριστῷ
1039 2520 1128 2547 Ἰησοῦ
1141 2519 1195 2546 κτλ.

104 2557 196 2589 Prolixa
213 2563 274 2591 hth
289 2567 317 2592 et
331 2564 465 2592 absurda
489 2565 713 2598 Prosopopm’a,
736 2571 830 2599 quam
853 2563 998 2591 Morellius
1020 2564 1168 2597 nominat,
1195 2572 1256 2591 non
1273 2563 1443 2592 Michaelem
1455 2565 1607 2591 auctorem
1622 2561 1724 2593 habet,

81 2600 118 2644 sed
129 2603 283 2639 Gregorium
296 2607 462 2641 Palamam,
480 2607 613 2644 archiep.
634 2607 778 2642 ThessaI.,
799 2608 851 2644 qui
871 2607 953 2644 apud
979 2608 1147 2636 Catholicos
1169 2610 1319 2636 Romanos
1340 2608 1488 2636 haereseos
1507 2607 1661 2642 promotor
1674 2613 1725 2633 auo

81 2642 165 2688 diebat:
174 2650 248 2679 Tales
260 2652 339 2680 enim
357 2651 540 2684 Michaelem,
559 2642 661 2680 senem
673 2642 901 2687 calamitosum;
920 2653 949 2679 iu
978 2652 1081 2680 animo
1109 2652 1238 2688 pueriles
1264 2652 1352 2680 ludos
1379 2652 1507 2686 agitasse
1520 2650 1609 2686 longe
1624 2658 1642 2678 a
1655 2657 1726 2678 vero

83 2687 200 2721 abhorret.

95 2732 160 2779 .XXI,
173 2744 200 2772 ι).
219 2741 273 2768 177.
284 2744 336 2767 Τοῦ
347 2741 427 2767 αὐτοῦ
444 2739 552 2777 σχέὸος.
570 2743 628 2768 Inc.
644 2741 674 2767 Εἰ
689 2743 734 2767 καὶ
755 2743 791 2777 μὴ
805 2743 864 2778 χρότ

955 2740 1040 2778 μὲνγῇ
1058 2740 1208 2779 βαρϐάρων.
1226 2741 1309 2769 Adde
1324 2740 1422 2768 locum
1439 2739 1579 2769 mutilum
1594 2749 1600 2768 :
1619 2741 1724 2767 οὑτωσὶ

86 2781 209 2822 “fama”:
219 2787 247 2820 τῇ
263 2783 385 2821 βασιλίδι
394 2789 444 2812 τῶν
454 2785 560 2819 πόλεων,
573 2788 618 2811 καὶ
632 2787 661 2812 τὸ
678 2788 791 2822 μήπω...

105 2818 127 2847 (⁸)
137 2818 327 2858 Ἂῖθὶὶιεὶὶιίέι-ἱριι
341 2829 402 2854 infra
411 2818 566 2858 colligemus:
581 2829 633 2852 ideo
648 2818 729 2852 titulos
741 2829 778 2851 hic
790 2831 881 2865 tantum
890 2829 1038 2853 exhibemus.
1052 2831 1121 2852 Enrr.
1132 2831 1206 2852 Ριπι.
