1947 3077
244 114 295 147 323
681 113 864 144 MICHAELIS
883 113 1074 143 ACOMINATI
1093 113 1307 142 ATHENARUM
1325 112 1484 142 ARCHIEP.
1889 113 1942 140 324

474 282 1037 358 MICHAELIS

1127 281 1706 356 AGOMINATI

892 430 1274 485 CHONIAT/E

625 546 899 578 SANCTISSIMI
927 545 1198 577 ATHENARUM
1221 544 1541 577 METROPOLITIE

989 644 1190 684 ORATIO

784 745 910 771 HABITA
929 744 963 771 IN
984 742 1041 770 DIE
1061 743 1168 771 FESTO
1190 744 1390 772 PALMAHUM.

688 833 860 868 (Combeﬁs.
878 831 1012 859 Biblioth.
1026 829 1208 864 concionet.,
1219 832 1292 858 tom.
1305 830 1350 863 Ill,
1362 838 1393 867 p.
1408 830 1483 866 417),

282 950 529 978 Ρτωεὶειινὶςεὶωυς
545 957 650 984 regum
665 949 811 984 propheta
828 947 927 978 David.
945 947 1072 974 immen-
1087 945 1110 971 Α
1127 945 1269 973 comitatu
1283 947 1399 980 vectus,
1424 945 1482 973 adv

1127 945 1269 973 comitatu
1283 947 1399 980 vectus,
1424 945 1570 973 adversus
1584 945 1742 973 infernum
1763 944 1931 973 velitatione

246 1002 312 1022 sam
329 994 400 1022 solis
417 993 681 1029 pulchritudinem,
711 992 952 1027 imlefessamque
972 989 1073 1017 celeri-

245 1041 336 1066 tatem
361 1039 525 1066 admirans.
543 1040 570 1065 et
597 1038 659 1072 ipse
684 1037 746 1064 ait:
765 1038 919 1070 Tanquam
946 1042 1071 1070 sponsus

241 1084 405 1118 procedens
421 1084 456 1110 de
468 1083 599 1109 thalamo
615 1090 666 1108 suo
682 1090 687 1107 :
701 1081 859 1108 exsultabit
875 1083 907 1107 ut
925 1080 1011 1114 gigas
1030 1080 1071 1107 ad

244 1127 423 1155 currendum
438 1128 516 1154 viam
528 1134 629 1153 suam:
645 1130 670 1153 el
688 1133 827 1153 occursus
848 1126 911 1157 ejus
926 1131 1018 1159 usque
1030 1124 1071 1151 ad

245 1178 383 1198 summun
404 1171 480 1204 creti,
498 1178 551 1197 nec
568 1173 609 1197 est
630 1170 681 1204 qui
699 1177 729 1196 se
754 1168 916 1196 abscondat
933 1175 952 1195 a
970 1168 1070 1195 calore

245 1216 309 1249 ejus
322 1217 341 1241 ¹.
353 1215 472 1243 Miratus
485 1215 597 1250 quippe
609 1214 651 1240 vir
663 1214 905 1249 sapientissimus
920 1215 974 1246 est,
986 1212 1070 1239 sidus

244 1260 302 1288 hoc
317 1259 498 1292 maximum,
508 1262 621 1294 quanta
635 1258 794 1293 prmnitens
806 1256 1027 1293 pulchritudine
1039 1256 1068 1284 in

245 1312 362 1332 morem
379 1304 482 1339 sponsi
494 1304 523 1330 in
536 1303 670 1330 orientali
686 1303 835 1329 horizonte
847 1302 950 1333 oritur,
965 1301 1068 1336 gigan—

244 1353 352 1384 teaque
368 1348 514 1376 celeritate
531 1350 620 1383 atque
636 1348 737 1382 vigore
753 1347 790 1374 ad
804 1347 988 1374 horizontem
1004 1354 1068 1381 per-

245 1393 352 1421 vadite
366 1393 513 1420 diametro
526 1392 708 1427 Oppositum,
726 1391 797 1418 nihil
808 1391 967 1418 obscurato
980 1390 1069 1418 tantis

243 1438 300 1466 illis
311 1445 461 1465 annorum
472 1437 676 1464 voluminibus
692 1436 786 1471 ipsius
795 1436 902 1463 decore
910 1443 946 1463 ac
958 1435 1067 1471 specie,

244 1490 342 1518 neque
356 1482 383 1509 vi
397 1481 608 1511 dissoluta.sed
624 1481 730 1508 eodem
740 1488 857 1515 semper
866 1480 957 1508 modo
972 1480 1068 1508 exsul-

244 1529 316 1561 tare,
347 1534 508 1562 rerumque
539 1526 759 1553 universitatem
787 1525 869 1552 nullo
894 1524 998 1553 labore
1023 1524 1067 1552 lu-

245 1574 350 1605 strare,
376 1579 430 1598 nec
446 1578 507 1598 non
527 1570 607 1598 vitali
630 1569 854 1597 micantissima:
874 1569 949 1596 lucis
967 1568 1068 1597 deﬂuo

1126 993 1246 1021 functus
1259 995 1318 1021 Rex
1333 993 1445 1028 gloriae,
1457 993 1564 1021 inferni
1579 993 1719 1030 proxime
1728 993 1871 1030 praedam
1887 1001 1932 1028 ag—

1126 1038 1485 1074 gressusest,primasque
1491 1038 1560 1065 inde
1567 1038 1727 1066 charissim
1733 1046 1788 1065 um
1797 1039 1930 1065 Lazarum

1124 1082 1190 1109 tulit
1204 1083 1375 1110 manubias.
1393 1083 1485 1110 Unius
1501 1083 1583 1110 vocis
1594 1090 1669 1111 sono
1680 1083 1811 1118 tyranni
1826 1084 1930 1118 perter-

1123 1126 1183 1155 ruit
1193 1134 1387 1163 arces,exque
1398 1127 1504 1154 mediis
1515 1130 1623 1155 cuncta
1635 1128 1777 1154 vorantis
1791 1127 1860 1154 ferae
1871 1126 1918 1154 {au

1124 1171 1221 1204 cibus,
1236 1179 1324 1199 ovem
1340 1179 1428 1199 suam
1440 1171 1539 1199 bonus
1554 1171 1659 1199 Pastor
1670 1171 1815 1199 extraxit.
1832 1171 1926 1199 Suain

1123 1223 1216 1251 specu
1230 1218 1401 1251 correptum
1414 1216 1490 1244 latro
1506 1217 1650 1244 Lazarum
1665 1215 1845 1244 detinebat:
1861 1223 1925 1243 mox

1124 1262 1225 1288 tamen
1236 1260 1338 1288 audita
1350 1260 1503 1288 Dominica
1516 1268 1587 1288 voce
1599 1260 1769 1293 infremuit,
1787 1262 1876 1295 atque
1889 1259 1923 1287 ad

1122 1303 1198 1332 lucis
1223 1312 1329 1332 auram
1357 1304 1523 1332 redivivum
1539 1311 1694 1339 emergere
1716 1304 1844 1332 dimisit.
1865 1304 1922 1331 Non

1124 1349 1203 1376 enim
1215 1348 1260 1376 fas
1275 1351 1339 1376 erat
1356 1348 1529 1376 obdormire
1539 1349 1570 1376 in
1583 1352 1713 1376 mortem
1729 1348 1811 1376 velut
1826 1350 1922 1375 natum

1123 1401 1160 1420 ex
1170 1392 1305 1425 muliere,
1322 1393 1372 1420 sed
1388 1393 1553 1428 expergisci
1568 1393 1620 1429 qui
1635 1393 1694 1429 ipsi
1711 1393 1782 1420 vitae
1795 1391 1923 1420 charissi—

1123 1445 1192 1464 mus
1205 1437 1319 1465 esset.0
1334 1436 1463 1472 ingentis
1479 1437 1602 1471 virtutis,
1620 1436 1694 1472 quin
1711 1437 1778 1464 imo
1792 1436 1921 1471 omnipo-

1122 1483 1231 1510 tentem
1239 1489 1344 1509 vocem
1353 1481 1428 1517 lqua
1434 1483 1527 1516 portae
1533 1481 1640 1509 mortis
1646 1484 1733 1509 metu
1741 1480 1920 1517 panduntur,

1121 1526 1290 1561 infernique
1297 1525 1443 1560 janitores
1454 1528 1575 1561 stupore
1590 1525 1801 1560 obriguerunt,
1811 1532 1846 1552 ac
1856 1530 1920 1559 qua-

1122 1570 1278 1598 triduanus
1293 1569 1400 1597 exsiliit
1425 1572 1576 1598 mortuus.
1592 1571 1665 1597 Vere
1693 1569 1815 1598 catulus
1832 1567 1920 1596 leonis

243 1615 377 1651 implere.
406 1615 481 1647 Qum
508 1615 597 1642 etiam
616 1622 670 1648 ego
694 1614 745 1649 qui
770 1614 869 1648 ipsum
882 1613 1003 1648 justitite
1021 1620 1067 1640 so-
1083 1617 1105 1644 Β
1123 1615 1255 1642 Christus
1268 1614 1294 1648 ις
1307 1621 1450 1649 nuncque
1461 1613 1525 1641 solo
1536 1614 1635 1649 rugitu
1648 1613 1748 1642 feram
1764 1612 1918 1641 exterruit:

244 1660 303 1687 lem
328 1660 486 1691 Christum,
503 1662 591 1695 atque
620 1659 750 1685 siderum
778 1660 972 1690 conditorem,
988 1665 1068 1685 nova

242 1712 357 1740 pompa
380 1704 595 1739 procedentem
606 1703 735 1736 videam,
752 1702 858 1729 eadem
874 1710 943 1729 cum
958 1701 1068 1729 Davide

242 1751 276 1775 ut
286 1755 394 1775 canam
409 1747 667 1782 adducormempe
680 1747 762 1781 quod
774 1747 835 1781 ipse
850 1746 955 1781 sponsi
964 1745 994 1773 in
1006 1753 1069 1773 mo-

240 1800 304 1819 rem
320 1791 486 1826 procedens
504 1790 540 1817 de
557 1791 689 1817 thalamo
701 1799 754 1817 suo
769 1790 920 1817 exsultat-it
937 1792 969 1818 ut
981 1790 1067 1825 gigas

242 1835 280 1863 ad
295 1835 473 1863 currendam
487 1835 566 1861 viam
578 1843 674 1867 suam,
684 1842 736 1869 per
752 1834 881 1861 mediam
892 1833 1068 1875 Jerusalem,

242 1879 370 1908 inauditi
388 1879 503 1906 saeculis
519 1878 661 1906 omnibus
673 1878 815 1913 triumphi
830 1886 864 1905 ac
889 1878 1069 1906 miraculum

241 1932 330 1952 omne
347 1924 491 1951 vincentis
508 1923 606 1958 specie
630 1926 881 1958 extemporaneus
898 1931 1005 1951 ovans.
1028 1926 1069 1952 Ac

241 1968 362 2005 quidem
381 1969 476 1995 exitus
492 1968 555 2003 ejus
571 1976 587 1995 a
599 1975 718 1994 summo
735 1967 823 1994 eualoz
836 1968 903 1995 inde
920 1968 1069 2004 siquidem

240 2016 351 2041 nostrte
369 2013 472 2040 salutis
486 2021 580 2039 causa
596 2012 668 2039 nihil
683 2012 749 2039 loco
770 2013 912 2047 dimotus,
929 2012 1010 2040 viam
1025 2021 1069 2041 se-

240 2065 307 2085 care
323 2057 430 2093 coepit;
447 2060 475 2084 et
498 2065 640 2084 occursus
670 2057 733 2091 ejus
761 2065 856 2092 usque
880 2056 919 2084 ad
934 2060 1068 2086 extrema

240 2101 316 2135 coeli,
345 2101 465 2129 intimas
486 2101 597 2128 scilicet
609 2100 716 2127 inferni
732 2104 850 2136 partes;
864 2101 922 2128 illic
935 2108 1067 2138 namque

239 2146 471 2182 dispensationis
494 2154 601 2173 cursus
626 2146 786 2173 terminum
814 2146 929 2180 habuit,
952 2149 984 2174 ut
1011 2154 1066 2174 nec

239 2190 355 2218 inferna
370 2190 419 2218 illa
438 2190 504 2218 loca
529 2190 567 2218 ab
592 2191 656 2225 ejus
677 2199 708 2218 se
729 2191 827 2218 calore
843 2190 1041 2219 absconderet
1057 2199 1064 2218 :

239 2235 368 2270 indeque
382 2243 485 2262 rursus
502 2235 579 2264 velut
593 2235 632 2262 ab
647 2235 809 2267 occidente,
832 2235 996 2262 matutinus
1015 2243 1063 2263 ex-

239 2281 334 2313 ortus,
347 2279 452 2306 iisdem
468 2279 532 2306 cmli
547 2279 669 2307 sedibus
683 2280 853 2307 restituitur.
866 2279 948 2306 Prius
963 2281 1064 2307 tamen

239 2331 332 2360 quam
344 2323 373 2350 in
384 2323 533 2351 infernum
545 2324 732 2351 descendens
740 2324 816 2351 inter
826 2326 960 2351 mortuos
969 2323 1066 2360 splen-

239 2368 318 2401 deat,
335 2368 468 2396 divinam
492 2369 659 2404 quamdam
685 2369 765 2395 velut
784 2368 928 2403 prtemisit
949 2375 1063 2400 vocem,

239 2420 275 2441 ea
303 2412 539 2448 quatriduanum
569 2421 586 2439 a
611 2412 736 2439 mortuis
767 2413 951 2447 suscitans’,
973 2420 1064 2449 quem

238 2465 333 2485 unum
349 2465 385 2484 ex
399 2457 569 2484 animarum
580 2457 705 2484 extraxit
714 2457 822 2485 caveis,
831 2457 917 2491 cujus
929 2457 1064 2491 victoria,

238 2510 351 2538 pompa
368 2502 454 2529 hodie
471 2501 615 2537 procedit,
630 2509 665 2528 ac
682 2504 859 2536 praesentem
880 2509 916 2528 ex
930 2503 1065 2537 tempore

237 2547 424 2582 triumphum
442 2546 584 2580 instituit;
598 2553 706 2580 nempe
725 2546 820 2573 Sionis
842 2547 901 2573 Rex
916 2545 963 2573 ille
978 2553 1065 2574 man-

238 2594 338 2619 suetus
350 2592 371 2623 3,
388 2599 449 2618 non
471 2591 569 2618 aureis
597 2590 727 2626 phaleris
754 2591 879 2618 instrato
901 2598 989 2627 equo,
1011 2599 1064 2619 seu

236 2635 311 2663 alias
328 2644 418 2663 curru
438 2643 540 2667 aureo,
564 2635 617 2662 sed
634 2635 820 2670 pauperculo
835 2635 928 2664 asello
940 2643 1077 2671 paupere

1122 1659 1180 1686 Leo
1205 1659 1282 1686 enim
1304 1659 1414 1693 rugiel,
1430 1657 1539 1694 inquit,
1556 1661 1584 1686 et
1609 1659 1675 1693 quis
1691 1666 1752 1686 non
1767 1656 1919 1692 pavebit'?

1122 1702 1206 1730 Brevi
1221 1705 1322 1730 autem
1333 1702 1473 1738 postipse
1485 1710 1608 1738 quoque
1621 1702 1775 1730 recubans
1784 1700 1915 1729 dormiet:

1124 1750 1154 1775 at
1161 1747 1212 1774 ubi
1223 1750 1361 1775 conserto
1369 1746 1458 1774 veluti
1471 1746 1548 1782 pede
1558 1754 1627 1774 cum
1636 1749 1734 1775 morte
1744 1751 1916 1781 congressus

1123 1791 1346 1826 fuerit.penitus
1361 1790 1544 1826 proﬂigabit.
1560 1791 1644 1818 Nunc
1660 1790 1787 1826 quidem
1801 1791 1916 1817 tremen-

1123 1837 1197 1862 dum
1213 1843 1248 1863 ac
1270 1834 1423 1870 ingentem
1444 1838 1542 1863 cetum
1567 1834 1631 1862 solo
1653 1835 1773 1863 eminus
1797 1833 1915 1862 clamore

1124 1879 1243 1913 subegit
1257 1889 1262 1908 :
1280 1887 1350 1907 mox
1373 1887 1442 1907 vero
1454 1880 1537 1906 Jonas
1551 1879 1583 1906 in
1607 1886 1725 1907 morem
1738 1879 1804 1914 ejus
1820 1877 1915 1913 sponte

1123 1923 1198 1951 rictu
1212 1923 1423 1951 absorbendus
1432 1926 1484 1957 est,
1492 1931 1554 1959 quo
1562 1923 1657 1959 ipsius
1667 1923 1805 1958 disrupto
1814 1923 1913 1952 ventre,

1124 1975 1201 2003 quos
1216 1976 1234 1995 a
1250 1967 1358 1995 saeculo
1374 1967 1526 2003 absorpsit
1541 1975 1647 1996 omnes
1668 1966 1857 1995 extraxerit“.
1870 1965 1914 1991 Ta-

1124 2012 1210 2040 metsi
1226 2016 1303 2040 terra
1317 2016 1389 2046 erat,
1401 2015 1429 2040 et
1443 2013 1474 2040 in
1490 2015 1599 2041 terram
1615 2012 1734 2041 abierat
1749 2010 1914 2040 Lazarus,at

1123 2057 1255 2085 Christus
1270 2059 1334 2084 erat
1345 2057 1398 2093 qui
1409 2057 1565 2084 hominem
1580 2064 1596 2084 e
1611 2060 1689 2085 terra
1708 2053 1911 2084 condidere“;

1122 2110 1158 2130 ex
1173 2109 1234 2137 quo
1257 2102 1347 2129 etiam
1363 2101 1505 2135 clamore,
1519 2102 1562 2129 uti
1575 2104 1604 2129 et
1629 2101 1789 2137 spiracula,
1806 2099 1912 2127 mortuo

1121 2146 1228 2174 iterum
1252 2145 1396 2182 ﬁgmento
1412 2146 1547 2174 animam
1566 2145 1687 2174 refudit.
1714 2147 1780 2174 Jam
1800 2142 1909 2180 quidem

1120 2190 1242 2218 {cetebat
1267 2191 1338 2218 tabo
1361 2190 1526 2218 resolutum
1556 2190 1687 2219 cadaver
1712 2192 1801 2226 atque
1824 2193 1910 2215 corru.

1119 2238 1223 2271 ptum;
1248 2237 1279 2263 at
1294 2235 1399 2263 Christi
1420 2243 1478 2263 vox
1502 2235 1568 2263 vitae
1596 2234 1639 2262 illi
1655 2234 1732 2262 odor
1746 2233 1809 2261 fuit.
1834 2228 1907 2271 Ουοίξ

1086 2290 1107 2317 C
1120 2265 1224 2307 mortis
1238 2280 1356 2307 vinctus
1376 2279 1484 2308 institis
1498 2279 1636 2307 astrictus
1651 2281 1723 2312 erat,
1740 2276 1828 2305 vetuit
1845 2265 1907 2301 uilli1

1119 2324 1192 2360 quin
1208 2323 1298 2358 longe
1313 2323 1552 2360 progrederetur,
1568 2322 1693 2359 jubente
1706 2322 1813 2350 scilicet
1823 2317 1905 2346 Chris—

1119 2371 1148 2396 to
1165 2377 1171 2395 :
1200 2369 1272 2396 Veni
1295 2369 1380 2403 foras
1391 2369 1411 2403 ³,
1435 2368 1488 2404 qui
1503 2368 1604 2396 educit
1617 2368 1733 2396 vinctos
1750 2366 1779 2394 in
1805 2362 1904 2392 fortitu-

1119 2413 1188 2440 dine
1200 2422 1207 2446 ;
1224 2412 1358 2440 similiter
1372 2420 1424 2440 eos
1438 2413 1490 2448 qui
1500 2412 1637 2440 habitant
1647 2420 1677 2440 in
1689 2409 1855 2448 sepulcris'.

1156 2457 1266 2485 Psallat
1277 2457 1341 2492 jam
1356 2458 1481 2485 Lazarus
1494 2465 1563 2485 cum
1576 2457 1685 2485 Davide
1700 2466 1707 2484 :
1727 2456 1794 2484 Non
1812 2449 1904 2480 dereli-

1120 2502 1211 2538 quiin
1220 2502 1352 2529 animum
1362 2509 1457 2529 meam
1478 2502 1510 2530 in
1526 2502 1656 2536 inferno,
1672 2509 1724 2529 nec
1736 2496 1839 2528 dedisti
1847 2501 1904 2522 san-

1119 2549 1199 2574 ctum
1210 2549 1294 2573 tuum
1305 2546 1405 2574 videre
1414 2547 1636 2581 corruptionem
1647 2547 1724 2580 *°,et,
1733 2540 1857 2578 Implesti
1865 2543 1902 2565 me

1120 2591 1226 2619 [rentia
1237 2598 1304 2618 cum
1314 2591 1401 2618 vultu
1410 2596 1474 2619 tuo:
1485 2599 1546 2619 non
1555 2591 1635 2618 enim
1644 2588 1784 2618 oblivioni
1793 2583 1902 2631 traditi)?

1120 2643 1199 2667 sum,
1213 2634 1288 2663 sicut
1300 2637 1438 2663 mortuus
1454 2643 1472 2663 a
1485 2636 1575 2663 corde
1584 2636 1606 2653 “
1617 2644 1627 2671 ;
1644 2635 1698 2663 sed
1712 2634 1826 2662 mortuo
1839 2625 1899 2656 mihi

278 2723 284 2760 ξ
304 2722 381 2749 Psal.
397 2725 510 2760 xxuitﬁ
526 2732 609 2759 seqq.
649 2724 659 2739 ²
680 2724 765 2751 Joan.
781 2732 808 2754 ιι,
823 2725 866 2751 41.
906 2724 917 2740 ³
932 2723 1019 2752 Zach.
1035 2732 1074 2760 ix,
1088 2725 1114 2760 9.
1154 2724 1165 2741 ‘
1185 2724 1257 2752 Gen.
1275 2725 1391 2760 xux,’9.
1430 2724 1441 2740 ⁵
1461 2724 1483 2750 Α

1154 2724 1165 2741 ⁵
1185 2724 1257 2752 Gen.
1275 2725 1391 2760 xux,79.
1430 2724 1441 2740 ⁵
1461 2724 1564 2752 Amos.
1580 2731 1623 2758 ιιι,
1643 2724 1671 2751 3.
1708 2722 1719 2739 ⁶
1735 2722 1814 2749 Joan.
1833 2723 1858 2750 ιιι
1877 2714 1896 2739 ί·

239 2758 249 2775 π
265 2758 338 2786 Gen.
353 2766 383 2792 ιι,
397 2762 422 2785 7.
462 2760 472 2776 ⁸
483 2758 613 2795 δοδηῖιι,
630 2761 673 2787 44.
714 2760 723 2776 ⁹
735 2759 813 2787 Psal.
827 2767 920 2792 LXVIII,
935 2761 961 2786 7.
1002 2760 1026 2778 ¹⁰
1039 2758 1117 2789 Psal.
1131 2767 1158 2796 ν,
1177 2761 1218 2788 l0.
1258 2760 1279 2777 “
1296 2759 1372 2788 Psal.
1384 2767 1452 2792 xxx,
1470 2761 1479 2787 l

1131 2767 1158 2796 ν,
1177 2761 1218 2788 l0.
1258 2760 1279 2777 “
1296 2759 1372 2788 Psal.
1384 2767 1452 2792 xxx,
1470 2761 1511 2788 l3.
