  <div class='ocr_page' id='page_1' title='image "/cluster/home/n/w/nwhite01/storage/ocr_20150623/140/njp.32101010942850/188.png"; bbox 0 0 1947 3077; ppageno 0'>
   <div class='ocr_carea' id='block_1_1' title="bbox 41 141 77 167">
    <p class='ocr_par' dir='ltr' id='par_1_1' title="bbox 41 141 77 167">
     <span class='ocr_line' id='line_1_1' title="bbox 41 141 77 167; baseline -0.028 0"><span class='ocrx_word' id='word_1_1' title='bbox 41 141 77 167; x_wconf 74' lang='lat'><strong>3‘25</strong></span> 
     </span>
    </p>
   </div>
   <div class='ocr_carea' id='block_1_2' title="bbox 39 196 874 236">
    <p class='ocr_par' dir='ltr' id='par_1_2' title="bbox 39 196 874 236">
     <span class='ocr_line' id='line_1_2' title="bbox 39 196 874 236; baseline -0.006 -8"><span class='ocrx_word' id='word_1_2' title='bbox 39 200 104 229; x_wconf 79' lang='lat' dir='ltr'><strong>fecisti</strong></span> <span class='ocrx_word' id='word_1_3' title='bbox 115 198 258 228; x_wconf 86' lang='lat' dir='ltr'><strong>mirabilia</strong></span> <span class='ocrx_word' id='word_1_4' title='bbox 275 199 310 226; x_wconf 83' lang='grc'><strong>¹².</strong></span> <span class='ocrx_word' id='word_1_5' title='bbox 328 199 407 227; x_wconf 85' lang='lat' dir='ltr'><strong>Sane</strong></span> <span class='ocrx_word' id='word_1_6' title='bbox 421 199 544 236; x_wconf 85' lang='lat' dir='ltr'><strong>quidem</strong></span> <span class='ocrx_word' id='word_1_7' title='bbox 559 199 717 235; x_wconf 79' lang='lat' dir='ltr'><strong>complura</strong></span> <span class='ocrx_word' id='word_1_8' title='bbox 732 196 832 225; x_wconf 88' lang='lat' dir='ltr'><strong>Chris-</strong></span> <span class='ocrx_word' id='word_1_9' title='bbox 849 197 874 222; x_wconf 82' lang='lat' dir='ltr'><strong>A</strong></span> 
     </span>
    </p>
   </div>
   <div class='ocr_carea' id='block_1_3' title="bbox 39 241 834 280">
    <p class='ocr_par' dir='ltr' id='par_1_3' title="bbox 39 241 834 280">
     <span class='ocr_line' id='line_1_3' title="bbox 39 241 834 280; baseline -0.004 -9"><span class='ocrx_word' id='word_1_10' title='bbox 39 250 69 272; x_wconf 88' lang='lat' dir='ltr'><strong>tus</strong></span> <span class='ocrx_word' id='word_1_11' title='bbox 80 243 198 271; x_wconf 84' lang='lat' dir='ltr'><strong>exhibuit</strong></span> <span class='ocrx_word' id='word_1_12' title='bbox 211 243 381 278; x_wconf 83' lang='lat' dir='ltr'><strong>magniﬁca</strong></span> <span class='ocrx_word' id='word_1_13' title='bbox 396 251 497 280; x_wconf 82' lang='lat' dir='ltr'><strong>opera,</strong></span> <span class='ocrx_word' id='word_1_14' title='bbox 518 243 629 279; x_wconf 82' lang='lat' dir='ltr'><strong>quibus</strong></span> <span class='ocrx_word' id='word_1_15' title='bbox 643 251 732 270; x_wconf 80' lang='lat' dir='ltr'><strong>sensu</strong></span> <span class='ocrx_word' id='word_1_16' title='bbox 744 241 834 269; x_wconf 88' lang='lat' dir='ltr'><strong>desti-</strong></span> 
     </span>
    </p>
   </div>
   <div class='ocr_carea' id='block_1_4' title="bbox 38 285 832 322">
    <p class='ocr_par' dir='ltr' id='par_1_4' title="bbox 38 285 832 322">
     <span class='ocr_line' id='line_1_4' title="bbox 38 285 832 322; baseline -0.004 -7"><span class='ocrx_word' id='word_1_17' title='bbox 38 288 191 316; x_wconf 67' lang='lat' dir='ltr'><strong>tutistudaeis</strong></span> <span class='ocrx_word' id='word_1_18' title='bbox 203 295 295 315; x_wconf 85' lang='lat' dir='ltr'><strong>suam</strong></span> <span class='ocrx_word' id='word_1_19' title='bbox 310 288 499 315; x_wconf 78' lang='lat' dir='ltr'><strong>manifestam</strong></span> <span class='ocrx_word' id='word_1_20' title='bbox 514 287 577 315; x_wconf 87' lang='lat' dir='ltr'><strong>ﬁeri</strong></span> <span class='ocrx_word' id='word_1_21' title='bbox 589 288 715 322; x_wconf 82' lang='lat' dir='ltr'><strong>gloriam</strong></span> <span class='ocrx_word' id='word_1_22' title='bbox 727 285 832 318; x_wconf 88' lang='lat' dir='ltr'><strong>voluit;</strong></span> 
     </span>
    </p>
   </div>
   <div class='ocr_carea' id='block_1_5' title="bbox 38 332 835 368">
    <p class='ocr_par' dir='ltr' id='par_1_5' title="bbox 38 332 835 368">
     <span class='ocr_line' id='line_1_5' title="bbox 38 332 835 368; baseline -0.004 -8"><span class='ocrx_word' id='word_1_23' title='bbox 38 333 174 368; x_wconf 83' lang='lat' dir='ltr'><strong>multosque</strong></span> <span class='ocrx_word' id='word_1_24' title='bbox 186 335 326 360; x_wconf 88' lang='lat' dir='ltr'><strong>m0rtuos</strong></span> <span class='ocrx_word' id='word_1_25' title='bbox 340 332 502 366; x_wconf 73' lang='lat' dir='ltr'><strong>suscitavit,</strong></span> <span class='ocrx_word' id='word_1_26' title='bbox 514 340 622 368; x_wconf 88' lang='lat' dir='ltr'><strong>nempe</strong></span> <span class='ocrx_word' id='word_1_27' title='bbox 637 339 754 360; x_wconf 84' lang='lat' dir='ltr'><strong>servum</strong></span> <span class='ocrx_word' id='word_1_28' title='bbox 767 337 835 357; x_wconf 91' lang='lat' dir='ltr'><strong>cen-</strong></span> 
     </span>
    </p>
   </div>
   <div class='ocr_carea' id='block_1_6' title="bbox 38 374 834 411">
    <p class='ocr_par' dir='ltr' id='par_1_6' title="bbox 38 374 834 411">
     <span class='ocr_line' id='line_1_6' title="bbox 38 374 834 411; baseline -0.001 -8"><span class='ocrx_word' id='word_1_29' title='bbox 38 378 144 410; x_wconf 84' lang='lat' dir='ltr'><strong>turionis,</strong></span> <span class='ocrx_word' id='word_1_30' title='bbox 154 377 207 404; x_wconf 89' lang='lat' dir='ltr'><strong>lari</strong></span> <span class='ocrx_word' id='word_1_31' title='bbox 222 376 331 410; x_wconf 86' lang='lat' dir='ltr'><strong>ﬁliam,</strong></span> <span class='ocrx_word' id='word_1_32' title='bbox 347 377 448 404; x_wconf 80' lang='lat' dir='ltr'><strong>viduae</strong></span> <span class='ocrx_word' id='word_1_33' title='bbox 459 377 582 404; x_wconf 91' lang='lat' dir='ltr'><strong>unicum</strong></span> <span class='ocrx_word' id='word_1_34' title='bbox 592 376 697 404; x_wconf 88' lang='lat' dir='ltr'><strong>ﬁlium.</strong></span> <span class='ocrx_word' id='word_1_35' title='bbox 713 379 753 403; x_wconf 83' lang='lat' dir='ltr'><strong>Ac</strong></span> <span class='ocrx_word' id='word_1_36' title='bbox 767 374 834 411; x_wconf 78' lang='lat' dir='ltr'><strong>qui-</strong></span> 
     </span>
    </p>
   </div>
   <div class='ocr_carea' id='block_1_7' title="bbox 39 420 834 456">
    <p class='ocr_par' dir='ltr' id='par_1_7' title="bbox 39 420 834 456">
     <span class='ocr_line' id='line_1_7' title="bbox 39 420 834 456; baseline -0.005 -6"><span class='ocrx_word' id='word_1_37' title='bbox 39 423 87 450; x_wconf 81' lang='lat' dir='ltr'><strong>dem</strong></span> <span class='ocrx_word' id='word_1_38' title='bbox 100 421 210 455; x_wconf 79' lang='lat' dir='ltr'><strong>mortui,</strong></span> <span class='ocrx_word' id='word_1_39' title='bbox 224 421 345 455; x_wconf 88' lang='lat' dir='ltr'><strong>audito,</strong></span> <span class='ocrx_word' id='word_1_40' title='bbox 359 421 476 455; x_wconf 74' lang='lat' dir='ltr'><strong>Puella,</strong></span> <span class='ocrx_word' id='word_1_41' title='bbox 499 421 630 456; x_wconf 75' lang='lat' dir='ltr'><strong>surge&quot;,</strong></span> <span class='ocrx_word' id='word_1_42' title='bbox 656 423 695 456; x_wconf 89' lang='lat' dir='ltr'><strong>et,</strong></span> <span class='ocrx_word' id='word_1_43' title='bbox 707 420 834 448; x_wconf 78' lang='lat' dir='ltr'><strong>Adoles-</strong></span> 
     </span>
    </p>
   </div>
   <div class='ocr_carea' id='block_1_8' title="bbox 38 464 834 500">
    <p class='ocr_par' dir='ltr' id='par_1_8' title="bbox 38 464 834 500">
     <span class='ocr_line' id='line_1_8' title="bbox 38 464 834 500; baseline -0.003 -7"><span class='ocrx_word' id='word_1_44' title='bbox 38 474 93 497; x_wconf 74' lang='lat' dir='ltr'><strong>cens,</strong></span> <span class='ocrx_word' id='word_1_45' title='bbox 103 466 150 494; x_wconf 82' lang='lat' dir='ltr'><strong>tibi</strong></span> <span class='ocrx_word' id='word_1_46' title='bbox 158 466 235 498; x_wconf 80' lang='lat' dir='ltr'><strong>dico,</strong></span> <span class='ocrx_word' id='word_1_47' title='bbox 252 466 389 500; x_wconf 78' lang='lat' dir='ltr'><strong>surge“.</strong></span> <span class='ocrx_word' id='word_1_48' title='bbox 405 465 561 493; x_wconf 80' lang='lat' dir='ltr'><strong>confestim</strong></span> <span class='ocrx_word' id='word_1_49' title='bbox 579 465 660 493; x_wconf 87' lang='lat' dir='ltr'><strong>dicto</strong></span> <span class='ocrx_word' id='word_1_50' title='bbox 678 464 834 493; x_wconf 83' lang='lat' dir='ltr'><strong>audientes</strong></span> 
     </span>
    </p>
   </div>
   <div class='ocr_carea' id='block_1_9' title="bbox 38 509 835 545">
    <p class='ocr_par' dir='ltr' id='par_1_9' title="bbox 38 509 835 545">
     <span class='ocr_line' id='line_1_9' title="bbox 38 509 835 545; baseline -0.003 -7"><span class='ocrx_word' id='word_1_51' title='bbox 38 512 105 541; x_wconf 73' lang='lat' dir='ltr'><strong>erant.</strong></span> <span class='ocrx_word' id='word_1_52' title='bbox 118 509 277 545; x_wconf 86' lang='lat' dir='ltr'><strong>lumenque</strong></span> <span class='ocrx_word' id='word_1_53' title='bbox 292 509 419 537; x_wconf 89' lang='lat' dir='ltr'><strong>redivivi</strong></span> <span class='ocrx_word' id='word_1_54' title='bbox 435 511 614 543; x_wconf 85' lang='lat' dir='ltr'><strong>cernebant;</strong></span> <span class='ocrx_word' id='word_1_55' title='bbox 630 509 659 537; x_wconf 89' lang='lat' dir='ltr'><strong>hi</strong></span> <span class='ocrx_word' id='word_1_56' title='bbox 673 511 783 543; x_wconf 84' lang='lat' dir='ltr'><strong>autem,</strong></span> <span class='ocrx_word' id='word_1_57' title='bbox 796 515 835 535; x_wconf 90' lang='lat' dir='ltr'><strong>ne</strong></span> 
     </span>
    </p>
   </div>
   <div class='ocr_carea' id='block_1_10' title="bbox 38 553 834 590">
    <p class='ocr_par' dir='ltr' id='par_1_10' title="bbox 38 553 834 590">
     <span class='ocr_line' id='line_1_10' title="bbox 38 553 834 590; baseline -0.003 -8"><span class='ocrx_word' id='word_1_58' title='bbox 38 556 67 582; x_wconf 82' lang='lat' dir='ltr'><strong>sic</strong></span> <span class='ocrx_word' id='word_1_59' title='bbox 79 553 186 590; x_wconf 86' lang='lat' dir='ltr'><strong>quidem</strong></span> <span class='ocrx_word' id='word_1_60' title='bbox 202 553 342 582; x_wconf 84' lang='lat' dir='ltr'><strong>videntes</strong></span> <span class='ocrx_word' id='word_1_61' title='bbox 361 553 514 588; x_wconf 81' lang='lat' dir='ltr'><strong>videbant,</strong></span> <span class='ocrx_word' id='word_1_62' title='bbox 536 561 592 581; x_wconf 85' lang='lat' dir='ltr'><strong>nec</strong></span> <span class='ocrx_word' id='word_1_63' title='bbox 609 554 765 581; x_wconf 80' lang='lat' dir='ltr'><strong>audientes</strong></span> <span class='ocrx_word' id='word_1_64' title='bbox 780 560 834 580; x_wconf 88' lang='lat' dir='ltr'><strong>au-</strong></span> 
     </span>
    </p>
   </div>
   <div class='ocr_carea' id='block_1_11' title="bbox 38 596 834 627">
    <p class='ocr_par' dir='ltr' id='par_1_11' title="bbox 38 596 834 627">
     <span class='ocr_line' id='line_1_11' title="bbox 38 596 834 627; baseline -0.003 -1"><span class='ocrx_word' id='word_1_65' title='bbox 38 599 139 627; x_wconf 79' lang='lat' dir='ltr'><strong>diebant.</strong></span> <span class='ocrx_word' id='word_1_66' title='bbox 150 598 262 626; x_wconf 86' lang='lat' dir='ltr'><strong>idcirco</strong></span> <span class='ocrx_word' id='word_1_67' title='bbox 274 599 370 626; x_wconf 87' lang='lat' dir='ltr'><strong>etiam</strong></span> <span class='ocrx_word' id='word_1_68' title='bbox 386 598 424 626; x_wconf 87' lang='lat' dir='ltr'><strong>ad</strong></span> <span class='ocrx_word' id='word_1_69' title='bbox 439 600 607 626; x_wconf 86' lang='lat' dir='ltr'><strong>extremum</strong></span> <span class='ocrx_word' id='word_1_70' title='bbox 629 598 727 625; x_wconf 86' lang='lat' dir='ltr'><strong>Lazari</strong></span> <span class='ocrx_word' id='word_1_71' title='bbox 743 596 834 625; x_wconf 87' lang='lat' dir='ltr'><strong>susci-</strong></span> 
     </span>
    </p>
   </div>
   <div class='ocr_carea' id='block_1_12' title="bbox 38 642 835 679">
    <p class='ocr_par' dir='ltr' id='par_1_12' title="bbox 38 642 835 679">
     <span class='ocr_line' id='line_1_12' title="bbox 38 642 835 679; baseline -0.001 -8"><span class='ocrx_word' id='word_1_72' title='bbox 38 644 127 672; x_wconf 81' lang='lat' dir='ltr'><strong>tationis</strong></span> <span class='ocrx_word' id='word_1_73' title='bbox 137 643 320 679; x_wconf 89' lang='lat' dir='ltr'><strong>opus,quod</strong></span> <span class='ocrx_word' id='word_1_74' title='bbox 336 643 465 679; x_wconf 79' lang='lat' dir='ltr'><strong>prodigii</strong></span> <span class='ocrx_word' id='word_1_75' title='bbox 478 643 609 671; x_wconf 81' lang='lat' dir='ltr'><strong>novitate</strong></span> <span class='ocrx_word' id='word_1_76' title='bbox 618 645 726 670; x_wconf 89' lang='lat' dir='ltr'><strong>cuncta</strong></span> <span class='ocrx_word' id='word_1_77' title='bbox 736 642 835 670; x_wconf 82' lang='lat' dir='ltr'><strong>vince-</strong></span> 
     </span>
    </p>
   </div>
   <div class='ocr_carea' id='block_1_13' title="bbox 38 686 834 723">
    <p class='ocr_par' dir='ltr' id='par_1_13' title="bbox 38 686 834 723">
     <span class='ocr_line' id='line_1_13' title="bbox 38 686 834 723; baseline -0.001 -8"><span class='ocrx_word' id='word_1_78' title='bbox 38 690 74 719; x_wconf 83' lang='lat' dir='ltr'><strong>ret.</strong></span> <span class='ocrx_word' id='word_1_79' title='bbox 90 695 136 715; x_wconf 89' lang='lat' dir='ltr'><strong>ceu</strong></span> <span class='ocrx_word' id='word_1_80' title='bbox 149 687 232 723; x_wconf 87' lang='lat' dir='ltr'><strong>cujus</strong></span> <span class='ocrx_word' id='word_1_81' title='bbox 248 687 296 715; x_wconf 97' lang='lat' dir='ltr'><strong>vis</strong></span> <span class='ocrx_word' id='word_1_82' title='bbox 311 687 412 723; x_wconf 81' lang='lat' dir='ltr'><strong>major</strong></span> <span class='ocrx_word' id='word_1_83' title='bbox 431 689 517 721; x_wconf 87' lang='lat' dir='ltr'><strong>esset,</strong></span> <span class='ocrx_word' id='word_1_84' title='bbox 538 687 706 715; x_wconf 85' lang='lat' dir='ltr'><strong>remedium</strong></span> <span class='ocrx_word' id='word_1_85' title='bbox 728 686 834 714; x_wconf 89' lang='lat' dir='ltr'><strong>admo-</strong></span> 
     </span>
    </p>
   </div>
   <div class='ocr_carea' id='block_1_14' title="bbox 37 731 833 768">
    <p class='ocr_par' dir='ltr' id='par_1_14' title="bbox 37 731 833 768">
     <span class='ocr_line' id='line_1_14' title="bbox 37 731 833 768; baseline -0.001 -9"><span class='ocrx_word' id='word_1_86' title='bbox 37 733 74 759; x_wconf 81' lang='lat' dir='ltr'><strong>vit.</strong></span> <span class='ocrx_word' id='word_1_87' title='bbox 86 733 150 760; x_wconf 78' lang='lat' dir='ltr'><strong>Nam</strong></span> <span class='ocrx_word' id='word_1_88' title='bbox 161 731 226 759; x_wconf 87' lang='lat' dir='ltr'><strong>illos</strong></span> <span class='ocrx_word' id='word_1_89' title='bbox 243 732 374 768; x_wconf 86' lang='lat' dir='ltr'><strong>quidem</strong></span> <span class='ocrx_word' id='word_1_90' title='bbox 394 734 529 760; x_wconf 91' lang='lat' dir='ltr'><strong>mortuos</strong></span> <span class='ocrx_word' id='word_1_91' title='bbox 543 731 645 759; x_wconf 82' lang='lat' dir='ltr'><strong>statim</strong></span> <span class='ocrx_word' id='word_1_92' title='bbox 661 731 814 759; x_wconf 86' lang='lat' dir='ltr'><strong>suscitavit</strong></span> <span class='ocrx_word' id='word_1_93' title='bbox 826 739 833 763; x_wconf 85' lang='lat'><strong>;</strong></span> 
     </span>
    </p>
   </div>
   <div class='ocr_carea' id='block_1_15' title="bbox 37 776 836 812">
    <p class='ocr_par' dir='ltr' id='par_1_15' title="bbox 37 776 836 812">
     <span class='ocr_line' id='line_1_15' title="bbox 37 776 836 812; baseline -0.001 -8"><span class='ocrx_word' id='word_1_94' title='bbox 37 777 95 805; x_wconf 86' lang='lat' dir='ltr'><strong>hunc</strong></span> <span class='ocrx_word' id='word_1_95' title='bbox 106 784 170 804; x_wconf 92' lang='lat' dir='ltr'><strong>vero</strong></span> <span class='ocrx_word' id='word_1_96' title='bbox 196 784 268 804; x_wconf 89' lang='lat' dir='ltr'><strong>cum</strong></span> <span class='ocrx_word' id='word_1_97' title='bbox 294 777 360 810; x_wconf 84' lang='lat' dir='ltr'><strong>iam</strong></span> <span class='ocrx_word' id='word_1_98' title='bbox 375 777 547 812; x_wconf 87' lang='lat' dir='ltr'><strong>putruisset,</strong></span> <span class='ocrx_word' id='word_1_99' title='bbox 572 777 663 812; x_wconf 89' lang='lat' dir='ltr'><strong>inque</strong></span> <span class='ocrx_word' id='word_1_100' title='bbox 687 776 836 804; x_wconf 89' lang='lat' dir='ltr'><strong>elementa</strong></span> 
     </span>
    </p>
   </div>
   <div class='ocr_carea' id='block_1_16' title="bbox 38 820 834 857">
    <p class='ocr_par' dir='ltr' id='par_1_16' title="bbox 38 820 834 857">
     <span class='ocr_line' id='line_1_16' title="bbox 38 820 834 857; baseline 0 -9"><span class='ocrx_word' id='word_1_101' title='bbox 38 821 119 857; x_wconf 79' lang='lat' dir='ltr'><strong>quibus</strong></span> <span class='ocrx_word' id='word_1_102' title='bbox 132 824 269 849; x_wconf 86' lang='lat' dir='ltr'><strong>concreta</strong></span> <span class='ocrx_word' id='word_1_103' title='bbox 295 821 432 857; x_wconf 88' lang='lat' dir='ltr'><strong>corporis</strong></span> <span class='ocrx_word' id='word_1_104' title='bbox 455 821 571 849; x_wconf 84' lang='lat' dir='ltr'><strong>fabrica</strong></span> <span class='ocrx_word' id='word_1_105' title='bbox 588 823 660 854; x_wconf 84' lang='lat' dir='ltr'><strong>erat,</strong></span> <span class='ocrx_word' id='word_1_106' title='bbox 677 820 834 848; x_wconf 80' lang='lat' dir='ltr'><strong>difﬂueret.</strong></span> 
     </span>
    </p>
   </div>
   <div class='ocr_carea' id='block_1_17' title="bbox 38 865 873 902">
    <p class='ocr_par' dir='ltr' id='par_1_17' title="bbox 38 865 873 902">
     <span class='ocr_line' id='line_1_17' title="bbox 38 865 873 902; baseline -0.001 -9"><span class='ocrx_word' id='word_1_107' title='bbox 38 870 107 902; x_wconf 78' lang='lat' dir='ltr'><strong>Atque</strong></span> <span class='ocrx_word' id='word_1_108' title='bbox 126 866 179 894; x_wconf 85' lang='lat' dir='ltr'><strong>illic</strong></span> <span class='ocrx_word' id='word_1_109' title='bbox 202 865 333 902; x_wconf 86' lang='lat' dir='ltr'><strong>quidem</strong></span> <span class='ocrx_word' id='word_1_110' title='bbox 356 865 489 893; x_wconf 84' lang='lat' dir='ltr'><strong>defuncti</strong></span> <span class='ocrx_word' id='word_1_111' title='bbox 507 865 640 893; x_wconf 89' lang='lat' dir='ltr'><strong>loculum</strong></span> <span class='ocrx_word' id='word_1_112' title='bbox 669 865 772 900; x_wconf 81' lang='lat' dir='ltr'><strong>tetigit,</strong></span> <span class='ocrx_word' id='word_1_113' title='bbox 800 873 835 892; x_wconf 89' lang='lat' dir='ltr'><strong>ac</strong></span> <span class='ocrx_word' id='word_1_114' title='bbox 850 869 873 895; x_wconf 88' lang='grc' dir='ltr'>Β</span> 
     </span>
    </p>
   </div>
   <div class='ocr_carea' id='block_1_18' title="bbox 38 909 839 946">
    <p class='ocr_par' dir='ltr' id='par_1_18' title="bbox 38 909 839 946">
     <span class='ocr_line' id='line_1_18' title="bbox 38 909 839 946; baseline -0.002 -8"><span class='ocrx_word' id='word_1_115' title='bbox 38 910 117 945; x_wconf 74' lang='lat' dir='ltr'><strong>puellas</strong></span> <span class='ocrx_word' id='word_1_116' title='bbox 130 918 253 938; x_wconf 89' lang='lat' dir='ltr'><strong>manum</strong></span> <span class='ocrx_word' id='word_1_117' title='bbox 282 910 486 946; x_wconf 83' lang='lat' dir='ltr'><strong>apprehendit</strong></span> <span class='ocrx_word' id='word_1_118' title='bbox 500 909 539 938; x_wconf 89' lang='lat' dir='ltr'><strong>ad</strong></span> <span class='ocrx_word' id='word_1_119' title='bbox 559 910 652 938; x_wconf 90' lang='lat' dir='ltr'><strong>vitam</strong></span> <span class='ocrx_word' id='word_1_120' title='bbox 667 910 839 937; x_wconf 85' lang='lat' dir='ltr'><strong>instaurans</strong></span> 
     </span>
    </p>
   </div>
   <div class='ocr_carea' id='block_1_19' title="bbox 39 953 840 990">
    <p class='ocr_par' dir='ltr' id='par_1_19' title="bbox 39 953 840 990">
     <span class='ocr_line' id='line_1_19' title="bbox 39 953 840 990; baseline -0.001 -8"><span class='ocrx_word' id='word_1_121' title='bbox 39 957 147 982; x_wconf 80' lang='lat' dir='ltr'><strong>contactu</strong></span> <span class='ocrx_word' id='word_1_122' title='bbox 173 954 285 982; x_wconf 83' lang='lat' dir='ltr'><strong>viviﬁci</strong></span> <span class='ocrx_word' id='word_1_123' title='bbox 312 954 451 990; x_wconf 87' lang='lat' dir='ltr'><strong>corporis</strong></span> <span class='ocrx_word' id='word_1_124' title='bbox 469 963 476 981; x_wconf 89' lang='lat'><strong>:</strong></span> <span class='ocrx_word' id='word_1_125' title='bbox 500 954 549 982; x_wconf 90' lang='lat' dir='ltr'><strong>hic</strong></span> <span class='ocrx_word' id='word_1_126' title='bbox 571 957 671 982; x_wconf 91' lang='lat' dir='ltr'><strong>autem</strong></span> <span class='ocrx_word' id='word_1_127' title='bbox 688 953 752 982; x_wconf 90' lang='lat' dir='ltr'><strong>sola</strong></span> <span class='ocrx_word' id='word_1_128' title='bbox 766 961 840 981; x_wconf 89' lang='lat' dir='ltr'><strong>voce</strong></span> 
     </span>
    </p>
   </div>
   <div class='ocr_carea' id='block_1_20' title="bbox 39 998 841 1034">
    <p class='ocr_par' dir='ltr' id='par_1_20' title="bbox 39 998 841 1034">
     <span class='ocr_line' id='line_1_20' title="bbox 39 998 841 1034; baseline -0.001 -8"><span class='ocrx_word' id='word_1_129' title='bbox 39 999 106 1026; x_wconf 84' lang='lat' dir='ltr'><strong>vitam</strong></span> <span class='ocrx_word' id='word_1_130' title='bbox 123 999 283 1034; x_wconf 82' lang='lat' dir='ltr'><strong>reparavit,</strong></span> <span class='ocrx_word' id='word_1_131' title='bbox 310 1007 384 1027; x_wconf 90' lang='lat' dir='ltr'><strong>voce</strong></span> <span class='ocrx_word' id='word_1_132' title='bbox 409 999 565 1033; x_wconf 82' lang='lat' dir='ltr'><strong>nimirum,</strong></span> <span class='ocrx_word' id='word_1_133' title='bbox 580 1007 675 1034; x_wconf 91' lang='lat' dir='ltr'><strong>quam</strong></span> <span class='ocrx_word' id='word_1_134' title='bbox 696 998 841 1026; x_wconf 85' lang='lat' dir='ltr'><strong>Judaicus</strong></span> 
     </span>
    </p>
   </div>
   <div class='ocr_carea' id='block_1_21' title="bbox 40 1043 838 1079">
    <p class='ocr_par' dir='ltr' id='par_1_21' title="bbox 40 1043 838 1079">
     <span class='ocr_line' id='line_1_21' title="bbox 40 1043 838 1079; baseline 0 -8"><span class='ocrx_word' id='word_1_135' title='bbox 40 1043 140 1079; x_wconf 84' lang='lat' dir='ltr'><strong>populus</strong></span> <span class='ocrx_word' id='word_1_136' title='bbox 154 1051 214 1071; x_wconf 89' lang='lat' dir='ltr'><strong>non</strong></span> <span class='ocrx_word' id='word_1_137' title='bbox 232 1043 365 1078; x_wconf 83' lang='lat' dir='ltr'><strong>audivit,</strong></span> <span class='ocrx_word' id='word_1_138' title='bbox 382 1046 414 1071; x_wconf 91' lang='lat' dir='ltr'><strong>ut</strong></span> <span class='ocrx_word' id='word_1_139' title='bbox 437 1051 527 1079; x_wconf 88' lang='lat' dir='ltr'><strong>quos,</strong></span> <span class='ocrx_word' id='word_1_140' title='bbox 545 1043 631 1079; x_wconf 87' lang='lat' dir='ltr'><strong>juxta</strong></span> <span class='ocrx_word' id='word_1_141' title='bbox 653 1043 838 1075; x_wconf 81' lang='lat' dir='ltr'><strong>Davidem&quot;,</strong></span> 
     </span>
    </p>
   </div>
   <div class='ocr_carea' id='block_1_22' title="bbox 41 1087 840 1125">
    <p class='ocr_par' dir='ltr' id='par_1_22' title="bbox 41 1087 840 1125">
     <span class='ocr_line' id='line_1_22' title="bbox 41 1087 840 1125; baseline -0.001 -10"><span class='ocrx_word' id='word_1_142' title='bbox 41 1095 99 1115; x_wconf 81' lang='lat' dir='ltr'><strong>mors</strong></span> <span class='ocrx_word' id='word_1_143' title='bbox 111 1091 256 1124; x_wconf 79' lang='lat' dir='ltr'><strong>pasceret:</strong></span> <span class='ocrx_word' id='word_1_144' title='bbox 275 1096 349 1125; x_wconf 71' lang='lat' dir='ltr'><strong>quae</strong></span> <span class='ocrx_word' id='word_1_145' title='bbox 370 1088 513 1116; x_wconf 86' lang='lat' dir='ltr'><strong>nimirum</strong></span> <span class='ocrx_word' id='word_1_146' title='bbox 533 1088 614 1116; x_wconf 90' lang='lat' dir='ltr'><strong>velut</strong></span> <span class='ocrx_word' id='word_1_147' title='bbox 632 1095 715 1122; x_wconf 83' lang='lat' dir='ltr'><strong>oves,</strong></span> <span class='ocrx_word' id='word_1_148' title='bbox 738 1095 799 1123; x_wconf 87' lang='lat' dir='ltr'><strong>qua</strong></span> <span class='ocrx_word' id='word_1_149' title='bbox 820 1087 840 1115; x_wconf 90' lang='lat' dir='ltr'><strong>ii</strong></span> 
     </span>
    </p>
   </div>
   <div class='ocr_carea' id='block_1_23' title="bbox 41 1131 841 1168">
    <p class='ocr_par' dir='ltr' id='par_1_23' title="bbox 41 1131 841 1168">
     <span class='ocr_line' id='line_1_23' title="bbox 41 1131 841 1168; baseline 0 -9"><span class='ocrx_word' id='word_1_150' title='bbox 41 1131 189 1160; x_wconf 80' lang='lat' dir='ltr'><strong>laborabant</strong></span> <span class='ocrx_word' id='word_1_151' title='bbox 201 1132 350 1166; x_wconf 58' lang='lat' dir='ltr'><strong>caecitate,</strong></span> <span class='ocrx_word' id='word_1_152' title='bbox 365 1132 394 1160; x_wconf 89' lang='lat' dir='ltr'><strong>in</strong></span> <span class='ocrx_word' id='word_1_153' title='bbox 409 1132 526 1160; x_wconf 78' lang='lat' dir='ltr'><strong>inferno</strong></span> <span class='ocrx_word' id='word_1_154' title='bbox 541 1132 623 1168; x_wconf 88' lang='lat' dir='ltr'><strong>ipsos</strong></span> <span class='ocrx_word' id='word_1_155' title='bbox 635 1134 774 1168; x_wconf 84' lang='lat' dir='ltr'><strong>poneret:</strong></span> <span class='ocrx_word' id='word_1_156' title='bbox 789 1133 841 1159; x_wconf 88' lang='lat' dir='ltr'><strong>La-</strong></span> 
     </span>
    </p>
   </div>
   <div class='ocr_carea' id='block_1_24' title="bbox 42 1176 840 1213">
    <p class='ocr_par' dir='ltr' id='par_1_24' title="bbox 42 1176 840 1213">
     <span class='ocr_line' id='line_1_24' title="bbox 42 1176 840 1213; baseline 0 -9"><span class='ocrx_word' id='word_1_157' title='bbox 42 1184 105 1204; x_wconf 78' lang='lat' dir='ltr'><strong>zarus</strong></span> <span class='ocrx_word' id='word_1_158' title='bbox 116 1184 180 1204; x_wconf 89' lang='lat' dir='ltr'><strong>vero</strong></span> <span class='ocrx_word' id='word_1_159' title='bbox 199 1180 352 1213; x_wconf 89' lang='lat' dir='ltr'><strong>tanquam</strong></span> <span class='ocrx_word' id='word_1_160' title='bbox 368 1176 432 1204; x_wconf 88' lang='lat' dir='ltr'><strong>ovis</strong></span> <span class='ocrx_word' id='word_1_161' title='bbox 447 1176 566 1209; x_wconf 85' lang='lat' dir='ltr'><strong>Christi,</strong></span> <span class='ocrx_word' id='word_1_162' title='bbox 577 1179 769 1204; x_wconf 84' lang='lat' dir='ltr'><strong>revocantem</strong></span> <span class='ocrx_word' id='word_1_163' title='bbox 786 1183 840 1212; x_wconf 85' lang='lat' dir='ltr'><strong>pa-</strong></span> 
     </span>
    </p>
   </div>
   <div class='ocr_carea' id='block_1_25' title="bbox 42 1220 841 1256">
    <p class='ocr_par' dir='ltr' id='par_1_25' title="bbox 42 1220 841 1256">
     <span class='ocr_line' id='line_1_25' title="bbox 42 1220 841 1256; baseline 0.001 -9"><span class='ocrx_word' id='word_1_164' title='bbox 42 1221 106 1248; x_wconf 83' lang='lat' dir='ltr'><strong>storis</strong></span> <span class='ocrx_word' id='word_1_165' title='bbox 119 1229 216 1249; x_wconf 87' lang='lat' dir='ltr'><strong>vocem</strong></span> <span class='ocrx_word' id='word_1_166' title='bbox 226 1221 393 1249; x_wconf 86' lang='lat' dir='ltr'><strong>confestim</strong></span> <span class='ocrx_word' id='word_1_167' title='bbox 408 1220 683 1256; x_wconf 85' lang='lat' dir='ltr'><strong>sensit,infernique</strong></span> <span class='ocrx_word' id='word_1_168' title='bbox 697 1220 841 1248; x_wconf 86' lang='lat' dir='ltr'><strong>barathro</strong></span> 
     </span>
    </p>
   </div>
   <div class='ocr_carea' id='block_1_26' title="bbox 43 1264 842 1300">
    <p class='ocr_par' dir='ltr' id='par_1_26' title="bbox 43 1264 842 1300">
     <span class='ocr_line' id='line_1_26' title="bbox 43 1264 842 1300; baseline -0.001 -7"><span class='ocrx_word' id='word_1_169' title='bbox 43 1264 154 1293; x_wconf 83' lang='lat' dir='ltr'><strong>dimissus</strong></span> <span class='ocrx_word' id='word_1_170' title='bbox 161 1266 199 1293; x_wconf 88' lang='lat' dir='ltr'><strong>ad</strong></span> <span class='ocrx_word' id='word_1_171' title='bbox 214 1268 379 1294; x_wconf 90' lang='lat' dir='ltr'><strong>vocantem</strong></span> <span class='ocrx_word' id='word_1_172' title='bbox 390 1265 485 1293; x_wconf 87' lang='lat' dir='ltr'><strong>rediit.</strong></span> <span class='ocrx_word' id='word_1_173' title='bbox 499 1265 646 1300; x_wconf 87' lang='lat' dir='ltr'><strong>Quodque</strong></span> <span class='ocrx_word' id='word_1_174' title='bbox 657 1266 768 1292; x_wconf 86' lang='lat' dir='ltr'><strong>Mosem</strong></span> <span class='ocrx_word' id='word_1_175' title='bbox 777 1265 842 1300; x_wconf 89' lang='lat' dir='ltr'><strong>qui-</strong></span> 
     </span>
    </p>
   </div>
   <div class='ocr_carea' id='block_1_27' title="bbox 43 1309 842 1343">
    <p class='ocr_par' dir='ltr' id='par_1_27' title="bbox 43 1309 842 1343">
     <span class='ocr_line' id='line_1_27' title="bbox 43 1309 842 1343; baseline 0 -7"><span class='ocrx_word' id='word_1_176' title='bbox 43 1309 93 1336; x_wconf 85' lang='lat' dir='ltr'><strong>dem</strong></span> <span class='ocrx_word' id='word_1_177' title='bbox 112 1317 140 1337; x_wconf 91' lang='lat' dir='ltr'><strong>se</strong></span> <span class='ocrx_word' id='word_1_178' title='bbox 162 1310 246 1343; x_wconf 80' lang='lat' dir='ltr'><strong>scire,</strong></span> <span class='ocrx_word' id='word_1_179' title='bbox 273 1310 438 1338; x_wconf 89' lang='lat' dir='ltr'><strong>Dominum</strong></span> <span class='ocrx_word' id='word_1_180' title='bbox 463 1312 563 1337; x_wconf 89' lang='lat' dir='ltr'><strong>autem</strong></span> <span class='ocrx_word' id='word_1_181' title='bbox 581 1309 696 1337; x_wconf 89' lang='lat' dir='ltr'><strong>nescire</strong></span> <span class='ocrx_word' id='word_1_182' title='bbox 711 1317 742 1336; x_wconf 87' lang='lat' dir='ltr'><strong>se</strong></span> <span class='ocrx_word' id='word_1_183' title='bbox 754 1309 842 1336; x_wconf 91' lang='lat' dir='ltr'><strong>incir-</strong></span> 
     </span>
    </p>
   </div>
   <div class='ocr_carea' id='block_1_28' title="bbox 44 1353 842 1389">
    <p class='ocr_par' dir='ltr' id='par_1_28' title="bbox 44 1353 842 1389">
     <span class='ocr_line' id='line_1_28' title="bbox 44 1353 842 1389; baseline 0 -9"><span class='ocrx_word' id='word_1_184' title='bbox 44 1353 144 1381; x_wconf 86' lang='lat' dir='ltr'><strong>cumcisi</strong></span> <span class='ocrx_word' id='word_1_185' title='bbox 163 1354 385 1388; x_wconf 76' lang='lat' dir='ltr'><strong>asserebant“,</strong></span> <span class='ocrx_word' id='word_1_186' title='bbox 400 1353 590 1381; x_wconf 82' lang='lat' dir='ltr'><strong>manifestius</strong></span> <span class='ocrx_word' id='word_1_187' title='bbox 606 1354 738 1389; x_wconf 87' lang='lat' dir='ltr'><strong>seipsum</strong></span> <span class='ocrx_word' id='word_1_188' title='bbox 753 1353 842 1381; x_wconf 89' lang='lat' dir='ltr'><strong>hodie</strong></span> 
     </span>
    </p>
   </div>
   <div class='ocr_carea' id='block_1_29' title="bbox 45 1397 843 1433">
    <p class='ocr_par' dir='ltr' id='par_1_29' title="bbox 45 1397 843 1433">
     <span class='ocr_line' id='line_1_29' title="bbox 45 1397 843 1433; baseline 0.003 -10"><span class='ocrx_word' id='word_1_189' title='bbox 45 1397 158 1432; x_wconf 78' lang='lat' dir='ltr'><strong>ostendit,</strong></span> <span class='ocrx_word' id='word_1_190' title='bbox 171 1398 261 1426; x_wconf 88' lang='lat' dir='ltr'><strong>libere</strong></span> <span class='ocrx_word' id='word_1_191' title='bbox 272 1397 479 1433; x_wconf 83' lang='lat' dir='ltr'><strong>triumphans,</strong></span> <span class='ocrx_word' id='word_1_192' title='bbox 495 1398 638 1433; x_wconf 85' lang='lat' dir='ltr'><strong>regioque</strong></span> <span class='ocrx_word' id='word_1_193' title='bbox 650 1397 747 1432; x_wconf 85' lang='lat' dir='ltr'><strong>magis</strong></span> <span class='ocrx_word' id='word_1_194' title='bbox 762 1397 843 1425; x_wconf 91' lang='lat' dir='ltr'><strong>cultu</strong></span> 
     </span>
    </p>
   </div>
   <div class='ocr_carea' id='block_1_30' title="bbox 45 1441 842 1478">
    <p class='ocr_par' dir='ltr' id='par_1_30' title="bbox 45 1441 842 1478">
     <span class='ocr_line' id='line_1_30' title="bbox 45 1441 842 1478; baseline 0.001 -10"><span class='ocrx_word' id='word_1_195' title='bbox 45 1441 179 1476; x_wconf 82' lang='lat' dir='ltr'><strong>procedens</strong></span> <span class='ocrx_word' id='word_1_196' title='bbox 192 1450 199 1474; x_wconf 87' lang='lat'>;</span> <span class='ocrx_word' id='word_1_197' title='bbox 214 1442 365 1470; x_wconf 83' lang='lat' dir='ltr'><strong>lactentes</strong></span> <span class='ocrx_word' id='word_1_198' title='bbox 375 1441 506 1478; x_wconf 84' lang='lat' dir='ltr'><strong>denique</strong></span> <span class='ocrx_word' id='word_1_199' title='bbox 519 1441 649 1469; x_wconf 85' lang='lat' dir='ltr'><strong>infantes</strong></span> <span class='ocrx_word' id='word_1_200' title='bbox 662 1441 842 1477; x_wconf 87' lang='lat' dir='ltr'><strong>producens,</strong></span> 
     </span>
    </p>
   </div>
   <div class='ocr_carea' id='block_1_31' title="bbox 44 1486 843 1522">
    <p class='ocr_par' dir='ltr' id='par_1_31' title="bbox 44 1486 843 1522">
     <span class='ocr_line' id='line_1_31' title="bbox 44 1486 843 1522; baseline 0 -9"><span class='ocrx_word' id='word_1_201' title='bbox 44 1486 80 1520; x_wconf 88' lang='lat' dir='ltr'><strong>qui</strong></span> <span class='ocrx_word' id='word_1_202' title='bbox 90 1486 236 1514; x_wconf 87' lang='lat' dir='ltr'><strong>Dominum</strong></span> <span class='ocrx_word' id='word_1_203' title='bbox 251 1494 346 1514; x_wconf 91' lang='lat' dir='ltr'><strong>suum</strong></span> <span class='ocrx_word' id='word_1_204' title='bbox 366 1489 542 1521; x_wconf 76' lang='lat' dir='ltr'><strong>agmscant,</strong></span> <span class='ocrx_word' id='word_1_205' title='bbox 559 1493 595 1514; x_wconf 81' lang='lat' dir='ltr'><strong>ac</strong></span> <span class='ocrx_word' id='word_1_206' title='bbox 610 1488 698 1513; x_wconf 81' lang='lat' dir='ltr'><strong>testes</strong></span> <span class='ocrx_word' id='word_1_207' title='bbox 714 1486 783 1520; x_wconf 87' lang='lat' dir='ltr'><strong>sint,</strong></span> <span class='ocrx_word' id='word_1_208' title='bbox 799 1486 843 1522; x_wconf 89' lang='lat' dir='ltr'><strong>ip-</strong></span> 
     </span>
    </p>
   </div>
   <div class='ocr_carea' id='block_1_32' title="bbox 49 1529 878 1569">
    <p class='ocr_par' dir='ltr' id='par_1_32' title="bbox 49 1529 878 1569">
     <span class='ocr_line' id='line_1_32' title="bbox 49 1529 878 1569; baseline 0.001 -13"><span class='ocrx_word' id='word_1_209' title='bbox 49 1537 99 1557; x_wconf 82' lang='lat' dir='ltr'><strong>sum</strong></span> <span class='ocrx_word' id='word_1_210' title='bbox 115 1529 267 1559; x_wconf 86' lang='lat' dir='ltr'><strong>Dominum</strong></span> <span class='ocrx_word' id='word_1_211' title='bbox 295 1538 363 1558; x_wconf 88' lang='lat' dir='ltr'><strong>esse</strong></span> <span class='ocrx_word' id='word_1_212' title='bbox 387 1531 439 1566; x_wconf 87' lang='lat' dir='ltr'><strong>qui</strong></span> <span class='ocrx_word' id='word_1_213' title='bbox 464 1529 594 1558; x_wconf 87' lang='lat' dir='ltr'><strong>custodit</strong></span> <span class='ocrx_word' id='word_1_214' title='bbox 607 1530 749 1565; x_wconf 89' lang='lat' dir='ltr'><strong>parvulos</strong></span> <span class='ocrx_word' id='word_1_215' title='bbox 760 1531 794 1564; x_wconf 69' lang='lat'><strong>&#39;1,</strong></span> <span class='ocrx_word' id='word_1_216' title='bbox 808 1538 843 1558; x_wconf 89' lang='lat' dir='ltr'><strong>ac</strong></span> <span class='ocrx_word' id='word_1_217' title='bbox 857 1543 878 1569; x_wconf 66' lang='grc' dir='ltr'><strong>ρ</strong></span> 
     </span>
    </p>
   </div>
   <div class='ocr_carea' id='block_1_33' title="bbox 49 1573 845 1610">
    <p class='ocr_par' dir='ltr' id='par_1_33' title="bbox 49 1573 845 1610">
     <span class='ocr_line' id='line_1_33' title="bbox 49 1573 845 1610; baseline 0.003 -10"><span class='ocrx_word' id='word_1_218' title='bbox 49 1581 117 1608; x_wconf 84' lang='lat' dir='ltr'><strong>quem</strong></span> <span class='ocrx_word' id='word_1_219' title='bbox 130 1574 218 1603; x_wconf 79' lang='lat' dir='ltr'><strong>David</strong></span> <span class='ocrx_word' id='word_1_220' title='bbox 229 1574 416 1602; x_wconf 82' lang='lat' dir='ltr'><strong>vaticinatus</strong></span> <span class='ocrx_word' id='word_1_221' title='bbox 431 1577 477 1602; x_wconf 87' lang='lat' dir='ltr'><strong>est</strong></span> <span class='ocrx_word' id='word_1_222' title='bbox 487 1574 647 1610; x_wconf 84' lang='lat' dir='ltr'><strong>perfecisse</strong></span> <span class='ocrx_word' id='word_1_223' title='bbox 662 1573 786 1602; x_wconf 83' lang='lat' dir='ltr'><strong>laudem</strong></span> <span class='ocrx_word' id='word_1_224' title='bbox 809 1583 845 1602; x_wconf 86' lang='lat' dir='ltr'><strong>ex</strong></span> 
     </span>
    </p>
   </div>
   <div class='ocr_carea' id='block_1_34' title="bbox 49 1619 845 1653">
    <p class='ocr_par' dir='ltr' id='par_1_34' title="bbox 49 1619 845 1653">
     <span class='ocr_line' id='line_1_34' title="bbox 49 1619 845 1653; baseline 0.001 -8"><span class='ocrx_word' id='word_1_225' title='bbox 49 1625 85 1645; x_wconf 86' lang='lat' dir='ltr'><strong>ore</strong></span> <span class='ocrx_word' id='word_1_226' title='bbox 106 1619 255 1648; x_wconf 83' lang='lat' dir='ltr'><strong>infantium</strong></span> <span class='ocrx_word' id='word_1_227' title='bbox 283 1621 315 1647; x_wconf 87' lang='lat' dir='ltr'><strong>et</strong></span> <span class='ocrx_word' id='word_1_228' title='bbox 339 1619 562 1653; x_wconf 77' lang='lat' dir='ltr'><strong>lactentium”;</strong></span> <span class='ocrx_word' id='word_1_229' title='bbox 590 1619 748 1647; x_wconf 85' lang='lat' dir='ltr'><strong>Zacharias</strong></span> <span class='ocrx_word' id='word_1_230' title='bbox 774 1627 845 1647; x_wconf 91' lang='lat' dir='ltr'><strong>vero</strong></span> 
     </span>
    </p>
   </div>
   <div class='ocr_carea' id='block_1_35' title="bbox 46 1662 843 1701">
    <p class='ocr_par' dir='ltr' id='par_1_35' title="bbox 46 1662 843 1701">
     <span class='ocr_line' id='line_1_35' title="bbox 46 1662 843 1701; baseline 0.003 -12"><span class='ocrx_word' id='word_1_231' title='bbox 46 1662 120 1690; x_wconf 83' lang='lat' dir='ltr'><strong>Sionis</strong></span> <span class='ocrx_word' id='word_1_232' title='bbox 134 1665 240 1699; x_wconf 80' lang='lat' dir='ltr'><strong>Regem</strong></span> <span class='ocrx_word' id='word_1_233' title='bbox 256 1663 410 1701; x_wconf 67' lang='lat' dir='ltr'><strong>praedixit,</strong></span> <span class='ocrx_word' id='word_1_234' title='bbox 422 1666 616 1691; x_wconf 88' lang='lat' dir='ltr'><strong>mansuetum</strong></span> <span class='ocrx_word' id='word_1_235' title='bbox 629 1666 658 1691; x_wconf 88' lang='lat' dir='ltr'><strong>et</strong></span> <span class='ocrx_word' id='word_1_236' title='bbox 668 1663 843 1700; x_wconf 83' lang='lat' dir='ltr'><strong>salvantem,</strong></span> 
     </span>
    </p>
   </div>
   <div class='ocr_carea' id='block_1_36' title="bbox 46 1707 848 1743">
    <p class='ocr_par' dir='ltr' id='par_1_36' title="bbox 46 1707 848 1743">
     <span class='ocr_line' id='line_1_36' title="bbox 46 1707 848 1743; baseline 0.002 -10"><span class='ocrx_word' id='word_1_237' title='bbox 46 1714 71 1734; x_wconf 79' lang='lat' dir='ltr'><strong>ac</strong></span> <span class='ocrx_word' id='word_1_238' title='bbox 86 1708 128 1743; x_wconf 84' lang='lat' dir='ltr'><strong>qui</strong></span> <span class='ocrx_word' id='word_1_239' title='bbox 151 1708 242 1737; x_wconf 83' lang='lat' dir='ltr'><strong>asello</strong></span> <span class='ocrx_word' id='word_1_240' title='bbox 267 1708 398 1736; x_wconf 88' lang='lat' dir='ltr'><strong>vehatur</strong></span> <span class='ocrx_word' id='word_1_241' title='bbox 412 1709 444 1735; x_wconf 72' lang='grc' dir='ltr'><strong>η.</strong></span> <span class='ocrx_word' id='word_1_242' title='bbox 471 1709 544 1736; x_wconf 91' lang='lat' dir='ltr'><strong>Cum</strong></span> <span class='ocrx_word' id='word_1_243' title='bbox 569 1708 648 1735; x_wconf 91' lang='lat' dir='ltr'><strong>enim</strong></span> <span class='ocrx_word' id='word_1_244' title='bbox 678 1707 790 1736; x_wconf 61' lang='lat' dir='ltr'><strong>Scriba;</strong></span> <span class='ocrx_word' id='word_1_245' title='bbox 818 1710 848 1736; x_wconf 89' lang='lat' dir='ltr'><strong>et</strong></span> 
     </span>
    </p>
   </div>
   <div class='ocr_carea' id='block_1_37' title="bbox 47 1750 846 1788">
    <p class='ocr_par' dir='ltr' id='par_1_37' title="bbox 47 1750 846 1788">
     <span class='ocr_line' id='line_1_37' title="bbox 47 1750 846 1788; baseline 0.004 -11"><span class='ocrx_word' id='word_1_246' title='bbox 47 1750 157 1780; x_wconf 67' lang='lat' dir='ltr'><strong>Pharisaei</strong></span> <span class='ocrx_word' id='word_1_247' title='bbox 169 1753 312 1781; x_wconf 86' lang='lat' dir='ltr'><strong>velamen</strong></span> <span class='ocrx_word' id='word_1_248' title='bbox 339 1752 421 1780; x_wconf 89' lang='lat' dir='ltr'><strong>cordi</strong></span> <span class='ocrx_word' id='word_1_249' title='bbox 439 1752 617 1788; x_wconf 88' lang='lat' dir='ltr'><strong>impositum</strong></span> <span class='ocrx_word' id='word_1_250' title='bbox 633 1752 669 1784; x_wconf 78' lang='grc' dir='ltr'><strong>ὀ,</strong></span> <span class='ocrx_word' id='word_1_251' title='bbox 685 1752 759 1780; x_wconf 89' lang='lat' dir='ltr'><strong>dum</strong></span> <span class='ocrx_word' id='word_1_252' title='bbox 775 1760 846 1787; x_wconf 89' lang='lat' dir='ltr'><strong>pro-</strong></span> 
     </span>
    </p>
   </div>
   <div class='ocr_carea' id='block_1_38' title="bbox 46 1795 847 1832">
    <p class='ocr_par' dir='ltr' id='par_1_38' title="bbox 46 1795 847 1832">
     <span class='ocr_line' id='line_1_38' title="bbox 46 1795 847 1832; baseline 0.002 -10"><span class='ocrx_word' id='word_1_253' title='bbox 46 1795 120 1830; x_wconf 73' lang='lat' dir='ltr'><strong>pheta:</strong></span> <span class='ocrx_word' id='word_1_254' title='bbox 129 1804 161 1825; x_wconf 86' lang='lat' dir='ltr'><strong>ac</strong></span> <span class='ocrx_word' id='word_1_255' title='bbox 170 1798 264 1825; x_wconf 83' lang='lat' dir='ltr'><strong>Moses</strong></span> <span class='ocrx_word' id='word_1_256' title='bbox 272 1796 426 1832; x_wconf 86' lang='lat' dir='ltr'><strong>leguntur,</strong></span> <span class='ocrx_word' id='word_1_257' title='bbox 433 1796 576 1829; x_wconf 85' lang='lat' dir='ltr'><strong>habeant,</strong></span> <span class='ocrx_word' id='word_1_258' title='bbox 584 1803 619 1823; x_wconf 90' lang='lat' dir='ltr'><strong>ac</strong></span> <span class='ocrx_word' id='word_1_259' title='bbox 625 1796 740 1824; x_wconf 87' lang='lat' dir='ltr'><strong>clavem</strong></span> <span class='ocrx_word' id='word_1_260' title='bbox 754 1796 847 1824; x_wconf 87' lang='lat' dir='ltr'><strong>scien-</strong></span> 
     </span>
    </p>
   </div>
   <div class='ocr_carea' id='block_1_39' title="bbox 47 1839 848 1877">
    <p class='ocr_par' dir='ltr' id='par_1_39' title="bbox 47 1839 848 1877">
     <span class='ocr_line' id='line_1_39' title="bbox 47 1839 848 1877; baseline 0.004 -11"><span class='ocrx_word' id='word_1_261' title='bbox 47 1839 80 1867; x_wconf 62' lang='lat' dir='ltr'><strong>tiae</strong></span> <span class='ocrx_word' id='word_1_262' title='bbox 91 1843 211 1869; x_wconf 79' lang='lat' dir='ltr'><strong>tenentes</strong></span> <span class='ocrx_word' id='word_1_263' title='bbox 226 1841 345 1870; x_wconf 87' lang='lat' dir='ltr'><strong>nedum</strong></span> <span class='ocrx_word' id='word_1_264' title='bbox 361 1841 416 1877; x_wconf 89' lang='lat' dir='ltr'><strong>ipsi</strong></span> <span class='ocrx_word' id='word_1_265' title='bbox 433 1849 496 1869; x_wconf 90' lang='lat' dir='ltr'><strong>non</strong></span> <span class='ocrx_word' id='word_1_266' title='bbox 517 1841 735 1875; x_wconf 85' lang='lat' dir='ltr'><strong>ingrediantur.</strong></span> <span class='ocrx_word' id='word_1_267' title='bbox 749 1841 802 1869; x_wconf 90' lang='lat' dir='ltr'><strong>sed</strong></span> <span class='ocrx_word' id='word_1_268' title='bbox 820 1844 848 1869; x_wconf 86' lang='lat' dir='ltr'><strong>et</strong></span> 
     </span>
    </p>
   </div>
   <div class='ocr_carea' id='block_1_40' title="bbox 47 1885 848 1922">
    <p class='ocr_par' dir='ltr' id='par_1_40' title="bbox 47 1885 848 1922">
     <span class='ocr_line' id='line_1_40' title="bbox 47 1885 848 1922; baseline 0.001 -9"><span class='ocrx_word' id='word_1_269' title='bbox 47 1885 136 1919; x_wconf 83' lang='lat' dir='ltr'><strong>ingredi</strong></span> <span class='ocrx_word' id='word_1_270' title='bbox 144 1886 275 1915; x_wconf 87' lang='lat' dir='ltr'><strong>volentes</strong></span> <span class='ocrx_word' id='word_1_271' title='bbox 292 1885 473 1922; x_wconf 88' lang='lat' dir='ltr'><strong>prohibeant</strong></span> <span class='ocrx_word' id='word_1_272' title='bbox 483 1887 518 1918; x_wconf 85' lang='grc'><strong>²¹,</strong></span> <span class='ocrx_word' id='word_1_273' title='bbox 531 1885 691 1913; x_wconf 88' lang='lat' dir='ltr'><strong>infantium</strong></span> <span class='ocrx_word' id='word_1_274' title='bbox 702 1893 765 1920; x_wconf 87' lang='lat' dir='ltr'><strong>ora,</strong></span> <span class='ocrx_word' id='word_1_275' title='bbox 778 1894 848 1922; x_wconf 73' lang='lat' dir='ltr'><strong>qua:</strong></span> 
     </span>
    </p>
   </div>
   <div class='ocr_carea' id='block_1_41' title="bbox 48 1927 848 1966">
    <p class='ocr_par' dir='ltr' id='par_1_41' title="bbox 48 1927 848 1966">
     <span class='ocr_line' id='line_1_41' title="bbox 48 1927 848 1966; baseline 0.004 -10"><span class='ocrx_word' id='word_1_276' title='bbox 48 1927 182 1958; x_wconf 69' lang='lat' dir='ltr'><strong>deﬁhristo</strong></span> <span class='ocrx_word' id='word_1_277' title='bbox 196 1933 277 1965; x_wconf 87' lang='lat' dir='ltr'><strong>sunt,</strong></span> <span class='ocrx_word' id='word_1_278' title='bbox 294 1930 443 1958; x_wconf 87' lang='lat' dir='ltr'><strong>vaticiniis</strong></span> <span class='ocrx_word' id='word_1_279' title='bbox 458 1929 636 1966; x_wconf 88' lang='lat' dir='ltr'><strong>promendis</strong></span> <span class='ocrx_word' id='word_1_280' title='bbox 648 1929 798 1963; x_wconf 82' lang='lat' dir='ltr'><strong>laxantur,</strong></span> <span class='ocrx_word' id='word_1_281' title='bbox 813 1938 848 1959; x_wconf 91' lang='lat' dir='ltr'><strong>ac</strong></span> 
     </span>
    </p>
   </div>
   <div class='ocr_carea' id='block_1_42' title="bbox 48 1973 847 2011">
    <p class='ocr_par' dir='ltr' id='par_1_42' title="bbox 48 1973 847 2011">
     <span class='ocr_line' id='line_1_42' title="bbox 48 1973 847 2011; baseline 0.004 -12"><span class='ocrx_word' id='word_1_282' title='bbox 48 1973 133 2007; x_wconf 85' lang='lat' dir='ltr'><strong>quibus</strong></span> <span class='ocrx_word' id='word_1_283' title='bbox 146 1974 254 2009; x_wconf 68' lang='lat' dir='ltr'><strong>linguae</strong></span> <span class='ocrx_word' id='word_1_284' title='bbox 277 1982 352 2002; x_wconf 88' lang='lat' dir='ltr'><strong>usus</strong></span> <span class='ocrx_word' id='word_1_285' title='bbox 373 1977 510 2009; x_wconf 84' lang='lat' dir='ltr'><strong>negatus,</strong></span> <span class='ocrx_word' id='word_1_286' title='bbox 533 1975 620 2011; x_wconf 87' lang='lat' dir='ltr'><strong>pueri</strong></span> <span class='ocrx_word' id='word_1_287' title='bbox 634 1974 847 2009; x_wconf 87' lang='lat' dir='ltr'><strong>balbutientes,</strong></span> 
     </span>
    </p>
   </div>
   <div class='ocr_carea' id='block_1_43' title="bbox 50 2017 848 2054">
    <p class='ocr_par' dir='ltr' id='par_1_43' title="bbox 50 2017 848 2054">
     <span class='ocr_line' id='line_1_43' title="bbox 50 2017 848 2054; baseline 0.001 -9"><span class='ocrx_word' id='word_1_288' title='bbox 50 2017 238 2053; x_wconf 83' lang='lat' dir='ltr'><strong>Scripturarum</strong></span> <span class='ocrx_word' id='word_1_289' title='bbox 246 2019 381 2047; x_wconf 85' lang='lat' dir='ltr'><strong>obscura</strong></span> <span class='ocrx_word' id='word_1_290' title='bbox 387 2019 604 2047; x_wconf 84' lang='lat' dir='ltr'><strong>dilucidissime</strong></span> <span class='ocrx_word' id='word_1_291' title='bbox 611 2019 775 2054; x_wconf 83' lang='lat' dir='ltr'><strong>explanant</strong></span> <span class='ocrx_word' id='word_1_292' title='bbox 783 2029 788 2053; x_wconf 96' lang='lat'>;</span> <span class='ocrx_word' id='word_1_293' title='bbox 796 2019 848 2047; x_wconf 92' lang='lat' dir='ltr'><strong>do-</strong></span> 
     </span>
    </p>
   </div>
   <div class='ocr_carea' id='block_1_44' title="bbox 51 2063 848 2099">
    <p class='ocr_par' dir='ltr' id='par_1_44' title="bbox 51 2063 848 2099">
     <span class='ocr_line' id='line_1_44' title="bbox 51 2063 848 2099; baseline 0.005 -12"><span class='ocrx_word' id='word_1_294' title='bbox 51 2065 151 2098; x_wconf 78' lang='lat' dir='ltr'><strong>ceatque</strong></span> <span class='ocrx_word' id='word_1_295' title='bbox 171 2064 281 2092; x_wconf 86' lang='lat' dir='ltr'><strong>surdos</strong></span> <span class='ocrx_word' id='word_1_296' title='bbox 304 2066 456 2099; x_wconf 86' lang='lat' dir='ltr'><strong>parentes,</strong></span> <span class='ocrx_word' id='word_1_297' title='bbox 480 2071 515 2091; x_wconf 91' lang='lat' dir='ltr'><strong>ac</strong></span> <span class='ocrx_word' id='word_1_298' title='bbox 536 2063 588 2099; x_wconf 87' lang='lat' dir='ltr'><strong>qui</strong></span> <span class='ocrx_word' id='word_1_299' title='bbox 608 2071 692 2091; x_wconf 89' lang='lat' dir='ltr'><strong>more</strong></span> <span class='ocrx_word' id='word_1_300' title='bbox 707 2063 848 2099; x_wconf 87' lang='lat' dir='ltr'><strong>aspidum</strong></span> 
     </span>
    </p>
   </div>
   <div class='ocr_carea' id='block_1_45' title="bbox 52 2108 849 2144">
    <p class='ocr_par' dir='ltr' id='par_1_45' title="bbox 52 2108 849 2144">
     <span class='ocr_line' id='line_1_45' title="bbox 52 2108 849 2144; baseline 0.006 -12"><span class='ocrx_word' id='word_1_301' title='bbox 52 2111 120 2134; x_wconf 82' lang='lat' dir='ltr'><strong>aures</strong></span> <span class='ocrx_word' id='word_1_302' title='bbox 139 2108 278 2137; x_wconf 90' lang='lat' dir='ltr'><strong>obturant</strong></span> <span class='ocrx_word' id='word_1_303' title='bbox 293 2110 328 2135; x_wconf 77' lang='lat'><strong>“.</strong></span> <span class='ocrx_word' id='word_1_304' title='bbox 347 2108 426 2136; x_wconf 89' lang='lat' dir='ltr'><strong>Docti</strong></span> <span class='ocrx_word' id='word_1_305' title='bbox 443 2116 460 2136; x_wconf 88' lang='lat' dir='ltr'><strong>a</strong></span> <span class='ocrx_word' id='word_1_306' title='bbox 476 2109 536 2136; x_wconf 88' lang='lat' dir='ltr'><strong>Deo</strong></span> <span class='ocrx_word' id='word_1_307' title='bbox 550 2108 643 2144; x_wconf 84' lang='lat' dir='ltr'><strong>pueri,</strong></span> <span class='ocrx_word' id='word_1_308' title='bbox 658 2110 779 2144; x_wconf 89' lang='lat' dir='ltr'><strong>sumpto</strong></span> <span class='ocrx_word' id='word_1_309' title='bbox 795 2108 849 2137; x_wconf 86' lang='lat' dir='ltr'><strong>Da-</strong></span> 
     </span>
    </p>
   </div>
   <div class='ocr_carea' id='block_1_46' title="bbox 51 2150 848 2189">
    <p class='ocr_par' dir='ltr' id='par_1_46' title="bbox 51 2150 848 2189">
     <span class='ocr_line' id='line_1_46' title="bbox 51 2150 848 2189; baseline 0.005 -13"><span class='ocrx_word' id='word_1_310' title='bbox 51 2150 125 2178; x_wconf 73' lang='lat' dir='ltr'><strong>vidico</strong></span> <span class='ocrx_word' id='word_1_311' title='bbox 147 2153 299 2187; x_wconf 84' lang='lat' dir='ltr'><strong>psalterio,</strong></span> <span class='ocrx_word' id='word_1_312' title='bbox 314 2152 468 2189; x_wconf 86' lang='lat' dir='ltr'><strong>lectisque,</strong></span> <span class='ocrx_word' id='word_1_313' title='bbox 484 2160 554 2188; x_wconf 76' lang='lat' dir='ltr'><strong>quae</strong></span> <span class='ocrx_word' id='word_1_314' title='bbox 579 2153 637 2180; x_wconf 91' lang='lat' dir='ltr'><strong>sint</strong></span> <span class='ocrx_word' id='word_1_315' title='bbox 660 2155 732 2188; x_wconf 88' lang='lat' dir='ltr'><strong>apta</strong></span> <span class='ocrx_word' id='word_1_316' title='bbox 758 2155 848 2188; x_wconf 89' lang='lat' dir='ltr'><strong>atque</strong></span> 
     </span>
    </p>
   </div>
   <div class='ocr_carea' id='block_1_47' title="bbox 52 2197 886 2244">
    <p class='ocr_par' dir='ltr' id='par_1_47' title="bbox 52 2197 886 2244">
     <span class='ocr_line' id='line_1_47' title="bbox 52 2197 886 2244; baseline 0.004 -23"><span class='ocrx_word' id='word_1_317' title='bbox 52 2199 198 2241; x_wconf 62' lang='lat' dir='ltr'><strong>(numam,</strong></span> <span class='ocrx_word' id='word_1_318' title='bbox 208 2197 274 2232; x_wconf 84' lang='lat' dir='ltr'><strong>ejus</strong></span> <span class='ocrx_word' id='word_1_319' title='bbox 283 2197 418 2230; x_wconf 87' lang='lat' dir='ltr'><strong>canticis,</strong></span> <span class='ocrx_word' id='word_1_320' title='bbox 434 2197 532 2225; x_wconf 93' lang='lat' dir='ltr'><strong>Solem</strong></span> <span class='ocrx_word' id='word_1_321' title='bbox 540 2197 662 2231; x_wconf 60' lang='lat' dir='ltr'><strong>justitiaa</strong></span> <span class='ocrx_word' id='word_1_322' title='bbox 678 2197 847 2244; x_wconf 82' lang='lat' dir='ltr'><strong>aquilarum</strong></span> <span class='ocrx_word' id='word_1_323' title='bbox 863 2217 886 2244; x_wconf 67' lang='grc' dir='ltr'><strong>Β</strong></span> 
     </span>
    </p>
   </div>
   <div class='ocr_carea' id='block_1_48' title="bbox 52 2237 844 2277">
    <p class='ocr_par' dir='ltr' id='par_1_48' title="bbox 52 2237 844 2277">
     <span class='ocr_line' id='line_1_48' title="bbox 52 2237 844 2277; baseline 0.003 -11"><span class='ocrx_word' id='word_1_324' title='bbox 52 2237 112 2266; x_wconf 63' lang='lat' dir='ltr'><strong>Visus</strong></span> <span class='ocrx_word' id='word_1_325' title='bbox 122 2241 253 2269; x_wconf 86' lang='lat' dir='ltr'><strong>acumine</strong></span> <span class='ocrx_word' id='word_1_326' title='bbox 264 2241 344 2269; x_wconf 87' lang='lat' dir='ltr'><strong>clare</strong></span> <span class='ocrx_word' id='word_1_327' title='bbox 355 2241 552 2277; x_wconf 87' lang='lat' dir='ltr'><strong>prospiciunt,</strong></span> <span class='ocrx_word' id='word_1_328' title='bbox 562 2248 598 2268; x_wconf 87' lang='lat' dir='ltr'><strong>ac</strong></span> <span class='ocrx_word' id='word_1_329' title='bbox 608 2241 782 2276; x_wconf 87' lang='lat' dir='ltr'><strong>parentibus</strong></span> <span class='ocrx_word' id='word_1_330' title='bbox 792 2241 844 2277; x_wconf 91' lang='lat' dir='ltr'><strong>qui</strong></span> 
     </span>
    </p>
   </div>
   <div class='ocr_carea' id='block_1_49' title="bbox 53 2285 845 2321">
    <p class='ocr_par' dir='ltr' id='par_1_49' title="bbox 53 2285 845 2321">
     <span class='ocr_line' id='line_1_49' title="bbox 53 2285 845 2321; baseline 0.004 -12"><span class='ocrx_word' id='word_1_331' title='bbox 53 2285 118 2310; x_wconf 75' lang='lat' dir='ltr'><strong>acute</strong></span> <span class='ocrx_word' id='word_1_332' title='bbox 130 2292 244 2313; x_wconf 81' lang='lat' dir='ltr'><strong>cernere</strong></span> <span class='ocrx_word' id='word_1_333' title='bbox 267 2285 373 2317; x_wconf 79' lang='lat' dir='ltr'><strong>nolint,</strong></span> <span class='ocrx_word' id='word_1_334' title='bbox 388 2292 445 2313; x_wconf 89' lang='lat' dir='ltr'><strong>nec</strong></span> <span class='ocrx_word' id='word_1_335' title='bbox 465 2285 572 2321; x_wconf 70' lang='lat' dir='ltr'><strong>aquilae</strong></span> <span class='ocrx_word' id='word_1_336' title='bbox 587 2285 744 2320; x_wconf 87' lang='lat' dir='ltr'><strong>juventute</strong></span> <span class='ocrx_word' id='word_1_337' title='bbox 757 2292 845 2313; x_wconf 89' lang='lat' dir='ltr'><strong>reno-</strong></span> 
     </span>
    </p>
   </div>
   <div class='ocr_carea' id='block_1_50' title="bbox 54 2329 844 2365">
    <p class='ocr_par' dir='ltr' id='par_1_50' title="bbox 54 2329 844 2365">
     <span class='ocr_line' id='line_1_50' title="bbox 54 2329 844 2365; baseline 0.005 -12"><span class='ocrx_word' id='word_1_338' title='bbox 54 2329 196 2360; x_wconf 70' lang='lat' dir='ltr'><strong>Fantur,sed</strong></span> <span class='ocrx_word' id='word_1_339' title='bbox 204 2329 308 2357; x_wconf 69' lang='lat' dir='ltr'><strong>litterae</strong></span> <span class='ocrx_word' id='word_1_340' title='bbox 318 2331 466 2357; x_wconf 85' lang='lat' dir='ltr'><strong>vetustate</strong></span> <span class='ocrx_word' id='word_1_341' title='bbox 476 2329 645 2363; x_wconf 63' lang='lat' dir='ltr'><strong>cecutiant,</strong></span> <span class='ocrx_word' id='word_1_342' title='bbox 655 2329 844 2365; x_wconf 85' lang='lat' dir='ltr'><strong>adaperiunt:</strong></span> 
     </span>
    </p>
   </div>
   <div class='ocr_carea' id='block_1_51' title="bbox 52 2369 847 2409">
    <p class='ocr_par' dir='ltr' id='par_1_51' title="bbox 52 2369 847 2409">
     <span class='ocr_line' id='line_1_51' title="bbox 52 2369 847 2409; baseline 0.006 -13"><span class='ocrx_word' id='word_1_343' title='bbox 52 2369 180 2404; x_wconf 74' lang='lat' dir='ltr'><strong>Eosanna,</strong></span> <span class='ocrx_word' id='word_1_344' title='bbox 198 2373 298 2407; x_wconf 87' lang='lat' dir='ltr'><strong>aiunt;</strong></span> <span class='ocrx_word' id='word_1_345' title='bbox 320 2373 499 2402; x_wconf 74' lang='lat' dir='ltr'><strong>Benedictus</strong></span> <span class='ocrx_word' id='word_1_346' title='bbox 513 2374 567 2409; x_wconf 86' lang='lat' dir='ltr'><strong>qui</strong></span> <span class='ocrx_word' id='word_1_347' title='bbox 585 2374 665 2402; x_wconf 79' lang='lat' dir='ltr'><strong>venit</strong></span> <span class='ocrx_word' id='word_1_348' title='bbox 681 2374 713 2401; x_wconf 85' lang='lat' dir='ltr'><strong>in</strong></span> <span class='ocrx_word' id='word_1_349' title='bbox 728 2374 847 2402; x_wconf 80' lang='lat' dir='ltr'><strong>nomine</strong></span> 
     </span>
    </p>
   </div>
   <div class='ocr_carea' id='block_1_52' title="bbox 53 2413 848 2453">
    <p class='ocr_par' dir='ltr' id='par_1_52' title="bbox 53 2413 848 2453">
     <span class='ocr_line' id='line_1_52' title="bbox 53 2413 848 2453; baseline 0.003 -9"><span class='ocrx_word' id='word_1_350' title='bbox 53 2413 156 2452; x_wconf 76' lang='lat' dir='ltr'><strong>Domini,</strong></span> <span class='ocrx_word' id='word_1_351' title='bbox 173 2419 232 2446; x_wconf 68' lang='lat' dir='ltr'><strong>Rea:</strong></span> <span class='ocrx_word' id='word_1_352' title='bbox 255 2419 353 2447; x_wconf 77' lang='lat' dir='ltr'><strong>Israel</strong></span> <span class='ocrx_word' id='word_1_353' title='bbox 364 2419 400 2446; x_wconf 80' lang='grc'><strong>³³.</strong></span> <span class='ocrx_word' id='word_1_354' title='bbox 414 2418 469 2446; x_wconf 84' lang='lat' dir='ltr'><strong>Vix</strong></span> <span class='ocrx_word' id='word_1_355' title='bbox 489 2426 552 2446; x_wconf 90' lang='lat' dir='ltr'><strong>non</strong></span> <span class='ocrx_word' id='word_1_356' title='bbox 565 2418 659 2453; x_wconf 79' lang='lat' dir='ltr'><strong>digito</strong></span> <span class='ocrx_word' id='word_1_357' title='bbox 678 2420 848 2447; x_wconf 89' lang='lat' dir='ltr'><strong>monstrant</strong></span> 
     </span>
    </p>
   </div>
   <div class='ocr_carea' id='block_1_53' title="bbox 54 2458 846 2499">
    <p class='ocr_par' dir='ltr' id='par_1_53' title="bbox 54 2458 846 2499">
     <span class='ocr_line' id='line_1_53' title="bbox 54 2458 846 2499; baseline 0.003 -11"><span class='ocrx_word' id='word_1_358' title='bbox 54 2458 172 2495; x_wconf 74' lang='lat' dir='ltr'><strong>Infantes,</strong></span> <span class='ocrx_word' id='word_1_359' title='bbox 200 2465 291 2499; x_wconf 86' lang='lat' dir='ltr'><strong>atque</strong></span> <span class='ocrx_word' id='word_1_360' title='bbox 319 2463 475 2499; x_wconf 86' lang='lat' dir='ltr'><strong>predicant</strong></span> <span class='ocrx_word' id='word_1_361' title='bbox 503 2463 599 2491; x_wconf 91' lang='lat' dir='ltr'><strong>Sionis</strong></span> <span class='ocrx_word' id='word_1_362' title='bbox 632 2464 743 2497; x_wconf 79' lang='lat' dir='ltr'><strong>Regem</strong></span> <span class='ocrx_word' id='word_1_363' title='bbox 771 2471 846 2497; x_wconf 86' lang='lat' dir='ltr'><strong>esse,</strong></span> 
     </span>
    </p>
   </div>
   <div class='ocr_carea' id='block_1_54' title="bbox 53 2507 848 2536">
    <p class='ocr_par' dir='ltr' id='par_1_54' title="bbox 53 2507 848 2536">
     <span class='ocr_line' id='line_1_54' title="bbox 53 2507 848 2536; baseline 0.009 -7"><span class='ocrx_word' id='word_1_364' title='bbox 53 2508 218 2534; x_wconf 76' lang='lat' dir='ltr'><strong>mansuetum</strong></span> <span class='ocrx_word' id='word_1_365' title='bbox 227 2507 313 2535; x_wconf 89' lang='lat' dir='ltr'><strong>illum</strong></span> <span class='ocrx_word' id='word_1_366' title='bbox 326 2515 362 2535; x_wconf 83' lang='lat' dir='ltr'><strong>ac</strong></span> <span class='ocrx_word' id='word_1_367' title='bbox 377 2507 556 2536; x_wconf 86' lang='lat' dir='ltr'><strong>salvantem.</strong></span> <span class='ocrx_word' id='word_1_368' title='bbox 573 2507 656 2535; x_wconf 89' lang='lat' dir='ltr'><strong>Idem</strong></span> <span class='ocrx_word' id='word_1_369' title='bbox 671 2507 753 2535; x_wconf 91' lang='lat' dir='ltr'><strong>enim</strong></span> <span class='ocrx_word' id='word_1_370' title='bbox 766 2507 848 2536; x_wconf 86' lang='lat' dir='ltr'><strong>valet</strong></span> 
     </span>
    </p>
   </div>
   <div class='ocr_carea' id='block_1_55' title="bbox 54 2546 848 2588">
    <p class='ocr_par' dir='ltr' id='par_1_55' title="bbox 54 2546 848 2588">
     <span class='ocr_line' id='line_1_55' title="bbox 54 2546 848 2588; baseline 0.004 -11"><span class='ocrx_word' id='word_1_371' title='bbox 54 2546 178 2585; x_wconf 72' lang='lat' dir='ltr'><strong>Hammo,</strong></span> <span class='ocrx_word' id='word_1_372' title='bbox 192 2559 236 2585; x_wconf 84' lang='lat' dir='ltr'><strong>ac,</strong></span> <span class='ocrx_word' id='word_1_373' title='bbox 253 2553 359 2586; x_wconf 79' lang='lat' dir='ltr'><strong>Salva,</strong></span> <span class='ocrx_word' id='word_1_374' title='bbox 376 2559 485 2588; x_wconf 76' lang='lat' dir='ltr'><strong>quaeso.</strong></span> <span class='ocrx_word' id='word_1_375' title='bbox 503 2552 589 2581; x_wconf 83' lang='lat' dir='ltr'><strong>Haud</strong></span> <span class='ocrx_word' id='word_1_376' title='bbox 602 2555 703 2580; x_wconf 89' lang='lat' dir='ltr'><strong>tamen</strong></span> <span class='ocrx_word' id='word_1_377' title='bbox 719 2552 848 2580; x_wconf 87' lang='lat' dir='ltr'><strong>miracu-</strong></span> 
     </span>
    </p>
   </div>
   <div class='ocr_carea' id='block_1_56' title="bbox 55 2589 849 2633">
    <p class='ocr_par' dir='ltr' id='par_1_56' title="bbox 55 2589 849 2633">
     <span class='ocr_line' id='line_1_56' title="bbox 55 2589 849 2633; baseline 0.003 -11"><span class='ocrx_word' id='word_1_378' title='bbox 55 2589 101 2619; x_wconf 71' lang='lat' dir='ltr'><strong>lum</strong></span> <span class='ocrx_word' id='word_1_379' title='bbox 119 2593 146 2622; x_wconf 92' lang='lat' dir='ltr'><strong>in</strong></span> <span class='ocrx_word' id='word_1_380' title='bbox 168 2603 274 2631; x_wconf 90' lang='lat' dir='ltr'><strong>pueros</strong></span> <span class='ocrx_word' id='word_1_381' title='bbox 298 2597 443 2624; x_wconf 88' lang='lat' dir='ltr'><strong>convertit</strong></span> <span class='ocrx_word' id='word_1_382' title='bbox 463 2597 516 2633; x_wconf 89' lang='lat' dir='ltr'><strong>qui</strong></span> <span class='ocrx_word' id='word_1_383' title='bbox 536 2596 738 2624; x_wconf 88' lang='lat' dir='ltr'><strong>incircumcisi</strong></span> <span class='ocrx_word' id='word_1_384' title='bbox 753 2597 849 2625; x_wconf 90' lang='lat' dir='ltr'><strong>cordi-</strong></span> 
     </span>
    </p>
   </div>
   <div class='ocr_carea' id='block_1_57' title="bbox 83 2671 882 2712">
    <p class='ocr_par' dir='ltr' id='par_1_57' title="bbox 83 2671 882 2712">
     <span class='ocr_line' id='line_1_57' title="bbox 83 2671 882 2712; baseline 0.004 -11"><span class='ocrx_word' id='word_1_385' title='bbox 83 2671 101 2688; x_wconf 88' lang='lat'>&quot;</span> <span class='ocrx_word' id='word_1_386' title='bbox 112 2673 314 2712; x_wconf 42' lang='lat' dir='ltr'><strong>Psaluxxxvn,</strong></span> <span class='ocrx_word' id='word_1_387' title='bbox 334 2678 374 2704; x_wconf 87' lang='lat' dir='ltr'><strong>tl.</strong></span> <span class='ocrx_word' id='word_1_388' title='bbox 415 2676 437 2693; x_wconf 81' lang='lat'>“</span> <span class='ocrx_word' id='word_1_389' title='bbox 453 2675 524 2704; x_wconf 90' lang='lat' dir='ltr'><strong>Luc.</strong></span> <span class='ocrx_word' id='word_1_390' title='bbox 546 2684 612 2712; x_wconf 16' lang='lat' dir='ltr'><strong>rvnr,</strong></span> <span class='ocrx_word' id='word_1_391' title='bbox 628 2677 671 2704; x_wconf 77' lang='grc'><strong>54.</strong></span> <span class='ocrx_word' id='word_1_392' title='bbox 711 2677 734 2694; x_wconf 77' lang='grc'><strong>¹⁴</strong></span> <span class='ocrx_word' id='word_1_393' title='bbox 749 2677 817 2704; x_wconf 90' lang='lat' dir='ltr'><strong>Luc.</strong></span> <span class='ocrx_word' id='word_1_394' title='bbox 834 2684 882 2712; x_wconf 86' lang='lat' dir='ltr'><strong>vn,</strong></span> 
     </span>
    </p>
   </div>
   <div class='ocr_carea' id='block_1_58' title="bbox 599 131 1128 165">
    <p class='ocr_par' dir='ltr' id='par_1_58' title="bbox 599 131 1128 165">
     <span class='ocr_line' id='line_1_58' title="bbox 599 131 1128 165; baseline 0 0"><span class='ocrx_word' id='word_1_395' title='bbox 599 137 743 165; x_wconf 77' lang='lat' dir='ltr'><strong>HOMILIA</strong></span> <span class='ocrx_word' id='word_1_396' title='bbox 757 134 793 163; x_wconf 79' lang='grc' dir='ltr'>ΙΝ</span> <span class='ocrx_word' id='word_1_397' title='bbox 805 131 923 162; x_wconf 77' lang='lat' dir='ltr'><strong>RAMOS</strong></span> <span class='ocrx_word' id='word_1_398' title='bbox 940 134 1128 165; x_wconf 81' lang='lat' dir='ltr'><strong>PALMARUM</strong></span> 
     </span>
    </p>
   </div>
   <div class='ocr_carea' id='block_1_59' title="bbox 1661 143 1713 170">
    <p class='ocr_par' dir='ltr' id='par_1_59' title="bbox 1661 143 1713 170">
     <span class='ocr_line' id='line_1_59' title="bbox 1661 143 1713 170; baseline 0 0"><span class='ocrx_word' id='word_1_399' title='bbox 1661 143 1713 170; x_wconf 81' lang='lat'><strong>326</strong></span> 
     </span>
    </p>
   </div>
   <div class='ocr_carea' id='block_1_60' title="bbox 891 195 1713 236">
    <p class='ocr_par' dir='ltr' id='par_1_60' title="bbox 891 195 1713 236">
     <span class='ocr_line' id='line_1_60' title="bbox 891 195 1713 236; baseline 0.01 -13"><span class='ocrx_word' id='word_1_400' title='bbox 891 195 980 224; x_wconf 86' lang='lat' dir='ltr'><strong>dibus</strong></span> <span class='ocrx_word' id='word_1_401' title='bbox 990 200 1106 226; x_wconf 88' lang='lat' dir='ltr'><strong>essent:</strong></span> <span class='ocrx_word' id='word_1_402' title='bbox 1119 199 1199 226; x_wconf 89' lang='lat' dir='ltr'><strong>unde</strong></span> <span class='ocrx_word' id='word_1_403' title='bbox 1212 207 1311 235; x_wconf 91' lang='lat' dir='ltr'><strong>neque</strong></span> <span class='ocrx_word' id='word_1_404' title='bbox 1326 199 1355 227; x_wconf 94' lang='lat' dir='ltr'><strong>in</strong></span> <span class='ocrx_word' id='word_1_405' title='bbox 1367 199 1512 228; x_wconf 65' lang='lat' dir='ltr'><strong>calorum</strong></span> <span class='ocrx_word' id='word_1_406' title='bbox 1527 209 1655 236; x_wconf 85' lang='lat' dir='ltr'><strong>regnum</strong></span> <span class='ocrx_word' id='word_1_407' title='bbox 1670 203 1713 231; x_wconf 88' lang='lat' dir='ltr'><strong>in-</strong></span> 
     </span>
    </p>
   </div>
   <div class='ocr_carea' id='block_1_61' title="bbox 889 240 1713 283">
    <p class='ocr_par' dir='ltr' id='par_1_61' title="bbox 889 240 1713 283">
     <span class='ocr_line' id='line_1_61' title="bbox 889 240 1713 283; baseline 0.01 -17"><span class='ocrx_word' id='word_1_408' title='bbox 889 240 984 274; x_wconf 87' lang='lat' dir='ltr'><strong>gressi</strong></span> <span class='ocrx_word' id='word_1_409' title='bbox 1010 244 1089 271; x_wconf 91' lang='lat' dir='ltr'><strong>sunt.</strong></span> <span class='ocrx_word' id='word_1_410' title='bbox 1125 244 1214 270; x_wconf 88' lang='lat' dir='ltr'><strong>Erant</strong></span> <span class='ocrx_word' id='word_1_411' title='bbox 1240 243 1321 271; x_wconf 90' lang='lat' dir='ltr'><strong>enim</strong></span> <span class='ocrx_word' id='word_1_412' title='bbox 1357 250 1437 272; x_wconf 86' lang='lat' dir='ltr'><strong>utres</strong></span> <span class='ocrx_word' id='word_1_413' title='bbox 1463 247 1578 273; x_wconf 87' lang='lat' dir='ltr'><strong>veteres</strong></span> <span class='ocrx_word' id='word_1_414' title='bbox 1600 254 1635 274; x_wconf 85' lang='lat' dir='ltr'><strong>ac</strong></span> <span class='ocrx_word' id='word_1_415' title='bbox 1658 255 1713 283; x_wconf 92' lang='lat' dir='ltr'><strong>pu-</strong></span> 
     </span>
    </p>
   </div>
   <div class='ocr_carea' id='block_1_62' title="bbox 889 286 1716 326">
    <p class='ocr_par' dir='ltr' id='par_1_62' title="bbox 889 286 1716 326">
     <span class='ocr_line' id='line_1_62' title="bbox 889 286 1716 326; baseline 0.008 -15"><span class='ocrx_word' id='word_1_416' title='bbox 889 287 948 311; x_wconf 87' lang='lat' dir='ltr'><strong>tres</strong></span> <span class='ocrx_word' id='word_1_417' title='bbox 960 286 995 320; x_wconf 76' lang='grc'><strong>²⁸,</strong></span> <span class='ocrx_word' id='word_1_418' title='bbox 1008 294 1063 313; x_wconf 92' lang='lat' dir='ltr'><strong>nec</strong></span> <span class='ocrx_word' id='word_1_419' title='bbox 1083 287 1184 321; x_wconf 67' lang='lat' dir='ltr'><strong>gratias</strong></span> <span class='ocrx_word' id='word_1_420' title='bbox 1204 287 1308 315; x_wconf 87' lang='lat' dir='ltr'><strong>vinum</strong></span> <span class='ocrx_word' id='word_1_421' title='bbox 1326 290 1473 324; x_wconf 89' lang='lat' dir='ltr'><strong>tanquam</strong></span> <span class='ocrx_word' id='word_1_422' title='bbox 1486 289 1567 322; x_wconf 90' lang='lat' dir='ltr'><strong>novi,</strong></span> <span class='ocrx_word' id='word_1_423' title='bbox 1579 298 1614 318; x_wconf 89' lang='lat' dir='ltr'><strong>ac</strong></span> <span class='ocrx_word' id='word_1_424' title='bbox 1627 291 1716 326; x_wconf 89' lang='lat' dir='ltr'><strong>Spiri-</strong></span> 
     </span>
    </p>
   </div>
   <div class='ocr_carea' id='block_1_63' title="bbox 888 331 1716 368">
    <p class='ocr_par' dir='ltr' id='par_1_63' title="bbox 888 331 1716 368">
     <span class='ocr_line' id='line_1_63' title="bbox 888 331 1716 368; baseline 0.007 -12"><span class='ocrx_word' id='word_1_425' title='bbox 888 331 936 356; x_wconf 82' lang='lat' dir='ltr'><strong>tus</strong></span> <span class='ocrx_word' id='word_1_426' title='bbox 949 337 1088 365; x_wconf 82' lang='lat' dir='ltr'><strong>capaces,</strong></span> <span class='ocrx_word' id='word_1_427' title='bbox 1100 334 1238 367; x_wconf 88' lang='lat' dir='ltr'><strong>poterant</strong></span> <span class='ocrx_word' id='word_1_428' title='bbox 1254 340 1370 368; x_wconf 89' lang='lat' dir='ltr'><strong>capere.</strong></span> <span class='ocrx_word' id='word_1_429' title='bbox 1387 333 1465 360; x_wconf 86' lang='lat' dir='ltr'><strong>Proh</strong></span> <span class='ocrx_word' id='word_1_430' title='bbox 1477 333 1716 367; x_wconf 67' lang='lat' dir='ltr'><strong>caecitatem,cal-</strong></span> 
     </span>
    </p>
   </div>
   <div class='ocr_carea' id='block_1_64' title="bbox 887 373 1715 411">
    <p class='ocr_par' dir='ltr' id='par_1_64' title="bbox 887 373 1715 411">
     <span class='ocr_line' id='line_1_64' title="bbox 887 373 1715 411; baseline 0.01 -11"><span class='ocrx_word' id='word_1_431' title='bbox 887 373 1011 409; x_wconf 81' lang='lat' dir='ltr'><strong>tumque</strong></span> <span class='ocrx_word' id='word_1_432' title='bbox 1024 374 1030 402; x_wconf 87' lang='lat'><strong>!</strong></span> <span class='ocrx_word' id='word_1_433' title='bbox 1041 375 1179 411; x_wconf 76' lang='lat' dir='ltr'><strong>Cognovit</strong></span> <span class='ocrx_word' id='word_1_434' title='bbox 1194 377 1242 404; x_wconf 75' lang='lat' dir='ltr'><strong>bos</strong></span> <span class='ocrx_word' id='word_1_435' title='bbox 1251 384 1447 411; x_wconf 72' lang='lat' dir='ltr'><strong>possessorem</strong></span> <span class='ocrx_word' id='word_1_436' title='bbox 1458 386 1555 410; x_wconf 81' lang='lat' dir='ltr'><strong>suum,</strong></span> <span class='ocrx_word' id='word_1_437' title='bbox 1570 382 1597 407; x_wconf 86' lang='lat' dir='ltr'><strong>et</strong></span> <span class='ocrx_word' id='word_1_438' title='bbox 1612 381 1715 408; x_wconf 80' lang='lat' dir='ltr'><strong>asinus</strong></span> 
     </span>
    </p>
   </div>
   <div class='ocr_carea' id='block_1_65' title="bbox 885 420 1715 459">
    <p class='ocr_par' dir='ltr' id='par_1_65' title="bbox 885 420 1715 459">
     <span class='ocr_line' id='line_1_65' title="bbox 885 420 1715 459; baseline 0.008 -14"><span class='ocrx_word' id='word_1_439' title='bbox 885 425 1015 454; x_wconf 74' lang='lat' dir='ltr'><strong>praesepe</strong></span> <span class='ocrx_word' id='word_1_440' title='bbox 1029 420 1144 447; x_wconf 83' lang='lat' dir='ltr'><strong>domini</strong></span> <span class='ocrx_word' id='word_1_441' title='bbox 1155 421 1204 448; x_wconf 81' lang='lat' dir='ltr'><strong>sui</strong></span> <span class='ocrx_word' id='word_1_442' title='bbox 1218 422 1259 454; x_wconf 67' lang='lat'><strong>’5;</strong></span> <span class='ocrx_word' id='word_1_443' title='bbox 1276 421 1367 449; x_wconf 87' lang='lat' dir='ltr'><strong>Israel</strong></span> <span class='ocrx_word' id='word_1_444' title='bbox 1383 424 1484 450; x_wconf 88' lang='lat' dir='ltr'><strong>autem</strong></span> <span class='ocrx_word' id='word_1_445' title='bbox 1500 424 1610 459; x_wconf 82' lang='lat' dir='ltr'><strong>Regem</strong></span> <span class='ocrx_word' id='word_1_446' title='bbox 1625 431 1715 452; x_wconf 88' lang='lat' dir='ltr'><strong>suum</strong></span> 
     </span>
    </p>
   </div>
   <div class='ocr_carea' id='block_1_66' title="bbox 889 464 1717 501">
    <p class='ocr_par' dir='ltr' id='par_1_66' title="bbox 889 464 1717 501">
     <span class='ocr_line' id='line_1_66' title="bbox 889 464 1717 501; baseline 0.008 -12"><span class='ocrx_word' id='word_1_447' title='bbox 889 469 950 490; x_wconf 88' lang='lat' dir='ltr'><strong>non</strong></span> <span class='ocrx_word' id='word_1_448' title='bbox 963 465 1112 498; x_wconf 89' lang='lat' dir='ltr'><strong>cognovit,</strong></span> <span class='ocrx_word' id='word_1_449' title='bbox 1129 465 1181 492; x_wconf 87' lang='lat' dir='ltr'><strong>sed</strong></span> <span class='ocrx_word' id='word_1_450' title='bbox 1202 464 1407 501; x_wconf 84' lang='lat' dir='ltr'><strong>deprehensus</strong></span> <span class='ocrx_word' id='word_1_451' title='bbox 1436 469 1480 494; x_wconf 88' lang='lat' dir='ltr'><strong>est</strong></span> <span class='ocrx_word' id='word_1_452' title='bbox 1493 467 1569 495; x_wconf 91' lang='lat' dir='ltr'><strong>bove</strong></span> <span class='ocrx_word' id='word_1_453' title='bbox 1593 467 1717 496; x_wconf 85' lang='lat' dir='ltr'><strong>demen-</strong></span> 
     </span>
    </p>
   </div>
   <div class='ocr_carea' id='block_1_67' title="bbox 889 506 1712 545">
    <p class='ocr_par' dir='ltr' id='par_1_67' title="bbox 889 506 1712 545">
     <span class='ocr_line' id='line_1_67' title="bbox 889 506 1712 545; baseline 0.009 -11"><span class='ocrx_word' id='word_1_454' title='bbox 889 506 955 538; x_wconf 85' lang='lat' dir='ltr'><strong>tior,</strong></span> <span class='ocrx_word' id='word_1_455' title='bbox 971 510 999 535; x_wconf 87' lang='lat' dir='ltr'><strong>et</strong></span> <span class='ocrx_word' id='word_1_456' title='bbox 1027 508 1114 537; x_wconf 88' lang='lat' dir='ltr'><strong>asino</strong></span> <span class='ocrx_word' id='word_1_457' title='bbox 1138 510 1297 545; x_wconf 81' lang='lat' dir='ltr'><strong>stnpidior,</strong></span> <span class='ocrx_word' id='word_1_458' title='bbox 1319 511 1530 545; x_wconf 85' lang='lat' dir='ltr'><strong>cognoscendo</strong></span> <span class='ocrx_word' id='word_1_459' title='bbox 1551 512 1712 541; x_wconf 91' lang='lat' dir='ltr'><strong>Dominum</strong></span> 
     </span>
    </p>
   </div>
   <div class='ocr_carea' id='block_1_68' title="bbox 889 551 1715 588">
    <p class='ocr_par' dir='ltr' id='par_1_68' title="bbox 889 551 1715 588">
     <span class='ocr_line' id='line_1_68' title="bbox 889 551 1715 588; baseline 0.008 -10"><span class='ocrx_word' id='word_1_460' title='bbox 889 559 978 578; x_wconf 88' lang='lat' dir='ltr'><strong>suum</strong></span> <span class='ocrx_word' id='word_1_461' title='bbox 992 561 998 585; x_wconf 86' lang='lat'><strong>;</strong></span> <span class='ocrx_word' id='word_1_462' title='bbox 1013 551 1104 588; x_wconf 85' lang='lat' dir='ltr'><strong>idque</strong></span> <span class='ocrx_word' id='word_1_463' title='bbox 1120 561 1191 581; x_wconf 90' lang='lat' dir='ltr'><strong>cum</strong></span> <span class='ocrx_word' id='word_1_464' title='bbox 1202 553 1331 582; x_wconf 87' lang='lat' dir='ltr'><strong>infantes</strong></span> <span class='ocrx_word' id='word_1_465' title='bbox 1351 555 1476 583; x_wconf 91' lang='lat' dir='ltr'><strong>minime</strong></span> <span class='ocrx_word' id='word_1_466' title='bbox 1491 555 1601 584; x_wconf 87' lang='lat' dir='ltr'><strong>bovem</strong></span> <span class='ocrx_word' id='word_1_467' title='bbox 1615 556 1645 585; x_wconf 91' lang='lat' dir='ltr'><strong>in</strong></span> <span class='ocrx_word' id='word_1_468' title='bbox 1660 557 1715 585; x_wconf 88' lang='lat' dir='ltr'><strong>lin-</strong></span> 
     </span>
    </p>
   </div>
   <div class='ocr_carea' id='block_1_69' title="bbox 889 596 1716 639">
    <p class='ocr_par' dir='ltr' id='par_1_69' title="bbox 889 596 1716 639">
     <span class='ocr_line' id='line_1_69' title="bbox 889 596 1716 639; baseline 0.008 -16"><span class='ocrx_word' id='word_1_469' title='bbox 889 603 949 630; x_wconf 87' lang='lat' dir='ltr'><strong>gua</strong></span> <span class='ocrx_word' id='word_1_470' title='bbox 963 596 1083 631; x_wconf 84' lang='lat' dir='ltr'><strong>ferrent,</strong></span> <span class='ocrx_word' id='word_1_471' title='bbox 1092 598 1144 625; x_wconf 90' lang='lat' dir='ltr'><strong>sed</strong></span> <span class='ocrx_word' id='word_1_472' title='bbox 1157 597 1267 634; x_wconf 77' lang='lat' dir='ltr'><strong>Regem</strong></span> <span class='ocrx_word' id='word_1_473' title='bbox 1281 599 1372 627; x_wconf 86' lang='lat' dir='ltr'><strong>asello</strong></span> <span class='ocrx_word' id='word_1_474' title='bbox 1387 599 1716 639; x_wconf 77' lang='lat' dir='ltr'><strong>insidentem,pompa-</strong></span> 
     </span>
    </p>
   </div>
   <div class='ocr_carea' id='block_1_70' title="bbox 888 640 1716 682">
    <p class='ocr_par' dir='ltr' id='par_1_70' title="bbox 888 640 1716 682">
     <span class='ocr_line' id='line_1_70' title="bbox 888 640 1716 682; baseline 0.008 -15"><span class='ocrx_word' id='word_1_475' title='bbox 888 640 1270 677; x_wconf 88' lang='lat' dir='ltr'><strong>quehodieprocedentem,</strong></span> <span class='ocrx_word' id='word_1_476' title='bbox 1278 651 1313 671; x_wconf 87' lang='lat' dir='ltr'><strong>ac</strong></span> <span class='ocrx_word' id='word_1_477' title='bbox 1323 643 1407 680; x_wconf 89' lang='lat' dir='ltr'><strong>quod</strong></span> <span class='ocrx_word' id='word_1_478' title='bbox 1419 644 1490 672; x_wconf 92' lang='lat' dir='ltr'><strong>olim</strong></span> <span class='ocrx_word' id='word_1_479' title='bbox 1498 645 1638 673; x_wconf 88' lang='lat' dir='ltr'><strong>vaticinio</strong></span> <span class='ocrx_word' id='word_1_480' title='bbox 1648 654 1716 682; x_wconf 88' lang='lat' dir='ltr'><strong>pro-</strong></span> 
     </span>
    </p>
   </div>
   <div class='ocr_carea' id='block_1_71' title="bbox 888 684 1716 724">
    <p class='ocr_par' dir='ltr' id='par_1_71' title="bbox 888 684 1716 724">
     <span class='ocr_line' id='line_1_71' title="bbox 888 684 1716 724; baseline 0.008 -12"><span class='ocrx_word' id='word_1_481' title='bbox 888 684 984 712; x_wconf 91' lang='lat' dir='ltr'><strong>ditum</strong></span> <span class='ocrx_word' id='word_1_482' title='bbox 995 688 1082 719; x_wconf 85' lang='lat' dir='ltr'><strong>esset,</strong></span> <span class='ocrx_word' id='word_1_483' title='bbox 1094 686 1279 722; x_wconf 75' lang='lat' dir='ltr'><strong>implentem,</strong></span> <span class='ocrx_word' id='word_1_484' title='bbox 1295 688 1511 723; x_wconf 64' lang='lat' dir='ltr'><strong>praedicarent;</strong></span> <span class='ocrx_word' id='word_1_485' title='bbox 1524 689 1645 724; x_wconf 85' lang='lat' dir='ltr'><strong>alligare</strong></span> <span class='ocrx_word' id='word_1_486' title='bbox 1661 690 1716 718; x_wconf 89' lang='lat' dir='ltr'><strong>sci-</strong></span> 
     </span>
    </p>
   </div>
   <div class='ocr_carea' id='block_1_72' title="bbox 887 727 1718 768">
    <p class='ocr_par' dir='ltr' id='par_1_72' title="bbox 887 727 1718 768">
     <span class='ocr_line' id='line_1_72' title="bbox 887 727 1718 768; baseline 0.008 -13"><span class='ocrx_word' id='word_1_487' title='bbox 887 727 955 756; x_wconf 88' lang='lat' dir='ltr'><strong>licet</strong></span> <span class='ocrx_word' id='word_1_488' title='bbox 968 729 1008 756; x_wconf 89' lang='lat' dir='ltr'><strong>ad</strong></span> <span class='ocrx_word' id='word_1_489' title='bbox 1018 729 1109 757; x_wconf 88' lang='lat' dir='ltr'><strong>vitem</strong></span> <span class='ocrx_word' id='word_1_490' title='bbox 1120 730 1237 766; x_wconf 88' lang='lat' dir='ltr'><strong>pullum</strong></span> <span class='ocrx_word' id='word_1_491' title='bbox 1249 739 1337 759; x_wconf 89' lang='lat' dir='ltr'><strong>suum</strong></span> <span class='ocrx_word' id='word_1_492' title='bbox 1349 732 1385 766; x_wconf 71' lang='grc'><strong>³⁸,</strong></span> <span class='ocrx_word' id='word_1_493' title='bbox 1396 732 1480 768; x_wconf 89' lang='lat' dir='ltr'><strong>quod</strong></span> <span class='ocrx_word' id='word_1_494' title='bbox 1491 737 1546 766; x_wconf 88' lang='lat' dir='ltr'><strong>est,</strong></span> <span class='ocrx_word' id='word_1_495' title='bbox 1555 741 1669 762; x_wconf 90' lang='lat' dir='ltr'><strong>novum</strong></span> <span class='ocrx_word' id='word_1_496' title='bbox 1680 742 1718 762; x_wconf 83' lang='lat' dir='ltr'><strong>ex</strong></span> 
     </span>
    </p>
   </div>
   <div class='ocr_carea' id='block_1_73' title="bbox 889 773 1718 813">
    <p class='ocr_par' dir='ltr' id='par_1_73' title="bbox 889 773 1718 813">
     <span class='ocr_line' id='line_1_73' title="bbox 889 773 1718 813; baseline 0.008 -14"><span class='ocrx_word' id='word_1_497' title='bbox 889 773 1027 807; x_wconf 85' lang='lat' dir='ltr'><strong>gentibus</strong></span> <span class='ocrx_word' id='word_1_498' title='bbox 1038 774 1290 812; x_wconf 88' lang='lat' dir='ltr'><strong>populum,quem</strong></span> <span class='ocrx_word' id='word_1_499' title='bbox 1301 776 1432 804; x_wconf 92' lang='lat' dir='ltr'><strong>necdum</strong></span> <span class='ocrx_word' id='word_1_500' title='bbox 1443 777 1512 813; x_wconf 88' lang='lat' dir='ltr'><strong>quis</strong></span> <span class='ocrx_word' id='word_1_501' title='bbox 1521 778 1596 813; x_wconf 83' lang='lat' dir='ltr'><strong>jugo</strong></span> <span class='ocrx_word' id='word_1_502' title='bbox 1605 779 1718 806; x_wconf 88' lang='lat' dir='ltr'><strong>manci-</strong></span> 
     </span>
    </p>
   </div>
   <div class='ocr_carea' id='block_1_74' title="bbox 888 819 1716 858">
    <p class='ocr_par' dir='ltr' id='par_1_74' title="bbox 888 819 1716 858">
     <span class='ocr_line' id='line_1_74' title="bbox 888 819 1716 858; baseline 0.01 -14"><span class='ocrx_word' id='word_1_503' title='bbox 888 820 984 853; x_wconf 85' lang='lat' dir='ltr'><strong>parat,</strong></span> <span class='ocrx_word' id='word_1_504' title='bbox 996 819 1034 845; x_wconf 89' lang='lat' dir='ltr'><strong>ad</strong></span> <span class='ocrx_word' id='word_1_505' title='bbox 1050 819 1140 847; x_wconf 87' lang='lat' dir='ltr'><strong>vitem</strong></span> <span class='ocrx_word' id='word_1_506' title='bbox 1153 827 1188 847; x_wconf 84' lang='lat' dir='ltr'><strong>ex</strong></span> <span class='ocrx_word' id='word_1_507' title='bbox 1205 821 1333 856; x_wconf 56' lang='lat' dir='ltr'><strong>[Egypto</strong></span> <span class='ocrx_word' id='word_1_508' title='bbox 1341 821 1521 849; x_wconf 85' lang='lat' dir='ltr'><strong>translatam</strong></span> <span class='ocrx_word' id='word_1_509' title='bbox 1532 822 1716 858; x_wconf 73' lang='lat' dir='ltr'><strong>colligare”.</strong></span> 
     </span>
    </p>
   </div>
   <div class='ocr_carea' id='block_1_75' title="bbox 927 862 1717 901">
    <p class='ocr_par' dir='ltr' id='par_1_75' title="bbox 927 862 1717 901">
     <span class='ocr_line' id='line_1_75' title="bbox 927 862 1717 901; baseline 0.009 -12"><span class='ocrx_word' id='word_1_510' title='bbox 927 862 1094 895; x_wconf 84' lang='lat' dir='ltr'><strong>Enimvero,</strong></span> <span class='ocrx_word' id='word_1_511' title='bbox 1111 871 1216 891; x_wconf 86' lang='lat' dir='ltr'><strong>eorum</strong></span> <span class='ocrx_word' id='word_1_512' title='bbox 1235 872 1304 900; x_wconf 67' lang='lat' dir='ltr'><strong>qua:</strong></span> <span class='ocrx_word' id='word_1_513' title='bbox 1331 866 1474 901; x_wconf 85' lang='lat' dir='ltr'><strong>mysterio</strong></span> <span class='ocrx_word' id='word_1_514' title='bbox 1497 866 1611 901; x_wconf 85' lang='lat' dir='ltr'><strong>insunt,</strong></span> <span class='ocrx_word' id='word_1_515' title='bbox 1630 867 1717 896; x_wconf 87' lang='lat' dir='ltr'><strong>mira-</strong></span> 
     </span>
    </p>
   </div>
   <div class='ocr_carea' id='block_1_76' title="bbox 893 906 1718 946">
    <p class='ocr_par' dir='ltr' id='par_1_76' title="bbox 893 906 1718 946">
     <span class='ocr_line' id='line_1_76' title="bbox 893 906 1718 946; baseline 0.008 -13"><span class='ocrx_word' id='word_1_516' title='bbox 893 906 1029 934; x_wconf 89' lang='lat' dir='ltr'><strong>culorum</strong></span> <span class='ocrx_word' id='word_1_517' title='bbox 1045 907 1106 934; x_wconf 91' lang='lat' dir='ltr'><strong>vim</strong></span> <span class='ocrx_word' id='word_1_518' title='bbox 1121 908 1337 943; x_wconf 88' lang='lat' dir='ltr'><strong>intelligamus;</strong></span> <span class='ocrx_word' id='word_1_519' title='bbox 1354 910 1428 945; x_wconf 92' lang='lat' dir='ltr'><strong>quin</strong></span> <span class='ocrx_word' id='word_1_520' title='bbox 1448 911 1546 946; x_wconf 90' lang='lat' dir='ltr'><strong>potius</strong></span> <span class='ocrx_word' id='word_1_521' title='bbox 1564 911 1718 940; x_wconf 86' lang='lat' dir='ltr'><strong>celebrita-</strong></span> 
     </span>
    </p>
   </div>
   <div class='ocr_carea' id='block_1_77' title="bbox 894 950 1719 988">
    <p class='ocr_par' dir='ltr' id='par_1_77' title="bbox 894 950 1719 988">
     <span class='ocr_line' id='line_1_77' title="bbox 894 950 1719 988; baseline 0.008 -11"><span class='ocrx_word' id='word_1_522' title='bbox 894 950 930 977; x_wconf 88' lang='lat' dir='ltr'><strong>tis</strong></span> <span class='ocrx_word' id='word_1_523' title='bbox 946 950 1091 979; x_wconf 89' lang='lat' dir='ltr'><strong>miracula</strong></span> <span class='ocrx_word' id='word_1_524' title='bbox 1104 951 1133 979; x_wconf 93' lang='lat' dir='ltr'><strong>in</strong></span> <span class='ocrx_word' id='word_1_525' title='bbox 1148 952 1237 980; x_wconf 87' lang='lat' dir='ltr'><strong>nobis</strong></span> <span class='ocrx_word' id='word_1_526' title='bbox 1252 953 1309 988; x_wconf 86' lang='lat' dir='ltr'><strong>ipsi</strong></span> <span class='ocrx_word' id='word_1_527' title='bbox 1325 954 1530 982; x_wconf 84' lang='lat' dir='ltr'><strong>exhibeamus.</strong></span> <span class='ocrx_word' id='word_1_528' title='bbox 1547 955 1719 984; x_wconf 86' lang='lat' dir='ltr'><strong>Efﬁciamur</strong></span> 
     </span>
    </p>
   </div>
   <div class='ocr_carea' id='block_1_78' title="bbox 894 994 1719 1035">
    <p class='ocr_par' dir='ltr' id='par_1_78' title="bbox 894 994 1719 1035">
     <span class='ocr_line' id='line_1_78' title="bbox 894 994 1719 1035; baseline 0.008 -14"><span class='ocrx_word' id='word_1_529' title='bbox 894 994 996 1022; x_wconf 82' lang='lat' dir='ltr'><strong>Lazari</strong></span> <span class='ocrx_word' id='word_1_530' title='bbox 1010 995 1116 1023; x_wconf 88' lang='lat' dir='ltr'><strong>Christi</strong></span> <span class='ocrx_word' id='word_1_531' title='bbox 1127 996 1215 1024; x_wconf 87' lang='lat' dir='ltr'><strong>amici</strong></span> <span class='ocrx_word' id='word_1_532' title='bbox 1227 1005 1233 1030; x_wconf 88' lang='lat'>;</span> <span class='ocrx_word' id='word_1_533' title='bbox 1251 1005 1368 1025; x_wconf 87' lang='lat' dir='ltr'><strong>sorores</strong></span> <span class='ocrx_word' id='word_1_534' title='bbox 1381 998 1470 1025; x_wconf 90' lang='lat' dir='ltr'><strong>nobis</strong></span> <span class='ocrx_word' id='word_1_535' title='bbox 1485 999 1665 1035; x_wconf 87' lang='lat' dir='ltr'><strong>sapientiam</strong></span> <span class='ocrx_word' id='word_1_536' title='bbox 1677 1001 1719 1028; x_wconf 86' lang='lat' dir='ltr'><strong>at-</strong></span> 
     </span>
    </p>
   </div>
   <div class='ocr_carea' id='block_1_79' title="bbox 893 1038 1718 1078">
    <p class='ocr_par' dir='ltr' id='par_1_79' title="bbox 893 1038 1718 1078">
     <span class='ocr_line' id='line_1_79' title="bbox 893 1038 1718 1078; baseline 0.008 -13"><span class='ocrx_word' id='word_1_537' title='bbox 893 1045 954 1074; x_wconf 83' lang='lat' dir='ltr'><strong>que</strong></span> <span class='ocrx_word' id='word_1_538' title='bbox 968 1038 1108 1067; x_wconf 89' lang='lat' dir='ltr'><strong>virtutem</strong></span> <span class='ocrx_word' id='word_1_539' title='bbox 1123 1039 1289 1075; x_wconf 82' lang='lat' dir='ltr'><strong>faciamus;</strong></span> <span class='ocrx_word' id='word_1_540' title='bbox 1304 1049 1339 1069; x_wconf 87' lang='lat' dir='ltr'><strong>ac</strong></span> <span class='ocrx_word' id='word_1_541' title='bbox 1353 1042 1377 1069; x_wconf 89' lang='lat' dir='ltr'><strong>si</strong></span> <span class='ocrx_word' id='word_1_542' title='bbox 1392 1042 1517 1078; x_wconf 89' lang='lat' dir='ltr'><strong>quando</strong></span> <span class='ocrx_word' id='word_1_543' title='bbox 1532 1043 1613 1072; x_wconf 90' lang='lat' dir='ltr'><strong>velut</strong></span> <span class='ocrx_word' id='word_1_544' title='bbox 1623 1044 1718 1072; x_wconf 89' lang='lat' dir='ltr'><strong>homi-</strong></span> 
     </span>
    </p>
   </div>
   <div class='ocr_carea' id='block_1_80' title="bbox 894 1083 1719 1120">
    <p class='ocr_par' dir='ltr' id='par_1_80' title="bbox 894 1083 1719 1120">
     <span class='ocr_line' id='line_1_80' title="bbox 894 1083 1719 1120; baseline 0.01 -11"><span class='ocrx_word' id='word_1_545' title='bbox 894 1090 948 1110; x_wconf 87' lang='lat' dir='ltr'><strong>nes</strong></span> <span class='ocrx_word' id='word_1_546' title='bbox 963 1083 1107 1111; x_wconf 87' lang='lat' dir='ltr'><strong>inﬁrmari</strong></span> <span class='ocrx_word' id='word_1_547' title='bbox 1123 1085 1287 1120; x_wconf 88' lang='lat' dir='ltr'><strong>contigerit,</strong></span> <span class='ocrx_word' id='word_1_548' title='bbox 1306 1094 1357 1114; x_wconf 89' lang='lat' dir='ltr'><strong>seu</strong></span> <span class='ocrx_word' id='word_1_549' title='bbox 1373 1087 1464 1114; x_wconf 89' lang='lat' dir='ltr'><strong>etiam</strong></span> <span class='ocrx_word' id='word_1_550' title='bbox 1478 1087 1508 1115; x_wconf 91' lang='lat' dir='ltr'><strong>in</strong></span> <span class='ocrx_word' id='word_1_551' title='bbox 1524 1090 1652 1116; x_wconf 88' lang='lat' dir='ltr'><strong>mortem</strong></span> <span class='ocrx_word' id='word_1_552' title='bbox 1667 1088 1719 1117; x_wconf 82' lang='lat' dir='ltr'><strong>ob-</strong></span> 
     </span>
    </p>
   </div>
   <div class='ocr_carea' id='block_1_81' title="bbox 894 1127 1719 1168">
    <p class='ocr_par' dir='ltr' id='par_1_81' title="bbox 894 1127 1719 1168">
     <span class='ocr_line' id='line_1_81' title="bbox 894 1127 1719 1168; baseline 0.007 -14"><span class='ocrx_word' id='word_1_553' title='bbox 894 1127 1035 1160; x_wconf 87' lang='lat' dir='ltr'><strong>dormire,</strong></span> <span class='ocrx_word' id='word_1_554' title='bbox 1052 1128 1256 1165; x_wconf 86' lang='lat' dir='ltr'><strong>fuerimusque</strong></span> <span class='ocrx_word' id='word_1_555' title='bbox 1272 1132 1416 1166; x_wconf 88' lang='lat' dir='ltr'><strong>tanquam</strong></span> <span class='ocrx_word' id='word_1_556' title='bbox 1431 1131 1460 1158; x_wconf 93' lang='lat' dir='ltr'><strong>in</strong></span> <span class='ocrx_word' id='word_1_557' title='bbox 1476 1139 1569 1168; x_wconf 89' lang='lat' dir='ltr'><strong>specu</strong></span> <span class='ocrx_word' id='word_1_558' title='bbox 1583 1133 1719 1168; x_wconf 87' lang='lat' dir='ltr'><strong>quadam</strong></span> 
     </span>
    </p>
   </div>
   <div class='ocr_carea' id='block_1_82' title="bbox 895 1172 1719 1212">
    <p class='ocr_par' dir='ltr' id='par_1_82' title="bbox 895 1172 1719 1212">
     <span class='ocr_line' id='line_1_82' title="bbox 895 1172 1719 1212; baseline 0.007 -13"><span class='ocrx_word' id='word_1_559' title='bbox 895 1172 925 1199; x_wconf 91' lang='lat' dir='ltr'><strong>in</strong></span> <span class='ocrx_word' id='word_1_560' title='bbox 941 1173 1081 1208; x_wconf 70' lang='lat' dir='ltr'><strong>praesenti</strong></span> <span class='ocrx_word' id='word_1_561' title='bbox 1106 1173 1212 1209; x_wconf 88' lang='lat' dir='ltr'><strong>sepulti</strong></span> <span class='ocrx_word' id='word_1_562' title='bbox 1237 1175 1358 1208; x_wconf 69' lang='lat' dir='ltr'><strong>saeculo,</strong></span> <span class='ocrx_word' id='word_1_563' title='bbox 1379 1175 1483 1209; x_wconf 89' lang='lat' dir='ltr'><strong>aderit,</strong></span> <span class='ocrx_word' id='word_1_564' title='bbox 1505 1176 1557 1212; x_wconf 90' lang='lat' dir='ltr'><strong>qui</strong></span> <span class='ocrx_word' id='word_1_565' title='bbox 1583 1179 1628 1204; x_wconf 89' lang='lat' dir='ltr'><strong>est</strong></span> <span class='ocrx_word' id='word_1_566' title='bbox 1646 1177 1719 1212; x_wconf 85' lang='lat' dir='ltr'><strong>vita,</strong></span> 
     </span>
    </p>
   </div>
   <div class='ocr_carea' id='block_1_83' title="bbox 896 1217 1720 1254">
    <p class='ocr_par' dir='ltr' id='par_1_83' title="bbox 896 1217 1720 1254">
     <span class='ocr_line' id='line_1_83' title="bbox 896 1217 1720 1254; baseline 0.007 -10"><span class='ocrx_word' id='word_1_567' title='bbox 896 1217 1213 1254; x_wconf 85' lang='lat' dir='ltr'><strong>Christus,magnaque</strong></span> <span class='ocrx_word' id='word_1_568' title='bbox 1221 1226 1296 1246; x_wconf 88' lang='lat' dir='ltr'><strong>evan</strong></span> <span class='ocrx_word' id='word_1_569' title='bbox 1300 1219 1463 1254; x_wconf 84' lang='lat' dir='ltr'><strong>gelicorum</strong></span> <span class='ocrx_word' id='word_1_570' title='bbox 1469 1220 1720 1250; x_wconf 89' lang='lat' dir='ltr'><strong>documentorum</strong></span> 
     </span>
    </p>
   </div>
   <div class='ocr_carea' id='block_1_84' title="bbox 895 1261 1720 1300">
    <p class='ocr_par' dir='ltr' id='par_1_84' title="bbox 895 1261 1720 1300">
     <span class='ocr_line' id='line_1_84' title="bbox 895 1261 1720 1300; baseline 0.007 -12"><span class='ocrx_word' id='word_1_571' title='bbox 895 1268 968 1288; x_wconf 92' lang='lat' dir='ltr'><strong>voce</strong></span> <span class='ocrx_word' id='word_1_572' title='bbox 984 1261 1146 1290; x_wconf 85' lang='lat' dir='ltr'><strong>clamabit:</strong></span> <span class='ocrx_word' id='word_1_573' title='bbox 1166 1263 1266 1292; x_wconf 83' lang='lat' dir='ltr'><strong>Venite</strong></span> <span class='ocrx_word' id='word_1_574' title='bbox 1274 1264 1359 1298; x_wconf 77' lang='lat' dir='ltr'><strong>foras</strong></span> <span class='ocrx_word' id='word_1_575' title='bbox 1369 1265 1392 1282; x_wconf 82' lang='lat'>&quot;</span> <span class='ocrx_word' id='word_1_576' title='bbox 1407 1272 1426 1292; x_wconf 86' lang='lat' dir='ltr'><strong>a</strong></span> <span class='ocrx_word' id='word_1_577' title='bbox 1437 1265 1536 1293; x_wconf 65' lang='lat' dir='ltr'><strong>saeculi</strong></span> <span class='ocrx_word' id='word_1_578' title='bbox 1547 1268 1660 1300; x_wconf 88' lang='lat' dir='ltr'><strong>morte;</strong></span> <span class='ocrx_word' id='word_1_579' title='bbox 1677 1268 1720 1294; x_wconf 87' lang='lat' dir='ltr'><strong>at-</strong></span> 
     </span>
    </p>
   </div>
   <div class='ocr_carea' id='block_1_85' title="bbox 895 1307 1719 1347">
    <p class='ocr_par' dir='ltr' id='par_1_85' title="bbox 895 1307 1719 1347">
     <span class='ocr_line' id='line_1_85' title="bbox 895 1307 1719 1347; baseline 0.008 -14"><span class='ocrx_word' id='word_1_580' title='bbox 895 1314 955 1342; x_wconf 89' lang='lat' dir='ltr'><strong>que</strong></span> <span class='ocrx_word' id='word_1_581' title='bbox 966 1309 998 1334; x_wconf 91' lang='lat' dir='ltr'><strong>ut</strong></span> <span class='ocrx_word' id='word_1_582' title='bbox 1006 1307 1065 1334; x_wconf 86' lang='lat' dir='ltr'><strong>alio</strong></span> <span class='ocrx_word' id='word_1_583' title='bbox 1076 1307 1211 1343; x_wconf 89' lang='lat' dir='ltr'><strong>quodam</strong></span> <span class='ocrx_word' id='word_1_584' title='bbox 1220 1308 1286 1336; x_wconf 91' lang='lat' dir='ltr'><strong>loco</strong></span> <span class='ocrx_word' id='word_1_585' title='bbox 1296 1309 1719 1347; x_wconf 75' lang='lat' dir='ltr'><strong>dicit,Surgiteeamushinc”,</strong></span> 
     </span>
    </p>
   </div>
   <div class='ocr_carea' id='block_1_86' title="bbox 895 1350 1721 1389">
    <p class='ocr_par' dir='ltr' id='par_1_86' title="bbox 895 1350 1721 1389">
     <span class='ocr_line' id='line_1_86' title="bbox 895 1350 1721 1389; baseline 0.008 -12"><span class='ocrx_word' id='word_1_586' title='bbox 895 1358 952 1378; x_wconf 88' lang='lat' dir='ltr'><strong>nos</strong></span> <span class='ocrx_word' id='word_1_587' title='bbox 970 1350 1040 1379; x_wconf 90' lang='lat' dir='ltr'><strong>inde</strong></span> <span class='ocrx_word' id='word_1_588' title='bbox 1064 1353 1255 1387; x_wconf 79' lang='lat' dir='ltr'><strong>transferens,</strong></span> <span class='ocrx_word' id='word_1_589' title='bbox 1272 1356 1362 1389; x_wconf 85' lang='lat' dir='ltr'><strong>atque</strong></span> <span class='ocrx_word' id='word_1_590' title='bbox 1385 1361 1403 1381; x_wconf 89' lang='lat' dir='ltr'><strong>a</strong></span> <span class='ocrx_word' id='word_1_591' title='bbox 1419 1354 1521 1382; x_wconf 70' lang='lat' dir='ltr'><strong>saeculi</strong></span> <span class='ocrx_word' id='word_1_592' title='bbox 1536 1358 1631 1383; x_wconf 88' lang='lat' dir='ltr'><strong>morte</strong></span> <span class='ocrx_word' id='word_1_593' title='bbox 1650 1356 1721 1384; x_wconf 89' lang='lat' dir='ltr'><strong>edu-</strong></span> 
     </span>
    </p>
   </div>
   <div class='ocr_carea' id='block_1_87' title="bbox 897 1397 1721 1436">
    <p class='ocr_par' dir='ltr' id='par_1_87' title="bbox 897 1397 1721 1436">
     <span class='ocr_line' id='line_1_87' title="bbox 897 1397 1721 1436; baseline 0.007 -14"><span class='ocrx_word' id='word_1_594' title='bbox 897 1402 988 1428; x_wconf 88' lang='lat' dir='ltr'><strong>cens;</strong></span> <span class='ocrx_word' id='word_1_595' title='bbox 1006 1403 1041 1423; x_wconf 91' lang='lat' dir='ltr'><strong>ac</strong></span> <span class='ocrx_word' id='word_1_596' title='bbox 1054 1397 1154 1424; x_wconf 88' lang='lat' dir='ltr'><strong>statim</strong></span> <span class='ocrx_word' id='word_1_597' title='bbox 1177 1405 1192 1424; x_wconf 92' lang='lat' dir='ltr'><strong>e</strong></span> <span class='ocrx_word' id='word_1_598' title='bbox 1218 1398 1329 1425; x_wconf 78' lang='lat' dir='ltr'><strong>saeculo</strong></span> <span class='ocrx_word' id='word_1_599' title='bbox 1355 1398 1555 1433; x_wconf 81' lang='lat' dir='ltr'><strong>egrediemur,</strong></span> <span class='ocrx_word' id='word_1_600' title='bbox 1576 1399 1721 1436; x_wconf 88' lang='lat' dir='ltr'><strong>nulloque</strong></span> 
     </span>
    </p>
   </div>
   <div class='ocr_carea' id='block_1_88' title="bbox 896 1439 1721 1478">
    <p class='ocr_par' dir='ltr' id='par_1_88' title="bbox 896 1439 1721 1478">
     <span class='ocr_line' id='line_1_88' title="bbox 896 1439 1721 1478; baseline 0.008 -12"><span class='ocrx_word' id='word_1_601' title='bbox 896 1439 1074 1474; x_wconf 87' lang='lat' dir='ltr'><strong>prohibente</strong></span> <span class='ocrx_word' id='word_1_602' title='bbox 1084 1441 1124 1468; x_wconf 87' lang='lat' dir='ltr'><strong>ad</strong></span> <span class='ocrx_word' id='word_1_603' title='bbox 1137 1441 1229 1469; x_wconf 87' lang='lat' dir='ltr'><strong>vitam</strong></span> <span class='ocrx_word' id='word_1_604' title='bbox 1245 1442 1458 1478; x_wconf 89' lang='lat' dir='ltr'><strong>procedemns,</strong></span> <span class='ocrx_word' id='word_1_605' title='bbox 1476 1444 1594 1472; x_wconf 88' lang='lat' dir='ltr'><strong>tametsi</strong></span> <span class='ocrx_word' id='word_1_606' title='bbox 1612 1445 1721 1473; x_wconf 88' lang='lat' dir='ltr'><strong>institis</strong></span> 
     </span>
    </p>
   </div>
   <div class='ocr_carea' id='block_1_89' title="bbox 896 1483 1721 1525">
    <p class='ocr_par' dir='ltr' id='par_1_89' title="bbox 896 1483 1721 1525">
     <span class='ocr_line' id='line_1_89' title="bbox 896 1483 1721 1525; baseline 0.008 -15"><span class='ocrx_word' id='word_1_607' title='bbox 896 1483 1083 1519; x_wconf 83' lang='lat' dir='ltr'><strong>ligari,quod</strong></span> <span class='ocrx_word' id='word_1_608' title='bbox 1095 1485 1225 1513; x_wconf 85' lang='lat' dir='ltr'><strong>maxime</strong></span> <span class='ocrx_word' id='word_1_609' title='bbox 1236 1493 1349 1513; x_wconf 81' lang='lat' dir='ltr'><strong>novum</strong></span> <span class='ocrx_word' id='word_1_610' title='bbox 1365 1495 1399 1514; x_wconf 85' lang='lat' dir='ltr'><strong>ac</strong></span> <span class='ocrx_word' id='word_1_611' title='bbox 1414 1487 1583 1516; x_wconf 89' lang='lat' dir='ltr'><strong>inauditum</strong></span> <span class='ocrx_word' id='word_1_612' title='bbox 1595 1497 1601 1522; x_wconf 89' lang='lat'><strong>;</strong></span> <span class='ocrx_word' id='word_1_613' title='bbox 1611 1496 1721 1525; x_wconf 90' lang='lat' dir='ltr'><strong>nempe</strong></span> 
     </span>
    </p>
   </div>
   <div class='ocr_carea' id='block_1_90' title="bbox 898 1528 1723 1568">
    <p class='ocr_par' dir='ltr' id='par_1_90' title="bbox 898 1528 1723 1568">
     <span class='ocr_line' id='line_1_90' title="bbox 898 1528 1723 1568; baseline 0.007 -13"><span class='ocrx_word' id='word_1_614' title='bbox 898 1528 987 1555; x_wconf 90' lang='lat' dir='ltr'><strong>etiam</strong></span> <span class='ocrx_word' id='word_1_615' title='bbox 1003 1529 1102 1556; x_wconf 84' lang='lat' dir='ltr'><strong>carnis</strong></span> <span class='ocrx_word' id='word_1_616' title='bbox 1127 1529 1254 1557; x_wconf 84' lang='lat' dir='ltr'><strong>vinculis</strong></span> <span class='ocrx_word' id='word_1_617' title='bbox 1281 1530 1392 1558; x_wconf 89' lang='lat' dir='ltr'><strong>astricti</strong></span> <span class='ocrx_word' id='word_1_618' title='bbox 1407 1540 1413 1558; x_wconf 92' lang='lat'><strong>:</strong></span> <span class='ocrx_word' id='word_1_619' title='bbox 1428 1531 1466 1559; x_wconf 86' lang='lat' dir='ltr'><strong>ab</strong></span> <span class='ocrx_word' id='word_1_620' title='bbox 1485 1539 1521 1559; x_wconf 91' lang='lat' dir='ltr'><strong>eo</strong></span> <span class='ocrx_word' id='word_1_621' title='bbox 1536 1533 1615 1560; x_wconf 90' lang='lat' dir='ltr'><strong>enim</strong></span> <span class='ocrx_word' id='word_1_622' title='bbox 1638 1533 1723 1568; x_wconf 88' lang='lat' dir='ltr'><strong>quod</strong></span> 
     </span>
    </p>
   </div>
   <div class='ocr_carea' id='block_1_91' title="bbox 899 1572 1722 1611">
    <p class='ocr_par' dir='ltr' id='par_1_91' title="bbox 899 1572 1722 1611">
     <span class='ocr_line' id='line_1_91' title="bbox 899 1572 1722 1611; baseline 0.007 -12"><span class='ocrx_word' id='word_1_623' title='bbox 899 1575 943 1600; x_wconf 88' lang='lat' dir='ltr'><strong>est</strong></span> <span class='ocrx_word' id='word_1_624' title='bbox 957 1572 1068 1600; x_wconf 87' lang='lat' dir='ltr'><strong>vincire</strong></span> <span class='ocrx_word' id='word_1_625' title='bbox 1083 1573 1229 1605; x_wconf 83' lang='lat' dir='ltr'><strong>animam.</strong></span> <span class='ocrx_word' id='word_1_626' title='bbox 1243 1575 1344 1602; x_wconf 58' lang='lat' dir='ltr'><strong>Greece.</strong></span> <span class='ocrx_word' id='word_1_627' title='bbox 1359 1582 1432 1602; x_wconf 88' lang='lat' dir='ltr'><strong>voce</strong></span> <span class='ocrx_word' id='word_1_628' title='bbox 1446 1574 1529 1611; x_wconf 77' lang='grc' dir='ltr'><strong>δέμας</strong></span> <span class='ocrx_word' id='word_1_629' title='bbox 1551 1577 1599 1611; x_wconf 89' lang='lat' dir='ltr'><strong>(ac</strong></span> <span class='ocrx_word' id='word_1_630' title='bbox 1620 1577 1643 1604; x_wconf 88' lang='lat' dir='ltr'><strong>si</strong></span> <span class='ocrx_word' id='word_1_631' title='bbox 1660 1577 1722 1605; x_wconf 92' lang='lat' dir='ltr'><strong>vin-</strong></span> 
     </span>
    </p>
   </div>
   <div class='ocr_carea' id='block_1_92' title="bbox 900 1616 1722 1656">
    <p class='ocr_par' dir='ltr' id='par_1_92' title="bbox 900 1616 1722 1656">
     <span class='ocr_line' id='line_1_92' title="bbox 900 1616 1722 1656; baseline 0.006 -12"><span class='ocrx_word' id='word_1_632' title='bbox 900 1616 1000 1644; x_wconf 90' lang='lat' dir='ltr'><strong>culum</strong></span> <span class='ocrx_word' id='word_1_633' title='bbox 1014 1616 1107 1653; x_wconf 87' lang='lat' dir='ltr'><strong>dicas)</strong></span> <span class='ocrx_word' id='word_1_634' title='bbox 1121 1618 1307 1654; x_wconf 89' lang='lat' dir='ltr'><strong>sapientibus</strong></span> <span class='ocrx_word' id='word_1_635' title='bbox 1320 1627 1430 1655; x_wconf 90' lang='lat' dir='ltr'><strong>corpus</strong></span> <span class='ocrx_word' id='word_1_636' title='bbox 1453 1623 1658 1656; x_wconf 88' lang='lat' dir='ltr'><strong>nuncupatur.</strong></span> <span class='ocrx_word' id='word_1_637' title='bbox 1677 1621 1722 1649; x_wconf 85' lang='lat' dir='ltr'><strong>Ni-</strong></span> 
     </span>
    </p>
   </div>
   <div class='ocr_carea' id='block_1_93' title="bbox 899 1661 1722 1700">
    <p class='ocr_par' dir='ltr' id='par_1_93' title="bbox 899 1661 1722 1700">
     <span class='ocr_line' id='line_1_93' title="bbox 899 1661 1722 1700; baseline 0.006 -12"><span class='ocrx_word' id='word_1_638' title='bbox 899 1661 941 1689; x_wconf 90' lang='lat' dir='ltr'><strong>hil</strong></span> <span class='ocrx_word' id='word_1_639' title='bbox 951 1663 1052 1689; x_wconf 85' lang='lat' dir='ltr'><strong>tamen</strong></span> <span class='ocrx_word' id='word_1_640' title='bbox 1065 1661 1139 1689; x_wconf 87' lang='lat' dir='ltr'><strong>illud</strong></span> <span class='ocrx_word' id='word_1_641' title='bbox 1155 1665 1244 1697; x_wconf 87' lang='lat' dir='ltr'><strong>vetat,</strong></span> <span class='ocrx_word' id='word_1_642' title='bbox 1265 1662 1339 1699; x_wconf 90' lang='lat' dir='ltr'><strong>quin</strong></span> <span class='ocrx_word' id='word_1_643' title='bbox 1353 1663 1460 1691; x_wconf 92' lang='lat' dir='ltr'><strong>mundi</strong></span> <span class='ocrx_word' id='word_1_644' title='bbox 1483 1664 1574 1700; x_wconf 88' lang='lat' dir='ltr'><strong>hujus</strong></span> <span class='ocrx_word' id='word_1_645' title='bbox 1594 1667 1722 1693; x_wconf 90' lang='lat' dir='ltr'><strong>mortem</strong></span> 
     </span>
    </p>
   </div>
   <div class='ocr_carea' id='block_1_94' title="bbox 901 1705 1723 1741">
    <p class='ocr_par' dir='ltr' id='par_1_94' title="bbox 901 1705 1723 1741">
     <span class='ocr_line' id='line_1_94' title="bbox 901 1705 1723 1741; baseline 0.006 -9"><span class='ocrx_word' id='word_1_646' title='bbox 901 1705 1051 1733; x_wconf 82' lang='lat' dir='ltr'><strong>aﬂ&#39;erentis</strong></span> <span class='ocrx_word' id='word_1_647' title='bbox 1060 1706 1278 1734; x_wconf 87' lang='lat' dir='ltr'><strong>necessitudine</strong></span> <span class='ocrx_word' id='word_1_648' title='bbox 1286 1707 1555 1741; x_wconf 81' lang='lat' dir='ltr'><strong>cxcedamus,dum</strong></span> <span class='ocrx_word' id='word_1_649' title='bbox 1563 1708 1661 1737; x_wconf 92' lang='lat' dir='ltr'><strong>solum</strong></span> <span class='ocrx_word' id='word_1_650' title='bbox 1669 1711 1723 1737; x_wconf 94' lang='lat' dir='ltr'><strong>Do-</strong></span> 
     </span>
    </p>
   </div>
   <div class='ocr_carea' id='block_1_95' title="bbox 901 1749 1725 1789">
    <p class='ocr_par' dir='ltr' id='par_1_95' title="bbox 901 1749 1725 1789">
     <span class='ocr_line' id='line_1_95' title="bbox 901 1749 1725 1789; baseline 0.006 -12"><span class='ocrx_word' id='word_1_651' title='bbox 901 1749 975 1777; x_wconf 91' lang='lat' dir='ltr'><strong>mini</strong></span> <span class='ocrx_word' id='word_1_652' title='bbox 1001 1757 1107 1778; x_wconf 86' lang='lat' dir='ltr'><strong>vocem</strong></span> <span class='ocrx_word' id='word_1_653' title='bbox 1127 1750 1324 1785; x_wconf 84' lang='lat' dir='ltr'><strong>audierimus,</strong></span> <span class='ocrx_word' id='word_1_654' title='bbox 1347 1754 1437 1788; x_wconf 86' lang='lat' dir='ltr'><strong>atque</strong></span> <span class='ocrx_word' id='word_1_655' title='bbox 1460 1753 1500 1781; x_wconf 91' lang='lat' dir='ltr'><strong>ad</strong></span> <span class='ocrx_word' id='word_1_656' title='bbox 1525 1753 1626 1789; x_wconf 87' lang='lat' dir='ltr'><strong>ipsum</strong></span> <span class='ocrx_word' id='word_1_657' title='bbox 1641 1756 1725 1782; x_wconf 83' lang='lat' dir='ltr'><strong>extra</strong></span> 
     </span>
    </p>
   </div>
   <div class='ocr_carea' id='block_1_96' title="bbox 901 1795 1726 1831">
    <p class='ocr_par' dir='ltr' id='par_1_96' title="bbox 901 1795 1726 1831">
     <span class='ocr_line' id='line_1_96' title="bbox 901 1795 1726 1831; baseline 0.006 -10"><span class='ocrx_word' id='word_1_658' title='bbox 901 1797 1001 1822; x_wconf 87' lang='lat' dir='ltr'><strong>castra</strong></span> <span class='ocrx_word' id='word_1_659' title='bbox 1014 1801 1170 1829; x_wconf 85' lang='lat' dir='ltr'><strong>exeamus,</strong></span> <span class='ocrx_word' id='word_1_660' title='bbox 1187 1795 1266 1823; x_wconf 92' lang='lat' dir='ltr'><strong>velut</strong></span> <span class='ocrx_word' id='word_1_661' title='bbox 1279 1796 1332 1831; x_wconf 91' lang='lat' dir='ltr'><strong>qui</strong></span> <span class='ocrx_word' id='word_1_662' title='bbox 1358 1799 1532 1825; x_wconf 87' lang='lat' dir='ltr'><strong>manentem</strong></span> <span class='ocrx_word' id='word_1_663' title='bbox 1556 1797 1604 1825; x_wconf 90' lang='lat' dir='ltr'><strong>hic</strong></span> <span class='ocrx_word' id='word_1_664' title='bbox 1626 1797 1726 1826; x_wconf 83' lang='lat' dir='ltr'><strong>civita-</strong></span> 
     </span>
    </p>
   </div>
   <div class='ocr_carea' id='block_1_97' title="bbox 901 1839 1728 1877">
    <p class='ocr_par' dir='ltr' id='par_1_97' title="bbox 901 1839 1728 1877">
     <span class='ocr_line' id='line_1_97' title="bbox 901 1839 1728 1877; baseline 0.006 -11"><span class='ocrx_word' id='word_1_665' title='bbox 901 1841 972 1874; x_wconf 86' lang='lat' dir='ltr'><strong>tem,</strong></span> <span class='ocrx_word' id='word_1_666' title='bbox 988 1842 1021 1867; x_wconf 88' lang='lat' dir='ltr'><strong>ut</strong></span> <span class='ocrx_word' id='word_1_667' title='bbox 1034 1839 1155 1867; x_wconf 90' lang='lat' dir='ltr'><strong>divinus</strong></span> <span class='ocrx_word' id='word_1_668' title='bbox 1170 1840 1330 1876; x_wconf 77' lang='lat' dir='ltr'><strong>Apostolus</strong></span> <span class='ocrx_word' id='word_1_669' title='bbox 1353 1841 1485 1877; x_wconf 86' lang='lat' dir='ltr'><strong>loquitur</strong></span> <span class='ocrx_word' id='word_1_670' title='bbox 1493 1842 1527 1876; x_wconf 78' lang='grc' dir='ltr'><strong>³ο,</strong></span> <span class='ocrx_word' id='word_1_671' title='bbox 1541 1849 1602 1870; x_wconf 92' lang='lat' dir='ltr'><strong>non</strong></span> <span class='ocrx_word' id='word_1_672' title='bbox 1616 1842 1728 1871; x_wconf 84' lang='lat' dir='ltr'><strong>habea-</strong></span> 
     </span>
    </p>
   </div>
   <div class='ocr_carea' id='block_1_98' title="bbox 900 1884 1727 1921">
    <p class='ocr_par' dir='ltr' id='par_1_98' title="bbox 900 1884 1727 1921">
     <span class='ocr_line' id='line_1_98' title="bbox 900 1884 1727 1921; baseline 0.005 -11"><span class='ocrx_word' id='word_1_673' title='bbox 900 1891 980 1915; x_wconf 79' lang='lat' dir='ltr'><strong>mus,</strong></span> <span class='ocrx_word' id='word_1_674' title='bbox 992 1891 1048 1911; x_wconf 90' lang='lat' dir='ltr'><strong>nec</strong></span> <span class='ocrx_word' id='word_1_675' title='bbox 1061 1884 1130 1911; x_wconf 74' lang='lat' dir='ltr'><strong>vitae</strong></span> <span class='ocrx_word' id='word_1_676' title='bbox 1142 1885 1320 1920; x_wconf 62' lang='lat' dir='ltr'><strong>reparandas</strong></span> <span class='ocrx_word' id='word_1_677' title='bbox 1335 1893 1420 1921; x_wconf 91' lang='lat' dir='ltr'><strong>spem</strong></span> <span class='ocrx_word' id='word_1_678' title='bbox 1436 1885 1628 1921; x_wconf 87' lang='lat' dir='ltr'><strong>abjiciamus,</strong></span> <span class='ocrx_word' id='word_1_679' title='bbox 1642 1886 1690 1914; x_wconf 89' lang='lat' dir='ltr'><strong>vel</strong></span> <span class='ocrx_word' id='word_1_680' title='bbox 1702 1886 1727 1914; x_wconf 88' lang='lat' dir='ltr'><strong>si</strong></span> 
     </span>
    </p>
   </div>
   <div class='ocr_carea' id='block_1_99' title="bbox 901 1928 1727 1967">
    <p class='ocr_par' dir='ltr' id='par_1_99' title="bbox 901 1928 1727 1967">
     <span class='ocr_line' id='line_1_99' title="bbox 901 1928 1727 1967; baseline 0.006 -13"><span class='ocrx_word' id='word_1_681' title='bbox 901 1928 1008 1955; x_wconf 91' lang='lat' dir='ltr'><strong>mundi</strong></span> <span class='ocrx_word' id='word_1_682' title='bbox 1017 1928 1141 1956; x_wconf 90' lang='lat' dir='ltr'><strong>libidine</strong></span> <span class='ocrx_word' id='word_1_683' title='bbox 1151 1929 1345 1964; x_wconf 89' lang='lat' dir='ltr'><strong>quatriduani</strong></span> <span class='ocrx_word' id='word_1_684' title='bbox 1354 1929 1492 1958; x_wconf 74' lang='lat' dir='ltr'><strong>instemus</strong></span> <span class='ocrx_word' id='word_1_685' title='bbox 1504 1939 1510 1964; x_wconf 87' lang='lat'><strong>;</strong></span> <span class='ocrx_word' id='word_1_686' title='bbox 1520 1930 1573 1967; x_wconf 90' lang='lat' dir='ltr'><strong>qui</strong></span> <span class='ocrx_word' id='word_1_687' title='bbox 1583 1931 1727 1959; x_wconf 88' lang='lat' dir='ltr'><strong>nimirum</strong></span> 
     </span>
    </p>
   </div>
   <div class='ocr_carea' id='block_1_100' title="bbox 901 1973 1724 2010">
    <p class='ocr_par' dir='ltr' id='par_1_100' title="bbox 901 1973 1724 2010">
     <span class='ocr_line' id='line_1_100' title="bbox 901 1973 1724 2010; baseline 0.006 -11"><span class='ocrx_word' id='word_1_688' title='bbox 901 1975 1032 2008; x_wconf 85' lang='lat' dir='ltr'><strong>quatuor</strong></span> <span class='ocrx_word' id='word_1_689' title='bbox 1042 1975 1154 2008; x_wconf 63' lang='lat' dir='ltr'><strong>(states,</strong></span> <span class='ocrx_word' id='word_1_690' title='bbox 1163 1973 1331 2009; x_wconf 86' lang='lat' dir='ltr'><strong>pueritiam,</strong></span> <span class='ocrx_word' id='word_1_691' title='bbox 1343 1974 1590 2010; x_wconf 84' lang='lat' dir='ltr'><strong>adolescentiam,</strong></span> <span class='ocrx_word' id='word_1_692' title='bbox 1599 1975 1724 2009; x_wconf 88' lang='lat' dir='ltr'><strong>virilem,</strong></span> 
     </span>
    </p>
   </div>
   <div class='ocr_carea' id='block_1_101' title="bbox 902 2018 1726 2055">
    <p class='ocr_par' dir='ltr' id='par_1_101' title="bbox 902 2018 1726 2055">
     <span class='ocr_line' id='line_1_101' title="bbox 902 2018 1726 2055; baseline 0.005 -11"><span class='ocrx_word' id='word_1_693' title='bbox 902 2025 938 2045; x_wconf 87' lang='lat' dir='ltr'><strong>ac</strong></span> <span class='ocrx_word' id='word_1_694' title='bbox 957 2019 1140 2044; x_wconf 88' lang='lat' dir='ltr'><strong>senectutem</strong></span> <span class='ocrx_word' id='word_1_695' title='bbox 1155 2018 1264 2046; x_wconf 88' lang='lat' dir='ltr'><strong>mortui</strong></span> <span class='ocrx_word' id='word_1_696' title='bbox 1277 2019 1440 2054; x_wconf 84' lang='lat' dir='ltr'><strong>egerimus,</strong></span> <span class='ocrx_word' id='word_1_697' title='bbox 1462 2022 1553 2055; x_wconf 89' lang='lat' dir='ltr'><strong>atque</strong></span> <span class='ocrx_word' id='word_1_698' title='bbox 1569 2019 1605 2047; x_wconf 90' lang='lat' dir='ltr'><strong>ad</strong></span> <span class='ocrx_word' id='word_1_699' title='bbox 1628 2019 1726 2055; x_wconf 89' lang='lat' dir='ltr'><strong>ipsam</strong></span> 
     </span>
    </p>
   </div>
   <div class='ocr_carea' id='block_1_102' title="bbox 901 2061 1726 2100">
    <p class='ocr_par' dir='ltr' id='par_1_102' title="bbox 901 2061 1726 2100">
     <span class='ocr_line' id='line_1_102' title="bbox 901 2061 1726 2100; baseline 0.005 -12"><span class='ocrx_word' id='word_1_700' title='bbox 901 2061 1133 2089; x_wconf 90' lang='lat' dir='ltr'><strong>dissolutionem</strong></span> <span class='ocrx_word' id='word_1_701' title='bbox 1159 2062 1356 2091; x_wconf 88' lang='lat' dir='ltr'><strong>venerimus:</strong></span> <span class='ocrx_word' id='word_1_702' title='bbox 1384 2063 1497 2100; x_wconf 89' lang='lat' dir='ltr'><strong>quippe</strong></span> <span class='ocrx_word' id='word_1_703' title='bbox 1517 2063 1649 2092; x_wconf 88' lang='lat' dir='ltr'><strong>Christus</strong></span> <span class='ocrx_word' id='word_1_704' title='bbox 1674 2063 1726 2100; x_wconf 88' lang='lat' dir='ltr'><strong>qui</strong></span> 
     </span>
    </p>
   </div>
   <div class='ocr_carea' id='block_1_103' title="bbox 901 2105 1727 2143">
    <p class='ocr_par' dir='ltr' id='par_1_103' title="bbox 901 2105 1727 2143">
     <span class='ocr_line' id='line_1_103' title="bbox 901 2105 1727 2143; baseline 0.004 -10"><span class='ocrx_word' id='word_1_705' title='bbox 901 2105 1010 2134; x_wconf 89' lang='lat' dir='ltr'><strong>mortui</strong></span> <span class='ocrx_word' id='word_1_706' title='bbox 1023 2106 1083 2133; x_wconf 86' lang='lat' dir='ltr'><strong>sint</strong></span> <span class='ocrx_word' id='word_1_707' title='bbox 1094 2105 1210 2134; x_wconf 87' lang='lat' dir='ltr'><strong>delictis</strong></span> <span class='ocrx_word' id='word_1_708' title='bbox 1219 2107 1242 2124; x_wconf 87' lang='grc'>⁸¹</span> <span class='ocrx_word' id='word_1_709' title='bbox 1257 2107 1403 2135; x_wconf 75' lang='lat' dir='ltr'><strong>suscitare</strong></span> <span class='ocrx_word' id='word_1_710' title='bbox 1417 2107 1509 2135; x_wconf 91' lang='lat' dir='ltr'><strong>novit.</strong></span> <span class='ocrx_word' id='word_1_711' title='bbox 1536 2107 1582 2135; x_wconf 86' lang='lat' dir='ltr'><strong>Ad</strong></span> <span class='ocrx_word' id='word_1_712' title='bbox 1603 2108 1667 2136; x_wconf 71' lang='lat' dir='ltr'><strong>htec</strong></span> <span class='ocrx_word' id='word_1_713' title='bbox 1680 2108 1727 2143; x_wconf 90' lang='lat' dir='ltr'><strong>ju-</strong></span> 
     </span>
    </p>
   </div>
   <div class='ocr_carea' id='block_1_104' title="bbox 901 2150 1726 2186">
    <p class='ocr_par' dir='ltr' id='par_1_104' title="bbox 901 2150 1726 2186">
     <span class='ocr_line' id='line_1_104' title="bbox 901 2150 1726 2186; baseline 0.001 -7"><span class='ocrx_word' id='word_1_714' title='bbox 901 2150 994 2179; x_wconf 90' lang='lat' dir='ltr'><strong>menti</strong></span> <span class='ocrx_word' id='word_1_715' title='bbox 1004 2150 1137 2178; x_wconf 88' lang='lat' dir='ltr'><strong>indolem</strong></span> <span class='ocrx_word' id='word_1_716' title='bbox 1155 2150 1237 2186; x_wconf 90' lang='lat' dir='ltr'><strong>apud</strong></span> <span class='ocrx_word' id='word_1_717' title='bbox 1248 2151 1432 2180; x_wconf 89' lang='lat' dir='ltr'><strong>Salvatorem</strong></span> <span class='ocrx_word' id='word_1_718' title='bbox 1451 2152 1562 2180; x_wconf 90' lang='lat' dir='ltr'><strong>Davide</strong></span> <span class='ocrx_word' id='word_1_719' title='bbox 1572 2154 1694 2180; x_wconf 87' lang='lat' dir='ltr'><strong>auctore</strong></span> <span class='ocrx_word' id='word_1_720' title='bbox 1703 2152 1726 2170; x_wconf 85' lang='grc'><strong>³¹</strong></span> 
     </span>
    </p>
   </div>
   <div class='ocr_carea' id='block_1_105' title="bbox 900 2195 1727 2231">
    <p class='ocr_par' dir='ltr' id='par_1_105' title="bbox 900 2195 1727 2231">
     <span class='ocr_line' id='line_1_105' title="bbox 900 2195 1727 2231; baseline 0.004 -9"><span class='ocrx_word' id='word_1_721' title='bbox 900 2195 1074 2229; x_wconf 88' lang='lat' dir='ltr'><strong>induamus,</strong></span> <span class='ocrx_word' id='word_1_722' title='bbox 1090 2197 1122 2222; x_wconf 90' lang='lat' dir='ltr'><strong>ut</strong></span> <span class='ocrx_word' id='word_1_723' title='bbox 1136 2202 1250 2231; x_wconf 88' lang='lat' dir='ltr'><strong>pompa</strong></span> <span class='ocrx_word' id='word_1_724' title='bbox 1262 2203 1317 2231; x_wconf 89' lang='lat' dir='ltr'><strong>pro</strong></span> <span class='ocrx_word' id='word_1_725' title='bbox 1332 2196 1421 2224; x_wconf 89' lang='lat' dir='ltr'><strong>nobis</strong></span> <span class='ocrx_word' id='word_1_726' title='bbox 1436 2196 1584 2224; x_wconf 89' lang='lat' dir='ltr'><strong>adversus</strong></span> <span class='ocrx_word' id='word_1_727' title='bbox 1599 2199 1727 2225; x_wconf 88' lang='lat' dir='ltr'><strong>mortem</strong></span> 
     </span>
    </p>
   </div>
   <div class='ocr_carea' id='block_1_106' title="bbox 903 2239 1726 2276">
    <p class='ocr_par' dir='ltr' id='par_1_106' title="bbox 903 2239 1726 2276">
     <span class='ocr_line' id='line_1_106' title="bbox 903 2239 1726 2276; baseline 0.004 -9"><span class='ocrx_word' id='word_1_728' title='bbox 903 2239 1114 2276; x_wconf 89' lang='lat' dir='ltr'><strong>procedentem</strong></span> <span class='ocrx_word' id='word_1_729' title='bbox 1128 2240 1229 2275; x_wconf 86' lang='lat' dir='ltr'><strong>ipsum</strong></span> <span class='ocrx_word' id='word_1_730' title='bbox 1244 2240 1401 2268; x_wconf 86' lang='lat' dir='ltr'><strong>vehamus.</strong></span> <span class='ocrx_word' id='word_1_731' title='bbox 1415 2242 1590 2269; x_wconf 88' lang='lat' dir='ltr'><strong>Sternamus</strong></span> <span class='ocrx_word' id='word_1_732' title='bbox 1605 2242 1629 2270; x_wconf 92' lang='lat' dir='ltr'><strong>ei</strong></span> <span class='ocrx_word' id='word_1_733' title='bbox 1639 2242 1726 2270; x_wconf 88' lang='lat' dir='ltr'><strong>vesti-</strong></span> 
     </span>
    </p>
   </div>
   <div class='ocr_carea' id='block_1_107' title="bbox 898 2284 1728 2321">
    <p class='ocr_par' dir='ltr' id='par_1_107' title="bbox 898 2284 1728 2321">
     <span class='ocr_line' id='line_1_107' title="bbox 898 2284 1728 2321; baseline 0.004 -10"><span class='ocrx_word' id='word_1_734' title='bbox 898 2286 1011 2317; x_wconf 88' lang='lat' dir='ltr'><strong>menta,</strong></span> <span class='ocrx_word' id='word_1_735' title='bbox 1027 2291 1137 2319; x_wconf 90' lang='lat' dir='ltr'><strong>nempe</strong></span> <span class='ocrx_word' id='word_1_736' title='bbox 1158 2291 1280 2311; x_wconf 86' lang='lat' dir='ltr'><strong>carnem</strong></span> <span class='ocrx_word' id='word_1_737' title='bbox 1305 2284 1422 2320; x_wconf 89' lang='lat' dir='ltr'><strong>spiritui</strong></span> <span class='ocrx_word' id='word_1_738' title='bbox 1444 2285 1648 2321; x_wconf 87' lang='lat' dir='ltr'><strong>subjicientes,</strong></span> <span class='ocrx_word' id='word_1_739' title='bbox 1674 2286 1728 2314; x_wconf 91' lang='lat' dir='ltr'><strong>hu-</strong></span> 
     </span>
    </p>
   </div>
   <div class='ocr_carea' id='block_1_108' title="bbox 899 2328 1729 2367">
    <p class='ocr_par' dir='ltr' id='par_1_108' title="bbox 899 2328 1729 2367">
     <span class='ocr_line' id='line_1_108' title="bbox 899 2328 1729 2367; baseline 0.005 -12"><span class='ocrx_word' id='word_1_740' title='bbox 899 2328 1055 2356; x_wconf 84' lang='lat' dir='ltr'><strong>militatem</strong></span> <span class='ocrx_word' id='word_1_741' title='bbox 1063 2328 1243 2356; x_wconf 86' lang='lat' dir='ltr'><strong>colamus.Si</strong></span> <span class='ocrx_word' id='word_1_742' title='bbox 1253 2328 1384 2356; x_wconf 90' lang='lat' dir='ltr'><strong>necdum</strong></span> <span class='ocrx_word' id='word_1_743' title='bbox 1392 2328 1461 2357; x_wconf 86' lang='lat' dir='ltr'><strong>licet</strong></span> <span class='ocrx_word' id='word_1_744' title='bbox 1468 2330 1498 2358; x_wconf 90' lang='lat' dir='ltr'><strong>in</strong></span> <span class='ocrx_word' id='word_1_745' title='bbox 1509 2330 1632 2359; x_wconf 86' lang='lat' dir='ltr'><strong>arbores</strong></span> <span class='ocrx_word' id='word_1_746' title='bbox 1641 2331 1729 2367; x_wconf 81' lang='lat' dir='ltr'><strong>juxta</strong></span> 
     </span>
    </p>
   </div>
   <div class='ocr_carea' id='block_1_109' title="bbox 901 2373 1728 2412">
    <p class='ocr_par' dir='ltr' id='par_1_109' title="bbox 901 2373 1728 2412">
     <span class='ocr_line' id='line_1_109' title="bbox 901 2373 1728 2412; baseline 0.006 -12"><span class='ocrx_word' id='word_1_747' title='bbox 901 2381 1051 2409; x_wconf 87' lang='lat' dir='ltr'><strong>aquarum</strong></span> <span class='ocrx_word' id='word_1_748' title='bbox 1079 2373 1175 2401; x_wconf 82' lang='lat' dir='ltr'><strong>exitus</strong></span> <span class='ocrx_word' id='word_1_749' title='bbox 1202 2374 1334 2402; x_wconf 88' lang='lat' dir='ltr'><strong>consitas</strong></span> <span class='ocrx_word' id='word_1_750' title='bbox 1344 2375 1379 2406; x_wconf 80' lang='grc'><strong>⁸³,</strong></span> <span class='ocrx_word' id='word_1_751' title='bbox 1407 2377 1482 2411; x_wconf 86' lang='lat' dir='ltr'><strong>puta</strong></span> <span class='ocrx_word' id='word_1_752' title='bbox 1503 2376 1649 2412; x_wconf 88' lang='lat' dir='ltr'><strong>palmam,</strong></span> <span class='ocrx_word' id='word_1_753' title='bbox 1675 2378 1728 2404; x_wconf 91' lang='lat' dir='ltr'><strong>aut</strong></span> 
     </span>
    </p>
   </div>
   <div class='ocr_carea' id='block_1_110' title="bbox 902 2417 1727 2456">
    <p class='ocr_par' dir='ltr' id='par_1_110' title="bbox 902 2417 1727 2456">
     <span class='ocr_line' id='line_1_110' title="bbox 902 2417 1727 2456; baseline 0.004 -10"><span class='ocrx_word' id='word_1_754' title='bbox 902 2417 1023 2446; x_wconf 86' lang='lat' dir='ltr'><strong>cedrum</strong></span> <span class='ocrx_word' id='word_1_755' title='bbox 1040 2417 1155 2452; x_wconf 88' lang='lat' dir='ltr'><strong>Libani,</strong></span> <span class='ocrx_word' id='word_1_756' title='bbox 1169 2418 1231 2446; x_wconf 89' lang='lat' dir='ltr'><strong>sive</strong></span> <span class='ocrx_word' id='word_1_757' title='bbox 1243 2418 1355 2447; x_wconf 89' lang='lat' dir='ltr'><strong>olivam</strong></span> <span class='ocrx_word' id='word_1_758' title='bbox 1368 2418 1553 2448; x_wconf 81' lang='lat' dir='ltr'><strong>fructiferam</strong></span> <span class='ocrx_word' id='word_1_759' title='bbox 1565 2420 1727 2456; x_wconf 85' lang='lat' dir='ltr'><strong>(cujusmo-</strong></span> 
     </span>
    </p>
   </div>
   <div class='ocr_carea' id='block_1_111' title="bbox 902 2461 1727 2500">
    <p class='ocr_par' dir='ltr' id='par_1_111' title="bbox 902 2461 1727 2500">
     <span class='ocr_line' id='line_1_111' title="bbox 902 2461 1727 2500; baseline 0.002 -10"><span class='ocrx_word' id='word_1_760' title='bbox 902 2462 933 2490; x_wconf 88' lang='lat' dir='ltr'><strong>di</strong></span> <span class='ocrx_word' id='word_1_761' title='bbox 946 2462 1036 2490; x_wconf 87' lang='lat' dir='ltr'><strong>arbor</strong></span> <span class='ocrx_word' id='word_1_762' title='bbox 1050 2461 1105 2490; x_wconf 86' lang='lat' dir='ltr'><strong>Job</strong></span> <span class='ocrx_word' id='word_1_763' title='bbox 1131 2462 1179 2490; x_wconf 90' lang='lat' dir='ltr'><strong>ille</strong></span> <span class='ocrx_word' id='word_1_764' title='bbox 1193 2463 1292 2498; x_wconf 85' lang='lat' dir='ltr'><strong>justus</strong></span> <span class='ocrx_word' id='word_1_765' title='bbox 1316 2466 1389 2499; x_wconf 87' lang='lat' dir='ltr'><strong>erat,</strong></span> <span class='ocrx_word' id='word_1_766' title='bbox 1413 2464 1586 2500; x_wconf 88' lang='lat' dir='ltr'><strong>cujusmodi</strong></span> <span class='ocrx_word' id='word_1_767' title='bbox 1608 2465 1727 2492; x_wconf 85' lang='lat' dir='ltr'><strong>divinus</strong></span> 
     </span>
    </p>
   </div>
   <div class='ocr_carea' id='block_1_112' title="bbox 902 2506 1726 2537">
    <p class='ocr_par' dir='ltr' id='par_1_112' title="bbox 902 2506 1726 2537">
     <span class='ocr_line' id='line_1_112' title="bbox 902 2506 1726 2537; baseline 0.004 -4"><span class='ocrx_word' id='word_1_768' title='bbox 902 2506 997 2534; x_wconf 86' lang='lat' dir='ltr'><strong>David</strong></span> <span class='ocrx_word' id='word_1_769' title='bbox 1008 2506 1180 2535; x_wconf 85' lang='lat' dir='ltr'><strong>adolescere</strong></span> <span class='ocrx_word' id='word_1_770' title='bbox 1199 2515 1205 2535; x_wconf 94' lang='lat'>:</span> <span class='ocrx_word' id='word_1_771' title='bbox 1222 2507 1270 2536; x_wconf 88' lang='lat' dir='ltr'><strong>vel</strong></span> <span class='ocrx_word' id='word_1_772' title='bbox 1282 2515 1384 2537; x_wconf 88' lang='lat' dir='ltr'><strong>ramos</strong></span> <span class='ocrx_word' id='word_1_773' title='bbox 1396 2517 1431 2537; x_wconf 91' lang='lat' dir='ltr'><strong>ex</strong></span> <span class='ocrx_word' id='word_1_774' title='bbox 1441 2510 1551 2537; x_wconf 88' lang='lat' dir='ltr'><strong>sanctis</strong></span> <span class='ocrx_word' id='word_1_775' title='bbox 1565 2509 1621 2536; x_wconf 89' lang='lat' dir='ltr'><strong>illis</strong></span> <span class='ocrx_word' id='word_1_776' title='bbox 1637 2508 1726 2537; x_wconf 83' lang='lat' dir='ltr'><strong>arbo-</strong></span> 
     </span>
    </p>
   </div>
   <div class='ocr_carea' id='block_1_113' title="bbox 901 2551 1727 2589">
    <p class='ocr_par' dir='ltr' id='par_1_113' title="bbox 901 2551 1727 2589">
     <span class='ocr_line' id='line_1_113' title="bbox 901 2551 1727 2589; baseline 0.002 -11"><span class='ocrx_word' id='word_1_777' title='bbox 901 2551 996 2584; x_wconf 86' lang='lat' dir='ltr'><strong>ribus,</strong></span> <span class='ocrx_word' id='word_1_778' title='bbox 1011 2551 1155 2579; x_wconf 85' lang='lat' dir='ltr'><strong>virtutum</strong></span> <span class='ocrx_word' id='word_1_779' title='bbox 1181 2551 1293 2580; x_wconf 85' lang='lat' dir='ltr'><strong>scilicet</strong></span> <span class='ocrx_word' id='word_1_780' title='bbox 1307 2553 1448 2587; x_wconf 85' lang='lat' dir='ltr'><strong>stolones,</strong></span> <span class='ocrx_word' id='word_1_781' title='bbox 1464 2553 1576 2589; x_wconf 89' lang='lat' dir='ltr'><strong>quibus</strong></span> <span class='ocrx_word' id='word_1_782' title='bbox 1596 2552 1638 2580; x_wconf 88' lang='lat' dir='ltr'><strong>illi</strong></span> <span class='ocrx_word' id='word_1_783' title='bbox 1664 2559 1727 2580; x_wconf 89' lang='lat' dir='ltr'><strong>sca-</strong></span> 
     </span>
    </p>
   </div>
   <div class='ocr_carea' id='block_1_114' title="bbox 902 2596 1726 2634">
    <p class='ocr_par' dir='ltr' id='par_1_114' title="bbox 902 2596 1726 2634">
     <span class='ocr_line' id='line_1_114' title="bbox 902 2596 1726 2634; baseline 0.001 -10"><span class='ocrx_word' id='word_1_784' title='bbox 902 2598 996 2624; x_wconf 89' lang='lat' dir='ltr'><strong>tentes</strong></span> <span class='ocrx_word' id='word_1_785' title='bbox 1019 2596 1241 2632; x_wconf 85' lang='lat' dir='ltr'><strong>eluxuriabant,</strong></span> <span class='ocrx_word' id='word_1_786' title='bbox 1257 2597 1410 2632; x_wconf 88' lang='lat' dir='ltr'><strong>tollamus,</strong></span> <span class='ocrx_word' id='word_1_787' title='bbox 1426 2597 1595 2634; x_wconf 90' lang='lat' dir='ltr'><strong>plausuque</strong></span> <span class='ocrx_word' id='word_1_788' title='bbox 1606 2597 1726 2625; x_wconf 85' lang='lat' dir='ltr'><strong>venien-</strong></span> 
     </span>
    </p>
   </div>
   <div class='ocr_carea' id='block_1_115' title="bbox 909 2675 1726 2710">
    <p class='ocr_par' dir='ltr' id='par_1_115' title="bbox 909 2675 1726 2710">
     <span class='ocr_line' id='line_1_115' title="bbox 909 2675 1726 2710; baseline 0.004 -7"><span class='ocrx_word' id='word_1_789' title='bbox 909 2678 950 2704; x_wconf 70' lang='grc'><strong>14.</strong></span> <span class='ocrx_word' id='word_1_790' title='bbox 991 2676 1014 2693; x_wconf 74' lang='grc'><strong>¹⁵</strong></span> <span class='ocrx_word' id='word_1_791' title='bbox 1036 2675 1114 2704; x_wconf 89' lang='lat' dir='ltr'><strong>Psal.</strong></span> <span class='ocrx_word' id='word_1_792' title='bbox 1140 2685 1238 2710; x_wconf 66' lang='lat' dir='ltr'><strong>xum,</strong></span> <span class='ocrx_word' id='word_1_793' title='bbox 1259 2679 1299 2706; x_wconf 83' lang='lat' dir='ltr'><strong>t5.</strong></span> <span class='ocrx_word' id='word_1_794' title='bbox 1339 2677 1459 2704; x_wconf 76' lang='lat' dir='ltr'><strong>“Joan.</strong></span> <span class='ocrx_word' id='word_1_795' title='bbox 1473 2684 1510 2710; x_wconf 79' lang='lat' dir='ltr'><strong>ix,</strong></span> <span class='ocrx_word' id='word_1_796' title='bbox 1527 2678 1572 2704; x_wconf 81' lang='lat'><strong>29.</strong></span> <span class='ocrx_word' id='word_1_797' title='bbox 1612 2677 1633 2695; x_wconf 88' lang='grc'><strong>¹¹¹</strong></span> <span class='ocrx_word' id='word_1_798' title='bbox 1650 2677 1726 2706; x_wconf 86' lang='lat' dir='ltr'><strong>Psal.</strong></span> 
     </span>
    </p>
   </div>
   <div class='ocr_carea' id='block_1_116' title="bbox 58 2710 842 2748">
    <p class='ocr_par' dir='ltr' id='par_1_116' title="bbox 58 2710 842 2748">
     <span class='ocr_line' id='line_1_116' title="bbox 58 2710 842 2748; baseline -0.004 -7"><span class='ocrx_word' id='word_1_799' title='bbox 58 2710 143 2748; x_wconf 49' lang='grc' dir='ltr'><strong>Ψνίθ.</strong></span> <span class='ocrx_word' id='word_1_800' title='bbox 158 2711 200 2748; x_wconf 27' lang='grc' dir='ltr'>ΜΨ</span> <span class='ocrx_word' id='word_1_801' title='bbox 215 2711 289 2739; x_wconf 85' lang='lat' dir='ltr'><strong>Psal.</strong></span> <span class='ocrx_word' id='word_1_802' title='bbox 307 2719 366 2745; x_wconf 84' lang='lat' dir='ltr'><strong>vlu,</strong></span> <span class='ocrx_word' id='word_1_803' title='bbox 380 2712 407 2740; x_wconf 88' lang='lat'><strong>3.</strong></span> <span class='ocrx_word' id='word_1_804' title='bbox 449 2713 471 2730; x_wconf 85' lang='grc'><strong>¹⁹</strong></span> <span class='ocrx_word' id='word_1_805' title='bbox 488 2711 576 2740; x_wconf 89' lang='lat' dir='ltr'><strong>Zach.</strong></span> <span class='ocrx_word' id='word_1_806' title='bbox 599 2720 636 2746; x_wconf 79' lang='grc' dir='ltr'><strong>ιχ,</strong></span> <span class='ocrx_word' id='word_1_807' title='bbox 659 2714 685 2739; x_wconf 89' lang='lat'><strong>9.</strong></span> <span class='ocrx_word' id='word_1_808' title='bbox 725 2712 749 2729; x_wconf 71' lang='grc'><strong>³⁸</strong></span> <span class='ocrx_word' id='word_1_809' title='bbox 764 2712 786 2739; x_wconf 85' lang='grc' dir='ltr'>ΙΙ</span> <span class='ocrx_word' id='word_1_810' title='bbox 812 2712 842 2740; x_wconf 78' lang='grc' dir='ltr'><strong>Ο(</strong></span> 
     </span>
    </p>
   </div>
   <div class='ocr_carea' id='block_1_117' title="bbox 927 2710 1727 2748">
    <p class='ocr_par' dir='ltr' id='par_1_117' title="bbox 927 2712 1727 2748">
     <span class='ocr_line' id='line_1_117' title="bbox 927 2712 1727 2748; baseline 0.004 -9"><span class='ocrx_word' id='word_1_811' title='bbox 927 2719 944 2746; x_wconf 89' lang='lat' dir='ltr'><strong>l,</strong></span> <span class='ocrx_word' id='word_1_812' title='bbox 972 2714 1013 2739; x_wconf 83' lang='lat' dir='ltr'><strong>t5.</strong></span> <span class='ocrx_word' id='word_1_813' title='bbox 1052 2713 1075 2748; x_wconf 57' lang='lat'><strong>3‘</strong></span> <span class='ocrx_word' id='word_1_814' title='bbox 1102 2713 1171 2740; x_wconf 88' lang='lat' dir='ltr'><strong>Luc.</strong></span> <span class='ocrx_word' id='word_1_815' title='bbox 1187 2721 1218 2746; x_wconf 80' lang='grc' dir='ltr'><strong>ιι,</strong></span> <span class='ocrx_word' id='word_1_816' title='bbox 1240 2714 1285 2741; x_wconf 81' lang='lat'><strong>52.</strong></span> <span class='ocrx_word' id='word_1_817' title='bbox 1323 2713 1347 2730; x_wconf 85' lang='grc'><strong><em>²²</em></strong></span> <span class='ocrx_word' id='word_1_818' title='bbox 1366 2712 1444 2740; x_wconf 87' lang='lat' dir='ltr'><strong>Psal.</strong></span> <span class='ocrx_word' id='word_1_819' title='bbox 1459 2720 1526 2748; x_wconf 86' lang='lat' dir='ltr'><strong>Lvn,</strong></span> <span class='ocrx_word' id='word_1_820' title='bbox 1543 2715 1569 2740; x_wconf 84' lang='lat'><strong>5.</strong></span> <span class='ocrx_word' id='word_1_821' title='bbox 1608 2713 1633 2731; x_wconf 76' lang='grc'><strong>³³</strong></span> <span class='ocrx_word' id='word_1_822' title='bbox 1647 2714 1727 2743; x_wconf 89' lang='lat' dir='ltr'><strong>Psal.</strong></span> 
     </span>
    </p>
   </div>
   <div class='ocr_carea' id='block_1_118' title="bbox 58 2745 842 2785">
    <p class='ocr_par' dir='ltr' id='par_1_118' title="bbox 58 2745 842 2785">
     <span class='ocr_line' id='line_1_118' title="bbox 58 2745 842 2785; baseline 0 -11"><span class='ocrx_word' id='word_1_823' title='bbox 58 2745 179 2785; x_wconf 43' lang='lat'><strong>9.1.5.“?</strong></span> <span class='ocrx_word' id='word_1_824' title='bbox 191 2747 289 2785; x_wconf 50' lang='lat' dir='ltr'><strong>ﬁatth.</strong></span> <span class='ocrx_word' id='word_1_825' title='bbox 304 2756 342 2780; x_wconf 73' lang='grc' dir='ltr'><strong>ιι,</strong></span> <span class='ocrx_word' id='word_1_826' title='bbox 360 2750 427 2785; x_wconf 40' lang='lat' dir='ltr'><strong>t7.“</strong></span> <span class='ocrx_word' id='word_1_827' title='bbox 440 2748 466 2785; x_wconf 54' lang='grc' dir='ltr'><strong>’ξ</strong></span> <span class='ocrx_word' id='word_1_828' title='bbox 481 2750 538 2785; x_wconf 82' lang='lat' dir='ltr'><strong>lsa.</strong></span> <span class='ocrx_word' id='word_1_829' title='bbox 556 2755 575 2781; x_wconf 85' lang='grc' dir='ltr'><strong>ι,</strong></span> <span class='ocrx_word' id='word_1_830' title='bbox 590 2750 616 2775; x_wconf 83' lang='grc'><strong>5.</strong></span> <span class='ocrx_word' id='word_1_831' title='bbox 654 2748 678 2765; x_wconf 73' lang='grc'><strong>³⁵</strong></span> <span class='ocrx_word' id='word_1_832' title='bbox 694 2749 764 2785; x_wconf 51' lang='lat' dir='ltr'><strong>(geri.</strong></span> <span class='ocrx_word' id='word_1_833' title='bbox 778 2755 842 2785; x_wconf 60' lang='lat' dir='ltr'><strong>xiix</strong></span> 
     </span>
    </p>
   </div>
   <div class='ocr_carea' id='block_1_119' title="bbox 927 2745 1727 2785">
    <p class='ocr_par' dir='ltr' id='par_1_119' title="bbox 936 2745 1727 2785">
     <span class='ocr_line' id='line_1_119' title="bbox 936 2745 1727 2785; baseline 0.004 -10"><span class='ocrx_word' id='word_1_834' title='bbox 936 2745 939 2746; x_wconf 62' lang='grc'><strong><em>⁷</em></strong></span> <span class='ocrx_word' id='word_1_835' title='bbox 954 2747 976 2765; x_wconf 68' lang='lat'><strong>’1</strong></span> <span class='ocrx_word' id='word_1_836' title='bbox 995 2747 1072 2776; x_wconf 86' lang='lat' dir='ltr'><strong>Psal.</strong></span> <span class='ocrx_word' id='word_1_837' title='bbox 1086 2755 1181 2783; x_wconf 70' lang='lat' dir='ltr'><strong>mur,</strong></span> <span class='ocrx_word' id='word_1_838' title='bbox 1195 2745 1221 2776; x_wconf 85' lang='lat'><strong>9.</strong></span> <span class='ocrx_word' id='word_1_839' title='bbox 1260 2748 1285 2766; x_wconf 78' lang='grc'>³⁸</span> <span class='ocrx_word' id='word_1_840' title='bbox 1295 2748 1381 2777; x_wconf 85' lang='lat' dir='ltr'><strong>Joan.</strong></span> <span class='ocrx_word' id='word_1_841' title='bbox 1396 2755 1429 2784; x_wconf 79' lang='grc' dir='ltr'><strong>ιι,</strong></span> <span class='ocrx_word' id='word_1_842' title='bbox 1441 2750 1487 2777; x_wconf 77' lang='grc'><strong>44.</strong></span> <span class='ocrx_word' id='word_1_843' title='bbox 1517 2745 1549 2767; x_wconf 78' lang='grc'><strong>’¹’</strong></span> <span class='ocrx_word' id='word_1_844' title='bbox 1566 2749 1654 2780; x_wconf 83' lang='lat' dir='ltr'><strong>Joan.</strong></span> <span class='ocrx_word' id='word_1_845' title='bbox 1669 2757 1727 2785; x_wconf 80' lang='lat' dir='ltr'><strong>xw,</strong></span> 
     </span>
    </p>
   </div>
   <div class='ocr_carea' id='block_1_120' title="bbox 60 2777 902 2819">
    <p class='ocr_par' dir='ltr' id='par_1_120' title="bbox 60 2777 902 2819">
     <span class='ocr_line' id='line_1_120' title="bbox 60 2777 902 2819; baseline 0.004 -10"><span class='ocrx_word' id='word_1_846' title='bbox 60 2777 93 2805; x_wconf 60' lang='lat' dir='ltr'><strong>3i.</strong></span> <span class='ocrx_word' id='word_1_847' title='bbox 123 2780 234 2811; x_wconf 68' lang='lat' dir='ltr'><strong>“Hebr.</strong></span> <span class='ocrx_word' id='word_1_848' title='bbox 251 2790 312 2819; x_wconf 81' lang='lat' dir='ltr'><strong>nu,</strong></span> <span class='ocrx_word' id='word_1_849' title='bbox 325 2777 368 2812; x_wconf 70' lang='lat' dir='ltr'><strong>t3.</strong></span> <span class='ocrx_word' id='word_1_850' title='bbox 405 2783 429 2801; x_wconf 85' lang='grc'>⁸¹</span> <span class='ocrx_word' id='word_1_851' title='bbox 446 2777 601 2818; x_wconf 53' lang='lat' dir='ltr'><strong>Colossi],</strong></span> <span class='ocrx_word' id='word_1_852' title='bbox 618 2784 661 2811; x_wconf 81' lang='lat' dir='ltr'><strong>t3.</strong></span> <span class='ocrx_word' id='word_1_853' title='bbox 700 2783 724 2802; x_wconf 77' lang='grc'><strong>³³</strong></span> <span class='ocrx_word' id='word_1_854' title='bbox 742 2782 823 2812; x_wconf 80' lang='lat' dir='ltr'><strong>Psal.</strong></span> <span class='ocrx_word' id='word_1_855' title='bbox 838 2777 858 2818; x_wconf 48' lang='grc' dir='ltr'><strong>ιζ</strong></span> <span class='ocrx_word' id='word_1_856' title='bbox 873 2785 902 2812; x_wconf 86' lang='grc'>3.</span> 
     </span>
    </p>
   </div>
  </div>
