1947 3077
223 113 274 144 327

222 179 282 206 tem
294 177 489 214 accipientes,
509 176 654 206 Salvatori
677 176 912 214 praetendamus.
937 175 965 204 Si
984 175 1044 202 fue-
1058 175 1082 202 Α
1102 174 1281 210 loquebatur
1306 175 1346 203 ad
1372 175 1472 204 eos“:

221 221 316 250 rimus
328 222 401 258 justi
419 222 570 254 homines,
591 229 722 255 veraces,
754 221 816 250 sine
838 220 973 254 crimine,
995 218 1044 247 Dei

222 265 360 300 cultores,
368 266 408 295 ab
418 267 502 294 omni
517 274 548 295 re
557 266 638 295 mala
652 274 708 294 nos
721 266 916 298 abstinentes,
928 264 970 292 sic
979 263 1045 292 Jobi

223 318 305 339 more
316 311 339 328 ³⁸
354 310 493 347 perfecta:
508 311 710 339 exstiterimus
733 310 866 346 arbores,
891 309 944 346 qui
956 308 1044 336 nimi-

221 363 289 384 rum
297 357 329 384 ut
337 355 474 384 sublimis
480 355 685 391 frondosaque
693 355 795 391 palma
801 354 938 386 efﬂoruit;
946 352 1045 382 aiebat

222 399 303 428 enim
327 399 389 428 fore
411 401 442 428 ut
463 402 632 428 senesceret
653 401 726 428 tetas
742 408 807 434 sua,
823 399 899 427 sicut
921 401 1044 427 truncus

221 443 349 479 palmae:
369 452 535 481 rursusque
551 444 663 472 erimus
682 444 725 472 uti
749 444 842 472 David
865 443 945 472 oliva
967 443 1044 470 fruc-

221 487 306 517 tifera
320 487 354 523 ³⁵,
370 488 394 516 si
405 488 469 524 ejus
486 489 596 524 pariter
608 488 802 523 fortitudinis,
819 496 854 516 ac
870 490 1044 516 mansuetu-

221 532 299 561 dinis
315 533 505 562 aemulatores
517 534 672 569 fuerimus,
685 541 746 570 quo
761 533 805 562 vir
815 533 897 561 cordi
909 532 1042 569 placens,

222 585 318 613 exque
333 578 396 613 ejus
412 578 548 606 moribus
573 586 591 606 a
615 579 673 606 Deo
697 578 896 606 inveniamur.
913 576 998 610 Quod
1020 576 1044 604 si

222 625 325 650 nostra
335 622 458 658 segnitie
471 630 533 650 non
547 630 710 659 possumus
722 630 843 651 omnem
853 622 973 650 illorum
986 621 1042 649 vir-

222 669 316 694 tutem
345 667 466 699 imitari,
500 667 589 695 ﬂores
618 667 695 702 illos,
728 667 879 695 fructuum
912 666 1042 703 copiam,

221 711 409 746 patientiam,
418 711 557 740 laborum
569 711 797 747 ccrtamina,vel
807 711 927 740 Davidis
939 711 1044 739 saltem

221 755 494 792 mansuetudinem,
511 759 562 785 aut
576 756 758 785 modestiam
771 756 907 785 colamus
922 757 957 791 ³⁸,
971 764 1045 792 qua-

223 801 309 828 tenus
325 800 416 828 etiam
432 808 465 828 se
478 808 623 835 vermem,
640 809 702 829 non
726 809 795 829 vero
821 801 976 830 hominem
992 809 1043 837 ap-

220 843 353 880 pellabat
364 845 399 862 ³⁵⁹
414 853 421 872 :

221 896 287 917 cem
297 888 424 917 oderunt
434 890 469 923 ⁸⁷,
478 890 614 918 animum
626 890 698 918 nihil
709 890 886 926 injuriarum
895 892 1041 922 tenacem,

219 932 382 967 lenitatem,
397 942 565 971 rursusque
584 934 649 963 Jobi
669 935 699 963 in
716 935 930 964 tentationibus
948 935 1042 963 invic-

219 980 283 1006 tam
295 979 507 1012 constantiam,
523 979 649 1008 liberare
659 988 824 1016 pauperem
840 980 877 1008 de
888 988 982 1009 manu
991 988 1044 1017 po.

219 1023 318 1057 tentis,
326 1023 474 1060 pupillum
482 1024 590 1059 juvare
601 1025 648 1052 cui
658 1024 734 1053 desit
743 1025 779 1052 ad
781 1025 863 1060 jutor
873 1026 908 1058 3',
918 1025 1043 1053 induere

217 1067 374 1103 justitiam,
388 1075 424 1095 ac
438 1070 584 1104 tanquam
598 1068 731 1104 diploide
747 1077 778 1096 se
791 1069 895 1097 vestire
908 1069 1022 1104 judicio
1035 1077 1041 1102 ;

219 1111 342 1140 oculum
358 1119 421 1140 esse
449 1119 609 1147 caecorum,
625 1112 803 1141 claudorum
816 1113 936 1148 pedem,
960 1114 1042 1141 inva-

218 1155 347 1184 lidorum
362 1158 490 1192 patrem.
505 1158 615 1185 Harum
638 1157 782 1185 virtutum
804 1165 897 1193 opera
917 1158 942 1185 si
961 1158 1042 1186 exhi-

219 1199 386 1233 buerimus,
402 1208 438 1228 ex
454 1201 616 1229 arboribus
632 1209 650 1229 a
666 1203 725 1230 Deo
736 1202 808 1230 satis
820 1210 921 1230 ramos
936 1203 1044 1231 excidi-

219 1252 300 1278 mus,
317 1253 351 1273 ac
362 1244 524 1273 Salvatoris
540 1246 636 1274 cultus
648 1246 846 1281 gestavimus.

254 1289 300 1317 Ad
315 1289 379 1318 haec
399 1297 456 1317 nos
477 1298 494 1318 a
523 1290 610 1318 malis
638 1290 861 1319 abstineamus:
883 1291 1043 1320 infantium

219 1333 441 1370 simplicitatem
464 1334 624 1370 imitemur,
643 1335 749 1363 talium
769 1337 847 1364 enim
862 1339 902 1364 est
918 1344 1042 1372 regnum

219 1379 362 1408 cartorum
369 1379 402 1406 ³⁸.
414 1380 454 1406 Ex
464 1378 573 1407 horum
589 1379 678 1408 etiam
687 1387 736 1408 ore
746 1388 826 1408 nunc
834 1382 910 1408 Deus
919 1381 1042 1409 laudem

218 1423 350 1459 perfecit.
368 1424 396 1452 Si
411 1424 546 1452 Ecclesiae
557 1424 635 1452 ﬁlius
646 1425 854 1457 es,humiliare
865 1427 939 1454 sicut
954 1426 1037 1454 abla-

219 1470 315 1496 ctatus
330 1476 421 1504 super
434 1471 527 1496 matre
547 1469 645 1497 sua“.
656 1469 719 1497 Noli
743 1469 863 1498 malitias
879 1470 991 1498 hmrere
1007 1479 1042 1498 ac

218 1512 377 1549 superbiae,
391 1513 499 1541 nutrici
512 1513 541 1541 in
551 1514 656 1550 spiritu
669 1514 799 1542 adhaere.
808 1515 959 1547 Quorsum
971 1523 1040 1544 cum
1061 1527 1081 1556 ο

218 1557 277 1585 Deo
292 1565 420 1593 pugnas,
429 1558 480 1594 qui
493 1558 637 1586 adversus
652 1558 756 1586 Christi
767 1567 911 1595 sponsam
926 1559 1045 1589 insania

216 1601 321 1630 feraris
330 1602 343 1629 ?
356 1602 528 1631 Maledictio
538 1604 644 1631 matris
654 1603 731 1631 eruit
742 1604 944 1637 fundamenta
956 1605 1045 1633 “.Sin

217 1648 319 1674 autem
328 1646 378 1674 illa
391 1647 480 1675 etiam
491 1647 597 1675 Christi
608 1655 723 1683 sponsa
734 1648 859 1683 est,ejus
873 1648 1043 1677 maledictio

216 1691 290 1726 quid
304 1699 366 1719 non
380 1692 557 1727 praestabit?
576 1692 639 1720 Noli
659 1692 710 1728 qui
736 1700 789 1728 per
809 1692 963 1728 baptisma
987 1694 1037 1722 Dei

217 1735 296 1762 iilius
311 1736 407 1763 factus
415 1743 456 1769 es,
472 1736 502 1763 in
514 1736 613 1771 vipere
622 1736 714 1764 fetum
724 1737 792 1764 dem
798 1737 954 1769 utari,eam
964 1746 1043 1766 mor-

218 1779 340 1807 dentem
355 1787 391 1807 ac
399 1779 575 1808 exedentem
583 1789 650 1816 quae
662 1784 688 1808 te
702 1781 847 1816 spirituali
859 1784 944 1817 partu
955 1783 1043 1811 enixa

218 1825 278 1854 est;
292 1831 389 1860 neque
405 1824 539 1858 ingratus
561 1825 805 1860 deprehenderis,
817 1826 869 1861 qui
890 1826 971 1854 velut
985 1828 1042 1855 asi-

217 1875 275 1896 nus
290 1867 366 1896 lacte
382 1868 527 1896 distentus
546 1868 577 1896 in
600 1868 734 1896 altricem
761 1869 905 1897 calcitres.
926 1872 1043 1900 Terreat

217 1912 380 1948 ﬂagellum,
390 1920 452 1948 quo
463 1912 551 1949 plexo
565 1913 654 1941 hodie
663 1913 1038 1951 Christus,contemptores,

217 1965 254 1985 ac
265 1957 315 1993 qui
323 1956 518 1993 profanarent
525 1957 653 1985 domum
661 1958 816 1992 orationis,
823 1959 967 1988 credendo
974 1960 1042 1988 abe-

218 2002 260 2036 git
268 2002 302 2030 ⁴².
313 2002 430 2030 Terreat
443 2004 469 2030 te
480 2002 639 2037 proditoris
649 2002 745 2036 restis,
758 2011 795 2030 nc
805 2006 833 2031 et
848 2003 911 2040 ipse
924 2004 954 2032 in
971 2013 1038 2033 eam

216 2046 342 2080 incidas,
369 2047 421 2082 qui
443 2046 541 2074 locelli
561 2055 654 2075 causa.
686 2048 863 2082 magistrum
896 2049 1038 2084 tradidit;

216 2099 290 2119 neve
304 2091 408 2120 nefarii
420 2099 525 2119 eorum
537 2091 651 2119 consilii
664 2092 764 2120 socius
770 2092 918 2128 etﬁciaris,
927 2094 1040 2129 quibus

217 2143 286 2163 cum
303 2136 415 2172 Caipha
429 2138 457 2163 et
472 2135 562 2164 Pilato
575 2138 726 2172 pastorem
741 2140 896 2172 percutere
915 2146 950 2165 ac
965 2146 1038 2166 oves

217 2179 388 2215 dispergere
403 2181 548 2208 convenit.
564 2182 710 2209 Hactenus
727 2182 807 2209 enim
821 2181 924 2210 omitto
941 2182 1039 2211 dicere

217 2223 254 2251 de
268 2226 350 2258 Core,
367 2225 493 2253 Datham
504 2227 532 2254 et
545 2225 666 2258 Abiron,
679 2234 809 2262 quorum
830 2226 971 2255 seditiosa
984 2227 1038 2255 ad-

216 2276 318 2297 versus
328 2270 477 2298 Aaronem
488 2269 586 2305 coitio,
600 2270 774 2299 dehiscente
789 2273 865 2299 terra
881 2279 916 2299 ac
931 2272 1037 2300 absor-

215 2312 305 2341 bente
319 2314 452 2342 viventes
464 2322 532 2342 cum
545 2314 697 2343 familiain
712 2315 863 2344 infernum
872 2315 996 2344 detrusit
1005 2317 1040 2346 ⁸⁸.

215 2357 275 2386 Nec
287 2358 352 2394 jam
365 2358 439 2386 mihi
466 2359 611 2387 Samuelis
626 2359 680 2388 erit
699 2361 821 2393 mentio,
848 2361 935 2396 cujus
951 2361 1042 2397 spreti

215 2401 358 2438 injuriam
370 2402 400 2430 in
407 2402 539 2439 seipsum
547 2405 624 2431 Deus
635 2405 826 2440 recepit.Non
837 2405 926 2439 enim,
933 2405 1041 2442 inquit,

215 2448 243 2476 te
257 2451 443 2483 spreverunt,
451 2448 503 2476 sed
515 2456 560 2477 me
569 2449 602 2476 “.
618 2450 654 2476 At
668 2456 724 2477 nos
734 2457 833 2486 neque
845 2449 976 2484 Samuel,
991 2458 1042 2478 ne-

214 2499 274 2528 que
286 2491 376 2528 Elias,
388 2499 487 2529 neque
496 2493 595 2522 Aaron
604 2501 720 2530 sumus,
727 2494 780 2530 qui
790 2494 971 2523 invocabant
981 2495 1038 2522 Βο-

214 2537 339 2572 minum,
360 2540 387 2566 et
400 2537 462 2572 ipse
474 2537 653 2567 exaudiebat
672 2545 731 2574 eos,
747 2540 780 2567 in
799 2539 941 2568 columna
953 2539 1041 2567 nubis

664 112 846 144 MICHAELIS
865 110 1058 142 ACOMINATI
1075 104 1296 140 ATHENARUM
1313 111 1477 141 ARCHIEP.
1882 114 1920 142 32:

1495 181 1551 203 nec
1573 173 1652 202 velut
1675 173 1715 202 illi
1741 173 1788 202 dii
1815 182 1920 204 sumus

1098 226 1196 255 neque
1209 219 1261 247 ﬁlii
1273 219 1388 248 Excelsi
1398 220 1439 253 ‘6;
1454 219 1507 248 sed
1522 219 1748 248 sicuthomines
1771 219 1920 248 morimur

1099 266 1127 291 et
1144 265 1219 293 sicut
1247 273 1326 293 unus
1345 273 1361 293 e
1386 265 1574 302 principibus
1589 264 1736 293 cadimus.
1761 266 1846 292 Versa
1870 265 1920 294 11881

1098 308 1213 344 objicis,
1230 317 1246 338 0
1259 310 1357 345 bone;
1374 318 1409 339 ac
1425 318 1481 338 nos
1497 310 1631 346 quidem,
1648 309 1758 346 inquit,
1783 309 1861 338 tales
1884 318 1919 338 su

1098 361 1186 388 mus;
1211 357 1243 382 tu
1266 363 1335 384 vero
1358 354 1440 383 unde
1458 354 1545 383 nobis
1564 362 1661 383 novus
1679 356 1809 390 repente
1830 355 1920 384 Danie

1098 401 1180 427 ortus
1195 401 1239 427 est
1249 399 1291 426 ‘7?
1301 400 1369 433 Quis
1386 400 1440 429 tibi
1456 399 1677 437 presbyterium
1691 399 1792 432 dedit,
1810 401 1844 428 ut
1855 400 1919 436 judi

1098 443 1181 472 cibus
1194 443 1342 480 judicium
1363 452 1471 481 ponas,
1489 453 1525 473 ac
1549 444 1700 472 illumines
1721 443 1864 480 oculum,
1881 453 1920 480 qu

1099 495 1162 524 pes,
1174 491 1225 517 aut
1238 497 1358 523 manus,
1372 489 1418 518 vel
1437 489 1518 518 auris
1534 489 1668 524 exsistas,
1685 491 1781 525 atque
1802 489 1869 517 ovis
1883 497 1919 525 pa

1098 535 1208 561 storem
1219 541 1327 570 pascas
1339 542 1374 562 ac
1386 541 1484 569 regas,
1499 533 1673 569 doctorique
1684 533 1859 570 discipulus
1867 542 1920 562 san

1099 577 1160 606 cias
1171 578 1184 604 ?
1195 586 1325 614 quorum
1349 578 1473 606 leonum
1488 586 1541 606 ora
1555 578 1732 606 frenasti"?
1750 577 1844 613 cujus
1865 578 1920 606 dra

1099 622 1193 655 conis,
1208 622 1272 650 sine
1288 630 1362 650 saxo
1381 630 1417 650 ac
1439 622 1515 650 fuste
1537 622 1671 650 medium
1696 624 1839 650 ventrem
1854 621 1920 650 diru-

1098 666 1168 702 pisti
1177 667 1199 684 ‘9
1209 667 1223 694 ?
1234 667 1378 699 Quanam
1389 667 1442 695 tibi
1450 666 1618 694 futurorum
1627 666 1762 694 revelata
1770 666 1920 702 mysteria‘i

1098 711 1176 739 Proh
1190 711 1364 743 caecitatem,
1377 719 1440 747 qua
1454 711 1600 739 festucam
1620 711 1650 738 in
1664 711 1766 738 fratris
1783 711 1873 738 oculo
1891 711 1920 738 vi

1098 755 1163 789 des,
1180 763 1235 784 nec
1250 755 1282 784 in
1297 758 1324 784 te
1344 756 1510 784 maximam
1524 755 1638 784 trabem
1653 755 1790 784 advertis
1801 755 1843 783 ⁵⁰Ι
1866 756 1920 783 Non

1100 808 1206 828 sumus
1225 800 1354 835 Samuel,
1371 808 1469 836 neque
1488 803 1601 834 Aaron;
1628 807 1726 836 neque
1751 800 1836 827 enim
1856 799 1920 827 sicut

441 844 489 873 vel
502 853 600 874 mores
622 846 766 881 paciﬁcos
779 854 848 874 cum
861 846 908 879 iis,
924 846 976 882 qui
990 853 1042 882 pa-
1057 851 1078 878 Β
1096 844 1137 873 illi
1146 845 1197 872 Dei
1210 844 1381 873 testimonia
1394 845 1630 878 custodimus,et
1642 843 1793 873 mandata
1802 843 1853 872 Dei
1861 851 1920 880 quae

1098 889 1181 917 dedit
1188 889 1275 917 nobis
1284 898 1290 916 :
1299 897 1361 918 non
1373 892 1474 917 tamen
1486 892 1645 925 propterea
1653 889 1705 925 qui
1713 896 1780 917 non
1791 896 1919 925 spernas,

1098 942 1151 962 seu
1165 934 1238 963 alias
1251 934 1378 970 judices,
1390 934 1604 970 justiﬁcaberis
1616 943 1622 968 ;
1634 935 1694 969 aut,
1703 933 1794 969 quod
1807 933 1920 961 misera-

1097 978 1219 1013 bilius,a
1228 986 1320 1015 paena
1327 979 1471 1006 immunis
1479 978 1545 1011 eris,
1555 978 1663 1014 partim
1674 978 1807 1005 docente
1815 977 1920 1005 Christo

1098 1026 1130 1052 ut
1152 1031 1219 1060 quae
1244 1023 1346 1051 dicunt
1371 1023 1543 1051 sacerdotes
1565 1022 1711 1058 sequaris,
1733 1029 1837 1058 neque
1859 1029 1918 1058 qua

1097 1068 1347 1103 aguntcuriosius
1356 1067 1491 1104 inquiras
1501 1068 1523 1085 ⁶¹
1538 1075 1544 1100 ;
1558 1066 1668 1103 partim
1679 1069 1826 1095 monente
1837 1065 1918 1094 Paulo

1099 1115 1131 1140 ut
1141 1112 1307 1148 praepositis
1318 1111 1455 1146 obedias,
1463 1120 1496 1140 ac
1507 1111 1563 1139 illis
1577 1111 1733 1146 subjectus
1743 1111 1785 1139 sis
1796 1110 1914 1147 ;quippe

1097 1157 1150 1193 qui
1161 1157 1283 1192 vigilent
1294 1159 1440 1193 tanquam
1455 1156 1603 1184 rationem
1619 1164 1675 1192 pro
1690 1156 1856 1184 animabus
1871 1162 1917 1182 nos

1098 1202 1167 1230 stris
1180 1202 1367 1230 reddituri“.
1377 1201 1478 1236 Vides,
1490 1201 1594 1237 jussus
1603 1201 1668 1238 ipse
1679 1209 1749 1229 sum
1762 1203 1796 1228 ut
1809 1199 1915 1235 vigilem

1097 1255 1133 1274 ac
1146 1255 1213 1283 quae
1227 1249 1253 1274 te
1268 1246 1595 1282 spectant,diligentius
1608 1249 1734 1281 scruter,
1749 1245 1829 1273 velut
1839 1245 1916 1272 ratio-

1097 1299 1167 1319 nem
1187 1299 1241 1327 pro
1266 1293 1293 1319 te
1318 1291 1489 1319 redditurus
1506 1300 1512 1325 ;
1535 1298 1596 1318 non
1613 1290 1665 1318 tibi
1686 1293 1872 1326 praeceptum
1889 1290 1915 1316 ut

1097 1336 1220 1364 easdem
1230 1336 1260 1363 in
1272 1343 1320 1364 me
1332 1338 1432 1372 partes
1444 1335 1630 1371 exsequaris.
1642 1335 1716 1370 Lege
1723 1334 1914 1362 mihicautum

1099 1384 1130 1408 ut
1139 1380 1243 1417 populi
1257 1381 1373 1416 lepram
1384 1380 1555 1416 dispiciam,
1568 1387 1604 1408 ac
1615 1379 1667 1415 qui
1675 1379 1735 1407 hac
1751 1378 1914 1414 {egritudine

1097 1425 1213 1454 laboret
1227 1425 1274 1453 vel
1285 1425 1445 1460 mundum,
1456 1424 1502 1452 vel
1513 1424 1705 1452 immundum
1715 1423 1912 1460 pronuntiem:

1097 1478 1188 1506 parce
1197 1470 1286 1505 igitur
1299 1469 1446 1504 dignitati,
1458 1470 1545 1506 eique
1557 1469 1759 1497 reverentiam
1768 1467 1913 1502 habeatis:

1099 1515 1246 1543 Aaronico
1259 1522 1295 1542 ac
1310 1513 1456 1542 Samuelis
1472 1513 1638 1542 sacerdotio
1655 1516 1747 1550 atque
1763 1512 1863 1541 ordine
1875 1517 1914 1538 ve-

1100 1559 1262 1587 nerabilior
1277 1561 1413 1587 exsistat.
1439 1559 1613 1587 Serviebant
1640 1558 1681 1587 illi
1704 1558 1822 1586 umbras
1846 1556 1912 1584 futu-

1100 1612 1213 1638 rorum,
1229 1612 1285 1632 nos
1304 1607 1406 1632 autem
1419 1604 1524 1632 Christi
1539 1603 1696 1632 sacerdotii
1716 1603 1854 1631 unctione
1872 1600 1912 1627 de-

1098 1649 1184 1677 libuti
1209 1657 1323 1677 sumus.
1342 1649 1412 1682 Quis
1437 1648 1545 1684 majori
1567 1648 1681 1684 Caipha
1700 1647 1911 1676 abominatione

1098 1693 1271 1728 habendus,
1286 1693 1339 1730 qui
1359 1693 1510 1721 Christum
1530 1693 1745 1721 condemnavit
1756 1693 1799 1720 ‘3?
1814 1690 1858 1719 ille
1873 1689 1908 1716 ni-

1098 1738 1261 1766 hilominus
1277 1738 1344 1766 talis
1359 1746 1414 1766 ceu
1433 1738 1568 1774 pontifex
1587 1738 1658 1766 anni
1673 1737 1752 1765 illius
1768 1733 1910 1773 prophetia

1097 1783 1242 1818 fungitur,
1260 1783 1397 1818 ceditque
1418 1782 1522 1817 lingua
1540 1782 1590 1810 illa
1611 1782 1733 1818 Spiritui
1763 1786 1904 1815 organum,

1097 1835 1166 1864 quze
1183 1828 1270 1855 morti
1297 1827 1446 1856 Christum
1463 1827 1587 1855 addixit.
1610 1827 1655 1855 Sic
1683 1828 1762 1855 Deus
1782 1823 1906 1853 sacerdo-

1099 1872 1171 1900 tium
1186 1873 1337 1900 honorare
1351 1871 1444 1905 novit,
1460 1874 1492 1900 ut
1517 1872 1581 1907 ejus
1597 1879 1690 1899 causa
1705 1872 1794 1900 etiam
1812 1867 1906 1905 Spiritu

1098 1915 1178 1944 aiﬂet
1190 1916 1242 1952 qui
1257 1916 1340 1952 impii
1361 1918 1444 1943 sunt:
1471 1918 1502 1943 tu
1516 1924 1587 1943 vero
1611 1923 1681 1943 cum
1697 1917 1723 1943 te
1739 1915 1852 1943 deceret
1865 1919 1905 1938 sa-

1098 1960 1265 1988 cerdotium
1278 1960 1428 1994 vereri,ac
1443 1963 1552 1988 ucstra;
1562 1960 1745 1996 propensius
1758 1953 1905 1987 inﬁrmitati

1096 2012 1219 2041 parcere
1234 2013 1240 2038 ;
1257 2012 1342 2032 secus
1366 2012 1438 2032 vero
1454 2004 1519 2039 ejus
1541 2004 1700 2032 occasione
1725 2011 1761 2032 ac
1779 2001 1906 2039 prietextu

1096 2050 1272 2077 inconcessa
1291 2049 1450 2085 prmsumis
1470 2048 1589 2085 illisque
1608 2049 1708 2085 pueris
1724 2044 1905 2076 succenturie-

1096 2095 1145 2130 ris,
1160 2094 1211 2130 qui
1228 2094 1323 2122 Elisrei
1346 2094 1466 2122 calvum
1492 2096 1584 2130 caput
1600 2093 1833 2125 subsannarunt,
1848 2095 1905 2117 cum

1096 2138 1695 2175 nescirent,quotquantisquecaputillud
1701 2138 1789 2166 donis
1797 2134 1904 2172 Spiritus

1097 2184 1297 2212 ornaretur“.
1324 2183 1399 2211 Vide
1419 2183 1520 2218 igitur,
1536 2191 1573 2211 ne
1601 2185 1633 2210 tu
1653 2190 1774 2219 quoque
1792 2181 1903 2209 ferarum

1095 2228 1200 2265 praeda
1206 2227 1312 2262 factus,
1319 2228 1457 2256 doceatis
1470 2228 1624 2264 prophetae
1633 2236 1695 2256 non
1703 2219 1903 2259 illuderc.quod

1096 2273 1199 2308 glaber
1212 2273 1248 2301 sit
1271 2280 1307 2301 ac
1331 2272 1456 2309 depilis;
1481 2272 1630 2308 juvenum
1654 2272 1763 2300 scilicet
1781 2266 1903 2314 capilli:th

1096 2325 1214 2352 carens,
1229 2317 1283 2346 sed
1296 2318 1433 2346 venerari
1444 2325 1480 2345 ac
1490 2317 1597 2353 colere,
1611 2318 1696 2354 quod
1709 2318 1813 2345 unctus
1828 2312 1901 2348 Spiri-

1097 2364 1145 2390 tus
1156 2364 1209 2395 est,
1223 2361 1306 2390 velut
1318 2362 1409 2390 etiam
1420 2365 1576 2397 unguento
1590 2362 1674 2398 quod
1688 2362 1719 2390 in
1729 2358 1845 2390 Aaronis
1864 2362 1903 2383 ca-

1096 2407 1167 2443 pite,
1181 2407 1212 2434 in
1223 2406 1427 2435 venerabilem
1442 2406 1525 2435 illam
1535 2406 1662 2434 barbam
1677 2403 1862 2434 descendit“.

1097 2442 1166 2479 Haec
1176 2459 1194 2479 a
1210 2459 1258 2479 me
1268 2453 1394 2487 paterna
1414 2459 1449 2479 ac
1462 2450 1630 2487 disciplinae
1645 2458 1738 2479 causa
1751 2449 1825 2477 dicta
1835 2442 1899 2490 sul!!!

1096 2503 1159 2524 non
1164 2495 1404 2531 reprehendendi
1411 2497 1463 2524 aut
1469 2495 1632 2524 ulciscendi
1639 2494 1830 2523 libidine.Nou
1835 2491 1900 2536 etum

1097 2542 1215 2568 tantum
1230 2539 1330 2569 valeat
1345 2539 1478 2569 fraterna
1491 2539 1614 2576 injuria,
1629 2542 1663 2568 ut
1682 2537 1785 2568 Christi
1801 2535 1900 2572 penitus

251 2615 341 2657 ῥζιρι)
354 2624 427 2654 xxxv,
440 2619 487 2657 _178.
499 2656 503 2657 γ
516 2618 550 2657 ⁵³³
563 2617 698 2657 Psal.‘_Li,
713 2620 754 2647 l0.
794 2618 817 2637 “
833 2618 913 2648 Psal.
926 2627 1040 2657 ινχχχνις

1097 2622 1113 2648 :l
1133 2622 1215 2654 ;Act.
1227 2622 1351 2657 1111522;
1389 2621 1411 2638 ³⁷
1432 2620 1508 2650 Psal.
1522 2629 1597 2655 cxrx,
1614 2623 1641 2648 7.
1679 2610 1898 2657 "Psal.}3_x_l_ig_z'

216 2651 253 2668 3"
267 2653 322 2691 Job
335 2651 477 2691 xxix,r'it2,
494 2655 537 2687 lli,
560 2656 602 2691 l5;
642 2654 665 2672 ‘9
679 2655 838 2691 Luc.xvm,
857 2657 898 2683 l6.
939 2656 963 2672 ⁵ο
978 2656 1043 2684 Psal

1097 2651 1159 2691 xxx,
1175 2658 1201 2684 2.
1241 2657 1261 2673 ¹⁵¹
1276 2651 1364 2686 Eccli.
1382 2665 1422 2691 ιιι,
1448 2659 1490 2684 li.

1531 2657 1554 2674 "
1565 2651 1650 2685 Joan.
1664 2664 1695 2691 ll,
1715 2658 1757 2684 {5.
1796 2652 1818 2670 "
1827 2651 1897 2691 ΝυΞΞ·

215 2693 273 2728 ξφ
289 2689 334 2717 33.
372 2681 619 2728 ’θιζῌεὶςεῇιεμῆε
652 2690 676 2708 ὀδ
688 2681 931 2728 mataxae“,
948 2681 1191 2724 effr—1073531:
1196 2681 1490 2727 anisihrbaaz
1506 2681 1697 2728 χιιι,’ᾖῗ“’⁴ἶί
1713 2681 1852 2728 ite-37111113
1862 2681 1897 2728 3f-

216 2722 326 2764 :’_Dan:
338 2732 404 2764 31v,
412 2726 458 2753 26.
475 2722 520 2742 ’⁵ο
542 2725 642 2764 Matth.
663 2734 712 2762 vn,
728 2727 757 2756 3.
795 2727 818 2746 ⁵¹
836 2722 937 2756 Μαίων
962 2722 1030 2763 xxu,

1116 2728 1140 2746 σι
1160 2727 1248 2758 Hebr.
1268 2722 1328 2764 xiu,
1349 2730 1392 2757 l7.
1431 2729 1455 2746 σε
1469 2722 1618 2764 ιοαιιίιι,
1633 2729 1678 2758 49.
1717 2728 1741 2747 ει
1754 2722 1788 2755 iv
1801 2724 1896 2756 aes-1':

218 2758 264 2787 23.
293 2758 327 2777 ’⁸⁵
337 2759 416 2790 Psal.
430 2766 530 2798 cxxxn,
544 2763 571 2791 2.
