1947 3077
298 88 350 128 331

736 101 922 129 MICHAELIS
940 100 1131 130 ACOMINATI
1149 102 1364 130 ATHENARUM
1382 102 1542 131 ARCHIEP.
1912 108 1947 136 33S

296 160 391 189 verba
409 159 512 197 aliqua
526 159 727 190 consolatorie
752 162 887 190 miseris?
902 163 998 196 Quam
1026 171 1065 197 re;

1175 163 1235 201 παρ’
1260 164 1329 200 ἡμᾶς
1359 165 1393 194 ὡς
1426 165 1674 202 ὑπερεκκαιομένους
1699 167 1771 203 ἡμῶν
1799 167 1810 193 ὁ
1834 171 1943 205 συμπαθὴ

296 214 379 240 nem,
393 205 451 233 nisi
463 207 599 233 nostram
614 206 683 240 igne
693 206 965 242 ardentem,magis
980 210 1119 235 vexatam

295 250 586 286 ignibusappellaris
593 258 684 286 quam
695 251 924 279 Thessalonicen
933 252 946 279 τι
960 252 1120 288 [.iquet‘acti

294 303 352 323 nos
375 302 498 331 prorsus
514 294 609 322 nimio
621 294 729 329 calore,
745 295 776 323 in
789 296 918 323 cinerem
937 296 1118 332 redigemur,

294 339 419 376 quando
434 339 567 374 epistolis
587 339 646 366 tuis
660 339 738 367 ultra
755 340 863 376 privati
881 340 1002 369 erimus.
1020 342 1041 368 0
1071 349 1119 368 me

293 383 455 412 miserum!
473 383 615 416 Quamvis
634 383 714 412 enim
734 385 866 412 Euxinus
880 385 1006 413 boream
1017 385 1119 413 laetum

293 428 382 456 mittit
400 436 461 464 quo
490 429 552 456 tota
574 429 657 463 regio
682 428 856 464 refrigescit.
872 429 993 457 animus
1017 432 1119 458 tamen

292 472 366 501 mihi
380 472 421 501 ob
435 473 600 500 sanctitatis
625 475 684 500 tuae
710 473 878 502 absentiam
894 475 962 508 igne
977 474 1119 502 inexstin-

292 517 398 553 guibili
424 517 597 545 devoratur.
614 517 706 545 Crede
725 518 799 546 mihi
819 527 826 546 :
849 519 966 554 quoties
981 519 1118 546 animum

291 569 421 590 maerore
432 569 612 597 oppressum
625 561 760 590 relaxare
775 562 881 599 cupio;
897 563 1014 599 quoties
1032 563 1070 590 de
1082 563 1118 590 iis

291 614 362 642 quas
376 606 453 634 inter
466 605 629 640 legendum
658 606 759 634 minus
781 606 858 634 bene
881 607 1115 643 comprehendo,

292 658 362 678 cum
377 651 474 679 amico
489 649 590 686 aliquo
603 650 686 686 loqui
700 651 778 686 volo,
789 651 904 679 vicinos
916 652 1051 687 quidem,
1063 652 1116 680 sed

290 695 403 723 frustra
414 702 527 731 quaero.
545 694 621 727 Quid
635 695 747 729 igitur?
768 695 813 723 Ad
826 703 974 730 magnum
995 697 1116 725 Thessa-

289 738 402 767 lonices
416 741 569 775 pastorem
593 738 697 766 oculos
713 741 865 771 converto,
880 742 908 767 et
923 741 1038 768 Patrem
1054 741 1114 776 spi-

288 783 437 817 ritualem,
454 782 682 815 consolatorem,
697 783 910 817 consiliarium,
926 784 957 811 in
972 784 1114 812 omnibus

1175 207 1249 234 ἐλεεῖν
1269 209 1384 244 ἔγραφες,
1412 209 1426 238 ἡ
1447 211 1506 235 τίνα
1536 211 1607 246 παρά
1626 212 1659 237 τὰ
1682 212 1740 237 καθ’
1760 213 1825 248 ἡμᾶς
1850 217 1947 250 πυρφορι

1175 251 1273 283 ἐκάλεις
1300 252 1423 288 κλίματα,
1454 254 1488 283 ὡς
1514 258 1559 280 τοῦ
1588 256 1656 281 κοιτά
1689 255 1876 287 Θεσσαλονίκης
1897 267 1947 283 καυ-

1174 295 1381 334 ματωδέστερα;
1411 297 1498 333 Ἡμεῖς
1528 308 1568 324 τοι
1601 299 1648 325 κᾶν
1685 298 1842 331 διατακέντες
1876 301 1941 331 ἑλὺοη

1174 350 1230 376 μεν,
1252 341 1299 367 κᾶν
1327 341 1362 372 εἰς
1388 344 1480 378 τέφραν
1506 343 1723 380 άπῃθαλωθημεν,
1739 345 1761 371 εἰ
1783 347 1818 380 μη
1841 348 1947 383 γραμμά-

1173 394 1224 411 των
1253 388 1343 422 αὔραις
1362 385 1483 422 ἐζώγρεις
1510 386 1681 420 ἐκλείποντας.
1704 388 1739 415 Ὠ
1759 389 1824 425 μοιέ
1845 393 1891 416 Καὶ
1909 392 1947 427 γὰρ

1175 429 1196 456 εἰ
1220 429 1338 466 λαμπρόν
1363 430 1507 468 ἀπαρκτίαν
1534 433 1547 457 ὁ
1572 432 1690 463 Εὔξεινος
1717 435 1831 469 κατάγει,
1863 437 1904 460 καὶ
1927 437 1947 461 τί

1173 476 1295 510 περιέχον
1326 475 1480 511 περιψύχει,
1511 480 1563 512 πῡρ
1602 475 1626 502 δ’
1655 477 1716 503 ἄλλο
1748 479 1893 514 ὑπονέμεται
1925 482 1947 505 τὰ

1173 518 1312 554 σπλάγχνα
1332 519 1484 556 θερμότερον
1509 518 1557 546 διὰ
1574 522 1604 546 τὸ
1632 525 1681 552 τῆς
1706 521 1850 557 ἁγιωσύνης
1865 521 1947 551 ἀποδη-

1172 573 1230 598 μον.
1253 566 1295 592 Μή
1312 573 1356 598 μοι
1372 561 1566 600 διαπιστὴσῃς,
1587 566 1678 591 Εἷποτε
1695 565 1836 602 βουλοίμην
1854 571 1947 592 κενῶσαι

1170 611 1217 638 τῆς
1235 607 1327 642 ψυχῆς
1345 609 1375 633 τὸ
1403 608 1570 644 λυπούμενον,
1593 607 1646 638 ἤδη
1671 612 1776 645 γεγονὸς
1795 611 1947 647 ὑπεραντλών,

1172 652 1185 681 ἡ
1214 656 1263 677 τῶν
1292 651 1498 688 ἀνεγνωσμένων,
1527 654 1577 679 ὅσα
1602 656 1780 690 προσίσταταὶ
1809 665 1861 691 μοι,
1895 658 1947 691 πρὸς

1171 696 1402 732 ἐπιστατικωτερον
1427 696 1654 724 ἀνακοινωσασθαι
1686 703 1755 732 νοῡν,
1788 700 1801 728 ἦ
1835 700 1947 726 πυθέσθαι

1169 750 1204 770 τι,
1227 741 1241 769 ἡ
1265 740 1520 776 ξυμϐουλεύσασθαι,
1540 745 1585 768 καὶ
1609 741 1661 768 ὦδε
1687 743 1792 769 κάκεῖσε
1815 748 1844 779 τῇ
1860 742 1947 780 διανοίᾳ

1168 784 1384 822 περικλεψάμενος
1398 783 1492 811 οὐδένα
1520 787 1581 822 ὁρῶ,
1607 791 1775 824 παραχρῆμα
1801 787 1825 818 ἐς
1847 790 1885 813 τὸν
1910 790 1944 823 μέ-

289 826 497 855 auxiliatorem
520 834 590 853 cum
621 826 734 854 ﬁducia
758 826 879 855 invoco.
913 828 984 855 Hinc
1011 828 1058 855 fur

1174 839 1216 863 γαν
1246 834 1296 855 τῶν
1329 829 1538 856 Θεσσαλονικέων
1570 833 1680 867 ποιμένα
1712 833 1763 858 υπὸ
1789 836 1834 863 τῆς
1852 835 1943 868 ποίμνης

287 871 455 906 gemituum
479 879 495 898 e
518 872 638 906 pectore
664 871 831 899 ascendens
847 871 948 906 ignem
963 872 1043 899 intus
1067 881 1112 900 ar-

285 916 408 944 dentem
430 917 563 948 accusat,
577 915 629 950 qui
653 915 784 951 epistolis
809 917 867 943 tuis
894 916 1110 952 aliquantisper

283 959 403 993 lenitur,
425 966 584 994 nunquam
609 966 681 986 vero
700 958 789 994 plane
818 959 1023 994 exstinguitur.
1050 961 1109 988 Has

283 1004 426 1041 epistolas
459 1004 486 1031 si
517 1003 585 1040 quis
615 1011 651 1031 ex
678 1003 784 1032 ordine
812 1006 1017 1040 componeret.
1044 1005 1109 1033 toti~

283 1049 353 1077 dem
368 1047 480 1084 gradus
495 1050 619 1075 strueret
642 1055 696 1083 per
710 1056 787 1084 quos
815 1050 847 1076 tu
871 1056 926 1076 nos
940 1048 1108 1077 consolatu-

282 1102 334 1122 rus
350 1092 532 1120 descendere
553 1091 705 1126 dignaris;
723 1094 763 1127 tu,
784 1093 920 1128 inquam,
938 1094 990 1129 qui
1015 1094 1108 1121 maxi-

282 1145 349 1165 mas
363 1137 484 1165 virtutes
499 1135 582 1163 omni
599 1138 733 1172 tempore
753 1145 890 1170 exerces;
906 1137 1106 1173 quamobrem

283 1181 307 1209 si
330 1188 392 1209 non
420 1180 596 1215 angelorum
616 1180 707 1208 choro
723 1182 941 1216 annumeraris,
957 1184 987 1210 at
1001 1182 1106 1210 saltem

282 1224 374 1262 paulo
400 1225 436 1252 iis
463 1224 585 1252 inferior
611 1224 771 1252 habendus
790 1233 831 1259 es,
851 1226 964 1262 quippe
983 1226 1034 1262 qui
1054 1235 1107 1262 per

281 1270 388 1299 eadem
408 1277 477 1296 cum
493 1268 549 1296 illis
572 1268 686 1296 scalam
710 1269 847 1297 ascendis
872 1279 907 1298 ac
933 1270 1104 1299 descendis.

281 1316 342 1350 Ego
357 1316 462 1342 contra
473 1313 512 1341 de
525 1312 616 1341 rebus
630 1313 704 1341 meis
726 1313 889 1350 desperans
903 1315 1047 1343 timebam
1068 1324 1106 1343 ne

282 1367 319 1387 ex
336 1358 431 1386 oculis
446 1357 638 1386 Providentiae
662 1358 823 1394 abriperer,
844 1359 967 1394 ignarus
987 1362 1013 1387 te
1033 1360 1105 1388 mihi

282 1403 423 1439 angelum
437 1403 592 1430 custodem
606 1402 726 1431 ﬁdelem
739 1403 875 1431 additum
891 1412 968 1436 esse,
982 1405 1033 1440 qui
1043 1413 1106 1432 non

281 1451 409 1481 tantum,
439 1449 472 1475 ut
499 1447 593 1483 prius,
617 1455 664 1474 res
694 1455 778 1475 meas
807 1448 1046 1482 administrabat,
1075 1449 1106 1476 in

281 1493 384 1522 litteris
409 1491 490 1520 viam
506 1491 703 1527 monstrabat,
727 1492 832 1520 omnia
846 1501 914 1528 quae
939 1493 977 1521 ad
993 1493 1105 1521 cultum
1125 1508 1145 1536 ο

281 1537 452 1566 necessaria
465 1536 688 1572 suppeditabat,
704 1536 815 1572 quibus
835 1545 912 1573 opus
932 1540 1004 1565 erat.
1023 1538 1107 1565 Deni-

281 1590 341 1620 que
368 1589 467 1617 neque
497 1580 640 1616 temporis
662 1588 717 1609 nec
747 1581 834 1618 spatii
862 1581 975 1609 ratione
1003 1582 1108 1610 habita

281 1627 464 1656 desiderium
476 1626 520 1653 sui
533 1626 564 1653 in
574 1625 662 1653 nobis
678 1629 814 1660 renovat,
822 1626 888 1654 libri
898 1626 993 1654 instar
1003 1627 1104 1655 divini.

281 1672 334 1700 ubi
348 1671 474 1700 nomina
487 1672 591 1698 nostra
605 1669 782 1698 referuntur.
796 1671 1107 1699 Thessalonicensium

280 1716 385 1744 lumen
399 1715 476 1743 bene
491 1714 549 1742 sibi
563 1714 675 1742 habeat
698 1714 847 1751 nobisque
870 1723 923 1751 per
945 1717 1108 1743 nocturnas

1167 872 1306 910 ἀνάγομαι,
1322 876 1367 899 καὶ
1388 876 1480 900 στένων
1501 873 1680 911 ἁνακαλούμαι
1703 878 1746 902 τὸν
1775 877 1840 902 κατὰ
1860 886 1943 912 πνευμοι

1165 920 1274 954 πατέρα,
1296 919 1340 943 τὸν
1369 919 1531 953 καθηγητήν,
1548 920 1590 945 τὸν
1615 922 1777 956 παρήγορον,
1804 922 1844 946 τὸν
1863 920 1942 956 ἀγαθον

1165 962 1322 998 σύμϐουλον,
1337 963 1381 988 τὸν
1405 963 1428 992 ἐς
1442 962 1520 995 ᾶπαν,
1537 962 1575 999 ἐφ’
1590 965 1640 999 ὅτῳ
1669 964 1698 990 οἶν
1720 974 1761 996 τις
1783 963 1872 995 δέοιτο,
1899 975 1943 990 ικα-

1163 1009 1286 1033 νώτατον.
1315 1009 1365 1032 Καὶ
1392 1005 1433 1032 ἐπὶ
1456 1008 1557 1038 τούτοις
1588 1012 1735 1043 στεναγμοῦ
1756 1010 1848 1039 καπνὸς
1862 1008 1886 1034 ἐκ
1903 1014 1942 1034 τῶν

1164 1053 1274 1088 στέρνων
1309 1049 1482 1087 ἀναθρώσκων
1519 1054 1565 1077 καὶ
1596 1052 1626 1077 τό
1660 1053 1849 1088 ὑποτυφόμενον
1883 1052 1941 1079 ἔνδον

1162 1095 1348 1130 ὑποσημαίνων
1372 1098 1424 1131 πῦρ
1441 1101 1448 1108 ·
1476 1095 1537 1131 ὅπερ
1565 1096 1599 1126 ὡς
1625 1093 1672 1122 διά
1697 1106 1773 1122 τινων
1800 1097 1941 1133 σϐεστηρίων

1163 1138 1288 1176 ὀργάνων,
1321 1143 1370 1164 τῶν
1401 1143 1452 1164 σῶν
1480 1141 1652 1175 γραμμάτων,
1683 1141 1801 1177 ὑπολέγει
1832 1143 1881 1177 μὲν,
1899 1141 1942 1166 ἀλλ’

1162 1183 1191 1208 οὖ
1219 1185 1263 1209 καὶ
1297 1184 1420 1220 παράπαν
1450 1183 1648 1213 ἀποσϐέννυται.
1675 1184 1709 1211 ‘n
1738 1187 1898 1222 γραμμάτων,
1929 1184 1941 1210 ἆ

1162 1225 1210 1253 διὰ
1235 1229 1263 1252 τὸ
1288 1231 1404 1263 συνεχῶς
1435 1227 1500 1253 ἀλλα
1533 1228 1572 1254 ἐπ’
1600 1228 1688 1260 ἄλλοις
1713 1229 1882 1266 ἁρμόττεσθαι
1905 1225 1942 1255 καί

1162 1272 1330 1297 συντίθεσθαι
1354 1270 1490 1308 βαθμίδας
1510 1272 1556 1298 οὐκ
1586 1273 1711 1309 ἀκόμψως
1728 1276 1783 1303 θείη
1798 1284 1835 1305 τις
1858 1273 1893 1307 ἂν,
1911 1272 1939 1299 δι’

1161 1316 1194 1341 ὧν
1227 1318 1292 1353 πρὸς
1320 1317 1442 1351 χθονίους
1470 1317 1538 1352 ἡμᾶς
1567 1318 1684 1343 καθιὼιαι
1709 1323 1879 1355 προνοητικῶς
1902 1318 1938 1343 οὐχ

1161 1358 1252 1393 ὀκνεῖς,
1268 1361 1281 1385 ὁ
1301 1362 1347 1390 τὰς
1376 1359 1526 1395 (law/(.1701);
1551 1366 1600 1386 τὼν
1621 1361 1715 1398 ἀρετῶν
1743 1363 1822 1388 πάλαι
1848 1365 1887 1388 καὶ
1903 1372 1937 1387 ννν

1161 1404 1332 1440 ἀνερχόμενος
1348 1411 1355 1418 ·
1383 1405 1418 1434 ὡς
1437 1403 1558 1437 ἐντεῦθεν,
1576 1405 1598 1431 εἰ
1622 1409 1667 1432 καὶ
1689 1409 1726 1442 μὴ
1752 1411 1788 1442 τῷ
1813 1412 1880 1443 χορῴ
1899 1411 1936 1432 τὼν

1160 1449 1273 1484 ἀγγέλων
1303 1447 1478 1481 ἐντάττεσθαι,
1510 1449 1572 1485 παρ’
1600 1449 1726 1486 ἀγγέλους
1755 1455 1816 1486 γοῦν
1844 1449 1934 1479 οὐδεθῑῖ

1161 1493 1253 1529 βραχύ
1280 1503 1305 1518 τι
1333 1492 1504 1519 ἐλαττοῦσθαι
1527 1496 1572 1519 καὶ
1589 1495 1625 1529 σε,
1651 1495 1696 1520 ἂτε
1720 1498 1767 1524 τὴν
1793 1495 1866 1524 αὐτὴν
1887 1495 1935 1520 ἐκίί-

1160 1547 1211 1567 νοις
1244 1537 1414 1563 ἀναϐαίνοντα
1445 1541 1489 1563 καὶ
1521 1538 1712 1565 καταϐαίνοντα
1749 1539 1867 1577 κλίμακα.
1886 1540 1936 1574 Ἐγὼ

1162 1580 1192 1608 δε
1206 1583 1219 1608 ὁ
1237 1580 1362 1615 δύσελπις
1382 1581 1420 1608 ἀεὶ
1445 1584 1517 1618 ᾤμην
1535 1587 1584 1608 τῶν
1600 1587 1645 1614 τῆς
1664 1587 1791 1619 Προνοίας
1808 1583 1936 1620 πανδερκὼν

1162 1626 1292 1664 ϐλεφάρων
1315 1628 1364 1658 ἒζω
1396 1635 1445 1652 που
1472 1629 1583 1660 πίπτειν,
1613 1627 1659 1654 οὐκ
1686 1627 1774 1663 εἰδὼς,
1803 1631 1834 1660 ὡς
1856 1629 1937 1664 ἀγγελῳ

1162 1669 1257 1706 τοιῷδε
1277 1673 1460 1707 πεπίστευμαι,
1521 1672 1554 1697 τὰ
1572 1673 1630 1697 κατ’
1654 1672 1698 1709 ἐμὲ
1724 1675 1870 1710 θαυμασίως
1885 1673 1937 1698 οἰκον

1162 1719 1311 1752 νομοῡνται.
1335 1715 1391 1741 Οὐκ
1419 1715 1556 1752 ἀπέχρησε
1578 1718 1609 1742 τὰ
1635 1722 1683 1748 τῆς
1707 1720 1831 1756 προτέρας
1857 1727 1937 1753 προμη-

1166 1761 1233 1790 θείας
1243 1760 1365 1796 φιλότιμα
1376 1769 1382 1774 ·
1398 1762 1428 1786 τό
1441 1762 1499 1796 περὶ
1515 1760 1606 1796 λόγους
1620 1765 1670 1797 φῶς
1679 1769 1686 1776 “
1699 1763 1714 1790 ἡ
1730 1762 1786 1788 κατ’
1797 1762 1861 1788 οἰκον
1874 1762 1937 1787 εἰσοί-

280 1760 372 1796 bujus
383 1759 448 1787 vitae
468 1766 587 1795 pugnas
600 1758 699 1786 lucem
715 1767 803 1787 suam
817 1759 976 1795 impertiat.

280 1814 350 1834 κισις
363 1811 370 1819 ⁸
385 1805 400 1832 ἡ
416 1804 482 1829 κατά
494 1806 594 1839 πνεῦμα
609 1802 754 1833 εἰσποίησις
768 1811 775 1817 ⁸
801 1804 814 1828 ὀ
830 1806 968 1840 πορισμὸς,
984 1805 1086 1830 ὁπόσων
1100 1803 1186 1834 ἐνδεὴς
1206 1803 1255 1840 ἐγὼ
1280 1804 1424 1841 ἀνθρωπος,
1443 1807 1498 1830 Οὺκ
1525 1804 1662 1842 ἀπέχρησε
1685 1811 1779 1841 ταῦτα,
1799 1806 1850 1832 ἀλλ’
1861 1808 1893 1832 ἔτι
1909 1809 1935 1841 μὴ

280 1852 380 1883 τοπικῷ
404 1848 418 1876 ἢ
433 1850 550 1884 χρονικῷ
566 1845 731 1882 διαστήματι
751 1844 937 1884 διειργόμενος,
953 1850 999 1877 τὴν
1024 1849 1096 1884 ἡμῶν
1117 1849 1206 1875 θάλπει
1232 1851 1346 1884 μνήμην,
1360 1851 1405 1874 καὶ
1419 1853 1465 1879 τῆς
1477 1851 1536 1885 περὶ
1550 1850 1619 1885 ἡμᾶς
1642 1849 1801 1887 ἐπιστροφῆς
1822 1850 1937 1887 ἐμπορεὰει

280 1892 406 1920 ἄσϐεστον
430 1892 557 1927 ἕναυσμα.
571 1889 605 1916 Ὦ
624 1894 683 1922 νοῦς
695 1889 849 1927 πανδεχήςὶ
863 1892 883 1917 ὡ
899 1890 985 1922 δέλτος
997 1892 1087 1928 ψυχῆς
1100 1895 1229 1929 μνήμονος
1242 1892 1247 1919 !
1265 1892 1366 1929 βιϐλίον
1382 1893 1496 1929 ἀτεχνῶς
1511 1897 1588 1928 Θεοῦ,
1604 1893 1628 1919 ἐν
1675 1898 1764 1931 μυρίοι
1782 1895 1936 1932 γεγράμμεθα.

279 1936 358 1964 Ἀλλὰ
369 1934 541 1973 διατηρηθείη
556 1936 584 1960 τὸ
600 1939 649 1961 τῶν
666 1935 875 1962 Θεσσαλονικέων
890 1936 1089 1973 εὐφεγγέστατον
1104 1942 1156 1974 φῶς
1169 1937 1308 1971 ἄσϐεστον,
1323 1939 1356 1969 ὡς
1375 1939 1426 1964 ὑπὸ
1446 1938 1527 1974 λοιπῷ
1548 1940 1631 1975 τούτῳ
1654 1944 1748 1976 πυρσῷ
1761 1941 1825 1966 κατὰ
1846 1941 1885 1968 τὴν
1901 1948 1936 1970 τού

278 1982 341 2020 βίου
353 1982 534 2017 νυκτομαχίαν
546 1979 718 2016 λαμπώμεθα.

276 2057 448 2087 HLDomino
456 2055 626 2088 Eustathio,
633 2056 856 2090 archiepiscopo
870 2056 1100 2084 Thessalonices.

312 2128 438 2156 Maxime
452 2129 479 2155 te
495 2126 586 2155 effero
598 2126 750 2158 laudibus,
767 2127 956 2155 sanctissime
966 2127 1100 2161 domine,
1115 2147 1137 2174 Β

274 2173 357 2210 quod
368 2171 604 2200 me‘sustinueris
615 2171 803 2200 vacillantem
816 2172 957 2200 manibus
966 2179 1003 2199 ne
1014 2172 1100 2200 cade-

273 2225 348 2251 rem,
358 2219 410 2245 aut
424 2215 544 2252 lapsum
555 2215 687 2249 elevasti,
698 2216 773 2244 sicut
783 2217 851 2252 quis
862 2224 990 2251 puerum
1006 2217 1100 2244 nandi

272 2261 323 2290 vix
342 2269 377 2289 ac
392 2268 429 2288 ne
448 2261 498 2288 vix
512 2260 634 2296 quidem
646 2260 772 2296 peritum
788 2260 930 2288 manibus
946 2264 1097 2296 arreptum

272 2313 362 2342 super
372 2312 468 2341 aquas
483 2304 566 2338 tollit,
582 2313 620 2332 ne
633 2304 671 2332 ab
691 2305 781 2332 undis
793 2304 998 2333 absorbeatur.
1015 2306 1100 2342 Equi-

269 2351 340 2379 dem
352 2350 376 2378 si
386 2357 423 2377 ex
436 2349 576 2383 voragine
592 2357 690 2377 rerum
704 2349 909 2384 emergebam,
932 2352 964 2378 ut
984 2358 1097 2386 aquam

268 2395 379 2424 salsam
389 2393 644 2431 pusillanimitatis
656 2393 905 2428 biberem,littora
913 2397 1013 2422 tamen
1030 2395 1096 2423 vitae

266 2441 366 2476 legere
388 2437 522 2474 nequivi.
541 2438 583 2465 Tu
601 2445 674 2466 vero
693 2437 809 2466 bonum
833 2438 997 2475 pretiosum
1019 2439 1096 2468 caeli-

263 2489 313 2515 tus
340 2485 477 2518 missum,
497 2482 603 2511 oculus
625 2482 731 2512 Christi
750 2483 936 2512 illuminator
954 2484 1017 2518 ubi,
1033 2492 1094 2520 quo

263 2532 296 2560 in
320 2532 399 2559 statu
419 2536 518 2557 essem
537 2535 735 2563 cognoveras,
757 2528 915 2564 epistolam
935 2529 1093 2564 porrexisti

262 2575 442 2607 salutarem;
457 2575 485 2601 et
497 2572 648 2608 extemplo
661 2573 712 2608 qui
723 2573 827 2609 lapsus
837 2576 900 2601 erat
911 2573 1090 2608 erigebatur,

262 2623 291 2648 et
309 2621 361 2656 qui
380 2619 471 2647 undis
492 2619 608 2646 tantum
636 2625 698 2646 non
726 2617 890 2654 absorptus
909 2620 972 2646 erat
990 2618 1091 2647 valida

261 2673 355 2692 manu
373 2663 566 2692 retinebatur.
589 2664 658 2690 Inus
672 2662 795 2698 quidem
815 2662 917 2690 velum
935 2670 997 2690 non
1015 2663 1087 2698 vidi,

259 2708 343 2744 quod
357 2707 470 2743 Ulyssis
489 2714 542 2742 per
556 2714 641 2734 mare
660 2706 801 2734 ﬂuctibus
819 2706 924 2741 jactati
943 2707 1089 2734 membris

258 2759 425 2789 expansum
453 2751 564 2779 mirum
591 2750 623 2778 in
642 2750 769 2780 modum
789 2750 1001 2779 auxiliabatur.
1022 2752 1086 2787 Epi-

1272 2057 1296 2084 Γ
1303 2081 1309 2086 .
1325 2062 1367 2093 Τῷ
1381 2057 1587 2094 Θεσσαλονίκης,
1604 2062 1675 2094 κυρῷ
1690 2059 1834 2094 Εὐσταθίῳ.

1190 2129 1300 2165 ’Υψωσω
1331 2140 1369 2163 σε,
1398 2131 1512 2157 θειότατε
1537 2128 1663 2166 δέσποτα,
1693 2131 1735 2157 ὃτι
1758 2129 1915 2164 ὑπελαϐέςμι

1156 2175 1204 2200 εἴτε
1233 2177 1309 2200 τουτο
1340 2174 1395 2200 ἐστι
1425 2176 1454 2200 τὸ
1488 2174 1633 2208 ὑπολαϐεῖν,
1655 2177 1862 2211 περιτρεπόμενον
1887 2170 1929 2200 ἤδη

1154 2220 1213 2244 τινὰ
1230 2219 1354 2255 μεγάλαις
1381 2221 1475 2255 χερσὶν
1497 2217 1677 2250 ὑποδέξασθαι
1704 2222 1749 2245 καὶ
1773 2218 1882 2255 ἀπεῖρξαι
1897 2219 1930 2241 τοὺ

1154 2266 1303 2299 πτώματος,
1331 2265 1380 2289 εἴτε
1413 2264 1586 2299 ὑποκουφίσαι
1614 2261 1826 2299 κάταδυόμενον⁹
1858 2263 1888 2290 ὡς
1915 2261 1931 2284 ξῖ

1154 2317 1194 2338 τις
1217 2307 1398 2334 ἀθαλάττωτον
1424 2306 1510 2333 παῖδα
1524 2309 1567 2333 καὶ
1591 2317 1637 2333 του
1659 2309 1789 2343 νήχεσθαι
1804 2305 1928 2344 ἀρτιμαθῆ,

1152 2353 1199 2382 τὰς
1222 2356 1315 2390 χεῖρας
1335 2352 1478 2384 ὑπολαϐὼν,
1506 2353 1665 2388 μετεωρίζει,
1685 2354 1730 2378 καὶ
1759 2353 1804 2377 οὐκ
1830 2353 1874 2386 εῲη
1892 2350 1929 2374 επί-

1151 2406 1223 2423 πτειν
1260 2397 1410 2434 ὑπόϐρυχα.
1445 2395 1545 2432 Ἔγωγε
1581 2397 1630 2433 γὰρ
1668 2395 1716 2422 κᾶν
1753 2397 1929 2430 ἁνατέτραμμαι

1152 2439 1355 2471 σκοτοδινιάσας
1374 2440 1401 2466 ἐκ
1427 2444 1473 2470 τῆς
1499 2439 1614 2466 ἀστάτου
1644 2449 1694 2465 των
1721 2440 1872 2476 πραγμάτων
1897 2445 1928 2463 πὶ-

1149 2485 1354 2522 ριστροϐήσεως,
1382 2484 1428 2510 κᾶν
1461 2483 1533 2522 ὕδωρ
1566 2484 1745 2520 ὀλιγοπιστίας
1773 2483 1864 2515 ἐξέπιον
1893 2480 1927 2506 ἀλ-

1148 2531 1240 2566 μυρὸν,
1261 2530 1313 2565 οὐχ
1333 2529 1383 2559 οἶος
1412 2539 1439 2556 τε
1455 2529 1489 2555 ὧν
1517 2527 1580 2555 οὐδὲ
1607 2532 1666 2559 ταῖς
1693 2539 1739 2555 του
1768 2527 1826 2564 βίου
1853 2526 1927 2553 ἀκταῖς

1147 2573 1332 2609 ἆπινήχεσϐαι.
1354 2572 1430 2600 ’Λλλά
1455 2575 1499 2606 σὺ,
1526 2571 1546 2598 ὦ
1571 2573 1636 2599 θεῖον
1665 2576 1710 2599 καὶ
1729 2574 1812 2598 κοινόν
1834 2570 1925 2605 ἀγαθον.

1146 2617 1166 2644 ὦ
1195 2621 1330 2655 φωσφόρον
1360 2620 1432 2654 ιῇιιμα
1469 2621 1591 2655 Φριστου,
1621 2618 1654 2648 ὡς
1691 2615 1768 2649 εἶδες,
1805 2617 1838 2645 ὡς
1861 2615 1925 2649 ἔγνως

1144 2663 1225 2693 οὕτως
1261 2664 1366 2699 ἔχοντα,
1404 2664 1448 2688 οἶα
1478 2666 1558 2699 χεῖρα
1586 2665 1704 2698 γενναίαν
1733 2662 1809 2688 καλὸν
1832 2660 1925 2696 γράμμα

1144 2707 1287 2744 ὑπώρεξας.
1317 2711 1367 2734 Καὶ
1396 2711 1567 2744 παραχρῆμα
1588 2708 1675 2744 ὄρθιος
1703 2707 1716 2733 ὸ
1737 2708 1843 2739 πίπτων,
1861 2704 1894 2728 καὶ
1913 2700 1924 2725 ὁ

1142 2761 1238 2790 μικρου
1267 2751 1383 2783 καταδὺς
1408 2756 1457 2778 τῶν
1473 2753 1595 2788 κυμάτων
1615 2754 1817 2789 κατωχρήσατο.
1842 2749 1886 2775 Καὶ
1900 2744 1924 2771 τό
