1947 3077
263 96 314 124 335

700 91 886 122 MICHAELIS
901 92 1092 122 ACOMINATI
1107 92 1322 124 ATHENARUM
1332 96 1492 126 ARCHIEP.

1891 103 1915 131 32

262 159 343 186 enim
357 156 512 194 publicani
532 155 656 188 faciunt,
670 156 826 192 quomodo
840 163 888 185 res
904 157 1008 192 magni
1021 164 1084 186 mo-
1098 157 1122 184 Α
1141 158 1172 194 ἀφ

1141 158 1315 195 ἀφθονώτερον
1341 160 1426 196 τρέφει
1450 161 1481 186 τὸ
1511 163 1557 190 τῆς
1583 159 1676 196 ψυχῆς
1703 159 1882 199 διακείμενον.
1913 177 1915 191 ι

262 203 353 231 menti
370 209 436 230 esse
450 201 583 238 poterit?
596 202 637 229 Me
656 201 828 230 amantibus
843 210 879 231 eo
897 210 959 238 quo
974 209 1030 238 par
1042 204 1088 231 est

263 247 357 277 animi
370 247 480 275 atl'eclu
497 245 657 274 sanitatem
672 248 700 274 et
713 245 936 282 longaevitatem
949 249 1031 283 opto.

298 294 430 320 Praesens
445 290 615 319 monachus
632 290 788 319 timidioris
803 290 912 319 indolis
928 291 1018 319 frater
1042 291 1086 320 est

261 335 442 365 venerabilis
457 334 598 364 Demetrii
613 335 810 371 Thessali,cui
822 335 933 364 auxilio
943 339 994 364 tuo
1007 343 1084 372 opus

260 384 315 411 est.
340 382 465 409 Fruatur
491 380 582 415 igitur
613 380 797 415 benignitate
816 382 867 410 tua
889 389 924 409 ac
950 381 1085 418 paterni-

259 428 332 456 tate.
346 441 381 447 —-
391 427 469 454 Deus
480 425 554 454 mihi
567 425 715 462 propitius
725 427 789 454 esto
806 425 845 454 ob
860 433 961 455 sacras
980 433 1084 462 preces

259 475 338 500 tuas.

1141 200 1171 228 δᾶ
1184 204 1213 229 τό
1229 205 1264 234 μὴ
1281 202 1381 238 ἀγνοεῖν
1395 203 1563 240 ἀγαπώμενον
1591 203 1647 231 οἶδε
1674 208 1776 233 τίκτειν
1802 207 1912 245 ἁντὲρωτ

1139 251 1215 273 τοῦτο
1239 247 1304 273 ὀκνῶ
1325 249 1469 284 κομπάζειν
1497 249 1561 285 ἐγὼ,
1583 250 1622 276 ὅτι
1651 249 1721 286 μηδε
1753 252 1824 278 πάνυ
1853 262 1915 289 σεμνη

1139 294 1183 318 καὶ
1210 293 1239 318 τὸ
1261 293 1333 328 παρὰ
1358 292 1478 324 τελώναις
1501 294 1591 325 αὐτοῖς
1614 296 1845 333 κατορθούμενον
1873 299 1915 324 ἐπε

1137 346 1224 372 χομαι
1246 334 1275 362 δὲ
1298 340 1334 363 τῶ
1363 336 1533 373 ἁγαπὴσαντι
1556 339 1625 374 ἡμᾶς
1653 340 1686 370 ὡς
1714 339 1796 376 αἱτὶῳ
1823 343 1868 368 καὶ
1896 352 1915 368 τ]

1138 379 1343 416 ἁνταγαπήσεως
1381 382 1496 418 ὑγιεινὴν
1538 383 1607 413 ζωὴν
1643 386 1688 410 καὶ
1720 384 1882 422 μακρόϐιον.
1912 390 1915 397 ⁴

1139 424 1245 456 εὐλαϐὴς
1267 426 1340 457 οὗτος
1359 428 1477 463 μοναχός
1501 425 1610 462 ἀδελφός
1633 427 1690 454 ἐστι
1722 433 1774 456 τοῦ
1794 433 1915 467 famulatu

1140 471 1272 506 Δημτρίου
1298 474 1344 496 τοῦ
1370 471 1511 505 Θετταλοῦ,
1539 473 1583 498 καὶ
1606 470 1692 499 δεῖται
1713 477 1766 504 τῆς
1794 478 1844 505 σῆς
1871 476 1913 501 άντ

260 515 421 552 ληψεωξΜ·
433 514 620 542 Ἀπολαυσάτω
639 519 701 551 γοῦν
715 519 760 546 τῆς
773 515 820 546 σής
835 513 1005 551 ἁγαθότητος,
1022 514 1059 542 δι’
1071 516 1101 545 ἦν
1110 523 1137 541 τι
1154 512 1224 550 εἶχες
1240 515 1275 546 εἰς
1294 514 1389 541 ἐκεῖνον
1403 518 1533 554 πατρικὴν
1544 514 1673 551 διάθεσιν,
1689 520 1736 545 καὶ
1757 516 1809 546 διὰ
1822 521 1870 549 τὴν
1882 520 1915 556 iu

260 564 336 598 τέρα-δ
354 559 472 591 ἀξίωσιν.
484 559 568 591 Ἲλεως
579 561 617 589 εἴη
631 569 677 596 μοι
697 561 762 591 Θεὸς
777 557 824 586 διὰ
837 564 887 587 τῶν
902 564 952 587 σῶν
969 561 1112 598 ἱερατάτων
1128 560 1235 595 εὺχιῶν.

258 623 437 653 νΙ.1)οηιίηο
447 622 840 657 Eustathio,Thessalonices
849 623 1080 659 archiepiscopo.

295 678 404 706 Tecum
419 684 486 705 esse
500 675 600 712 velim,
612 675 730 705 domine
743 676 954 711 sacratissime,
969 676 1082 705 luctus-

259 729 318 759 que
332 721 422 750 vestri
438 721 591 758 particeps
607 728 684 756 esse,
701 723 729 750 et
752 721 909 750 concinere
922 729 992 750 cum
1006 722 1083 750 Jere—

258 766 320 795 mia
326 767 377 794 aut
385 766 474 794 etiam
482 765 629 800 Ezechiele
637 765 823 802 nostro,quia
830 765 901 794 urbs
907 768 958 794 tua
964 766 1082 802 eadem,

257 819 320 848 qua
337 810 410 840 olim
420 810 524 838 civitas
540 811 654 845 sancta,
669 809 838 838 calamitate
852 811 1007 846 premitur.
1025 810 1082 838 Sed

258 863 326 883 cum
343 855 401 882 hoc
423 853 555 883 maxime
576 856 710 891 tempore
734 855 864 890 separati
886 863 1001 890 sumus,
1026 854 1082 883 has

256 900 310 928 tibi
325 899 439 928 litteras
464 898 562 927 luctus
575 899 636 927 mei
649 900 738 927 testes
753 899 849 927 mitto.
861 899 932 932 Quae
951 899 1024 927 urbs
1041 899 1081 928 ab

254 944 394 972 hostibus
403 945 493 980 capta
503 945 547 971 est
559 943 565 971 ἰ
580 943 678 971 Prima
687 943 826 971 videlicet
836 945 905 979 post
915 943 1045 979 primam
1053 945 1082 972 et

254 988 391 1016 omnium
407 995 476 1016 vere
490 987 625 1023 reginam
639 987 807 1024 tquantum
826 989 1016 1016 Romeeorum
1035 987 1080 1016 in-

254 1033 420 1062 fortunium
436 1032 481 1061 sol
491 1032 581 1060 vidit!
595 1033 685 1068 Eheu,
703 1040 856 1061 armorum
866 1032 1007 1061 Italorum
1017 1032 1080 1061 vim

253 1078 456 1114 perniciosam
472 1077 478 1105 !
493 1078 571 1110 Quot
583 1085 676 1105 naves
692 1085 761 1105 cum
781 1077 855 1113 ipsis
878 1077 978 1105 nautis
996 1085 1080 1105 mare

254 1122 387 1150 Siculum
402 1121 575 1157 absorpsit!
593 1122 688 1154 Quam
712 1121 821 1149 urbem
841 1121 1015 1150 inundavit!
1031 1123 1079 1149 Vae

253 1166 415 1194 Telchinisl
445 1165 523 1193 Proh
556 1165 711 1199 invidiam,
738 1173 806 1202 quae
830 1165 914 1193 urbis
936 1165 1079 1194 secundis

252 1210 344 1238 rebus
367 1209 541 1238 adversaria
561 1211 640 1237 terra
666 1209 804 1246 marique
829 1210 916 1246 repit,
940 1210 1080 1246 utrinque

251 1256 419 1291 protectam
440 1254 576 1282 funditus
599 1254 739 1290 perdidit.
756 1254 848 1290 Cujus
869 1254 989 1283 tandem
1006 1255 1080 1283 urbs

253 1301 360 1327 sancta
374 1298 508 1326 criminis
523 1305 575 1326 rea
587 1306 686 1335 neque
701 1299 821 1334 patroni
835 1298 954 1333 urbani,
968 1306 1023 1327 nec
1034 1307 1079 1328 ar-

251 1343 434 1379 chiepiscopi
448 1342 636 1378 venerabilis,
650 1350 707 1370 nec
719 1343 857 1371 omnium
872 1343 993 1380 piorum
1010 1351 1080 1380 sup-

250 1387 466 1424 plicationibus
482 1387 591 1416 salvari
607 1387 727 1424 potuit?
742 1387 810 1424 quis
827 1388 907 1416 enim
921 1396 976 1424 pro
990 1388 1079 1416 Thes-

252 1432 384 1461 salonice
396 1432 447 1469 pia
461 1435 541 1465 vota,
554 1432 709 1460 communi
719 1432 851 1469 hospitio
863 1440 926 1461 non
939 1432 1079 1461 fecisset?

250 1478 357 1506 Preces
372 1479 482 1505 nostrae
499 1484 587 1505 vanaa
602 1476 738 1512 fuerunt;
754 1478 832 1505 Deus
846 1477 926 1505 enim
941 1477 1081 1505 amaritu-

251 1522 330 1550 dinis
352 1521 476 1549 calicem
491 1521 635 1549 omnibus
656 1521 861 1550 hauriendum
876 1521 985 1550 obtulit
1000 1524 1029 1550 et
1042 1521 1080 1550 ci-

248 1566 370 1594 vitatem
381 1565 566 1594 luxuriosam
580 1565 720 1602 perdidit.
735 1566 830 1598 Quem
843 1573 980 1602 unquam
989 1566 1079 1594 Thes-

249 1610 383 1639 salonice
397 1612 450 1638 aut
465 1610 606 1646 Byzantio
616 1610 828 1638 advenientem
842 1610 930 1638 autin
940 1610 1079 1646 quemvis

248 1655 350 1683 locum
364 1654 606 1691 proﬁciscentem
628 1654 759 1690 hospitio
778 1662 840 1682 non
852 1654 991 1690 excepit?
1010 1663 1078 1690 quae

248 1699 343 1727 instar
353 1698 453 1726 cordis
463 1698 493 1726 in
505 1699 633 1734 imperio
650 1698 705 1726 sita
716 1701 779 1727 erat
787 1699 838 1726 uni
848 1698 989 1734 Byzantio
998 1701 1079 1734 post-

250 1742 511 1778 ponenda,multis
525 1742 556 1769 in
567 1742 660 1770 rebus
677 1742 989 1778 aequiparandamunc
999 1750 1080 1770 com-

250 1786 337 1814 muni
349 1785 438 1821 plaga
454 1785 606 1821 ﬂagellata
615 1786 704 1821 jacet.
726 1787 784 1814 Nec
799 1787 923 1820 mirum,
939 1788 977 1820 te,
995 1794 1079 1814 sanc-

251 1830 375 1865 tissime,
386 1829 454 1866 plus
464 1837 559 1866 quam
575 1832 699 1858 caeteros
715 1837 898 1866 perpessum
913 1838 989 1858 esse.
1002 1831 1079 1859 Deus

251 1874 332 1903 enim
345 1874 397 1910 qui
417 1874 554 1902 omnium
568 1873 644 1902 vires
662 1874 793 1909 metitur,
812 1874 1007 1911 adaequatuin
1020 1875 1080 1903 cui-

251 1927 310 1956 que
326 1926 403 1947 onus
427 1918 565 1955 imponit,
591 1920 620 1946 et
633 1918 707 1946 dum
724 1918 840 1948 homini
853 1919 1023 1948 eﬂeminato
1037 1919 1079 1947 nil

251 1965 372 2001 portare
385 1963 495 1992 valenti
510 1963 615 1999 parcit,
632 1963 802 1991 fortissimis
821 1963 991 2000 quibusque
1005 1972 1080 2000 quo-

249 2017 318 2038 rum
342 2010 374 2037 tu
399 2015 527 2036 numero
555 2007 751 2036 ascribendus
775 2008 893 2041 videris,
913 2009 1076 2037 durissima

250 2053 394 2091 pericula,
410 2055 515 2090 utpote
530 2052 677 2081 honorem
693 2052 764 2080 inde
783 2054 987 2082 consecuturis
1003 2053 1075 2082 obe-

251 2098 335 2127 unda
346 2098 499 2135 proponit.
516 2097 612 2128 Quare
627 2096 795 2125 absurdum
810 2100 889 2126 esset
900 2098 996 2126 virum
1007 2106 1077 2126 con-

251 2142 341 2171 solari
355 2141 485 2170 voluisse
504 2142 556 2178 qui
577 2149 632 2169 nos
645 2142 730 2178 ipsos
756 2150 878 2170 omnem
896 2142 1075 2179 sapientiam

251 2187 366 2220 edocet,
381 2189 409 2215 et
417 2194 508 2223 quem
517 2188 595 2214 Deus
608 2194 661 2222 per
671 2186 781 2215 multos
794 2194 891 2215 annos
904 2187 1072 2216 conservet!

1257 620 1290 654 ς’.
1301 624 1343 657 Τῷ
1359 622 1563 658 Θεσσαλονίκης,
1577 627 1649 661 κυρῷ
1663 624 1820 662 Εὖσταθίῳ.

1181 674 1289 701 Ἦθελον
1325 675 1401 707 αὐτὸς
1441 676 1616 715 συμπαρεῖναί
1656 688 1712 714 σοι,
1757 682 1915 717 μακαριώτατ

1138 717 1263 754 δέσποτα,
1284 722 1333 756 μαὶ
1353 720 1490 752 ξυναυλίαν
1516 723 1627 759 θρηνεῖν,
1647 726 1692 750 καὶ
1718 728 1770 750 τοῦ
1793 725 1915 762 ὀλοφυρμο

1097 772 1117 800 Β
1137 768 1265 791 κοινωνιίν
1277 769 1314 801 τῷ
1346 765 1405 791 καθ¹
1428 766 1497 800 ἡμᾶς
1523 766 1634 804 Ἱερεμίᾳ
1661 768 1705 794 εἶτ’
1731 768 1779 795 οὖν
1805 769 1915 800 Ἰεζεκιήλ

1136 809 1226 835 καθότι
1238 809 1422 846 παραπλήσιον
1449 810 1554 843 ἐκείνοις
1580 815 1636 844 τοῖς
1655 813 1739 840 πάλαι
1766 817 1814 845 τῆς
1840 814 1915 850 αἰχμα

1135 852 1232 884 λωσὶας
1261 858 1309 885 τῆς
1343 859 1392 886 σῆς
1422 855 1634 892 παραπήλαυσας
1657 857 1766 888 πόλεως.
1804 858 1871 885 Ἐπεὶ
1903 857 1915 884 a'

1136 895 1235 933 ἀνάγκη
1269 895 1415 933 διεστάναι,
1434 900 1571 937 γράμματι
1595 903 1695 937 τῳτέως
1724 902 1885 939 ἁφοσιοῡμαι
1902 912 1914 928 τ

1137 943 1291 978 συμπενθεῖν
1317 945 1362 969 καὶ
1385 941 1553 981 δακρύουσαν
1578 948 1623 972 καὶ
1644 946 1658 972 ὃ
1681 955 1764 982 φασιν
1788 946 1915 983 ἀχνυμένη

1134 987 1232 1016 ταύτην
1255 988 1348 1023 πέμπω
1369 987 1510 1018 σκυτάλην.
1537 988 1572 1014 Ὠ
1590 990 1634 1016 οἶα
1656 989 1733 1022 πόλις
1755 990 1831 1025 ἰάλω,
1846 994 1915 1028 πρώπ

1135 1032 1201 1066 μετὰ
1221 1034 1268 1060 τὴν
1288 1034 1394 1069 πρώτην
1420 1035 1532 1064 καὶτοῖς
1557 1033 1664 1070 ἀγαθοῖς
1679 1034 1793 1062 ἁπασῶν
1813 1034 1911 1072 βασι).τᾶ

1135 1075 1236 1103 ουσανι
1263 1077 1319 1102 οἷαν
1354 1076 1485 1113 Ῥωμαίων
1521 1080 1656 1115 συμφορὰν
1694 1078 1766 1106 εἶδεν
1800 1081 1813 1106 ὁ
1842 1079 1905 1110 ἣλιος

1135 1122 1184 1146 qui
1208 1119 1296 1149 ἡλίκον
1317 1121 1429 1158 ἴσχυσεν
1454 1121 1566 1152 Ἰταλικὴ
1597 1123 1703 1160 αἰχμὴῑ
1719 1123 1803 1150 “Oa-or
1822 1124 1915 1150 Σικελικι

1136 1163 1335 1202 ἀνερροίϐδησε-δ
1357 1166 1496 1202 ᾶμπωτιςὶ
1523 1168 1579 1193 οἷαν
1608 1167 1682 1195 πόλιν
1710 1168 1855 1196 ἐπέκλυσεε
1883 1172 1915 1195 mi

1133 1213 1180 1235 τοῦ
1212 1211 1315 1246 φθόνου,
1351 1214 1396 1247 φεῦ
1423 1215 1472 1237 τῶν
1501 1212 1650 1248 Τελχίνωνὲ
1677 1215 1773 1245 Φθόνος
1793 1213 1823 1243 ἦν
1843 1215 1855 1240 ὁ
1876 1217 1915 1240 rei:

1134 1252 1242 1290 ἀγαθοῖς
1267 1253 1406 1291 βασκήνας
1431 1260 1475 1287 τῆς
1502 1256 1597 1288 πόλεως
1622 1265 1628 1272 ·
1657 1259 1753 1294 φθονος
1786 1260 1851 1284 κατὰ
1880 1262 1915 1293 γῆν

1135 1300 1280 1335 στρατιύει,
1295 1301 1341 1326 καὶ
1367 1301 1434 1326 κατά
1456 1300 1585 1327 θάλατταν
1604 1302 1686 1340 ἕρπει,
1707 1306 1756 1329 χαὶ
1779 1305 1825 1332 τὴν
1852 1301 1915 1339 δορνι

1135 1345 1294 1379 φορουμένην
1335 1345 1398 1381 παρ’
1437 1345 1561 1383 ἑκατέρων
1606 1349 1748 1382 στοιχείων
1782 1347 1915 1385 ἑκατέρωθη

1135 1388 1227 1424 πορθεῖ
1241 1389 1286 1414 καὶ
1309 1389 1441 1426 κατάκρας
1463 1392 1540 1427 αἱρεῖ.
1563 1392 1641 1427 Οῗμοι
1656 1391 1662 1419 ι
1679 1394 1705 1418 τί
1720 1395 1842 1419 τοσοῦτον
1858 1391 1915 1420 πτολις

1136 1432 1349 1469 πεπλημμέληκιν
1376 1433 1492 1467 εὐσεϐὴς,
1520 1435 1561 1461 ἳνα
1585 1437 1630 1461 καὶ
1663 1437 1799 1474 μάρτυρος
1829 1436 1915 1462 πολιού-

1135 1485 1188 1512 χου
1217 1476 1328 1508 ἔντευξις
1353 1477 1498 1514 αἰσχυνθῇ,
1524 1481 1568 1506 καὶ
1596 1484 1676 1516 σοφοῦ
1703 1480 1844 1518 ἀρχιερὲως
1867 1481 1915 1506 ὁσία

1135 1521 1214 1558 εὐχὴ,
1233 1522 1330 1558 μᾶλλον
1355 1521 1385 1550 δε
1404 1533 1506 1550 παντων
1538 1524 1648 1551 εὐσεϐῶν
1675 1524 1789 1561 δέησιςς
1811 1527 1853 1557 Τίς
1876 1527 1913 1561 γὰρ

1135 1566 1182 1592 οὐκ
1208 1564 1292 1593 ἐδεῖτο
1312 1568 1376 1604 ὑπὲρ
1398 1568 1595 1600 Θεσσαλονίκης
1615 1570 1768 1603 θεοκλυτῶν,
1789 1572 1822 1601 ὡς
1843 1569 1914 1598 κοινῆς

1134 1608 1260 1647 πατρίδος
1282 1613 1327 1637 καὶ
1351 1615 1518 1648 καταγωγίου
1545 1617 1650 1648 κοινοῦ;
1674 1614 1744 1640 Ἀλλ’
1769 1614 1914 1650 stemma

1134 1655 1219 1690 μάτην
1240 1654 1392 1692 εὐξάμενοι·
1411 1659 1477 1683 πᾶσι
1503 1658 1565 1694 γὰρ,
1591 1657 1674 1695 οἶμαι,
1701 1662 1812 1696 κιρᾶσαι
1827 1660 1914 1694 πικρίας

1134 1701 1259 1735 ποτήριον
1274 1701 1340 1731 Θεὸς
1365 1698 1517 1736 ἐδικαίωσε,
1533 1705 1578 1728 καὶ
1603 1704 1675 1740 παρά
1693 1708 1772 1730 τοῦτο
1795 1705 1823 1730 τό
1846 1703 1913 1728 κοινὸν

1096 1451 1116 1480 C

1135 1742 1285 1780 ἑντρύφημα
1313 1743 1460 1782 προῦδωκε.
1488 1748 1552 1772 Τίνα
1574 1751 1624 1773 τῶν
1653 1748 1776 1775 ἀπάντων
1806 1748 1848 1774 οὐκ
1870 1745 1911 1772 ἔδει

1135 1786 1222 1819 ξιοῦτο
1250 1789 1438 1824 Θεσσαλονίκη,
1469 1790 1497 1816 ἐκ
1523 1791 1663 1822 Βυζαντίου
1696 1793 1712 1823 ἧ
1743 1793 1766 1824 ἐς
1794 1793 1911 1822 Βυζάντιον

1134 1832 1149 1861 ἦ
1183 1831 1350 1862 ὁπουδήποτε
1376 1833 1574 1871 παροδεύοντα;
1602 1837 1654 1863 Οἷα
1687 1838 1740 1876 γάρ
1769 1847 1806 1868 τις
1830 1833 1911 1872 καρδία

1134 1880 1180 1907 τῆς
1201 1876 1346 1914 Ῥωμαῖκῆς
1369 1877 1455 1915 ἀρχῆς
1483 1882 1529 1909 τὴν
1559 1883 1642 1917 μέσην
1670 1882 1754 1913 αὐτῆς
1782 1882 1854 1918 ἔλαχε
1866 1883 1909 1915 χώ-

1134 1930 1191 1958 ραν,
1207 1924 1252 1948 καὶ
1270 1932 1338 1949 πασι
1361 1925 1446 1949 κοινὸν
1466 1923 1561 1960 ἀγαθὸν
1582 1925 1691 1957 ἐξέκειτο
1707 1936 1714 1942 ·
1737 1929 1781 1953 καὶ
1803 1930 1831 1962 τῇ
1852 1928 1910 1951 Κων-

1136 1969 1283 2001 σταντίνου,
1299 1968 1350 1994 ὅσα
1374 1968 1469 2006 κεφαλῇ
1499 1972 1543 1996 καὶ
1563 1970 1634 1997 πόλει
1659 1975 1704 1998 τοῦ
1729 1973 1842 2010 κράτους,
1862 1970 1909 2004 ὕψι·

1135 2011 1262 2045 ζάνουσα,
1291 2017 1342 2038 τῶν
1370 2012 1465 2040 λοιπῶν
1496 2013 1598 2050 ἀγαθῶν
1623 2017 1793 2052 ἠμφισϐήτει.
1820 2015 1854 2041 Οὖ
1870 2015 1909 2048 γὰρ

1130 2055 1204 2082 πλέον
1233 2066 1259 2083 τι
1280 2056 1362 2094 λέγειν
1390 2059 1405 2087 ἠ
1431 2061 1490 2096 περὶ
1517 2062 1564 2089 την
1580 2059 1774 2097 βασιλεύουσαν
1792 2058 1866 2088 αἰδὼς
1878 2056 1910 2083 δί’

1091 2108 1113 2135 D
1134 2098 1226 2126 ὃωσιν.
1243 2100 1301 2127 Ἐπὶ
1325 2107 1397 2139 κοινῇ
1422 2107 1496 2139 γοῦν,
1521 2105 1554 2135 ὡς
1573 2106 1646 2142 ἔφην,
1665 2107 1776 2143 μάστιγι
1791 2106 1818 2131 τὸ
1841 2103 1908 2130 κοινὸν

1130 2144 1195 2171 ἑάλω
1215 2147 1390 2182 παραμύθιον.
1407 2148 1437 2174 Ei
1460 2146 1490 2175 δὲ
1515 2149 1590 2176 πλέον
1617 2150 1706 2185 αὐτὸς,
1736 2151 1857 2187 ἁγιώτατε
1872 2148 1907 2172 καὶ

1130 2193 1261 2226 σοφώτατε
1281 2189 1406 2224 δέσποτα,
1421 2196 1467 2223 τῆς
1485 2196 1593 2231 πικρίας
1606 2194 1714 2230 ἕγιὺσω,
1740 2196 1822 2221 καινὸν
1837 2190 1905 2218 οὐδέν.

252 2231 322 2258 Φιλεί
354 2232 405 2267 γὰρ
429 2232 458 2257 τὸ
481 2234 554 2257 Οεῐον
579 2232 625 2262 τὰς
647 2229 771 2267 δυνάμεις
790 2235 901 2268 μετρεῖν,
922 2234 966 2258 καὶ
991 2236 1049 2263 ταῖς
1070 2230 1211 2269 δυνάμεσιν
1236 2234 1340 2271 ἐπάγειν
1363 2238 1392 2263 τὸ
1417 2236 1498 2275 βάρος
1525 2229 1573 2270 τῆς
1599 2229 1688 2276 πείρας
1722 2240 1846 2275 ἀνάλογον.
1869 2235 1906 2262 Καὶ

251 2277 338 2313 ὧσπερ
358 2277 401 2302 τὸν
430 2275 544 2312 μαλακὸν
559 2278 604 2301 καὶ
620 2274 673 2302 οἷον
687 2274 770 2312 μηδὲν
795 2278 877 2313 φέρειν
894 2275 956 2303 οὐδὲ
975 2278 1022 2306 τὴν
1038 2276 1125 2314 ἀρχὴν
1143 2279 1255 2308 καθῆκεν
1271 2280 1305 2311 εἰς
1321 2279 1396 2307 οὐδὲν
1413 2274 1551 2320 δυσχερὲς,
1578 2284 1620 2310 ἵνα
1642 2274 1709 2322 πρὸς
1736 2289 1769 2320 τῷ
1794 2279 1867 2319 μηδέν
1886 2287 1905 2303 τι

250 2319 376 2358 κερδᾶναι
388 2322 433 2347 καὶ⁵
447 2324 478 2357 τῇ
489 2320 556 2357 λύπῃ
571 2322 719 2357 καταποθῇ,
736 2321 802 2347 οὕτω
823 2325 858 2356 τῷ
871 2324 978 2358 γενναίῳ
993 2323 1060 2348 κατὰ
1083 2324 1112 2348 σε
1126 2325 1171 2349 καὶ
1188 2325 1232 2353 τὴν
1247 2328 1338 2362 πεῖραν
1351 2329 1401 2351 τῶν
1416 2325 1566 2356 ἀϐουλήτων
1581 2330 1625 2355 καὶ
1651 2319 1713 2358 πάλην
1726 2329 1859 2360 ποιονωὲνῳ
1872 2322 1904 2349 εν-

253 2363 421 2402 δοκιμὴσεως
436 2366 588 2403 θερμοτέραν
602 2368 650 2395 τὴν
669 2375 740 2403 παρα
758 2370 808 2391 τῶν
819 2364 944 2392 κινδύνων
956 2366 1078 2402 ἐπήνεγκε
1093 2369 1222 2404 πύρωσιν·
1243 2369 1426 2406 Ἀπειρὸκαλον
1442 2369 1485 2397 οὖν
1505 2370 1600 2407 τοιῷδε
1619 2371 1696 2411 ἀνδρὶ
1712 2368 1903 2411 παραμυθητικόν

251 2409 423 2446 ὶπιστιλλιιν,
439 2410 466 2437 ὃν
475 2411 568 2448 ἔχομεν
585 2410 659 2438 αὐτοί
669 2411 758 2442 πάσης
775 2410 926 2447 φιλοσοφίας
939 2409 1112 2448 διδάσκαλον,
1130 2412 1169 2439 ἀεὶ
1180 2413 1367 2450 φυλαττόμενον
1382 2416 1454 2452 ποιρὰ
1469 2420 1536 2443 Θεοῦ
1544 2409 1726 2455 πολυχρόνιον.
