1948 3079
61 114 99 145 ³49
582 114 739 156 ΜΟΝΟΙΠᾼ
756 115 791 148 1N
806 115 827 145 E

582 114 739 156 ΜΟΝΟΠΙᾼ
756 115 791 148 IN
806 115 1026 155 EUSTATHIUM
1044 115 1209 150 THESSAL.

1680 124 1733 151 350

59 178 93 201 τοῦ
116 175 266 210 γυπομένου,
291 176 340 201 καὶ
359 176 394 206 ὡς
413 175 507 212 βαρεῖά
534 185 575 207 τις
604 175 739 207 ἀντίζηλος
769 174 828 202 δεινι

959 185 981 204 ΙΙ
995 177 1053 213 ipsi
1068 185 1199 214 sponsus
1213 186 1291 214 eras,
1307 182 1335 209 et
1351 189 1429 218 tegre
1443 189 1566 218 prorsus
1582 184 1696 220 ferebat
1706 185 1728 213 si

57 220 216 254 ξγησαμένη,
247 218 272 245 εἰ
304 217 411 246 τοιοῦδε
447 222 558 256 νυμφίου
586 220 661 258 ἑτέρᾳ
692 223 856 259 παραχωρή-

60 274 108 296 σειε,
134 265 247 301 χηρεύει
283 274 315 290 τε
342 269 512 302 παραχρῆμα
537 266 623 303 ὥσπερ
648 263 780 297 ἐπίτηδες,
811 268 856 291 καὶ

57 308 170 344 μεθελκειν
195 311 329 345 πειρᾶται
355 311 421 345 πρός
449 309 553 339 ἑαυτήν.
591 312 664 339 Δεινὴ
695 307 725 336 δέ
744 319 784 340 τις
803 310 856 346 οἰρα

59 354 174 389 in;me
206 356 268 378 ταῖν
293 352 463 382 Ἐκκλησὶαιν
488 353 644 392 ἀμφοτέραιν
661 365 668 371 ν
702 353 797 380 ταύτὸν
826 348 855 380 δ’ἓ

59 397 132 427 εἰπεῖν,
160 397 243 423 Ἀσία
271 400 322 424 καὶ
356 398 467 433 Εὐρώπη
497 398 647 436 άνέρρωγεν.
677 397 706 424 Ἦ
735 399 779 434 μὲν
804 399 853 435 γὰρ

59 443 86 471 ὧς
107 439 156 470 ἤδη
182 446 346 479 μνηστῆρος
367 441 449 479 empti
461 445 610 479 περιείχετο
633 452 691 477 σου,
717 444 762 469 καὶ
782 441 855 469 δεινὰ

58 487 156 521 πάσχειν
171 488 249 521 ᾤετο,
283 487 358 522 εἴπερ
385 486 544 523 ἐγγυηθείσά
565 497 618 520 σοι,
643 486 726 517 ἄλλως
752 484 782 513 δὲ
809 488 854 512 καὶ

58 531 224 566 ὑπερκειμένη,
266 533 317 556 καὶ
345 532 434 562 πάσας
463 532 509 562 τὰς
541 530 584 567 ἀφ’
617 530 691 560 ἡλίου
718 528 852 556 ’ἀνατολῶν

58 572 78 599 τ)
94 576 225 609 γεγονυίας
250 575 437 612 ὑπεραίρουσα
459 577 568 612 προσέτι
595 573 625 601 δὲ
648 576 693 600 καὶ
719 579 852 611 πατρικῶν

57 620 128 653 μύρων
155 618 305 648 ὰπόζουσα
330 617 418 654 ἣδιον,
445 619 501 646 εἶτα
528 619 777 656 παραγκωνισθεῖσα
801 628 852 644 κα-

55 662 91 687 λοῦ
114 667 263 700 μνηστῆρος
297 661 492 700 διαζυγήσεται
508 673 515 679 ·
538 665 553 693 ἡ
589 662 615 690 δ’
640 661 672 689 αὖ
691 662 778 696 πάλιν²
807 663 852 689 ἁτε

55 709 108 742 μετὰ
121 710 165 736 τὴν
180 706 324 743 βασιλίδα
337 707 411 734 πόλιν
430 712 519 746 πρώτη
546 707 678 745 δυο-μάθεν
700 707 852 742 ἀνίσχουσα

56 749 242 788 πανευδαίμων,
289 755 339 778 καὶ
383 751 537 790 ὃσφραδίοις
576 756 747 790 μαρτυρικοίς
778 751 851 787 ἰιντι-

910 230 1022 258 sponsa
1044 225 1074 250 ut
1092 222 1197 257 fuerat,
1225 232 1260 252 ac
1279 229 1424 262 praeterea
1444 227 1518 255 coelo
1539 228 1672 256 orientali
1696 237 1731 257 ac

910 267 1034 301 myrrha
1048 267 1208 296 vernacula
1224 270 1362 303 gaudens
1384 270 1468 299 alteri
1490 274 1731 308 postponeretur.

908 310 1015 343 Altera,
1028 311 1193 339 secundum
1212 313 1316 342 urbem
1337 315 1523 352 imperialem
1540 316 1637 352 prima
1657 316 1732 344 inter

909 354 1042 382 civitates
1064 355 1230 384 Occidentis
1245 360 1274 385 et
1290 359 1423 394 pretioso
1443 363 1610 396 martyrum
1627 369 1731 389 cruore

908 398 1077 427 madefacta
1102 402 1129 427 te
1148 401 1269 440 privari,
1293 402 1343 430 tali
1363 405 1506 440 tantoque
1523 404 1587 433 viro
1605 404 1731 433 moleste

906 441 1030 470 ferebat.
1055 444 1150 476 Quare
1175 445 1249 473 nihil
1270 446 1415 476 intactum
1439 455 1494 476 nec
1519 448 1647 476 dicendo
1676 457 1731 476 nec

906 487 1024 521 agendo
1043 487 1161 524 reliquit
1173 489 1270 517 donec
1285 493 1335 518 tua
1349 490 1432 520 ﬁeret
1451 500 1572 528 sponsa.
1586 493 1730 529 Equidem

906 534 1094 567 compertum
1116 533 1214 561 habeo
1242 542 1400 571 nunquam
1421 535 1483 564 fore
1503 539 1535 564 ut
1549 537 1664 565 meliori
1679 537 1729 565 ad-

904 574 1062 610 jungatur;
1089 585 1247 614 nunquam
1263 580 1341 607 enim
1367 584 1438 608 aetas
1450 581 1550 609 futura
1564 582 1662 610 virum
1677 581 1729 610 tibi

907 619 1033 647 similem
1049 620 1131 648 feret.
1151 623 1183 650 Ut
1203 623 1283 651 enim
1299 624 1370 652 olim
1389 625 1593 662 Philopmmen
1607 626 1730 654 ultimus

906 664 1017 692 ducum
1034 666 1203 694 Graecorum
1219 668 1346 703 insignis
1366 669 1431 703 fuit,
1444 670 1484 697 sic
1500 672 1528 698 te
1549 670 1685 698 ultimum
1698 671 1729 698 in

905 707 1017 735 Christo
1030 709 1191 738 antistitem
1204 713 1321 748 tempus
1337 712 1418 741 ferax
1434 722 1533 741 rerum
1550 715 1688 751 edaxque
1698 714 1730 742 in

905 752 1002 780 lucem
1019 754 1121 782 edidit.

57 798 154 821 πνέουσα
179 796 228 822 οὐκ
259 796 414 833 ἀνασχετόν
445 798 533 833 ἠγεῖτο
558 797 807 835 παρευημερηθῆναι
844 798 889 822 καὶ
928 795 1109 833 ἀποσφαλῆναι
1136 798 1240 826 τοιοῦδε
1280 803 1325 827 καὶ
1357 802 1439 833 οὕτως
1474 802 1602 840 ἐρασμίου
1638 803 1728 830 καλοῦ.

58 842 142 866 Οὔκουν
158 840 238 870 ἀνῆκε
248 841 372 877 λέγουσα
386 844 472 868 πάντα
490 844 535 868 καὶ
547 843 710 879 πράττουσα⁷
723 840 770 870 ἕως
783 844 819 876 τῷ
833 840 903 875 καλῷ
917 850 958 866 σοι
968 845 1078 878 νυμφίῳ,
1095 846 1139 869 καὶ
1150 845 1194 880 οἵῳ
1205 843 1308 871 οὐδέπω
1320 848 1454 883 πρότερον,
1480 846 1608 884 ἡρμοστο,
1624 848 1697 884 οἶμαι
1719 868 1725 874 .

58 884 136 919 μᾶλλον
163 883 194 911 δὲ
221 884 290 912 οἶδα
318 891 417 922 σαφῶς,
442 887 475 916 ὡς
494 884 551 912 οὐδ’
577 886 684 916 ἐσαῦθις
709 884 908 922 ἁρμοσθήσεται
937 895 1009 919 ποτε,
1038 887 1078 912 ὅτι
1106 886 1170 923 μηδ’
1196 889 1209 914 ὀ
1235 889 1354 926 ἐσόμενος
1378 893 1486 928 χρόνος,
1514 891 1567 922 οἷός
1588 901 1614 917 τε
1642 892 1728 917 ἔσεται

60 932 126 964 φῦσαι
136 928 276 967 ἀνθρώπου
292 929 398 957 τοιόνδε
411 935 516 968 χρῆμα,
532 931 620 957 ὁποῖον
640 932 669 956 σε
679 929 822 956 τελευταῖον
835 932 884 954 τῶν
895 930 961 955 κατὰ
976 933 1090 962 Χριστὸν
1103 931 1245 970 ἀρχιερέων
1262 938 1346 969 σοφῶν
1374 936 1405 964 ὡς
1421 935 1445 961 ἐν
1457 937 1527 973 γήρᾳ
1544 938 1588 961 καὶ
1605 935 1726 971 ὀψίγονον

59 973 125 998 ἔτεκεν
150 974 163 999 ὁ
196 976 289 1001 πάντα
315 979 409 1011 γεννῶν
433 977 478 1001 καὶ
513 976 621 1011 φθείρων
638 983 645 990 ⁸

60 1016 222 1054 θιλοποίμενα.
319 1016 325 1020 ”

673 975 705 1004 ὡς
736 975 782 999 καὶ
810 976 860 998 τῶν
888 972 1039 1002 Ἑλληνικῶν
1069 981 1220 1014 στρατηγῶν
1242 978 1352 1004 ὕστατον
1377 980 1464 1016 εἳρηκέ
1486 972 1525 1009 τις
1544 981 1587 1005 τὸν
1615 979 1727 1015 ἀρχαῖον

85 1062 124 1092 Τίς
149 1063 209 1099 γάρ,
245 1064 306 1095 οἷος
329 1066 373 1098 σὺ,
402 1068 448 1091 τοῦ
470 1064 561 1090 λοιποῦ
586 1063 689 1100 ὑψηλὸς
710 1065 754 1089 τὸν
779 1062 847 1099 βίον,

958 1063 1016 1095 )uis
1031 1065 1110 1092 enim
1137 1065 1212 1093 alius
1233 1068 1340 1102 praeter
1360 1069 1387 1095 te
1411 1070 1550 1096 nascetur
1570 1076 1639 1106 cum
1662 1067 1727 1104 pari

61 1107 93 1130 τὸν
120 1105 194 1141 λόγου
228 1111 375 1145 μετέωρος,
407 1111 453 1138 τὴν
483 1109 623 1146 ἱερωσύνην
654 1109 778 1144 αἰθέριος,
805 1111 851 1134 καὶ

60 1150 86 1180 ὡς
106 1149 145 1176 ἀπ’
161 1151 242 1178 αὐτοῦ
258 1157 310 1178 τοῦ
329 1153 419 1190 θρόνου
447 1157 565 1191 Χριστοῦ
591 1154 748 1190 θεμιστεύων
774 1153 850 1179 civ-rt—

60 1204 118 1229 ιρνς,
141 1197 203 1222 εῖπω
229 1195 316 1230 δ’ἆν,
339 1200 384 1224 καὶ
412 1199 446 1229 ὡς
468 1197 507 1224 ἐπ’
533 1198 614 1228 αὐτῆς
638 1203 685 1229 τῆς
710 1197 851 1234 ἀκρωρείας

59 1242 96 1263 τοῦ
116 1243 172 1266 Σινᾶ
203 1241 389 1277 χρηματίζων
415 1242 591 1279 λογιζόμενος,
622 1243 692 1273 ὅπως
722 1241 784 1278 βίου
804 1244 850 1278 μὲν

61 1286 96 1308 τοῦ
113 1286 174 1310 κατὰ
201 1287 231 1312 σὲ
251 1285 388 1322 προϐῆναι
406 1291 530 1324 περιωτῇ,
553 1288 567 1317 ἦ
593 1287 631 1314 ἐπ’
653 1287 731 1313 αὐτὸν
759 1286 850 1313 ἐλάσαι

62 1328 95 1352 τὸν
121 1327 223 1367 βατῆρα
256 1335 308 1357 τοῦ
330 1330 417 1367 λόγου,
437 1330 496 1358 οὐδ’
525 1332 556 1357 ἂν
589 1332 624 1359 ἑνὶ
645 1336 695 1358 τῶν
729 1332 849 1358 ἁπάντων

63 1371 192 1406 enim”;
226 1375 306 1402 Εῖσω
332 1374 362 1402 δὲ
386 1374 463 1402 δῦναι
494 1377 599 1412 νεφέλης
628 1381 676 1402 τῶν
705 1377 777 1412 παρά
807 1378 849 1401 σοὶ

64 1418 189 1451 πημάτων,
217 1422 263 1446 καὶ
280 1419 394 1456 λογικῶν
409 1420 522 1447 ἀκοῦσαι
537 1419 664 1457 μεθόδων,
689 1419 751 1447 οὐδὲ
772 1424 849 1446 τοῦτο

65 1465 253 1497 προστυχόντος,
276 1465 320 1490 ὅτι
336 1467 371 1501 μὴ
397 1469 540 1492 Μωσαῐκοῦ
558 1476 626 1496 τινος
650 1463 682 1494 ἧν
702 1463 814 1502 ἀνδρός’
836 1465 849 1490 ὁ

66 1502 122 1540 δέγι
135 1508 279 1544 σύμμικτος
302 1511 349 1535 καὶ
372 1510 451 1541 πολὺς
470 1511 540 1536 κάτω
566 1519 616 1536 που
636 1512 695 1546 περὶ
718 1511 749 1535 τὰ
768 1511 851 1547 κράσ-

66 1547 120 1574 πεδα
144 1555 188 1577 τοῦ
217 1555 300 1589 ὄρους
333 1555 460 1588 εἱστήκει,
504 1556 586 1590 μήνης
623 1557 671 1584 τῆς
711 1554 849 1584 θεσπεσίας

66 1593 135 1628 ἠχοῦς
159 1595 306 1631 ἆῚαπητῶς
331 1597 500 1635 ἀκροώμενος.
530 1598 627 1625 Πολλοῦ
649 1608 678 1634 γε
701 1598 796 1634 μᾶλλον
819 1596 849 1624 δὲ

65 1642 100 1662 τηὺ
115 1642 202 1671 παντὸς
225 1640 281 1668 ἔδει
318 1645 366 1671 τὴν
391 1645 440 1672 σὴν
462 1644 638 1680 καταθαρσείν
669 1642 779 1674 ἔντευξιν
801 1643 848 1671 θη-

64 1684 108 1716 ρίον
132 1685 276 1721 ὁτιποτοῡν,
311 1687 345 1717 ὼς
370 1686 445 1722 ἐγγὺς
477 1689 598 1723 γενέσθαι
624 1689 659 1724 μὴ
689 1689 754 1723 μετά
787 1697 848 1724 7’9“

905 1114 1024 1136 morum
1033 1109 1186 1145 dignitate,
1195 1110 1308 1139 fulmen
1321 1111 1507 1148 eloquentia,
1519 1114 1629 1148 orator,
1634 1111 1728 1147 judex

905 1154 1037 1185 sanctus,
1053 1155 1085 1181 ut
1095 1156 1136 1181 ita
1150 1154 1261 1190 dicam,
1279 1156 1366 1192 quasi
1381 1164 1396 1183 e
1408 1156 1513 1184 Christi
1532 1157 1649 1192 throno,
1668 1157 1699 1183 ut
1713 1164 1728 1184 e

906 1203 1025 1224 summo
1040 1197 1119 1226 Sinai
1133 1198 1256 1227 oracula
1268 1199 1421 1228 reddens?
1432 1201 1502 1233 Quis
1517 1203 1542 1229 te
1557 1200 1625 1229 vitae
1642 1207 1727 1228 sanc—

904 1239 996 1274 titate,
1009 1241 1076 1277 quis
1089 1242 1265 1279 eloquentiae
1287 1244 1316 1271 vi
1340 1252 1476 1281 unquam
1492 1245 1652 1284 aequabit?
1672 1245 1727 1273 Co-

905 1284 1082 1318 gitationum
1098 1295 1188 1323 porro
1214 1290 1335 1316 tuarum
1369 1297 1491 1317 cursum
1516 1290 1612 1326 sequi,
1631 1291 1658 1317 te
1677 1289 1729 1317 do—

906 1331 1021 1357 centem
1049 1331 1152 1359 audire
1171 1333 1276 1368 paucis
1302 1333 1470 1362 admodum
1490 1333 1629 1368 dabatur,
1651 1341 1729 1370 quas

904 1373 949 1401 vel
964 1374 1001 1401 ad
1017 1376 1125 1403 montis
1146 1376 1263 1404 radices
1275 1377 1357 1405 vocis
1368 1377 1474 1406 divinae
1490 1386 1599 1406 sonum
1624 1377 1728 1406 audire

902 1417 1037 1452 juvabat.
1058 1419 1122 1452 Quo
1142 1421 1239 1454 magis
1261 1420 1350 1456 igitur
1365 1423 1391 1449 te
1403 1424 1550 1458 praesente
1565 1430 1655 1450 nemo
1667 1429 1729 1449 non

903 1459 1116 1495 delectabatur,
1132 1464 1155 1491 si
1170 1464 1245 1492 forte
1256 1465 1370 1493 animal
1385 1474 1479 1502 rapax
1488 1466 1729 1502 apparebat,sive

903 1505 950 1533 leo
965 1506 1144 1535 tributorum
1160 1512 1280 1536 exactor
1293 1509 1435 1537 intestina
1450 1512 1553 1538 nostra
1573 1510 1729 1538 devoratu-

903 1558 963 1585 rus,
985 1550 1046 1578 sive
1068 1552 1215 1587 panthera
1230 1553 1391 1588 maculata,
1412 1553 1442 1580 id
1458 1556 1502 1581 est
1523 1554 1654 1590 dynasta
1676 1553 1716 1581 do

903 1595 1056 1629 mesticus,
1075 1595 1136 1623 sive
1154 1596 1244 1631 lupus
1259 1597 1357 1632 gregis
1372 1592 1512 1625 inimicus
1528 1601 1556 1625 et
1570 1597 1728 1625 insidiator

902 1640 1090 1675 processerit.
1099 1640 1130 1668 Hi
1142 1648 1247 1668 omnes
1261 1642 1340 1669 enim
1355 1644 1382 1669 te
1393 1645 1538 1678 praesente
1551 1641 1727 1669 abscondito

903 1683 1108 1712 consistebant
1120 1685 1196 1716 loco.
1213 1693 1250 1712 ne
1265 1685 1365 1713 verbis
1378 1685 1435 1714 tuis
1450 1686 1538 1722 quasi
1553 1686 1727 1714 tolidemla-

63 1731 153 1756 κηςκαὶ
177 1728 313 1765 δείματος,
349 1733 398 1757 εἴτε
421 1742 460 1762 τις
483 1732 650 1768 φορολογικὸς
674 1730 704 1760 ἧν
727 1731 788 1758 λέων
803 1741 832 1757 κα

957 1727 1022 1756 ibus
1043 1731 1244 1763 tangerentur.
1263 1729 1338 1762 Quid
1357 1730 1467 1757 mirum
1479 1729 1492 1756 ἲ
1516 1730 1663 1766 siquidem
1690 1738 1726 1758 ne

66 1771 145 1804 ἔγκατα
173 1775 259 1801 πάντα
297 1775 450 1811 λαφύσσων,
480 1779 529 1802 εἴτε
572 1775 703 1806 δυνάστης
737 1774 847 1807 ἔνδαπὸς

66 1817 152 1852 ποικίλῃ
171 1822 285 1855 πονηρία
317 1822 418 1850 στικτός
445 1821 505 1847 ὡσεὶ
528 1819 671 1857 πάρδαλις,
702 1822 749 1846 εἶτε
770 1820 848 1851 λύκος

67 1858 138 1894 ἅρπαξ
169 1867 202 1897 τῷ
239 1866 358 1900 ποιμνίῶ
399 1863 531 1900 ἐμπίπτων
570 1867 614 1890 καὶ
652 1864 845 1901 λυμαινόμενος.

69 1905 182 1939 Πεῖροϐητο
197 1910 248 1945 γὰρ
279 1909 350 1934 ἅπαν
369 1913 472 1935 τοιοῦτο
500 1911 545 1935 καὶ
574 1911 727 1946 περιίστατο
752 1908 847 1944 φυλατ-

68 1950 164 1984 τόμενον,
183 1955 218 1987 μή
244 1957 301 1983 τοῖς
326 1957 380 1982 σοῖς
405 1953 490 1988 λόγοις
516 1955 548 1983 ὡς
573 1953 653 1983 λίθοις
682 1952 846 1988 βεϐλήσεται.

70 1994 144 2020 Καίτοι
157 2005 181 2021 τι
207 2000 286 2023 τοῦτο
307 1998 340 2027 ὥς
367 2007 394 2023 τι
421 1998 570 2033 θαυμαστὸν
597 1999 709 2034 εἴρηται,
738 1998 778 2023 ὅτε
804 1999 849 2022 καὶ

70 2035 204 2070 βασιλεῦσιν
227 2043 321 2072 αὐτοῖς
346 2041 393 2067 οὐκ
413 2041 541 2068 ἀσπουδεὶ
569 2046 654 2078 παρῆν
681 2041 848 2076 ἐντυγχάνειν

70 2089 111 2113 σοι,
124 2086 163 2110 καὶ
184 2087 218 2116 ὡς
241 2089 300 2117 τοῖς
326 2085 422 2116 ἄλλοις.
443 2085 471 2111 ἕκ
490 2090 535 2112 τοῦ
555 2086 722 2122 ὑπέρφρονος,
745 2087 791 2111 σὺν
806 2087 847 2111 αι-

69 2122 104 2150 ’ῗεῖ
119 2125 144 2153 δί
161 2128 254 2163 μᾶλλον
280 2132 326 2156 καὶ
351 2130 492 2166 tinos-religi,
526 2130 616 2156 ὁποίαν
644 2133 719 2166 σχῖεν
745 2130 775 2156 οἶν
803 2132 848 2156 καὶ

69 2170 166 2202 μαθηταὶ
185 2175 248 2209 πρὸς
269 2172 451 2207 διδάσκαλονς
478 2174 568 2210 ’Λγιον
595 2175 639 2210 μὶν
661 2174 706 2200 οὖν
732 2175 776 2199 καὶ
800 2183 847 2210 φο·-

69 2211 126 2248 6395!
140 2214 281 2252 ἀνυμνοῡσι
302 2220 331 2244 τὸ
351 2220 432 2254 ὄνομα
454 2222 520 2245 Θεοῦ
547 2220 571 2244 οἱ
596 2218 707 2254 ψαλμοὶ,
723 2220 767 2244 καὶ
783 2219 847 2244 Θεὸν

69 2257 131 2283 αὑτὸν
156 2261 183 2286 οὐ
211 2264 289 2297 μόνον
318 2273 378 2298 φως,
413 2262 477 2289 ἀλλὰ
506 2264 550 2288 καὶ
582 2267 634 2299 πῦρ
657 2263 846 2288 καταναλίσκον

68 2299 169 2344 ξδουσι·
196 2309 242 2332 καὶ
268 2307 462 2343 πολυόφθαλμοι
487 2309 613 2344 Σεραφεὶμ
639 2306 768 2343 βλέπουσι
801 2308 846 2342 μὲν

69 2342 189 2379 διαπαντός
210 2352 304 2377 τούτου
336 2353 365 2377 τὸ
409 2353 548 2387 πρόσωπον
576 2362 582 2368 ’
612 2351 658 2377 οὐκ
686 2351 845 2386 ἀτενέστιρον

69 2386 91 2414 δε
113 2394 335 2431 κατιμϐὶέπουσιν,
359 2397 419 2422 οὔτε
450 2395 507 2422 ὅλον
529 2398 573 2421 καὶ
601 2396 667 2426 ὅλοις
696 2395 844 2422 ἀναπεπτα-

68 2436 136 2467 μὲιοις
156 2441 197 2464 καὶ
224 2441 347 2476 ὄμμασιν,
372 2441 414 2476 ὑφ’
441 2441 501 2467 ὅσον
527 2442 555 2466 αἱ
581 2443 714 2476 πτέρυγες,
745 2441 839 2470 αἰτινές

67 2482 116 2505 ποτε
129 2481 186 2508 εἰσιν
201 2485 228 2510 αἰ
247 2487 372 2522 πτέρυγες
390 2483 478 2517 αὗται,
505 2485 722 2521 παρισταλμένοις
749 2483 779 2511 δὲ
792 2495 840 2511 πα-

68 2528 156 2558 ρορῶσι,
180 2530 224 2554 καὶ
250 2531 452 2566 παρανοίγουσι.
486 2532 535 2556 Καὶ
563 2530 634 2560 ἣλιος
670 2527 699 2556 δὲ
726 2529 798 2559 οὗτος
824 2530 837 2554 ὁ

68 2566 182 2602 αἰσθητὸς,
205 2571 242 2602 οἷς
261 2582 305 2608 μιν
326 2573 432 2610 ἀπόχρη
453 2576 535 2610 μόνων
559 2573 696 2600 ἀπολαύειν
717 2572 836 2606 ἀκτίνων,

69 2610 158 2646 ilco-.0;
184 2618 296 2655 ἀστέρων
322 2621 366 2644 καὶ
385 2618 437 2645 οἶον
464 2619 603 2655 ὀφθαλμοῖς
629 2618 699 2645 ἐστιν
731 2618 813 2654 ὅψεως
830 2628 836 2635 ·

69 2656 85 2679 εἶ
99 2666 131 2688 τις
152 2658 180 2686 δι
207 2660 387 2700 ἀναιδέστερον
411 2663 569 2690 ἀντιϐλέπειν
584 2663 650 2700 αὐτῇ
673 2667 704 2700 τῇ
735 2665 838 2699 πηγαίᾳ

69 2703 106 2724 τῶν
130 2701 227 2731 ἀκτίνων
257 2709 353 2743 σφαίρᾳ
381 2707 576 2743 φιλονιικήσειε,
611 2708 702 2734 θᾶττον
731 2707 761 2732 ἂν
789 2707 837 2742 ὑφ-

71 2742 109 2773 ii“
131 2744 201 2777 δίκην
227 2754 275 2782 τῆς
303 2742 467 2788 ἀσυμμέτρου
499 2755 556 2790 ταῖς
577 2754 668 2789 κόραις
695 2751 836 2788 ἀντοφθαλ-

901 1780 986 1807 reges
1002 1773 1126 1809 quidem
1140 1773 1197 1809 ipsi
1211 1777 1237 1801 te
1257 1783 1360 1802 coram
1375 1775 1502 1802 immoto
1514 1775 1728 1811 vultumquave

902 1820 1002 1845 mente
1011 1818 1144 1853 aspicere
1158 1819 1372 1850 sustinuerunt,
1386 1819 1455 1851 imo,
1467 1822 1498 1847 ut
1509 1819 1634 1851 alumni,
1649 1819 1728 1847 dicto

903 1861 1058 1890 audientes
1071 1865 1099 1890 et
1112 1863 1265 1891 modestos
1277 1871 1309 1891 se
1325 1863 1478 1898 gerebant.
1500 1863 1606 1891 Psalmi
1617 1871 1728 1891 nomen

903 1906 953 1933 Dei
969 1909 1001 1933 ut
1023 1910 1174 1938 sanctum.
1198 1910 1230 1935 ut
1244 1908 1357 1940 lumen,
1382 1908 1443 1935 imo
1472 1911 1505 1935 ut
1523 1908 1623 1942 ignem
1639 1907 1728 1935 devo-

901 1953 1017 1978 rantem
1024 1951 1200 1986 prredicant.
1216 1952 1370 1988 Seraphim
1378 1952 1532 1988 multoculi
1541 1952 1654 1979 vultum
1664 1952 1688 1987 ej
1694 1960 1728 1979 us

902 2003 963 2022 non
983 1994 1103 2027 directe,
1124 1995 1175 2022 sed
1190 2003 1224 2022 ex
1243 1996 1368 2031 obliquo
1381 1999 1410 2024 et
1428 1996 1523 2024 oculis
1542 1995 1728 2031 semiapertis

902 2042 1091 2073 contuentur,
1109 2043 1137 2068 et
1155 2048 1263 2076 parum
1294 2040 1358 2068 alas
1383 2049 1454 2068 suas
1480 2040 1640 2077 explicant.
1660 2039 1727 2067 Pari

902 2083 994 2112 modo
1010 2084 1054 2112 sol
1064 2083 1112 2111 hic
1127 2084 1252 2112 visibilis
1264 2084 1299 2112 iis
1316 2087 1433 2113 tantum
1448 2088 1562 2112 astrum
1573 2083 1727 2119 jucundis-

902 2129 1012 2156 simum
1029 2128 1145 2164 eritqui
1160 2129 1254 2156 radiis
1270 2129 1336 2164 ejus
1348 2129 1479 2156 fruentes
1493 2128 1623 2157 contenti
1648 2129 1725 2155 sunt.

902 2174 955 2206 Qui
972 2175 1073 2200 autem
1084 2173 1172 2200 rectis
1186 2173 1260 2200 illud
1285 2173 1380 2200 oculis
1394 2174 1501 2201 intueri
1517 2181 1611 2201 ausus
1630 2172 1727 2206 fuerit,

900 2217 983 2245 haud
998 2217 1122 2252 impune
1137 2219 1165 2244 et
1179 2225 1245 2244 cum
1260 2217 1392 2245 maxime
1405 2217 1485 2244 visus
1498 2217 1677 2244 detrimento
1687 2216 1728 2244 fe—

901 2262 981 2289 cerit.
998 2262 1042 2289 Sic
1060 2261 1110 2289 tibi
1126 2269 1247 2297 quoque
1269 2269 1358 2289 nemo
1373 2262 1429 2289 nisi
1446 2261 1536 2297 plane
1551 2261 1728 2298 imprudens

901 2310 929 2334 et
940 2307 1124 2339 temerarius,
1138 2305 1192 2334 tibi
1199 2306 1251 2342 qui
1260 2306 1353 2334 solem
1362 2305 1499 2334 divinum
1507 2306 1619 2339 reddis,
1627 2305 1728 2333 inania

899 2345 1027 2387 loquens
1042 2353 1094 2378 aut
1106 2351 1274 2385 incongrua
1289 2350 1402 2378 faciens
1419 2351 1726 2387 appropinquaverit:

860 2405 882 2432 D
901 2395 1013 2432 quicun
1027 2403 1075 2431 lue
1088 2394 1167 2423 enim
1182 2389 1237 2423 abs
1250 2398 1277 2423 te
1290 2395 1656 2431 reprehendebaturidem
1666 2394 1728 2431 pati

895 2440 1118 2477 putabatquam
1127 2439 1150 2466 si
1159 2442 1239 2467 terra
1246 2442 1314 2467 ante
1324 2440 1415 2475 pedes
1421 2440 1613 2468 dehisceret.‘t
1622 2447 1641 2466 u
1647 2439 1727 2466 enim

894 2483 925 2513 in
943 2483 1097 2512 tradendis
1116 2485 1267 2512 Musarum
1282 2484 1397 2512 artibus
1416 2492 1486 2512 vera
1506 2487 1533 2511 et
1552 2482 1688 2511 doctrina
1699 2483 1727 2509 et

893 2529 1053 2565 disciplina
1066 2527 1211 2562 utebaris,
1236 2528 1321 2557 aliter
1333 2537 1367 2556 ac
1380 2529 1433 2557 ille
1448 2529 1496 2556 vir
1510 2530 1647 2556 strenuus
1662 2525 1723 2561 qui,

893 2578 966 2604 teste
976 2573 1115 2607 Homero,
1125 2574 1273 2601 insontem
1282 2581 1400 2609 quoque
1407 2573 1502 2607 culpae
1509 2570 1713 2599 accusarit.Ra
1719 2586 1725 2590 -

892 2619 972 2646 tione
979 2618 1125 2650 item,non
1137 2617 1324 2646 vehementia
1331 2617 1418 2651 duce,
1426 2616 1556 2643 sontium
1564 2623 1597 2642 ac
1604 2622 1724 2642 reorum

892 2663 1010 2691 animos
1032 2663 1153 2699 culpam
1176 2663 1383 2691 conﬁtentium
1408 2664 1436 2689 et
1458 2659 1724 2696 reprehensionem

891 2707 958 2735 vitae
975 2707 1197 2735 admittentium
1213 2706 1251 2734 ad
1272 2705 1481 2742 paenitentiam
1504 2703 1719 2740 compellebas.

894 2752 941 2781 Sic
957 2751 1069 2787 tibi,vir
1079 2751 1211 2780 maxime
1222 2749 1490 2789 venerande,casta
1503 2751 1646 2778 venustas
1653 2749 1725 2777 ade~
