1948 3079
216 144 265 172 351

647 139 833 171 MICHAELIS
851 139 1042 170 ACOMINATI
1060 137 1280 169 ATHENARUM
1297 137 1463 167 ARCHIEP.

1842 137 1909 166 352

215 206 270 239 rat,
287 205 315 233 et
325 203 583 234 incantamentum
596 202 796 233 honoriﬁcum
810 204 838 232 te
851 204 883 232 ut
897 203 1039 232 sanctita-

1104 203 1209 234 ιήσεως.
1235 201 1308 229 Κατὰ
1325 201 1410 228 ταυτὰ
1437 201 1482 229 καὶ
1508 202 1558 228 τῶν
1583 201 1745 238 προσιόντων
1769 209 1823 234 σοι,
1859 203 1907 236 τῷ

217 250 253 278 tis
263 248 526 286 propugnaculum
536 248 648 286 ubique
659 247 1039 285 sequebatur.Tuhomines

217 293 270 332 qui
284 301 303 322 α
312 293 459 329 principio
474 293 575 321 minus
585 294 613 322 te
623 292 706 329 digni
720 292 912 328 videbantur,
917 292 1041 321 rationis

218 339 247 366 et
260 337 404 366 orationis
420 337 542 371 auxilio,
559 345 595 366 ae
607 344 829 373 nonnunquam
840 344 927 372 aqua:
935 334 1040 372 puriﬁ-

218 382 337 412 catoriae
345 389 402 418 ope
410 381 450 410 ad
461 381 700 419 resipiscendum
709 380 937 418 perduxistidlle
948 380 1041 408 Clear-

218 427 304 461 chus,
321 428 397 455 Laco
411 426 543 463 natione,
553 426 756 464 Xenophonte
771 427 855 459 teste,
865 425 949 454 vultu
955 426 1039 460 tetro,

218 479 310 499 rauca
320 470 488 500 admodum
496 478 568 499 voce
577 470 735 508 erat,quod
740 472 1042 506 tamennequaquam

218 515 375 544 obstaculo
388 515 442 543 fuit
456 515 530 551 quin
541 515 684 543 militibus
707 514 768 543 suis
778 515 808 543 in
822 521 926 551 pugna
941 513 1042 550 splen-

219 559 308 588 didus
323 559 485 595 hilarisque
500 559 717 595 antesignanus
735 559 832 587 fuerit.
847 560 909 586 Tua
923 565 1043 586 morum

218 604 324 633 lenitas
336 603 473 639 jucundo
489 612 607 641 semper
621 606 723 633 tenore
733 603 958 632 occurrentibus
972 602 1043 631 arri-

220 649 266 682 sit,
276 649 367 685 idque
383 650 447 677 tum
460 657 592 686 quoque,
601 649 654 677 ubi
666 649 748 685 justa
760 648 843 677 irain
854 648 951 676 malos
959 654 1042 676 exar-

219 693 450 729 descebas.0uis
460 696 560 724 autem
571 694 626 722 abs
635 696 661 722 te
669 694 864 730 vituperatus,
875 692 1043 721 dummodo

219 746 281 767 non
296 746 365 766 cum
392 738 494 767 anima
514 738 566 767 vili
582 740 671 773 esset,
687 745 748 766 non
775 739 932 766 contentus
947 737 1042 773 fuerit,

219 782 313 811 verba
322 783 449 811 audiens
463 783 668 812 consolatorie.
679 783 777 818 magis
793 790 886 819 quam
895 782 1043 818 vitupera-

220 827 306 861 toria,
320 835 406 856 rosas
418 827 486 865 plus
501 836 596 864 quam
609 828 711 864 spinas
726 835 762 856 ea
783 827 982 856 aestimando?
997 825 1044 854 Sic

1094 247 1154 275 καθ’
1175 247 1244 283 ἡμᾶς
1264 244 1449 283 θιοιιδεστάτῳ
1468 245 1542 282 ἡλίῳ,
1566 244 1614 272 οὐκ
1632 244 1750 282 ἀνδρεῖος
1774 243 1816 280 ἦν,
1843 243 1909 271 ἀλλ’

1095 292 1172 323 ἄνους
1188 293 1233 318 καὶ
1264 290 1364 327 ἰταμὸς,
1396 289 1502 327 ἀγνοῶν,
1527 290 1586 317 ὅποι
1613 291 1674 317 ποτὶ
1702 287 1823 317 κινδύνου
1849 291 1907 322 φέ-

1094 345 1178 375 ρεται,
1193 337 1206 362 6
1221 337 1257 373 μὴ
1284 336 1352 363 πάνυ
1375 345 1402 362 τι
1417 335 1529 366 ιύλαϐὢς
1551 337 1667 372 προσιὼν
1688 337 1736 362 παὶ
1756 333 1907 372 πιφυλαγ-

1095 383 1179 418 μενος,
1218 383 1306 418 μήπου
1337 389 1364 407 τι
1401 379 1501 417 ἐκμελὲς
1529 379 1735 416 παραφέγεαιτο,
1763 379 1778 412 ᾖ
1810 378 1908 411 ἄλλως

1096 425 1325 463 ὑπαγροικίσαιτο.
1359 426 1394 452 Τὸ
1429 426 1479 463 γὰρ
1513 424 1700 461 ἓπιτιμηθῆναι
1735 424 1809 461 παρὰ
1849 426 1908 451 σοῦ

1095 471 1153 498 ἴσον
1181 467 1196 499 ἦ
1222 473 1259 506 τῷ
1287 479 1316 506 γε
1348 470 1503 507 μαινομένῳ,
1531 471 1577 496 καὶ
1607 470 1652 498 τὴν
1675 471 1725 505 γὴν
1750 466 1909 498 διαστῆναί

1096 515 1120 543 οὶ
1155 515 1247 543 αὐτὴν.
1275 513 1313 540 Οὔ
1339 515 1389 552 γὰρ
1415 513 1618 551 ψυχαγωγῆσαι
1645 515 1722 551 μόνον
1753 512 1908 550 ἑμμούσως

1097 558 1295 595 ὶπαγωγότατος
1317 556 1390 588 ἦσθα
1407 560 1452 585 καὶ
1473 560 1659 595 χαριέστατος,
1680 557 1745 585 ἀλλὰ
1768 560 1815 585 καὶ
1841 557 1908 584 ἐπι-

1095 603 1193 635 πλῆξαι
1220 601 1394 634 παιδιυτικῶς
1425 602 1628 640 ἐμϐριθέστατος
1648 611 1656 620 σ
1690 602 1720 629 οὗ
1753 602 1824 628 κατὰ
1853 601 1906 628 τὸν

1095 647 1158 685 παρ’
1176 647 1279 684 Ὁμήρῳ
1304 645 1387 674 δεινὸν
1410 645 1506 684 ἄνδρα,
1530 647 1556 678 ὃς
1581 648 1653 683 τάχα
1676 656 1728 680 κεν,
1751 648 1829 683 φησὶν
1851 647 1906 672 καὶ

1097 691 1211 718 ἀναίτιον
1226 691 1356 728 αἰτιόῳτο.
1372 693 1407 718 T6
1435 693 1484 728 γὰρ
1508 691 1604 727 εὐλόγῳ
1633 693 1678 718 καὶ
1701 693 1797 728 καιρίῳ
1818 689 1906 717 πλέον

1097 736 1112 766 ἣ
1129 739 1165 772 τῷ
1187 734 1295 773 σφοδρῷ
1323 735 1436 772 βάλλων,
1452 735 1602 773 ὶπέστριφες
1631 737 1676 762 τὸν
1703 736 1836 768 ὑπαίτιον,
1865 735 1908 765 ὡς

1097 778 1162 818 μηδ’
1195 780 1226 806 ἂν
1266 780 1343 807 αὐτὸν
1371 782 1413 807 τὸν
1446 779 1630 817 ἐπιτιμώμενον
1662 779 1839 817 ἀπαρνεῖσθαι
1873 780 1908 806 τὸ

1098 827 1133 862 μὴ
1150 825 1180 851 οὐ
1201 823 1311 856 δικαίως
1340 824 1500 852 εὐθύνεσθαι.
1534 825 1623 855 Οὕτως
1647 825 1662 854 ᾖ
1683 826 1708 852 τὲ
1734 824 1910 860 ἁγιοπρεπής

219 880 275 900 nec
289 872 493 900 mansuetudo
507 875 560 901 tua
575 873 638 901 sine
657 872 763 900 aculeo
785 874 857 905 erat,
885 879 946 908 quo
968 879 1045 908 opus

1104 870 1180 906 χάρις
1196 868 1331 906 ἐπεμειδία
1364 879 1417 904 σοι,
1445 871 1628 906 μακαριώτατα
1655 867 1766 904 ἀνδρῶν,
1795 870 1842 895 κοιὶ
1875 870 1909 896 τὸ

218 916 351 945 habebat
383 916 422 944 ad
445 917 508 945 vim
534 916 789 946 admonitionibus
812 916 963 949 dandam;
989 923 1044 944 nec

220 961 385 989 acrimonia
391 961 579 996 jucunditate
591 961 712 989 carebat
723 969 730 990 :
743 963 905 997 utrumque
915 960 996 988 enim
1006 959 1047 988 fe-

218 1004 361 1033 licissima
376 1005 502 1034 mistura
516 1006 724 1035 consociatum
740 1007 865 1034 erat.Tu
879 1005 944 1041 ipse
953 1004 1047 1041 probe

219 1049 298 1078 nosti
307 1049 381 1077 nihil
393 1057 498 1079 eorum
513 1058 582 1086 quae
597 1052 650 1078 aut
664 1058 734 1078 cum
747 1049 859 1085 sudore
874 1049 1044 1085 elaborasti,

221 1094 273 1121 aut
290 1100 344 1129 per
362 1093 470 1121 ludum
485 1094 693 1130 composuisti,
715 1093 882 1122 litterarum
898 1093 1047 1121 studiosos

220 1137 334 1171 fugere,
355 1137 505 1173 siquidem
520 1145 567 1166 res
588 1140 646 1166 tute
666 1138 696 1166 in
720 1137 785 1165 foro
800 1139 829 1165 et
843 1137 899 1165 viis
917 1136 1046 1174 publicis

221 1180 313 1208 fando
324 1181 455 1216 repetitae
468 1181 499 1209 in
514 1181 709 1218 proverbium
723 1181 870 1210 abierunt.

1099 913 1204 950 φοϐερὸν
1235 915 1321 952 ὥσπερ
1347 923 1374 940 τι
1397 915 1462 940 θεῖον
1488 914 1628 949 ἁγιότητος
1653 915 1791 951 παρείπετο
1819 911 1909 950 δορυ-

1101 961 1230 996 φόρημα·
1260 959 1294 989 ὡς
1324 959 1385 989 τοὺς
1420 958 1620 995 ἐντευξομένους,
1652 959 1830 995 ὑφορωμένους
1865 959 1908 993 μὴ

1100 1007 1150 1029 τῶν
1181 1006 1233 1029 σῶν
1262 1005 1382 1041 χαρίτων
1404 1002 1544 1037 ἓκπέσοιιν,
1571 1003 1586 1033 ἣ
1613 1005 1669 1033 ταῖς
1690 1005 1748 1034 σαῖς
1772 1001 1910 1037 ἐπιτιμή-

1102 1056 1161 1074 σισι
1189 1049 1362 1085 περιπέσοιεν,
1398 1048 1519 1083 συνάγειν
1553 1047 1646 1083 εὐλόγῳ
1676 1044 1728 1074 δέει
1756 1047 1798 1072 τὸν
1830 1049 1909 1078 νοῦν,

1100 1093 1145 1118 καὶ
1164 1093 1231 1118 κατά
1256 1093 1314 1122 τοὺς
1341 1091 1576 1128 πλεο-θησομένους
1598 1093 1674 1128 μόνον
1708 1091 1736 1117 οὐ
1760 1089 1908 1128 περιρραν-

1100 1138 1197 1174 τηρίων
1231 1135 1336 1163 δεῖσθαι
1361 1137 1527 1174 καθάρσεων.
1560 1138 1611 1163 Καὶ
1640 1135 1773 1172 Κλέαρχος
1800 1136 1848 1171 μῖιν
1893 1135 1908 1161 ὁ

1101 1183 1263 1215 Λακωνικὸς,
1295 1183 1329 1212 ὥς
1357 1191 1408 1208 που
1423 1183 1535 1218 Ξενοφῶν
1557 1182 1689 1218 ἱστόρηκι,
1713 1182 1758 1206 καὶ
1786 1181 1908 1215 στυγνός

223 1223 254 1254 ἦν
267 1225 328 1262 ὁρᾷν
341 1227 386 1252 καὶ
400 1228 503 1262 τραχὺς
521 1230 552 1263 τῇ
582 1230 650 1262 φωνῇ
669 1236 676 1243 ο
704 1226 768 1253 ἀλλὰ
791 1228 820 1252 τὸ
848 1229 964 1252 τοιοῦτον
992 1226 1099 1261 στυγνὸν
1125 1225 1149 1252 ἕν
1175 1224 1230 1257 τοῖς
1260 1224 1365 1259 δεινοῖς,
1393 1228 1469 1262 φησὶ,
1499 1224 1610 1262 φαιδρὸν
1638 1229 1692 1256 τοῖς
1722 1227 1906 1261 στρατιώταις

223 1268 345 1306 ἐφαίνετο.
385 1273 433 1296 Σοῦ
461 1269 490 1297 δὲ
515 1272 560 1297 καὶ
587 1272 630 1296 τὸν
658 1270 696 1297 ἀεὶ
720 1272 765 1307 μὲν
791 1273 885 1307 χρόνον
913 1271 1042 1307 ὁρωμένου
1073 1272 1118 1296 καὶ
1146 1271 1330 1307 φθεγγομένου,
1357 1268 1468 1307 φαιδραὶ
1500 1274 1556 1300 τοῖς
1590 1269 1784 1307 προσομιλοῦσι
1812 1278 1907 1305 προσ-

223 1313 313 1349 εγῦων
338 1315 364 1340 αὶ
388 1315 514 1351 χάριτες·
541 1313 701 1351 διιφαίνοντο
729 1313 758 1341 δὲ
793 1313 867 1341 οὐδὲν
900 1316 987 1349 ἧττον,
1017 1317 1061 1341 καὶ
1089 1316 1130 1341 ὅτε
1157 1314 1228 1351 ζήλῳ
1261 1313 1356 1351 δικαίῳ
1384 1315 1587 1352 παριθερμαίνου
1616 1315 1682 1340 κατά
1709 1318 1757 1341 τῶν
1785 1313 1905 1350 μοχθη-⁸

222 1359 332 1394 ροτέρων
362 1361 407 1384 καὶ
439 1357 563 1395 δεομένων
590 1361 752 1397 τραχυτέρας
783 1363 830 1389 τῆς
858 1359 1050 1396 ἐμϐριμήσεως.
1076 1361 1127 1386 Καί
1158 1360 1207 1385 που
1243 1369 1280 1390 τις
1307 1359 1530 1396 ἐπιπληττόμενος,
1565 1361 1601 1396 μὴ
1633 1361 1701 1388 πὴνυ
1729 1368 1754 1384 τι
1790 1356 1907 1388 συώδης

222 1404 255 1427 ὤν
295 1405 342 1432 τὴν
383 1403 486 1439 ψυχὴν,
520 1404 596 1433 ἧττον
629 1402 714 1430 ἐδόκει
744 1402 887 1430 δάκνεσθαι
923 1404 937 1433 ἦ
966 1402 1088 1437 ἣδεσθαι,
1129 1403 1249 1440 μέμψεων
1278 1403 1409 1430 ἐπακούων
1452 1403 1623 1440 γλυκυθὺμων
1652 1403 1726 1430 πλέον
1775 1401 1825 1429 διὰ
1873 1403 1906 1428 τό

223 1448 327 1483 εὔχαρι,
358 1448 372 1477 ἣ
401 1446 552 1484 δακεθύμων
578 1447 624 1475 διὰ
648 1450 677 1475 τὸ
705 1447 826 1484 ἐπίχολον
848 1457 854 1463 ·
882 1450 926 1474 καὶ
955 1447 1046 1486 ῥόδοις
1075 1450 1192 1485 χαρίτων
1221 1450 1328 1475 πνέουσι
1351 1449 1505 1483 πάττεσοαι,
1535 1448 1550 1477 ἢ
1577 1451 1688 1486 κέντροις
1713 1447 1907 1483 ἐπιστρέφουσι

224 1490 376 1528 βάλλεσθαι.
391 1493 478 1523 Οὕτως
493 1495 550 1519 οὔτε
574 1495 602 1519 τὸ
618 1494 711 1530 χάριέν
733 1503 780 1519 σου
796 1493 917 1530 ἄκεντρον
937 1491 967 1522 ἧν
983 1492 1122 1528 (ἀνειμένον
1144 1493 1193 1530 γὰρ
1216 1492 1246 1518 ἂν
1262 1491 1302 1526 ἧν,
1328 1495 1372 1519 καὶ
1393 1495 1457 1530 πρὸς
1478 1494 1613 1520 νουθεσίαν
1638 1492 1820 1529 ἀμϐλύτερον),
1842 1493 1907 1518 οὔτε

223 1537 253 1562 τὸ
285 1537 487 1574 παροξυνόμενον
515 1538 600 1575 ἄχαρι
627 1542 663 1573 τῷ
691 1547 777 1564 παντι·
805 1538 940 1575 Ἑκάτερον
973 1535 1003 1563 δὲ
1044 1535 1080 1563 δι’
1109 1537 1229 1574 ἑκατέρου
1267 1541 1432 1574 περιχωροῡν
1468 1538 1564 1574 οἶριστα
1603 1539 1759 1575 κεκραμένον
1798 1535 1908 1572 ἐγκατι-

222 1582 340 1616 μέμικτο.
362 1582 462 1608 Οὐκοῦν
476 1585 534 1608 τίνα
548 1587 598 1608 τῶν
619 1586 681 1617 σῶν,
697 1583 743 1608 εἷθ’
762 1583 812 1609 ὅσα
826 1580 1004 1612 σπουδάζοντὶ
1019 1591 1061 1608 σοι
1080 1584 1233 1615 πεπόνηται,
1251 1583 1301 1608 εἴτε
1317 1581 1477 1618 σχολάζοντι
1504 1584 1647 1609 πέπαικται
1670 1583 1829 1618 χαριέντως,
1855 1580 1908 1607 οὐκ

223 1623 271 1651 ἀνὰ
281 1628 364 1662 στόμα
378 1630 431 1658 τοῖς
443 1627 587 1663 φιλολόγοις
601 1630 726 1665 φερόμενα
740 1626 909 1663 περιᾴδονται
921 1635 928 1661 ;
944 1629 992 1653 Ὧν
1004 1626 1050 1652 οὐκ
1066 1625 1141 1662 ὀλίγα
1150 1627 1214 1652 κάπὶ
1225 1629 1281 1657 ταῖς
1296 1625 1404 1663 ἀγοραῖς
1417 1629 1462 1653 καί
1475 1625 1591 1663 τριόδοις
1606 1626 1720 1653 ἀκούσαι
1747 1636 1788 1658 τις
1809 1626 1846 1656 ὡς
1871 1626 1908 1652 τὰ

225 1669 392 1708 παροιμιώδη
404 1671 615 1708 περιλαλούμενα.

260 1715 343 1742 Tanti
367 1717 395 1742 et
409 1717 471 1744 tam
494 1715 568 1743 boni
582 1715 638 1743 viri
659 1717 788 1743 mortem
798 1715 897 1743 luctus
911 1714 1048 1743 omnium
1065 1715 1084 1742 C

225 1757 333 1785 civium
351 1761 454 1786 secuta
478 1761 531 1792 est,
550 1759 717 1795 praesertim
732 1760 797 1794 ejus
821 1759 903 1787 urbis
921 1766 999 1795 quae,
1015 1759 1048 1787 ut

225 1809 301 1829 uxor
310 1802 417 1831 marito
425 1802 636 1838 privata,luctu
643 1811 788 1839 oppressa
798 1803 882 1831 humi
889 1803 981 1836 sedet,
988 1802 1050 1832 imo

225 1852 315 1874 omne
329 1846 465 1875 solamen
478 1855 622 1875 recusans
636 1847 665 1875 in
677 1847 809 1875 defuncti
823 1847 972 1876 tumulum
981 1855 1050 1884 pro-

224 1889 303 1925 jecta
315 1890 390 1919 adeo
406 1891 527 1919 maerori
541 1891 677 1927 indulget
689 1893 722 1919 ut
734 1891 876 1928 lacrymas
894 1891 989 1928 ipsius
1003 1899 1051 1926 ge-

225 1941 281 1962 nas
303 1937 467 1970 permeent,
494 1937 526 1964 ut
556 1943 625 1964 cum
649 1936 776 1964 Jeremia
804 1936 911 1972 loquar
927 1937 948 1965 ².
982 1936 1050 1964 Jam

226 1978 307 2006 enim
328 1987 440 2008 corona
450 1979 489 2008 ab
506 1980 571 2016 ejus
587 1981 682 2016 capite
697 1980 823 2017 delapsa
836 1983 909 2015 erat,
933 1982 960 2009 et
973 1989 1050 2008 uxor

225 2022 377 2052 iuhumari
396 2032 489 2061 quam
504 2025 632 2060 conjuge
647 2025 758 2061 privari
773 2025 925 2059 malebat;
941 2026 1002 2054 imo
1023 2025 1050 2054 si

223 2067 354 2102 daretur,
372 2077 403 2097 se
420 2070 519 2106 ipsam
538 2069 646 2097 marito
672 2070 840 2097 sacriﬁcare
852 2071 960 2105 parata
974 2072 1046 2103 erat,

223 2115 256 2140 ut
265 2113 347 2149 apud
359 2114 584 2150 Xenophontem
598 2113 730 2143 Penthea
745 2122 820 2143 uxor
834 2114 934 2143 mariti
945 2122 1049 2143 aman-

222 2157 349 2185 tissima.
395 2184 399 2190 ,

1138 1714 1251 1746 Εἰκότως
1274 1713 1317 1741 οὖν
1337 1714 1379 1741 ἐπὶ
1403 1716 1519 1751 τοσούτῳ
1538 1717 1583 1742 καὶ
1605 1715 1687 1746 οὕτως
1702 1714 1793 1751 ἀγαθῷ
1823 1712 1906 1750 ἀνδρὶ

1101 1761 1146 1785 καὶ
1194 1759 1341 1795 κοινωφελεῐ
1380 1760 1572 1788 τετελευτηκότι
1608 1761 1692 1786 κοινὸν
1732 1761 1776 1786 καὶ
1812 1759 1906 1789 πένθος

1103 1804 1221 1831 ἁπάντων
1244 1805 1382 1831 καθίκετο⁸
1409 1803 1525 1840 μάλιστα
1557 1803 1586 1831 δὲ
1614 1808 1662 1835 τῆς
1696 1802 1765 1831 ἴδιον
1802 1803 1906 1839 ἀγαθὸν

1101 1847 1236 1884 λαχούσης
1263 1849 1356 1877 ἐκεῖνον
1385 1848 1490 1883 πόλεως,
1525 1850 1540 1879 ἦ
1574 1851 1619 1876 καὶ
1653 1853 1707 1883 νῦν⁷
1737 1850 1826 1886 ὥσπερ
1861 1858 1905 1879 τις

1102 1896 1205 1929 γενναία
1242 1896 1307 1930 γυνὴ
1337 1895 1491 1930 παρθενικὸν
1530 1894 1612 1925 αὐτῆς
1642 1892 1728 1930 ἄνδρα
1754 1894 1902 1928 πενθοῦσα,

1102 1938 1215 1966 κάθηται
1244 1941 1344 1974 χαμαὶ,
1369 1938 1463 1975 μᾶλλον
1492 1937 1521 1965 δὲ
1543 1941 1602 1976 περὶ
1630 1940 1674 1965 τὸν
1701 1936 1904 1976 πολυδάκρυτον

1101 1983 1180 2018 τάφον
1204 1981 1375 2019 κυλινδομένη
1403 1983 1606 2021 κατολοφύρεται
1636 1982 1825 2020 ἀραράκλητα·
1855 1985 1905 2009 καὶ

1101 2028 1135 2053 τὰ
1171 2025 1275 2063 δάκρυα
1322 2027 1411 2062 αὐτῆς,
1459 2029 1528 2056 εἴποι
1573 2027 1603 2055 ἂν
1645 2028 1767 2065 Ὶιριμίας
1807 2036 1904 2054 κατοι-

1101 2073 1205 2108 κτείρων
1235 2071 1314 2102 αὐτῆν
1348 2073 1380 2103 ὡς
1406 2074 1453 2102 τὴν
1485 2073 1566 2100 πάλαι
1592 2074 1666 2107 Σιὼν,
1695 2072 1737 2099 επὶ
1771 2074 1903 2108 σιαγόνων

1101 2115 1192 2147 αὐτῆς.
1216 2115 1310 2143 Ἐτεσι
1333 2117 1383 2153 γὰρ
1410 2117 1422 2144 6
1449 2119 1572 2154 στέφανος
1597 2122 1645 2148 τῆς
1664 2116 1776 2153 κεφαλῆς
1806 2117 1901 2150 αὐτῆς,

1100 2161 1146 2186 καὶ
1175 2162 1223 2190 τὴν
1258 2160 1338 2190 αὐτὴν
1369 2159 1498 2188 ὑποδῦναι
1528 2166 1577 2198 γῆν
1606 2163 1656 2200 πρὸ
1684 2165 1729 2188 τοῦ
1761 2165 1901 2198 περιεῖναι,

223 2204 380 2238 μονουμένης
399 2202 504 2236 ἰκςίνου,
516 2204 624 2230 τίθεται.
639 2203 670 2230 Εἰ
684 2201 709 2230 δ’
724 2203 792 2238 ἐξῆν,
809 2203 856 2230 κᾶν
871 2203 1010 2240 ἐπέσφαξεν
1025 2203 1118 2234 ἑαυτὴν
1131 2209 1166 2240 τῷ
1178 2203 1264 2242 ἀνδρὶ,
1279 2207 1314 2237 ὡς
1333 2206 1348 2236 ἡ
1364 2207 1435 2243 παρὰ
1454 2210 1490 2242 τῷ
1503 2208 1644 2244 Ξενοφῶντι
1659 2206 1726 2236 καλή
1743 2209 1790 2233 καὶ
1809 2206 1902 2243 φίλαν-

224 2243 285 2282 δρος
301 2247 422 2275 Πάνθεια.

259 2291 325 2318 Haec
342 2290 402 2319 fere
412 2293 512 2320 autem
519 2291 626 2327 lugens
633 2300 819 2329 gemensque
829 2292 944 2321 dixerit:
955 2304 969 2318 «
979 2293 1049 2325 Quis

224 2334 287 2362 sine
298 2336 410 2370 gemitu
425 2336 586 2373 profundo,
596 2337 664 2373 quis
675 2337 739 2365 sine
751 2337 892 2374 lacrymis
907 2338 1046 2366 nuntium

223 2379 348 2409 allatum
359 2381 576 2410 audiverit?Me
588 2382 747 2410 miseram!
761 2382 838 2410 Obiit
848 2384 951 2418 pastor
965 2390 1046 2418 egre-

223 2425 289 2460 gius
302 2425 355 2461 qui
371 2426 464 2454 vitam
483 2434 537 2463 pro
559 2434 608 2455 me
620 2426 716 2461 dedit;
730 2426 858 2455 decessit
870 2427 912 2455 vir
927 2427 1047 2464 sapiens

222 2469 275 2505 qui
291 2469 472 2498 multimoda
484 2470 589 2499 virtute
600 2470 728 2504 valebat,
737 2471 858 2498 antistes
873 2479 968 2507 meus,
982 2480 1047 2501 ma-

223 2521 300 2548 gnus
323 2515 506 2548 Eustathius,
519 2522 632 2543 nomen
652 2514 871 2551 venerandum,
894 2515 1048 2544 celeberri-

222 2558 325 2586 mum!
343 2560 385 2586 Me
409 2559 553 2587 miseram
580 2567 648 2596 quae
677 2567 826 2596 sponsum
849 2560 977 2596 perdidi,
1000 2560 1049 2589 cui

222 2603 380 2639 quondam
405 2603 528 2632 feliciter
549 2606 645 2640 nupta
666 2604 717 2639 fui,
745 2606 772 2632 et
795 2604 848 2640 qui
872 2605 945 2632 mihi
966 2612 1048 2633 nunc

224 2650 320 2675 morte
334 2651 454 2684 ereptus
469 2650 532 2682 est;
546 2648 598 2684 qui
613 2655 720 2685 nuper,
743 2651 775 2676 ut
794 2656 864 2677 cum
878 2648 990 2677 Davide
1005 2649 1047 2678 lo-

224 2699 301 2727 quar
312 2693 333 2724 ³,
358 2692 504 2722 vestiebat
523 2700 572 2720 me
587 2694 710 2722 coccino
724 2693 755 2721 in
768 2692 880 2722 deliciis
895 2695 924 2722 et
935 2693 1049 2730 prebe-

260 2781 271 2798 ²
285 2780 392 2811 Jerem.
405 2789 444 2815 Ix,
462 2783 506 2811 18.
564 2782 575 2801 ³
590 2781 668 2812 Psal.
684 2790 761 2818 κων,
776 2784 821 2812 to.

1140 2294 1201 2331 ’Ἄγε
1215 2297 1266 2332 μὴν
1282 2294 1434 2333 ἐξάρχουσα
1459 2300 1505 2323 τοῦ
1530 2297 1624 2333 Θρὴνου
1649 2298 1717 2324 εἴποι
1731 2297 1762 2323 ἄν
1783 2315 1790 2323 .
1820 2307 1832 2322 ι
1854 2299 1901 2328 Τίς

1102 2339 1203 2366 ἁκούων
1232 2339 1279 2366 οὐκ
1301 2339 1330 2366 ἂν
1355 2339 1516 2373 ἐπιστενάξοι
1540 2341 1624 2380 βαρὺ,
1655 2344 1700 2368 καί
1722 2341 1900 2378 πολύκροννον

1102 2382 1254 2411 ἐπισπένδοι
1281 2383 1411 2422 δάκρυον;
1438 2385 1553 2412 Τάλαινα
1585 2385 1634 2422 ἐγώ
1650 2394 1657 2402 ’
1687 2388 1791 2422 οἴχεταί
1815 2396 1861 2423 μοι
1886 2387 1900 2413 6

1102 2428 1179 2460 καλὸς
1209 2431 1321 2466 ποιμὴν,
1356 2430 1368 2455 6
1401 2432 1449 2459 τὴν
1484 2430 1577 2466 ψυχήν
1612 2431 1675 2468 ὑπὲρ
1709 2430 1772 2467 ἆμοῡ
1805 2432 1899 2462 τιθείς.

1101 2475 1213 2509 Οῐχιταί
1226 2483 1271 2510 μοι
1286 2474 1299 2500 6
1324 2475 1414 2510 σοφὸς,
1429 2475 1443 2502 6
1471 2474 1551 2506 πολὺς
1575 2478 1700 2502 παντοίαν
1716 2475 1820 2513 ἀρετὴν,
1841 2475 1900 2512 ἐμὸς

1100 2517 1258 2555 ἀρχιιριὺς,
1292 2518 1304 2544 6
1338 2520 1420 2555 μέγας
1446 2519 1601 2555 Εὐστάθιος,
1629 2520 1722 2557 οἶμοιὲ
1747 2522 1777 2547 τὸ
1807 2523 1900 2557 σεμνὸν

1099 2563 1143 2588 καὶ
1165 2562 1342 2598 πολυύμνητον
1374 2565 1464 2600 ὄνομα.
1492 2563 1574 2601 Ὤμοι
1593 2569 1624 2601 τῇ
1651 2563 1794 2601 δυστήνῳῑ
1821 2569 1900 2603 φροῦ-

1101 2604 1145 2637 δος
1159 2607 1172 2632 6
1196 2606 1272 2637 καλὸς
1292 2610 1399 2645 νυμφίος
1428 2608 1501 2645 ἐμοῦ,
1525 2609 1545 2645 ᾤ
1571 2609 1653 2636 πάλαι
1672 2611 1718 2646 μὴν
1738 2611 1789 2637 ὑπὸ
1811 2620 1899 2647 νυμφοι

1100 2654 1178 2688 γωγῷ
1202 2655 1238 2687 τῷ
1270 2653 1398 2689 πνεύματι
1420 2653 1540 2690 εὐτυχῶς
1562 2655 1709 2692 ἣρμοσμαι,
1726 2658 1770 2681 νῦν
1796 2653 1826 2681 δὲ
1850 2656 1898 2682 Θα-

1100 2696 1168 2732 νάτῳ
1205 2693 1360 2734 διέζςυγμαι
1391 2696 1599 2735 δυστυχέστατοι
1625 2708 1633 2718 ο
1661 2700 1688 2731 ὃς
1715 2700 1828 2736 ἔναγχος
1854 2701 1898 2737 μὲν
