1948 3079
38 39 76 66 3:33

543 30 703 66 MONODIA
723 35 758 66 IN
782 35 1000 66 EUSTATHIUM
1023 33 1187 67 THESSAL.

1652 33 1706 71 354

40 100 158 135 (χρῃονάτω
191 99 246 136 γάρ
278 108 324 136 μοι
339 100 386 126 καὶ
410 97 493 126 Δαυὶδ
514 98 542 125 ἐκ
569 103 620 125 τῶν
645 99 738 126 ἑαυτοῦ
764 100 809 137 θρή

944 102 1123 129 ornamenta
1136 108 1228 129 aurea
1238 100 1328 129 cultui
1336 107 1414 133 meo,
1424 101 1455 129 id
1465 102 1510 130 est
1519 102 1704 131 orationibus

37 146 83 179 van)
105 142 264 171 ὶνιδὶδυσκέ
289 154 320 181 με
346 146 464 171 κόκκινον
493 147 538 171 καὶ
569 148 688 182 χρυσοῦν
716 147 826 181 κόσμον,

36 199 80 218 τους
96 188 294 225 πολυτιμήτους
322 190 435 220 ἐκείνους
470 191 515 215 καὶ
552 188 687 227 λαμπροὺς
723 189 825 225 λόγους·

37 237 69 258 νῦν
101 230 129 259 δὲ
162 237 320 264 σιωπῶντος
357 233 587 269 ὰποκικόσμημαι,
632 235 677 260 καὶ
723 236 828 270 ᾁοφνινα

35 277 216 313 περιϐέϐλημαι,
255 280 303 304 καὶ
337 278 381 304 οἶα
421 277 614 314 καταμελαίνειν
656 276 725 305 οἶδσι
761 279 826 315 ὑπὲρ

36 325 105 348 πᾶσαν
117 321 234 351 ὰσϐόλην
250 323 267 351 ἡ
285 320 434 358 λιγνυώδης
452 325 497 349 καὶ
509 324 631 361 καπνηρά
649 327 696 354 τῆς
716 325 827 360 χηρείας

35 368 130 401 nigrm.
172 368 218 395 Μὴ
266 365 483 402 εύαγγελισάσοω
514 376 556 398 τις
594 370 624 403 τῇ
659 366 824 404 πρεσϐυτάτῃ

35 410 101 446 Ῥώμη
131 412 175 437 τὸν
205 411 363 438 Eia-rotator:
395 413 482 449 μόρον,
512 409 579 448 μηδ’
607 411 752 448 ἀγγειλάτω
770 415 826 442 ταῖς

36 454 67 480 ὑπ’
88 454 164 484 αὐτὴν
189 455 342 487 Ἰταλικαῖς
373 455 473 490 πόλεσι,
496 459 596 492 μήποτε
624 455 774 493 ἕφησθὼσιν
802 457 826 482 οἰ

36 499 138 531 «Dubia;
168 503 216 527 καὶ
257 501 432 538 ὑπερήφανοι,
454 503 500 527 καὶ
518 502 565 532 τὰς
588 500 629 528 ἐπὶ
654 499 826 538 δογματικοῑς

35 544 183 581 προϐλήμασι
230 543 404 577 διαλεκτικὰς
452 544 598 584 προσϐολὰς
643 547 824 584 θαρσήσωσιν,

36 589 56 619 ἀς
71 592 164 625 τῳτὲως
189 589 437 628 ἀντιπιριίσταντο,
452 591 481 616 τὸ
509 594 556 621 τῆς
584 589 682 617 ἐκείνου
710 590 825 627 γλώττης

34 634 122 670 ἄμαχον
153 635 333 672 ύφορὼμςνοι.
376 637 511 661 Πίπτωκεν
545 634 621 672 ἀνὴρ,
659 635 690 661 ού
724 638 775 666 πᾶς
812 636 825 662 ὀ

33 680 113 714 κόσμος
131 678 178 704 οὐκ
198 677 231 708 ἦν
263 678 350 710 ἄξιος·
370 680 497 715 πέπτωκε,
519 678 578 715 φεῦί
595 680 608 705 ὁ
629 679 766 715 ὑπανέχων
782 689 823 716 με,

34 722 124 758 istem
147 722 230 758 ὑψοῦ.
254 726 307 750 Καὶ
333 728 387 754 πῶς
414 723 461 750 οὒκ
486 722 540 753 ἤδη
564 727 696 761 πεσοῠμαι
722 723 825 752 δειλαία

881 144 1141 181 splendidissimis.
1158 146 1240 173 Nunc
1255 147 1356 173 autem
1372 145 1423 173 ubi
1438 145 1511 179 silet,
1528 149 1704 176 ornamento

881 191 981 224 exuta,
1013 189 1106 225 nigris
1138 189 1244 218 induta
1261 189 1395 217 vestibus
1420 189 1527 218 incedo
1538 192 1566 218 et
1580 191 1705 226 caligine

881 233 1032 262 viduitatis
1044 234 1128 262 omni
1147 233 1303 269 nigredine
1318 233 1428 262 atriori.
1443 233 1527 262 Absit
1539 236 1570 262 ut
1578 235 1646 270 quis
1657 243 1705 263 ve-

880 279 933 306 teri
960 280 1059 307 Romae
1087 281 1139 307 aut
1168 279 1281 306 caeteris
1311 279 1399 307 Italiae
1423 279 1548 307 urbibus
1564 279 1706 308 Eustathii

879 325 1007 352 mortem
1022 325 1055 351 ut
1073 323 1178 352 laetum
1193 323 1298 352 afferat
1310 324 1460 358 nuntium,
1482 331 1518 352 ne
1539 324 1660 360 superbi
1679 326 1708 352 et

879 367 973 395 invidi
987 368 1024 396 de
1039 367 1212 397 calamitate
1234 370 1336 396 nostra
1351 368 1503 404 gaudeant
1517 370 1546 396 et
1567 376 1646 396 novo
1661 375 1707 396 ar-

879 411 951 440 dore
965 411 1036 440 ﬁdei
1059 412 1210 448 quosdam
1229 412 1443 447 aggrediantur
1458 412 1608 445 articulos,
1624 412 1707 448 quod

878 456 1036 492 hucusque
1051 456 1148 484 facere
1161 456 1227 485 ausi
1240 464 1302 485 non
1318 458 1397 492 sunt,
1407 456 1552 485 Eustathii
1567 457 1708 493 eloquen-

880 501 951 529 tiam
963 501 1113 529 victricem
1127 501 1273 529 timentes.
1300 501 1346 529 Sic
1371 501 1416 529 vir
1431 509 1447 529 e
1472 501 1546 529 vivis
1571 501 1705 536 secessit,

879 554 940 581 quo
953 548 1031 575 totus
1051 555 1113 575 non
1124 547 1233 583 dignus
1246 549 1310 575 erat
1320 546 1463 575 mundus.
1480 546 1579 574 Eheu!
1599 546 1708 575 occidit

878 591 1052 628 praesidium
1067 599 1180 620 meum.
1195 593 1228 619 Et
1241 591 1396 628 quomodo
1412 593 1531 626 egomet
1542 591 1632 619 rebus
1656 591 1707 619 de-

879 636 1005 672 speratis
1020 636 1087 672 ipsa
1104 644 1166 665 non
1181 636 1290 664 cadam
1301 636 1314 663 ‘l
1331 636 1388 664 Diri
1402 636 1528 673 posthac
1539 636 1647 664 ﬂuctus
1657 643 1706 664 mo

878 681 1108 717 propugnaculo
1130 681 1278 717 privatam
1294 680 1457 716 vexabunt,
1468 681 1521 717 qui
1536 682 1624 709 antea
1644 688 1706 709 sco-

877 724 956 761 pulis
965 725 1041 754 allisi
1051 725 1082 753 in
1090 733 1215 762 spumas
1227 724 1378 754 abierant!
1391 725 1477 758 Quod
1486 727 1605 761 pratum
1615 733 1706 753 amaz-

33 769 68 792 ιιὶ
93 766 166 801 αὐτὴ,
199 767 424 799 ὑποσπασθέντος
456 771 502 795 τοῦ
539 767 742 807 ὑπερείδοντοςς
780 773 800 796 Τ

936 777 950 798 u
978 777 1060 798 mors
1085 770 1221 805 vastavit,
1238 769 1322 806 quod
1334 769 1447 798 bellum
1461 769 1604 803 Siculum,
1623 769 1705 806 quod

35 811 70 837 οὖν
93 810 224 838 ἐπικλύσει
258 822 293 849 με
325 812 449 848 φλοῖσϐος
485 812 620 850 ὑϐριστὴς,
662 815 706 840 τὸν
742 815 823 850 μέγαν

36 854 227 892 ἐπιϐεϐλημένην
269 856 418 894 προϐλῆτα,
459 859 519 894 περὶ
555 857 582 883 ὃν
619 857 686 888 ἄπας
722 857 824 885 κλύδων

37 902 210 937 προσαράσσων
246 901 287 932 εἰς
322 901 402 938 ἀφρὸν
435 899 567 936 διελύετο;
588 902 624 928 Ὠ
642 902 694 929 οἷον
713 902 824 940 λειμῶνα

36 948 133 981 χαρίτων
166 947 283 977 θάνατος
320 945 526 984 ἐπιστρατεύσας
560 945 676 983 ἑδῂωσῦι
713 948 742 973 οὗ
779 950 824 975 καὶ

37 989 144 1020 Σικελικὸς
170 990 300 1027 πόλεμος,
327 992 420 1028 καίπερ
458 989 616 1028 διαφθείρων
655 992 741 1018 πάντα
769 993 825 1019 θεῖά

36 1043 56 1059 τι
81 1036 120 1060 καὶ
152 1034 310 1071 ἀνθρώπίνα
353 1036 507 1072 πράγματα,
536 1037 568 1066 ὡς
609 1034 747 1071 ἀψαύστου
779 1039 825 1063 καὶ

39 1079 92 1115 ἱεροῦ
110 1089 174 1111 τινος
204 1079 307 1110 οῐλσους
332 1078 469 1115 iptio-erro!
496 1080 530 1106 Ὢ
550 1081 602 1107 οἷον
625 1082 706 1118 μύρον
734 1084 824 1118 σοφίας

38 1122 64 1153 εἰς
90 1121 169 1160 ἄρδην
199 1123 386 1161 κατέρρευσςν,
416 1124 493 1162 οὗπερ
526 1129 562 1160 τῷ
596 1129 748 1163 μαρτυρικῷ
773 1135 823 1163 μου

38 1169 103 1203 τούτῳ
134 1170 374 1205 προσιπιπνέοντος
396 1166 508 1198 ἣδιστον
536 1169 572 1200 εἰς
599 1167 684 1206 ὀδμὴν
715 1173 766 1201 πᾶς
784 1180 824 1202 τις

38 1211 152 1247 ῖὺοκαλος
181 1212 271 1239 ἔθει·νέ
295 1213 363 1248 Ἐγὼ
389 1210 418 1239 δὲ
443 1214 511 1239 κατὰ
525 1215 572 1243 τὴν
591 1213 615 1240 ἐν
634 1215 739 1250 ἄσμασι
757 1216 824 1252 νύμ-

39 1266 77 1290 ξπν
93 1255 115 1282 εν
138 1258 229 1293 μύροις
255 1256 445 1294 ἔστηριζόμην,
464 1259 509 1284 καὶ
527 1259 620 1295 μύροις
647 1256 759 1294 διπλοῖς,
788 1263 825 1295 τῷ

38 1309 58 1326 τε
81 1300 118 1337 ἄγ’
149 1302 270 1338 αἱμάτων
306 1306 472 1338 μαρτυρικῶν
505 1304 548 1328 καὶ
579 1307 615 1338 τῷ
652 1302 678 1334 ἐξ
709 1302 825 1339 ἱδρώτων

41 1343 213 1381 ἀρχιιρατικῶν
248 1344 429 1382 ἁπατμίζοντι
444 1355 452 1363 α
490 1348 534 1372 καὶ
571 1351 617 1377 τῆς
650 1346 694 1373 ἀπ’
731 1346 825 1384 ἀμφοῖν

42 1387 134 1420 τῦωδίας
156 1393 291 1427 Χριστοῦ,
307 1391 376 1417 κατά
401 1390 513 1425 Παῦλον,
537 1392 601 1426 χθὲς
628 1392 662 1421 εἰς
676 1393 721 1428 μὲν
743 1391 825 1428 ὀσμὴν

43 1433 204 1470 ὠσρραινὸμην
234 1434 320 1469 ζωῆς,
340 1438 384 1461 νῦν
417 1433 447 1461 δὲ
469 1435 576 1472 ῥιγίστῃ
614 1436 724 1462 θανάτου
754 1435 823 1473 ὀδμῇ

43 1478 70 1509 εἰς
90 1480 189 1506 θάνατον
214 1480 409 1517 ἀποπνίγομαι,
435 1481 497 1507 Οἶον
522 1482 607 1517 στόμα
620 1482 718 1519 χάρισι
734 1481 824 1519 βρύον,

43 1526 77 1549 καὶ
101 1524 244 1562 παρρησίας
278 1524 385 1561 εὐλόγου
413 1525 527 1561 πέλεκυς,
557 1525 660 1553 ὕστατα
686 1529 796 1563 μέμυκεν
817 1527 823 1555 l

44 1569 84 1593 Οἰι
108 1571 185 1606 χάρις
211 1569 327 1606 χειλέων
358 1571 499 1606 μυρίπνους
522 1571 635 1606 κέχυται
657 1572 726 1597 κατὰ
751 1571 824 1607 γῆςΙ

44 1613 83 1638 οἱα
103 1613 202 1648 γλῶττα
231 1616 382 1650 πυρίπνους
408 1614 575 1643 ἀπέσϐηκενέ
609 1614 698 1645 Ἠλίκη
731 1614 824 1645 διέπτη

45 1658 118 1692 svo-17;!
148 1658 182 1684 Ὠ
215 1662 318 1695 σχῆμα
349 1661 394 1684 καὶ
424 1661 573 1696 πρόσωπον,
605 1660 825 1696 αὐτοσεμνὸτητος

44 1701 141 1738 ἀγαλμα,
173 1703 312 1734 εὐλαϐείας
358 1702 517 1740 ἁκρόπολιςῐ
555 1703 590 1730 “ﬂ
625 1706 740 1741 ὄμματα,
778 1709 824 1736 τῆς

46 1745 103 1772 ἔιδον
128 1748 260 1784 σταθηρᾱς
280 1747 395 1783 γαλήνης
421 1748 536 1784 ἄγγελοι,
557 1748 577 1774 ὦ
597 1747 689 1780 αἰδοῦς
720 1749 824 1786 λύχνοι,

46 1790 61 1814 ὦ
82 1792 236 1828 σοφροσύνης
269 1791 391 1827 θάλαμοι,
420 1795 471 1818 ποῦ
507 1801 568 1818 ποτε
605 1793 732 1828 οἷχισθες
754 1793 826 1829 Διῦρ’

46 1833 83 1868 151,
98 1834 229 1871 φιλοσοφῐα
242 1837 338 1871 σεμνή.
359 1835 428 1872 Δεῦρ’
449 1836 497 1870 ἴθι,
525 1834 651 1872 χλιδῶσα
675 1835 712 1863 δι’
732 1837 827 1863 ἐκεῖνον

47 1877 163 1916 ῥητορική.
201 1881 372 1918 Παρομάρτει
405 1882 449 1906 καὶ
485 1882 527 1914 σὺ,
561 1883 730 1918 γραμματικὴ
763 1883 828 1918 μετὰ

47 1927 124 1959 χοροῦ,
152 1925 212 1956 ὅσος
232 1924 380 1960 ἓγκύκλιος.
412 1924 487 1951 Καλῶ
517 1926 568 1962 γὰρ
594 1927 661 1962 ὑμᾶς
676 1927 708 1956 ὡς
735 1927 826 1962 σοφὰς,

47 1969 101 1993 κατά
120 1970 160 1994 τὸν
185 1972 334 2007 προφήτην,
351 1971 395 1996 καὶ
411 1970 555 2007 θρηνούσας
579 1970 594 1999 ἣ
621 1972 826 2008 συνθρηνούσας,

47 2012 72 2040 ὡς
95 2015 311 2050 συγχηρευοὺσας
343 2013 400 2050 ἐμοὶ
426 2017 537 2050 νυμφίου
575 2019 660 2042 κοινοῦ
679 2026 684 2033 -
723 2017 763 2042 ὅτι
791 2017 826 2052 μὴ

48 2053 107 2082 δυοῖν
129 2057 250 2095 αδίλφαίν
280 2058 439 2095 ἐπιστήμαιν
465 2060 533 2085 κατὰ
561 2061 604 2086 τὸν
630 2061 695 2087 θεῖον
724 2060 827 2096 Ἰακὼϐ,

770 2104 827 2132 οὐδ’

50 2145 118 2176 ἔθνους
142 2146 194 2178 ἑνός
225 2147 375 2185 φυλάρχους
404 2145 520 2184 δώδεκα,
540 2152 590 2174 τῶν
621 2147 646 2176 δ’
677 2151 828 2186 ἔκασταχοῡ

49 2192 85 2219 τῆς
117 2190 258 2227 Ῥωμαῖκῆς
293 2192 378 2230 ἀρχῆς
417 2191 516 2229 σχεδὸν
543 2193 650 2220 ἀπασῶν
686 2193 828 2223 ἐκκλησιῶν

50 2233 159 2270 ἡγεμόνας
185 2235 222 2263 δι’
254 2237 332 2263 αὐτὸν
360 2237 532 2266 ἐτεκνώσατο.
567 2238 647 2265 Ὥστε
678 2242 723 2266 καὶ
741 2241 830 2271 πάσας

51 2276 171 2311 ﬁll—licia;
194 2283 229 2312 ὡς
254 2281 377 2318 ὀρφανίας
406 2285 534 2320 προγόνου
560 2287 648 2310 κοινοῦ
669 2285 736 2310 κατά
754 2284 829 2321 λόγον

53 2324 184 2358 σιγκαλὶσω
212 2330 259 2352 τοῦ
285 2327 379 2363 θρήνου
410 2329 639 2364 συναπάρχεσθαι,
659 2331 704 2354 καὶ
722 2331 772 2366 πρό
802 2338 830 2365 γε

52 2372 126 2393 πασῶν
155 2372 201 2398 τὴν
229 2370 412 2407 πρεσϐυτάτην
437 2371 545 2398 ἀπασὼν
573 2374 683 2410 μητέρα,
699 2375 745 2402 τὴν
773 2375 830 2400 νέαν

48 2099 90 2125 ἀλλ’
117 2101 220 2129 ἀπασῶν
251 2103 410 2135 ἁπαξαπλῶς
442 2102 473 2133 ἧν
506 2103 570 2142 ἀνὴρ
595 2105 608 2130 ὁ
645 2104 708 2142 ἀνὴρ
725 2114 731 2121 ·

843 2129 865 2158 D

53 2414 111 2446 Σιὼν,
127 2414 160 2444 ὡς
191 2419 237 2441 τοῦ
264 2415 415 2451 καλλίστου,
431 2417 458 2443 ὃν
489 2418 590 2453 ἠγάπα,
607 2420 731 2449 πεσόντος
763 2420 831 2445 κατὰ

51 2457 90 2484 τήν
114 2462 272 2495 προφητικήν
301 2459 418 2490 ἀπειλήν,
457 2461 533 2488 Οὕτω
560 2463 611 2499 γὰρ
642 2465 830 2501 τραγικώτερον

54 2505 229 2540 περιστήσομαι
260 2504 352 2531 κύκλον
381 2505 416 2537 εἰς
440 2505 577 2537 ξυναυλίαν
611 2507 716 2538 πένθους
743 2511 830 2534 κοινοῦ

52 2547 88 2571 ut
120 2551 238 2585 συμφορᾷ
275 2553 347 2586 κοινῇ
381 2552 531 2588 πρέποντος.
565 2551 598 2578 Ἦ
636 2561 685 2578 που
718 2554 763 2579 καὶ
799 2553 831 2583 ὡς

55 2590 169 2626 Αἴγυπτος
186 2592 228 2620 ἐπὶ
246 2593 311 2621 πολὺ
332 2596 376 2622 τὸν
399 2595 494 2623 Ἰακὼϐ
515 2599 570 2628 τοῖς
584 2598 643 2635 περὶ
660 2598 705 2624 τὸν
735 2596 831 2634 Ἰωσὴφ

84 2679 94 2717 ξ
108 2679 210 2712 ὅποω.
222 2690 262 2719 rx,
280 2685 323 2716 t7.

878 814 980 842 omnia
992 814 1094 842 divina
1115 816 1142 842 et
1157 814 1293 842 humana
1309 813 1436 842 aediﬁcia
1458 813 1615 849 destruxit,
1643 816 1706 842 tan-

877 865 971 895 quam
990 858 1092 887 lucum
1107 858 1164 886 diis
1189 866 1308 886 sacrum
1327 858 1473 886 intactum
1493 858 1621 894 reliquit.
1639 858 1705 887 Jam

877 904 1041 939 pretiosum
1053 903 1206 939 sepientim
1213 902 1388 931 balsamum
1395 902 1554 939 profusum
1562 905 1614 938 est,
1623 902 1705 938 quod

878 948 979 976 odoris
995 947 1143 976 suavitate
1158 955 1264 976 omnes
1277 947 1329 983 qui
1343 954 1391 975 res
1403 948 1580 983 praestantes
1602 948 1706 974 amant

878 991 990 1027 allexit;
1018 994 1047 1020 et
1072 999 1108 1020 ex
1123 993 1251 1027 utroque
1280 998 1336 1026 ego
1350 991 1414 1019 heri
1440 991 1606 1018 secundum
1622 989 1706 1018 Pauli

877 1035 969 1064 verba
984 1035 1090 1064 Christi
1103 1035 1224 1064 dulcem
1241 1035 1366 1064 odorem
1382 1034 1451 1062 vitae
1472 1034 1588 1069 gustavi
1601 1043 1608 1068 ;
1624 1041 1705 1061 nunc

879 1082 978 1109 autem
1002 1079 1106 1108 mortis
1136 1079 1272 1108 horribili
1293 1079 1386 1107 odore
1413 1078 1554 1106 suffocor.
1576 1078 1651 1106 Cum
1670 1085 1705 1106 eo

878 1125 939 1153 vita
951 1124 1093 1152 defuncto
1104 1132 1138 1153 os
1151 1124 1327 1159 gratiosum,
1341 1123 1574 1151 instrumentum
1587 1130 1706 1158 magum

878 1168 1032 1203 libertatis,
1046 1168 1133 1205 periit
1145 1168 1150 1196 l
1178 1167 1271 1197 Labia
1287 1167 1457 1196 balsamica
1471 1167 1687 1195 obmutuerunt
1699 1175 1706 1201 ;

878 1213 982 1249 lingua
996 1213 1151 1249 ignivoma
1174 1213 1316 1241 exstincta
1336 1214 1392 1241 est.
1409 1213 1430 1240 Ο
1443 1212 1560 1240 vultum
1570 1211 1707 1247 archety-

879 1265 953 1294 pum
969 1265 1086 1285 summe
1103 1256 1322 1291 venerandum,
1338 1263 1499 1292 arcemque
1519 1255 1685 1292 prudentiae
1699 1255 1706 1282 ἱ

880 1303 902 1331 0
915 1302 1017 1331 oculos
1030 1304 1191 1338 perpetuos
1205 1309 1283 1330 vera:
1297 1300 1404 1328 laetitiae
1419 1300 1544 1335 indices,
1555 1300 1607 1336 qui
1622 1307 1707 1328 vere-

880 1346 1033 1380 cundiam,
1044 1346 1096 1382 qui
1107 1345 1274 1373 castitatem
1283 1344 1546 1379 demonstrabatis,
1559 1343 1631 1380 quid
1643 1351 1708 1372 eva-

881 1390 982 1418 sistis?
997 1390 1118 1423 Adesto,
1135 1389 1334 1425 Philosophia,
1354 1389 1468 1421 adesto,
1485 1389 1650 1421 Rhetorica,
1667 1387 1706 1416 ab

881 1434 1032 1464 Eustathio
1041 1436 1195 1470 tantopere
1206 1434 1357 1470 promota!
1369 1433 1522 1462 Adesdum
1533 1436 1564 1461 tu
1574 1440 1706 1469 quoque,

881 1479 1091 1514 Grammatica,
1106 1487 1175 1507 cum
1193 1478 1370 1506 satellitibus
1392 1477 1459 1506 tuis.
1477 1478 1708 1505 Lamentatrices

879 1532 934 1554 vos
947 1527 1047 1553 statuo
1058 1524 1219 1559 sapientes,
1231 1522 1397 1551 secundum
1412 1522 1506 1550 verba
1519 1522 1674 1558 prophetae
1685 1522 1706 1554 ‘,

880 1571 921 1605 ut,
941 1568 1042 1597 viduae
1061 1575 1131 1596 eum
1158 1567 1221 1595 sitis
1235 1569 1264 1595 et
1282 1567 1366 1602 ipsae,
1382 1573 1530 1601 magnum
1558 1572 1707 1601 sponsum

880 1621 999 1642 mecum
1012 1611 1172 1649 plangatis.
1189 1613 1253 1640 Non
1268 1610 1347 1638 enim
1361 1612 1479 1638 tantum
1498 1608 1537 1637 ad
1551 1609 1644 1637 instar
1663 1610 1708 1637 Ja-

881 1658 948 1687 cobi
963 1656 1151 1694 patriarchse,
1168 1655 1308 1684 scientias
1327 1654 1463 1689 geminas
1487 1661 1596 1682 uxores
1620 1653 1708 1681 duce-

880 1703 943 1736 bat,
955 1701 1007 1730 sed
1022 1701 1160 1729 omnium
1172 1708 1232 1728 una
1243 1699 1369 1728 maritus
1386 1701 1464 1733 erat;
1480 1706 1535 1726 nec
1553 1697 1642 1726 unius
1654 1705 1708 1734 po-

881 1747 944 1784 puli
958 1746 1049 1774 duces
1060 1753 1187 1774 numero
1196 1745 1313 1777 decem,
1329 1743 1381 1771 sed
1393 1743 1530 1771 omnium
1543 1742 1709 1778 provincia-

881 1800 949 1820 rum
965 1793 1169 1819 Romanarum
1184 1789 1276 1817 duces
1291 1787 1467 1825 procreavit.
1484 1788 1566 1815 Hanc
1582 1787 1621 1815 ob
1642 1794 1710 1815 cau-

881 1844 948 1864 sam
955 1843 1058 1864 omnes
1065 1835 1198 1862 civitates
1208 1841 1265 1862 avo
1272 1832 1425 1861 communi
1432 1831 1554 1860 orbatas
1563 1831 1593 1859 in
1603 1831 1709 1867 spiritu

881 1888 1016 1909 convoco
1037 1882 1070 1907 ut
1093 1879 1248 1915 planctum
1274 1876 1536 1911 mecum.jneant;
1567 1875 1619 1903 sed
1639 1877 1708 1904 ante

881 1932 986 1953 omnes
997 1923 1133 1951 omnium
1145 1923 1264 1955 avitam,
1272 1929 1384 1949 novam
1396 1921 1525 1952 Sionem,
1537 1919 1624 1956 cujus
1634 1927 1709 1955 prae-

882 1968 1084 1997 stantissimus
1115 1966 1196 1994 filius
1223 1966 1403 2001 (secundum
1427 1964 1582 2001 prophetae
1606 1963 1706 1997 verba)

882 2021 973 2049 quem
988 2013 1075 2040 unice
1101 2010 1254 2045 diligebat,
1268 2009 1404 2038 decessit.
1428 2010 1470 2037 lta
1495 2008 1575 2036 enim
1598 2007 1709 2042 majori

881 2057 1048 2093 lugentium
1062 2058 1182 2083 caterva
1197 2055 1323 2091 stipatus
1336 2062 1398 2089 ero,
1409 2056 1441 2081 ut
1453 2053 1482 2081 in
1497 2052 1650 2080 communi
1661 2060 1708 2080 ca-

883 2102 1014 2130 lamitate
1030 2100 1179 2129 convenit.
1194 2098 1456 2132 Quemadmodum
1477 2097 1557 2125 enim
1577 2095 1710 2132 {Egyptii

884 2155 952 2175 eum
966 2146 1095 2181 Josepho
1117 2144 1244 2180 ejusque
1261 2142 1374 2171 familia
1390 2142 1536 2170 Jacobum
1551 2141 1604 2168 diu
1626 2140 1710 2176 luge-

882 2193 965 2227 bant,
979 2191 1020 2219 ita
1033 2189 1118 2218 multi
1132 2188 1222 2216 exteri
1237 2195 1306 2216 cum
1326 2187 1455 2215 Rommis
1471 2186 1565 2214 salem
1590 2188 1710 2222 aposto-

883 2237 972 2266 licum
988 2238 1085 2269 terrae,
1097 2233 1191 2262 solem
1212 2232 1343 2260 universi
1358 2231 1564 2266 evangelicum
1579 2231 1631 2267 qui
1641 2230 1711 2259 hinc

883 2282 953 2310 inde
965 2279 1083 2308 virtutis
1095 2286 1130 2307 ac
1147 2276 1300 2314 sapientiae
1311 2275 1503 2312 splendorem
1514 2275 1651 2309 etTundit,
1661 2275 1711 2303 de-

885 2325 994 2355 siderio
1011 2332 1065 2352 suo
1091 2324 1324 2360 prosequuntur.
1351 2320 1401 2348 llic
1423 2320 1503 2348 enim
1523 2320 1569 2348 sol
1591 2327 1653 2348 non
1672 2319 1712 2348 ad

884 2379 933 2400 me
944 2370 1052 2402 solum,
1063 2368 1116 2396 sed
1128 2375 1180 2404 per
1191 2366 1362 2394 universam
1369 2365 1481 2393 almam
1490 2367 1599 2393 terrain
1610 2364 1711 2392 radios

886 2423 958 2444 suos
972 2413 1080 2442 emisit.
1096 2414 1180 2440 Nunc
1191 2413 1304 2445 autem,
1318 2409 1370 2438 ubi
1385 2409 1555 2438 communis
1574 2408 1711 2436 omnium

884 2461 998 2497 pharus
1027 2457 1173 2487 exstincta
1193 2455 1283 2491 jacet,
1311 2454 1407 2489 caligo
1433 2461 1496 2481 non
1519 2452 1630 2484 brevis,
1656 2451 1711 2479 sed

885 2506 1037 2539 diuturna,
1051 2502 1113 2531 imo
1123 2503 1235 2529 {eterna
1249 2499 1385 2528 tellurem
1395 2499 1534 2533 occupat,
1545 2498 1709 2533 postquam

885 2549 1057 2587 sepulcrum
1081 2545 1164 2575 sidus
1197 2550 1371 2587 coruscans?
1386 2541 1558 2587 devoravit.-
1575 2542 1638 2587 PerA
1653 2539 1710 2587 has

886 2583 1036 2629 tenebras,
1060 2589 1243 2622 animalibus
1260 2586 1421 2624 rapacibus
1443 2593 1478 2615 ac
1492 2584 1609 2614 furibus
1627 2583 1710 2621 justo
