1948 3079
213 80 263 120 333

637 75 824 116 MICHAsLis
844 71 1035 113 AcOiiINAii
1054 74 1270 111 ATHENARUM
1287 77 1450 111 ARCHIEP.

1832 78 1906 111 356

210 152 376 186 amiciores,
390 160 450 188 que
465 159 512 180 me
528 151 669 179 miseram
685 147 840 176 calamitas
850 145 965 174 manet!
978 145 1024 173 Pu

1092 145 1285 178 συνεπένθὴσεν,
1320 144 1386 171 οὕτω
1418 145 1464 170 καὶ
1504 147 1554 170 τῶν
1600 143 1764 181 ἐτεροφὺλων,
1794 144 1908 171 πολλοὶ

208 196 334 226 blicanis
359 199 388 226 et
409 196 600 232 vectigalium
617 192 804 222 exactoribus
822 191 926 227 praeda
939 190 1034 218 facilis

209 245 237 270 et
248 245 333 277 grata
349 250 410 276 ero,
426 250 518 278 quam
547 242 649 277 pastor
672 237 808 273 egregius
827 243 888 264 non
903 235 1033 271 amplius

209 287 348 320 custodit,
366 294 498 322 curaque
512 283 680 320 particulari
696 290 731 310 ac
746 279 943 309 sollicitudine
962 287 1034 315 pro-

211 332 355 368 sequitur.
375 332 520 359 Somnum
542 330 622 358 enim
637 331 781 356 aeternum
797 324 908 353 dormit
933 325 1034 352 Eusta-

209 377 288 404 thius
304 376 368 404 telis
380 378 498 408 exutus,
514 374 625 410 quibus
638 381 693 400 nos
706 371 809 399 contra
824 369 920 397 malos
933 369 1034 397 defen-

209 420 317 454 debat;
334 428 394 456 qua
408 422 509 456 pastor
519 418 592 446 alter
606 416 732 445 Davides
745 415 755 433 ⁵
773 416 836 443 erat
856 413 908 450 qui
931 421 1034 440 ursum

209 473 245 492 ac
269 464 386 492 leonem
403 460 565 500 raptorem,
582 470 638 491 ove
660 469 675 488 e
695 460 765 495 gula
790 461 901 494 erepta,
916 457 1034 492 occidit,

212 520 222 533 ι
242 508 317 536 sicut
326 509 439 544 pastor,
454 510 528 536 teste
543 507 694 542 Scriptura
709 505 730 540 °,
747 503 784 532 de
799 511 850 531 ore
864 502 959 530 leonis
973 502 1035 530 duo

209 560 297 581 crura
309 554 360 580 aut
375 555 541 580 extremum
570 549 711 578 auriculas
725 548 810 576 eruit.
831 558 844 572 »
872 549 928 574 Aut
954 546 1035 574 enim

210 597 249 625 ad
272 596 434 624 Dominum
459 603 562 632 preces
578 594 691 627 effudit,
708 595 760 621 aut
782 599 887 627 regum
915 590 1034 618 animos

210 640 369 677 permovit,
398 642 427 668 et
454 639 534 667 mala
549 639 668 667 fortuna
691 636 821 665 evanuit.
851 637 933 663 Nunc
952 642 1033 667 vero,

211 685 286 721 proh
302 683 403 712 dolori
420 685 581 720 postquam
595 681 687 720 quieti
698 689 729 709 se
743 680 868 708 daturus
884 679 914 707 in
927 678 1035 706 lectulo

210 728 406 759 recubuisset,
418 736 466 755 me
480 727 652 760 insalutato,
663 725 742 753 diem
757 724 830 752 obiit
846 730 1033 759 supremum.

210 774 303 800 Tanto
317 772 379 800 viro
394 772 549 808 quomodo
567 771 675 798 misera
691 777 747 804 ego
766 772 917 804 superstes
934 775 984 795 ero
994 767 1009 794 ‘t
1021 777 1031 791 ι

209 817 312 847 πάντως
365 814 540 852 δασμολόγοις
587 814 770 850 βρωθήσομαι,
804 813 838 842 ὡς
883 812 973 847 ἑτοίμη
1011 813 1056 837 καὶ

1086 189 1221 225 Ῥωμαίοις
1259 189 1475 226 συνολοφὺρονται
1509 190 1621 222 τουτονὶ,
1652 190 1681 214 τὸ
1714 188 1906 216 ἀποστολικὸν

1087 233 1151 264 ἅλας
1184 237 1229 264 τῆς
1266 237 1326 269 γῆς,
1364 236 1409 259 καὶ
1447 235 1547 270 κόσμου
1589 234 1686 264 παντὸς
1720 233 1906 269 εὐαγγελικὸν

1088 277 1170 312 ἣλιον,
1202 281 1247 304 καὶ
1266 279 1300 309 ὡς
1324 277 1367 304 ἀπ’
1390 279 1471 314 ᾶκρου
1500 282 1544 304 τοῦ
1573 278 1682 314 οὐρανοῦ
1709 276 1906 315 διικνούμενον

1088 323 1132 353 ἕως
1153 323 1234 360 ἄκρου
1255 326 1302 348 τοῦ
1328 322 1437 359 οὐρανοῦ
1463 325 1555 358 σοφίας
1580 325 1622 348 καὶ
1648 321 1741 359 ἀρετῆς
1760 323 1906 359 περιλάμ-

1087 366 1175 402 ψεσιν.
1201 366 1230 392 Εἰ
1254 367 1304 404 γὰρ
1325 369 1370 392 καὶ
1393 368 1427 398 ὡς
1447 366 1471 392 έν
1493 365 1579 402 δίσκῳ
1598 371 1633 402 τῷ
1665 368 1723 393 κατ’
1749 366 1792 403 ἐμὲ
1812 377 1906 405 περι-

1088 411 1154 437 ϐόλω
1186 411 1381 448 περιεγράφετο,
1416 411 1479 437 ἀλλὰ
1511 411 1556 441 τὰς
1597 410 1701 442 ἀκτῖνας
1737 411 1763 442 ἐς
1800 413 1909 438 πάντα

1087 454 1252 492 πολυφόρϐου
1271 457 1382 492 πείρατα
1405 457 1483 490 γαίης
1506 454 1622 485 ἐξέτεινε.
1648 457 1699 481 Καὶ
1721 459 1765 481 νῦν
1787 457 1908 490 τούμοὺ

1088 502 1133 526 καὶ
1174 502 1261 525 κοινοῦ
1304 499 1454 535 λαμπτῆρος
1500 498 1684 532 ἐκλελοιπότος,
1724 502 1815 530 σκότος
1855 503 1907 535 τῷ

1087 546 1166 570 παντὶ
1199 541 1383 578 σχεδιάζεται⁵
1414 543 1460 569 οὐκ
1493 542 1517 569 ἐν
1536 545 1618 579 μορίῳ
1643 545 1740 578 χρόνου
1773 543 1907 581 βραχεῖ,

1089 587 1143 614 ἀλλ’
1167 586 1189 618 ἐς
1217 588 1260 613 τὸν
1281 586 1319 614 ἀεὶ
1346 589 1390 613 καὶ
1409 587 1445 617 εἰς
1471 588 1531 613 ὅσον
1557 588 1570 613 ὁ
1600 589 1722 623 στυγερὸς
1747 588 1822 618 οὗτος
1844 592 1904 614 τοῦ

1088 633 1170 668 τάφου
1207 631 1314 668 λύχνος,
1347 633 1380 662 ὡς
1415 632 1504 668 λύχνῳ
1540 629 1664 668 μέδιμνος
1697 631 1899 668 ἁντιφράττων,

1089 677 1300 713 ὶπιπροσθήσειν.
1335 675 1396 703 ’Υπό
1442 674 1471 702 δὲ
1513 677 1583 712 ζόφῳ
1625 674 1730 712 τοιῷδε,
1763 677 1904 709 κλέπταις

1088 723 1133 747 καὶ
1159 721 1238 757 θηρσὶ
1259 722 1352 751 νυκτὸς
1375 722 1498 756 ἀμείνονι,
1514 723 1540 746 τί
1562 725 1611 746 τῶν
1627 719 1717 747 δεινῶν
1738 721 1753 750 ἠ
1776 722 1904 757 σχετλία

1371 766 1477 796 Πάντως
1521 765 1670 801 φορολόγοις
1707 768 1865 802 εκκείσομαι
1893 777 1902 783 ·

1530 808 1742 846 ἁνθρωποφάγοις
1788 812 1904 841 τούτοις

1090 766 1119 792 οὐ
1165 768 1290 800 πείσομαι
1313 773 1320 798 ;

1090 809 1175 845 ἀγαθὴ
1218 810 1292 846 θήρα,
1335 811 1380 836 καὶ
1427 813 1481 840 τοῖς

213 861 306 897 θηρσὶν
344 858 460 890 ἔκδοτος·
500 860 595 885 Οὐκέτι
631 859 681 895 γὰρ
719 857 914 894 ἑπαγρυπνήσει
947 865 992 891 μοι
1025 854 1119 884 ἐκεῖνος
1151 854 1164 879 ὁ
1197 856 1278 890 μέγας
1309 852 1370 890 ἐμός
1402 855 1509 890 ποιμὴν,
1531 856 1576 880 καὶ
1607 857 1712 890 μυρίοις
1745 852 1903 892 διεγρηγο-

211 907 264 941 ρὼς
301 906 417 940 ὄμμασιν
434 913 441 919 ·
471 903 499 930 οὗ
525 903 630 939 φυλάξει
661 902 750 932 νυκτὸς
778 903 823 926 καὶ
854 900 910 936 μεθ’
942 900 1040 936 ἡμέραν
1059 898 1098 925 ἐπ’
1127 897 1170 934 ἐμὲ
1201 897 1337 934 φυλακὰς·
1371 897 1493 924 καθεύδει
1521 899 1572 934 γὰρ
1601 898 1679 924 ὕπνον
1716 901 1793 929 dum;
1823 909 1903 935 παγ-

210 952 292 985 κρατῆ
333 951 377 974 καὶ
415 952 461 974 τοῦ
499 948 626 977 συνήθους
653 948 820 983 μακρότερον·
859 943 973 981 ἀτρεμης
1010 941 1039 969 δι
1077 941 1202 979 σφενδόνη
1240 942 1321 978 λόγων
1358 942 1466 975 εκείνου,
1502 944 1548 968 καὶ
1585 942 1669 969 οὐκέτι
1707 942 1780 979 φοϐεῖ
1809 944 1903 979 θηρία

211 984 312 1030 τέονηρά
350 991 495 1028 βάλλουσα,
533 991 623 1021 Ἀλλος
659 991 710 1026 γὰρ
757 988 787 1018 ἦν
824 989 898 1019 οὗτος
935 990 979 1017 τὴν
1027 988 1200 1024 ποιμαντικὴν
1249 984 1333 1012 Δαυὶδ
1374 987 1469 1023 ἄρκτον
1518 988 1620 1012 τύπτων
1662 989 1707 1013 καὶ
1742 988 1901 1014 πατάσσων

213 1036 312 1070 λέοντα,
345 1038 430 1062 εἴποτε
461 1035 536 1062 λάϐοι
572 1044 599 1061 τι
635 1039 683 1065 τῆς
720 1034 777 1060 κατ’
815 1033 893 1059 αὐτὸν
931 1031 1024 1068 ἀγέλης
1043 1031 1132 1065 ἐπιὼν,
1166 1031 1226 1067 ὅπερ
1257 1033 1302 1056 καὶ
1333 1029 1428 1061 ὶξέσπα
1463 1033 1510 1057 τοῦ
1542 1033 1691 1067 στόματος·
1720 1042 1733 1056 ι(
1767 1033 1800 1062 ὡς
1831 1033 1900 1058 ὃτον

214 1079 345 1117 ἐκσπάση,
366 1081 481 1116 φησὶν,ὁ
512 1082 608 1115 ποιμὴν
628 1077 677 1105 δύο
706 1078 795 1109 σκέλη,
820 1078 835 1107 ἣ
865 1076 940 1103 λοϐὸν
964 1077 1042 1102 ὠτίου
1062 1075 1089 1102 ἐκ
1109 1078 1240 1111 στόματος
1266 1074 1371 1105 λέοντος.
1389 1086 1403 1100 n
1436 1074 1468 1101 Ἦ
1488 1076 1539 1113 γὰρ
1569 1074 1700 1106 ἀλαλήτως
1731 1075 1792 1102 ἐϐόα
1822 1078 1899 1114 πρὸς

215 1127 319 1162 Κύριον,
354 1125 369 1153 ἢ
391 1124 544 1160 βασιλεῦσιν
582 1122 724 1153 ἐπέστελλε,
745 1124 790 1148 καὶ
825 1122 948 1158 παραυτὰ
968 1122 998 1147 τὸ
1016 1120 1113 1146 λυποῦν
1132 1121 1219 1156 ὥσπερ
1247 1129 1272 1146 τι
1308 1121 1379 1155 νέφος
1415 1122 1574 1155 παρίπτατο.
1598 1123 1651 1146 Νῦν
1685 1118 1714 1146 δὲ
1745 1119 1810 1146 ἀλλὰ
1844 1123 1900 1146 καὶ

1071 1165 1113 1191 ὅτε
1140 1165 1206 1201 πρὸς
1237 1162 1329 1200 βραχὺ
1363 1167 1417 1194 τοῖς
1449 1165 1627 1202 μεθημερινοῖς
1659 1165 1770 1200 μόχθοις
1801 1163 1898 1190 51mm-

209 1169 222 1195 ὁ
254 1167 360 1195 τοιόσδε
392 1168 461 1204 φεῠί
500 1168 608 1205 ἡρπάγη
639 1168 738 1203 θανάτῳ
767 1167 859 1197 νυκτὸς
890 1165 1049 1200 ἔπιπεσόντι,

210 1213 309 1244 στάξας
345 1212 511 1241 κατακλιθείη
546 1211 588 1238 ἐπὶ
623 1215 770 1248 στρωμνῆς,
804 1208 866 1236 οὐδὲ
896 1209 1015 1235 λοισθίου
1051 1207 1181 1245 μεταδούς
1226 1217 1272 1244 μοι
1312 1209 1539 1245 προσφθέγματος,

209 1261 321 1291 ὕστατα,
366 1257 395 1284 οὗ
431 1258 465 1283 τὰ
501 1257 621 1294 ἐξιτήρια
666 1255 867 1291 συνταξάμενος.
917 1252 982 1280 Εἶτα
1024 1263 1052 1279 τό

207 1301 329 1337 ἀνέξομαι
339 1310 348 1337 ς

1584 1208 1631 1234 οὐκ
1660 1207 1813 1244 ἔπισκηψας
1857 1211 1898 1235 τὰ

1055 1251 1128 1279 ιοῡδε
1170 1250 1264 1290 ἀνδρὸς
1309 1251 1467 1286 ἐκπεσοῦσα,
1503 1251 1638 1278 ἐπιϐιῶναι
1675 1252 1690 1282 ἡ
1729 1251 1897 1289 δυσδαίμων

243 1347 310 1373 Haec
335 1348 363 1373 et
389 1344 447 1373 alia
467 1344 644 1381 hujusmodi
665 1352 735 1372 cum
759 1343 872 1379 gemitu
896 1342 1024 1370 clamans

1124 1341 1209 1367 Πολλὰ
1227 1339 1318 1367 τοιάδε
1344 1341 1524 1369 Θεσσαλονίκη
1552 1341 1676 1372 πολλάκις
1702 1339 1897 1378 ἂνοιμώζουσα

207 1389 413 1417 Thessalonice
425 1392 577 1417 mortuum
589 1387 794 1425 deplorabitet
802 1388 833 1415 in
843 1395 955 1415 vanum
966 1394 1020 1415 evo

207 1434 288 1462 cabit
302 1443 308 1461 :
326 1441 445 1469 semper
460 1434 539 1461 enim
555 1436 617 1461 tam
633 1433 715 1461 cbari
734 1432 850 1468 capitis,
866 1431 1031 1468 praesertim

207 1478 282 1506 inter
296 1485 343 1505 res
365 1478 519 1510 adversas,
537 1485 654 1505 memor
669 1478 731 1505 erit.
752 1478 793 1505 ’l‘u
812 1476 947 1512 quidem.
959 1476 1031 1504 bea-

206 1523 320 1551 tissime
330 1531 364 1550 ac
374 1523 595 1559 sapientissime
603 1522 735 1556 antistes,
742 1529 811 1550 cum
823 1530 944 1549 summa
952 1523 1031 1549 tran-

207 1566 350 1604 quillitate
364 1575 380 1594 e
393 1567 453 1595 vita
468 1567 628 1601 excessisti,
640 1567 722 1595 nullo
732 1565 850 1601 morbo,
865 1565 939 1594 nulli
953 1566 1032 1594 curis

206 1612 393 1640 terrestribus
408 1614 533 1640 vexatus
549 1621 556 1645 ;
570 1618 681 1648 corpus
693 1611 772 1639 enim
788 1613 934 1646 tanquam
947 1610 1032 1638 indu-

207 1656 285 1683 sium
301 1657 365 1684 sine
392 1656 485 1684 animi
513 1655 616 1684 dolore
646 1655 761 1683 exuisti.
791 1654 929 1690 Corporis
951 1655 1032 1682 enim

204 1700 412 1728 membrorum
427 1700 532 1728 rationi
543 1702 779 1728 consentaneum
791 1699 905 1733 gessisti
915 1707 1031 1730 curam,

204 1746 237 1771 ut
252 1747 378 1772 mortem
405 1752 497 1779 quam
524 1744 698 1779 longissime
724 1743 969 1779 procrastinares.
997 1743 1033 1769 Ut

205 1787 286 1815 enim
301 1787 410 1822 globus
422 1795 484 1816 uno
496 1791 614 1816 tantum
625 1791 737 1823 puncto
747 1790 830 1815 terrae
844 1786 1032 1822 superﬁciem

205 1831 309 1866 tangit,
322 1831 363 1859 sic
377 1838 499 1867 quoque
510 1839 620 1867 corpus
632 1834 715 1859 tuum
730 1839 822 1867 quam
837 1830 960 1858 minime
970 1831 1031 1858 ani-

205 1883 289 1903 mam
318 1875 532 1909 contrectabat,
557 1883 595 1903 ne
624 1883 677 1911 per
697 1883 840 1902 sensuum
867 1875 1031 1910 voluptates

205 1919 351 1947 damnum
367 1919 532 1947 inferretur.
549 1921 623 1948 Cum
641 1920 709 1947 dein
727 1919 756 1947 in
766 1927 907 1947 somnum
923 1919 973 1954 qui
984 1927 1032 1946 cu-

204 1971 254 1991 ras
270 1963 356 1991 solvit
366 1963 517 1996 labereris,
534 1963 629 1991 oculis
640 1963 885 1999 temporibusque
900 1963 1030 1999 quietem

205 2007 301 2035 dabas
315 2017 322 2041 ;
339 2007 408 2035 dein
423 2008 521 2044 primo
537 2015 645 2036 somno
661 2008 797 2041 alterum,
814 2015 921 2035 somno
941 2008 1030 2035 inter-

203 2053 292 2087 rupto
324 2059 466 2079 somnum
494 2051 680 2086 diuturnum,
709 2051 793 2079 brevi
815 2052 950 2086 longum,
970 2051 1029 2079 leni

204 2095 309 2123 durum
323 2095 512 2130 substituisti,
528 2098 556 2123 et
571 2096 613 2123 sic
627 2103 769 2123 somnum
786 2098 958 2123 sanctorum
980 2095 1029 2123 Dei

204 2139 369 2167 dormivisti
380 2139 431 2175 qui
446 2139 574 2167 Domino
589 2139 696 2175 placet.
712 2141 816 2168 Manus
837 2147 899 2168 non
920 2142 1029 2168 morta-

203 2183 246 2211 les
261 2184 366 2211 oculos
382 2186 449 2212 tuos
475 2183 657 2219 clauserunt,
683 2186 735 2213 aut
755 2184 894 2213 membra
915 2187 966 2212 tua
981 2184 1028 2213 fri-

204 2234 275 2263 gore
291 2230 444 2256 contracta
456 2228 486 2256 in
511 2228 586 2257 lecto
600 2231 810 2265 reposuerunt;
829 2229 880 2257 sed
904 2237 1028 2257 somnus

204 2271 299 2300 dulcis
311 2274 400 2308 atque
413 2273 581 2301 incantator
593 2275 621 2301 te
631 2273 761 2309 sopitum
775 2276 803 2302 et
815 2273 918 2302 animo
926 2273 1028 2302 laetum

203 2323 257 2352 per
270 2317 457 2345 somniorum
473 2320 574 2353 portas
594 2317 633 2345 ad
648 2321 787 2352 mortem,
803 2321 864 2352 aut,
883 2320 916 2346 ut
929 2318 1028 2346 verius

203 2360 352 2396 dicamus,
369 2369 404 2389 ex
425 2361 482 2389 hoc
496 2361 648 2390 domicilio
670 2362 799 2390 terrestri
822 2362 853 2389 in
875 2362 1027 2391 caelestem

202 2404 285 2432 illam
307 2404 435 2440 patriam
460 2405 602 2438 traduxit,
624 2405 884 2442 quemadmodum
909 2406 1028 2441 Ulysses

201 2451 271 2484 post
285 2449 383 2477 varios
396 2457 485 2477 casus
496 2457 531 2477 ex
546 2449 646 2478 insula
660 2457 721 2477 non
737 2457 792 2477 sua
807 2457 914 2478 somno
929 2450 1028 2486 sepul-

201 2496 250 2522 tus
265 2494 295 2522 in
311 2501 367 2522 sua
382 2494 504 2530 appellit
521 2494 574 2522 ubi
590 2494 621 2522 in
633 2494 731 2522 lucem
746 2493 843 2522 editus
857 2494 963 2523 fuerat.
980 2495 1027 2523 Ad

201 2537 303 2565 Jacobi
319 2537 398 2566 enim
413 2538 591 2573 patriarcha
614 2537 889 2574 exemplum,ﬁnitis
902 2539 1027 2567 manda-

203 2581 238 2608 tis
264 2581 376 2616 quibus
403 2581 481 2610 ﬁlios
507 2581 692 2614 instruebas,
720 2582 812 2618 pedes
837 2585 905 2611 tuos
937 2591 1027 2619 super

201 2623 343 2654 lectulum
354 2625 512 2661 collegisti,
526 2629 555 2654 et
569 2626 669 2654 obiisti
680 2627 706 2662 ῖς
720 2629 752 2655 tu
767 2626 897 2655 utJacob
912 2627 1025 2656 scalam

237 2695 271 2724 ει
285 2696 356 2732 Reg.
370 2705 438 2733 xm,
452 2699 496 2726 34.
527 2698 537 2716 ⁸
548 2699 641 2727 Amos
650 2706 692 2733 ni,
708 2699 751 2726 £2.
783 2699 793 2716 ⁷
809 2699 882 2727 Gen.
891 2705 970 2732 χιιι,
979 2699 1024 2726 32.

1087 1388 1132 1412 καὶ
1164 1387 1315 1419 κωκύουσα,
1340 1385 1452 1414 ποθήσει
1493 1386 1536 1412 τὸν
1564 1385 1650 1412 οὐκέτι
1681 1387 1808 1422 παρόντα,
1843 1389 1895 1412 καὶ

1086 1431 1170 1466 μάτην
1204 1428 1399 1461 ἆνακαλέσεται,
1427 1432 1472 1455 καὶ
1508 1430 1625 1466 μάλιστα
1654 1428 1679 1456 ἓν
1708 1433 1763 1461 τοῖς
1792 1428 1894 1462 δεινοῖς

1086 1476 1257 1511 μεμνήσεται.
1278 1477 1311 1500 Σύ
1330 1475 1392 1511 γὰρ,
1417 1475 1437 1500 ὦ
1463 1479 1513 1500 τῶν
1541 1477 1644 1501 πώποτε
1669 1477 1808 1511 πανσόφων
1837 1475 1895 1513 ἀρ-

1086 1521 1195 1556 χιερέων
1220 1521 1439 1556 μακαριστότατε,
1462 1518 1579 1555 ’μετέϐης
1604 1517 1704 1545 ὶνθένδε
1731 1519 1813 1552 ἵλεως,
1841 1524 1894 1547 καὶ

1086 1565 1196 1600 ἄτρυτος
1236 1565 1331 1595 νόσοις,
1363 1566 1408 1589 καὶ
1452 1564 1540 1594 πάσης
1588 1564 1682 1594 θνητῆς
1725 1561 1893 1601 δυσχερείας

1087 1607 1291 1644 ἀπηλλαγμένος,
1321 1609 1354 1638 ὡς
1379 1610 1538 1643 χιτωνίσκον
1561 1606 1712 1639 ἐκδεδυκὼς
1735 1609 1765 1634 τό
1797 1613 1891 1645 σῶμα,

1086 1652 1130 1678 εἶτ’
1159 1651 1203 1678 οὖν
1237 1651 1401 1688 ἀποθέμενος,
1440 1651 1470 1677 οὗ
1508 1651 1557 1688 βίᾳ
1592 1652 1808 1689 περιπλεκομένου
1842 1656 1893 1680 καὶ

1086 1697 1267 1733 ἐπισπωμένου
1290 1695 1457 1733 ἆπςῤῥωγώς.
1478 1696 1562 1722 Πάλαι
1597 1697 1649 1732 γὰρ
1679 1698 1723 1727 τὰς
1756 1699 1892 1733 σχετικὰς

1085 1740 1163 1767 τοῦδε
1191 1740 1328 1772 ἀντιλαϐἁς
1357 1739 1549 1776 ἑξαλυσκάζων,
1570 1740 1720 1771 ἁπεστάτεις
1752 1741 1891 1779 φιλοσόφῳ

1085 1785 1176 1822 μελέτῃ
1216 1786 1327 1811 θανάτου
1346 1791 1353 1798 ·
1388 1784 1533 1822 ἀκροθιγώς
1569 1783 1599 1811 δὲ
1635 1785 1799 1822 παραψαύων
1841 1790 1891 1813 καὶ

1087 1828 1187 1866 βραχεῖ
1214 1827 1277 1855 ποδὶ
1297 1830 1341 1854 καὶ
1361 1829 1406 1864 οἴῳ
1428 1829 1459 1854 οἶν
1482 1838 1521 1859 τις
1546 1828 1570 1855 έν
1593 1827 1708 1865 ἐπιπέδῳ
1736 1828 1892 1866 (mavrusia;

1086 1873 1225 1910 ἐφάπτοιτο
1254 1877 1362 1910 σφαῖρα,
1382 1874 1498 1908 τοσούτῳ
1525 1875 1669 1910 περιέκεισο
1688 1873 1703 1903 ἧ
1727 1876 1893 1911 παρήρτησο

1084 1922 1172 1949 τοῦτο,
1201 1918 1254 1954 ὃσῳ
1273 1919 1309 1954 μὴ
1341 1917 1504 1953 ζημιοῦσθαι
1522 1918 1555 1943 τὰ
1573 1917 1636 1955 παρ’
1663 1917 1744 1944 αὐτοῦ
1767 1918 1893 1957 εἰσφερό-

1085 1972 1149 1999 μενα
1171 1966 1202 1998 τῇ
1228 1962 1306 1998 ψυχῇ
1334 1963 1432 1997 φυσικὰ
1451 1971 1478 1987 τε
1493 1964 1538 1988 καὶ
1555 1962 1681 1998 ὀργανικὰ
1699 1964 1764 2000 πρὸς
1791 1962 1892 1999 ἀρετὴν

1051 2015 1070 2043 C
1085 2008 1277 2044 ὑπουργήματα
1293 2015 1298 2022 -
1328 2007 1360 2035 ὡς
1389 2004 1430 2031 ἐπὶ
1460 2005 1594 2041 λυσιμελεῖ
1618 2003 1648 2032 δὲ
1672 2005 1743 2042 ὕπνῳ
1775 2006 1890 2034 ἀνακλι-

1085 2052 1146 2085 θεὶς,
1173 2048 1293 2079 δέδωκας
1318 2049 1397 2076 ὕπνον
1422 2053 1478 2080 τοῖς
1502 2050 1644 2086 ὀφθαλμοῖς
1667 2053 1712 2076 καὶ
1737 2054 1792 2081 τοῖς
1825 2062 1889 2089 κρο-

1083 2098 1171 2132 τάφοις
1199 2094 1345 2121 ἀνάπαυσιν
1362 2102 1368 2109 ’
1394 2094 1440 2120 εἰτ’
1468 2094 1592 2125 ἐλελήθεις
1620 2094 1691 2130 ὕπνῳ
1718 2095 1796 2122 ὕπνον
1828 2095 1887 2123 ἔπι-

1083 2141 1212 2175 συνάψας⁷
1251 2143 1287 2174 τῷ
1326 2137 1522 2175 διαιοπτομένῳ
1561 2142 1608 2169 τὴν
1641 2139 1797 2177 ἐγρήγορσιν
1839 2144 1885 2168 τὸν

1083 2188 1181 2221 συνεχῆ
1203 2188 1239 2220 τῷ
1266 2183 1367 2221 βραχεῖ
1383 2185 1427 2209 τόν
1448 2185 1621 2220 μακρότατον,
1642 2187 1687 2210 καὶ
1715 2188 1751 2220 τῷ
1767 2184 1884 2223 ἀϐεϐαίῳ

1081 2232 1125 2257 τὸν
1164 2228 1276 2266 χάλκεον
1292 2239 1299 2245 -
1337 2230 1382 2254 καὶ
1423 2228 1503 2259 οὕτως
1535 2229 1660 2259 ὑπνώσεις
1697 2229 1733 2260 εἰς
1771 2230 1883 2257 θάνατον

1081 2276 1160 2302 ὁσίων
1184 2277 1251 2300 Θεοῦ
1270 2275 1315 2299 καὶ
1332 2276 1389 2308 Θεῷ
1413 2275 1578 2309 τιμιώτατον.
1606 2273 1644 2300 Οὐ
1671 2277 1757 2311 χεῖρες
1787 2275 1882 2304 θνηταὶ

1081 2319 1198 2346 καθεῖλον
1226 2320 1331 2354 ὄμματα
1357 2319 1401 2350 σὰ,
1429 2317 1444 2346 ἣ
1478 2317 1552 2353 μέλη,
1577 2317 1619 2344 ἆπὶ
1651 2317 1744 2354 λέχους
1776 2321 1882 2357 νεκρού-

1081 2374 1145 2400 μι-να
1170 2362 1289 2399 ἥρμοσαν
1312 2370 1318 2377 ·
1354 2361 1436 2388 ὕπνου
1465 2360 1495 2388 δὶ
1526 2361 1676 2393 πανάπαλος
1703 2363 1799 2399 ἐπαφὴ,
1829 2368 1883 2395 τοῖς

1081 2408 1162 2445 φίλοις
1190 2407 1283 2436 ἑαυτῆς
1321 2405 1472 2442 θελγὴτροις
1500 2406 1634 2432 ιῦνάσασα
1665 2409 1710 2433 καὶ
1740 2407 1879 2438 κλινοπιτῆ

1079 2454 1244 2490 ῥυθμισασα,
1272 2450 1406 2487 ἀτάραχον
1425 2451 1492 2476 οὕτω
1519 2453 1565 2477 καὶ
1586 2452 1682 2487 ἔποχον
1707 2451 1808 2488 ὑπνηλῇ
1834 2462 1881 2488 γα-

1080 2498 1140 2527 λήνη
1177 2499 1222 2522 καὶ
1252 2496 1285 2526 ὡς
1319 2493 1355 2520 δι’
1400 2494 1526 2532 ὀνειριίων
1571 2495 1666 2525 πυλῶν¹
1697 2495 1733 2526 εἰς
1771 2497 1880 2524 θάνατον

1081 2540 1256 2579 προῦπεμψεν,
1285 2539 1300 2568 ἡ
1331 2539 1550 2576 (προσφυέστιρον
1573 2539 1663 2571 εἰπεῖν)
1695 2540 1730 2570 ὡς
1753 2539 1781 2572 ἕξ
1805 2540 1879 2568 ἀλλο-

1080 2584 1166 2614 δαπῆς
1188 2580 1273 2611 τῆσδε
1292 2585 1338 2611 τῆς
1360 2583 1501 2618 παροικίας
1527 2581 1563 2611 εἰς
1582 2583 1628 2610 τὴν
1649 2580 1732 2608 ἐκεῖσε
1759 2582 1879 2620 πατρίδα

1080 2629 1291 2666 διεπόρμοιυσεν·
1321 2626 1356 2657 ὡς
1378 2627 1424 2651 καί
1442 2635 1483 2656 τις
1501 2626 1613 2663 ἡρωϊκὸς
1638 2627 1684 2652 καὶ
1709 2626 1878 2659 πολυπλανὴς
