1948 3079
220 56 271 93 359

650 55 838 91 MICHAELIS
855 52 1048 92 ΑΟΟΜῘΝΑΤΙ
1067 55 1282 92 ATHENARUM
1299 58 1463 90 menter.

1849 58 1923 87 360

218 124 286 153 miie
305 125 333 153 et
346 124 414 161 plus
435 131 528 161 quam
541 125 688 160 argenteis
701 125 749 154 vel
768 124 865 153 aureis
881 125 1042 154 Ecclesiam

1102 126 1164 152 ιατὰ
1195 125 1280 151 ταυτα
1299 126 1390 160 σφίσιν
1420 122 1586 150 ὑποκλίναντι
1614 123 1661 152 τὴν
1686 121 1796 151 Ἕλληνα
1826 120 1924 157 φιλο-

219 170 501 198 condecoraverunt.
518 169 635 197 Phineia
655 177 775 207 quoque
804 169 962 205 collegium
977 170 1041 198 sine

218 215 287 243 odio
309 216 337 241 et
365 213 477 241 invidia
491 216 519 241 te
546 214 585 242 ad
613 214 748 250 ipsorum
774 217 875 251 partes
897 215 1043 250 trahunt;

217 258 311 295 probe
326 258 407 286 enim
422 257 518 286 sciunt
532 261 559 287 te
575 258 614 287 ad
629 259 813 295 impietatem
826 259 927 296 lapsos
943 259 1040 287 verbis

217 302 429 339 reprobatoriis
444 302 544 331 acrius
558 311 651 340 quam
663 303 764 339 gladio
778 304 959 332 vulnerasse.
968 304 1041 332 Tan-

218 347 288 375 dem
303 347 446 380 Christus,
461 347 589 376 verbum
607 348 718 382 vivum,
735 348 882 384 sapientia
904 349 1042 377 omnium

218 391 354 425 creatrix,
370 394 399 419 te
414 400 431 420 a
446 391 556 420 dextris
567 400 676 429 propre
684 393 826 421 thronum
840 393 1042 429 sistit,majus-

218 444 277 474 que
289 436 442 473 sapientiae
452 437 596 474 poculum
609 437 747 474 offerens,
761 446 872 467 novam
885 438 937 467 tibi
948 438 1042 476 potio.

218 489 288 509 nem
303 481 452 518 propinat,
464 490 558 518 quam
582 490 652 511 cum
673 482 847 511 hominibus
862 483 998 519 perfectis
1011 483 1043 511 in

218 533 312 561 regno
323 528 448 562 paterno
464 529 584 561 gustare
600 527 639 555 ab
655 527 738 555 omni
764 529 898 564 tempore
912 528 1043 556 destina-

219 573 282 599 tum
297 573 360 599 erat
373 579 380 598 :
398 580 413 598 ‹
426 571 581 600 Neminem
596 571 676 599 enim
689 571 794 607 diligit,
808 572 949 601 Salomon
962 572 1042 605 dicit,

218 615 275 643 nisi
287 623 358 643 eum
372 615 424 652 qui
439 623 509 643 cum
529 616 676 652 sapientia
694 616 810 645 habitat
820 617 840 644 ⁸.
859 628 873 642 ››
886 618 928 645 Tu
942 619 1044 645 autem

219 660 271 696 qui
283 659 392 695 jugiter
407 667 476 687 cum
495 659 547 688 illa
567 667 684 695 manes,
699 660 792 688 solius
815 661 968 697 sapientiae
982 661 1044 689 ille-

220 704 316 732 cebris
337 704 529 739 detinebaris,
540 704 602 732 imo
617 713 687 732 cum
705 713 742 733 ea
757 706 843 742 quasi
857 713 926 733 cum
951 713 1044 734 uxore

220 748 397 783 conjunctus
410 748 436 775 ei
450 748 585 781 vivebas,
600 748 772 777 eimortuus
786 757 829 785 es,
844 752 872 777 et
884 757 965 778 nunc
979 749 1044 786 qui-

1097 172 1188 206 σοφίαν
1214 173 1245 206 τῇ
1270 171 1443 206 Χριστιανικῇ
1465 168 1587 204 θεοσοφίᾳ
1605 169 1650 193 καὶ
1671 170 1749 202 σεμνῇ
1771 165 1924 200 δεσποίνῃ

1097 212 1244 240 σπουδαίαν
1287 214 1441 249 θεράπαιναν
1471 221 1478 228 ·
1508 212 1575 238 ἔνθεν
1618 210 1647 237 δὲ
1682 210 1811 237 Βασίλειοι
1863 211 1924 235 καὶ

1096 261 1235 295 Γρηγόριοι
1263 256 1409 288 δεξιοῦνταί
1425 266 1464 290 σε,
1487 259 1533 282 καὶ
1555 260 1604 282 τῶν
1630 256 1693 291 παρ’
1721 255 1812 285 αὐτοῖς
1833 264 1925 289 συγ-

1095 303 1260 340 κληρονομεῖν
1289 301 1393 333 ἀξιοῦσι
1421 303 1505 338 μόνων
1522 321 1529 335 ,
1548 302 1584 331 οἷς
1617 301 1673 326 κατ’
1707 299 1821 330 ἐκείνους
1859 307 1925 324 πε-

1095 349 1218 385 ριέθηκας
1247 349 1344 383 κόσμον
1377 349 1408 382 τῇ
1444 345 1587 381 Ἐκκλησία
1618 345 1778 380 πολύτιμον,
1809 343 1925 379 λόγους

1095 392 1227 429 λαμπροὺς
1267 394 1312 417 καὶ
1351 389 1481 426 δόγμασιν
1528 388 1706 425 ιύαγγελικοῖς
1750 389 1925 424 γεγανωμέ-

1095 447 1155 467 νους
1193 437 1364 472 θαυμασίως,
1394 437 1439 461 καὶ
1476 435 1510 466 ὡς
1537 436 1559 460 εἰ
1591 443 1629 464 τις
1661 433 1764 470 ἀργᾶρῳ
1798 433 1926 469 χρυσὸς

1096 481 1238 517 ὲπιχέοιτο.
1255 480 1289 506 Ἦ
1309 489 1358 507 που
1378 481 1423 506 καὶ
1446 482 1499 509 τοῖς
1526 481 1586 515 περὶ
1612 479 1656 504 τόν
1682 477 1800 508 ζηλωτὴν
1822 478 1926 506 Φινεὲς

1097 525 1144 552 οὐκ
1167 524 1253 556 οῖςηλα
1270 526 1303 551 τὰ
1325 525 1394 550 κατὰ
1418 524 1447 550 σε
1470 525 1516 550 καὶ
1538 522 1618 552 ἄλλως
1640 520 1776 560 adripit“;
1800 521 1926 548 ’AvOa‘).-

1097 579 1176 596 κονσι
1198 568 1229 596 δί
1257 578 1286 596 σε
1305 571 1349 595 καὶ
1375 566 1447 594 οὗτοι
1464 569 1528 604 πρὸς
1549 567 1654 597 ἑαυτοὺς
1687 569 1732 593 καὶ
1758 566 1927 597 καθίζουσι

1097 612 1251 652 πάρεδρον,
1282 611 1396 646 εἰδότες,
1429 614 1462 642 ὡς
1492 612 1592 642 πλείους
1624 611 1700 642 αὐτὸς
1731 613 1796 648 ἤπερ
1833 610 1926 637 οὗτοι

1094 661 1273 696 παρανομίαις
1310 657 1424 694 ἐκφὺλοις
1463 657 1698 693 συμφθειρομένους
1736 654 1773 682 δι’
1809 655 1925 692 ἀμφοῖν

1098 705 1225 735 ὦθησας,
1256 705 1300 729 καὶ
1330 705 1472 738 τομώτερον
1501 702 1675 738 σειρομαστου
1708 702 1806 730 παντὸς
1836 699 1923 736 ἐλέγ-

1098 758 1161 785 χοις
1176 746 1316 778 διήλασας.
1332 746 1390 773 Ἐπὶ
1414 749 1481 772 πᾶσι
1497 747 1612 782 Χριστὸς
1627 765 1634 778 ,
1655 746 1668 771 ὁ
1685 746 1765 781 Λόγος
1779 765 1787 777 ,
1811 745 1824 771 ό
1844 745 1922 777 ζῶν,

220 792 290 820 dem
300 792 339 820 ab
353 792 495 820 omnibus
509 793 643 829 corporis
656 793 785 821 miseriis
798 793 1044 829 liberatus,fontis

1102 794 1114 822 ἡ
1143 793 1295 828 αὑτοσοφία,
1315 792 1329 820 ἡ
1360 791 1461 817 πάντων
1480 792 1593 826 γεμέτις,
1614 792 1659 816 καὶ
1684 790 1785 816 πάντων
1813 793 1922 825 τεχνῖ-

221 837 286 872 ejus
302 836 527 872 aeternijnstam
542 839 658 873 partem
674 845 704 865 es
717 841 882 866 assecutus.

1098 847 1148 872 τις,
1172 836 1200 863 ἐκ
1223 834 1313 867 δεξιῶν
1337 837 1381 861 καὶ
1401 836 1435 865 ὼς
1457 834 1592 870 ἐγγυτάτω
1615 838 1665 860 τῶν
1692 833 1784 864 ἑαυτῆς
1807 835 1922 870 θρόνων

220 883 405 919 παρεστήσατο
438 890 466 907 σε
497 883 541 907 καὶ
582 881 689 918 μείζονα
727 884 819 918 σοφίας
857 883 949 911 ἵστησί
981 892 1023 909 σοι
1058 885 1195 919 κρατῆρα,
1228 882 1273 906 καὶ
1314 883 1359 906 τοῦ
1401 882 1490 905 καινοῦ
1531 880 1649 915 προπίνει
1692 887 1734 904 σοι
1774 880 1919 914 πόματος,

221 926 281 962 ὅπερ
301 927 367 961 μετα
388 929 436 951 τῶν
457 925 534 956 ἀξίων
554 925 578 951 ἓν
607 929 638 962 τῇ
668 930 782 963 πατρικῇ
816 926 938 963 βασιλείᾳ
967 929 1047 953 πίνειν
1081 924 1203 962 ἀψευδοῦς
1224 923 1380 960 ἐπήγγελτο.
1402 923 1482 954 Αὐτός
1503 933 1531 950 σε
1556 924 1605 960 γὰρ
1630 921 1706 949 οὐδὲν
1735 921 1829 958 ἀγαπᾲ
1844 944 1854 956 ,
1881 923 1921 953 ὣς

221 979 287 1006 φησι
310 969 446 1005 Σολομῶν,
468 970 490 996 εἰ
517 972 552 1006 μὴ
580 971 624 996 τὸν
659 973 738 1007 σοφίᾳ
766 975 956 998 συνοικοῦντα.
988 974 1038 997 Καὶ
1066 973 1098 997 σὺ
1131 969 1180 1003 δὲ,
1210 973 1342 1006 παροικῶν
1375 969 1412 994 ἔτι
1443 966 1539 1005 δεῦρο,
1556 970 1635 1004 μόνον
1664 967 1774 998 κάλλους
1809 971 1921 1003 σοφίας

221 1013 320 1047 ἑάλως,
342 1016 386 1040 καὶ
405 1016 470 1050 μόνῃ
493 1017 572 1051 σοφία
593 1017 792 1052 προσετετήκεις
816 1015 890 1046 εὐθὺς
915 1015 942 1041 ἐκ
969 1014 1084 1051 παιδὸς,
1110 1017 1155 1041 καὶ
1177 1012 1400 1044 συνδιαϐεϐίωκας
1424 1014 1505 1048 ταύτῃ
1526 1014 1571 1038 καὶ
1599 1011 1769 1047 ἔπανέψυξας,
1791 1015 1839 1038 καὶ
1868 1017 1920 1038 νῦν

221 1061 268 1087 τήν
284 1056 370 1084 ἀίδιον
390 1060 489 1089 ταύτης
502 1061 591 1094 πηγὴν
606 1079 613 1092 ,
634 1059 792 1089 κατάλληλον
807 1059 880 1091 λῆξιν
891 1081 899 1094 ,
919 1059 1101 1098 χεχλήρωσαι,
1122 1063 1172 1085 τῶν
1194 1058 1305 1085 ἐνταῦθα
1324 1060 1384 1094 περὶ
1401 1059 1430 1083 τὸ
1453 1061 1529 1093 σῶμα
1539 1058 1585 1083 καὶ
1599 1056 1622 1082 ἐν
1643 1059 1745 1093 σώματι
1767 1055 1919 1083 δυσκόλων

221 1103 381 1140 ὑπεραρθείς.

257 1146 344 1178 Quod
359 1146 385 1173 si
402 1153 458 1174 nos
473 1148 626 1174 terrestres
639 1147 753 1176 incolas
774 1147 906 1184 respicis,
919 1156 937 1176 ο
955 1148 1046 1177 chara

222 1190 325 1218 anima
339 1193 371 1218 ut
385 1198 457 1218 sane
472 1190 562 1226 facis;
581 1199 641 1219 vox
653 1192 732 1220 enim
749 1193 876 1228 mystica
888 1201 944 1221 nos
959 1193 1047 1222 docet

221 1234 279 1262 hoc
294 1234 452 1270 praemium
465 1235 666 1264 honorificum
688 1243 759 1264 esse
776 1237 873 1272 justis,
890 1240 922 1265 ut
936 1240 978 1272 tu,
994 1239 1047 1266 aut

222 1279 332 1315 pignus
345 1279 496 1307 bonorum
520 1280 752 1316 promissorum,
767 1289 835 1317 qum
857 1282 962 1310 oculus
984 1290 1046 1310 non

221 1323 389 1356 vidit,auris
399 1331 460 1351 non
470 1323 585 1352 audivit
599 1325 628 1352 ef
639 1333 707 1361 qum
721 1325 750 1353 in
761 1333 813 1353 cor
822 1325 954 1354 hominis
968 1335 1046 1354 nun-

221 1375 316 1404 quam
326 1367 636 1399 descenderunt”,noli
644 1369 735 1397 hocce
743 1369 945 1406 lacrymarum
957 1371 1046 1399 sacri-
1061 1363 1080 1390 ί)

222 1412 323 1439 ﬁcium
342 1412 505 1448 aspernari,
521 1413 602 1448 quod
624 1413 676 1441 tibi
690 1415 831 1449 quamvis
847 1423 936 1451 super
946 1415 1046 1451 sepul-

222 1465 307 1485 crum
329 1459 414 1484 tuum
438 1464 500 1485 non
525 1458 655 1486 effusum
675 1458 767 1487 offero
779 1459 874 1496 (quod
890 1461 1047 1497 complecti

222 1501 435 1530 consolationis
462 1510 532 1537 ergo
560 1511 621 1531 non
642 1504 715 1532 mihi
741 1504 878 1539 datum);
906 1505 1046 1542 quamvis

221 1546 283 1574 istae
309 1546 449 1582 lacrymee
474 1547 559 1575 melle
588 1547 714 1576 laudum
738 1551 857 1577 tuarum
886 1558 947 1578 non
975 1550 1046 1578 satis

221 1591 348 1620 conditae
366 1591 477 1620 sint.Tu
492 1592 563 1620 mihi
574 1601 694 1629 quoque
710 1594 857 1628 guttulam
873 1595 974 1630 gratiae
990 1597 1046 1622 tute

221 1637 408 1670 committas;
425 1636 574 1671 ejusmodi
591 1638 670 1665 cnim
686 1638 786 1666 ofﬁcia
802 1639 1044 1674 priestare,dum-

221 1681 312 1709 modo
325 1680 494 1714 velis,nuuc
506 1681 637 1709 maxime
648 1682 744 1716 magis
752 1690 844 1717 quam
855 1685 943 1710 antea
951 1683 1044 1710 vales.

221 1726 285 1753 Non
298 1728 401 1760 postea
415 1724 508 1752 oculis
528 1733 584 1752 nos
598 1725 780 1757 videbimus,
793 1735 853 1754 non
869 1734 922 1762 per
934 1727 1046 1754 litteras

221 1767 503 1801 confabulabimur;
518 1768 704 1797 immensum
720 1771 800 1798 enim
815 1771 947 1806 spatium
971 1771 1046 1798 inter

221 1815 331 1840 terram
347 1815 375 1840 et
387 1811 496 1840 coelum
511 1813 705 1847 sidereum,id
716 1817 759 1842 est
771 1814 846 1842 inter
856 1823 911 1842 nos
921 1815 1046 1843 interce-

221 1856 279 1890 dit;
296 1858 428 1884 attamen
443 1864 504 1884 uon
520 1857 716 1892 desperamus
731 1858 794 1886 fore
809 1863 841 1886 ut
865 1862 962 1887 tecum
986 1868 1046 1888 una

221 1901 388 1928 simus.lsta
397 1901 520 1936 quidem
530 1901 722 1937 intercapedo
735 1902 824 1930 nobis
838 1911 960 1939 quoque
969 1906 1046 1932 tran-

222 1944 358 1978 silienda,
369 1945 508 1980 quamvis
522 1948 590 1981 post
603 1948 734 1982 tempus,
750 1947 812 1974 erit.
830 1948 887 1975 Sed
899 1948 960 1976 alia
971 1949 1045 1976 mihi

221 1997 302 2018 nunc
314 1989 506 2025 intercapedo
521 1990 551 2017 in
571 1992 703 2018 mentem
719 1991 798 2019 venit
814 1992 908 2020 multo
921 1993 1045 2020 horribi—

220 2033 285 2068 lior,
300 2041 355 2062 nec
372 2034 470 2061 minor
485 2042 579 2070 quam
594 2034 735 2063 distantia
747 2036 823 2064 inter
837 2037 936 2065 sinum
952 2037 1043 2065 Abra-

1102 2037 1205 2068 ἓσαῡθις
1239 2037 1394 2063 συνέσεσθαί
1423 2039 1464 2062 σοί
1499 2046 1561 2063 ποτε
1581 2047 1586 2052 ·

221 2078 305 2107 hami
317 2081 345 2106 et
358 2078 466 2106 inferni
481 2079 639 2114 gurgitem,
653 2081 682 2107 et
695 2079 746 2107 ubi
761 2081 830 2108 hinc
853 2081 922 2108 inde
947 2084 1044 2110 trans-

221 2124 262 2152 ire
288 2131 349 2151 non
370 2123 467 2151 datur.
479 2125 520 2151 Tu
535 2123 657 2159 quidem
684 2125 715 2152 in
733 2125 891 2154 beatorum
917 2135 1043 2156 numero

222 2168 358 2201 versaris,
374 2167 461 2195 nobis
474 2170 575 2196 autem
596 2169 726 2197 maxime
742 2171 936 2199 metuendum
950 2174 994 2199 cst
1006 2180 1044 2200 ne

220 2214 254 2240 ut
271 2212 370 2240 divitis
384 2212 463 2240 illius
476 2212 506 2240 in
522 2213 662 2248 gehenna
675 2214 809 2243 ardentis
823 2216 894 2243 socii
909 2216 948 2244 ad
960 2224 1043 2245 eam-

221 2257 290 2285 dem
306 2264 428 2292 poenam
439 2257 676 2286 condemnemur
685 2260 714 2287 et
724 2259 754 2299 in
770 2262 915 2288 aeternum
929 2269 948 2289 θ.
964 2263 989 2289 te
1001 2269 1044 2290 se-

221 2309 376 2338 paremur;
391 2309 458 2337 qute
467 2302 589 2338 quidem
599 2304 746 2339 separatio
754 2312 822 2332 cum
838 2313 970 2341 praesens
981 2308 1043 2334 tum

220 2346 320 2374 futura
350 2346 485 2374 animum
512 2355 613 2375 meum
634 2348 810 2382 gravissime
840 2350 931 2385 angit.
963 2351 1044 2379 Faxit

220 2393 297 2420 Deus
312 2399 365 2428 pro
384 2392 588 2420 misericordia
601 2395 629 2420 et
644 2394 685 2421 tui
700 2394 796 2428 gratia
819 2397 850 2422 ut
873 2397 1002 2431 Moysem
1016 2398 1044 2424 et

219 2437 382 2473 prophetas
391 2436 551 2464 audiamus
565 2437 729 2473 Christique
743 2438 859 2466 Domini
875 2440 1043 2468 testimonio

219 2482 377 2510 credamus
390 2481 442 2518 qui
457 2489 475 2509 a
487 2481 613 2509 mortuis
628 2483 797 2516 resurrexit,
814 2486 842 2512 et
853 2487 885 2512 ut
896 2484 1043 2513 sinceram

217 2526 366 2555 faciamus
375 2526 582 2562 paenitentiam
597 2533 737 2562 agamus,
749 2535 786 2555 ne
799 2530 827 2556 et
841 2528 897 2564 ipsi
910 2529 940 2556 in
951 2529 1043 2557 istum

217 2570 318 2599 locum
328 2571 482 2599 tormentis
490 2570 676 2599 horrendum
689 2571 951 2607 detrudamur,sed
961 2573 1043 2610 digni

217 2615 387 2645 habeamur
401 2615 454 2652 qui
468 2618 567 2644 tecum
579 2616 638 2645 Deo
654 2617 852 2654 omnipotenti
874 2626 960 2648 sacra
974 2627 1042 2655 per-

255 2718 265 2736 ⁸
281 2719 350 2755 Sap.
367 2727 417 2756 vu,
433 2721 478 2749 28.
517 2721 528 2739 ⁰
548 2721 636 2750 ICor.
656 2729 687 2758 ii,
700 2723 726 2750 9.

1136 1146 1205 1174 Ἀλλ’
1227 1148 1249 1174 εἴ
1269 1156 1296 1173 τι
1321 1150 1370 1173 τῶν
1391 1145 1500 1172 ἐνταῦθα
1526 1147 1570 1172 καὶ
1592 1143 1636 1171 νῦν
1667 1145 1749 1172 κλύων
1778 1145 1920 1183 ἐπέστρα-

1099 1192 1160 1228 ψαι,
1181 1191 1200 1218 ὦ
1231 1194 1296 1227 σοφὴ
1317 1193 1361 1217 καὶ
1381 1190 1438 1227 φᾶη
1458 1190 1547 1226 ψυχὴ,
1573 1191 1659 1227 ὥσπερ
1693 1191 1745 1228 ἄρα
1764 1193 1811 1216 καὶ
1849 1190 1917 1217 ἐπέ-

1101 1235 1218 1274 στραψαι
1254 1234 1337 1265 δήπου
1375 1236 1462 1271 (γέρας
1501 1236 1572 1271 γὰρ,
1610 1236 1644 1266 ὡς
1678 1233 1702 1260 ἄν
1744 1234 1917 1272 ἀπορρήτοις

1100 1282 1260 1318 μανθάνομεν
1275 1301 1283 1315 ,
1312 1283 1390 1306 τοῦτο
1417 1283 1470 1310 τοῖς
1498 1280 1566 1305 κατά
1583 1281 1631 1313 σε,
1647 1279 1690 1305 εἰτ’
1713 1277 1756 1305 οὖν
1783 1278 1914 1316 ἀρραϐὼν

1100 1329 1150 1351 τῶν
1165 1324 1189 1350 ἔν
1209 1324 1370 1360 ἐπαγγελίαις
1396 1323 1518 1359 ἀγαθῶν,
1534 1327 1583 1349 τῶν
1603 1323 1657 1349 οὔθ’
1685 1324 1781 1360 ὁρατῶν
1811 1323 1915 1360 ὀφθαλ-

1100 1373 1178 1406 μοῖς,
1204 1369 1257 1395 οὔτ’
1282 1368 1416 1395 ἀκουστῶν
1435 1368 1499 1394 ὤσὶν
1515 1388 1522 1402 ,
1543 1367 1596 1394 οὔτ’
1626 1367 1771 1404 ἀνθρωπίνῃ
1804 1367 1915 1405 καρδία

1100 1413 1291 1448 καταληπτῶν),
1314 1412 1406 1448 ὃέχοιο
1438 1411 1516 1441 τήνδε
1532 1411 1565 1437 ὧν
1589 1411 1692 1438 σπένδω
1718 1421 1759 1438 σοι
1780 1410 1914 1450 δακρύων

1101 1461 1178 1495 χοὴν,
1208 1458 1255 1484 οὑκ
1293 1457 1334 1483 ἐπὶ
1359 1461 1394 1493 τῷ
1425 1456 1558 1492 πολυὸλϐῳ
1586 1460 1630 1483 καὶ
1663 1457 1836 1493 πολυκλαύτῳ
1874 1463 1913 1494 σῷ

1100 1505 1246 1539 κεχυμένην
1278 1501 1368 1538 τύμϐῳ
1388 1503 1438 1536 (ὅτι
1473 1499 1542 1538 μηδὲ
1569 1501 1780 1538 περιπτύξασοαι
1815 1507 1913 1528 τοὺτον

1100 1550 1183 1574 ἔνεστί
1202 1557 1257 1584 μοι,
1284 1550 1328 1573 καὶ
1348 1556 1405 1572 τινα
1429 1546 1594 1583 παραψυχὴν
1623 1545 1714 1572 ἐκεῖθεν
1731 1545 1913 1581 ἀρύσασθαικ,

1101 1594 1159 1618 οὔτε
1184 1592 1268 1628 πολλῷ
1304 1593 1348 1618 καὶ
1379 1591 1438 1617 ὅσον
1464 1590 1545 1628 ἐχρῆν
1575 1590 1707 1626 ἐγκωμίων
1729 1595 1781 1616 σῶν
1818 1601 1915 1629 κεκραε

1101 1639 1180 1674 μένων
1208 1636 1292 1673 μέλιτι
1319 1644 1325 1650 '
1349 1637 1393 1661 καὶ
1413 1645 1456 1662 αοι
1476 1639 1525 1660 τῶν
1547 1639 1598 1660 σῶν
1622 1637 1739 1671 χαρίτων
1767 1634 1914 1667 ἐνσαλαξον

1100 1682 1205 1707 όσονοὺν
1233 1681 1358 1716 ψέκασμα
1382 1688 1388 1695 ·
1410 1679 1464 1710 ἐξὸν
1491 1680 1541 1716 γάρ
1563 1688 1604 1705 σοι
1624 1678 1772 1715 βουλομένῳ
1796 1682 1915 1716 χαρίζε-

1101 1727 1180 1760 σθαί,
1205 1728 1250 1751 και
1282 1725 1363 1761 μείζω
1395 1722 1438 1750 νῦν
1458 1724 1472 1753 ἡ
1494 1726 1617 1761 πρότερον
1639 1743 1645 1749 .
1667 1724 1704 1750 Οὐ
1728 1726 1780 1760 γὰρ
1817 1725 1913 1761 ἅτερος

1100 1770 1217 1806 ὀψόμεθα
1248 1771 1352 1806 Θατερον
1374 1773 1419 1795 τοῦ
1442 1768 1542 1802 λοιπον,
1559 1770 1617 1794 οὔτε
1637 1773 1698 1804 γουν
1711 1790 1718 1801 ,
1735 1767 1912 1796 ἀντεπιστέλ-

1099 1814 1184 1845 λοντες
1220 1814 1354 1847 αλλήλοις,
1391 1815 1438 1842 τὴν
1476 1811 1613 1849 ἀπόδημον
1650 1812 1752 1849 ὁμιλίαν
1797 1818 1911 1850 cognati-

1100 1860 1165 1896 μεθα
1179 1870 1185 1876 ι
1199 1860 1297 1895 χάσμα
1317 1860 1366 1894 γὰρ
1387 1860 1473 1894 μέγα,
1487 1860 1532 1884 καὶ
1551 1858 1611 1884 ὅσον
1640 1860 1800 1893 μεταίχμιον
1827 1862 1909 1894 γαίης

1098 1914 1126 1931 τε
1157 1906 1202 1930 καὶ
1243 1904 1352 1941 οὐρανοῦ
1393 1902 1574 1940 ἀστερόεντος,
1609 1902 1761 1940 ἐστήρικται
1805 1904 1906 1939 μεταξῂ

1099 1951 1171 1985 ἡμῶν
1186 1959 1213 1975 τε
1231 1951 1276 1974 καί
1301 1952 1359 1974 σοῦ.
1381 1950 1432 1974 Καὶ
1461 1948 1511 1973 εἴθε
1530 1949 1605 1983 μονον
1626 1945 1656 1976 ἦν
1678 1951 1763 1980 τοῦτο,
1784 1951 1833 1974 καὶ
1858 1949 1906 1974 οὐκ

1098 1993 1128 2019 ἂν
1157 1997 1273 2030 κρεῖττον
1293 1995 1306 2021 ἤ
1328 1992 1384 2018 κατ’
1417 1990 1513 2018 ἐλπίδα
1544 1993 1669 2029 ἡμετέραν
1702 1990 1789 2018 ἐδόκει
1809 1994 1840 2018 τὸ
1861 1995 1905 2018 καὶ

1610 2037 1720 2074 περατόν
1752 2038 1804 2073 γάρ
1834 2037 1906 2063 ἐνπεν

1098 2083 1170 2118 ἡμῶν
1200 2081 1346 2117 ἀναγκαίως
1365 2084 1441 2106 τοῦτο
1460 2082 1489 2106 τὸ
1518 2081 1614 2116 χάσμα
1626 2102 1633 2114 ,
1652 2083 1697 2106 καὶ
1716 2080 1777 2106 ὅσον
1798 2079 1906 2107 οὐδέπω

1098 2129 1142 2152 καὶ
1163 2126 1236 2152 αὐτοὶ
1265 2126 1379 2162 πρὸςτά
1397 2125 1488 2151 αὐτόοι
1511 2135 1560 2151 που
1589 2126 1689 2155 πάντως
1717 2123 1820 2151 ἐνθένδε
1847 2124 1907 2152 δια-

1099 2171 1246 2207 βησόμεθα.
1261 2174 1314 2196 Νυν
1334 2168 1363 2196 δὲ
1384 2168 1502 2207 δεύτερον
1523 2169 1561 2196 ἐπ’
1582 2170 1650 2205 αὐτῷ
1677 2171 1774 2206 χάσμα
1803 2171 1905 2196 πυνθά-

1097 2226 1174 2252 νομαι
1218 2215 1282 2241 πολὺ
1327 2214 1520 2252 φοϐερώτερον,

1099 2258 1261 2290 διαστάσεως
1298 2258 1429 2296 ἀπέρῤωγε
1465 2257 1585 2292 πλείονι,
1624 2260 1668 2284 καὶ
1705 2259 1754 2286 ὅση
1794 2268 1837 2289 τις
1877 2259 1906 2284 οἶν

1097 2307 1196 2341 γένοιτο
1216 2305 1230 2333 ἡ
1256 2303 1306 2330 ἀπὸ
1333 2304 1484 2338 κευθμωνων
1507 2301 1574 2337 ᾁὸου
1607 2301 1629 2332 ἐς
1648 2302 1757 2332 κόλπους
1783 2303 1906 2340 Ἀϐραὰμ

1405 2358 1410 2364 ·
1432 2348 1467 2378 ὡς
1499 2345 1556 2373 οὐδ’
1587 2347 1695 2382 ἑτέρωσε
1727 2350 1773 2372 τοῦ
1811 2347 1905 2373 λοιπον

1559 2215 1652 2240 καθότι
1689 2217 1734 2240 καὶ
1773 2214 1906 2251 ἀποτομία

1099 2349 1210 2386 ἀγομένη
1246 2347 1384 2384 διάμετρος

1099 2392 1241 2420 διαϐαίνειν
1271 2392 1363 2424 ἐξεῖναι
1392 2396 1443 2421 τοῖς
1471 2391 1532 2428 παρ’
1557 2391 1673 2428 ἑκάτερα.
1696 2390 1814 2417 Δεὸιέναι
1842 2396 1905 2427 γοῦν

1097 2438 1180 2474 ἀξιον,
1200 2441 1248 2474 μὴ,
1266 2441 1312 2464 σοῦ
1341 2447 1370 2472 γε
1398 2436 1579 2472 κατειληφοτος
1609 2434 1661 2464 ἠδη
1688 2445 1734 2464 την
1760 2440 1812 2462 τῶν
1837 2438 1906 2462 κατα

1099 2485 1128 2509 σε
1146 2485 1280 2520 μακαρίων
1308 2485 1418 2519 χώραν,
1437 2482 1513 2517 ἡμεῖς
1536 2482 1570 2511 ὡς
1600 2479 1707 2517 ἀϐελφοὶ
1730 2484 1776 2506 τοῦ
1805 2480 1831 2506 ἐν
1852 2479 1903 2516 ᾅδῃ

1099 2527 1306 2564 βασανιζομένου
1329 2526 1455 2552 πλουσίου
1476 2526 1512 2556 εἰς
1533 2527 1577 2551 τὸν
1605 2525 1682 2551 αὐτὸν
1711 2524 1799 2560 ἐκείνῳ
1827 2528 1904 2551 τόπον

1099 2571 1312 2608 ἀπαχθησόμεθα
1326 2592 1332 2604 ,
1360 2574 1405 2597 καὶ
1426 2572 1484 2596 τότε
1509 2568 1541 2599 δὴ
1565 2572 1621 2596 τότε
1640 2569 1743 2606 μεγάλῳ
1765 2571 1847 2602 ὅπως
1862 2571 1904 2596 καὶ

1098 2614 1211 2647 οὐὸολως
1240 2620 1343 2655 παρα-τῷ
1369 2614 1570 2651 ὃιαστησόμεθα
1595 2615 1738 2651 χάσματι.
1763 2614 1842 2642 Οὒτω
1863 2617 1904 2641 καὶ
