1948 3079
20 105 52 131 ὂιάί
593 98 753 126 ΜΟΝΟΒΙΑ
773 99 806 126 IN
828 99 988 127 FRATREM
1010 100 1112 127 suum.
1650 103 1701 131 362

20 164 58 193 iis
84 165 192 200 παρὸντι
217 165 270 192 τῆς
299 159 465 190 διαστάσεως
497 160 691 196 ὑπεράχῦομαι,
723 163 767 186 καὶ

933 169 1009 189 imus
1024 163 1051 189 et
1067 161 1096 189 in
1111 162 1335 190 sanctissimum
1345 163 1407 190 veri
1420 163 1603 192 tabernaculi
1614 174 1632 192 a
1643 165 1702 193 Deo

19 209 86 245 aii)!”
121 211 166 233 τοῦ
210 209 358 243 χωρισμοῡ
400 204 473 231 πλέον
507 203 665 240 πεφόϐημαι·
703 208 762 234 Acin

937 213 957 238 ),
974 213 1034 234 non
1048 206 1087 233 ab
1102 206 1276 234 hominibus
1291 208 1430 235 exstructi
1445 208 1626 236 introeamus
1648 217 1706 245 pu-

20 256 75 285 Θεὸς,
113 252 260 287 ἱλεούμενος
299 251 371 287 παρὰ
409 253 467 283 σοὺ,
504 248 605 275 ἀκούειν
638 251 683 286 μὲν
716 253 789 276 Μωσε

803 260 827 280 υς
881 250 1046 287 rilicaitque
1060 251 1204 279 sacriﬁcio
1220 251 1369 288 supplices
1385 254 1572 280 assistamus.

19 302 51 323 ut
83 301 127 323 τῶν
161 299 319 332 πρθφητών,
350 295 486 320 πείθεσθαι
521 292 551 319 δὲ
584 292 816 332 διαμαρτυρθμένῳ
845 295 907 330 ἡμῖν
935 298 980 321 καὶ
1008 301 1044 330 τῳ
1078 295 1105 321 ἐκ
1135 300 1230 333 νεκρῶν
1264 296 1404 322 ἀναστάντι
1437 296 1551 333 δεσπότῃ
1589 301 1706 334 Veto-try,

20 346 51 368 ut
83 344 194 377 γυησίως
236 343 381 376 μετανοεῖν
421 339 463 364 ἵνα
501 340 536 374 μὴ
573 341 617 364 καὶ
655 339 727 365 αὐτοὶ
768 342 802 370 εἰς
840 341 899 370 τοὺς
936 342 1031 371 τόπους
1068 340 1175 371 ἐκείνους
1216 345 1260 371 τῆς

1295 341 1411 378 βασάνου
1451 341 1611 376 ἀπέλθοιμίν.
1655 341 1709 368 ἀλλ’

22 388 164 421 ἀξιωθείημεν
203 386 254 411 σὺν
298 386 340 410 σοὶ
381 384 460 409 θῦσαι
498 387 534 418 τῷ
575 387 633 418 Θεῷ
674 385 767 410 Θυσίαν
807 384 934 417 αἰνέσεως,
971 386 1004 415 εἰς

1036 387 1063 411 τὸ
1098 385 1229 422 ἐνδοτερον
1261 387 1334 422 ἀγιον
1366 391 1410 417 τῆς
1448 386 1570 417 ἀληθινῆς
1601 392 1709 421 σκηνῆς,

22 433 42 460 ἐν
67 430 135 466 Eryli:
166 431 271 467 Κύριος
303 429 410 454 καὶούκ
442 428 586 464 ἄνθρωπος,
620 428 753 462 εἰθιάντες,
787 431 831 455 καὶ
862 434 898 464 τῷ
930 433 983 456 ἐκεῖ
1013 436 1096 466 νοητῷ
1132 432 1245 468 θντηριῳ
1278 433 1458 468 καθαρώτερον
1491 431 1705 469 προςεὸρΞύοντξς

22 487 52 501 7.1:
61 476 232 512 ὶατ-πᾶοντες.

216 582 830 677 MICHAELIS
887 584 1460 679 ACOMINAT
1466 587 1501 678 Ι

685 744 1070 801 CHONIAT/E

170 869 578 917 SANCTISSIMI
625 869 1038 918 ATHENARUM
1079 872 1555 922 METROPOLITIE

801 985 925 1007 MONODIA

219 1043 256 1069 IN
281 1041 421 1068 FIJNERE
442 1041 596 1076 FRATRIS,
616 1041 823 1069 JUDlCIORUM
843 1041 970 1069 EPHORl
991 1042 1302 1076 IMPERATORIOQUE
1323 1044 1495 1072 CUBlCULO

456 1089 658 1124 PBJL'POSITI,
695 1091 724 1118 C.
753 1090 886 1118 NlCET/E
915 1090 1114 1127 CHONIATZE,
1136 1092 1272 1120 ΗΑΒΙΤΑ·

33 1155 59 1180 Ex
75 1153 134 1181 edit.
152 1153 286 1182 Morellti.
306 1152 398 1181 Paris.
415 1153 492 1186 1580,
508 1153 549 1185 8ο,
562 1154 733 1180 —Grmcum
747 1155 860 1180 textum
871 1155 941 1188 post
953 1153 1104 1189 impressa
1119 1154 1221 1182 Latina
1232 1155 1401 1183 invenimus
1414 1155 1444 1183 in
1458 1155 1619 1183 cod.l’aris.
1639 1156 1716 1189 1234,

57 1197 141 1226 saeculi
153 1198 266 1226 decimi
285 1197 396 1233 quarti,
413 1197 609 1232 bombycino,
626 1196 679 1224 sed
694 1197 810 1225 lacunis
826 1197 933 1225 misere
949 1197 1070 1231 ftedato,
1087 1207 1164 1234 quas
1175 1199 1321 1227 Morellius
1334 1200 1478 1236 interpres
1495 1199 1684 1235 conjiciendo

466 1241 604 1277 explevit.
627 1243 727 1269 Exstat
740 1241 840 1277 qualis
855 1241 954 1278 qualis
968 1242 999 1270 in
1013 1243 1072 1271 ﬁne
1086 1244 1177 1279 hujus
1194 1245 1278 1280 tomi)

61 1368 76 1395 0
97 1367 305 1396 calamitosum
338 1366 499 1394 nuntium!
525 1374 543 1394 ο
571 1366 734 1394 adversum
764 1365 840 1394 infe-
856 1366 876 1393 Β
897 1367 958 1395 sive
973 1367 1125 1404 lapideam
1139 1369 1357 1406 illam,quse(ut
1371 1370 1402 1398 in
1417 1370 1527 1398 fabulis
1553 1371 1605 1404 est)
1622 1371 1721 1397 mutas

37 1416 148 1448 stumque
170 1411 350 1440 rumorem!
377 1411 428 1447 qui
459 1410 549 1438 simul
575 1419 610 1439 ac
631 1411 794 1446 improviso
814 1412 843 1438 et
897 1411 1019 1440 distillat
1037 1412 1281 1449 lacrymas:sive
1297 1414 1390 1446 illam,
1408 1415 1495 1450 cujus
1516 1414 1547 1442 iu
1570 1414 1723 1449 Scriptura.

39 1457 162 1492 insperato
192 1457 360 1485 hominum
395 1463 535 1484 sermone
567 1463 650 1483 meas
679 1455 718 1483 ad
754 1463 842 1483 aures
898 1457 1009 1484 mentio
1024 1456 1066 1491 fit,
1083 1465 1213 1494 quicque
1227 1459 1316 1492 vulgo
1332 1461 1431 1486 statua
1446 1459 1516 1486 salis
1531 1458 1720 1494 appellatur'

39 1501 123 1529 allatus
132 1505 186 1535 est;
204 1502 261 1529 illae
281 1509 355 1529 mox
370 1502 451 1529 tanto
468 1504 579 1528 terrore
591 1500 745 1528 concitatae
762 1502 841 1533 sunt,
897 1502 1016 1535 (eodem
1040 1505 1116 1530 certe
1141 1511 1260 1531 mecum
1276 1504 1491 1539 communique
1510 1503 1643 1535 nomine,
1669 1502 1723 1538 qui

40 1548 62 1572 ut
78 1545 139 1574 mihi
160 1545 255 1582 (quod
271 1545 472 1573 delirantibus
487 1546 516 1572 et
530 1546 629 1572 mente
654 1544 748 1580 captis
775 1552 844 1573 usu-
898 1546 971 1574 nihil
1005 1547 1087 1575 aliud
1111 1555 1175 1575 esse
1208 1548 1282 1576 mihi
1307 1548 1421 1582 videor,
1443 1555 1537 1584 quam
1562 1547 1606 1575 sal
1631 1546 1724 1574 insul-

40 1591 116 1618 venire
131 1591 211 1625 solet}
233 1590 346 1618 tinnire
358 1593 448 1626 atque
468 1589 703 1623 circumsonare,
725 1594 843 1625 pectus-
899 1599 966 1618 sum
979 1592 1027 1626 (4),
1043 1591 1217 1628 idcircoque
1232 1592 1312 1620 foras
1326 1593 1504 1628 projectum,
1517 1593 1549 1619 ut
1567 1591 1607 1618 ab
1621 1590 1722 1618 homi-

42 1642 84 1669 que
100 1635 168 1663 adeo
188 1635 295 1672 ipsum
311 1642 439 1662 maerore
456 1633 684 1667 contabescens,
699 1641 844 1662 mucrone
898 1635 987 1663 nibus
1001 1636 1211 1671 conculcetur),
1230 1639 1331 1664 tamen
1343 1644 1381 1665 ne
1397 1637 1438 1664 sic
1456 1636 1579 1672 quidem
1595 1635 1723 1662 vindicis

43 1680 282 1716 pelitrausﬁgique
298 1679 458 1708 videretur.
476 1678 559 1706 Unde
583 1681 720 1707 cruentas
741 1679 844 1714 hasce,
898 1679 1057 1708 Adrasteeae
1069 1681 1208 1709 Nemesin
1218 1681 1308 1716 effugi
1319 1690 1326 1714 ;
1338 1681 1452 1717 quippe
1464 1679 1723 1716 quidiuturniores

43 1724 213 1761 opinor,quas
221 1723 632 1759 etfunduntoculilacrymas
642 1726 846 1759 conceperunt
898 1733 1004 1761 poenas
1027 1725 1120 1758 luam,
1137 1726 1211 1753 dum
1226 1733 1345 1762 semper
1366 1726 1447 1753 idem
1462 1725 1591 1758 futurus,
1617 1723 1724 1752 infesto

43 1769 145 1796 cruentis
178 1769 234 1797 illis
267 1768 362 1804 guttis
385 1767 564 1804 persimiles,
595 1775 673 1804 quas
694 1767 845 1803 tragoediis
899 1768 1023 1796 numine
1052 1769 1168 1796 cunctis
1193 1768 1365 1796 illudendus
1393 1775 1529 1804 exponor
1553 1768 1601 1802 (2).
1631 1766 1724 1794 Altior

44 1814 197 1850 perappositi
222 1813 348 1842 scenica
373 1813 464 1847 vulgo
495 1815 635 1840 venustas
658 1812 790 1847 efﬁngit:
814 1814 846 1839 ut
899 1813 989 1841 etiam
1011 1813 1105 1842 multo
1126 1813 1171 1842 vel
1194 1814 1279 1849 jecur
1301 1813 1340 1842 ad
1367 1813 1468 1849 ipsum
1488 1812 1574 1840 dolor
1585 1813 1723 1848 penetrat

44 1857 129 1886 mirum
142 1858 275 1895 sit,quin
290 1860 319 1886 et
333 1859 397 1895 ipse
409 1857 604 1886 altonitorum
621 1857 740 1885 illorum
764 1857 845 1885 fana-
898 1858 972 1886 dum
1017 1858 1153 1886 cominus
1196 1857 1394 1894 contemplor,
1430 1857 1529 1893 qualis
1571 1856 1724 1884 malorum

44 1902 202 1940 litorumque
213 1912 298 1932 unus
310 1902 419 1938 aliquis
430 1902 589 1936 evaserim,
601 1902 744 1938 omnique
756 1909 846 1929 sensu
899 1903 1047 1939 colophou
1070 1903 1192 1931 misella!
1219 1903 1327 1931 animae
1343 1902 1473 1936 insultet,
1493 1901 1592 1938 qualis
1617 1908 1713 1928 agrum

46 1947 153 1982 privatus
172 1949 201 1976 in
229 1948 408 1976 columnam
431 1947 567 1983 aliquam
587 1946 772 1981 diriguerim.
802 1945 846 1974 Ad
899 1955 1006 1975 narum
1022 1948 1140 1975 coronis
1158 1947 1292 1983 pristinis
1308 1946 1394 1976 malis
1417 1947 1577 1979 accrescat,
1594 1945 1724 1980 denique

47 1992 198 2021 hodieruum
213 1996 320 2021 tamen
333 2000 426 2029 usque
435 1992 518 2020 diem
526 1990 556 2018 in
571 1991 707 2019 vivorum
720 1999 846 2019 numero
901 2000 994 2028 quam
1010 1992 1177 2028 perniciosa
1187 1991 1276 2020 rebus
1285 1992 1372 2024 meis,
1385 1990 1630 2026 infortunataque
1644 1996 1726 2016 sum-

47 2045 188 2072 supersum,
205 2047 269 2066 non
292 2038 416 2072 ignarus
431 2038 564 2073 quantas
582 2035 612 2064 in
634 2035 768 2063 miserias
791 2035 844 2063 sim
863 2063 882 2073 Π
902 2044 952 2064 ma
963 2037 1208 2073 accesseritzqua‘,
1219 2035 1596 2072 mihi,quceso,pcenajam
1604 2033 1725 2069 gravior

47 2082 188 2118 prolapsus,
199 2090 334 2120 quarum
345 2082 515 2117 cognitione
526 2083 554 2108 et
566 2080 758 2115 conscientia,
774 2088 847 2117 que-
863 2080 883 2089 υ
902 2081 1027 2116 irrogari
1039 2082 1157 2117 potest?

49 2126 109 2154 mlas
122 2127 172 2156 has
184 2136 274 2156 voces
289 2129 317 2155 et
328 2126 476 2163 singullus
493 2125 662 2161 reciprocos
675 2125 772 2153 elicio.
939 2125 990 2153 Hei
1016 2126 1088 2153 mihi
1102 2126 1108 2153 1
1135 2125 1309 2154 charissime
1340 2125 1440 2160 frater,
1456 2123 1505 2151 hei
1520 2123 1611 2151 mihi!
1632 2128 1727 2156 quam

73 2171 324 2200 Verumenimvero
343 2171 405 2200 ﬁeri
421 2172 529 2208 potest,
541 2172 572 2198 ut
585 2169 642 2197 hac
663 2171 725 2198 arte
742 2177 848 2206 ptenas
902 2170 1038 2206 procula
1052 2170 1140 2198 nobis
1159 2170 1282 2198 dissitus
1298 2170 1348 2197 es!
1367 2177 1429 2197 non
1441 2170 1555 2204 quanto
1571 2169 1648 2195 certe
1663 2166 1729 2194 heri

50 2222 61 2241 a
77 2224 114 2243 me
135 2217 240 2245 vindex
270 2218 387 2245 Numen
409 2216 520 2250 exigat,
542 2222 579 2242 ne
601 2214 674 2242 forte
695 2216 793 2242 mente
818 2214 849 2241 in
903 2215 1051 2243 nudiusve
1085 2215 1188 2243 tertius
1217 2215 1323 2250 spatio,
1365 2213 1508 2241 nimirum
1546 2211 1647 2248 aliquo
1680 2211 1729 2239 illo

51 2260 198 2290 universum
214 2263 335 2298 captus,
355 2263 384 2289 et
405 2259 546 2288 sensibus
566 2258 699 2290 orbatus,
717 2261 849 2286 extremo
905 2260 1068 2294 chasmate,
1081 2259 1165 2295 quod
1180 2259 1323 2286 Graeciam
1339 2260 1366 2286 et
1379 2257 1549 2293 Bithyniam
1564 2256 1730 2292 interjacet,

52 2304 94 2332 hoc
129 2307 272 2343 supplicio
308 2305 393 2333 siccis
415 2305 519 2338 oculis,
547 2304 679 2340 citraque
714 2303 849 2331 dolorem
905 2304 959 2332 sed
981 2303 1075 2332 multo
1098 2304 1226 2332 vastiore
1239 2306 1267 2331 et
1280 2303 1456 2330 remotiore:
1478 2304 1594 2338 quanto
1620 2300 1731 2328 scilicet

52 2352 220 2387 constringar,
237 2351 294 2380 sed
309 2352 425 2386 integra
439 2352 538 2379 mente
552 2349 704 2386 praeditus,
721 2349 851 2385 qumque
907 2350 999 2377 Orcus
1023 2357 1041 2376 a
1057 2348 1220 2376 viventium
1244 2347 1365 2382 regione
1381 2347 1571 2382 disjungitur.
1596 2347 1657 2374 Heu
1682 2353 1731 2372 me

52 2393 147 2423 «lolores
174 2395 388 2433 persentiscere
411 2395 518 2432 possit,
546 2394 643 2422 acrius
665 2393 734 2421 inde
764 2393 851 2421 vivus
907 2393 1051 2421 miserum
1067 2393 1072 2420 l
1090 2392 1172 2429 quod
1187 2392 1256 2420 hinc
1269 2391 1308 2419 ad
1319 2391 1524 2420 remotissima
1539 2390 1590 2418 illa
1609 2390 1676 2418 loca
1689 2389 1730 2417 sis

52 2438 192 2477 Videasque
207 2441 351 2468 lanciner.
369 2439 518 2476 quidquid
531 2446 603 2466 sane
614 2438 742 2466 tristium
762 2445 852 2465 sensu
908 2437 1069 2472 admissus,
1086 2446 1122 2465 ex
1140 2437 1252 2473 quibus
1266 2437 1350 2465 nulla
1373 2436 1487 2464 reditus
1513 2436 1553 2464 ad
1579 2443 1635 2462 nos
1663 2441 1732 2469 spes

55 2483 171 2518 privatur,
187 2486 216 2514 id
232 2485 357 2514 demum
380 2483 492 2512 doloris
508 2491 614 2520 expers
631 2491 694 2510 esse
710 2482 851 2510 dicimus.
910 2481 1041 2517 aﬂ‘ulgct.
1063 2482 1151 2510 Omni
1163 2482 1253 2517 igitur
1268 2481 1468 2510 videndorum
1478 2480 1516 2508 dc
1536 2482 1642 2507 cmtero
1658 2477 1732 2504 libe-

55 2531 79 2554 .\t
98 2536 145 2565 ego
167 2530 282 2559 etiamsi
308 2529 338 2557 in
355 2531 486 2557 statuam
502 2528 637 2564 aliquam
661 2529 852 2562 transmuter,
907 2534 1012 2554 rorum
1033 2530 1164 2561 tuorum,
1185 2526 1232 2555 vel
1251 2527 1290 2555 ab
1311 2526 1386 2562 ipsis
1411 2525 1505 2553 videri
1537 2532 1600 2560 spe,
1628 2520 1730 2556 impri-

81 2592 86 2607 ί
103 2592 164 2620 Gen.
181 2601 239 2626 XIX,

80 2655 108 2689 (1)
126 2657 236 2684 Alludit
256 2655 296 2684 ad
307 2655 383 2683 illud
398 2655 547 2689 Matt/LV,
568 2657 615 2682 I3:
640 2654 693 2681 Vos
720 2653 787 2681 estis
807 2652 855 2680 sal
943 2655 982 2689 (2)
1003 2653 1051 2682 Ad
1064 2653 1144 2688 Tityi
1153 2653 1292 2688 fabulam
1305 2650 1428 2680 alludit.

59 2700 134 2735 terra,
148 2703 198 2729 etc.

206 2763 319 2791 Parnm.
340 2762 390 2791 Gn.
412 2761 478 2791 CXI.
1582 2753 1613 2778 12
