1948 3079
207 91 258 120 363

206 153 327 190 misque
351 149 427 181 adeo
447 147 557 178 sororis
579 144 762 175 charissimie
782 141 962 190 interclusus
980 148 1029 190 es.
1046 141 1069 167 A

207 185 286 233 Quis.
302 198 360 227 hoc
381 196 455 225 mihi
467 193 587 226 tribuat,
602 193 635 220 ut
653 191 749 219 morte
770 195 839 217 mea
864 186 955 233 vitam
977 185 1031 214 tibi

206 231 355 274 redimam
360 242 402 277 ,ut
412 239 521 269 scilicet
530 237 604 266 illud
613 236 712 272 ipsum
724 234 864 271 prtestem
872 231 1031 277 quodtan-

209 297 298 327 opere
317 275 437 315 divinus
459 283 507 313 ille
527 281 654 327 Davides
677 277 856 327 expectabat
866 275 1030 327 (3),‘idque

208 322 240 364 in
272 331 421 362 Absalone
440 329 512 362 ﬁlio,
535 327 587 364 qui
615 326 646 353 in
669 331 740 352 eum
765 322 1028 351 violentusinsur-

207 380 333 412 rexerat,
349 377 472 412 ejusque
482 373 549 402 vitae
561 371 719 401 insidiatus
731 371 813 400 erat?

244 423 330 457 Quod
358 422 383 450 si
409 420 458 449 ille
485 418 639 456 propriam
667 418 760 446 vitam
772 415 954 454 profundere
968 421 1029 442 non

207 464 519 502 detrectaverit,modo
533 463 629 491 ﬁlium
644 462 779 490 moribus
792 465 853 490 tam
869 459 1031 497 deploratis

208 515 353 544 infamem
366 520 384 541 a
398 511 494 539 morte
509 509 666 542 assereret,
682 507 734 544 qui
748 514 811 535 non
825 508 854 534 et
873 506 937 542 ipse
956 503 1031 532 votis

210 558 352 588 omnibus
366 554 489 584 nomine
499 555 549 583 tuo
562 552 669 580 lubens
682 551 776 580 vitam
788 553 885 579 morte
897 556 1032 577 commu-

209 606 272 632 tare
296 600 482 639 percupiam,
508 605 577 625 cum
599 598 765 633 praesertim
785 595 859 624 mihi
878 594 917 622 sis
933 594 1033 627 frater,

209 647 407 682 omniumque
439 643 516 672 adeo
544 642 670 670 fratrum
703 641 793 676 longe
823 640 1032 670 charissimus',

210 691 350 730 quamvis
362 690 386 717 si
399 687 563 723 disciplinae
578 687 615 714 sit
630 685 770 713 habenda
783 685 869 730 ratio,
886 692 903 712 a
917 693 965 712 me
981 691 1034 720 per

209 729 331 766 alterius
359 733 519 769 cujusdam
551 730 723 766 multiplicis
749 729 870 757 habitus
886 731 1033 765 tempera-

208 783 346 812 mentum
362 777 537 815 progenitus
552 775 698 803 videaris?
709 774 807 802 Ambo
819 774 941 810 quidem
955 777 1032 801 certe

209 836 246 856 ex
273 824 412 860 ejusdem
435 821 528 859 patris
558 820 682 853 semine,
705 819 901 855 ejusdemque
928 818 1032 846 matris

209 870 356 907 sanguine
367 870 465 897 ortum
471 866 646 895 habuimus:
656 866 790 900 natuque
798 863 874 893 adeo
880 863 1033 892 maximus

209 925 265 954 ego
280 912 440 944 nativitatis
456 911 558 939 limine
574 910 683 946 pedem
697 909 779 945 prior
794 908 894 954 extuli,
911 909 963 944 qui
979 908 1032 936 uti-

207 953 282 991 nam
293 958 391 988 limini
399 963 521 994 quoque
529 954 632 982 mortis
643 953 907 990 priorintulissem,
930 954 1033 990 sicque

208 1008 314 1036 fratres
335 1003 410 1032 alios
424 1003 571 1038 tanquam
586 1007 622 1028 ex
637 998 737 1027 multis
752 1006 832 1026 unus
852 998 1033 1027 subsecutus

207 1052 334 1081 fuissem
346 1049 352 1076 ι

246 1097 392 1126 Caeterum
404 1099 474 1121 cum
489 1092 583 1127 pater,
597 1089 743 1117 librorum
754 1089 840 1124 juxta
855 1089 1034 1117 liberorum-

210 1149 270 1179 que
291 1137 529 1171 amantissimus,
550 1143 586 1163 ex
609 1135 678 1163 Asia
705 1134 878 1171 Byzantium
900 1134 1035 1162 discendi

211 1185 308 1222 gratia
321 1181 499 1213 adduxisset
518 1188 579 1216 quo
595 1181 728 1216 tempore
749 1179 915 1215 pubertatis
938 1187 1036 1207 annoa

213 1229 401 1265 attingebam
427 1225 577 1260 magistris
602 1225 710 1253 artium
734 1224 913 1259 liberalium,
945 1227 972 1252 et
994 1224 1036 1252 vi-

211 1274 301 1305 vendi
315 1270 549 1307 prmceptoribus
575 1270 648 1305 (jam
675 1269 755 1297 enim
777 1269 968 1303 grmmatices
985 1269 1037 1296 uti-

212 1321 310 1357 lisque
323 1323 464 1346 versuum
480 1314 761 1350 componendorum
779 1313 915 1342 methodi
930 1313 1038 1341 funda-

213 1366 317 1395 menta
335 1361 481 1399 jeceram)
503 1360 534 1387 in
562 1358 753 1395 disciplinam
777 1359 907 1387 tradidit.
933 1360 1038 1387 Postea.

216 1417 287 1440 cum
309 1407 352 1436 ibi
374 1405 474 1442 agenti
499 1404 628 1432 multum
652 1404 794 1439 temporis
815 1403 1038 1438 interﬂuxisset,

1048 805 1067 832 Β

215 1455 301 1484 illum
317 1459 439 1489 quoque
451 1449 530 1498 mihi
542 1456 637 1476 annos
655 1448 694 1476 ad
711 1450 939 1498 novem-natum
955 1451 1040 1498 pater
1055 1470 1075 1498 Ο

215 1499 250 1527 in
269 1505 364 1526 manu
389 1495 481 1528 dedit,
503 1494 669 1521 obtestatus
699 1494 730 1520 ut
750 1492 888 1521 omnium
910 1493 1039 1526 muneri,

217 1543 321 1581 patris,
331 1541 468 1577 inquam,
483 1538 607 1572 alumni,
622 1537 781 1573 paedagogi
798 1539 826 1565 et
837 1538 1040 1574 praeceptoris,

217 1589 250 1617 in
261 1585 446 1616 instituendo
457 1584 545 1612 fratre
556 1582 684 1610 vicarius
693 1582 893 1610 succederem.
908 1583 1042 1615 Quorum

220 1640 295 1662 sane
324 1630 460 1660 omnium
490 1628 633 1662 ofﬁcium,
668 1627 821 1662 pietatem,
858 1627 1042 1662 diligentiam

218 1676 362 1714 praestiti:
380 1677 470 1710 atque
487 1673 561 1700 dum
583 1679 690 1699 omnes
710 1672 741 1699 in
767 1679 871 1699 eorum
888 1671 998 1705 vultus,
1017 1674 1045 1700 et

220 1722 280 1750 oris
293 1720 425 1750 habitus,
444 1725 492 1745 me
501 1724 664 1752 compono,
682 1718 710 1743 et
725 1716 813 1752 plura
830 1716 920 1744 etiam
933 1718 1044 1752 praesto

219 1772 314 1802 quam
331 1772 349 1792 a
365 1763 453 1790 fratre
479 1761 631 1796 expectari
646 1760 769 1793 soleant,
784 1759 904 1788 illorum
920 1760 1044 1789 tandem

219 1807 444 1838 accessionibus
456 1806 493 1834 ad
505 1813 660 1833 summum
671 1804 787 1840 pietatis
797 1804 935 1833 fraternae
944 1805 1045 1834 ofﬁcii-

219 1861 280 1892 que
305 1852 433 1888 gradum
451 1849 621 1882 conscendi,
640 1857 694 1876 nec
716 1849 886 1877 remissiore
911 1850 1043 1879 vicissim

219 1898 319 1928 studio
337 1897 375 1926 ad
388 1895 528 1924 eamdem
544 1894 593 1922 ille
610 1894 746 1921 fraterna
763 1893 978 1922 benevolentiae
995 1903 1043 1924 ex-

218 1942 387 1972 cellentiam
399 1940 502 1970 animo
511 1938 729 1971 connitebatur,
746 1938 910 1975 laboreque
921 1944 1042 1968 conten-

217 1987 319 2020 debat,
351 1988 553 2023 prteterquam
584 1983 668 2020 quod
696 1983 744 2011 ille
776 1983 823 2011 vel
845 1983 932 2018 longe
954 1985 1042 2020 plura

215 2031 390 2069 perceperit,
417 2037 511 2066 quam
537 2028 692 2056 contulerit
716 2027 871 2062 beneﬁcia,
898 2029 1041 2065 tantisper

215 2077 291 2105 dum
306 2075 387 2112 apud
398 2083 454 2103 nos
467 2073 697 2108 moribusjuxta
707 2072 942 2109 liberalibusque
953 2073 1038 2101 disci-

213 2122 304 2158 plinis
321 2119 531 2149 informandus
544 2120 750 2146 conversatur.

250 2167 323 2194 Cum
346 2165 479 2200 primum
507 2170 577 2191 vero
592 2163 713 2190 Athenis
732 2170 780 2190 me
800 2170 874 2190 mete
891 2161 1036 2200 illumque

211 2218 275 2239 non
299 2210 376 2238 inter
406 2209 557 2245 pedarios,
584 2208 637 2235 sed
674 2207 824 2243 primariae
853 2208 1036 2236 auctoritatis

214 2262 302 2287 Viros,
316 2253 504 2290 imperatoris
523 2252 638 2288 excepit
655 2252 734 2285 aula,
754 2252 816 2279 sine
833 2251 893 2280 ulla
906 2260 992 2280 mora
1009 2255 1037 2281 et

209 2298 366 2327 confestim
387 2297 570 2334 accipiendis
593 2296 855 2332 rependendisque
882 2296 1036 2325 beneﬁciis

207 2344 285 2372 inter
313 2351 369 2371 nos
391 2344 503 2371 certare
520 2342 672 2370 desiimus.
689 2341 780 2368 Nobis
797 2341 877 2368 enim
891 2343 919 2369 et
935 2349 991 2376 ego
1009 2344 1037 2370 et

207 2388 332 2416 Athenae
357 2388 521 2416 multorum
539 2394 592 2414 nec
615 2385 905 2414 contemnendorum
922 2386 1034 2414 beneﬁ—

205 2433 321 2462 ciorum
339 2433 378 2461 ab
395 2432 445 2460 illo
462 2439 670 2468 saepenumero
692 2433 901 2467 perceptorum
924 2432 1033 2459 conscii

204 2485 328 2506 sumus:
341 2486 410 2506 cum
426 2481 527 2505 tamen
542 2484 561 2504 a
573 2476 660 2504 nobis
678 2475 726 2504 ille
743 2475 790 2503 vel
801 2475 885 2503 nulla
895 2477 1020 2504 omnino

202 2522 251 2551 vel
263 2523 431 2551 admodum
449 2529 548 2558 pauca
560 2521 690 2548 vicissim
707 2521 885 2557 perceperit.
1024 2508 1031 2522 ’

236 2567 504 2595 Verumenimvero
531 2568 648 2593 tantum
677 2566 771 2598 abest,
790 2569 822 2593 ut
839 2565 880 2593 sic
907 2565 957 2593 illa
972 2565 1033 2593 fra—

200 2612 276 2640 terni
295 2612 407 2640 amoris
434 2611 529 2647 gratia
545 2610 697 2646 disjuncta
725 2610 822 2645 fuerit,
844 2618 914 2638 cum
941 2611 1030 2638 etiam

200 2657 381 2685 arctioribus
398 2657 537 2693 utrinque
554 2656 652 2690 nodis,
670 2655 831 2692 minusque
848 2655 1030 2684 dissolubili-

1052 2131 1073 2158 D

635 80 823 110 MICHAELIS
841 75 1035 108 ACOMINATI
1054 76 1271 106 ATHENARUM
1290 76 1452 104 ARCHIEP.

1880 77 1938 106 364

1085 139 1142 168 bus
1159 139 1271 169 coierit.
1285 139 1372 173 Quod
1386 140 1411 168 si
1424 141 1492 176 quis
1502 141 1620 178 utrique
1635 142 1665 170 in
1682 149 1864 171 commune
1884 148 1938 168 cat

1085 193 1137 212 sus
1161 184 1296 213 infestior
1315 185 1503 213 interveniset
1529 187 1571 219 (ut
1594 187 1739 215 naturalis
1755 187 1809 215 illa.
1840 194 1938 222 sym‘

1085 229 1186 265 patliia
1199 229 1318 257 animos
1332 229 1490 258 hominum
1506 230 1579 258 laetis
1593 231 1770 265 exhilarare,
1788 233 1938 260 contra-

1083 282 1142 311 que
1160 274 1290 302 tristibus
1301 275 1471 303 exulcerare
1487 275 1581 311 solet),
1596 276 1684 304 facile
1695 277 1795 313 quivis
1818 284 1895 313 per
1910 283 1938 303 sl

1083 319 1232 354 conjiciat,
1251 322 1366 355 quanto
1385 320 1474 348 nobis
1490 320 1560 348 inde
1577 329 1612 349 eo
1628 321 1826 357 potissimum
1849 323 1938 348 terni

1083 371 1166 400 pore,
1188 371 1249 400 quo
1276 364 1352 392 inter
1377 367 1535 393 extraneos
1552 366 1712 399 constituti,
1740 367 1938 394 amicorum

1083 411 1321 446 ceterorumque
1354 409 1546 438 familiarium
1572 411 1792 439 necessitudine
1831 411 1938 439 interi

1085 453 1293 488 cludebamur,
1312 454 1470 491 alienaque
1489 463 1547 491 ope
1572 455 1703 484 destituti
1722 464 1843 492 operas
1875 455 1938 484 sol:

1086 500 1206 527 mutuas
1223 499 1298 527 inter
1314 507 1370 527 nos
1387 500 1626 533 conferebamus,
1644 503 1733 537 atque
1755 501 1847 529 inter
1862 507 1938 537 ipsa

1086 544 1251 579 peregrinae
1278 543 1410 579 regionis
1435 544 1640 578 incommoda,
1669 548 1774 573 mutuo
1805 545 1938 574 solatic

1087 588 1288 625 dolorumque
1318 589 1451 617 fomento
1475 589 1664 626 levabamus,
1685 593 1767 618 tanto
1804 590 1938 619 scilicet

1088 641 1191 661 amore
1217 633 1319 669 patriae
1344 633 1554 671 desiderioque
1578 635 1766 669 tenebamur,
1793 635 1830 664 in
1869 642 1938 671 qua

1087 686 1149 706 non
1160 678 1224 706 sine
1238 678 1322 706 varia
1333 678 1472 706 laborum
1483 679 1787 717 lucubrationumque
1800 680 1938 708 vicissi‘

1087 723 1198 755 tudine,
1215 723 1324 752 artium
1338 723 1505 752 liberalium
1517 725 1718 760 cognitionem
1729 733 1938 761 concepera-

1088 776 1167 802 mus,
1196 776 1327 804 quarum
1351 769 1474 804 argutiis
1498 771 1526 797 et
1557 770 1748 798 acuminibus
1790 770 1938 805 ingenia

1086 815 1188 841 nostra
1196 813 1375 842 meditantes
1386 821 1626 846 exercueramus,
1637 823 1704 844 cum
1717 814 1877 842 nimirum
1896 814 1938 842 ad

1087 866 1139 886 eos
1155 865 1203 885 me
1223 858 1400 892 conferrem,
1421 858 1473 894 qui
1499 859 1650 894 majorum
1675 860 1811 894 gentium
1829 860 1938 887 disci‘

1087 902 1184 938 plinas
1196 905 1221 930 et
1236 903 1420 930 mathemata
1429 903 1660 938 pertractabant,
1672 904 1719 931 ille
1735 912 1808 932 vero
1825 913 1848 932 a.
1867 912 1938 935 me,

1087 949 1235 984 quantum
1251 947 1357 975 tenella
1382 948 1466 983 pueri
1489 947 1602 977 ferebat
1622 951 1706 983 tEtaS,
1732 957 1864 985 semper
1893 949 1938 976 ab

1086 993 1161 1031 ipsis
1176 991 1365 1021 incunabulis
1392 993 1432 1021 ad
1461 993 1585 1021 meliora
1609 1001 1739 1030 quaeque
1769 996 1798 1022 et
1823 994 1938 1030 perfe-

1088 1038 1182 1066 ctiora
1217 1037 1406 1073 capessenda
1432 1038 1594 1070 institutus.
1623 1038 1653 1066 in
1681 1039 1738 1066 illis
1766 1039 1938 1075 paulatim

1088 1084 1284 1116 exerceretur,
1310 1082 1413 1118 sicque
1434 1082 1603 1118 proﬁceret,
1634 1085 1665 1111 ut
1689 1083 1815 1111 tandem
1840 1084 1938 1111 velut

1089 1127 1184 1156 enatis
1200 1129 1228 1155 et
1242 1126 1480 1154 coalescentibus
1496 1127 1603 1163 pennis
1628 1136 1681 1164 per
1696 1128 1779 1156 illum
1801 1128 1937 1164 dicipli—

1089 1180 1198 1201 narum
1218 1171 1333 1205 orbem,
1352 1174 1380 1199 et
1392 1171 1421 1199 in
1433 1172 1539 1207 primis
1551 1173 1753 1209 sophistarum
1767 1174 1936 1208 argutias,

1090 1217 1207 1246 alarum
1236 1216 1355 1254 levitate
1380 1216 1551 1252 subvectus,
1579 1218 1643 1252 jam
1659 1217 1801 1254 deinceps
1821 1218 1866 1246 ad
1897 1226 1937 1246 ea

1091 1270 1212 1299 quoque
1221 1261 1419 1294 theoremata,
1428 1269 1496 1297 quae
1508 1262 1689 1291 sublimioris
1697 1265 1725 1290 et
1733 1264 1935 1298 augustioris

1092 1306 1352 1342 contemplationis
1362 1306 1505 1342 indigent,
1520 1307 1677 1335 subvolare
1690 1311 1805 1344 posset.

1128 1351 1392 1379 Verunienimvero
1407 1359 1475 1379 cum
1486 1352 1550 1387 jam
1571 1354 1691 1388 sumpta
1705 1352 1783 1380 virili
1794 1355 1874 1389 toga
1889 1353 1931 1381 ad

1092 1398 1122 1426 id
1151 1397 1246 1425 aetatis
1269 1396 1461 1430 adolevisset,
1499 1405 1561 1433 quo
1593 1398 1717 1434 quidem
1753 1398 1792 1426 de
1819 1398 1931 1426 multis

1093 1442 1185 1478 hujus
1203 1441 1269 1469 vitae
1293 1441 1404 1469 semitis
1426 1449 1488 1469 una
1510 1442 1634 1470 omnino
1661 1442 1818 1477 seligenda
1846 1446 1929 1477 erat,

1094 1495 1188 1524 quam
1201 1485 1357 1517 insisteret,
1373 1488 1424 1514 aut
1438 1485 1650 1521 ingrederetur,
1668 1489 1738 1514 tunc
1762 1488 1930 1524 temporis,

1095 1532 1195 1566 (eheu,
1212 1531 1264 1566 qui
1279 1530 1364 1558 siccis
1377 1530 1471 1558 oculis
1486 1530 1650 1558 obductam
1669 1531 1843 1568 reipublicae
1870 1535 1932 1559 stu-

1096 1578 1154 1611 tus,
1170 1578 1240 1604 tunc
1259 1575 1394 1603 inaudita
1409 1575 1540 1603 novitate
1555 1575 1713 1611 immutati,
1729 1578 1757 1604 et
1777 1577 1874 1604 accisi
1894 1577 1933 1604 ci-

1097 1620 1237 1648 catricem
1265 1619 1404 1648 refricare
1431 1620 1567 1656 potero!)
1594 1623 1665 1649 tunc
1694 1622 1852 1657 temporis,
1889 1622 1933 1649 in«

1097 1673 1201 1701 quam,
1223 1665 1323 1701 prima
1347 1664 1462 1692 dissidii
1489 1665 1607 1693 occasio
1631 1665 1739 1693 exoriri
1767 1673 1844 1694 ausa
1876 1669 1933 1699 est,

1097 1717 1164 1746 quae
1179 1709 1304 1737 fratrum
1317 1717 1413 1737 unum
1428 1709 1569 1746 idemque
1595 1710 1785 1738 sentientium
1801 1718 1860 1738 con
1863 1711 1934 1746 jun-

1099 1755 1227 1782 ctionem
1264 1754 1384 1782 diversa
1413 1755 1480 1782 vitae
1520 1755 1690 1782 conditione
1727 1754 1932 1790 disjungeret.

1098 1801 1193 1836 Atque
1204 1799 1277 1827 mihi
1290 1799 1414 1836 quidem
1428 1802 1530 1835 (quem
1546 1801 1684 1836 parentes
1701 1807 1718 1828 a
1734 1807 1840 1836 puero,
1864 1803 1932 1828 tan-

1097 1854 1191 1882 quam
1215 1845 1327 1873 sobolis
1343 1854 1406 1873 suae
1430 1845 1587 1881 primitias,
1612 1845 1689 1873 sacri
1716 1845 1818 1874 altaris
1840 1846 1931 1874 mini-

1097 1891 1185 1919 sterio
1201 1891 1466 1926 inauguraverant)
1482 1890 1544 1918 vita
1569 1890 1686 1926 privata
1701 1890 1747 1918 vel
1773 1890 1927 1926 imprimis

1098 1936 1259 1964 arridebat.
1276 1936 1377 1972 itaque
1397 1943 1488 1963 unam
1504 1935 1574 1971 petii
1591 1943 1608 1963 ει
1620 1935 1756 1971 Domino,
1766 1937 1799 1963 ut
1817 1939 1927 1964 sancto

1096 1983 1161 2018 ejus
1182 1981 1293 2017 templo
1319 1980 1497 2016 praeﬁcerer,
1523 1987 1578 2008 nec
1605 1980 1644 2008 ad
1659 1980 1773 2008 tantula
1787 1981 1923 2016 negotia,

1096 2026 1247 2062 quantulis
1266 2025 1424 2053 hominum
1440 2024 1548 2060 vulgus
1564 2024 1652 2053 obrui
1675 2025 1759 2059 solet,
1780 2026 1922 2054 animum

1095 2071 1285 2107 applicarem,
1302 2070 1355 2098 sed
1370 2070 1469 2106 potius
1485 2069 1584 2098 bonas
1596 2070 1687 2098 horas
1702 2070 1762 2098 otio
1778 2070 1921 2105 literario,

1094 2116 1324 2153 evolvendisque
1338 2118 1473 2143 veterum
1491 2115 1609 2152 scriptis
1623 2123 1849 2144 consumerem.
1872 2116 1922 2144 Ille

1095 2170 1163 2190 vero
1174 2164 1338 2198 antequam
1352 2163 1465 2188 certum
1478 2161 1572 2188 ullum
1587 2160 1783 2191 scholasticae.
1800 2161 1921 2189 nudave

1093 2215 1197 2235 eorum
1211 2215 1280 2243 quae
1293 2208 1362 2234 sunt
1377 2205 1554 2241 cognitionis
1570 2208 1597 2234 et
1618 2206 1747 2233 scientiae
1763 2206 1919 2242 specimen

1092 2252 1233 2282 dedisset,
1256 2254 1350 2279 totum
1375 2258 1406 2278 se
1431 2250 1459 2278 in
1486 2258 1521 2278 eo
1536 2249 1605 2278 vitae
1621 2252 1698 2277 statu
1728 2252 1757 2278 et
1784 2251 1920 2278 instituto

1091 2297 1166 2325 ultro
1182 2296 1347 2329 collocavit,
1372 2295 1454 2332 quod
1470 2295 1508 2324 ad
1523 2295 1675 2323 humanas
1701 2295 1837 2323 actiones
1853 2304 1918 2333 pro-

1091 2341 1222 2378 pensius,
1243 2341 1414 2377 reipublicae
1434 2340 1606 2373 studiosius,
1627 2340 1758 2376 denique
1781 2339 1918 2376 pluribus

1090 2386 1259 2422 expositum
1280 2385 1357 2413 curis
1378 2388 1431 2418 est,
1455 2393 1548 2421 quam
1568 2385 1594 2412 ei
1612 2385 1663 2421 qui
1690 2384 1767 2412 serio
1787 2385 1918 2421 philoso-

1090 2431 1177 2468 phari
1204 2431 1280 2466 velit,
1306 2430 1453 2466 expediat.
1486 2431 1520 2458 Ut
1542 2433 1642 2458 autem
1665 2429 1747 2466 quod
1771 2430 1839 2467 ipse
1866 2430 1917 2458 sibi

1090 2476 1268 2512 subjecerat,
1292 2478 1381 2512 atque
1398 2475 1480 2511 apud
1495 2475 1632 2502 animum
1647 2483 1735 2502 suum
1753 2483 1917 2511 proposue-

1088 2524 1144 2554 rat,
1167 2521 1197 2549 in
1220 2520 1393 2548 melioribus
1419 2519 1570 2555 auspiciis,
1594 2520 1753 2556 magisque
1774 2528 1790 2547 e
1813 2528 1844 2547 re
1864 2528 1915 2548 sua

1089 2566 1273 2599 succederet,
1308 2565 1478 2593 cautionem
1506 2573 1628 2600 quoque
1667 2567 1695 2592 et
1729 2565 1913 2599 diligentiam

1088 2611 1235 2640 adhibuit.
1264 2612 1367 2646 Itaque
1386 2609 1558 2638 facultatem
1584 2612 1611 2637 et
1637 2610 1758 2645 copiam
1786 2610 1911 2640 dicendi,

1084 2655 1220 2692 jurisque
1236 2655 1330 2683 civilis
1344 2654 1500 2682 scientiam
1521 2657 1635 2690 quanta
1649 2654 1744 2690 potuit
1760 2655 1873 2690 agendi
1888 2656 1913 2682 et

234 2740 272 2775 (3)
293 2740 363 2774 Quis
378 2741 454 2769 mihi
467 2740 579 2769 tribuat
598 2743 629 2768 ut
643 2748 695 2775 ego
711 2741 824 2768 moriar
836 2747 893 2775 pro
905 2743 941 2774 te,
959 2740 1091 2769 Absalon
1099 2740 1147 2776 ﬁli
1163 2741 1214 2775 mi,
1227 2740 1276 2775 ﬁli
1294 2741 1336 2768 mi
1350 2739 1504 2768 Absalon?
1520 2740 1542 2767 II
1557 2740 1628 2774 Reg.
1649 2746 1724 2767 xvm.
