1948 3079
23 105 58 133 365

593 95 754 124 MONODIA
772 96 807 125 IN
827 95 988 125 FRATREM
1007 96 1112 125 SUUM.

1649 101 1702 128 366

21 162 145 197 cogitandi
169 160 456 196 solertia,tanquam
479 158 672 195 perapp0sita
691 165 826 194 percom-
841 160 864 186 Α
884 158 968 194 (quia
985 166 1032 186 res
1046 158 1218 187 domesticae
1229 159 1306 188 bene
1314 159 1510 196 disponenda
1525 161 1701 198 sunt,isque

20 209 145 244 malaque
160 207 201 235 ad
213 206 440 243 rempublicam
455 203 674 240 capessendam
690 203 827 231 subsidia

20 259 38 282 et
57 254 250 282 instrumenta
278 251 335 279 sibi
364 249 563 286 comparavit.
594 247 747 284 Siquidem
779 256 826 276 me

21 301 175 335 praceptore
196 297 332 333 politicis
355 294 520 331 disciplinis
537 294 567 322 in
592 293 826 329 sapientissimo-

20 352 68 372 rum
87 342 396 376 doctissimorumque
416 340 548 368 virorum
563 346 675 366 corona
690 338 826 366 animum

20 387 121 416 excoluit
151 390 246 422 atque
280 384 475 417 informavit;
504 391 560 412 nec
571 384 612 412 ita
635 382 728 411 multo
759 385 826 418 post

20 441 82 467 vage
92 431 294 468 volubilisque
305 431 433 459 fortuna)
450 429 514 457 telis
529 430 684 464 expositus
697 431 751 457 est.

45 480 97 506 Hac
110 477 258 506 nimirum
274 477 331 505 fuit
352 476 417 504 dira
430 475 481 504 illa
494 475 655 503 Andronici
675 473 822 510 tyrannis,

21 531 69 560 quis
80 522 153 551 velut
167 522 288 550 hedera
298 521 455 557 multiplici
468 521 654 556 erraticoque
665 519 754 556 lapsu
765 527 824 546 ser-

22 567 134 603 pens(sic
156 567 240 594 enim
265 565 436 603 tyrannidis
458 565 518 593 vim
540 564 703 600 depingere
726 563 824 598 liceat)

21 612 144 641 claviculis
166 612 243 645 suis,
259 611 354 648 quasi
368 610 510 638 manibus
533 609 760 638 herbescentem
772 608 826 636 im-

22 658 73 693 perii
96 657 187 685 nestri
217 656 406 684 viriditatem
437 654 606 691 complexa,
630 654 770 690 repressit
799 655 828 681 et

22 701 158 730 suffocavit.
184 700 286 729 Simul
311 709 346 728 ac
369 700 450 729 enim
469 702 550 728 certa
564 707 633 726 cum
654 698 826 735 reipublicae

20 747 120 783 pernicie
135 747 165 774 in
180 746 267 774 aedes
284 748 431 781 augustas
446 745 574 781 irrepsit,
597 752 659 780 quo
681 744 824 772 nimirum

22 798 125 828 tempore
139 791 231 820 frater
249 799 353 824 mens,
364 799 399 818 ex
414 790 519 818 scribis
536 792 564 818 et
584 789 824 817 amanuensibus

21 837 178 873 imperatoris
191 844 275 864 unus
289 838 364 868 erat,
391 838 453 863 tum
476 835 599 863 demum
624 834 731 862 lethale
742 834 822 862 virus
838 835 858 862 Β

21 882 106 913 iftlare,
129 882 313 917 major-eque
342 880 499 908 hominum
518 880 598 913 odio,
621 887 714 915 quam
749 881 823 907 tetra

21 927 62 954 ulla
72 927 244 954 immanisve
264 926 371 954 bellua
392 925 529 953 laborare
555 925 652 961 ccepit.
670 926 702 952 Et
717 932 823 960 quem-

23 971 157 999 admodum
190 971 290 999 torvis
326 970 561 1006 truculentisque
598 969 695 997 leaena
727 977 823 1005 nuper

24 1017 86 1044 enixa
104 1016 256 1045 venaticos
291 1024 382 1044 canes
410 1015 504 1043 oculis
532 1015 648 1043 obtneri
671 1014 755 1048 solet,
783 1015 823 1042 ita

24 1062 138 1096 tyrannis,
158 1062 293 1098 siquem
318 1060 592 1097 interimperatoris
611 1060 723 1088 aulicos
736 1062 763 1087 et
776 1059 822 1088 fa-

24 1107 226 1135 miliaresﬁdum
241 1110 271 1135 et
283 1106 464 1134 industrium
476 1105 699 1142 deprehendere
715 1105 821 1142 potuit,

24 1161 71 1180 eum
84 1153 173 1181 statim
191 1154 373 1189 suspectum
391 1151 512 1183 habere,
529 1151 672 1187 omnique
687 1151 725 1179 ad
739 1151 823 1179 illum

25 1197 101 1233 procul
125 1196 355 1225 extrudendum
385 1196 495 1224 conniti
528 1196 631 1224 animo
664 1198 692 1224 et
719 1195 823 1223 labore

24 1242 169 1269 contendere
199 1241 305 1278 coepit.
335 1241 409 1269 Illud
437 1248 509 1268 vero
543 1241 646 1277 utique
678 1240 821 1276 prestitit,

25 1293 91 1321 quam
110 1286 321 1323 plurimosque
335 1285 431 1321 potuit
442 1293 504 1313 uno
518 1287 547 1314 et
561 1285 668 1313 eodem
685 1284 823 1321 supplicii

23 1339 103 1365 genere
116 1331 262 1360 multavit.

48 1377 102 1408 Quin
114 1384 177 1405 cum
195 1383 337 1413 praesens
350 1375 398 1404 ille
412 1377 625 1412 tyrannorum,
647 1377 698 1403 aut
713 1375 757 1411 (ut
771 1382 821 1409 ge-

26 1421 139 1449 neraliore
149 1421 240 1450 verbo
250 1422 337 1453 utar)
346 1420 554 1457 improborum
567 1427 638 1447 osor
646 1420 818 1455 intueretur,

26 1467 149 1500 atyranno
164 1466 326 1494 communi
340 1465 499 1493 hominum
516 1464 642 1500 gurgite,
657 1467 685 1492 et
693 1464 820 1493 immani
835 1484 856 1512 C

27 1509 130 1538 belluone
156 1511 313 1541 secedere.
339 1518 431 1547 quam
456 1509 574 1538 libidini
594 1509 820 1544 crudelitatique

27 1553 80 1582 illius
88 1556 217 1584 inservire
232 1555 362 1589 maluit;
378 1555 451 1583 illud
465 1554 588 1591 quidem
599 1553 745 1588 audaciae,
762 1554 819 1582 hoc

27 1606 75 1627 vero
95 1601 229 1637 impietati
246 1600 415 1629 ascribens.
444 1600 545 1636 Itaque
570 1599 674 1635 procul
695 1599 734 1627 ab
748 1601 819 1627 Jove

29 1647 56 1675 (ut
67 1646 144 1679 aiunt)
154 1650 180 1674 et
192 1645 324 1674 fulmine
347 1645 486 1674 recedere
499 1645 639 1673 decrevit.

51 1689 105 1718 inde
113 1697 179 1725 ergo
190 1691 242 1719 ubi
252 1690 416 1726 imperium
436 1690 467 1718 in
482 1689 671 1726 tyrannidem
687 1697 817 1723 versum,

29 1741 65 1761 nec
80 1735 196 1771 amplius
219 1736 273 1764 ulli
296 1738 399 1772 patere
423 1735 505 1763 videt
527 1735 590 1771 (qui
611 1734 716 1762 saltem
740 1742 819 1763 veras

28 1778 144 1813 religionis
157 1781 317 1809 studiosus
337 1780 395 1813 sit),
410 1780 572 1808 obﬁrmato
589 1780 691 1808 animo
713 1783 819 1808 contra

28 1823 110 1857 nititur,
128 1825 163 1853 ad
184 1825 382 1861 studiumque
405 1825 482 1860 juris
498 1824 590 1852 civilis
605 1825 817 1860 transfugiens,

28 1868 152 1904 imperium
177 1870 341 1907 tyrannide
355 1870 557 1898 deformatum
578 1870 679 1905 legum
695 1870 817 1904 museis,

27 1911 213 1951 Themidosque
238 1915 380 1943 sacrariis
401 1917 587 1943 commutat:
612 1923 741 1951 quaeque
764 1915 819 1943 fre-

28 1958 103 1991 quenti
119 1962 144 1987 et
167 1960 293 1988 assidua
314 1959 439 1988 lectione
457 1967 493 1987 ex
507 1959 655 1988 librorum
674 1959 817 1988 chartulis

30 2008 154 2039 excerpere
176 2007 288 2040 potest,
321 2012 357 2032 ea
381 2005 412 2032 in
437 2004 565 2040 pectoris
589 2004 634 2032 sui
657 2004 818 2040 pugillares

29 2048 267 2086 transcribit,atque
283 2049 359 2078 adeo
371 2049 495 2078 tandem
508 2049 576 2077 viva
587 2049 689 2084 legum
704 2049 817 2082 tabula,

30 2090 173 2130 spiritusque
187 2094 425 2122 commentarius
439 2093 550 2122 evadit.
571 2093 683 2122 Deinde
699 2093 819 2123 sublata

31 2136 167 2170 tyrannide,
189 2139 378 2175 imperioque
396 2138 541 2171 redivivo,
564 2138 611 2166 ille
637 2146 760 2175 quoque
778 2138 817 2166 ad

31 2185 62 2205 ras
72 2183 226 2218 augustales
248 2183 420 2217 obeundas,
431 2183 513 2211 velut
524 2183 707 2220 postliminio
717 2191 817 2211 rever-

31 2223 88 2253 titur.
101 2226 173 2262 Opus
190 2235 263 2256 sane
283 2230 366 2256 tanto
381 2227 665 2262 commendabilius,
682 2230 714 2256 ut
735 2227 818 2264 quod

32 2268 139 2301 legitimis
157 2273 329 2310 reipublicae
346 2273 492 2308 gradibus
508 2273 689 2307 succederet,
705 2275 819 2309 quanto

31 2315 143 2343 remotius
157 2316 296 2346 hesterna
318 2317 478 2354 tyrannide
493 2317 659 2353 secessisse,
668 2317 713 2345 vel
729 2317 820 2346 etiam

32 2363 57 2384 ex
68 2358 194 2390 diametro
202 2369 389 2398 repugnasse
399 2362 570 2391 videbatur.

57 2402 121 2432 Idem
134 2409 275 2441 praeterea
296 2407 355 2435 alio
375 2407 554 2443 magistratu
578 2409 739 2436 exornatus
764 2409 819 2436 est.

33 2445 132 2477 Tametsi
148 2458 217 2479 vero
229 2451 260 2480 in
281 2452 437 2480 Thraciam
452 2459 513 2480 non
529 2452 629 2480 statim
644 2452 756 2480 missus
772 2452 819 2486 sit,

35 2493 56 2517 ut
73 2491 106 2520 ibi
119 2494 231 2523 arcibus
243 2496 423 2530 reﬁciendis,
440 2496 670 2533 civitatibusque
688 2505 822 2526 commu-

35 2533 124 2564 niendis
138 2543 283 2574 prteesset,
298 2543 388 2577 atque
402 2540 480 2569 adeo
494 2541 666 2569 militarium
681 2541 822 2570 ordinum

35 2577 136 2609 delectus
150 2583 278 2616 haberet,
308 2585 338 2613 id
354 2586 487 2614 muneris
510 2588 614 2614 tamen
639 2587 730 2623 paulo
754 2589 823 2624 post

37 2629 161 2671 assecutus
181 2631 233 2656 est.
250 2631 393 2659 Caeterum
407 2638 468 2667 quo
487 2632 624 2667 tempore
649 2631 687 2660 de
707 2633 823 2660 ratione

37 2669 84 2696 Vita
112 2671 268 2703 intituenda
295 2675 418 2704 consilia
441 2675 602 2704 nobiscum
628 2676 704 2705 inire
736 2677 826 2714 cmpit

832 2163 854 2192 D

64 2732 95 2765 (4)
118 2734 194 2763 Prov.
219 2745 273 2765 xii:
295 2738 405 2768 Mulier
431 2739 559 2775 diligens
587 2747 699 2769 corona
717 2744 759 2769 est
788 2740 854 2770 viro

45 2777 144 2811 delectat
152 2784 244 2814 virum
258 2794 353 2824 suum,
374 2789 430 2818 etc.

882 203 956 231 adeo
972 211 1003 231 se
1018 203 1139 239 privatis
1162 204 1191 232 in
1205 204 1321 232 aedibus
1342 207 1487 241 tanquam
1513 213 1605 240 parva
1625 215 1701 242 qua-

881 247 952 276 dam
967 248 1122 284 republica
1137 256 1273 277 exercere
1284 249 1381 285 debet,
1398 249 1447 286 qui
1462 249 1501 278 ad
1513 258 1613 278 rerum
1633 259 1701 280 ma-

878 293 979 328 jorum
990 293 1294 331 communiorumque
1310 294 1516 330 gubernacula
1525 295 1700 331 contendit),

880 337 917 365 de
929 337 1043 365 familia
1054 345 1109 366 sua
1121 338 1330 367 constituenda
1344 339 1476 376 primum
1492 339 1633 375 cogitavit
1647 347 1702 368 nu-

879 381 947 418 ptiis
971 391 1038 410 cum
1061 383 1223 418 singularis
1247 384 1376 420 exempli
1402 385 1514 413 femina
1533 385 1701 418 contractis,

879 435 1007 464 quisque
1029 428 1080 456 Dei
1098 429 1164 464 Opt.
1180 430 1255 458 Max.
1279 429 1360 458 dono
1380 429 1532 464 obtigisse,
1547 430 1626 464 frugi
1650 430 1703 458 do-

878 473 1072 501 mesticarum
1097 481 1240 501 curarum
1268 481 1395 502 consors
1416 474 1515 502 futura
1541 474 1703 511 videretur,

878 519 968 553 atque
983 525 1018 546 eo
1039 518 1207 554 praesertim
1222 518 1344 547 nomine
1359 519 1390 546 in
1412 526 1506 547 manu
1522 518 1576 546 viri
1595 527 1704 547 conve-

878 562 969 595 nisse,
991 565 1022 590 ut
1044 563 1143 590 carnis
1158 563 1298 599 utrinque
1320 563 1546 600 liberorumque
1565 572 1702 592 commu-

882 607 932 634 nio
957 607 1061 641 coiret,
1079 615 1147 643 quas
1168 607 1251 636 nullo
1277 608 1420 644 temporis
1444 616 1578 644 unquam
1605 610 1701 637 tractu

880 651 1099 685 dissolveretur,
1111 655 1139 680 et
1162 652 1191 679 id
1212 659 1249 681 ex
1267 652 1444 688 hujusmodi
1468 653 1607 682 convictu
1626 661 1703 690 prse-

881 698 982 731 staret,
1003 704 1041 724 ne
1062 697 1118 724 viri
1133 696 1272 726 medullm
1287 697 1462 726 ulluminde
1474 698 1704 727 incommodum

880 744 931 768 aut
939 741 1150 769 detrimentum
1156 744 1306 777 caperent,
1314 742 1573 778 quemadmodum
1581 742 1705 779 pulchro

880 785 1028 821 Sapientis
1056 785 1210 822 ἁποφθέγμα
1234 786 1342 815 suadet
1355 786 1406 823 (4).
1433 787 1520 820 Quod
1543 787 1643 816 fratris
1661 788 1705 816 in-

878 831 1012 858 stitutum
1023 839 1093 858 cum
1103 831 1252 868 plerisque
1264 831 1454 867 innotuisset,
1479 832 1529 868 qui
1552 840 1705 861 recensere

877 876 1001 911 possim,
1017 877 1091 912 quot
1106 875 1239 912 primarii
1254 876 1459 905 adolescentes
1472 877 1615 906 afﬁnitate
1639 885 1705 906 sese

876 920 1035 948 nobiscum
1042 920 1193 948 devincire
1202 920 1400 950 studuerunt?
1406 923 1469 949 Non
1484 923 1525 950 tot
1531 922 1630 950 hercle
1636 930 1705 959 pro-

876 965 903 993 ci
909 965 1071 993 temulento
1079 965 1200 1000 agmine
1211 965 1448 994 comessabundi
1462 966 1503 995 ad
1510 966 1702 1003 Penelopen],

876 1012 950 1047 quot
968 1010 1007 1038 ad
1031 1010 1115 1038 illum
1136 1010 1322 1038 matrimonii
1345 1011 1542 1040 contrahendi
1562 1011 1704 1047 interpre-

877 1058 932 1090 tes,
948 1057 977 1083 et
994 1055 1083 1091 quasi
1093 1057 1263 1091 proxenetie
1278 1055 1489 1084 conﬂuebant:
1505 1064 1637 1092 quorum
1654 1056 1703 1085 alii

876 1100 1017 1132 filiarum,
1030 1099 1223 1128 aliisororum
1234 1100 1355 1137 nuptias
1368 1100 1580 1129 moliebantur.
1592 1101 1704 1136 Magni—

877 1145 935 1173 ﬁca
950 1147 978 1173 et
992 1145 1122 1180 gloriosa
1144 1145 1341 1173 ostentatione
1355 1145 1404 1173 alii
1419 1145 1493 1173 alios
1503 1153 1645 1181 superare
1655 1153 1704 1174 co-

877 1192 994 1224 nantes,
1010 1192 1100 1226 atque
1115 1189 1204 1218 etiam
1220 1189 1424 1218 venditatione
1446 1189 1581 1226 quadam
1595 1198 1701 1219 eorum

876 1234 988 1270 quibus
999 1234 1207 1271 unusquisque
1223 1234 1263 1262 ad
1285 1234 1406 1270 nuptias
1419 1234 1485 1262 illas
1496 1236 1539 1262 tot
1552 1235 1703 1264 nobilium

876 1287 1038 1316 procorum
1071 1279 1149 1308 votis
1178 1280 1206 1307 et
1238 1279 1511 1308 concertationibus
1544 1280 1703 1316 expetitas,

876 1325 1008 1353 maxime
1023 1323 1104 1358 eniti,
1130 1326 1159 1352 et
1172 1331 1281 1352 nervos
1296 1323 1391 1352 atatis
1408 1323 1623 1360 industriaeque
1640 1333 1702 1354 suae

876 1370 1065 1405 contendere,
1073 1377 1178 1398 earum
1187 1369 1318 1405 denique
1333 1369 1431 1405 potiri,
1444 1369 1702 1406 composqueﬁeri

875 1417 989 1451 posset.
1025 1414 1128 1450 Itaque
1162 1414 1212 1442 alii
1236 1413 1283 1441 vel
1313 1413 1440 1448 generis,
1469 1413 1517 1442 vel
1539 1414 1703 1448 formae,vel

875 1459 965 1488 etiam
982 1458 1138 1494 utriusque
1159 1458 1331 1494 praestantia
1350 1457 1520 1493 gloriando,
1536 1458 1586 1486 alii
1598 1461 1702 1489 contra

876 1504 1092 1532 sententiarum
1103 1503 1257 1538 gravitate,
1269 1503 1491 1538 verborumque
1502 1503 1699 1538 ponderibus,

875 1552 1019 1585 tanquam
1045 1548 1075 1576 in
1103 1547 1259 1584 procinctu
1281 1555 1312 1575 se
1341 1547 1427 1575 tutati
1451 1549 1542 1575 sunt:
1572 1549 1605 1575 ut
1625 1548 1700 1576 mihi

874 1595 964 1623 frater
974 1593 1118 1622 dubitans
1129 1595 1158 1621 et
1167 1592 1310 1621 haesitans
1319 1599 1381 1620 non
1388 1599 1516 1628 parvum
1526 1591 1614 1620 ofﬁcii
1622 1599 1700 1620 onus

874 1638 1061 1676 imposuerit,
1076 1637 1150 1665 dum
1162 1637 1277 1673 judicio
1292 1644 1361 1665 meo
1376 1644 1549 1665 socerorum
1564 1636 1698 1665 delectus

873 1683 1040 1716 committit,
1056 1690 1148 1719 seque
1159 1681 1208 1710 vel
1219 1681 1369 1718 imprimis
1388 1680 1600 1717 amplexurum
1617 1680 1697 1710 afﬁr-

873 1729 936 1756 mat
958 1726 1107 1763 quidquid
1123 1733 1214 1762 super
1222 1733 1259 1754 ea
1271 1733 1303 1754 re
1330 1725 1405 1754 mihi
1428 1725 1581 1759 arrideret,
1602 1726 1697 1754 facto-

872 1780 931 1809 que
946 1780 1024 1809 opus
1039 1779 1104 1799 esse
1115 1771 1273 1800 videretur.

908 1818 930 1846 Ο
946 1817 1083 1846 animum
1097 1824 1167 1845 vere
1181 1816 1359 1851 fraternum,
1372 1816 1424 1852 qui
1435 1815 1510 1844 mihi
1521 1815 1626 1844 omnia
1640 1824 1697 1846 sua.

872 1862 1100 1890 commendaret
1114 1863 1143 1889 et
1157 1860 1359 1894 concrederet,
1376 1861 1524 1897 cujusque
1543 1861 1666 1890 consilia
1678 1869 1698 1890 δ.

872 1915 930 1942 me,
965 1915 1027 1935 non
1050 1914 1136 1934 secus
1168 1908 1259 1942 atque
1281 1905 1321 1934 ab
1348 1905 1450 1942 aliquo
1474 1905 1610 1942 numine,
1635 1905 1697 1935 vim

873 1959 961 1980 suam
985 1954 1012 1979 et
1035 1950 1174 1979 effectum
1194 1950 1358 1986 caperent!
1379 1951 1444 1983 Quo
1472 1949 1592 1979 hercule
1615 1949 1697 1979 facto

872 1995 1092 2026 evidentissima
1115 1995 1220 2032 patuit,
1252 1995 1407 2031 quomodo
1433 2003 1520 2023 meus
1543 1994 1602 2029 ille,
1633 1995 1695 2024 imo

872 2042 1022 2070 bonarum
1028 2040 1193 2068 litterarum
1203 2039 1346 2068 alumnus
1358 2039 1397 2068 ad
1407 2039 1547 2068 virtutem
1568 2039 1694 2068 affectus

873 2089 970 2116 esset:
986 2093 1048 2122 qua
1059 2085 1184 2122 quidem
1203 2085 1276 2113 nihil
1288 2093 1325 2113 ex
1340 2084 1482 2113 omnibus
1496 2092 1564 2121 quas
1584 2085 1652 2112 sunt
1662 2084 1696 2112 in

872 2139 974 2160 rerum
983 2133 1091 2159 natura
1105 2129 1268 2166 antiquius,
1285 2132 1337 2158 aut
1348 2129 1555 2157 observatione
1574 2128 1697 2164 dignius

874 2177 1086 2205 arbitraretur:
1107 2182 1169 2203 non
1193 2182 1279 2210 opes,
1299 2182 1361 2203 non
1384 2174 1489 2202 formai
1509 2174 1697 2210 dignitatem,

874 2229 935 2250 non
955 2220 1071 2257 generis
1094 2219 1268 2253 claritatem,
1292 2226 1353 2247 non
1366 2219 1455 2246 famas
1475 2218 1697 2247 celebritatem:

874 2266 993 2296 tametsi
1009 2274 1044 2293 ea
1059 2267 1145 2293 (etate
1158 2266 1246 2298 esset,
1263 2271 1331 2300 quae
1346 2263 1432 2292 facile
1443 2263 1621 2299 hujusmodi
1640 2264 1700 2292 for-

874 2313 952 2340 tuna;
989 2309 1126 2338 ludibriis
1159 2310 1187 2337 et
1215 2307 1364 2337 illecebris
1394 2308 1500 2336 irretiri
1539 2307 1624 2342 solet,
1671 2310 1701 2336 et

875 2362 1057 2390 coacescere,
1075 2353 1150 2382 dum
1163 2353 1202 2382 ad
1210 2353 1306 2382 avitas
1314 2355 1343 2381 et
1350 2352 1464 2389 patrias
1473 2360 1522 2382 res
1531 2352 1701 2389 augendas,

875 2399 1097 2429 nobilitandum
1107 2406 1202 2434 genus
1217 2405 1388 2434 corpusque
1398 2398 1595 2426 reﬁciendum
1608 2400 1638 2426 et
1649 2406 1701 2426 cu-

875 2445 1007 2474 randum
1023 2443 1230 2479 indulgentius
1245 2450 1339 2480 quam
1354 2450 1410 2479 par
1434 2443 1471 2471 sit
1493 2444 1523 2471 et
1538 2442 1700 2471 ferventius

876 2489 1033 2518 incumbit.

913 2533 1060 2563 Omnibus
1075 2533 1156 2561 enim
1170 2532 1281 2569 procis,
1298 2532 1395 2569 iisque
1407 2532 1573 2569 praesertim
1589 2531 1643 2568 qui
1651 2531 1702 2560 vel

878 2586 1032 2607 summam
1061 2577 1163 2606 dotem
1190 2577 1323 2606 dicerent
1352 2579 1381 2605 et
1407 2576 1623 2613 promitterent,
1639 2583 1703 2604 non

880 2624 945 2652 sine
959 2622 1053 2652 animi
1076 2622 1251 2651 excellentia
1264 2624 1292 2650 et
1315 2621 1487 2658 praestantia
1510 2619 1700 2657 posthabitis,

879 2668 1039 2698 illustrium
1052 2667 1314 2696 Belissariotarum
1329 2665 1471 2703 probitati
1485 2666 1514 2694 et
1525 2665 1706 2700 ingenuitati

877 2747 942 2776 suo,
965 2741 1020 2769 etc.
1049 2739 1082 2768 Et
1110 2738 1197 2768 Eccli.
1222 2746 1309 2767 xxvr:
1327 2738 1434 2767 Gratia
1447 2737 1581 2767 mulieris
1593 2737 1707 2767 sedulo:
