1948 3079
229 93 279 119 367

679 81 864 111 MlCHAELIS
883 80 1073 110 ACOMlNATI
1092 83 1305 110 ATHENARUM
1324 82 1483 110 ARCHlEP.
1911 82 1931 135 ἦ

227 153 313 182 facile
321 152 507 187 cessit,quos
519 148 599 176 idem
608 145 848 178 contubernium,
862 144 1051 172 earumdem-
1064 146 1087 172 Α
1107 144 1201 172 multa
1216 143 1355 172 muniﬁce
1377 146 1406 173 et
1427 144 1509 179 large
1537 144 1643 172 dantes
1658 144 1931 188 promerebantﬁ

227 206 286 235 que
301 197 358 225 sub
373 195 479 224 iisdem
491 192 641 228 magistris
655 191 763 219 artium
776 189 863 226 quasi
876 188 1051 217 communio

228 234 256 270 et
270 241 397 270 societas
407 239 446 268 ad
452 237 701 267 necessitudinem
709 238 844 263 nostram
856 234 1050 270 adjunxerat;

227 287 348 314 illorum
370 285 450 313 enim
469 290 614 316 sororem,
636 289 701 316 quae
724 279 753 308 in
773 279 895 315 optimae
919 278 1051 314 parentis

228 331 322 358 oculis
340 330 419 358 intra
436 327 560 356 thalami
574 326 701 363 parietes
714 326 793 352 caste
816 325 843 351 et
855 323 962 359 pudice
977 323 1050 350 edu-

229 378 297 404 cata
320 375 425 408 fuerat,
440 371 525 400 duxit
540 371 628 398 frater
643 369 690 397 ille
704 376 798 402 meus,
821 375 912 404 quem
929 367 1050 395 Belissa-

227 419 311 449 riotis
327 418 513 447 simillimum
525 423 586 444 non
599 417 662 443 tam
669 412 859 442 necessitudo
874 415 901 440 et
912 412 1050 446 affinitas,

228 472 323 502 quam
344 470 465 491 morum
496 459 702 489 convenientia
717 458 865 486 effecerat.
894 459 995 493 Itaque
1022 458 1053 484 ut

231 509 336 537 fratres
360 507 469 536 animis
490 514 551 534 non
572 512 658 532 secus
680 505 771 539 atque
793 501 970 538 corporibus
992 508 1054 528 una

229 554 297 582 unis
309 553 340 580 in
355 551 471 580 mdibus
484 549 670 581 habitabant,
683 548 788 575 eadem
800 555 834 574 ex
856 554 961 574 mensa
970 546 1054 573 cibos

229 598 334 626 indies
348 595 555 633 capessebant,
572 593 676 622 iisdem
692 592 868 627 gaudentes,
888 590 993 618 iisdem
1010 590 1053 617 vi-

231 643 335 671 cissim
341 640 619 673 commovebantur,
634 635 974 672 unaforum,templum,
984 643 1054 663 con-

231 688 333 716 ciones
356 685 506 722 publicas,
527 682 673 720 palatium
697 681 839 709 adibant:
863 680 932 708 inde
951 687 1054 707 rursus

233 741 295 761 non
310 730 428 766 singuli,
444 729 497 757 sed
515 735 571 765 pro
595 734 679 755 more
703 726 766 754 bini
786 725 910 753 domum
929 726 1054 752 reverte-

232 778 352 812 bantur,
372 775 530 804 miriﬁcum
550 781 580 800 se
596 771 669 800 alter
683 771 766 799 alteri
785 770 925 798 comitem
941 769 1054 806 praebe-

1106 189 1187 217 velut
1199 189 1438 226 sumptuosiores
1448 189 1573 226 quidam
1593 190 1793 225 margaritarii
1809 189 1931 224 union

1105 233 1511 270 smaragdos,lychnitasque
1518 241 1630 268 magno
1636 230 1932 274 pretiocomparat

1105 277 1175 305 inde
1206 277 1333 306 domum
1365 277 1572 314 asportabant,
1601 278 1694 306 satius
1725 287 1790 306 esse
1817 278 1908 311 rati,

1106 322 1286 357 dignitatum
1302 322 1516 358 praerogativas
1531 322 1626 359 pretio
1640 322 1696 351 sibi
1707 314 1932 359 compararet

1106 375 1199 403 quam
1213 367 1236 394 si
1252 366 1291 395 ab
1311 366 1368 394 illis
1390 367 1467 395 ultro
1487 369 1674 395 ornarentur.
1701 368 1853 399 Quorum
1877 374 1932 396 cel

1107 411 1290 446 singularem
1302 411 1505 448 eximiamque
1517 412 1655 440 virtutem
1664 412 1889 449 imperatores
1910 414 1933 443 et

1105 456 1192 493 perti,
1212 456 1295 492 quod
1314 447 1465 484 nimirum,
1480 456 1554 484 lucri
1586 447 1771 494 privataeque
1801 447 1933 503 utilitati

1107 503 1280 537 contemptu
1302 500 1473 534 Aristidem,
1506 501 1704 537 temperantia
1725 500 1933 538 Hippolytui

1109 545 1366 581 Bellerophontem
1386 547 1414 573 et
1428 546 1604 581 Josephum,
1625 546 1698 580 iuris
1719 546 1872 583 denique
1901 543 1934 586 οἱ

1109 590 1257 619 servantia
1283 590 1420 623 Minoem,
1453 589 1571 625 judices
1605 591 1728 619 minime
1754 592 1934 620 nummart

1108 635 1196 671 longe
1211 637 1432 671 praeverterent,
1452 634 1542 662 rebus
1565 635 1643 669 illos,
1664 635 1723 663 suis
1742 635 1835 664 domi
1858 635 1934 664 fori

1108 687 1167 716 que
1180 679 1388 716 praefecerunt,
1417 679 1592 707 mrariorum
1615 679 1681 712 illis,
1709 680 1934 709 thesaurorun

1092 717 1167 761 'que
1180 727 1208 752 et
1227 723 1435 752 cubiculorum
1451 731 1575 752 suorum
1588 724 1698 760 januas
1716 724 1935 760 patefecerun

1109 769 1288 798 charissima
1308 777 1437 806 quaeque
1452 777 1514 797 non
1529 777 1614 797 secus
1630 772 1719 806 atque
1739 769 1935 799 familiariss

231 822 294 856 bat,
318 823 350 849 ut
375 821 440 856 jam
469 817 675 846 aemulandum
709 815 897 850 cognationis
931 822 998 850 par,
1027 815 1090 845 etB
1111 815 1167 843 mis
1194 814 1453 848 concrediderunt;
1476 814 1543 842 illos
1572 814 1702 851 denique
1729 814 1761 843 in
1783 818 1935 852 aper-tat

233 866 494 894 auctoramentum
510 860 719 890 beatissimum
736 860 766 887 in
775 867 825 887 ore
840 859 977 887 omnium
991 865 1055 886 ver-

232 913 356 945 saretur,
383 912 473 944 atque
493 907 569 936 adeo
601 906 732 934 maxime
755 904 915 940 perspicua
945 905 1056 939 tempe-

231 955 335 984 rantia:
344 952 527 989 exemplaria
537 951 684 980 audirent.
697 949 836 983 Quandiu
845 951 922 977 certe
936 948 1055 976 cielibes

231 1001 365 1036 egerunt,
374 997 473 1026 nobile
481 1005 535 1033 par
541 996 665 1024 fratrum
673 996 786 1031 passim
795 993 954 1022 hominum
962 993 1055 1021 inure-

230 1046 372 1074 brescens
379 1043 576 1079 pervagatum
583 1043 636 1075 est,
643 1042 845 1076 posteaquam
852 1046 922 1066 vero
930 1038 1056 1066 honora-

230 1090 283 1118 bili
314 1087 455 1116 connibio
483 1086 515 1114 in
543 1085 685 1113 omnibus
713 1086 742 1112 et
771 1085 836 1111 toro
862 1082 1055 1111 immaculato

229 1133 326 1170 jugati
341 1134 421 1166 sunt,
444 1133 509 1159 tum
529 1138 601 1158 vero
611 1129 668 1157 illis
689 1128 788 1156 affinis
812 1128 892 1155 idem
914 1127 965 1163 qui
982 1126 1056 1154 mihi

231 1179 321 1207 frater
335 1177 399 1205 fuit.
417 1176 450 1204 Hi
469 1175 519 1204 alii
539 1175 666 1202 aliorum
687 1173 826 1201 medullis
842 1175 870 1200 et
891 1171 1054 1200 visceribus

231 1223 300 1253 imis
329 1222 410 1251 velut
439 1220 648 1257 colliquefacti,
678 1227 775 1255 usque
807 1217 883 1246 adeo
912 1218 1054 1245 inhaerere

230 1270 395 1305 cceperunt,
411 1269 443 1295 ut
453 1266 551 1294 statim
562 1265 627 1292 illos
642 1265 672 1292 in
687 1272 778 1292 unam
788 1271 922 1291 massam
935 1270 1054 1290 concre-

231 1316 277 1343 tos
293 1313 399 1341 coiisse
410 1311 507 1348 quivis
521 1310 721 1337 restituaturus
743 1311 832 1341 esset,
848 1315 916 1344 quae
931 1307 1053 1343 quidem

231 1358 315 1387 nullo
339 1355 482 1392 temporis
504 1357 597 1383 tractu
614 1354 713 1382 dirimi
729 1356 780 1381 aut
795 1353 964 1381 intersecari
984 1360 1053 1388 pos.

232 1405 286 1438 set,
307 1410 343 1430 ea
360 1401 554 1438 potissimum
580 1399 617 1427 de
632 1407 734 1432 causa,
751 1398 833 1434 quod
857 1397 1053 1425 Belissariotaa

232 1447 356 1484 quidem
372 1454 426 1482 pro
443 1445 504 1473 suis
527 1444 722 1479 dignitatibus
743 1443 774 1471 in
795 1443 869 1470 urbe
884 1442 1055 1478 reipublicae

234 1491 403 1520 commodis
428 1489 626 1521 consulerent,
644 1488 734 1516 frater
759 1490 860 1515 autem
885 1495 971 1515 meus
993 1494 1055 1514 non

231 1537 263 1565 in
278 1537 353 1564 urbe
367 1537 495 1565 tantum.
519 1533 571 1561 sed
590 1533 679 1561 etiam
690 1532 719 1560 in
738 1531 907 1568 provincias
919 1533 947 1559 et
958 1531 1056 1559 muni-

233 1581 321 1618 cipia,
337 1583 370 1609 ut
380 1581 443 1616 jam
463 1578 532 1613 dixi,
545 1578 583 1606 ab
598 1577 663 1606 aliis
673 1577 798 1613 aliisque
826 1575 1057 1613 imperatoribus

233 1627 356 1659 missus,
371 1632 472 1653 rerum
488 1631 615 1651 summa:
629 1622 754 1658 praefuit.

269 1672 399 1706 Tempus
414 1668 538 1705 quidem
561 1669 638 1695 certe
662 1666 821 1694 mutationi
838 1673 1058 1703 usquequaque

235 1718 344 1750 patens
362 1717 390 1742 et
404 1713 587 1749 expositum,
601 1711 832 1747 imperatoribus
846 1711 933 1739 etiam
950 1719 1057 1746 super-

238 1758 357 1785 stitibus
393 1757 518 1792 imperia
556 1755 676 1789 ademit,
708 1763 726 1782 a
763 1755 1059 1790 Sceptuchorumque

237 1801 379 1830 manibus
387 1801 513 1836 abrepta
523 1802 641 1835 sceptra
652 1799 689 1827 ad
700 1798 785 1833 alios,
793 1799 831 1826 ab
844 1799 950 1835 hisque
959 1799 1058 1827 denuo

238 1846 278 1875 ad
296 1846 371 1874 alios
386 1845 551 1874 transtulit:
569 1844 652 1872 fratri
672 1846 772 1871 autem
797 1852 865 1871 meo
885 1844 1015 1871 honores
1032 1847 1060 1872 et

236 1891 431 1926 magistratus
445 1890 588 1917 continua
597 1888 813 1924 imperatorum
824 1888 972 1916 successio
988 1888 1060 1917 inte-

237 1943 308 1970 gros
326 1934 527 1970 illibatosque,
548 1941 604 1961 nec
624 1932 711 1960 ullius
733 1933 920 1960 successione
930 1933 1059 1962 interru-

236 1982 303 2016 ptos
323 1979 523 2011 conservavit,
549 1978 610 2006 imo
629 1985 701 2005 vero
725 1978 776 2014 qui
795 1978 1059 2014 subsequebantur

235 2024 472 2062 praecedentibus
502 2031 572 2058 erga
598 2023 683 2050 illum
714 2023 919 2051 benevolentia
947 2024 1058 2051 anteire

235 2069 324 2105 quasi
344 2068 570 2099 contendentes,
597 2067 635 2095 ad
662 2067 805 2103 pristinos
827 2067 905 2095 illius
927 2068 1057 2096 honores

235 2114 351 2150 aliquid
365 2114 489 2149 insuper
504 2113 695 2148 adjiciebant,
711 2113 766 2140 viri
786 2113 929 2140 nimirum
948 2113 1056 2141 virtute

235 2158 492 2194 obstupescentes,
507 2159 684 2193 tantumque
699 2165 736 2185 ex
750 2157 876 2194 imperio
891 2166 946 2186 suo
958 2158 1055 2186 immi-

233 2202 288 2230 nui
309 2202 524 2237 existimantes,
554 2204 702 2238 quantum
722 2202 760 2230 de
784 2202 950 2231 honoribus
977 2203 1056 2231 illius

232 2247 471 2275 imminueretur.

269 2293 370 2328 Neque
380 2300 451 2320 vero
471 2292 609 2327 vulgares
621 2294 736 2321 tantum
749 2295 778 2321 et
796 2292 903 2329 plebeii
918 2293 1055 2322 homines

232 2336 355 2372 (quibus
379 2336 419 2365 ad
434 2337 563 2365 honores
584 2337 633 2365 vix
648 2337 726 2365 ullus
741 2340 822 2374 patet
851 2337 961 2374 aditus,
975 2347 1054 2376 quo—

229 2389 338 2410 rumve
374 2382 531 2411 conatibus
562 2383 682 2412 fortuna
709 2384 826 2412 tenuior
847 2387 875 2412 et
898 2384 1055 2413 obscurior

228 2427 350 2456 obstare
374 2427 459 2464 solet)
484 2428 598 2464 palatia
623 2428 865 2465 frequentabant,
894 2430 1054 2466 quantovis

227 2472 323 2508 pretio
343 2472 490 2501 honorem
511 2473 550 2501 ab
568 2473 801 2510 imperatoribus
822 2474 956 2503 delatum
978 2475 1054 2503 msti-

225 2516 363 2549 mabant,
391 2517 574 2554 publicaque
597 2526 660 2555 qua
675 2522 814 2555 poterant
837 2522 898 2548 arte
914 2528 1050 2553 munera,

223 2560 305 2589 lucto
320 2562 432 2590 addicti
445 2562 634 2590 venabantur
647 2572 653 2597 ;
668 2563 720 2591 sed
736 2563 765 2591 hi
781 2564 871 2592 etiam
886 2564 923 2592 de
937 2564 1050 2600 quibus

224 2605 298 2633 mihi
314 2614 412 2634 sermo
428 2609 481 2639 est,
495 2615 555 2634 una
567 2615 636 2634 cum
645 2607 760 2635 virtutis
771 2610 797 2635 et
808 2608 927 2636 honesti
943 2617 1049 2637 aman-

224 2648 303 2676 tibus
326 2649 377 2678 illo
401 2658 432 2679 se
460 2650 663 2686 conferebant,
684 2651 822 2688 beneque
849 2652 886 2680 de
908 2655 1048 2689 Augustis

1109 859 1270 896 propatula
1286 858 1370 886 urbis
1385 858 1644 887 administratione
1656 867 1784 894 magnos
1799 860 1935 896 logotht

1110 907 1167 937 tas,
1179 903 1309 940 ephoros
1321 905 1348 931 et
1358 903 1538 939 polyarchas
1553 903 1800 939 designaverunt.
1815 904 1936 933 lllorur

1110 949 1189 978 enim
1205 949 1322 981 virtute,
1339 947 1427 976 veluti
1442 948 1577 984 quodam
1589 956 1692 984 regno,
1707 948 1876 978 civitatum
1899 958 1936 985 gi

1109 993 1274 1022 bernacula
1289 993 1329 1021 ita
1346 995 1577 1025 exornaverunt,
1591 996 1624 1021 ut
1642 1001 1678 1021 ea
1692 994 1793 1030 potius
1811 994 1857 1022 ab
1876 994 1936 1022 illis

1109 1046 1203 1075 quam
1218 1037 1260 1065 illi
1276 1037 1314 1065 ab
1336 1037 1403 1065 ullis
1429 1045 1529 1065 rerum
1550 1037 1738 1074 publicarum
1753 1039 1937 1068 honoribus

1109 1083 1241 1120 prcemiis
1261 1085 1313 1111 aut
1326 1082 1496 1118 splendore.
1509 1085 1711 1117 Augustorum
1728 1084 1937 1112 muniﬁcenti,

1110 1128 1224 1156 collatis
1239 1127 1468 1155 illustrarentur.
1484 1129 1546 1155 lmo
1566 1135 1645 1161 vero,
1659 1130 1690 1155 ut
1700 1127 1803 1156 dicam
1813 1129 1846 1157 id
1859 1137 1937 1165 quoi

1108 1181 1156 1201 res
1177 1174 1229 1208 est,
1254 1172 1293 1200 ab
1309 1171 1449 1207 Augustis
1462 1172 1492 1199 in
1508 1171 1741 1200 clarissimorum
1763 1175 1937 1210 temporum

1110 1225 1236 1246 suorum
1256 1219 1447 1250 ornamenta,
1481 1216 1715 1254 reipublicaeque
1728 1217 1938 1252 gubernacult

1110 1271 1145 1290 ex
1157 1262 1258 1297 legum
1269 1261 1443 1297 praescripto
1456 1261 1645 1290 moderanda
1656 1262 1744 1298 quasi
1754 1270 1934 1292 commune

1108 1307 1233 1343 quidam
1246 1306 1418 1340 harmostte,
1430 1314 1587 1334 morumve
1598 1306 1743 1341 magistri,
1757 1309 1851 1336 creati
1860 1311 1938 1336 sunt

1109 1350 1282 1387 cujusmodi
1300 1350 1458 1386 quondam
1473 1351 1666 1385 magistratus
1682 1359 1753 1379 suos
1775 1352 1865 1381 nullo
1883 1361 1939 1381 nor

1109 1397 1260 1424 honorum
1272 1396 1369 1430 gradu
1379 1403 1448 1423 cum
1459 1395 1593 1423 maxima
1603 1395 1648 1423 sui
1668 1396 1801 1424 nominis
1813 1397 1939 1425 celebri

1109 1444 1168 1470 tate
1189 1440 1361 1477 perfunctos
1383 1440 1588 1468 vetustissima
1610 1439 1660 1468 illa
1683 1441 1779 1469 Roma
1797 1445 1939 1470 noverat

1083 1491 1090 1501 λ
1110 1485 1300 1522 quivicissim
1317 1484 1398 1512 urbis
1412 1484 1498 1519 illius,
1522 1492 1590 1520 quae
1605 1486 1781 1513 casterarum
1796 1487 1939 1515 omnium

1111 1530 1197 1558 facile
1222 1530 1361 1566 princeps
1385 1531 1456 1557 tunc
1480 1529 1626 1565 temporis
1651 1530 1779 1561 ﬂoreret.
1805 1532 1940 1568 imperii

1112 1584 1170 1612 que
1199 1576 1245 1603 sui
1269 1575 1344 1602 ﬁnes
1365 1575 1452 1609 longe
1474 1574 1593 1611 lateque
1615 1575 1819 1611 protenderet,
1849 1585 1940 1605 ornat

1112 1622 1214 1648 menta
1236 1620 1266 1647 in
1288 1627 1449 1648 commune
1476 1619 1567 1648 totius
1598 1619 1680 1648 orbis
1709 1625 1933 1650 ornamentum

1112 1672 1367 1701 communemque
1383 1664 1526 1692 humanm
1550 1664 1699 1693 societatis
1720 1665 1882 1694 utilitatem
1897 1674 1940 1695 ce-

1112 1711 1182 1738 dere
1197 1709 1420 1738 arbitrarentur.

1149 1757 1183 1783 Ut
1207 1763 1270 1783 rem
1296 1754 1401 1791 paucis
1423 1754 1593 1791 expediam,
1614 1755 1697 1783 salva
1720 1756 1848 1792 quidem
1874 1761 1940 1785 sunt

1113 1800 1245 1836 prosperi
1251 1799 1317 1828 tatis
1326 1799 1467 1827 humanae
1474 1799 1712 1836 propugnacula,
1720 1800 1834 1829 Pharos
1840 1805 1940 1829 autem

1112 1848 1141 1873 et
1158 1847 1272 1881 portus,
1295 1852 1424 1881 quorum
1447 1844 1498 1872 illa
1524 1847 1592 1872 sunt
1610 1844 1802 1874 adminiculis
1819 1854 1940 1874 censen

1112 1893 1192 1924 vata,
1211 1889 1403 1925 naufragium
1417 1889 1505 1918 nobis
1515 1889 1638 1918 abstulit
1654 1892 1703 1925 (ὃ).

1149 1935 1203 1968 Qui
1218 1937 1319 1963 tamen
1340 1934 1397 1962 hoc
1422 1934 1485 1962 ﬁeri
1504 1936 1610 1970 potest,
1632 1937 1663 1962 ut
1682 1937 1838 1964 tantorum
1860 1937 1940 1964 viro-

1112 1987 1180 2008 rum
1195 1980 1317 2007 virtutes
1333 1982 1394 2007 tam
1408 1979 1567 2011 succincte,
1584 1979 1745 2016 verbisque
1761 1982 1824 2008 tam
1835 1981 1940 2017 paucis

1112 2025 1153 2053 ita
1176 2024 1373 2061 percurram?
1396 2026 1427 2052 ut
1454 2023 1585 2059 plurima
1604 2023 1719 2052 silentio
1743 2025 1940 2060 praeteream?

1111 2070 1220 2106 partim
1233 2069 1356 2105 quidem
1376 2069 1519 2096 confusus
1536 2076 1572 2096 ex
1587 2077 1633 2102 eo,
1653 2068 1736 2105 quod
1750 2069 1861 2098 affectu
1881 2070 1939 2098 sim

1111 2114 1278 2142 vehementi
1290 2116 1319 2142 et
1330 2114 1478 2142 concitato
1493 2113 1589 2148 magis
1601 2122 1695 2150 quam
1708 2113 1796 2142 bonis
1812 2114 1872 2142 illis
1888 2115 1939 2144 ad-

1111 2160 1202 2188 ducto
1216 2162 1244 2188 et
1259 2167 1413 2196 persuaso,
1429 2159 1540 2195 quibus
1560 2159 1628 2187 etin
1652 2159 1710 2186 vita
1727 2159 1844 2195 prtediti
1864 2163 1894 2189 et
1907 2161 1938 2188 in

1112 2207 1207 2233 morte
1222 2212 1284 2233 non
1309 2205 1371 2232 sine
1395 2211 1508 2238 magno
1525 2203 1627 2232 seculi
1647 2204 1741 2232 nostri
1756 2204 1936 2233 detrimento

1110 2249 1218 2286 privati
1231 2250 1349 2278 fuerunt
1364 2257 1370 2276 :
1385 2249 1494 2284 partim
1510 2256 1579 2277 vero
1601 2249 1716 2277 cautius
1736 2249 1935 2285 prospiciens,

1110 2304 1146 2324 ne
1160 2296 1228 2332 quis
1244 2295 1322 2323 hanc
1338 2295 1507 2322 orationem
1519 2293 1669 2329 suggillet,
1681 2296 1713 2322 ut
1728 2301 1796 2330 qua:
1807 2294 1934 2322 instituti

1109 2340 1278 2376 argumenti
1292 2340 1396 2371 oblita,
1409 2339 1555 2375 majorem
1571 2339 1712 2374 Thylaco,
1728 2341 1760 2366 ut
1774 2338 1805 2366 in
1815 2347 1935 2376 prover-

1108 2386 1159 2414 bio
1173 2388 1225 2420 est,
1245 2384 1449 2413 accessionem
1460 2383 1570 2412 fecerit.

1145 2429 1397 2466 Quandoquidem
1408 2436 1489 2457 nova
1504 2428 1584 2462 Sion,
1602 2436 1664 2456 non
1680 2436 1768 2457 secus
1781 2430 1872 2465 atque
1888 2437 1932 2457 ve-

1108 2479 1156 2504 tus
1167 2475 1228 2509 illa,
1240 2483 1258 2502 a
1274 2474 1334 2502 suis
1351 2476 1432 2502 tanto
1455 2474 1486 2501 in
1498 2481 1597 2502 rerum
1619 2473 1791 2501 discrimine
1801 2473 1929 2506 deserta,

1106 2520 1136 2548 in
1162 2519 1294 2548 hostium
1319 2525 1429 2546 manus
1444 2517 1557 2549 incidit,
1574 2519 1603 2546 et
1617 2517 1750 2546 funditus
1761 2525 1865 2546 eversa
1877 2520 1929 2546 est.

1106 2563 1258 2600 Quidquid
1268 2564 1357 2591 etiam
1369 2563 1399 2590 in
1408 2571 1443 2591 ea
1454 2562 1655 2599 supplementi
1668 2561 1725 2595 ,vel
1734 2561 1927 2596 latebrarum,

1104 2609 1152 2637 vel
1165 2609 1239 2637 levis
1255 2610 1399 2636 armaturae
1410 2606 1565 2642 beneﬁcio,
1584 2614 1695 2634 manus
1717 2605 1840 2634 hostiles
1856 2606 1927 2634 sub-

1104 2654 1273 2689 terfugerat,
1290 2653 1420 2681 Nicaeam
1433 2652 1576 2688 Bithyniae
1597 2651 1788 2688 metropolim
1801 2651 1927 2680 commi-

261 2737 299 2772 (5)
310 2738 420 2768 Alludit
432 2740 472 2768 ad
482 2740 556 2769 illud
570 2741 647 2778 Scip.
663 2741 776 2770 Nasica;
793 2741 876 2779 apud
887 2743 919 2771 Β.
931 2745 1009 2781 Aug.
1024 2743 1063 2773 de
1078 2743 1163 2773 Civit.
1174 2743 1225 2772 Dei
1235 2742 1286 2772 lib.
1300 2751 1309 2771 ι
1324 2753 1330 2772 ;
1346 2743 1436 2772 Stant
1451 2742 1571 2775 mania,
1585 2745 1679 2770 ruunt
1695 2748 1803 2770 mores.
