1948 3079
9 131 43 155 N39
589 129 749 157 MONODIA
767 130 802 158 lN
822 129 985 158 FRATREM
1007 130 1112 160 SUUM.

1651 130 1704 156 370

9 191 89 226 gravii,
117 189 232 224 ibique
249 188 326 217 adeo
338 197 417 217 nunc
451 191 599 226 exsulant,
619 191 671 228 qui
684 192 824 220 hesterno
839 196 863 224 Α
884 201 951 229 quae
967 193 1093 221 civitatis
1107 194 1207 222 unitas
1233 193 1378 222 dissoluta
1404 191 1542 221 concidit!
1572 194 1704 228 quantus

9 234 34 262 tie
48 234 232 262 coneivium
262 242 386 262 suorum
413 235 521 263 laetitia:
542 236 750 272 congratulati,
773 237 825 265 ho—

9 280 99 314 lierno,
111 281 198 317 proh
213 281 318 310 dolor!
331 280 526 309 maerentibus
538 281 766 316 congemiscunt
776 291 782 309 :
793 284 825 309 ut

9 325 41 362 [ui
54 325 150 353 beatae
162 329 262 354 antea
272 325 385 354 civitati
395 327 573 352 ornamento
582 325 717 359 fuerunt,
734 325 825 354 iidem

9 371 75 398 todie
84 370 204 399 infelici
221 370 366 399 solatium
379 369 514 398 afferant.
532 370 568 397 iis
578 370 659 398 enim
675 370 748 406 ipsis
758 379 826 407 quae

9 414 138 450 licebant,
155 423 298 453 (ιιιεεφιθ
313 415 439 451 sapienti
454 417 482 443 et
497 423 609 450 magno
625 415 727 443 animo
741 415 827 443 disci-

9 460 76 495 plina:
86 461 197 488 attenti
206 460 414 497 patiebantur,
422 467 484 488 non
493 468 601 495 parum
612 460 827 488 consolationis

9 504 294 540 ﬂerehantjguavit
301 512 360 541 que
366 504 495 541 pectoris
507 507 534 532 et
541 504 702 532 hebetioris
714 504 826 540 ingenii

8 549 164 577 seminibus
178 557 248 577 non
259 557 372 586 parvos
384 548 424 577 ad
434 548 639 577 fortitudinem
668 557 826 585 capessen-

8 593 60 621 dam
73 593 201 622 aculeos
213 593 402 630 adjiciebant
415 614 422 622 .

31 639 122 674 itaque
143 638 419 675 quemadmodum
442 638 575 666 Ezechiel
599 640 624 666 et
652 638 754 666 Daniel
776 646 828 666 eos

8 683 44 719 qui
54 682 135 718 apud
144 683 341 719 Babylonem
350 684 451 711 animo
462 683 828 717 deﬁeiebant,exclaman-

8 730 50 754 tes:
61 728 270 756 Ezaruernnt
279 736 346 756 ossa
357 731 471 760 nostra,
480 736 544 762 spes
559 731 662 755 nostra
668 728 829 764 desperata

17 772 97 800 cilicet
111 773 246 801 evanuit
264 775 273 800 ι
289 782 298 800 :
311 771 537 809 perapposisitis
548 771 704 808 colloquiis
713 779 827 800 recrea-

8 816 64 844 bant
78 838 85 850 ,
100 817 250 854 quandiu
264 817 343 845 vivis
359 815 416 844 illis
429 816 487 844 frui
497 837 504 850 ,
515 816 653 852 quandiu
669 816 830 844 condolen-

10 863 40 888 tes
54 863 79 889 et
97 863 302 890 consolantes
329 861 457 897 experiri
481 860 573 893 licuit,
596 861 710 889 leviora
723 860 830 898 procul

9 906 85 933 dubio
96 906 233 934 forttmae
255 905 316 934 tela
328 905 507 940 sentiebant,
520 913 575 933 nec
590 906 714 934 omnino
737 914 756 933 a
779 913 832 941 pa-

12 952 53 978 tria
66 959 94 979 se
104 959 160 979 sua
173 951 320 979 exsulare
336 950 570 986 arbitrabantur,
584 953 617 978 ut
631 951 683 986 qui
692 949 830 987 pulcher-

11 997 73 1024 rirna
82 996 216 1025 civitatis
232 1004 298 1024 sure
307 995 444 1030 donaria,
458 995 618 1032 capitaque
631 995 706 1024 adeo
716 995 829 1032 quibus

12 1040 166 1076 reipublicae
183 1040 371 1076 gubernatio
386 1039 531 1074 innititur,
549 1039 639 1067 etiam
651 1041 714 1068 tum
730 1041 831 1068 osten-

12 1088 102 1114 tarent.
118 1087 187 1114 Non
204 1085 292 1114 enim
303 1092 338 1113 ex
353 1084 516 1118 moenibus,
532 1084 698 1120 quamlibet
713 1084 764 1112 illa
778 1084 831 1112 ho-

15 1130 110 1157 minum
128 1130 284 1159 manibus
298 1129 412 1158 affabre
436 1131 558 1164 structa,
580 1130 633 1157 aut
645 1129 727 1157 tectis
738 1128 830 1156 subli-

15 1175 107 1207 mibus,
124 1177 177 1204 aut
190 1174 375 1211 porticibus,
392 1176 443 1202 aut
451 1174 516 1202 foro
527 1176 671 1202 exornata
683 1174 751 1207 sint,
762 1181 833 1202 vera

15 1220 120 1247 civitatis
132 1220 237 1248 forma.
253 1218 404 1256 dependet
415 1221 464 1252 (6);
480 1218 535 1246 sed
549 1226 584 1247 ex
591 1218 749 1246 hominum
762 1226 832 1254 pro-

17 1264 97 1297 bitate,
130 1265 311 1298 honestate,
342 1263 504 1298 religione:
534 1263 646 1299 quibus
661 1262 833 1299 quicunque

17 1309 139 1343 praeditus
151 1311 208 1343 est,
224 1309 320 1338 etiam
336 1308 361 1336 si
371 1307 428 1336 sub
448 1315 561 1344 quercu
586 1309 748 1345 pernoctet,
773 1315 834 1335 me-

17 1353 81 1381 lioris
92 1353 138 1382 ille
153 1356 277 1382 naturae
292 1353 403 1389 hospes
415 1352 551 1388 efﬁcitur,
571 1352 690 1387 dignior
702 1351 832 1385 interim,

17 1406 90 1433 quem
102 1398 215 1427 civium
232 1405 363 1426 suorum
378 1397 515 1433 catalogo
528 1397 670 1433 quaelibet
688 1397 761 1424 urbs
786 1404 833 1425 ac-

21 1446 129 1477 censeat,
141 1451 180 1471 ne
188 1443 295 1471 dicam
311 1442 461 1470 mundum
477 1441 588 1478 ipsum,
604 1444 833 1478 quantusquan-

21 1489 56 1514 tus
70 1490 119 1519 est,
136 1488 222 1516 hisce
241 1487 380 1515 moribus
394 1486 495 1514 incola
514 1494 637 1522 prorsus
662 1486 832 1520 indignum.

47 1533 106 1564 Quae
116 1532 522 1569 quidem;omnia,tanquam
531 1530 588 1567 piae
595 1530 721 1559 civitatis
727 1530 836 1558 funda-

22 1579 111 1610 menta,
124 1579 296 1613 praesentes
309 1575 349 1604 illi
364 1576 409 1604 vel
419 1576 484 1604 solo
491 1578 566 1604 nutu
573 1575 791 1611 adimplebant,
803 1577 836 1603 ut

22 1629 129 1657 quorum
144 1621 262 1650 animis
277 1621 450 1657 reipublicae
469 1620 545 1649 bene
561 1620 727 1648 constitutae
739 1619 837 1647 forma

23 1665 91 1693 altius
99 1667 253 1703 impressa
264 1668 352 1701 esset,
366 1673 401 1693 ac
412 1665 436 1693 si
447 1666 472 1701 ej
478 1665 670 1700 usdemleges
682 1664 834 1698 animatae,

22 1711 218 1747 quoddamque
241 1710 326 1739 velut
352 1710 519 1746 superstitis
548 1709 836 1745 Contantinopoleos

21 1756 271 1792 propugnaculum
287 1756 599 1791 essent.Posteaquam
612 1762 681 1782 vero
692 1761 748 1790 par
762 1753 836 1782 illud

23 1798 127 1828 fratrum
139 1799 350 1829 sanctimoniae
357 1799 439 1828 fama
451 1799 625 1834 celebrium,
637 1799 676 1827 ad
686 1799 837 1826 ccelestem

23 1843 88 1872 illam
100 1846 242 1882 rempub.
266 1844 372 1880 paucis
388 1847 457 1873 ante
478 1844 586 1872 diebus
612 1847 770 1872 evocatum
782 1845 836 1877 est,

25 1895 66 1916 nec
76 1889 111 1917 ita
125 1890 222 1918 multo
236 1891 309 1926 post
329 1889 420 1918 frater
433 1889 480 1917 ille
507 1897 604 1924 meus,
630 1888 683 1924 qui
706 1888 837 1916 duorum

24 1931 82 1968 iugo
91 1935 190 1963 tertius
201 1933 555 1970 accesserat,eodemque
565 1941 626 1970 quo
638 1932 837 1960 illisenatorio

25 1985 128 2006 munere
142 1979 342 2014 fungebatur,
357 1986 416 2006 una
431 1986 552 2014 quoque
568 1985 637 2005 eum
655 1977 711 2004 illis
723 1985 838 2005 assum~

27 2025 92 2057 pius.
105 2024 270 2059 mternique
283 2025 403 2050 senatus
414 2022 484 2050 albo
494 2022 663 2058 adscriptus
687 2024 742 2055 est;
768 2024 839 2049 tunc

29 2073 82 2093 vero
106 2068 198 2095 uestri
228 2066 272 2095 illi
308 2066 599 2103 Megalopolitani(7).
629 2066 681 2102 qui
709 2066 837 2094 Nicaeam

29 2112 295 2147 commigraverant,
309 2111 375 2139 illos
401 2120 419 2139 a
443 2119 474 2139 se
498 2111 644 2139 abductos
669 2113 838 2143 senserunt,

881 237 1032 266 bonorum
1048 238 1186 266 cumulus
1198 238 1333 266 inversus
1344 238 1398 266 est!
1411 236 1532 273 qualem
1546 235 1703 271 probitatis

880 282 1107 319 honestatisque
1121 283 1265 318 triplicem
1275 282 1493 317 funiculum(8),
1509 288 1569 308 non
1581 279 1705 307 calami-

881 330 976 356 tatum
991 328 1124 364 quidem,
1126 328 1212 363 juxta
1223 329 1343 365 sapiens
1358 327 1433 355 illud
1444 326 1598 362 ἀποφθεγμα
1607 324 1705 352 disru-

881 373 923 408 pit
937 375 1140 408 επιστασις,ειυὶ
1155 373 1413 401 circumstantium
1429 378 1556 400 casuum
1562 369 1705 398 violentia

881 417 1011 451 divulsit,
1028 420 1057 446 at
1071 417 1136 446 sola
1150 425 1230 445 mors
1245 425 1369 446 auream
1384 416 1514 444 virorum
1528 415 1647 443 illorum
1655 422 1705 442 ca-

881 465 981 490 tenam
993 462 1171 495 dissolvens,
1189 462 1400 498 sigillatimque
1414 461 1577 497 dissipans,
1599 458 1638 487 ad
1659 458 1704 486 ni-

880 507 976 534 hilum
990 507 1113 535 tandem
1128 507 1252 542 redegit:
1276 514 1406 543 cumque
1422 506 1498 533 adeo
1513 503 1706 532 clementissi-

881 559 949 579 mus
961 551 1009 579 ille
1024 551 1078 586 vir,
1096 553 1289 588 optimusque
1300 550 1421 580 Michael
1435 550 1550 586 primus
1566 548 1626 576 fato
1636 555 1705 576 con-

882 595 1028 629 cessisset,
1046 604 1082 624 ex
1101 595 1180 623 facili
1208 596 1258 623 illa
1273 598 1301 623 et
1326 595 1452 631 simplici
1468 594 1571 622 anima
1586 594 1704 620 tantum

882 640 1192 676 snperfuit,quantum
1203 639 1452 675 Megalopolitana
1458 638 1578 666 colonia
1592 645 1663 664 suos
1674 637 1705 664 in

882 693 955 713 usus
968 685 1110 721 reposuit:
1126 686 1250 713 unicum
1265 684 1382 713 interim
1398 683 1538 712 dolorum
1552 681 1705 716 solatium,

882 729 1064 765 locupletem
1079 729 1163 758 illum
1179 728 1532 764 seilicetmultiscumque
1556 728 1705 754 Joannem

883 774 939 802 sibi
955 782 1141 810 proponens;
1156 774 1390 809 illum,inquam,
1402 773 1455 808 qui
1466 771 1590 800 consilio
1600 774 1629 799 et
1637 778 1708 806 pru-

884 817 984 846 dentia
1009 818 1140 854 reliquos
1166 817 1341 846 antecellere
1367 817 1457 852 cives,
1472 815 1707 852 reipubliemque

885 862 962 891 adeo
970 863 1082 899 optime
1089 863 1257 891 constituta:
1268 862 1368 890 vivum
1375 861 1529 897 exemplar
1541 860 1707 888 dicebatur.

921 908 1028 936 Verum
1037 910 1237 943 posteaquam
1248 907 1352 943 paucis
1366 905 1523 941 interjeetis
1534 905 1640 932 diebus
1650 903 1708 932 hoc

885 960 1006 988 quoque
1021 952 1142 980 fratrem
1153 951 1313 980 subsecuto
1327 953 1431 978 nostra
1459 949 1579 977 colonia
1603 948 1709 976 orbata

885 999 940 1028 est,
957 997 1133 1033 atquejusta
1143 996 1240 1024 funeri
1254 996 1319 1031 ejus
1331 994 1481 1031 persolvit,
1493 993 1609 1021 Nicetas
1618 992 1709 1020 frater

885 1049 971 1069 meus
988 1043 1151 1077 supererat,
1166 1048 1258 1077 quem
1276 1039 1327 1068 illa
1345 1038 1533 1076 praedicaret,
1560 1040 1707 1074 tanquam

886 1095 966 1119 eum,
976 1094 1038 1122 quo
1052 1086 1083 1114 in
1097 1093 1158 1114 uno
1174 1092 1279 1113 omnes
1291 1084 1384 1113 animi
1396 1084 1527 1112 duorum
1537 1081 1710 1119 praeceden-

886 1132 960 1160 tium
971 1131 1055 1159 dotes
1069 1131 1281 1165 elucescerent,
1295 1129 1383 1165 cujus
1407 1129 1497 1157 etiam
1525 1135 1619 1155 causa
1647 1134 1709 1154 non

886 1184 1014 1213 parvam
1029 1176 1131 1204 animo
1141 1175 1398 1212 exspectationem
1412 1174 1601 1209 conceperat.
1615 1172 1710 1204 Quem

887 1221 977 1249 simul
992 1223 1083 1256 atque
1094 1219 1252 1255 naufragio
1266 1221 1454 1255 postremum
1470 1217 1581 1251 amisit,
1604 1217 1713 1244 immo-

888 1266 962 1293 dicis
973 1265 1062 1294 hodie
1078 1264 1233 1293 doloribus
1249 1264 1400 1298 fatiscens,
1415 1265 1561 1299 tanquam
1572 1260 1713 1289 ﬂuctibus

888 1309 1047 1342 adobruta,
1062 1309 1102 1337 ad
1116 1309 1273 1344 imumque
1288 1308 1428 1336 demersa
1443 1306 1594 1342 est.Hujus
1609 1305 1714 1333 audita

888 1357 994 1389 morte,
1009 1353 1066 1382 dici
1081 1361 1143 1382 non
1158 1356 1255 1390 potest
1269 1354 1399 1389 quantos
1412 1352 1442 1379 in
1454 1351 1553 1379 luctus
1577 1349 1714 1378 inciderit

889 1400 968 1435 Asia,
981 1407 1136 1435 quamque
1151 1398 1283 1434 querulis
1298 1397 1436 1426 lamentis
1459 1395 1619 1432 queritanti
1638 1402 1714 1422 mce-

891 1444 963 1472 stior
978 1445 1096 1480 Europa
1104 1442 1304 1479 responderit,
1318 1441 1408 1470 simul
1416 1444 1506 1477 atque
1516 1440 1553 1468 de
1563 1446 1709 1468 commun

850 1502 870 1530 C
891 1489 1027 1517 omnium
1042 1488 1156 1516 damno
1171 1488 1278 1515 certior
1292 1487 1372 1515 facta
1386 1488 1440 1515 est.
1457 1485 1543 1518 Quod
1558 1485 1582 1512 si
1595 1484 1715 1530 utrique

890 1533 1054 1562 continenti
1063 1532 1145 1560 velut
1155 1530 1324 1559 universale
1338 1530 1434 1558 fatum
1454 1531 1569 1557 tantam
1596 1527 1714 1556 cladem

890 1577 1061 1613 intulit(sive
1076 1577 1261 1613 probitatem
1273 1578 1400 1611 utraque
1415 1577 1498 1602 tuam
1510 1576 1578 1601 ante
1593 1574 1716 1608 experta

890 1623 997 1657 fuerat,
1009 1622 1071 1650 sive
1084 1629 1184 1650 rerum
1196 1624 1249 1649 ate
1264 1619 1406 1656 prteclare
1417 1620 1568 1653 gestarum
1579 1617 1662 1645 fama
1675 1615 1716 1644 ad

891 1667 1068 1697 earumdem
1080 1674 1168 1695 aures
1180 1664 1375 1702 pervenerat),
1388 1666 1421 1692 ut
1431 1665 1492 1692 tam
1501 1670 1579 1698 aegre
1587 1663 1715 1690 mortem

891 1717 987 1747 tuam,
1003 1720 1021 1740 ο
1047 1711 1226 1740 charissima
1247 1709 1320 1738 mihi
1331 1707 1582 1743 sanctissimeque
1601 1705 1715 1740 anima,

892 1758 1021 1791 tulerint,
1037 1764 1128 1792 quem
1144 1764 1212 1790 nos,
1227 1762 1342 1791 quaeso,
1358 1753 1516 1789 gemitibus
1532 1754 1559 1780 et
1585 1750 1716 1787 querelis

892 1802 1019 1831 modum
1033 1802 1188 1838 imponere
1200 1799 1362 1828 debemus?
1376 1798 1428 1834 qui
1438 1798 1463 1825 si
1473 1796 1716 1832 cujusmodicun-

893 1856 951 1884 que
975 1847 1107 1879 habitus,
1124 1849 1175 1874 aut
1199 1844 1396 1881 cognationis,
1413 1845 1445 1870 ut
1457 1843 1523 1878 jam
1538 1842 1610 1875 dixi,
1639 1842 1715 1869 ratio

892 1893 1042 1920 habeatur
1056 1891 1184 1927 (generis
1208 1890 1289 1918 enim
1314 1889 1398 1924 origo
1422 1887 1530 1915 eadem
1558 1886 1647 1914 nobis
1662 1888 1717 1920 est)

893 1937 1059 1965 innumeris
1072 1935 1251 1964 afﬂictamur
1262 1933 1447 1965 modis?nos,
1457 1932 1593 1968 inquam,
1603 1930 1715 1967 quibus

894 1985 950 2009 ate
965 1981 1133 2009 ofﬁciorum
1145 1979 1330 2007 inﬁnitorum
1346 1976 1485 2005 cumulus
1501 1977 1636 2009 accessit,
1649 1976 1716 2011 qui-

893 2027 951 2054 bus
959 2030 1016 2054 tum
1024 2026 1138 2054 virtutis
1144 2023 1300 2060 ergonulia
1307 2022 1612 2058 nonhonorisspecies
1619 2028 1717 2049 accre-

894 2072 946 2106 vit,
960 2070 1012 2107 qui
1024 2078 1085 2098 non
1099 2070 1238 2105 exiguam
1251 2078 1286 2099 ex
1298 2071 1387 2099 rebus
1401 2072 1456 2098 ate
1471 2067 1614 2106 przeclare
1625 2065 1716 2100 gestis

892 2117 1013 2146 laudem
1029 2119 1132 2144 nostro
1146 2116 1234 2152 quasi
1246 2116 1312 2152 jure
1327 2116 1415 2144 nobis
1430 2114 1636 2143 vendicamus,
1646 2117 1716 2138 cum

30 2156 84 2183 tunc
95 2164 152 2185 uno
162 2157 305 2185 omnium
316 2164 465 2184 consensu
480 2155 578 2183 nudos
590 2163 630 2190 se,
643 2155 796 2192 pristimeq
802 2162 837 2182 ue

921 2170 974 2190 me
988 2161 1111 2190 tandem
1127 2161 1190 2189 sine
1204 2161 1265 2189 ulla
1282 2169 1367 2189 mora
1382 2163 1410 2188 et
1425 2158 1582 2188 confestim
1604 2164 1660 2184 nes
1675 2154 1718 2183 tui

31 2199 113 2233 gloria:
119 2202 308 2230 ornamentis
318 2201 462 2238 spoliatos
472 2202 670 2236 agnoverunt:
681 2202 750 2228 tunc
757 2200 837 2228 deni-

30 2251 75 2279 que
88 2254 115 2274 se
128 2246 202 2275 nihil
215 2246 302 2275 aliud
312 2254 404 2282 quam
417 2246 545 2274 miseros
568 2244 687 2273 exsules
702 2247 730 2273 et
742 2247 838 2273 extor-

30 2295 76 2322 res,
88 2293 172 2327 atque
186 2291 315 2319 omnino
325 2291 442 2319 civitate
453 2290 556 2326 pulsos
571 2289 700 2325 ingenue
708 2289 838 2326 professi

31 2336 94 2361 sunt.
110 2335 314 2367 Quamobrem
330 2335 360 2363 in
372 2334 471 2363 luctus
495 2334 585 2362 etiam
600 2342 685 2370 aeque
711 2334 837 2362 acerbos

32 2377 187 2413 inciderunt,
200 2385 294 2416 atque
302 2380 326 2408 si
341 2379 406 2416 ipso
422 2380 452 2408 in
467 2379 610 2415 temporis
631 2379 755 2407 articulo
769 2379 838 2407 civi-

32 2424 66 2448 tas
80 2423 123 2452 illa
136 2425 294 2461 repentino
305 2424 435 2452 hostium
452 2424 573 2452 incursu
582 2424 659 2452 victa
674 2431 838 2460 eversaque

33 2469 333 2497 corruisset.Eninvero
341 2477 409 2497 eum
420 2468 661 2505 prasstississimis
669 2468 839 2504 quibusque

33 2511 107 2540 rebus
121 2513 248 2550 spoliata
261 2516 421 2549 esset,cum
437 2521 492 2542 sua
505 2513 557 2541 illa
567 2513 713 2541 ditissima
733 2514 840 2543 ter-aria

35 2554 312 2596 hostiumdireptioni
320 2559 453 2595 exposita
465 2558 839 2595 vidisset,quantum,proh

35 2599 113 2637 dolor,
124 2603 297 2632 Christiana;
307 2603 422 2640 reipub,
438 2603 593 2632 vinculum
606 2603 771 2632 dissectum
784 2604 837 2632 est!

66 2673 71 2689 ¹
86 2673 180 2703 Erech.
194 2683 306 2708 xxxv“,
323 2677 349 2704 tt

58 2736 99 2785 if)
123 2738 235 2767 Alludit
258 2739 299 2785 ad
315 2740 608 2769 Lacedaemoniorum
621 2739 761 2777 rempub.
774 2747 840 2776 quae

43 2783 106 2815 uris,
118 2790 175 2812 non
190 2783 343 2813 mcenibus
356 2785 537 2815 inniteretur.

893 2207 1052 2244 splendore
1058 2206 1189 2234 nominis
1196 2206 1330 2242 privatos
1340 2205 1496 2233 videamus
1503 2205 1633 2239 (gentem
1642 2200 1717 2229 alias

892 2251 1089 2288 multiplicem
1114 2253 1142 2278 et
1166 2250 1369 2286 proletariam,
1393 2256 1523 2286 quaeque
1539 2255 1592 2284 per
1611 2253 1717 2275 omnes

892 2297 969 2325 Asiae
982 2298 1071 2332 atque
1087 2297 1209 2332 Europa:
1224 2295 1360 2330 regiones
1375 2295 1465 2330 longe
1474 2293 1591 2329 lateque
1608 2291 1719 2320 diffun-

893 2342 982 2374 ditur,
999 2343 1028 2369 et
1042 2341 1083 2369 tui
1096 2341 1227 2369 nominis
1239 2339 1374 2376 auspicio
1389 2338 1571 2373 nobilitatur)
1585 2345 1662 2374 quos
1678 2339 1718 2364 ta-

893 2395 963 2414 men
975 2387 1031 2414 hoe
1041 2388 1174 2421 tempore
1184 2385 1326 2421 separari,
1338 2387 1390 2412 aut
1401 2384 1484 2412 domi
1495 2391 1643 2420 quemque
1655 2389 1717 2410 suae

894 2439 1031 2460 seorsum
1046 2431 1147 2466 iugere
1161 2430 1283 2458 minime
1297 2429 1433 2464 decebat,
1450 2428 1503 2456 sed
1513 2429 1544 2456 in
1558 2435 1652 2455 unum
1663 2434 1718 2462 po-

894 2477 952 2505 tius
963 2476 1064 2504 locum
1079 2478 1232 2509 coeuntes,
1257 2477 1346 2512 atque
1371 2474 1523 2502 tumulum
1553 2474 1638 2499 tuum
1664 2471 1718 2498 cirr

894 2524 1089 2554 cumstantes,
1102 2528 1148 2548 me
1159 2519 1270 2548 misero
1281 2520 1377 2548 luctus
1387 2518 1561 2555 coryphreo,
1570 2515 1717 2551 lugubris-

894 2576 954 2605 que
969 2566 1074 2595 naeniae
1086 2567 1281 2602 precentore,
1297 2563 1472 2593 tristissimis
1484 2560 1678 2590 concentibus
1690 2560 1719 2605 et

894 2602 1035 2641 lamentis
1050 2610 1185 2638 dolorem
1197 2609 1297 2638 testari
1312 2607 1518 2641 conveniebat,
1529 2605 1579 2633 illo
1589 2611 1650 2632 non
1661 2602 1718 2630 mi-

931 2685 970 2720 (7)
987 2681 1333 2718 ConstantinopolitanOS
1349 2678 1493 2713 intelligit.

933 2747 971 2783 (8)
987 2747 1118 2775 Nicetam
1135 2747 1163 2774 et
1179 2743 1380 2774 Belissariotas
1396 2742 1473 2770 duos
1483 2740 1628 2777 intelligit.
