1948 3079
219 110 268 137 371

218 170 333 206 horem,
355 177 416 206 quo
439 169 559 206 Josephi
582 170 735 205 exercitus,
751 179 820 199 cum
834 171 945 200 Iacobo
962 172 1042 207 justo
1057 173 1079 200 A

218 214 409 251 persolveret,
426 217 597 243 commotus
619 215 710 243 fuisse
729 215 830 244 fertur.
845 215 920 244 Nam
936 216 960 244 si
985 217 1043 244 hoc

218 262 306 296 pacto
322 259 420 287 luctus
443 262 561 288 nostros
576 260 900 295 instituissemus,’nihil
920 262 1043 289 omnino

218 304 334 338 fuisset,
349 304 432 341 quod
445 304 534 333 nobis
545 305 603 333 hac
615 305 646 334 in
658 313 690 334 re
703 305 832 334 defuisse
847 306 952 334 merito
965 306 1045 343 quis-

218 357 313 386 quam
329 349 460 385 objicere
474 350 632 386 potuisset.

254 395 291 423 At
305 402 376 423 vero
391 403 461 423 cum
481 403 563 423 nunc
582 395 631 424 alii
652 395 692 424 ab
708 395 773 424 aliis
789 396 915 432 sejuncti
939 396 1043 430 simus,

219 439 286 475 conj
291 447 330 467 ux
338 439 461 476 quidem
468 439 561 475 digna
569 448 637 476 quae
647 442 746 469 tecum
755 441 844 476 vulgo
854 441 1045 469 decantatam

220 483 346 512 cornicis
360 484 454 512 vitam
468 485 655 520 transigeret,
673 484 775 521 aliquo
793 485 824 512 in
840 485 962 521 angulo,
985 493 1045 513 me-

220 529 332 565 diaque
348 529 433 557 humi
448 529 711 566 procumbentium
730 529 859 558 ﬁliorum
883 530 1001 564 scilicet,
1018 532 1046 558 et

219 573 370 610 puberum
377 576 405 602 et
412 573 616 610 impuberum,
624 582 745 608 corona,
753 574 841 611 pullis
849 575 954 603 induta
959 575 1046 603 vesti-

219 618 278 646 bus
303 618 424 653 sedens,
446 621 475 647 et
499 619 630 655 seipsam
649 619 769 652 marito,
785 622 813 648 et
828 619 906 648 ﬁlios
922 622 1046 656 parente

221 662 354 698 orbatos,
370 663 482 699 ejulatu
501 664 664 692 miserabili
676 664 866 692 lamentatur.
882 666 922 692 Ex
945 664 1047 692 liberis

220 709 322 736 autem
337 710 420 736 aetate
435 709 673 744 provectioribus
689 709 763 737 alter
778 708 852 743 aliis,
867 709 969 738 nescio
981 709 1046 745 qui-

220 752 279 780 bus
294 760 396 781 errans
411 753 442 780 in
469 753 543 781 locis
558 754 666 782 tacitus
689 753 772 789 apud
795 761 826 781 se
841 753 922 789 luget
936 761 1045 790 queru-

221 797 343 853 lamque
360 797 546 848 monauliam
556 798 760 853 prosequitur.
777 798 937 848 Propinqui
961 798 1044 853 deui-
1061 824 1081 853 Β

220 850 279 879 que
286 842 334 870 alii
345 843 622 879 consanguineique
632 844 780 879 quotquot
789 843 889 871 Asiam
901 843 1043 877 incolunt,

218 886 355 923 lugubris
367 887 459 923 hujus
474 887 627 923 tragoediis
643 890 739 921 actus,
752 887 790 916 ad
802 896 853 916 eos
863 888 915 925 qui
929 888 959 916 in
971 889 1045 916 Grae-

219 931 267 960 cia
281 931 429 966 habitant,
445 932 686 960 transmiserunt.

254 978 315 1013 Ego
321 976 506 1013 porrolonge
518 977 743 1006 infelicissimus
750 979 778 1006 et
789 977 977 1006 miserrimus
985 978 1043 1007 fra-

217 1022 404 1051 terhesterno
416 1022 540 1059 quidem
552 1022 785 1060 die,nudiusque
794 1023 896 1052 tertius
909 1024 1044 1060 amplam

218 1066 339 1096 aliunde
354 1067 452 1095 luctus
468 1067 625 1096 materiam
634 1070 751 1101 nactus,
766 1076 836 1096 cum
852 1075 886 1096 ex
904 1068 1043 1105 publicis,

216 1114 282 1140 tum
296 1112 422 1148 privatis
438 1112 512 1140 meis
524 1112 620 1149 ipsius
633 1113 903 1149 incommodis(9):
920 1122 955 1142 eo
970 1122 1044 1150 pras-

218 1156 320 1185 sertim
335 1156 467 1189 nomine,
485 1157 569 1193 quod
581 1157 845 1193 opulentissimum
854 1158 941 1193 juxta
955 1161 984 1186 et
999 1166 1044 1186 ce-

216 1200 409 1229 leberrimum
425 1201 569 1238 templum
582 1201 760 1230 Atheniense
784 1201 878 1238 (illud,
906 1203 1044 1239 inquam,

217 1246 320 1274 sancte
331 1245 722 1282 domine,'augustissimum
734 1247 890 1283 templum,
903 1247 985 1284 quod
995 1248 1045 1276 Dei

218 1291 354 1319 Genitrici
374 1294 581 1319 consecratum
597 1293 651 1324 est,
669 1291 779 1328 talique
794 1292 920 1328 praeside
932 1293 962 1320 in
977 1300 1046 1328 per-

217 1338 342 1372 petuum
372 1335 449 1372 eget)
471 1335 544 1364 mihi
568 1336 778 1365 commissum.
800 1336 946 1373 cujusque
968 1337 1046 1366 adeo

218 1380 365 1417 spirituali
375 1380 460 1409 altari
470 1388 645 1417 prteessem,
656 1381 708 1409 ubi
719 1389 813 1418 quam
822 1382 952 1411 maxime
963 1386 1046 1419 pote-

217 1434 283 1454 ram
295 1433 380 1454 sacro
389 1424 554 1454 ministerio
565 1425 738 1454 exhibendo
753 1426 896 1454 assiduus
911 1427 1045 1462 invigila-

217 1470 301 1506 bam,
315 1477 363 1498 me
372 1472 528 1506 praesente,
543 1470 619 1506 proh
630 1470 726 1499 dolor!
736 1473 826 1507 atque
838 1471 885 1499 his
900 1471 996 1500 oculis
1005 1472 1046 1499 vi-
1061 1479 1081 1508 ο

217 1516 306 1545 dente
322 1523 340 1545 a
353 1515 492 1551 nefangis
505 1515 660 1551 sacrilegis
675 1516 839 1552 expilatum
851 1519 880 1545 et
893 1519 1046 1546 vastatum

218 1564 273 1591 est.
289 1562 350 1597 Ego
363 1562 463 1589 autem
479 1560 531 1596 qui
545 1562 614 1588 ante
624 1561 684 1588 tres
698 1568 848 1590 annorum
861 1561 994 1590 decedas
1006 1562 1048 1590 ibi

218 1606 301 1636 velut
315 1606 423 1636 insitus
443 1605 571 1641 fueram,
593 1613 629 1633 ex
644 1605 715 1634 aula
734 1606 852 1634 Domini
868 1607 1000 1641 avulsus,
1017 1605 1049 1635 ut

221 1652 318 1680 siccus
341 1651 468 1688 quidam
482 1652 510 1678 et
525 1657 651 1686 prorsus
666 1650 778 1678 inutilis
804 1652 940 1685 truncus,
965 1651 1050 1679 vehe-

221 1696 368 1724 mentiore
393 1694 531 1731 procellae
554 1694 638 1729 ﬂatu,
663 1701 745 1723 nunc
773 1695 804 1723 in
827 1695 928 1724 littora
957 1696 1050 1724 variis

221 1740 362 1768 ﬂuctibus
373 1739 532 1772 adobruta,
549 1738 595 1766 vel
608 1739 803 1775 confragosos
818 1739 935 1776 aliquos
943 1748 1051 1777 scopu-

222 1783 268 1811 los
283 1783 404 1819 ejectus,
421 1789 503 1810 nunc
515 1782 546 1810 in
559 1782 735 1818 depressam
747 1783 914 1811 convallem
924 1786 1051 1812 aestuan-

223 1828 261 1856 tis
285 1827 378 1856 maris
401 1826 603 1855 exundatione
628 1829 786 1863 protrusus
807 1828 928 1856 fuizhis
941 1829 1052 1859 scilicet

223 1872 308 1902 exsul
331 1872 362 1900 in
386 1872 469 1906 locis,
489 1871 553 1899 sine
568 1871 658 1907 clero,
683 1872 745 1900 sine
758 1871 820 1901 ulla
834 1872 950 1902 dierum
965 1874 1050 1902 festo-

222 1926 291 1946 rum
301 1916 481 1950 celebritate,
493 1916 557 1944 sine
568 1916 696 1952 civitate,
709 1916 839 1954 denique
851 1918 1051 1948 mediastinus

224 1963 348 1992 desertae
373 1961 462 1990 ululae
481 1960 511 1989 in
538 1968 664 1996 morem,
679 1961 818 1997 lugubre,
848 1963 948 1992 nescio
964 1964 1049 2001 quid,

225 2007 308 2045 apud
316 2015 364 2036 me
374 2007 482 2036 tacitus
495 2006 533 2034 de
545 2005 668 2043 publica
678 2009 706 2036 et
720 2007 836 2043 privata
843 2009 973 2044 pernicie
979 2017 1049 2046 que-

224 2054 305 2082 ritor.
322 2054 406 2081 Nunc
422 2054 533 2085 autem,
550 2051 574 2079 si
592 2047 692 2080 luctus
713 2051 890 2088 hujusmodi
904 2054 942 2082 de
959 2054 1050 2083 rebus

223 2098 348 2127 ulterius
371 2097 445 2125 mihi
463 2096 688 2132 protrahendus
716 2103 779 2126 non
793 2097 838 2134 sit,
865 2098 929 2127 sola
944 2099 1049 2128 saltem

223 2142 371 2171 memoria
383 2148 541 2177 nunquam
555 2141 680 2170 excidet.

260 2190 296 2215 At
321 2194 393 2215 vero
420 2185 468 2214 ille
497 2186 666 2214 charissimi
687 2187 793 2223 capitis
816 2187 926 2223 obitus,
942 2189 994 2225 qui
1007 2191 1050 2218 tot

223 2232 298 2260 meis
306 2230 494 2260 malisinstar
501 2230 627 2259 decimae
636 2232 841 2268 Egyptiorum
853 2232 1046 2269 plagzemimi-

223 2284 291 2305 rum
314 2275 584 2313 primogenitorum
600 2275 824 2313 internecionis,
841 2279 1048 2314 accessit,om~

222 2329 293 2350 nem
304 2321 344 2350 ad
354 2328 385 2348 se
392 2320 557 2357 planctum,
570 2327 660 2348 omne
670 2320 850 2357 lamentum,
861 2323 976 2351 naenias
984 2331 1049 2352 om-

220 2374 286 2399 nes,
301 2373 407 2395 omnes
421 2365 551 2402 denique
564 2365 714 2402 lacrymas
737 2366 867 2395 attraxit.
885 2368 950 2395 Haec
966 2368 1047 2396 enim

219 2411 267 2440 ille
275 2411 328 2448 qui
337 2418 399 2439 suae
407 2409 607 2446 indignationi
614 2410 708 2439 vitam
716 2414 876 2447 prmparat,
886 2413 974 2448 quasi
983 2421 1047 2442 ma—

218 2455 326 2486 nifesta
336 2456 479 2493 quaedam
490 2456 709 2484 tormentorum
718 2456 877 2491 gymnasia
889 2457 964 2486 mihi
974 2466 1047 2494 prer

216 2501 350 2530 tendisse
364 2500 492 2533 videtur,
507 2500 564 2528 hoc
579 2502 679 2528 autem
696 2502 849 2530 certamen
863 2501 987 2538 iusuper
999 2511 1047 2532 ac-

216 2547 399 2578 cumulasse,
415 2545 584 2574 maximum
597 2545 722 2581 quidem
736 2545 809 2574 illud
826 2549 854 2575 et
878 2555 1043 2582 summum,

215 2599 270 2621 nec
281 2592 404 2621 omnino
418 2590 542 2627 periculi
552 2597 668 2626 expers.
683 2591 722 2618 Ex
734 2598 796 2627 quo
810 2591 854 2623 fit,
866 2593 898 2620 ut
913 2592 1044 2628 pristinas

214 2636 271 2664 illte
286 2636 385 2672 plagas
399 2635 491 2670 leves,
517 2634 741 2672 tuberculisque
764 2644 918 2665 summam
944 2639 1043 2666 cutem

214 2680 417 2709 delibantibus
427 2679 551 2712 similes,
564 2681 653 2716 atque
663 2679 739 2707 adeo
750 2680 835 2708 facile
848 2681 1042 2710 medicabiles

248 2725 289 2759 (9)
325 2725 375 2753 Hic
408 2725 527 2753 videtur
560 2724 687 2753 alterum
715 2725 831 2760 periodi
868 2726 1040 2756 membrum

212 2769 330 2806 deesse,
346 2770 487 2806 quamvis
502 2770 531 2798 in
547 2769 711 2806 exemplari
722 2769 804 2799 nulla
817 2770 928 2800 lacuna
944 2771 991 2801 sit.

661 109 846 138 MICHAELIS
869 109 1055 137 ACOMINATI
1074 109 1291 138 ATHENARUM
1310 109 1472 136 ARCHIEP.

1910 105 1943 131 3

1100 172 1239 206 evadant,
1254 172 1319 200 haec
1335 173 1435 199 autem
1458 173 1563 200 contra
1577 172 1657 198 certo
1672 171 1732 198 ictu
1751 169 1884 197 inﬂicta.

1099 217 1252 253 animique
1263 224 1399 244 recessus
1414 216 1534 244 intimos
1550 217 1696 252 penetret:
1713 213 1755 242 vel
1772 213 1835 241 ﬁeri
1868 219 1915 247 q
1926 219 1942 238 ι

1098 262 1168 290 dem
1184 264 1291 298 potest,
1314 263 1346 289 ut
1365 261 1563 290 tentationum
1587 260 1688 288 fumus
1716 257 1943 294 indignatio:

1099 306 1232 335 Numinis
1247 306 1423 338 ascenderit,
1438 306 1490 342 qui
1504 305 1638 333 futurum
1650 303 1827 332 incendium
1854 309 1943 338 pra

1098 352 1257 385 nuntiaret,
1274 353 1302 379 et
1312 351 1432 379 crebras
1445 359 1482 379 ex
1505 350 1600 378 oculis
1621 350 1773 385 lacrymas
1793 347 1943 376 elicere

1098 398 1167 432 post
1180 403 1272 432 quem
1286 395 1482 424 atﬂictionum
1496 394 1574 430 ignis
1586 394 1801 423 exardesceret.
1827 393 1943 424 Lon;

1098 449 1170 469 vero
1185 441 1342 469 calidiores
1357 443 1385 468 et
1398 440 1599 468 diuturniores
1614 447 1689 472 esse,
1701 446 1778 476 quas
1790 437 1864 473 jam
1899 436 1943 463 Ιι

1099 493 1214 522 pinnas,
1230 485 1293 513 dies
1302 485 1467 514 hodiernus
1479 484 1617 518 Ostendit,
1633 491 1695 520 quo
1716 482 1848 519 quidem
1877 488 1943 509 ca

1099 530 1195 559 bones
1210 533 1395 566 exarserunt,
1416 530 1467 566 qui
1492 530 1565 558 mihi
1593 536 1751 565 nunquam
1778 527 1939 560 resting

1100 578 1182 604 auta
1203 575 1301 604 cordis
1323 575 1382 603 mei
1407 575 1555 610 sanguine
1582 573 1775 611 depascenda
1790 571 1943 600 cohibe

1100 628 1192 657 posse
1206 620 1355 648 videntur.
1367 621 1407 647 Ex
1421 627 1484 656 quo
1498 619 1606 652 evenit,
1620 618 1713 646 utilite
1720 624 1768 645 me
1779 616 1942 652 lacrym

1100 665 1294 700 destituerint,
1309 665 1370 693 sive
1394 664 1478 701 quod
1503 663 1635 700 pristinis
1661 662 1736 691 meis
1765 660 1862 689 malis
1906 668 1943 687 e2

1100 710 1209 739 hausta
1223 710 1259 738 sit
1271 717 1351 746 aqua
1366 709 1426 742 illa,
1435 716 1503 745 quae
1513 716 1582 737 meo
1596 708 1634 737 de
1642 708 1738 744 capite
1748 705 1943 734 distillaba

1101 755 1162 782 sive
1177 753 1259 791 quod
1270 755 1384 789 majore
1398 761 1480 781 nunc
1491 753 1549 781 sim
1557 755 1638 780 metu
1651 750 1824 788 perculsus,
1840 752 1943 785 3.th

1101 799 1176 829 adeo
1190 807 1241 827 cor
1254 806 1358 826 meum
1365 798 1443 826 mille
1455 800 1543 826 antea
1553 797 1653 826 modis
1662 795 1857 827 atﬂictatum,
1874 796 1943 822 ta]

1100 845 1169 873 dem
1180 844 1256 872 sicut
1266 843 1367 871 fenum
1383 843 1528 875 aruit,nec
1544 842 1574 870 in
1589 844 1743 878 posterum
1757 843 1875 868 tantus
1893 847 1943 867 a1

1098 889 1302 926 lacrymarum
1314 888 1405 922 rivus,
1420 890 1470 916 aut
1484 887 1656 922 lugubrium
1671 892 1855 914 sermonum
1867 884 1943 912 for

1099 942 1136 962 ex
1159 933 1208 962 illo
1233 932 1377 961 scaturire
1403 933 1506 969 possit,
1529 933 1678 968 quantum
1691 928 1943 967 perturbation

1098 978 1194 1015 ipsius
1216 977 1393 1013 magnitudo
1406 977 1540 1013 requirit,
1567 979 1600 1004 ut
1624 983 1685 1012 quo
1700 975 1814 1003 doloris
1841 974 1943 1002 illiu:

1099 1031 1190 1061 quem
1207 1023 1309 1051 animo
1319 1022 1443 1058 concepi
1457 1021 1660 1056 meo,tandem
1672 1019 1766 1056 ejecto
1778 1019 1943 1056 ponderi

1099 1069 1192 1097 levior
1207 1070 1234 1096 et
1245 1067 1410 1104 expeditior
1421 1067 1560 1095 evadam.
1571 1066 1740 1101 Quarejam
1750 1062 1829 1092 mihi
1844 1064 1943 1091 sicci

1099 1114 1203 1146 oculis,
1221 1112 1370 1148 mutisque
1384 1111 1564 1146 singultibus
1579 1109 1782 1142 intolerabilis,
1796 1109 1853 1137 hic
1865 1109 1943 1137 alic

1099 1159 1151 1196 qui
1167 1158 1307 1186 dolorum
1322 1157 1398 1185 fetus
1422 1156 1595 1185 necessario
1619 1155 1792 1184 tolerandus
1810 1156 1874 1189 est,
1903 1162 1941 1182 οι

1099 1204 1190 1232 etiam
1202 1202 1393 1231 hreviusculo
1404 1201 1584 1230 miserabilis
1599 1201 1690 1236 hujus
1706 1199 1784 1229 vitae.
1807 1198 1837 1226 si
1852 1207 1940 1236 quo

1101 1256 1258 1284 superesse
1274 1248 1401 1282 videtur,
1414 1254 1539 1274 excurso
1553 1246 1661 1282 spatio,
1677 1244 1884 1277 commoriar,
1910 1252 1934 1271 a

1099 1301 1158 1330 que
1180 1294 1281 1321 nescio
1296 1300 1390 1329 quam
1416 1292 1680 1320 subterraneorucn
1702 1289 1943 1318 barathrorum

1100 1338 1350 1374 marinorumque
1367 1337 1489 1365 sinuum
1511 1337 1542 1364 in
1562 1338 1680 1373 partem
1699 1334 1874 1371 projectus,
1904 1334 1943 1369 je

1100 1383 1176 1412 cebo
1189 1391 1196 1410 :
1228 1385 1318 1419 atque
1345 1382 1386 1410 ita
1401 1381 1494 1414 fratri,
1509 1381 1610 1409 senior
1620 1380 1741 1416 juniori,
1756 1379 1939 1416 decrepita

1099 1428 1238 1465 perfectae
1266 1427 1360 1456 astatis
1384 1427 1545 1463 cruda-que
1572 1425 1732 1454 senectutis
1752 1424 1833 1459 viro,
1865 1433 1938 1453 con

1098 1473 1218 1509 jungar.

1138 1519 1160 1546 Ο
1180 1517 1283 1546 divina
1301 1516 1499 1554 providentia,
1520 1524 1614 1553 quam
1633 1513 1744 1544 nullius
1767 1514 1942 1543 hominum

1102 1562 1250 1590 industria
1258 1562 1467 1598 conjecturave
1476 1560 1536 1590 ulla
1545 1560 1664 1598 assequi
1673 1562 1780 1597 potest,
1791 1567 1867 1596 quae
1876 1567 1942 1588 mo

1104 1606 1150 1634 dis
1158 1606 1409 1635 inenarrabilibus
1418 1614 1465 1634 res
1473 1605 1592 1634 divinas
1599 1607 1626 1634 et
1634 1605 1786 1634 humanas
1792 1604 1942 1633 modera

1104 1651 1154 1685 ris,
1171 1659 1239 1688 quae
1259 1659 1356 1686 mens,
1373 1659 1487 1687 qumso,
1503 1650 1587 1679 fatali
1600 1649 1786 1686 judiciorum
1812 1651 1942 1677 tuorum

1106 1695 1219 1732 abysso
1236 1704 1267 1724 se
1279 1696 1398 1724 credere
1411 1695 1442 1723 in
1455 1703 1550 1732 eaque
1563 1696 1668 1723 natare
1681 1691 1810 1722 audeat!
1830 1701 1939 1730 quam

1105 1740 1177 1768 libet
1198 1740 1248 1768 illa
1262 1739 1463 1777 philosophias
1483 1738 1692 1768 addictissima
1706 1738 1820 1773 studio,
1838 1739 1936 1766 nodo

1105 1785 1279 1821 dissolvere,
1292 1785 1505 1822 implicataque
1516 1785 1664 1822 explicare
1674 1783 1770 1820 poesit
1780 1784 1794 1811 7
1811 1783 1941 1812 Differo

1105 1830 1245 1867 equidem
1257 1830 1368 1861 dolore,
1383 1830 1436 1867 qui
1448 1838 1497 1859 me
1505 1829 1547 1858 ita
1557 1829 1739 1861 exstimulat,
1749 1829 1782 1856 ut
1793 1828 1858 1856 tale
1869 1829 1940 1864 quit

1105 1875 1216 1912 profari
1230 1883 1332 1911 cogar,
1349 1883 1384 1904 ex
1413 1883 1475 1911 quo
1499 1875 1665 1912 periculum
1680 1876 1735 1909 est,
1754 1880 1794 1901 ne
1819 1873 1939 1902 temeri

1104 1921 1172 1949 tatis
1193 1920 1266 1948 mihi
1286 1923 1358 1949 nota
1379 1921 1524 1949 inuratur.
1556 1920 1611 1953 Qui
1629 1919 1671 1955 ﬁt,
1688 1920 1720 1947 ut
1743 1925 1844 1946 canus
1872 1926 1940 1953 ego

1104 1965 1216 1994 telluris
1235 1965 1338 1994 inutile
1353 1965 1474 2002 pondus
1489 1964 1556 2001 (10),
1572 1964 1625 2000 qui
1643 1963 1728 1999 gravi
1752 1962 1842 1992 senio
1870 1971 1939 2000 pre-

1103 2018 1180 2045 mor,
1197 2010 1331 2047 nihilque
1343 2019 1420 2046 sum,
1436 2010 1521 2047 quod
1533 2009 1626 2044 aiunt,
1646 2016 1740 2046 quam
1764 2007 1897 2042 vulnus,
1916 2008 1939 2035 ὶι

1104 2055 1186 2091 quod
1195 2055 1298 2083 omnia
1304 2058 1418 2084 naturae
1425 2055 1485 2083 fata
1491 2054 1709 2087 conﬂuxerunt,
1719 2052 1833 2081 diutius
1840 2053 1939 2089 capti

1103 2108 1158 2127 vus
1169 2100 1226 2128 hoc
1241 2100 1271 2128 in
1284 2102 1401 2128 terreno
1411 2106 1529 2129 carcere
1545 2097 1690 2135 supersim
1698 2098 1712 2126 ?
1722 2097 1939 2134 spectaculum

1064 2144 1086 2171 D
1103 2146 1181 2173 certe
1193 2152 1249 2173 nec
1265 2145 1336 2174 satis
1349 2152 1450 2174 rerum
1467 2142 1653 2173 universitati
1666 2142 1864 2177 conveniens,
1883 2150 1938 2171 nec

1100 2189 1165 2226 jam
1189 2189 1247 2218 tale
1263 2189 1346 2227 quod
1363 2189 1465 2226 jubari
1485 2188 1555 2218 solis
1574 2187 1788 2224 exponendum
1810 2187 1862 2215 sit.
1891 2187 1938 2215 ille

1102 2243 1172 2264 vero
1190 2235 1243 2272 qui
1262 2234 1400 2263 nondum
1414 2234 1524 2271 pedem
1536 2233 1632 2262 limini
1646 2231 1807 2260 senectutis
1827 2231 1938 2261 intule-

1101 2283 1158 2314 rat,
1174 2280 1262 2315 longe
1285 2279 1404 2315 dignior
1423 2279 1476 2316 qui
1496 2278 1558 2308 vita
1572 2277 1757 2307 diuturniora
1773 2276 1937 2312 (meretur,

1102 2333 1137 2354 eo
1148 2325 1315 2362 praesertim
1326 2324 1459 2359 nomine,
1470 2324 1554 2361 quod
1564 2324 1666 2352 uxoris
1680 2326 1708 2352 et
1719 2321 1856 2352 ﬁliorum
1874 2331 1937 2352 non

1101 2378 1268 2407 paucorum
1298 2372 1440 2404 servator,
1468 2368 1634 2406 majoribus
1660 2370 1722 2399 suis
1742 2376 1798 2397 sua
1822 2369 1937 2397 virtute

1101 2414 1291 2451 precluxerat,
1303 2416 1394 2451 atque
1404 2413 1481 2442 adeo
1491 2413 1586 2442 multa
1594 2414 1624 2442 in
1635 2421 1829 2443 communem
1840 2413 1936 2442 totius

1100 2459 1182 2487 orbis
1195 2459 1350 2488 utilitatem
1365 2458 1540 2494 contulerat,
1556 2461 1703 2496 tanquam
1717 2458 1821 2495 gloria:
1831 2459 1936 2495 splen-

1100 2503 1242 2541 dorisque
1257 2504 1316 2532 mei
1332 2512 1453 2540 corona,
1468 2505 1496 2532 et
1508 2504 1560 2541 qui
1575 2504 1615 2532 ad
1630 2503 1708 2533 hanc
1721 2511 1823 2533 meam
1837 2503 1935 2532 vitam

1100 2549 1309 2577 concinnitatis
1323 2548 1437 2586 aliquid
1447 2548 1478 2577 in
1492 2548 1556 2577 dies
1566 2547 1684 2578 afferret
1698 2557 1705 2577 :
1721 2548 1780 2584 ille,
1788 2549 1931 2586 inquam,

1098 2593 1260 2622 immatura
1268 2596 1374 2628 morte,
1388 2593 1471 2630 quod
1481 2601 1530 2622 me
1540 2593 1579 2622 ad
1592 2593 1743 2623 insaniam
1753 2600 1851 2631 prope
1869 2593 1932 2623 adi-

1098 2638 1149 2673 git,
1161 2646 1223 2666 non
1233 2639 1296 2666 sine
1306 2639 1460 2667 communi
1468 2641 1661 2667 externorum
1671 2639 1930 2676 propinquorum-

1097 2691 1156 2719 que
1173 2683 1292 2719 jactura
1310 2685 1476 2720 prmreptus
1502 2685 1555 2711 est.
1572 2683 1624 2712 illo
1639 2683 1721 2712 enim
1746 2691 1811 2712 non
1833 2686 1926 2712 exter-

1130 2727 1189 2763 (tO)
1211 2727 1321 2757 Alludit
1345 2727 1385 2757 ad
1411 2727 1485 2756 illud
1506 2728 1649 2757 Homeri:
1683 2728 1811 2755 Ἐτὼσιον
1841 2729 1927 2765 ἄχθος

1095 2782 1192 2810 αρονρη
1198 2783 1218 2804 ς.
