1948 3079
39 127 76 154 373

38 195 124 215 norum
138 189 263 215 tantum
279 187 404 223 bonum,
416 187 500 224 quod
515 187 552 215 de
560 187 642 223 justo
653 187 715 215 viro
731 185 845 222 sapien-
861 185 885 211 Α

36 236 68 260 tes
79 231 220 264 dictitant,
236 232 294 260 sed
310 235 447 261 nostrum
459 240 582 269 quoque
593 231 759 268 repositum
773 232 845 258 erat.

65 276 108 304 L‘bi
118 277 255 310 gentium
265 285 358 310 nunc,
369 285 484 314 quaeso,
493 277 617 312 degunt,
625 276 709 312 etqui
717 275 848 311 genuina

37 321 169 356 sanguinis
187 323 376 357 cognatione
386 322 462 356 freti,
482 325 510 350 et
521 322 573 358 qui
585 321 725 350 eamdem
735 319 848 348 conﬁn-

38 369 120 401 gentes
137 366 176 394 ad
191 366 286 395 illum
300 367 496 402 accedebant,
519 367 631 403 illoque
647 365 770 402 auspice
781 373 848 400 quae

38 411 66 439 ab
75 411 306 447 imperatoribus
319 412 474 448 petierant,
486 420 522 440 ea
541 411 666 440 celerius
677 411 770 446 gratis
780 417 850 437 con-

38 457 119 489 secuti,
127 456 254 485 tandem
261 457 373 486 hilares
379 457 507 486 domum
514 465 601 485 suam
612 456 846 488 revertebantur,

39 504 58 528 et
76 501 177 535 gratias
198 502 302 531 multo
321 503 474 530 uberiores
496 502 714 530 beneficiorum
733 499 848 536 auspici

38 553 111 581 quam
117 546 317 575 collatoribus
323 547 471 582 agebant?
480 547 601 575 Illorum
608 549 687 575 certe
694 545 795 582 plures
801 543 848 572 vel

39 591 108 618 etiam
117 590 188 618 nulli
203 591 268 619 huc
285 600 421 628 unquam
436 593 466 620 in
483 592 616 620 medium
626 592 846 627 processerunt.

64 636 114 662 Huc
127 635 263 664 ehodum
277 644 384 664 omnes
399 637 576 668 concurrite,
597 636 766 671 eodemque
787 642 849 661 me-

39 688 91 707 cum
99 680 177 708 luctu
191 681 316 716 praediti
329 684 440 710 nostrae
456 682 553 717 gentis
573 681 711 709 encomia
727 679 849 716 plancti-

38 724 80 750 bus
87 724 155 752 meis
165 724 383 759 intermiscete,
396 728 427 754 ut
435 726 508 762 justi
522 726 613 761 hujus
629 725 685 752 viri
695 723 847 752 memoriis

39 769 122 796 merita
133 769 262 797 laudum
277 771 430 805 praeconia
439 771 568 799 tribuam
574 779 618 805 us,
630 777 686 797 nec
698 768 769 796 solis
780 775 848 796 eam

37 813 156 848 laerymis
170 813 367 843 decoremus.
384 817 491 844 Neuter
513 815 592 843 enim
611 814 723 842 modus
738 813 778 841 ab
793 813 847 840 ho-

39 861 105 885 nesto
119 866 168 886 seu
183 858 302 887 decoro
325 859 440 888 alienus
462 863 516 888 est.
535 859 688 896 Siquidem
707 859 779 894 justi
793 858 848 886 viri

40 903 261 940 morslacrymas
288 907 443 941 provocat,
466 905 615 941 efﬁcitque
634 907 667 932 ut
676 904 754 932 illius
769 903 848 930 desi-

39 947 102 976 derio
118 948 312 979 laboremus:
326 951 504 979 memoriam
519 953 620 979 autem
632 949 774 978 laudibus
787 956 848 976 non

40 993 150 1021 excolere
166 1002 229 1022 non
245 998 378 1031 possimt
399 996 430 1028 ii,
450 997 502 1032 qui
522 996 561 1024 ab
580 995 630 1023 illo
649 1002 718 1032 quas
732 994 849 1022 imiten-

41 1040 83 1070 tur,
95 1038 202 1067 virtutis
215 1041 361 1077 exempla
373 1044 487 1078 petunt.

70 1082 113 1111 Ubi
123 1091 191 1112 vero
200 1092 290 1113 nunc
299 1086 372 1114 mihi
381 1086 465 1121 virgo
484 1085 534 1114 illa
546 1084 630 1113 vultu
643 1087 703 1113 tam
722 1083 848 1118 liberali,

44 1128 77 1155 cui
88 1128 230 1158 barbarus
245 1130 355 1164 hostis,
372 1139 441 1159 cum
455 1131 587 1168 primum
601 1133 704 1159 nostra
727 1129 852 1165 Megalo-

45 1172 103 1208 polis
111 1176 194 1210 capta
201 1178 257 1210 est,
265 1178 399 1212 utraptie
406 1177 471 1211 jam
477 1179 613 1212 stuprum
627 1176 763 1204 illaturus
777 1176 850 1208 erat,

47 1218 89 1245 nisi
100 1227 162 1248 acer
175 1220 224 1248 hic
241 1221 411 1250 honestatis
426 1224 455 1250 et
469 1221 620 1258 pudicitiae
635 1223 753 1250 amator
765 1222 797 1248 ut
811 1220 853 1247 vi-

47 1262 86 1298 dit,
106 1267 134 1292 ut
152 1265 292 1294 misertus
308 1266 373 1302 ejus
391 1267 451 1295 est!
472 1266 523 1303 qui
547 1266 609 1294 sine
629 1266 692 1294 ulla
712 1272 798 1293 mora
821 1264 852 1292 in

47 1306 141 1336 hostem
151 1310 278 1347 irruens,
288 1311 406 1340 tametsi
415 1311 555 1339 Phineem
562 1311 593 1338 in
599 1310 650 1339 illa
662 1309 854 1338 defendenda

48 1352 135 1381 imitari
153 1362 214 1383 non
228 1355 372 1392 potuerit,
392 1355 558 1392 quamlibet
584 1355 690 1383 eodem
713 1362 775 1390 quo
804 1353 854 1382 illo

49 1396 112 1431 olim,
130 1402 224 1428 noster
243 1401 294 1428 hic
319 1408 441 1437 quoque
465 1401 528 1429 zelo
547 1401 698 1436 ﬂagraret,
722 1398 855 1436 puellam

50 1442 133 1472 saltem
142 1445 195 1473 sibi
202 1445 380 1477 vindicavit,
394 1454 520 1474 uxorem
536 1445 700 1482 legitimam
713 1452 779 1473 esse
794 1443 854 1472 cla—

51 1487 147 1525 mitans,
155 1497 247 1527 seque
256 1491 322 1520 ﬁda
332 1491 461 1527 conjuge
469 1491 590 1528 privari,
601 1493 691 1527 atque
699 1489 767 1518 ideo
777 1496 858 1518 acer-

51 1531 159 1562 bissimis
165 1535 303 1564 aﬂlictari
310 1536 409 1564 modis
415 1536 577 1573 queritans.
585 1535 752 1564 Ambarum
758 1535 860 1570 itaque

52 1579 181 1608 tenacitate
203 1588 356 1610 manuum
379 1582 563 1618 prehensam
588 1580 760 1617 pancratice
789 1587 859 1607 cum

52 1621 118 1650 hoste
126 1625 311 1660 colluctatus,
325 1627 411 1662 cujus
421 1626 556 1655 animum
568 1634 671 1655 amore
681 1625 799 1654 ebrium
814 1623 858 1652 fu-

54 1674 90 1694 ror
101 1668 237 1705 etierarat,
251 1671 294 1700 ad
305 1679 336 1699 se
351 1671 482 1705 retraxit,
498 1678 554 1700 nec
569 1671 651 1708 prius
675 1669 858 1706 conquievit,

54 1719 126 1747 quam
137 1715 281 1744 aviolenti
292 1715 387 1745 hostis
401 1716 545 1745 manibus
555 1716 701 1752 virginem
712 1716 857 1751 ereptam,

55 1757 174 1793 Virginem
188 1761 268 1797 patri
283 1761 461 1790 restitueret.
477 1761 591 1789 Priesto
603 1761 639 1789 sit
651 1768 723 1788 vero
734 1766 815 1788 nunc
829 1761 858 1787 et

55 1801 101 1837 illa,
110 1806 137 1832 ut
145 1804 297 1840 lamentis,
309 1806 482 1843 gemituque
491 1809 519 1834 et
527 1806 657 1834 femineo
668 1805 785 1833 ululatu
793 1811 855 1831 suae

55 1845 173 1878 libertatis
181 1851 334 1879 vindicem
341 1851 520 1885 conclamat,
529 1851 784 1886 illum,inquam,a
794 1856 855 1885 quo

55 1895 159 1928 servata,
172 1902 227 1924 nec
245 1903 335 1924 secus
354 1904 373 1925 a
386 1898 489 1933 stupro
502 1895 628 1924 liberata
652 1897 706 1931 est,
719 1897 809 1930 atque
831 1893 855 1921 si

56 1937 180 1970 pudicitiae
199 1941 264 1977 ejus
287 1941 502 1970 conservandae
519 1940 739 1976 integritatique
753 1941 854 1968 custo-

55 1979 149 2012 diendis
162 1985 222 2020 jam
236 1986 310 2014 olim
325 1986 484 2022 praefectus
498 1986 611 2014 fuisset.

82 2027 99 2054 0
107 2029 275 2063 praeclarum
289 2030 407 2059 facinus
420 2031 426 2058 l
438 2031 547 2067 cuique
558 2038 595 2059 ex
605 2029 711 2067 priscis
722 2029 778 2058 illis
789 2028 854 2057 nul-

57 2068 105 2100 lum
117 2076 301 2111 respondeat.
322 2077 423 2104 Fertur
436 2075 574 2104 Hercules
585 2075 744 2103 Hesionam
759 2081 854 2111 quon—

57 2114 112 2144 dum
126 2117 302 2156 liberavisse,
317 2128 387 2149 cum
396 2120 504 2150 belluas
518 2120 643 2149 marinae
653 2120 772 2156 objecta
784 2119 854 2147 fuis-

57 2162 111 2189 set:
132 2162 228 2192 itidem
244 2168 273 2193 et
292 2154 418 2193 Perseus
432 2164 668 2193 Andromedam.
693 2154 730 2193 λι
753 2164 795 2192 illi
806 2171 852 2192 ar~
867 2154 890 2183 D

57 2206 122 2240 mati,
142 2207 276 2246 ferroque
290 2210 415 2238 accincti
430 2209 547 2238 belluas
568 2210 701 2246 aggressi
727 2211 806 2245 sunt,
824 2210 853 2237 et

59 2249 291 2285 Virginestandem
296 2254 479 2283 matrimonii
485 2254 627 2283 sibinexu
633 2254 700 2290 conj
706 2255 854 2283 unxerunt

59 2293 97 2322 Hic
123 2301 216 2328 autem
235 2299 358 2329 inermis
379 2302 529 2328 armatam
570 2299 701 2328 belluam
732 2299 851 2335 invasit,

60 2345 165 2379 umque
180 2346 221 2373 tot
243 2345 504 2374 mendaciunculis
519 2345 657 2381 aspersit,
680 2347 723 2374 tot
739 2345 854 2373 astutiis

60 2383 237 2426 circumvenit,
243 2389 405 2426 viralioqui
411 2397 514 2423 verax,
521 2390 705 2427 minimeque
711 2389 853 2419 mendax.

62 2431 86 2457 ut
94 2432 220 2462 intactam
230 2435 362 2471 puellam
376 2436 454 2471 patri
471 2434 595 2463 tandem
604 2435 670 2470 ejus
684 2435 853 2463 restituerit.

874 1522 894 1548 C

88 2476 214 2507 Craterum
242 2480 362 2509 Simeon
383 2482 412 2508 et
443 2480 511 2508 Levi
536 2487 669 2509 sororem
683 2479 854 2516 raptoribus

62 2522 232 2566 timuerunt,
252 2527 281 2554 et
309 2525 374 2561 jam
400 2524 545 2554 violatam
569 2527 598 2554 et
616 2527 854 2562 constupratam,

62 2563 133 2601 idtum
145 2569 308 2598 certaminis
332 2571 393 2606 vix,
412 2577 448 2599 ac
474 2578 511 2599 ne
522 2570 571 2599 vix
585 2570 707 2608 quidem
723 2571 786 2599 sine
795 2578 855 2598 cre-

65 2608 106 2637 bra
117 2609 142 2638 in
163 2614 318 2650 ancipitem
341 2622 453 2652 gyrum
487 2615 782 2651 circumcursetione,
801 2623 856 2643 nec

93 2700 102 2717 ¹
118 2700 213 2738 Ephes.
226 2711 254 2734 ν.
267 2707 320 2741 25;
336 2706 361 2734 II
376 2707 482 2742 Cor.v,
496 2707 542 2742 15,
556 2707 568 2725 ⁸
579 2707 662 2736 Cant.
674 2715 692 2743 ι,
704 2709 730 2743 4,

607 122 767 151 ΜΟΝΟΒΙΑ
785 123 820 150 ΙΝ
842 120 1002 150 FRATREM
1022 119 1125 148 SUUM.

1670 117 1723 145 374

902 183 964 211 sine
979 181 1113 210 caedibus
1125 181 1300 214 innumeris,
1312 181 1463 217 totiusque
1471 179 1598 208 civitatis
1608 180 1723 208 excidio

901 229 1089 264 peregerunt.
1115 229 1212 260 Quare
1231 234 1293 255 non
1305 228 1375 254 sunt
1393 225 1435 254 illi
1454 233 1522 253 cum
1544 224 1601 252 hoc
1620 227 1724 253 nostro

901 272 1083 305 conferendi,
1105 272 1156 307 qui
1169 272 1301 308 puellam
1313 271 1461 306 integram
1477 272 1504 298 et
1522 269 1647 297 illaesam
1662 268 1726 297 sola

902 322 1019 346 certans
1030 318 1164 346 oratione
1173 317 1236 345 sine
1246 317 1328 345 caede
1337 319 1489 352 receptam
1499 314 1627 343 reduxit.
1640 313 1726 350 Equi-

901 362 971 390 dem
982 363 1160 399 preeclarum
1168 361 1252 390 illum
1262 361 1382 390 fratrem
1391 368 1493 389 meum
1502 360 1535 388 in
1562 357 1727 387 Abrahami

901 407 998 434 ﬁlium
1018 409 1138 443 propter
1152 407 1245 435 ﬁdem
1259 406 1437 442 adoptatum
1450 405 1539 433 fuisse
1552 405 1632 432 certo
1644 402 1706 431 scio
1718 411 1725 428 :

901 451 974 488 quin
990 454 1018 480 et
1037 452 1094 480 hoc
1109 452 1252 480 audacter
1268 459 1303 479 ac
1322 451 1415 479 libere
1435 450 1533 478 dicere
1556 456 1618 477 non
1641 455 1725 476 vere-

902 496 967 530 bor,
1000 497 1138 532 patribus
1167 496 1224 524 illis
1254 495 1461 524 Abrahamicis
1484 496 1623 523 nostrum
1647 493 1726 520 hunc

901 542 996 569 multo
1020 541 1257 578 praestantiorem
1286 541 1397 569 fuisse:
1428 540 1623 568 'Abrahamus
1645 538 1726 565 enim

902 585 1034 622 primum
1049 586 1130 622 apud
1151 587 1348 620 Pharaonem,
1364 585 1473 613 deinde
1486 584 1569 621 apud
1579 582 1726 611 Abimele-

902 631 993 658 chum
1008 632 1112 660 Seram
1136 639 1223 659 suam
1242 639 1306 659 esse
1322 639 1465 664 sororem,
1486 637 1550 658 non
1564 629 1725 664 conjugem

902 675 1054 712 professus
1069 678 1122 709 est,
1143 677 1218 704 utet
1242 676 1408 705 Rebeccam
1427 677 1558 704 Isaacus.
1577 674 1620 702 Illi
1635 672 1724 701 nimi-

902 728 970 748 rum
992 720 1138 749 terrefacti
1166 721 1309 757 conjuges
1338 729 1409 749 suas
1424 719 1723 754 dicereverebantur,

902 773 940 792 ne
964 768 1086 802 propter
1113 765 1180 794 illas
1205 766 1379 794 interirent:
1407 765 1455 794 hic
1480 773 1551 793 vero
1575 764 1724 799 virginem

902 810 1033 838 necdum
1047 810 1102 838 sibi
1113 811 1144 839 in
1156 811 1384 839 matrimonium
1394 810 1674 844 collocatam,suam
1683 811 1724 836 ta-

903 863 973 883 men
994 863 1118 884 uxorem
1142 856 1328 888 nominabat,
1354 856 1394 884 ad
1419 864 1450 884 se
1470 855 1652 888 retrahebat,
1669 853 1726 882 sibi

903 900 1094 929 vindicabat:
1111 901 1179 929 vitae
1198 909 1253 938 pro
1263 901 1314 930 illa
1329 901 1491 930 discrimen
1510 900 1622 934 subire,
1642 899 1667 928 si
1678 906 1727 927 res

902 939 1026 983 ital'erat,
1051 946 1291 983 haudquaquam
1308 946 1488 976 detrectans.

939 991 1026 1024 Quod
1041 992 1065 1019 si
1081 992 1250 1021 Susannam
1273 991 1377 1021 Daniel
1395 1000 1413 1021 ιι
1432 992 1630 1021 violentorum
1645 999 1727 1020 ama-

904 1038 1003 1065 torum
1017 1039 1046 1065 et
1066 1037 1239 1074 iniquorum
1260 1037 1397 1073 judicum
1419 1036 1518 1066 furore
1543 1036 1680 1072 asseruit,
1697 1038 1729 1065 at

905 1089 960 1118 pro
988 1081 1130 1110 tribunali
1153 1082 1236 1119 prius
1263 1083 1389 1119 sederat,
1417 1083 1540 1111 libidine
1565 1083 1729 1111 excascatos

904 1127 1020 1163 judices
1044 1135 1183 1156 seorsum
1194 1127 1371 1160 abduxerat,
1387 1130 1550 1165 utrumque
1564 1127 1729 1162 interroga-

906 1175 990 1202 verat
1000 1172 1220 1208 sigillatim,suo
1230 1173 1425 1210 ipsorumque
1438 1173 1552 1209 judicio
1567 1172 1730 1206 convictos,

907 1220 935 1246 et
957 1218 1073 1254 capitis,
1088 1217 1260 1253 damnatos,
1279 1217 1432 1255 lapidibus
1447 1217 1594 1255 cooperiri
1602 1217 1733 1254 jusserat

908 1265 997 1299 atque
1007 1262 1064 1290 hoc
1076 1264 1162 1299 pacto
1173 1263 1316 1300 pudicam
1328 1262 1366 1291 ab
1376 1263 1482 1300 iniqua
1494 1262 1642 1291 sententia
1658 1261 1732 1290 libe-

908 1314 1035 1340 raverat.
1052 1312 1168 1341 Delicias
1183 1321 1254 1341 vero
1278 1321 1362 1349 mese,
1386 1313 1430 1342 vir
1448 1313 1496 1342 hic
1509 1312 1663 1346 nimirum,
1679 1310 1733 1347 qui

909 1359 1018 1385 natura
1026 1357 1066 1385 sic
1073 1359 1267 1394 comparatus
1278 1360 1350 1392 erat,
1362 1360 1395 1386 ut
1405 1366 1495 1386 nemo
1505 1359 1644 1386 nostrum
1654 1354 1734 1385 votis

910 1401 1054 1430 omnibus
1071 1402 1174 1432 similis
1183 1402 1225 1430 illi
1235 1403 1363 1431 evadere
1386 1411 1448 1431 non
1464 1404 1592 1440 expetat,
1614 1409 1677 1430 non
1689 1401 1736 1437 ju-

912 1446 1028 1480 dicans,
1053 1449 1086 1474 ut
1104 1446 1217 1482 Daniel,
1232 1447 1286 1476 sed
1309 1447 1427 1476 hostem
1451 1447 1588 1476 adulterii
1613 1446 1737 1474 crimine

913 1500 1071 1520 accersens
1087 1502 1092 1521 :
1116 1500 1178 1520 non
1189 1494 1391 1528 constupratte
1410 1491 1532 1521 fratrem
1560 1491 1688 1527 ﬁngens,
1704 1492 1739 1518 ut

914 1537 1122 1570 Abrahamus;
1142 1545 1204 1565 non
1218 1537 1249 1565 id
1270 1537 1422 1570 mentitus,
1435 1537 1519 1573 quod
1533 1536 1564 1564 in
1578 1535 1738 1572 reprehen-

915 1583 1032 1610 sionem
1055 1582 1206 1610 incurrere
1237 1582 1343 1610 merito
1368 1584 1479 1618 posset,
1502 1584 1535 1610 ut
1556 1583 1639 1609 Isaac
1660 1579 1736 1615 (11):

916 1627 969 1656 sed
984 1627 1108 1663 virginis
1124 1627 1290 1656 etiamnum
1315 1626 1378 1655 viro
1401 1625 1503 1654 crudae
1521 1625 1619 1654 virum
1643 1624 1738 1661 (quod

914 1672 1078 1709 sapientius
1091 1671 1178 1708 juxta
1188 1680 1223 1700 ac
1234 1671 1345 1700 virilius
1356 1671 1420 1707 fuit)
1431 1679 1462 1700 se
1474 1669 1738 1706 dictitans,violen-

913 1720 977 1746 tum
991 1717 1078 1746 illum
1092 1719 1244 1754 raptorem
1259 1716 1361 1745 fefellit
1375 1718 1403 1745 et
1417 1716 1535 1753 repulit.

948 1763 1020 1791 Hinc
1027 1762 1222 1799 perspicuum
1229 1763 1387 1798 esteaquas
1394 1768 1476 1789 nunc
1481 1768 1622 1789 recenseo
1628 1759 1736 1797 priscis

910 1807 967 1836 illis
976 1807 1065 1843 longe
1075 1807 1284 1844 praestantiora
1294 1814 1359 1834 esse
1370 1815 1375 1840 ;
1388 1806 1499 1843 quippe
1510 1813 1578 1842 quin
1587 1805 1738 1834 Christum

910 1852 1074 1887 redoleant,
1099 1854 1189 1889 atque
1209 1852 1252 1880 ita
1272 1851 1361 1887 legali
1387 1850 1437 1879 illa
1455 1850 1571 1887 justitia
1583 1850 1672 1886 longe
1688 1857 1736 1878 ex-

910 1897 1082 1926 cellentiora
1111 1897 1180 1925 sint.
1206 1896 1471 1930 Quemadmodum
1494 1895 1576 1924 enim
1602 1895 1736 1931 seipsum

910 1943 1043 1971 Christus
1073 1942 1210 1970 Ecclesiae
1238 1942 1361 1970 nomine
1392 1940 1526 1976 tradidit,
1549 1949 1618 1969 cum
1633 1942 1735 1969 tamen

910 1987 1010 2016 adhuc
1033 1986 1165 2015 Ecclesia
1194 1994 1347 2023 nusquam
1366 1988 1455 2019 esset,
1481 1985 1595 2013 nedum
1618 1985 1733 2013 Christo

909 2032 1095 2068 desponsata
1133 2030 1246 2066 (adhuc
1281 2030 1362 2059 enim
1396 2032 1568 2067 peceatores
1600 2037 1732 2064 eramus,

909 2086 979 2106 cum
1000 2085 1055 2113 pro
1081 2076 1169 2105 nobis
1199 2078 1335 2104 mortuus
1362 2077 1407 2104 est
1435 2074 1578 2108 Christus,
1607 2075 1638 2101 ut
1655 2075 1732 2110 Apo-

910 2122 1003 2151 stolus
1021 2122 1061 2150 ait
1076 2123 1116 2158 ²);
1129 2121 1196 2158 ipsa
1210 2129 1331 2158 quoque
1346 2120 1519 2155 ignominiae
1530 2118 1587 2148 sibi
1598 2118 1730 2153 conscia,

908 2177 1002 2206 quam
1024 2166 1177 2203 impietate
1197 2166 1322 2202 pristina
1335 2165 1392 2194 sibi
1410 2166 1615 2193 contraxerat:
1637 2164 1733 2200 Nigra

908 2222 984 2245 sum.
1000 2211 1097 2248 inquit
1115 2210 1235 2245 alicubi,
1257 2210 1337 2245 filia:
1352 2210 1519 2238 Jerusalem
1540 2210 1570 2243 ³;
1586 2209 1628 2238 ita.
1641 2208 1732 2237 etiam

909 2258 999 2287 frater
1013 2265 1100 2285 meus
1115 2264 1170 2293 pro
1192 2254 1252 2291 ille,
1277 2262 1371 2291 quam
1392 2254 1530 2282 nondum
1551 2254 1582 2282 in
1605 2260 1732 2282 uxorem

909 2303 1045 2336 duxerat,
1060 2308 1116 2329 nec
1129 2299 1227 2329 adhuc
1240 2299 1364 2327 omnino
1376 2298 1521 2326 ducturus
1535 2300 1607 2333 erat,
1623 2305 1732 2334 parum

909 2342 1005 2372 abfuit
1016 2341 1091 2379 quin
1105 2341 1197 2369 vitam
1214 2339 1418 2377 profunderet,
1437 2339 1510 2366 dum
1529 2339 1616 2367 certis
1632 2347 1665 2366 se
1683 2346 1735 2374 pe-

908 2387 1009 2417 riculis
1034 2385 1145 2422 objicit,
1162 2386 1190 2413 et
1218 2386 1270 2422 qui
1287 2384 1383 2412 virum
1413 2383 1618 2417 simulaverat,
1638 2381 1732 2420 patris

909 2440 1014 2461 revera
1024 2438 1148 2460 munere
1160 2429 1334 2467 perfunctus
1347 2430 1401 2463 est,
1417 2431 1506 2466 atque
1522 2428 1617 2465 patris
1626 2428 1656 2456 in
1671 2435 1733 2464 quo

909 2477 1054 2506 naturalis
1069 2484 1140 2512 erga
1153 2475 1265 2504 liberos
1281 2483 1378 2510 amor,
1401 2474 1639 2510 eorumdemque
1655 2472 1734 2500 salu-

910 2524 946 2552 tis
957 2521 1179 2560 propugnatio,
1206 2520 1301 2549 multo
1321 2520 1420 2555 magis
1441 2527 1533 2556 quam
1561 2519 1592 2546 in
1616 2525 1652 2545 eo
1680 2516 1734 2553 qui

910 2568 1041 2606 puellam
1064 2567 1217 2603 genuerat,
1240 2565 1428 2594 elucesceret.
1452 2563 1501 2592 ille
1525 2562 1674 2600 siquidem
1694 2561 1734 2590 vi-

911 2613 1044 2643 ctoribus
1055 2611 1151 2647 cessit,
1162 2610 1294 2647 fugaque
1303 2610 1429 2639 salutem
1437 2607 1575 2645 quaesivit
1586 2616 1592 2636 :
1604 2607 1653 2636 hic
1665 2614 1735 2636 vero

96 2762 142 2799 (lt)
154 2767 183 2794 in
192 2768 288 2798 codice
304 2770 403 2799 Graeco
420 2767 485 2799 δοιδ.
504 2777 560 2806 pro
573 2770 651 2797 ’σαὰκ
663 2770 742 2799 male
757 2769 951 2807 suppositum
969 2767 1096 2797 videtur.
