1948 3079
188 83 240 111 387
767 78 944 107 THEODORI
964 77 1105 106 ALANIE
1123 77 1279 106 EPISCOPI
1817 81 1877 109 383

188 144 254 178 eius
276 140 540 176 Constantinopoli
548 147 605 176 per
618 140 808 175 Bosphorum
824 139 1016 168 Cimmerium
1026 139 1056 168 in
1072 138 1227 172 Alaniam,
1241 138 1313 174 quia
1329 137 1409 168 hanc
1419 146 1485 174 prae
1503 141 1616 170 czteris
1629 141 1877 170 lucubrationem

189 187 348 218 lectoribus
354 186 522 222 jucundam
541 186 610 221 fore
623 185 819 221 speravimus.
840 185 883 213 De
901 185 1015 213 Alania
1033 187 1058 213 et
1075 184 1183 212 Alanis
1201 191 1262 212 non
1281 185 1371 212 semel
1387 184 1602 214 Constantinus
1625 187 1877 222 Porphyrogeni-

188 237 235 262 tus
250 234 282 261 in
295 240 344 267 op.
361 232 400 259 De
416 231 496 258 adm.
513 230 585 266 imp.
603 230 655 258 Est
670 232 767 258 autem
783 236 818 258 ea
833 231 915 264 regio
928 229 1013 258 ultra
1030 228 1161 258 Maotim
1177 229 1257 257 circa
1279 229 1416 264 Tanaim,
1431 233 1522 266 atque
1536 234 1570 259 ut
1586 231 1803 260 Constantinus
1823 231 1876 260 ed.

187 278 284 308 Paris.
298 286 329 313 Ρ.
349 277 397 304 H3
413 275 559 310 afﬁrmat,
572 284 621 300 των
637 273 713 310 ὀρέων
724 275 880 300 Καυκασίων
892 274 956 299 ἄνωε

1117 276 1165 303 τῆς
1179 273 1310 304 Ἀλανίας.
1326 273 1433 302 Itidem
1449 277 1550 303 noster
1563 276 1646 311 infra
1660 284 1691 304 η.
1701 277 1878 312 5.Denique

187 323 303 359 copiose
310 321 476 356 optimeque
482 319 620 347 describit
628 319 651 346 A
658 319 770 347 laniam
783 318 930 347 Cellarius
939 319 970 346 in
979 318 1084 354 Geogr.
1091 319 1186 354 antiq.
1192 340 1201 353 ,
1209 318 1312 346 multis
1321 320 1453 347 veterum
1462 319 1562 348 citatis
1570 321 1814 349 auctoritatibus.
1822 320 1879 348 Ad

186 369 250 404 ejus
263 366 360 395 sedem
378 364 575 399 episcopalem
590 363 669 399 quod
687 363 802 395 attinet,
819 370 853 391 ea
867 363 900 391 in
910 363 1048 398 catalogo
1059 363 1166 392 Leonis
1175 362 1248 398 Sap.
1261 365 1326 391 erat
1339 364 1512 398 metropolis
1526 365 1710 400 sexagesima
1724 365 1876 398 secunda,

186 415 213 441 et
231 412 264 440 in
280 411 334 439 illo
348 408 518 437 Andronici
535 409 662 436 senioris
675 410 854 436 numeratur
868 412 955 443 quart

1106 408 1348 442 septuagesimum
1361 415 1372 436 .'
1390 408 1403 434 ὁ
1426 408 1542 439 Ἀλανιας
1560 419 1567 426 -
1589 411 1634 435 καὶ
1650 410 1716 439 αὒτὴ
1738 408 1775 441 ξϐ
1790 407 1875 444 οὖσα,

187 455 225 483 οϐ’
239 458 340 493 γέγονεν
354 455 433 489 (post
446 452 552 482 Codin.
573 452 619 481 ed.
633 452 730 480 Paris.
744 460 776 486 p.
789 452 865 487 402).
884 452 956 480 Hac
971 451 1008 480 de
1019 452 1142 480 Alania.
1160 453 1203 480 De
1215 453 1279 486 ipso
1294 454 1394 481 autem
1412 453 1564 482 Theodoro
1578 454 1658 482 nihil
1669 454 1734 489 fere
1743 462 1878 490 cognos-

187 501 310 531 cebatur
317 502 428 535 praeter
441 497 474 525 id
494 497 575 533 quod
592 505 630 527 ea:
643 497 779 526 Dosithei
790 497 939 526 Hierosol.
952 497 1087 526 Historia
1102 496 1300 525 adnotaverat
1314 497 1478 533 Lequintus
1490 498 1539 527 0r.
1554 498 1606 526 Ch.
1623 501 1645 526 t.
1663 499 1687 534 Ι,
1706 499 1765 527 col.
1788 500 1877 533 1348,

185 552 290 581 nempe
304 552 370 573 eum
383 543 476 578 fuisse
487 542 655 577 episcopum
670 545 801 576 tempore
811 541 953 570 Germani
970 541 1011 577 II,
1032 542 1085 577 qui
1093 541 1154 577 fuit
1165 542 1350 576 patriarcha
1363 541 1715 578 Gonstantinopolitanus
1735 544 1774 572 ab
1787 551 1877 572 anno

187 592 256 620 t222
268 589 308 618 ad
328 589 406 616 1240.
422 587 510 615 Nunc
525 587 643 615 demum
658 594 695 615 ex
711 586 766 614 hoc
780 586 934 614 luculento
949 586 1096 614 Theodori
1108 594 1242 614 sermone
1254 586 1349 621 plura
1362 589 1391 615 et
1405 587 1525 622 quidem
1541 587 1673 616 historia
1687 589 1776 616 utilia
1791 596 1877 616 com-

185 637 327 671 perimus.
341 633 479 668 Namque
491 635 517 660 et
537 631 657 660 Alanis:
669 633 744 666 ﬁnes
758 632 892 666 vicesque
907 631 1058 664 describit,
1078 634 1106 659 et
1123 631 1326 659 miserandam
1345 632 1454 666 populi
1472 632 1684 667 conditionem,
1707 639 1775 660 cum
1797 632 1875 660 reli—

186 680 283 716 gionis
298 685 398 708 amore
413 677 466 705 vix
480 679 579 705 tamen
598 675 766 704 Christiani
780 684 786 704 :
805 678 955 713 Χριστιανοί

1112 675 1221 712 ὀνόματι
1240 675 1341 702 Ἀλανοὶ
1354 676 1394 711 (n.
1411 676 1467 711 24),
1485 679 1612 712 propter
1634 679 1791 712 pastorum
1816 678 1881 705 sci-

188 726 255 753 licet
269 724 439 755 raritatem,
460 724 487 749 et
514 721 665 755 inﬁrmam
687 721 732 749 rei
756 728 850 748 sacrae
869 720 1120 748 constitutionem.
1146 720 1272 748 Prorsus
1291 722 1334 748 est
1354 720 1408 748 hoc
1428 720 1629 749 Alanicarum
1651 722 1878 757 antiquitatum

184 777 289 799 rarum
305 769 528 796 monumentum
543 773 597 794 nec
609 765 866 794 contemnendum.
884 765 996 800 Lepida
1010 767 1107 793 autem
1124 767 1166 793 est
1178 765 1236 794 illa
1250 765 1397 794 Lazarum
1408 765 1538 800 episcopi
1555 766 1586 794 in
1605 765 1750 794 Alaniam
1763 774 1878 794 excur-

184 815 238 846 sio,
265 814 388 848 ejusque
409 811 520 845 supina
546 811 577 837 in
597 809 786 844 conferendis
801 809 896 837 sacris
918 808 1074 837 ordinibus
1088 809 1209 837 inscitia
1229 812 1257 837 et
1280 810 1488 840 irreverentia,
1505 817 1591 845 quem
1608 817 1738 845 pravum
1754 818 1876 839 morem

185 859 269 895 apud
284 856 438 886 hareticos
452 862 569 891 quoque
580 854 761 882 Habessinos
784 854 889 889 vigere,
906 861 924 882 a
940 854 1036 881 nostri
1048 854 1235 882 orthodoziae
1256 854 1319 882 illic
1331 854 1520 889 praeconibus
1536 855 1650 883 audivi.
1665 855 1815 884 Ceterum
1835 856 1879 884 de

184 912 245 933 non
257 902 353 939 facile
367 900 525 936 repetendo
549 899 734 927 sacramenti
747 899 832 926 illius
857 899 929 931 ritu,
943 897 1106 932 prudenter
1127 901 1235 927 auctor
1251 899 1396 935 loquitur.
1411 899 1605 928 Incommoda
1619 907 1674 928 sua
1689 902 1717 928 et
1730 901 1878 935 pericula

183 947 351 986 praesertim
367 945 527 978 Chersone,
537 947 565 972 et
577 951 596 972 a
612 943 791 976 latronibus,
807 946 834 972 el
849 942 886 971 ab
901 943 1027 971 illarum
1043 943 1199 978 regionum
1214 943 1347 978 satrapis
1360 946 1515 972 memorat.
1529 944 1602 972 Item
1613 952 1700 972 suum
1711 946 1879 980 pastorale

183 994 314 1030 regimen
329 991 457 1019 modeste
476 989 609 1025 exponit.
631 988 772 1023 Quwdam
799 991 908 1021 tamen,
938 988 1025 1016 initio
1043 990 1221 1023 praesertim,
1238 996 1298 1017 non
1317 988 1384 1017 sine
1407 989 1565 1024 aenigmate
1590 989 1743 1018 dicuntur.
1770 990 1878 1019 Sacra

183 1045 259 1074 szpe
274 1036 383 1071 Biblia,
398 1042 525 1063 canones
542 1033 704 1067 interdum,
726 1040 780 1061 nec
799 1041 860 1061 non
872 1033 970 1068 ipsum
985 1032 1160 1068 Homerum,
1181 1036 1284 1068 utpote
1299 1033 1385 1061 homo
1405 1033 1516 1062 Grecis
1535 1033 1702 1070 disciplinis
1724 1034 1874 1068 imbutus,

183 1084 300 1112 recitat.
321 1080 490 1116 Ceteroqui
508 1079 605 1114 stylus
627 1078 774 1106 Theodori
790 1078 969 1114 plerumque
988 1077 1094 1105 durior
1113 1080 1168 1112 est,
1189 1078 1325 1106 narratio
1345 1078 1438 1106 veluti
1463 1078 1605 1113 abrupta,
1624 1081 1715 1114 prout
1739 1080 1802 1114 ipse
1821 1079 1874 1107 in-

184 1127 301 1157 terdum
315 1126 442 1161 fatetur,
456 1129 483 1152 et
502 1124 588 1151 nullo
607 1123 738 1158 artiﬁcio
753 1125 905 1156 contexta,
918 1125 945 1150 et
966 1122 1040 1150 mihi
1062 1122 1221 1158 interpreti
1244 1130 1321 1158 seqre
1335 1122 1514 1159 quandoque
1527 1123 1640 1158 pervia.
1655 1123 1716 1153 Sed
1733 1131 1795 1152 rem
1818 1124 1872 1152 hic

185 1171 353 1210 quaerimus,
370 1169 448 1197 bona
467 1168 643 1196 elocutionis
658 1167 797 1202 exempla
816 1166 942 1195 aliunde
955 1170 1100 1201 petemus.

394 1329 782 1390 ΘΕΟΔΩΡΟΥ
836 1329 1268 1387 ΕΠΙΣΚΟΠΟΥ
1331 1327 1663 1390 ΑΛΑΝΙΑΣ

826 1436 935 1461 ΛΟΓΟΣ
955 1436 1218 1461 ΕΗΙΣΤΟΛῙΜΑΙΟΣ

326 1517 410 1541 ΠΡΟΣ
437 1515 505 1540 ΤΗΝ
535 1513 903 1540 ΚΩΝΣΤΑΝΤῙΝΟΥΠΟΛΙΝ
935 1512 991 1537 ΚΑΙ
1019 1513 1103 1537 ΤΟΥΣ
1133 1513 1377 1538 ΕΝΔΗΜΟΥΝΤΑΣ
1407 1515 1475 1538 ΤΩΝ
1502 1515 1708 1539 ΕΠΙΣΚΟΠΩΝ.

529 1589 552 1616 εἰ
570 1592 615 1616 καὶ
635 1587 682 1616 διὰ
695 1590 730 1615 τὰ
740 1587 877 1623 συμϐάντα
895 1588 1097 1625 nupturis-atat,
1113 1589 1200 1614 καίτοι
1212 1590 1245 1615 τὰ
1263 1587 1342 1616 πλείω
1363 1590 1518 1626 συντέμνων.

699 1664 906 1700 Ἐπιγέιγραπται
922 1661 961 1698 δὲ,
979 1664 1050 1689 Μετὰ
1073 1665 1120 1693 τὴν
1133 1666 1308 1702 χειροτονίαν,
1329 1664 1344 1694 ἣ

928 1741 1112 1766 ΔΛΔΝΙΚΟΣ.

548 1874 874 1926 THEODORI
908 1874 1195 1924 EPISCOPI
1227 1876 1497 1925 ALANIJE

843 1970 957 2000 SERMO
978 1971 1203 1999 EPISTOLARIS

507 2049 554 2076 AD
575 2047 923 2076 CONSTANTINOPOLIM
943 2048 1199 2080 MORANTESQUE
1217 2048 1252 2076 IN
1272 2048 1317 2076 EA
1337 2048 1534 2084 EPISCOPOS,

409 2125 460 2161 qui
475 2126 601 2160 propter
615 2130 718 2152 rerum
739 2126 861 2152 eventus
874 2124 1027 2158 prolixus,
1042 2130 1214 2159 quanquam
1234 2124 1379 2160 pleraque
1393 2127 1463 2153 sunt
1479 2124 1627 2154 breviata.

572 2200 760 2231 Inscribitur
771 2201 880 2231 autem
896 2209 904 2231 :
920 2198 992 2229 Post
1003 2199 1221 2230 ordinationem
1237 2201 1383 2241 episcopi,
1400 2200 1467 2232 sive

930 2280 1105 2310 ALANICUS

213 2401 238 2428 1.
261 2399 404 2432 Quaenam
420 2398 508 2427 fuerit
530 2397 644 2426 itineris
671 2396 764 2425 nostri
779 2397 866 2429 ratio,
883 2396 980 2432 jamdi

1094 2396 1124 2424 α’.
1141 2400 1200 2428 Πῶς
1219 2398 1281 2433 ἡμῖν
1300 2396 1330 2422 ἂν
1345 2397 1404 2433 ἔχοι
1423 2397 1456 2423 τὰ
1478 2401 1524 2426 τῆς
1542 2394 1617 2429 ὀδοῦ,
1638 2396 1666 2423 ἐκ
1685 2396 1781 2423 πολλοῦ
1808 2395 1863 2423 οἶδ’

175 2445 237 2474 scio
256 2453 312 2474 vos
326 2447 355 2473 et
377 2447 467 2473 antea.
491 2451 672 2479 cognoscere
692 2443 852 2479 expetisse,
873 2445 901 2470 et
920 2450 944 2470 n‘

1094 2452 1097 2468 ι
1116 2444 1162 2468 καὶ
1187 2443 1312 2479 πρότερον
1331 2442 1422 2478 μαθεῖν
1452 2440 1576 2475 ἆζητεῖτι,
1602 2443 1647 2467 καὶ
1663 2444 1708 2468 νῦν
1734 2442 1772 2467 ἔτι
1792 2441 1863 2478 μάλ-

173 2490 377 2527 polissimum,
405 2498 423 2518 ο
451 2497 562 2524 magne
584 2491 696 2525 pastor,
717 2490 746 2516 et
773 2489 843 2523 post
868 2487 942 2524 prim

1093 2497 1109 2523 ι,
1139 2488 1171 2513 σύ
1197 2495 1225 2512 τι
1248 2487 1261 2512 ὀ
1286 2487 1367 2522 μέγας
1393 2488 1501 2522 ποιμήν,
1528 2487 1574 2512 καὶ
1602 2486 1668 2522 μετὰ
1695 2487 1739 2512 τὸν
1758 2490 1862 2522 πρῶτον

173 2536 309 2572 proxime
325 2536 372 2571 (1),
389 2542 445 2563 nec
460 2542 521 2562 non
534 2541 588 2561 vos
602 2534 825 2568 compastores;
841 2531 894 2568 qui
913 2532 942 2559 ni

1094 2532 1142 2566 ὶὺς,
1174 2533 1219 2557 καὶ
1239 2531 1311 2567 ὑμεῖς
1340 2532 1365 2557 oi
1394 2532 1577 2567 συμποίμενες,
1604 2534 1659 2561 πῶς
1682 2532 1715 2556 τὰ
1743 2534 1790 2561 τῆς
1809 2541 1863 2566 μα-

173 2588 240 2608 rum
262 2580 350 2608 fuerit
372 2580 470 2614 longte
485 2577 734 2615 peregrinationis
750 2576 856 2607 exitus,
876 2576 942 2612 quic‘

1096 2579 1118 2606 ἱς
1141 2573 1281 2612 ἄχδημίας,
1307 2578 1351 2602 καὶ
1373 2577 1411 2606 τίς
1440 2576 1454 2605 ἡ
1485 2577 1585 2606 return;
1611 2574 1734 2612 ἐργασία,
1766 2575 1865 2611 μᾶλλον

173 2632 210 2653 ea
221 2627 339 2659 gestum
355 2624 402 2657 sit,
418 2623 569 2660 praecipue
582 2629 652 2650 vero
668 2621 824 2658 quomodo
838 2629 894 2648 nos
912 2621 942 2656 ὃς

1105 2624 1152 2651 τῆς
1181 2617 1295 2655 ὁδηγίας
1323 2623 1369 2646 τοῦ
1389 2620 1538 2655 Πνεύματος
1555 2628 1562 2635 ν
1589 2619 1670 2657 ᾤπιρ,
1697 2619 1719 2645 αἱ
1754 2621 1791 2655 μὴ
1819 2628 1865 2651 καὶ

174 2671 221 2696 tus
248 2668 424 2704 deduxerit;
445 2677 463 2696 θ.
482 2675 554 2706 quo,
574 2667 628 2695 esti
647 2674 708 2694 non
735 2672 853 2701 semper
870 2672 943 2701 pern

1094 2686 1102 2697 ,
1137 2664 1305 2700 χεκινήμιθοι,
1338 2663 1404 2690 ἀλλὰ
1431 2673 1461 2700 γε
1492 2667 1537 2690 νῦν
1571 2663 1599 2689 ἔκ
1626 2673 1672 2690 του
1703 2665 1862 2701 χρίσαντος-

209 2756 249 2794 (l)
268 2756 374 2786 Confer
388 2756 536 2786 sermonis
550 2755 727 2785 clausulam.
745 2754 875 2792 Utroque
889 2753 971 2783 enim
985 2754 1018 2783 in
1031 2754 1099 2784 loco
1113 2754 1229 2792 primus
1241 2755 1348 2792 pastor
1360 2753 1479 2783 videtur
1490 2752 1617 2789 intelligi
1631 2752 1775 2782 Christus.
