1948 3079
39 91 86 119 380

39 153 100 189 Ἀρα
133 152 324 189 χρηστοτέρας
353 153 401 181 τῆς
432 147 584 186 ὁδοιπορίας
613 148 760 184 ἐτύχομεν,
792 150 838 175 καὶ
856 148 880 176 Α

39 200 79 227 τὴν
107 196 172 224 εὐθὺ
200 200 250 227 τῆς
274 198 389 232 ποίμνης
416 194 569 231 ἇτέμνομεν;
590 195 604 224 ἢ
625 194 736 230 λῃσταῖς
763 203 839 230 περι-ι

39 245 166 275 πεσόντες,
191 242 238 270 τὸν
264 243 326 278 περὶ
349 241 440 276 ψυχῆς
466 240 652 277 ἐτραπόμεθας
679 239 723 270 Ὠς
755 237 780 265 δ’
809 238 839 264 ἂν

40 290 137 322 ἔχοιιν,
161 285 189 313 εὖ
212 294 242 312 τε
264 287 313 312 καὶ
334 285 391 315 οἶλις
413 285 447 311 τὰ
473 286 642 321 συμπεσόντα
667 285 746 321 iit-Liv;
772 283 841 320 Ἀρα

40 332 110 368 pali;
143 332 257 366 ἔστημεν
283 334 332 362 τῆς
356 330 447 366 ὁρμῆς,
476 329 491 359 ἢ
526 332 571 357 καὶ
599 329 679 356 εἰσέτι
709 330 839 365 φέρομενς

42 379 87 403 Καὶ
106 379 160 402 ποῦ
183 384 248 402 ποτε
273 372 346 402 δυεῖν
367 374 490 411 θάτερονς
505 376 550 401 καὶ
570 376 634 405 τέως
651 376 674 400 εὶ
695 375 731 410 μὴ
756 373 840 402 πάντη

40 425 81 447 τοῦ
102 423 206 447 σκοποῦ
230 417 430 456 διημάρτομεν;
448 422 539 446 Ταῦτα
561 420 607 454 μεν
629 416 673 446 οὖν
695 418 756 454 ὑμῖν
776 426 841 445 σκο-

41 466 145 492 πιίσθαι
174 463 327 500 συμϐαίνει,
350 466 394 491 καὶ
423 463 483 490 καθ’
514 463 619 494 έαντοὺς
646 462 769 500 ἂρευνᾷν·
797 465 842 489 καὶ

42 511 160 546 iniecisti
193 509 230 539 ὡς
258 510 317 536 int
351 506 494 535 σπουδαῖον
515 509 545 535 τὸ
571 511 692 544 πρᾶγμα,
721 509 766 534 καὶ
793 511 842 534 τῶν

41 555 88 590 οὐχ
118 556 221 584 ἣκιστα
251 552 386 590 φροντίδος
409 554 604 589 τετυχηκότων,
627 554 649 580 εἴ
671 553 722 579 πού
741 562 767 578 τι
793 556 842 580 τῶν

42 601 169 636 ἡμετέρων
204 597 402 635 ἀκριϐολογοῦτό
435 607 486 625 τινι
503 608 509 614 -
543 599 634 634 καίπερ
667 597 745 624 ὁποῖα
777 596 844 633 φιλεῖ

42 644 193 679 anguium
219 642 244 670 ἄν
269 646 326 674 τοῖς
349 644 488 676 τοιούτοις,
512 642 574 669 ἄλλο
593 643 677 679 ἕτερον
695 644 741 669 καὶ
769 645 841 677 κοινῇ

40 688 276 725 ιστηκριϐωμένως
299 686 393 720 οὖδίν,
417 688 433 717 ἠ
459 685 597 724 πάνδημος
622 689 694 724 φήμη
721 688 843 724 προφέροι

41 735 78 760 ἐν.
108 734 181 769 Ἐγὼ
212 731 252 765 δέ,
287 732 310 759 εἰ
336 733 380 768 μὶν
407 732 489 762 οὕτως
521 732 656 769 ιῦκαιρίας
687 734 732 758 καὶ
761 741 844 768 παρα.

44 782 138 808 σκευῆς
172 775 256 813 εἶχον,
290 778 323 807 ὡς
350 777 434 803 πάντα
461 776 542 812 λέγειν
572 779 618 804 καὶ
651 777 768 814 γράφειν,
797 775 844 804 κᾶν

788 85 969 114 ALANICUS.

1663 92 1716 121 390

894 147 1015 182 fuimus,
1041 153 1121 175 nunc
1141 148 1218 175 certe
1243 149 1404 185 postquam
1428 149 1516 178 nobis
1542 151 1715 182 unctionem

893 191 1016 226 largitus
1038 193 1091 219 est.
1106 193 1181 220 Num
1205 199 1276 227 ergo
1297 192 1412 222 felicius
1434 194 1490 223 iter
1512 196 1589 223 nacti
1611 197 1715 234 simus,

893 239 1035 272 rectaque
1059 237 1098 265 ad
1119 244 1241 271 gregem
1265 240 1403 267 nostrum
1426 240 1621 270 venerimus?
1635 243 1718 271 enin

893 281 1024 310 latrones
1038 281 1162 318 delapsi,
1180 282 1288 310 animae
1310 283 1472 312 retinendae
1492 291 1584 313 causa
1605 285 1718 321 fugeri-

895 326 988 355 mus?
1013 326 1068 359 Qui
1090 328 1184 354 status
1207 334 1308 355 rerum
1332 327 1378 360 sit,
1401 330 1429 356 et
1450 336 1524 357 num
1548 330 1621 358 satis
1641 330 1719 360 bene

894 370 983 399 nobis
998 370 1147 399 evenerit?
1163 373 1239 399 Num
1251 371 1378 401 fortunas
1388 373 1519 409 impetus
1532 375 1582 403 vix
1594 375 1719 405 demum

895 416 1046 450 desiverit,
1071 423 1110 444 an
1130 415 1230 444 adhuc
1255 416 1286 444 in
1310 425 1400 445 cursu
1423 418 1541 448 simus?
1561 421 1593 448 Et
1610 420 1719 450 horum

896 461 1026 489 duorum
1039 463 1138 488 utrum
1152 462 1327 490 teneamus?
1340 464 1369 490 et
1380 470 1454 491 num
1464 463 1609 492 hactenus
1627 473 1720 503 scopo

896 513 1021 542 prorsus
1036 505 1298 536 aberraverimus?
1313 507 1379 535 Haec
1394 515 1466 542 ergo
1486 508 1571 536 vobis
1586 510 1720 539 conside-

896 557 963 578 rare
979 549 1132 584 contingit,
1149 552 1178 578 et
1191 550 1267 579 inter
1287 559 1342 579 vos
1358 551 1532 588 disquirere.
1549 553 1626 582 Sane
1641 554 1720 583 arbi-

897 596 958 623 tror
981 602 1072 629 grave
1098 602 1163 622 esse
1189 596 1353 631 negotium,
1369 599 1398 624 et
1421 604 1482 625 non
1506 597 1634 627 minima
1648 607 1721 629 cura

897 639 1034 675 dignum,
1051 639 1077 667 si
1091 639 1160 675 quis
1176 639 1243 668 velit
1261 643 1365 669 nostra
1379 641 1549 677 diligentius
1562 643 1720 679 inspicere.

898 685 1090 719 Quanquam,
1106 687 1136 712 ut
1151 684 1182 712 in
1203 685 1249 713 his
1264 685 1337 714 solet
1351 686 1534 723 contingere,
1548 687 1606 716 alia
1620 689 1722 725 quasli—

897 728 957 762 bet,
981 728 1114 766 nihilque
1137 729 1255 765 publice
1275 730 1346 758 satis
1374 731 1546 767 probatum,
1566 733 1720 769 popularis

899 773 980 802 fama
1001 774 1146 808 divulgat.
1167 776 1227 809 Ego
1247 783 1315 803 vero
1336 776 1360 804 si
1386 779 1463 805 certe
1488 779 1603 807 tantum
1628 779 1679 808 otii
1693 780 1722 808 et

43 828 89 848 τῶν
118 823 178 858 ἐμοὶ
211 819 431 857 σπουδαζομένων
455 823 483 848 τὸ
510 822 583 858 ἔργον
612 819 653 857 ᾖν,
681 819 845 857 διηγουμένῳ

938 818 1122 846 mmoditatis
1146 818 1300 855 haberem,
1321 821 1423 849 omnia
1446 821 1577 850 dicerem
1598 830 1633 851 ac
1648 824 1722 852 scri-

45 870 70 893 τὸ
97 866 203 903 βέλτιον
222 866 258 897 εὶς
280 865 447 904 παραψυχὴν
466 868 509 892 καὶ
531 867 664 902 συμπαθὲς
687 869 742 897 τοῖς
770 864 845 893 ἁκού-

45 921 123 939 ουσι·
144 916 190 938 νῦν
213 910 243 938 δε
269 911 317 938 οὐκ
343 912 398 937 ἔστι
411 921 418 928 ι
437 910 536 938 πολλῶν
559 912 609 948 γὰρ
632 910 662 937 ἂν
683 911 745 947 ἡμῖν
764 910 846 946 λόγων

46 955 170 986 ἐδέησεν·
194 960 281 983 πονιῖν
306 954 336 982 δί
359 956 419 993 οἱρτι
437 956 473 986 ὡς
496 955 520 982 ἐν
550 956 755 993 συγγράμμασιν
778 953 847 982 ἴδιον

46 1002 73 1027 ἄν
94 1004 134 1030 du
158 1002 248 1038 ὥσπερ
273 1003 296 1028 εἰ
319 1010 358 1032 τις
382 1000 406 1027 ἐν
425 1002 593 1037 νυκτομαχίᾳ
615 1001 645 1026 τὸ
665 998 757 1032 δεξιῶς
776 999 848 1026 ὁπλι-

48 1048 151 1081 σθιῆναι,
175 1048 223 1072 καὶ
250 1043 364 1072 τοεῶσδε
385 1044 525 1072 ἐπιϐαίνειν
555 1048 664 1072 σκοπεῖ·
691 1047 776 1071 καίτοι
803 1047 847 1071 καὶ

46 1091 124 1122 άλλως
146 1089 207 1118 οὐδ’
233 1090 264 1117 ἂν
286 1088 428 1126 δυναίμην,
448 1089 651 1126 πεπλανημένος,
668 1088 721 1119 ἤδη
744 1091 791 1119 τὴν
810 1091 847 1116 ἰν-

46 1146 112 1162 νοιαν
132 1137 184 1162 ὑπὸ
205 1139 252 1163 τοῦ
276 1135 480 1171 μεταμανθάνειν
504 1135 537 1161 τὰ
558 1134 690 1172 βάρϐαρα.
707 1134 739 1160 Εἰ
754 1132 783 1162 δι
802 1137 847 1160 καὶ

45 1186 124 1207 ταὺτα
146 1183 183 1216 μὴ
214 1184 303 1216 παρῆν
324 1179 526 1217 παρακα)οῡντα
548 1189 580 1215 με
601 1182 713 1214 σιωπᾲν,
733 1178 796 1205 ἀλλὰ
816 1181 846 1205 τὸ

47 1224 167 1262 διήγημα
191 1225 293 1261 ἴλιγγον
319 1226 376 1260 εχει
395 1224 424 1250 οὐ
451 1225 572 1260 φορητὸν,
595 1225 629 1254 ὡς
651 1225 696 1250 καὶ
715 1224 845 1260 ὴπειρὼτῃ

47 1273 149 1305 saturior,
167 1272 215 1297 καὶ
239 1273 294 1300 τοῖς
316 1273 435 1306 τρυφῶσι
453 1271 498 1295 καὶ
522 1269 708 1306 θρυπτομένοις
731 1269 763 1295 τά
781 1269 846 1305 φάρ-

49 1324 126 1350 μακε.

139 1450 257 1476 Ποθοῠσι
282 1446 312 1474 δε
339 1448 409 1484 ὑμῖν,
432 1447 452 1473 ὦ
477 1448 558 1484 πάτερ
586 1449 632 1474 καὶ.
659 1446 745 1484 ὅμιλος
774 1445 847 1474 ἀδελ-

52 1499 110 1531 φῶν,
127 1494 171 1526 οὒς
192 1494 301 1528 συνάγει
322 1495 366 1519 καὶ
388 1490 531 1526 διεστῶτας
552 1493 581 1519 τὸ
603 1495 707 1528 Πνεῦμα
720 1493 750 1518 τὸ
763 1492 847 1528 οἷγιον,
867 1505 887 1532 C

52 1541 95 1566 οὐκ
115 1537 166 1566 οἶδ’
192 1540 263 1569 ὅπως
286 1537 391 1574 ὲπίσχω
414 1541 463 1563 τῶν
488 1538 617 1574 ἡμετέρων
639 1539 686 1566 τὴν
709 1547 847 1574 γνωριμω-

52 1586 137 1613 τάτην.
168 1585 220 1610 Καὶ
249 1585 285 1619 μή
316 1583 365 1608 πού
390 1591 430 1613 τις
462 1581 557 1618 Ἰωσὴφ
583 1581 711 1615 iii-reuma;
740 1581 769 1607 Ὀ
796 1582 847 1618 γὰρ

51 1630 216 1666 πατριάρχης
239 1626 334 1654 Ἰακὼϐ
359 1625 439 1657 δῆλος
457 1627 554 1652 πενθῶν
575 1624 627 1652 οἶδ’
646 1627 686 1652 ὅτι
704 1627 748 1652 τὸν
768 1625 848 1652 ὕστα-

51 1683 91 1699 τον
116 1673 140 1700 ἄν
165 1674 232 1703 υἱοῖς
258 1673 327 1698 κατὰ
354 1671 517 1707 πνευματικά
539 1670 692 1707 ψιλλίζοντα
720 1671 757 1696 ἔτι
772 1680 778 1687 -
803 1672 848 1696 καὶ

51 1719 119 1755 παρὰ
147 1717 227 1744 τοῦτο
254 1719 300 1743 καὶ
330 1715 501 1752 ἀγαπὼμιθα.
535 1715 693 1751 Ἐγιώργουν
726 1717 772 1751 μὶν
804 1713 848 1741 οὖν

52 1763 76 1788 οἱ
93 1762 197 1799 μείζους
226 1759 333 1797 ἀδελφοὶ
349 1763 393 1787 τόν
421 1761 544 1796 ἄσταχυν
569 1763 615 1790 τῆς
645 1761 725 1793 ζωῆς,
743 1762 789 1786 καὶ
815 1759 848 1790 εἰς

54 1805 182 1834 διακονίαν
225 1806 303 1836 αὐτὸς
344 1806 486 1841 ἐτετάγμην
520 1805 727 1842 ὑπηρετούμενος
763 1805 850 1830 ὁπόσα

56 1854 222 1887 προσέταττεν
247 1851 261 1876 ὁ
285 1851 373 1887 πατὴρ
386 1860 393 1867 ·
417 1851 441 1876 οἱ
458 1848 483 1876 δ’
507 1849 710 1886 ἁπιμπολοῡσιν,
731 1849 778 1875 οὐκ
797 1847 849 1875 οἷδ’

58 1898 69 1921 ὁ
90 1906 113 1922 τι
134 1897 276 1926 παθόντες.
303 1895 372 1924 Πλὴν
392 1895 460 1930 ὅμως
478 1896 523 1920 καὶ
548 1892 687 1932 τραγῳδία
709 1895 742 1920 τὰ
765 1893 850 1920 Mui-

61 1942 95 1967 ειν
112 1939 168 1967 οὐδ’
192 1939 379 1977 ἆπαράλληλα·
404 1939 471 1968 πλὴν
493 1939 506 1965 ὅ
524 1948 551 1965 τι
568 1941 690 1975 γνωρίσω
705 1940 750 1975 μὶν
769 1938 849 1975 ὶμαυ-

58 1988 111 2018 τὸν,
135 1985 156 2012 εἰ
185 1988 232 2011 καὶ
260 1982 382 2014 σκιωδῶς
405 1982 464 2010 οὐδ’
491 1983 735 2020 ἀπαρακαλύπτως·
764 1993 849 2020 παρα-

60 2028 205 2067 δραμοῦμαι
231 2030 282 2066 γὰρ
308 2030 341 2055 τὰ
365 2028 456 2057 πολλά.
483 2028 614 2056 Βασιλεύω
636 2026 666 2054 δὲ
689 2027 774 2054 οὐκέτι
801 2032 850 2054 τῶν

60 2075 199 2110 Αἰγυπτίων
224 2072 272 2100 διὰ
297 2075 340 2099 τὸν
367 2075 479 2109 Φαραὼ,
510 2073 531 2099 εὶ
556 2075 601 2099 καὶ
628 2074 851 2110 παραχωρηκέναι

58 2121 118 2151 τινός
137 2118 305 2153 δνναστεῐας,
332 2118 361 2144 οὐ
387 2117 509 2154 βούλεται
532 2119 589 2154 μὲν,
608 2118 725 2144 πείθεται
747 2115 777 2144 δὲ
802 2118 850 2144 Imb

58 2168 95 2191 τοῦ
121 2166 227 2202 ὁράσεις
253 2161 374 2194 διδόντος
399 2165 445 2189 καὶ
469 2162 665 2193 ἔνυπνιάζοντος
684 2166 848 2198 πνεῦματοςο
865 2184 887 2212 D

56 2210 183 2246 ὑποχωρεῖ
203 2210 255 2245 γὰρ
276 2209 291 2238 ἡ
309 2208 437 2238 advenat;
457 2211 493 2243 τῷ
516 2209 566 2240 νοῒ,
581 2207 644 2244 παρ’
664 2207 744 2233 αὑτοῦ
770 2205 849 2234 διδα-

55 2255 146 2289 χθεῖσα
169 2254 221 2280 ὅσα
242 2252 407 2289 συμϐολικῶς
431 2250 611 2288 ὑποδέχεται·
633 2252 662 2278 οὐ
687 2253 738 2290 γὰρ
763 2253 777 2281 ἡ
804 2252 851 2284 νὺξ

54 2303 94 2324 τοῦ
109 2298 169 2335 βίου
185 2300 324 2335 κεχώρηκε
338 2299 385 2326 τὴν
402 2295 523 2325 ἀλήθειαν
536 2307 543 2314 ·
560 2296 617 2324 εἷεν.

83 2343 114 2379 γ’.
133 2346 187 2373 Τὴν
215 2344 260 2379 μὶν
285 2340 315 2368 οὗ
341 2340 403 2368 ὁδὸν
429 2341 535 2368 ἅπασαν
555 2340 581 2373 ἐξ
609 2340 736 2378 ἆπαρχῆς
764 2340 849 2368 ἀναλί-

51 2389 139 2422 Ἱισοαι
162 2388 228 2423 ὑπὲρ
247 2389 292 2413 τὸν
316 2388 434 2423 παρόντα
456 2388 546 2422 καιρόν
571 2385 637 2418 ἐστι,
659 2388 705 2412 καὶ
729 2388 776 2415 τὴν
804 2389 850 2412 τοῦ

51 2432 122 2468 λόγου
151 2430 290 2460 σπουδήν·
321 2431 372 2457 ὅσα
397 2440 425 2457 τε
452 2431 638 2466 ὑπενεγκόντας
670 2431 739 2467 ἡμᾶς
764 2432 850 2467 τρίτος

52 2477 154 2514 ἑώρακεν
183 2476 269 2507 ἣλιος.
305 2478 356 2502 Καὶ
388 2478 440 2512 μὴν
467 2485 497 2511 γε
528 2476 623 2502 τούτων
657 2475 686 2501 οὐ
717 2475 849 2502 πολλοστὰ

52 2522 232 2558 αἰτησαμένοις
260 2523 331 2547 τισὶν
359 2518 561 2556 ἂκδεδώκαμεν,
593 2518 775 2556 ἑπιδρομάδην
809 2519 850 2546 δι-

52 2567 183 2597 εξελθόντες
208 2565 237 2592 ἐκ
258 2569 305 2592 τοῦ
328 2567 502 2602 παρήκοντος,
526 2565 548 2590 εἰ
576 2567 611 2601 μὴ
641 2568 686 2591 καὶ
712 2567 759 2594 τὴν
786 2565 848 2601 ὑμε-

52 2621 119 2648 τέραν
159 2611 346 2648 φιλοπευστίαν
386 2608 638 2647 παραδεδράμηκε-ν.
682 2609 711 2636 Ὀ
746 2614 849 2646 πρῶτος

54 2655 232 2688 ὀδοστατὴσας
256 2655 372 2691 ἐξέθλιψέ
393 2664 441 2691 με·
461 2654 586 2681 κατέλαϐέ
608 2664 639 2691 με
664 2653 770 2690 διώξας,
796 2653 847 2681 διε-

55 2704 171 2737 μιρίσατο
199 2700 294 2735 σκῦλα,
317 2699 339 2726 εἰ
364 2702 409 2726 καὶ
439 2702 474 2736 μὴ
504 2702 551 2729 τὴν
580 2699 719 2736 ἐπιθυμίαν
746 2698 848 2728 ἐνέπλη-

57 2754 101 2773 σεν.
132 2745 161 2772 Ὁ
196 2743 318 2782 δεύτερος
349 2743 468 2781 λυμεὼν,
502 2743 713 2781 εὖποριστότιρος
746 2743 770 2772 ἐν
801 2753 848 2771 κα-

899 863 1021 891 berem:
1038 864 1091 891 etsi
1113 864 1298 900 praecipuam
1320 873 1424 894 curam
1446 873 1579 900 gererem
1598 868 1723 898 meliora

899 907 1043 936 narrandi
1063 907 1102 935 ob
1127 907 1267 936 solatium
1291 911 1491 946 mutuumque
1505 910 1646 941 affectum
1669 921 1723 942 au-

900 952 1056 981 dientium.
1079 954 1162 981 Nunc
1190 953 1221 981 id
1245 961 1306 982 non
1333 954 1412 989 licet,
1434 955 1506 992 quia
1529 956 1619 991 longo
1649 958 1722 986 mihi

901 1004 1038 1025 sermone
1057 1005 1136 1034 opus
1159 997 1242 1027 foret.
1269 998 1414 1027 Laborem
1437 1001 1536 1028 autem
1562 1000 1722 1031 scribendo

900 1041 1084 1078 impendere,
1109 1042 1233 1079 perinde
1257 1051 1338 1072 nunc
1361 1046 1449 1077 esset,
1474 1052 1509 1072 ac
1532 1044 1558 1073 si
1585 1045 1654 1082 quis
1682 1045 1723 1075 ad

900 1088 1079 1115 nocturnam
1103 1095 1239 1123 pugnam
1263 1087 1414 1122 eleganter
1436 1096 1466 1116 se
1483 1089 1576 1117 armis
1599 1098 1725 1119 exorna-

899 1134 954 1166 rel,
970 1134 1059 1167 atque
1080 1131 1121 1160 ita
1142 1134 1266 1160 ornatus
1288 1133 1471 1168 procederet.
1493 1133 1551 1162 Sed
1569 1137 1598 1162 et
1612 1134 1724 1171 alioqui

900 1175 931 1204 id
952 1175 1075 1203 minime
1095 1183 1228 1212 possem,
1244 1179 1344 1205 mente
1365 1177 1464 1206 adhuc
1478 1185 1568 1213 vaga,
1581 1177 1656 1207 dum
1676 1186 1724 1208 res

899 1219 1076 1248 barbaricas
1091 1220 1205 1248 discere
1218 1221 1339 1257 incipio.
1354 1222 1421 1250 Jam
1435 1222 1576 1258 quamvis
1596 1223 1661 1252 haec
1675 1231 1724 1253 me

901 1265 941 1293 ad
966 1265 1117 1294 silentium
1138 1273 1200 1293 non
1218 1265 1457 1302 compingerem,
1472 1267 1604 1297 narratio
1622 1270 1726 1298 tamen

901 1309 1118 1338 intolerabilem
1142 1310 1319 1346 vertiginem
1346 1314 1470 1346 crearet.
1494 1312 1587 1341 veluti
1608 1313 1725 1342 homini

901 1354 1120 1383 mediterraneo
1137 1354 1170 1383 ﬁt
1185 1355 1215 1383 in
1231 1355 1306 1384 mari
1319 1363 1444 1392 nausea,
1459 1359 1488 1385 et
1501 1357 1577 1386 sicut
1590 1357 1725 1388 delicatis

901 1401 930 1428 et
944 1399 1085 1428 mollibus
1099 1400 1266 1436 pharmace
1279 1401 1432 1432 accidunt.

937 1446 963 1472 2.
985 1445 1130 1473 Caeterum
1153 1445 1307 1481 cupientes
1323 1453 1386 1480 vos,
1403 1453 1421 1474 ο
1445 1448 1530 1483 pater
1551 1449 1581 1476 et
1598 1447 1724 1477 fratrum

902 1491 1006 1524 caelus,
1021 1497 1100 1525 quos
1122 1488 1190 1517 licet
1203 1489 1347 1518 distantes
1370 1493 1492 1519 sanctus
1512 1492 1637 1528 Spiritus
1651 1501 1725 1522 con-

901 1535 1014 1570 gregat,
1031 1533 1131 1562 nescio
1147 1534 1303 1570 quomodo
1326 1535 1419 1564 celem
1434 1543 1496 1564 rem
1512 1536 1588 1565 inter
1605 1539 1725 1566 nostras

901 1579 990 1613 longe
1016 1579 1216 1607 notissimam.
1239 1581 1273 1607 Et
1297 1580 1446 1616 numquid
1473 1580 1521 1608 hic
1547 1583 1592 1609 est
1614 1581 1725 1618 Joseph

902 1623 1010 1660 aliquis
1021 1623 1034 1650 '2
1051 1623 1134 1651 Patet
1153 1624 1232 1652 enim
1254 1626 1337 1660 quod
1351 1625 1523 1660 patriarcha
1535 1625 1628 1654 Iacob
1642 1625 1726 1662 luget

901 1670 1088 1704 postremum
1114 1676 1149 1696 ex
1173 1668 1234 1696 suis
1257 1668 1334 1704 ﬁliis,
1356 1669 1409 1705 qui
1429 1669 1530 1698 adhuc
1552 1669 1656 1706 spiritu
1679 1670 1724 1699 in-

901 1712 969 1742 fans
985 1715 1049 1747 est;
1065 1714 1094 1741 et
1116 1713 1227 1742 idcirco
1249 1713 1413 1748 diligimur.
1432 1714 1615 1743 Excolehant
1637 1715 1726 1752 igitur

901 1758 1032 1793 majores
1046 1757 1150 1786 fratres
1165 1757 1230 1786 vitae
1252 1766 1396 1793 messem,
1414 1761 1504 1795 atque
1516 1767 1572 1794 ego
1592 1759 1657 1796 ipse
1672 1759 1727 1788 mi-

901 1802 1022 1830 nisterio
1045 1802 1087 1830 fui
1109 1802 1258 1838 addictus,
1279 1810 1404 1839 operam
1421 1804 1616 1840 impensurus
1637 1806 1728 1840 prout

903 1849 987 1884 pater
1007 1846 1224 1883 imperavisset.
1242 1847 1283 1875 Illi
1298 1850 1399 1876 autem
1411 1848 1612 1877 vendiderunt
1625 1849 1727 1877 nescio

903 1900 965 1928 quo
987 1891 1080 1920 animi
1105 1899 1199 1928 pravo
1226 1892 1367 1920 instinctu
1390 1893 1542 1928 permoti:
1568 1893 1621 1921 sed
1649 1895 1728 1922 certe

904 1936 1051 1970 tragoedia
1078 1937 1127 1965 hic
1159 1936 1232 1970 fuit,
1267 1944 1305 1965 ne
1337 1937 1428 1966 veteri
1460 1937 1622 1966 dissimilis.
1655 1937 1728 1967 Novi

904 1983 1005 2010 tamen
1030 1989 1078 2009 me
1092 1982 1204 2018 ipsum,
1219 1989 1397 2018 quanquam
1417 1982 1448 2010 in
1462 1982 1572 2011 umbra
1594 1991 1650 2011 nec
1664 1984 1728 2012 sine

904 2026 1063 2054 velamine.
1079 2025 1193 2054 Etenim
1215 2026 1310 2054 multa
1326 2030 1479 2063 praetereo.
1495 2029 1593 2064 Neque
1611 2028 1728 2063 impero

901 2072 966 2107 jam
993 2071 1136 2107 Egyptiis
1164 2079 1217 2107 per
1238 2072 1441 2106 Pharaonem,
1464 2073 1515 2109 qui
1541 2072 1595 2100 etsi
1622 2072 1728 2100 cedere

904 2116 992 2144 alicui
1016 2116 1155 2152 potentias
1179 2116 1285 2150 renuit,
1304 2117 1504 2153 persuadetur
1518 2119 1619 2145 tamen
1637 2117 1677 2145 ab
1692 2125 1729 2146 eo

904 2161 957 2198 qui
982 2161 1114 2188 visiones
1144 2163 1173 2188 et
1198 2161 1317 2189 somnia
1341 2161 1474 2190 immittit
1501 2162 1616 2198 spiritu.
1647 2161 1730 2190 Cedit

904 2207 1017 2243 quippe
1030 2214 1135 2234 sensus
1149 2206 1311 2234 intellectui
1325 2206 1364 2235 ab
1379 2207 1428 2235 illo
1441 2207 1565 2236 edoctus
1579 2207 1731 2245 quidquid

904 2259 957 2287 per
982 2251 1123 2287 symbola
1145 2251 1278 2287 suscipit.
1305 2253 1405 2288 Neque
1430 2253 1510 2280 enim
1536 2260 1598 2280 nox
1623 2252 1730 2281 mundi

903 2296 1058 2324 veritatem
1071 2295 1371 2332 comprehendit.Sed
1383 2296 1447 2324 haec
1459 2297 1555 2325 missa
1568 2297 1728 2326 faciamus.

939 2343 965 2369 3.
987 2340 1078 2376 Igitur
1096 2340 1177 2368 viam
1192 2340 1314 2377 quidem
1330 2341 1502 2369 universam
1521 2342 1586 2377 jam
1607 2342 1677 2370 inde
1690 2342 1730 2370 ab

902 2385 986 2413 initio
1001 2385 1178 2418 describere,
1195 2387 1304 2420 praeter
1317 2384 1408 2420 hujus
1434 2386 1577 2422 temporis
1599 2387 1730 2422 spatium

903 2432 957 2464 est,
973 2432 1001 2458 et
1026 2431 1130 2465 praeter
1154 2429 1301 2457 sermonis
1320 2429 1472 2463 ofﬁcium;
1494 2433 1522 2458 et
1541 2433 1655 2467 quanta
1674 2439 1730 2459 nos

903 2483 1062 2511 perpessos
1086 2474 1189 2502 tertius
1212 2474 1256 2502 sol
1283 2474 1398 2502 viderit.
1421 2477 1454 2503 Et
1476 2475 1598 2511 quidem
1620 2476 1729 2502 horum

902 2520 984 2548 haud
1010 2528 1109 2555 pauca
1133 2519 1355 2555 postulantibus
1378 2520 1530 2547 nonnullis
1549 2519 1660 2547 cursim
1689 2520 1729 2547 si-

904 2564 1123 2600 gniﬁcavimus,
1142 2564 1309 2592 transitoria
1326 2564 1488 2596 narrando,
1505 2563 1563 2591 nisi
1577 2563 1639 2591 haec
1654 2562 1729 2591 forte

903 2612 1033 2636 vestram
1061 2608 1261 2637 curiositatem
1290 2609 1437 2644 fugerunt.
1467 2607 1583 2635 Primus
1612 2607 1729 2635 viarum

903 2657 1003 2682 custos
1019 2653 1138 2681 vexavit
1154 2661 1212 2686 mc,
1227 2652 1514 2689 comprehenditque
1532 2659 1727 2688 persequens,

903 2702 932 2727 et
953 2698 1051 2735 spolia
1069 2698 1178 2732 divisit,
1192 2698 1247 2725 etsi
1266 2697 1459 2733 cupiditatem
1481 2704 1568 2724 suam
1593 2704 1655 2724 non
1680 2705 1730 2725 ex-

902 2743 1003 2780 plevit.
1027 2743 1182 2772 Secundus
1203 2743 1346 2778 vastator,
1369 2741 1467 2777 magis
1490 2741 1592 2772 adhuc
1614 2741 1729 2772 malitia
