1948 3079
266 113 317 142 399

263 175 348 203 cibus
362 175 520 204 annuente.
539 182 557 201 ί)
567 176 652 210 pater
664 175 693 202 et
703 174 818 207 fratres,
834 173 1003 201 desiderata
1014 172 1088 200 mihi
1103 174 1124 200 Α

263 220 406 249 sodalitas
414 223 442 248 et
453 228 573 253 nomen,
583 220 857 255 gregemvidemus,
865 227 929 247 rem
940 219 1012 247 mihi
1020 219 1088 247 cha-

263 265 416 293 rissimam
427 266 455 292 et
462 272 522 300 prm
529 264 670 292 omnibus
678 265 865 292 aestimatam.
875 263 1004 296 Quidni?
1014 272 1088 300 quo-

262 309 346 338 niam
354 317 371 337 a
383 310 442 337 Deo
453 309 526 336 mihi
537 309 695 337 hereditas
703 309 805 341 ista,et
816 309 938 344 quidem
949 309 1086 344 optima’.

300 356 342 381 l2.
365 353 514 381 Hactenus
534 353 605 381 mihi
627 361 725 381 sermo
738 353 822 381 facile
842 352 981 387 decurrit,
997 355 1024 380 et
1043 361 1089 380 or-

263 397 333 426 dine
355 397 447 425 ferme
472 404 528 425 suo
556 397 710 433 processit.
746 398 856 425 Verum
884 405 952 433 quae
984 405 1087 433 super-

264 444 343 476 sunt,
368 450 404 470 ea
432 442 471 470 ab
494 441 552 470 alio
576 442 636 470 dici
658 441 774 476 malim,
798 442 864 477 ipse
881 444 982 469 autem
1002 435 1089 470 silen-

263 487 338 515 tium
359 489 457 515 tenere
474 496 481 519 ;
508 494 579 514 nam
598 494 696 523 neque
720 486 824 521 lingua
849 486 948 522 eloqui
967 487 1085 522 patitur,

263 539 361 568 neque
394 539 504 559 manus
534 531 693 559 scribendo
721 539 846 567 operam
870 531 988 559 facilem
1011 540 1087 567 prea-

264 575 332 604 bet:
350 587 359 600 ε
376 576 440 603 Heu
453 575 535 607 mihi,
548 575 620 611 quia
633 575 780 603 incolatus
794 583 879 603 meus
893 575 1088 611 prolongatus

264 621 348 649 est'l
367 632 378 644 ι
405 623 437 648 ut
455 620 486 647 in
505 620 704 648 exsecrandos
720 619 783 648 dies
797 620 861 655 jam
877 620 1003 648 fortasse
1019 620 1089 648 inci-

265 664 408 700 derimus,
435 664 466 692 in
490 664 599 698 quibus
614 664 677 700 ipse
690 671 812 700 quoque
827 664 1021 692 Antichristus
1031 664 1088 692 for-

265 711 343 738 tasse
353 716 523 737 emersurus
536 711 588 736 est.
600 709 666 736 Jam
675 708 756 736 enim
768 709 869 736 fumus
879 709 945 744 ejus
954 709 1088 737 mordaci

265 763 322 783 nos
336 754 462 782 humore
477 754 610 788 contigit.
627 753 706 781 unde
717 756 745 781 et
763 753 924 790 lacrymari
939 755 1025 789 coepi.
1038 762 1087 781 ne-

265 807 324 835 que
332 798 406 826 dum
413 797 584 834 aplorando
593 797 870 834 desino,ausimque
878 798 975 826 dicere
985 806 1088 826 mene-

265 851 324 879 que
332 843 513 871 desiturum!
525 843 588 870 Heu
596 843 660 878 jam
673 844 776 870 nostra
783 842 862 871 mala
870 842 1054 879 inceperunt,
1062 845 1088 871 et
1103 848 1123 875 Β

265 895 347 916 nunc
361 887 493 923 primum
504 887 629 915 fortasse
642 887 730 914 nobis
740 886 978 915 inﬂammabitur
987 895 1090 924 supre-

265 940 323 960 mae
336 931 513 960 calamitatis
526 931 643 966 fornax,
659 931 781 959 minutis
793 939 938 960 succensa
953 940 1088 960 sarmen-

263 976 300 1004 tis
317 976 323 1003 ε
339 977 442 1004 Nonne
455 975 535 1003 enim
547 975 624 1003 illico
640 975 762 1003 arbores
777 976 926 1012 corripiet,
943 977 1088 1012 quoniam

263 1021 458 1049 sinceriorum
473 1028 594 1057 quoque
609 1020 701 1048 tidem
716 1020 844 1049 Satanas
857 1020 1019 1050 subvertit?
1028 1023 1089 1050 Heu

263 1065 348 1099 mihi,
358 1065 432 1101 quia
440 1065 511 1093 facti
519 1073 625 1092 sumus
637 1065 725 1101 quasi
736 1065 766 1092 in
777 1065 934 1100 principio,
947 1073 1016 1093 cum
1026 1073 1088 1094 non

263 1109 463 1137 dominareris
482 1109 586 1143 nostri,
609 1109 680 1137 dicit
703 1109 855 1144 Scriptura
868 1109 898 1136 ‘!
919 1110 982 1137 Heu
1003 1110 1086 1146 mihi,

263 1153 335 1189 quia
341 1153 634 1188 superfundamento
643 1153 850 1188 apostolorum
859 1153 953 1189 paleae
964 1157 990 1181 et
999 1162 1087 1182 arun-

262 1197 303 1225 do
311 1197 465 1225 rediticatze
477 1200 554 1229 sunt,
563 1200 591 1225 et
603 1197 665 1232 igni
681 1197 781 1225 statim
793 1201 978 1234 consumptae
986 1199 1084 1228 fuere!

262 1243 285 1270 Ο
300 1242 369 1278 quis
383 1242 431 1269 hic
442 1241 652 1276 gemebundus
665 1242 812 1278 propheta
825 1250 881 1270 nos
894 1243 1002 1272 deﬂeat
1011 1246 1087 1273 sicut

261 1286 333 1315 olim
347 1286 511 1314 Jerusalem
526 1287 532 1314 Ξ
552 1288 632 1314 Certe
647 1295 701 1314 nec
716 1295 783 1322 ego,
797 1295 815 1314 ο
832 1295 882 1316 vos
896 1288 948 1323 qui
964 1289 1083 1325 adestis,

260 1339 360 1367 neque
373 1339 471 1359 sermo
481 1339 565 1359 meus
577 1331 708 1359 mendax
719 1333 777 1364 est;
793 1339 865 1365 non,
879 1332 1019 1369 inquam;
1032 1341 1086 1369 per

259 1375 414 1404 fornacem
436 1375 514 1403 hanc
533 1374 602 1410 juro
625 1374 803 1403 calamitatis
827 1383 919 1412 quam
940 1377 1040 1405 media
1054 1378 1084 1406 in

260 1419 365 1447 anima
378 1419 486 1455 recepi.
515 1451 521 1455 _

296 1466 338 1492 i3.
363 1464 407 1492 Ad
426 1464 504 1492 hanc
518 1466 633 1500 partem
654 1464 800 1492 sermonis
815 1472 883 1493 cum
900 1465 1082 1501 devenerim,

258 1508 539 1545 adlacrymandum
548 1511 664 1536 tantum
674 1517 861 1545 permoveor,
870 1513 898 1538 et
908 1510 1008 1539 dolore
1018 1519 1082 1548 per—
1098 1526 1117 1553 ρ

257 1553 371 1586 turbor,
386 1561 442 1581 nec
456 1553 509 1589 qui
524 1554 590 1589 sim,
598 1561 653 1581 nec
668 1553 749 1589 quali
763 1555 933 1583 narratione
944 1558 1019 1589 utar,
1034 1565 1082 1585 ex-

256 1597 353 1634 plico:
370 1597 466 1625 sentio
482 1599 582 1625 autem
593 1606 642 1625 me
657 1598 777 1626 nonnisi
793 1598 919 1635 abrupte
934 1608 997 1628 rem
1011 1609 1081 1629 nar-

255 1644 401 1670 raturum.
413 1643 485 1670 Sum
501 1642 580 1669 enim
596 1650 658 1670 non
672 1642 860 1671 mediocriter
872 1645 1078 1679 conturbatus,

254 1695 354 1723 neque
371 1690 440 1723 pote
455 1689 509 1721 est,
525 1689 557 1714 ut
571 1695 655 1714 mens
671 1687 805 1715 animam
825 1691 923 1724 regat:
948 1700 962 1714 ‹‹
984 1691 1080 1718 Pasto-

254 1731 724 1766 res,inquitScriptura,demoliti
736 1733 929 1761 suntvineam
936 1736 1078 1762 meam‘.»

255 1776 340 1802 Nunc
350 1777 450 1802 autem
465 1775 720 1811 pseudopastores
729 1776 958 1805 desiderabilem
973 1779 1078 1808 Christi

253 1818 423 1854 portionem
448 1818 614 1853 ignominia
638 1819 810 1848 affecerunt.
845 1823 943 1857 Neque
972 1822 1078 1852 dubito

253 1862 414 1895 afﬁrmare,
430 1863 512 1898 quod
528 1863 557 1890 in
569 1863 695 1890 desertis
711 1866 740 1892 et
759 1865 927 1893 carentibus
943 1866 1011 1894 viva
1026 1868 1076 1896 do-

252 1907 354 1935 ctrinae
369 1914 449 1943 aqua
462 1907 546 1941 locis,
562 1910 589 1935 et
601 1907 654 1944 qui
671 1910 756 1936 erant
777 1909 913 1945 impervii
929 1913 1076 1947 evangeli-

252 1951 383 1979 zantium
391 1952 534 1988 speciosis
547 1951 685 1987 pedibus,
696 1960 766 1981 rosa
776 1953 845 1982 fidei
858 1955 1072 1991 efﬂorescebat,

251 2003 288 2023 ex
306 1995 407 2023 radice
430 1995 534 2032 primae
553 1996 600 2023 vix
622 1997 844 2032 praedicationis
865 1999 992 2028 humore
1012 2002 1074 2029 irri-

250 2042 331 2075 guta.
348 2040 429 2068 Unde
439 2042 467 2069 et
480 2048 534 2068 nos
546 2041 672 2069 forsitan
683 2042 723 2069 ad
733 2043 796 2079 ejus
806 2051 940 2072 amorem
957 2047 1071 2075 ascensi

249 2084 373 2119 fuimus,
398 2087 430 2112 ut
455 2085 589 2120 ignotam
612 2086 762 2122 plerisque
790 2095 853 2115 rem
876 2089 1015 2123 revelem,
1045 2094 1072 2120 et

248 2131 473 2157 controversam
486 2129 576 2165 hujus
592 2138 665 2158 mea;
680 2131 928 2167 peregrinationis
945 2142 1070 2164 causam

246 2174 401 2210 aperiam:
418 2182 526 2211 nempe
541 2177 573 2203 ut
588 2183 690 2204 arvum
712 2176 891 2213 inaquOSum
913 2179 943 2207 in
959 2180 1068 2209 sudore

245 2219 344 2247 vultus
363 2220 502 2255 colerem,
525 2223 553 2249 et
578 2229 681 2250 rursus
706 2224 818 2251 struere
840 2224 906 2252 vitae
932 2225 1066 2255 culmum

243 2270 376 2300 possem,
389 2265 436 2292 vel
452 2265 582 2302 antiquae
598 2265 811 2295 damnationis.
827 2268 929 2305 Utique
946 2270 976 2298 id
989 2272 1066 2299 Deus

242 2308 401 2336 concedat!
414 2310 436 2336 si
448 2309 539 2337 modo
546 2310 630 2338 haud
638 2310 765 2339 remisso
774 2312 876 2340 animo
888 2321 991 2342 curam
1004 2324 1067 2343 sus-

240 2353 456 2389 ceptimuneris
464 2354 655 2391 arripuimus,
662 2355 715 2383 zeli
722 2355 868 2385 ﬂamman
874 2359 1051 2388 suscitantes
1057 2381 1064 2389 .

273 2442 318 2470 14.
343 2442 432 2472 Multa
454 2451 523 2471 vero
545 2445 665 2480 tempus
687 2444 793 2479 attulit,
822 2436 889 2482 qua;
911 2456 965 2476 nec
992 2457 1062 2478 enu-

235 2494 352 2515 merare
375 2487 443 2524 quis
471 2487 557 2516 facile
575 2491 676 2524 queat.
706 2490 806 2518 Solent
829 2492 909 2520 enim
928 2495 1062 2531 tempore

232 2538 335 2560 rerum
347 2532 428 2560 vices
440 2540 559 2569 semper
567 2533 719 2566 innovari;
736 2537 788 2562 sed
799 2543 862 2564 rem
876 2536 945 2565 huic
956 2547 1060 2574 parem

231 2582 391 2612 nunquam
404 2576 522 2605 obtulit.
535 2578 575 2605 Ex
587 2585 742 2613 anonyma
753 2580 888 2615 quadam
902 2583 1023 2617 regione
1032 2587 1060 2612 et

230 2626 285 2655 per
297 2620 428 2649 hiemem
441 2629 573 2656 caenosa,
585 2622 766 2651 inﬁdelitatis
782 2624 922 2660 ignobilis
932 2627 1057 2663 quidam

231 2663 352 2698 spiritus
368 2668 548 2702 commotus,
561 2666 618 2695 hoc
631 2667 815 2704 populorum
831 2677 914 2698 mare
934 2676 1056 2700 contur-

264 2752 276 2770 ³
296 2752 373 2782 Psal.
390 2762 437 2787 xv,
452 2757 478 2784 6.

517 2755 529 2773 ⁸
547 2755 624 2785 Psal.
640 2764 716 2792 CXIX,
733 2759 759 2786 5.
798 2757 810 2776 ι
825 2757 882 2787 Isa.
901 2767 982 2795 Lxm,
1004 2764 1048 2791 19.

851 111 1026 139 THEODORI
1047 109 1186 138 ALANl/E
1207 110 1361 138 EPISCOPI

1901 114 1948 142 401]

1145 171 1201 208 ἐμοὶ
1220 177 1316 210 χρῆμα
1334 174 1376 198 καὶ
1395 174 1492 203 παντὸς
1506 175 1648 209 τιμώμενον
1668 172 1744 199 ἄλλου
1761 182 1767 188 ·
1794 178 1849 204 πῶς
1873 176 1927 211 γάρ
1946 182 1948 209 ς

1144 215 1234 246 ἐπειδὴ
1262 219 1334 255 παρα
1361 222 1426 244 Θεοῦ
1446 217 1605 254 κληρονομία
1633 228 1679 254 μοι
1698 220 1776 251 αὕτη,
1793 220 1832 247 εἴη
1858 217 1891 245 δὲ
1908 222 1948 246 καὶ

1143 264 1283 299 κρατίστη.

1179 350 1217 387 ιβ.
1245 353 1333 386 Μέχρι
1354 352 1398 387 μὲν
1425 350 1469 377 οὖν
1501 351 1597 376 τούτων
1626 349 1751 388 εὗδρομος
1780 351 1810 381 ἦν
1842 353 1910 388 ἡμῖν
1938 352 1948 378 ἀ

1141 395 1227 431 λόγος,
1247 397 1291 421 καί
1310 405 1362 425 πως
1386 395 1516 425 εὐτάκτως
1538 397 1692 432 φερόμενος·
1719 397 1752 422 τὰ
1777 394 1803 423 δ’
1831 396 1948 423 ἐντεῦθεν

1143 440 1216 477 ἐτέρφ
1255 439 1348 476 μᾶλλον
1387 439 1528 476 ἐϐουλόμην
1568 440 1700 476 εἰρῆσθαι,
1739 443 1784 467 καὶ
1824 442 1948 477 ἡσυχίαν

1142 486 1214 520 οἴγειν
1229 485 1304 515 αὐτὸς
1317 494 1323 500 ·
1345 485 1403 510 οὔτε
1416 485 1467 521 γὰρ
1484 483 1591 514 ἀνεκτῶς
1605 486 1660 520 ἔχει
1675 484 1756 520 λέγειν
1784 486 1798 514 ἡ
1822 485 1948 521 γλῶσσα,

1142 532 1187 556 καὶ
1203 530 1218 558 ἡ
1240 531 1296 565 χεὶρ
1311 529 1356 555 οὐκ
1375 528 1405 554 ἂν
1420 529 1585 566 ὑπηρετῆσαι
1599 527 1691 566 ῥᾳδία.
1707 540 1721 554 ι(
1736 531 1832 566 Οοῖμοι
1847 530 1853 556 !
1878 531 1920 556 ὅτι
1935 532 1948 559 ἡ

1142 576 1268 610 παροιχία
1293 583 1342 610 μου
1368 573 1526 610 ὶμακρύνθη,
1552 582 1567 599 ι
1594 574 1629 604 ὡς
1650 574 1694 604 τὰς
1721 574 1873 610 ἐπαράτους
1889 576 1948 611 ἠμέ·

1142 628 1189 656 ρας
1205 617 1259 647 ἤδη
1284 617 1447 652 καταλαϐεῖν,
1464 617 1488 643 ἐν
1513 618 1555 648 αἷς
1576 618 1641 649 ἳσως
1660 620 1704 643 καὶ
1724 619 1736 644 ὁ
1759 619 1948 656 Ἀντὶχριστος

1143 662 1339 700 ἐκραγήσηται-
1367 660 1420 691 ἤδη
1442 663 1492 698 γὰρ
1521 661 1647 697 ὀλέκείνου
1673 664 1771 693 καπνός
1789 664 1864 699 ἡμᾶς
1886 662 1948 701 ἔδρα

1142 707 1220 744 μυξεν
1236 718 1241 723 -
1267 707 1308 743 ὑφ’
1334 706 1364 733 οὗ
1388 708 1432 732 καὶ
1459 705 1580 742 δακρύων
1609 706 1758 744 ἀρξάμενος,
1788 707 1948 744 ἐπαυσάμην

1143 750 1255 784 οὖδέπω,
1278 754 1323 777 καὶ
1342 752 1465 787 πείθομαι
1479 750 1559 786 λέγειν
1572 749 1633 777 οὐδὲ
1646 753 1830 788 πεπαύσομαι,
1843 755 1925 789 Οῖμοι
1942 753 1946 780 ἔ

1143 797 1183 823 ὅτι
1199 796 1240 833 ἀφ’
1252 798 1323 833 ἡμῶν
1337 796 1484 833 κατήρξατο
1499 797 1531 822 τὰ
1547 794 1620 822 δεινά
1634 806 1640 813 ·
1657 798 1702 822 καὶ
1721 797 1796 832 τάχα
1818 807 1850 833 γε
1875 803 1948 834 πρὼ-

1142 852 1183 868 τον
1203 842 1265 877 ἡμῖν
1284 841 1499 876 ὑπαναφθὴσεται
1523 843 1568 866 καὶ
1595 840 1610 869 ἡ
1636 844 1683 871 τῆς
1703 839 1823 876 ἐσχάτης
1846 851 1948 878 συμφο-

1142 890 1190 924 ρᾶς
1210 887 1328 923 κάμινος,
1357 888 1461 922 μικροῖς
1489 885 1697 921 ὑπανακαιομένη
1724 887 1872 923 φρυγάνοις
1888 898 1895 903 -
1920 887 1948 913 οὗ

1141 933 1191 968 γὰρ
1206 931 1236 957 ἂν
1256 931 1329 961 εὐθὺς
1347 935 1397 957 τῶν
1417 928 1531 966 δένδρων
1552 929 1686 966 ἐφάψοιτο,
1714 929 1804 960 ἐπειδὴ
1832 934 1881 958 καὶ
1901 937 1948 958 τῶν

1142 975 1311 1013 ἂφελεστέρων
1332 977 1378 1004 τὴν
1397 977 1487 1000 πίστιν
1515 974 1681 1006 ὑποσκελίζει
1709 976 1721 1001 ὁ
1746 978 1874 1006 Σατανᾶς.
1906 977 1948 1002 Οἱ-

1142 1030 1186 1057 μοι
1201 1020 1206 1047 !
1232 1020 1273 1046 ὃτι
1291 1019 1445 1055 ἐγενήθημεν
1468 1020 1502 1049 ὡς
1521 1020 1550 1045 τὸ
1570 1018 1614 1045 ἀπ’
1636 1018 1732 1056 ἀρχῆς,
1748 1021 1790 1046 ὅτε
1802 1020 1851 1046 οὐκ
1867 1019 1948 1058 ἧρξας

1142 1067 1225 1102 ἡμῶν,
1250 1066 1329 1101 φησὶν
1355 1064 1370 1093 ἡ
1392 1065 1491 1100 Γραφὴ.
1516 1063 1612 1099 Οἲμοιξ
1639 1064 1679 1090 ὃτι
1705 1064 1748 1091 ἐπὶ
1774 1068 1810 1100 τῷ
1837 1065 1948 1102 θεμελίῳ

1140 1114 1190 1136 τῶν
1220 1108 1370 1136 ἀποστόλων
1403 1109 1495 1145 ἄχυρα
1526 1111 1571 1134 καὶ
1603 1108 1706 1145 καλάμη
1742 1108 1945 1146 ἐπῳκοδόμητο,

1141 1158 1186 1181 καὶ
1204 1159 1240 1190 τῷ
1254 1156 1318 1192 πυρὶ
1338 1153 1413 1184 εὐθὺς
1429 1152 1462 1183 εἰς
1481 1151 1592 1189 φροῦδον
1611 1152 1720 1188 ἐγένετο.
1744 1152 1779 1179 ’Ὠ
1797 1156 1839 1185 τῖς
1854 1154 1948 1181 ivra-3'

1142 1200 1174 1225 θα
1199 1200 1355 1235 θρηνητικος
1378 1199 1513 1234 προφήτης
1537 1199 1580 1223 καὶ
1595 1195 1754 1234 ἀπωδῦρατο
1774 1198 1805 1224 ἂν
1826 1199 1900 1235 ἡμᾶς
1915 1202 1946 1230 ὡς

1140 1246 1186 1273 τὴν
1211 1241 1399 1279 Ἰερουσαλήμί
1429 1242 1473 1273 Ὠς
1504 1242 1595 1278 ἔγωγε,
1625 1240 1644 1267 ὦ
1672 1244 1806 1280 παρόντες,
1839 1247 1889 1270 καὶ
1915 1244 1943 1270 οὗ

1139 1286 1241 1323 ψευδὴς
1260 1288 1272 1314 ὁ
1297 1287 1383 1322 λόγος,
1405 1286 1433 1312 οὐ
1453 1287 1491 1322 μὰ
1509 1288 1556 1315 τὴν
1569 1287 1677 1322 κάμινον
1696 1291 1743 1318 τῆς
1758 1292 1900 1325 συμφορᾶς
1914 1290 1942 1317 ἡν

1139 1331 1266 1368 ἐδεξάμην
1280 1334 1346 1358 ιατὰ
1361 1333 1441 1368 μέσης
1455 1331 1535 1366 ψμχῆ
1543 1340 1562 1361 ς,

1175 1465 1218 1502 ιγ’.
1242 1466 1369 1493 Ἐνταῦθα
1392 1468 1439 1491 τοῦ
1461 1464 1539 1500 λόγου
1560 1467 1702 1501 γενόμενος,
1717 1467 1794 1502 μόνον
1815 1464 1941 1504 δακρύειν

1136 1514 1341 1548 παρακινοῦμαι,
1363 1512 1408 1536 καὶ
1434 1510 1485 1536 ὑπὸ
1513 1513 1559 1536 τοὺ
1578 1510 1678 1541 πάθους
1699 1512 1884 1547 συγκέχυμαι,
1898 1515 1942 1538 καὶ

1136 1556 1183 1582 οὐκ
1204 1557 1258 1591 ἔχω
1282 1557 1320 1586 τίς
1342 1557 1455 1591 γένωμαι
1476 1556 1520 1581 καὶ
1546 1555 1616 1586 ὃπως
1633 1559 1669 1590 τῷ
1695 1553 1848 1592 διηγήματι
1872 1560 1941 1592 χρή-

1137 1610 1224 1636 σωμαι
1236 1611 1242 1617 -
1258 1602 1303 1626 καὶ
1327 1598 1389 1626 οἴδα
1404 1600 1437 1630 ὡς
1459 1597 1629 1636 ἇδιάρθρωτά
1647 1609 1691 1636 μοι
1705 1601 1738 1626 τὰ
1752 1604 1796 1626 τοῦ
1813 1603 1940 1637 πράγμα-

1133 1655 1176 1676 τος
1194 1645 1371 1674 λαληθήσεται
1383 1653 1389 1659 “
1406 1645 1461 1680 ἔχω
1485 1645 1535 1681 γὰρ
1551 1643 1580 1670 οὗ
1600 1645 1643 1670 τὸν
1662 1647 1778 1680 τυχόντα
1803 1645 1916 1682 Θὰρυεον
1931 1657 1936 1663 ·

1134 1687 1192 1715 οὐδ’
1208 1689 1231 1715 ἐν
1247 1690 1300 1725 ὃσῴ
1311 1688 1441 1725 χυϐερνῴη
1457 1689 1470 1714 ό
1485 1692 1542 1719 νοῦς
1556 1690 1603 1718 τὴν
1616 1688 1719 1725 ψυχήν.
1735 1699 1749 1714 ε(
1765 1692 1900 1726 Ποιμένςς,
1925 1702 1933 1715 ι

1133 1737 1209 1770 φησὶ,
1225 1746 1236 1759 ι
1254 1733 1400 1771 διέφθειράν
1417 1743 1466 1769 μου
1480 1735 1526 1762 τὴν
1542 1733 1655 1770 ἄμπελον
1666 1744 1672 1750 ·
1692 1745 1703 1758 ι
1720 1737 1776 1760 νυνὶ
1790 1732 1821 1760 δὲ
1836 1734 1934 1770 ψευδο-

1131 1781 1250 1815 ποιμένις
1268 1781 1314 1808 τὴν
1341 1779 1503 1814 επιθυμητὴν
1531 1781 1647 1815 Χριστοῦ
1671 1777 1768 1815 μερίδα
1789 1782 1934 1816 κατῄσχη-

1131 1833 1184 1849 ναν.
1215 1826 1265 1850 Καὶ
1291 1823 1337 1849 οὐκ
1366 1822 1396 1849 ἂν
1420 1822 1562 1859 ὀκνήσαιμι
1585 1822 1666 1858 λέγειν
1692 1823 1732 1848 ὅτι
1758 1822 1783 1849 ἐν
1817 1823 1932 1860 Eprium;

1130 1871 1174 1894 καὶ
1199 1866 1323 1904 ἀνύδροις
1355 1869 1445 1897 τόποις
1469 1871 1514 1893 τοῦ
1547 1871 1593 1897 τῆς
1622 1865 1800 1898 διδασκαλίας
1834 1867 1934 1899 ὕδατος

1131 1913 1235 1947 ζῶντος,
1278 1915 1322 1939 καὶ
1365 1911 1471 1943 ἀϐάτοις
1513 1915 1566 1943 τοῖς
1604 1915 1654 1937 τῶν
1695 1912 1932 1949 εὐαγγελιζομένων

1129 1959 1229 1994 ὡραίοις
1258 1960 1331 1992 ποσί,
1360 1958 1388 1983 τὸ
1412 1955 1490 1994 ροὸον
1519 1957 1591 1985 ἤνθει
1621 1960 1669 1988 τῆς
1700 1959 1822 1990 πίστεως,
1855 1961 1931 1993 μόνον

1127 2003 1177 2028 ὑπὸ
1204 2007 1252 2033 τῆς
1278 2002 1353 2039 ῥίζης
1383 2005 1428 2027 τοῦ
1456 2003 1560 2037 πρώτου
1589 2002 1756 2037 κηρύγματος
1783 1999 1931 2039 ἁρδευόμε-

1127 2057 1186 2073 νον·
1207 2047 1248 2083 ὑφ’
1275 2045 1305 2072 οὗ
1329 2047 1402 2081 τάχα
1424 2048 1469 2072 καὶ
1490 2046 1564 2082 ἡμεῖς
1591 2047 1656 2083 πρὸς
1680 2046 1764 2083 ἔρωτα
1786 2045 1930 2075 ἀνι-καυθη-

1126 2102 1180 2128 μεν,
1209 2092 1250 2117 ἶνα
1277 2092 1305 2117 τὸ
1329 2089 1430 2120 πολλοῖς
1463 2089 1609 2127 ἀπόρρητον
1635 2088 1784 2125 ἐκκαλύψω,
1806 2094 1854 2117 καὶ
1882 2093 1928 2120 τὴν

1126 2136 1319 2172 ἀντιλεγομένην
1358 2135 1443 2161 αἰτίαν
1480 2139 1527 2165 τῆς
1565 2134 1629 2170 ἐμῆς
1665 2135 1763 2164 ταύτης
1796 2133 1929 2171 ἐκδημίας

1124 2180 1316 2212 ὑπαναπτύξω-
1350 2179 1371 2205 εὶ
1404 2181 1582 2216 φυτηκομοίην
1610 2181 1735 2216 γεώργιον
1761 2177 1877 2215 ἄνυδρον
1903 2180 1927 2206 ἐν

1125 2225 1217 2264 ἱδρῶτι
1231 2228 1384 2263 προσώπου,
1398 2227 1442 2250 καὶ
1458 2228 1504 2255 τῆς
1521 2224 1591 2254 ζωῆς
1613 2222 1814 2259 ἐκκαλαμᾶσθσιι
1829 2222 1926 2250 δυναί-

1122 2281 1173 2308 μην
1199 2273 1241 2297 τὸν
1270 2271 1391 2306 ἄσταχυν
1418 2269 1538 2306 ἔμπαλιν,
1561 2269 1574 2298 ᾖ
1597 2269 1626 2294 τὸ
1643 2271 1688 2297 τῆς
1712 2267 1826 2298 παλαιάς
1845 2278 1925 2294 κατα-

1120 2318 1239 2353 κρίσεως.
1262 2319 1329 2342 Θεοῦ
1359 2314 1388 2341 δὲ
1412 2316 1450 2344 εἴη
1474 2313 1516 2346 ἂν,
1545 2313 1567 2339 εἰ
1591 2314 1636 2338 καὶ
1656 2316 1702 2342 τῆς
1720 2313 1873 2349 προθυμίας
1894 2313 1923 2339 οὐ

1120 2360 1237 2397 δεύτεροι
1263 2360 1431 2397 ἀπαντῴημεν
1456 2359 1479 2385 ἄν
1508 2362 1539 2394 τῇ
1565 2357 1656 2394 μελέτῃ
1686 2360 1731 2383 τοὺ
1760 2356 1924 2394 ἐπαγγέλμα-

1117 2411 1172 2440 τος,
1185 2407 1213 2432 το
1224 2409 1274 2441 πῦρ
1291 2405 1371 2435 ζήλου
1387 2405 1601 2432 ὑπανακαίοντες.

1154 2448 1197 2478 ιδ’.
1218 2450 1327 2486 "HW/xc
1340 2450 1385 2486 μὲν
1401 2446 1444 2474 οὖν
1464 2449 1477 2474 ὁ
1492 2449 1586 2485 χρόνος
1607 2445 1699 2478 πολλὰ,
1723 2447 1769 2471 καὶ
1791 2446 1844 2472 ὃσα
1877 2456 1922 2484 περ

1116 2493 1173 2522 οὐδ’
1199 2494 1229 2520 ἂν
1251 2494 1398 2531 ἀριθμῆσαί
1426 2503 1466 2524 τις
1489 2494 1548 2528 ἔχοι
1575 2491 1637 2529 ῥᾷον
1655 2501 1661 2507 ·
1687 2494 1854 2526 καινοτομεῖν
1872 2493 1922 2527 γὰρ

1115 2540 1189 2570 οὗτος
1204 2537 1259 2565 οἶδε
1278 2540 1311 2564 τὰ
1323 2539 1482 2576 πράγματα·
1509 2540 1578 2563 τοῖον
1602 2534 1632 2562 δὲ
1658 2533 1783 2561 οὐδέποτε
1804 2537 1919 2571 ἤνεγκεν.

1115 2584 1157 2616 Ἐξ
1188 2583 1322 2620 ἀνωνύμου
1354 2585 1445 2619 χώρου
1480 2582 1555 2609 ποθεν
1587 2583 1634 2606 καὶ
1664 2577 1848 2615 τελματώὸους
1885 2584 1919 2614 τῷ

1113 2633 1224 2665 χειμῶνι
1247 2632 1293 2659 τῆς
1322 2627 1444 2657 ἀπιστίας
1469 2626 1568 2662 ἀγεννές
1597 2635 1623 2652 τι
1644 2628 1746 2660 πνεῦμα
1765 2623 1917 2660 ἐκτιναχθὶν

1110 2676 1157 2703 τὴν
1174 2677 1224 2699 τῶν
1248 2673 1326 2699 ἐθνῶν
1350 2674 1446 2701 ταύτην
1467 2669 1604 2708 διετάραξε
1629 2668 1776 2701 θάλασσαν,
1807 2671 1852 2694 καὶ
1875 2670 1916 2696 τήν

1146 2763 1156 2780 ⁵
1175 2763 1281 2792 Jerem.
1301 2769 1348 2797 xu,
1370 2761 1416 2790 to.
