1948 3079
243 130 295 159 403

840 126 1016 155 THEODORI
1035 126 1173 155 ALANl/E
1192 126 1345 155 EPISCOPI

1886 126 1948 154 ωε

243 194 440 230 praeceptum,
457 193 488 220 ut
501 199 611 219 manus
627 191 685 219 cito
699 188 814 218 nemini
830 189 1026 226 imponantur
1036 190 1046 207 τ
1059 190 1073 218 7

1131 191 1163 215 Τί
1176 189 1225 225 γὰρ
1246 189 1261 217 ἡ
1276 192 1322 215 τοῦ
1339 188 1457 221 Παύλου,
1474 189 1502 219 ὅς
1522 186 1619 225 μηδενί
1638 192 1732 226 χεῖρας
1757 190 1862 224 ταχέως
1886 188 1948 214 Eru-

243 239 280 265 At
291 237 346 265 iste
361 237 438 265 intra
454 244 568 273 paucos
579 236 655 270 dies,
675 235 870 263 formicarum
885 233 976 262 veluti
1005 242 1072 262 exa-

244 290 313 310 men
332 281 502 310 sacerdotes
513 281 625 310 emisit:
640 283 668 309 et
681 280 738 308 hos
753 280 867 315 viginti,
884 279 967 308 aiunt
980 280 1018 307 ab
1029 284 1073 308 ‘eo

244 329 394 362 tanquam
417 326 515 362 equite
539 327 735 362 praetereunte
773 324 938 356 ordinatos,
975 332 1074 360 pauca

244 371 323 399 intra
336 370 440 399 dentes
455 371 629 408 neminique
640 369 790 398 intellecta
813 371 1030 405 murmurante,
1047 371 1076 397 et

245 417 323 443 certe
336 415 426 443 labiis
449 415 572 444 minime
595 414 722 451 prolata.
747 413 828 442 Alios
855 414 1076 450 quinquaginta

251 460 325 488 dum
337 460 421 488 cibus
437 460 467 487 in
478 467 585 488 mensa
597 458 762 491 manderet,
777 461 806 486 et
819 458 942 487 calicem
971 466 1076 486 manu-

250 506 381 533 teneret:
397 504 472 533 alios
487 504 561 532 dum
587 506 678 532 noctu
701 504 732 531 in
757 503 834 532 lecto
850 503 971 539 jaceret.
1003 504 1076 531 Sunt

247 549 328 578 enim
343 549 395 586 qui
412 549 477 578 diro
489 557 558 577 eum
571 549 745 585 juramento
758 547 919 582 afﬁrmant,
939 555 1008 576 eum
1038 556 1075 576 ne

248 593 285 622 de
297 593 375 622 lecto
386 593 509 630 quidem
517 592 738 622 consurrexisse
751 592 808 621 Sed
816 601 870 620 cur
879 592 967 629 plura
977 592 1076 629 inqui-

245 646 324 673 ram,
340 637 413 666 mihi
429 637 552 674 quidem
564 637 637 666 haut
652 637 734 665 dictu
744 637 853 672 facilia,
864 637 951 665 vobis
974 639 1076 666 autem

247 683 440 712 audientibus
455 682 674 712 intolerabilia?
684 682 816 719 Denique
827 682 874 710 his
891 683 975 718 actis,
987 681 1076 710 diffu-

247 728 289 764 git
299 728 330 756 in
346 728 491 763 Lazicam,
502 727 610 763 ligonis
625 729 671 756 sui
685 735 790 756 rursus
797 727 934 764 cupidus.
947 729 1010 756 Non
1022 729 1075 761 est,

247 775 281 802 ut
290 776 374 810 puto,
381 773 474 801 homo
489 772 609 808 ignotus
618 771 836 801 mercatoribus
847 771 999 801 nonnullis
1006 771 1076 800 illuc

247 817 500 846 commeantibus.

287 864 331 891 l7.
349 862 448 890 Sentio
458 862 600 898 equidem
611 861 721 890 multas
736 860 983 896 interrogationes
994 861 1076 898 apud
1091 865 1111 892 Β

246 914 302 935 vos
312 906 365 942 qui
378 906 487 935 auditis
512 909 700 934 commotum
723 905 759 934 iri
785 905 824 933 ab
842 905 901 933 hoc
926 913 1074 934 sermone.

196 963 199 965 >
246 951 305 979 Alii
321 953 421 979 autem
432 958 470 979 ne
482 950 539 979 sibi
553 951 677 987 quidem
701 950 875 987 persuaderi
907 950 1075 987 patientur;

246 995 278 1023 id
295 995 378 1032 quod
391 995 485 1031 probe
497 1003 641 1031 agnosco,
657 995 731 1023 dum
739 995 997 1023 meaeumvestris
1010 1003 1077 1023 com

245 1047 332 1077 paro.
361 1041 436 1068 Nam
457 1047 513 1068 nec
542 1047 598 1076 ego
624 1040 734 1068 auditis
750 1039 850 1068 statim
878 1039 1004 1073 credidi;
1023 1048 1077 1076 per

247 1085 342 1114 otium
362 1085 460 1120 primo
474 1085 540 1113 haec
554 1084 696 1118 intellexi,
707 1084 816 1113 deinde
837 1092 908 1112 vero
930 1087 960 1112 et.
983 1084 1078 1113 multa

249 1129 465 1164 interrogando
480 1129 620 1165 cognovi.
639 1130 695 1158 Sed
711 1129 753 1157 ita
775 1129 860 1157 facile
888 1129 942 1156 fuit
968 1129 1076 1157 volenti

248 1173 403 1210 decipere;
420 1175 448 1202 et
463 1174 504 1202 sic
519 1174 626 1211 lupum
651 1173 858 1210 sequebantur
881 1182 964 1206 oves,
987 1174 1076 1210 quasi

247 1217 399 1246 neminem
414 1226 549 1255 unquam
561 1218 706 1247 vidissent
717 1218 986 1254 pastoremJneque
999 1218 1076 1254 ejus-

249 1262 319 1290 dem
335 1271 440 1291 vocem
456 1263 621 1292 audissent.
640 1263 715 1296 Quid
736 1263 827 1291 vero?
842 1271 941 1290 nonne
958 1263 996 1290 ab
1013 1263 1075 1290 heri

248 1310 276 1335 et
290 1307 507 1336 nudiustertius
524 1308 662 1343 egregius
679 1308 727 1336 hic
755 1311 857 1343 pastor
872 1311 934 1335 erat
948 1310 962 1335 ?
976 1315 1076 1336 nonne

247 1351 342 1388 ipsius
357 1353 566 1389 episcopatum
592 1353 797 1381 inordinatum
817 1352 976 1380 sciebant?
1003 1352 1076 1381 Rem

247 1399 325 1425 certe
336 1397 419 1425 haud
432 1397 594 1425 obscuram
604 1405 701 1433 neque
715 1405 775 1425 non
782 1397 972 1425 maniiestam
983 1397 1076 1433 pluri-

247 1441 322 1470 bus:
339 1443 392 1470 etsi
406 1444 507 1471 autem
518 1442 602 1470 haud
615 1442 769 1471 omnibus.
782 1441 987 1470 sacerdotibus
996 1444 1074 1470 certe

248 1485 301 1522 qui
317 1485 540 1514 ordinationem
551 1486 590 1514 ab
604 1494 639 1514 eo
660 1489 871 1522 susceperunt.
895 1486 1075 1514 Alterutrum

246 1530 347 1568 itaque
361 1539 426 1559 esse
442 1533 575 1568 oportet:
601 1531 650 1559 vel
678 1531 757 1559 enim
783 1530 965 1566 nesciebant,
991 1531 1074 1567 quod

248 1578 293 1604 est
306 1576 491 1610 incredibile,
519 1585 590 1604 nam
606 1576 658 1613 qui
688 1577 826 1611 ignorare
846 1578 994 1612 poterant,
1020 1577 1073 1613 qui

248 1621 361 1657 experti
376 1623 460 1649 sunt?
473 1621 520 1649 vel
528 1621 622 1654 aliter,
632 1621 662 1650 id
675 1623 729 1653 est,
743 1629 807 1649 rem
822 1621 972 1654 sciebant;
983 1624 1011 1649 et
1022 1629 1074 1650 cur

247 1665 290 1694 sic
315 1674 463 1700 magnum
506 1665 674 1694 chrismatis
702 1666 858 1700 negotium
887 1667 1072 1702 spreverunt,

247 1712 338 1746 atque
353 1710 392 1738 ab
403 1718 438 1738 eo
452 1711 580 1744 gratiam
591 1710 743 1746 suscipere
758 1711 911 1747 putarunt,
927 1710 979 1746 qui
1000 1710 1074 1738 nihil

249 1762 358 1783 sanum
373 1755 527 1783 habebat?
539 1755 705 1783 Praesertim
727 1755 799 1791 quia
825 1757 895 1783 sunt
926 1755 1074 1789 nonnulli,

249 1798 302 1835 qui
311 1799 402 1827 trium
418 1799 631 1836 episcoporum
646 1799 869 1827 successionem
884 1799 1033 1834 viderunt,
1048 1802 1076 1828 et

248 1851 384 1872 nuncme
394 1846 547 1880 quartum;
558 1844 782 1881 quietinsignia
797 1844 901 1878 magni
917 1844 1075 1872 sacerdotii

249 1887 306 1916 illis
319 1888 521 1924 exponebam,
538 1889 600 1916 sive
615 1888 706 1916 obvia
716 1888 746 1916 in
757 1888 891 1916 vestibus
907 1889 970 1917 sive
980 1889 1009 1916 in
1026 1889 1075 1918 be-

247 1933 338 1960 matis
351 1935 458 1961 ornatu
470 1941 476 1960 :
487 1941 556 1969 qua:
572 1933 712 1961 omnibus
727 1932 828 1970 palam
844 1933 1032 1970 prostabant,
1043 1936 1076 1962 ut

249 1977 321 2005 inde
348 1977 524 2014 episcopum
551 1980 757 2013 agnoscerent.
787 1978 902 2006 Gradus
927 1979 1016 2007 etiam
1030 1979 1075 2015 ip-

250 2022 291 2050 sis
306 2022 533 2057 enumerabam,
546 2022 657 2058 quibus
673 2022 698 2050 is
710 2024 904 2059 promovetur
914 2023 966 2059 qui
979 2031 1070 2051 sacer

249 2066 332 2094 dotio
348 2067 504 2094 iuncturus
515 2069 570 2095 est.
596 2067 676 2100 limo,
703 2067 838 2104 inquam,
864 2069 892 2095 et
923 2068 969 2096 his
987 2067 1074 2104 plura

249 2111 323 2139 mihi
338 2111 517 2147 suadebant,
533 2119 571 2140 ne
593 2120 641 2139 me
654 2114 791 2140 accurate
807 2114 928 2148 tuthue
942 2120 1005 2139 rem
1021 2120 1074 2140 au-

250 2155 330 2183 disse
357 2155 528 2190 crederem;
559 2156 611 2184 sed
636 2156 818 2192 imperitiam
838 2155 1026 2184 damnabam
1047 2158 1075 2184 et

250 2199 341 2227 taedio
352 2199 505 2228 habebam
520 2200 591 2229 talia
602 2203 769 2230 narrantes.
778 2200 835 2229 Sed
842 2201 950 2229 auditis
964 2208 1074 2229 sermo-

249 2243 339 2272 nibus
354 2244 464 2279 agnovi
474 2247 579 2280 postea
591 2253 652 2274 non
664 2248 774 2274 temere
784 2245 875 2274 fidem
887 2245 1071 2273 adhibuisse.

291 2290 330 2316 l8.
347 2289 424 2316 Num
437 2297 508 2325 ergo
522 2290 635 2325 videar,
652 2290 676 2318 si
706 2299 877 2318 sermonem
900 2290 1074 2318 confusione

251 2332 388 2369 spoliem,
403 2342 505 2362 meum
522 2335 560 2363 ad
575 2343 629 2363 vos
643 2334 809 2372 alloquium
820 2335 898 2371 juste
912 2334 1074 2370 reﬁngere?

249 2377 339 2413 Atqui
352 2377 528 2413 hujusmodi
542 2387 603 2407 non
617 2381 662 2407 est
676 2380 723 2407 lex
749 2379 944 2416 loquentibus
962 2379 1071 2415 posita.

248 2420 415 2451 Voluissem
425 2426 524 2451 autem
533 2424 572 2451 ab
586 2423 646 2452 alio
654 2424 753 2461 potius
763 2432 857 2460 quam
867 2424 1008 2452 amehaac
1020 2431 1073 2452 ves

249 2466 364 2501 audire,
381 2469 471 2504 atque
486 2468 529 2496 ita.
543 2468 573 2496 in
593 2468 695 2497 abdito
709 2469 810 2497 denuo
840 2476 985 2505 reponere
1008 2476 1072 2496 ora-

247 2511 375 2546 tionem;
391 2512 624 2547 publicarevero
637 2513 740 2542 litteris
755 2514 813 2542 hoc
829 2514 984 2549 negotium
1011 2521 1073 2542 non

247 2557 401 2585 auderem.
419 2559 485 2593 lpse
501 2565 590 2594 porro
601 2561 807 2587 accusatorem
820 2566 868 2586 me
877 2565 978 2594 gerere
991 2558 1074 2586 haud

246 2600 356 2629 didici:
372 2608 470 2637 neque
481 2602 617 2637 judicare
638 2602 729 2631 velim
753 2603 927 2638 evangelico
958 2602 1072 2630 monito

246 2645 473 2682 obtemperans;
489 2654 561 2674 nam
570 2647 622 2675 ubi
636 2655 736 2676 sermo
751 2648 881 2683 volucer,
895 2647 936 2676 ibi
949 2649 978 2675 et
989 2646 1074 2674 dam-

245 2691 328 2718 natio
343 2690 407 2718 alas
419 2691 510 2719 sumit
533 2692 557 2720 ε.
578 2692 697 2721 Interim
711 2693 776 2721 hac
798 2695 866 2721 sunt
882 2694 958 2723 acta,
982 2693 1074 2728 atque

246 2733 305 2762 hoc
320 2735 512 2771 benignitatis
524 2744 633 2772 genere
648 2746 703 2766 nos
716 2746 789 2773 grex
804 2737 930 2774 excepit.
941 2737 1071 2765 Exterius

282 2778 292 2798 ⁷
308 2779 403 2809 lTim.
419 2789 448 2815 v,
464 2783 509 2809 22.
527 2781 537 2798 '
550 2782 648 2810 Matth.
670 2791 719 2818 vn,
735 2784 760 2811 1.

1131 233 1229 260 τιθέναι
1247 234 1395 269 νομοθετεῖς
1418 232 1485 259 Ἀλλ’
1505 232 1580 263 οὗτος
1606 234 1707 269 ἡμερῶν
1733 232 1873 269 ὀλιγοστὺῐ
1904 243 1948 258 τι-

1131 282 1179 304 νῶν
1207 279 1358 314 μυρμηκιὰς
1392 280 1478 315 ἱερέων
1512 279 1573 314 ἡμῖν
1600 277 1701 313 ἁνίῳξε⁸
1731 280 1775 306 τήν
1803 275 1948 304 εἰκοσάδα

1130 324 1226 352 ταῦτην
1258 325 1336 359 φασὶν
1359 321 1485 359 παρόδιος
1511 324 1620 353 ἱππότης
1648 322 1842 359 ἐχειροτόνησε,
1870 325 1948 359 μίκρ

1131 368 1196 394 ἅττα
1220 367 1366 405 ψιθυρίσας
1391 370 1436 394 καὶ
1462 366 1619 394 ὑποδόντινα
1655 369 1701 393 καὶ
1736 369 1799 399 τέως
1819 366 1945 396 ἀνήκου-

1132 422 1190 440 στα.
1213 416 1262 438 τῶν
1275 413 1326 449 γάρ
1348 412 1454 448 χειλέων
1471 410 1538 441 ἦσαν
1564 412 1701 449 ἆνίκφορα’
1715 414 1759 438 καὶ
1775 413 1835 441 τὴν.
1874 421 1948 438 πθ-

1130 455 1281 486 τηκοντάδα
1322 456 1428 492 ἐκείνην,
1467 455 1684 493 διαμασσώμενος
1719 456 1761 482 ἐπὶ
1787 456 1942 493 τραπέζης,

1129 504 1174 528 καὶ
1189 505 1220 538 τῇ
1246 504 1318 538 χειρὶ
1341 501 1528 540 κνλικοφορῶν⁶
1550 501 1647 539 ἐτέρους
1674 502 1774 538 νύκτωρ
1798 500 1842 528 ἐπὶ
1852 511 1948 537 στρω-

1130 549 1206 582 μνῆς,
1234 545 1351 576 Ἑαυτοῖς
1376 545 1521 583 ἐπαρῶνται
1555 547 1589 572 τὰ
1615 544 1734 583 φρικώδη
1765 546 1790 572 οὶ
1818 545 1945 581 λέγοντες

1130 593 1164 622 ὡς
1197 589 1259 617 οὐδε
1284 595 1330 621 τῆς
1357 593 1447 622 κοίτης
1466 591 1672 627 ἐξανιστάμενος.
1708 593 1758 617 Καὶ
1790 592 1819 616 τί
1842 591 1878 617 οἷν
1912 592 1948 616 τὰ

1130 635 1209 662 πλείω
1221 634 1386 673 διερευνώην,
1401 635 1458 672 ἐμοι
1473 645 1500 662 τε
1518 636 1598 673 λέγειν
1628 635 1657 662 οὐ
1675 633 1768 673 ῥᾴδια,
1799 638 1846 662 καὶ
1877 636 1945 671 ὑμῖν

1131 679 1232 707 ἀκούειν
1249 681 1278 706 οὐ
1312 682 1431 718 φορητά;
1461 683 1527 711 Τέως
1555 682 1622 707 οὕτω
1643 679 1755 718 δράσας,
1791 679 1862 706 οὓτω
1896 682 1945 706 καὶ

1131 724 1302 762 διαπέφευγεν
1329 725 1354 752 ἐν
1374 729 1405 761 τῇ
1432 725 1549 762 Λαζικῇ,
1574 728 1618 752 καὶ
1641 725 1718 752 πάλιν
1739 729 1770 761 τῇ
1810 726 1940 761 σκαπάνῃ

1131 770 1349 807 φιλοτιμούμενος·
1380 770 1409 797 οὗ
1433 771 1483 808 γάρ
1508 770 1578 796 ἔστιν
1605 769 1704 806 ἀφανὴς
1725 769 1778 796 ἕκιῖ
1801 767 1943 806 παροδεύ-

1130 825 1204 841 ουσιν
1218 814 1340 851 ἐμπόροις
1353 815 1418 846 ἳσω⁸ς
1427 817 1507 842 τισίν.

1167 859 1208 890 ιζ.
1239 858 1310 886 Οἶδα
1330 861 1375 896 μὲν
1403 859 1450 886 σῦν
1472 861 1512 885 ὅτι
1539 858 1635 889 πολλὴν
1663 861 1710 888 τὴν
1729 863 1822 886 πεῦσιν
1846 857 1942 885 ὡδίνει

1130 906 1196 941 πρὸς
1226 908 1308 930 ταῦτα
1335 909 1385 930 τῶν
1410 905 1610 942 ἀκροασαμένων
1636 905 1717 940 ὑμῶν,
1743 903 1762 930 ὦ
1798 906 1940 941 παρόντες,

1131 949 1216 985 λόγος·
1247 951 1291 975 καὶ
1313 953 1363 975 ποῦ
1385 958 1417 985 γε
1439 951 1484 975 καὶ
1496 949 1520 975 οἳ
1542 947 1600 974 οὐδ’
1629 949 1659 974 ἄν
1685 950 1810 984 ἆνέγκοιιν
1831 950 1863 974 τὸ
1894 957 1939 974 πι-

1131 994 1247 1020 πεῖσθαν
1264 996 1309 1020 καὶ
1330 991 1402 1028 οἶδα,
1428 997 1482 1024 τοῖς
1509 995 1579 1030 ὶμοῖς
1600 996 1771 1029 παραμετρῶν
1792 994 1827 1018 τὰ
1845 993 1939 1029 ὑμέτε-

1133 1047 1177 1075 ρα·
1194 1038 1223 1064 οὐ
1238 1040 1289 1076 γὰρ
1309 1037 1366 1064 οὐδ’
1387 1038 1465 1068 αὐτὸς
1480 1038 1556 1068 εὐθὺς
1574 1037 1733 1073 ἐπεπείσμην
1760 1038 1866 1074 μαθών·
1890 1037 1938 1074 ἁρ-

1130 1088 1183 1120 γῶς
1210 1093 1237 1110 τε
1261 1085 1294 1109 τὰ
1318 1087 1410 1121 πρῶτα
1424 1085 1481 1120 περὶ
1501 1084 1598 1109 τούτων
1618 1082 1730 1112 ἤκουσα·
1756 1082 1811 1109 ἐπεὶ
1838 1081 1870 1109 δὲ
1894 1085 1940 1108 καὶ

1131 1128 1174 1154 ἐπὶ
1198 1128 1272 1155 πλέον
1293 1127 1342 1157 ἀεὶ,
1372 1128 1453 1154 πολλὰ
1482 1128 1594 1165 ἠρόμην.
1639 1127 1706 1154 Ἀλλ’
1743 1127 1826 1157 οὕτως
1861 1127 1938 1163 εὐχε-

1131 1175 1170 1210 ρὲς
1193 1177 1230 1208 τῷ
1264 1173 1411 1209 βουλομένῳ
1435 1173 1544 1208 πλανᾷν,
1572 1174 1618 1198 καὶ
1637 1172 1704 1198 οὕτω
1724 1172 1795 1208 λύκῳ
1817 1173 1853 1198 τὰ
1875 1175 1940 1208 πρό-

1131 1217 1199 1244 ϐατα
1228 1218 1419 1253 ἠκολούθησαν,
1459 1219 1490 1248 ὡς
1508 1217 1529 1244 εἰ
1548 1215 1617 1254 μηδὲ
1632 1219 1741 1251 ποιμένα
1770 1215 1841 1243 εἶδόν
1874 1226 1937 1243 ποτε

1131 1261 1201 1299 μηδί
1219 1265 1338 1299 ποιμένος
1374 1265 1458 1298 φωνὴν
1486 1263 1606 1299 ᾔσθοντο.
1627 1264 1658 1288 Τί
1681 1260 1726 1295 δὲς
1752 1261 1782 1288 οὐ
1802 1263 1872 1298 χθὲς
1892 1264 1936 1287 καὶ

1131 1309 1180 1344 πρὸ
1206 1309 1328 1345 τρίτηςό
1357 1307 1434 1338 καλὸς
1445 1307 1538 1338 ὖκεῖνος
1565 1308 1676 1343 ποιμὴν;
1698 1306 1727 1332 οὗ
1753 1307 1815 1343 παρ’
1836 1306 1933 1333 ἰκείνου

1131 1355 1177 1382 τὴν
1194 1355 1339 1382 ἐπισκοπὴν
1356 1352 1462 1384 ἀταξίαν
1478 1351 1607 1389 ﬁducita;
1624 1353 1677 1381 Τὴν
1703 1355 1766 1387 γοῦν
1791 1355 1846 1382 τοῖς
1871 1351 1935 1378 πολ-

1131 1397 1184 1428 λοῖς
1212 1397 1259 1424 οὐχ
1281 1396 1363 1433 ἀφανῆ
1394 1395 1452 1423 οὐδ’
1482 1395 1629 1433 ἀνέκφορον·
1656 1398 1702 1421 καὶ
1728 1395 1750 1421 εἰ
1774 1397 1810 1432 μή
1829 1397 1933 1429 πάντες,

1131 1442 1197 1472 πλὴν
1221 1443 1289 1478 ὅμως
1305 1443 1329 1468 οἱ
1343 1445 1388 1468 τοῦ
1404 1441 1534 1478 βήματος,
1563 1441 1624 1478 παρ’
1649 1440 1746 1466 ἐκείνου
1775 1441 1824 1469 τήν
1844 1450 1934 1478 χειρο-

1132 1489 1219 1513 τονίαν
1243 1485 1388 1523 δεξάμενοι·
1405 1489 1478 1513 Δυεῖν
1502 1487 1588 1512 τοίνυν
1613 1487 1728 1522 θάτερον·
1744 1486 1759 1515 ἧ
1777 1485 1826 1511 οὐκ
1861 1484 1933 1515 idu-

1133 1533 1192 1567 σάν,
1221 1534 1266 1558 καὶ
1293 1532 1305 1558 ὁ
1333 1531 1409 1567 λόγος
1436 1530 1569 1561 ἀπίθανος·
1596 1534 1650 1561 πῶς
1660 1531 1711 1567 γὰρ
1724 1531 1749 1556 οἱ
1773 1531 1935 1561 πεπονθότες

1132 1577 1217 1610 oti-rei;
1234 1579 1248 1606 ἤ
1262 1578 1292 1603 τὸ
1308 1576 1401 1614 ἓτερον·
1431 1578 1476 1603 καὶ
1491 1580 1547 1607 πῶς
1567 1573 1702 1612 ὑπερεῖδον
1722 1576 1751 1601 τὸ
1766 1576 1835 1611 μέγα
1861 1579 1934 1613 χρῆ-

1131 1632 1168 1658 μα
1182 1626 1228 1648 τοῦ
1238 1624 1400 1659 χρίσματος,
1416 1630 1460 1647 και
1475 1620 1667 1657 μετεσχηκέναι
1681 1623 1727 1650 τῆς
1750 1621 1866 1656 χάριτος
1891 1629 1931 1646 πε-

1130 1668 1315 1700 πιστεύκασιν,
1333 1666 1400 1692 οὕτω
1415 1667 1487 1703 παρὰ
1500 1669 1545 1692 τοῦ
1561 1663 1643 1701 μηδὲν
1672 1665 1756 1701 ὑγιές;
1784 1666 1881 1691 Καίτοι
1904 1667 1932 1700 γέ

1131 1711 1195 1738 εἰσιν
1221 1712 1315 1738 ὁπόσοι
1341 1714 1385 1737 καὶ
1414 1714 1480 1748 τρεῖς
1501 1714 1550 1736 τῶν
1578 1709 1726 1736 ἐπισκόπων
1746 1709 1927 1747 παρήμειψαιν

1128 1759 1173 1783 καὶ
1186 1758 1304 1793 τέταρτον
1325 1756 1420 1792 ὁρῶσιν
1439 1755 1500 1792 ἆρτι
1515 1755 1570 1792 ἐμέ·
1585 1753 1635 1790 ἐγὼ
1656 1752 1685 1781 δι
1709 1756 1753 1781 καὶ
1773 1755 1807 1780 τὰ
1834 1754 1927 1782 ἐπιση-

1129 1811 1166 1837 μα
1197 1805 1242 1831 τῆς
1266 1801 1381 1837 μεγάλης
1410 1801 1536 1837 ἱερατείας
1564 1799 1711 1836 κατέλεγονθ
1738 1800 1825 1826 ὁπόσα
1854 1809 1883 1826 τε
1905 1798 1927 1825 ἐν

1129 1847 1235 1882 ἀμφίοις
1250 1846 1346 1879 ἁπλῶς,
1372 1847 1415 1872 καὶ
1439 1845 1490 1871 ὅσα
1507 1847 1553 1871 τοῦ
1580 1844 1711 1881 βηματος·
1736 1843 1802 1881 ἃπερ
1832 1843 1927 1871 εἰδέναι

1128 1892 1214 1917 πάντα
1246 1891 1323 1925 εἰκὸς,
1348 1890 1464 1916 κάκεῖθεν
1498 1889 1544 1916 οὐκ
1574 1888 1673 1925 ἀγνοεῖν
1704 1890 1747 1915 τὸν
1774 1888 1926 1916 επίσκοπον.

1129 1936 1180 1962 Καὶ
1208 1936 1267 1966 τοάς
1292 1935 1411 1973 βαθμοὺς
1448 1934 1601 1971 ἀνελεγόμην
1631 1935 1739 1965 ὁπόσοις
1764 1933 1925 1971 προϐάζεται

1128 1981 1140 2006 ὁ
1162 1981 1281 2018 ἱερᾶσθαι
1300 1981 1399 2017 λαχών.
1431 1982 1481 2006 Καὶ
1504 1983 1597 2013 ταῦτα,
1622 1982 1666 2005 καὶ
1693 1980 1788 2005 τούτων
1801 1978 1840 2005 ἔτι
1851 1980 1927 2005 πλείω

1128 2026 1211 2051 ἔπειθέ
1236 2036 1267 2062 με
1299 2028 1335 2062 μὴ
1358 2024 1592 2062 κατηκριϐωμένως
1620 2023 1721 2050 ἀκούειν
1754 2021 1822 2060 μηδ’
1845 2024 1926 2059 ἀσφα-

1128 2070 1187 2101 λῶς·
1210 2069 1346 2107 ἀγροικίαν
1373 2068 1403 2096 δέ
1419 2071 1582 2106 κατηγόρουν
1602 2071 1648 2094 καὶ
1684 2068 1923 2104 κατηλαζονενόμον

1127 2119 1173 2141 τοῦ
1206 2115 1333 2151 λέγοντος¹
1362 2117 1422 2152 ὅπερ
1450 2113 1493 2140 οὖν
1514 2117 1583 2150 εἶχεν
1611 2114 1624 2139 ὁ
1653 2113 1738 2149 λόγος,
1773 2111 1837 2140 οἶδα
1867 2114 1926 2150 πρὸς

1128 2164 1212 2186 ταῦτα
1227 2160 1273 2186 οὐκ
1288 2160 1399 2197 εὐχερῶς
1412 2159 1552 2186 πεπεῖσθαι
1561 2159 1639 2195 ἡμᾶς.

1165 2285 1207 2315 ιηθ.
1232 2284 1302 2322 ’Λρα
1325 2284 1412 2310 τοίνυν
1436 2281 1543 2312 δοκοίην
1566 2283 1598 2309 ἄν
1618 2283 1662 2308 τὸν
1683 2281 1760 2318 λογον
1796 2281 1923 2319 ἇκρινείας

1129 2330 1288 2368 ἀποστερῶν,
1318 2333 1366 2360 τῆς
1393 2329 1456 2366 πρὸς
1491 2329 1559 2364 ὑμᾶς
1593 2326 1696 2364 ὁμιλίας
1716 2325 1822 2357 ἐνδίκως
1846 2336 1922 2363 μετα-

1127 2376 1282 2408 ποιεῖσθαι;
1317 2376 1409 2401 Καίτοι
1432 2375 1509 2410 νόμος
1533 2372 1586 2408 οὐχ
1612 2372 1680 2398 οὕτω
1712 2372 1768 2403 τοῖς
1793 2371 1922 2407 λέγουσιν,

1128 2420 1287 2457 Ἐϐουλόμην
1336 2419 1366 2446 δί
1394 2418 1456 2456 παρ’
1489 2417 1575 2455 ἑτέρου
1603 2416 1698 2454 μᾶλλον
1726 2418 1795 2453 ἀμᾶς
1820 2419 1835 2446 ἦ
1866 2415 1922 2452 παρ’

1128 2465 1189 2502 ἇμοῡ
1213 2468 1385 2499 κατακοῦσαι,
1413 2465 1458 2490 καὶ
1491 2463 1573 2493 οὕτως
1599 2461 1624 2489 ἓν
1644 2461 1780 2500 ἆροῤῥήτῳ
1808 2465 1841 2488 αὖ
1851 2461 1922 2488 πάλιν

1128 2510 1312 2537 ἀποτεθεῖσθαι
1350 2511 1394 2535 τὸν
1415 2508 1499 2544 λόγον’
1528 2507 1697 2537 στηλιτεῦσαι
1731 2505 1760 2533 δι
1787 2507 1922 2544 γράμμασι

1127 2558 1155 2582 τὸ
1188 2559 1298 2592 πρᾶγμα
1324 2553 1371 2580 οὐκ
1395 2554 1425 2580 οἷν
1455 2552 1628 2590 θαῤῥήσαιμι·
1656 2551 1733 2582 αὐτός
1752 2560 1779 2577 τε
1806 2553 1858 2588 γὰρ
1885 2549 1922 2577 αἰ-

1127 2602 1236 2627 τιᾶσθαι
1263 2597 1407 2636 μεμαθηὸα
1444 2596 1577 2634 οὐδαμῶςο
1613 2598 1650 2634 μὴ
1676 2597 1727 2633 γὰρ
1751 2597 1782 2623 ἄν
1810 2599 1922 2634 κρίναιμι

1127 2648 1195 2673 κατὰ
1232 2647 1278 2675 τὴν
1320 2643 1486 2681 εόαγγελικὴν
1522 2642 1668 2672 ὑποθήκην·
1705 2643 1751 2668 καὶ
1795 2641 1808 2667 ὁ
1855 2641 1921 2677 λόγος

1127 2692 1253 2729 πτερόεις,
1291 2692 1336 2716 καὶ
1373 2690 1387 2718 ἠ
1429 2689 1588 2725 κατάκρισις
1609 2687 1640 2713 ἄν
1668 2685 1835 2723 πτερύξαιτο.
1862 2687 1920 2713 Τέως

1127 2738 1214 2773 γέγονε
1239 2739 1331 2770 ταντα,
1355 2736 1398 2760 καὶ
1418 2735 1519 2764 τούτοις
1548 2733 1615 2768 ἡμᾶς
1636 2732 1651 2760 ἡ
1681 2733 1776 2768 ποίμνη
1803 2731 1918 2769 φιλοφρο-
