1948 3079
46 81 86 108 405
781 80 837 110 AL!

926 81 964 109 IS.

1660 83 1713 112 406

46 143 154 176 πταμένη
171 138 351 171 ἐδεξιώσατο.
368 140 477 174 ’Ἐξωθεν
492 143 562 178 ἡμᾶς
579 141 700 169 ἀτεκνοϋν
710 142 835 172 ἠπείλησε

926 152 948 172 )S
969 144 1069 172 liberis
1095 144 1202 173 orbare
1222 144 1395 173 minabatur
1413 143 1530 180 gladius
1547 144 1596 173 ille
1615 153 1712 173 saevus

44 188 146 223 μάχαιρα
165 187 179 215 ἡ
203 185 350 222 θηριώδης
360 186 441 216 ἐκείνη
458 190 502 214 καὶ
522 185 648 223 δίστομος
663 198 668 205 -
686 188 834 223 ἐφιλονείκει

44 232 81 267 γάρ
102 231 159 266 ἡμῖν
179 233 241 267 περὶ
269 235 321 262 τῆς
339 236 389 258 τῶν
404 231 515 258 Ἀλανῶν
535 235 658 269 πατριᾶς,
675 234 720 259 καὶ
740 232 766 259 ἐκ
786 237 835 259 τῶν

44 277 146 310 ταμιείων
161 274 240 310 φόϐος
260 276 350 306 οὕτως
376 276 511 302 ἁνέκυπ-τεν
531 277 612 314 ἕτερος
625 286 632 292 ⁸
648 280 691 303 ναὶ
703 278 752 314 γὰρ
767 278 779 303 ὁ
793 280 836 314 φό-

44 319 76 350 ἑις
93 318 153 355 ἐμοὶ,
171 320 212 345 ὅτι
233 318 311 356 μηδὲ
327 326 489 351 κατανοῆσαι
504 319 577 357 εἶχον
607 322 674 352 ὅπως
693 326 729 357 τῷ
748 323 835 359 πράγ-

44 374 92 399 ματι
107 366 268 400 χρήσωμαι.

71 408 104 434 L'I'.
127 410 196 445 Πρὸς
213 412 309 435 ταῦτα
332 411 358 436 τί
372 420 436 437 mro
455 411 543 436 οἴεσθέ
557 420 589 447 με
603 411 694 437 παθεῖν
713 412 757 437 τόν
777 409 835 438 διι-

44 453 75 478 ὶάν
98 454 160 488 ἱερέα
187 456 234 480 καὶ
261 455 298 480 τὰ
328 458 375 485 τῆς
400 459 575 491 ποιμαντικῆς
608 454 718 492 ἀμαθῆ;
739 455 835 485 Δανιὴλ

44 496 115 528 ἐκεῖνος
157 502 207 524 τῶν
256 499 444 537 πρεσϐυτέρων
491 502 585 537 κριτὴς
632 500 833 536 προκαθέζεται,

43 545 76 567 ut
97 546 143 568 τῶν
170 542 349 579 βιασαμένων
386 544 621 581 καταψηφίζεται·
653 547 698 571 καὶ
727 545 742 574 ἡ
771 544 832 581 βια-

46 588 119 613 ςθεῐςα
146 589 192 616 τὴν
223 585 310 617 δίκην
343 587 481 624 ἰκπέφενγε
497 599 503 605 ·
531 591 577 615 καὶ
606 592 657 615 ποῦ
685 591 714 616 τὸ
734 593 835 625 πνεῦμα

43 631 140 665 Anii};
174 635 272 659 Καίτοι
300 632 450 669 βιαιότερον
476 635 505 659 τὸ
534 635 657 671 ἡμέτερον
673 643 680 650 ·
709 636 756 663 τὴν
782 635 834 672 γὰρ

45 677 191 712 vappae-evnti
217 677 232 706 ἡ
264 677 329 703 καθ’
351 678 420 713 ἡμᾶς
444 679 566 704 Σωσάννα
580 678 786 714 κατεξημίωται,
806 680 834 705 τὸ

43 722 76 756 μιν
92 720 189 756 ἀγνοίᾳ,
210 723 241 747 τὸ
259 719 288 748 δ’
311 721 409 758 ἐρημίᾳ
435 726 481 749 τοῦ
509 722 698 759 βοηθήσοντος.
715 723 749 749 Ὢ.
768 721 833 750 δυσ-

44 768 128 801 πραγής
145 766 285 803 ἅνθρωπος
316 765 377 802 ἐγὼ,
402 769 512 794 καὶτοῦ
540 768 622 804 ζυγοῦ
648 767 740 804 βαρέος
759 768 835 798 εὐθὺς

890 188 1029 225 utrinque
1045 192 1198 218 executus.
1219 189 1374 217 Invidebat
1400 188 1480 217 enim
1498 189 1588 216 nobis
1607 189 1712 218 Alano-

888 240 956 262 rum
985 233 1132 269 patriam,
1162 236 1190 262 et
1216 234 1303 270 quasi
1333 233 1370 262 de
1402 233 1609 269 promptuario
1637 233 1713 262 alius

889 278 1063 312 emergebat
1087 279 1186 307 timor.
1203 278 1307 315 Utique
1320 278 1352 306 in
1366 278 1473 306 timore
1490 277 1643 312 versabar,
1659 277 1712 313 qui

888 329 986 358 neque
998 323 1166 358 excogitare
1180 325 1329 360 poteram,
1344 321 1606 359 quemadmodum
1626 329 1663 350 ea
1681 321 1712 350 in

888 373 920 395 1'6
936 374 984 395 me
999 374 1132 401 gererem
1137 388 1143 395 .

926 413 967 438 19.
992 412 1037 439 Ad
1051 412 1117 440 haec
1139 412 1212 448 quid
1227 419 1276 440 me
1290 411 1466 440 existimatis
1489 413 1559 440 tunc
1585 418 1712 447 passum

888 454 988 491 fuisse,
1019 456 1158 484 timidum
1181 456 1368 485 sacerdotem
1396 458 1425 484 et
1451 455 1610 492 pastoralis
1641 455 1712 483 artis

887 499 1048 535 ignarum?
1061 501 1164 530 Daniel
1174 500 1221 529 ille
1234 501 1386 529 seniorum
1394 500 1488 536 judex
1499 499 1592 534 sedet,
1607 501 1636 528 et
1650 501 1711 528 tur-

888 545 934 581 pis
948 545 1096 574 violentiae
1108 553 1176 574 reos
1188 546 1328 578 damnat;
1343 548 1372 573 et
1385 545 1435 573 illa
1447 545 1508 572 vim
1523 552 1616 580 passa
1623 544 1710 572 dam-

888 589 1041 618 nationem
1054 590 1165 619 vitavit.
1186 591 1220 618 Et
1234 590 1359 618 ubinam
1372 589 1502 618 Danielis
1517 589 1638 624 spiritus
1647 589 1661 616 ‘2
1678 589 1714 616 Et

888 636 990 662 tamen
1011 637 1105 663 status
1130 637 1232 663 noster
1249 634 1408 663 violentior
1434 636 1508 662 erat.
1527 633 1642 662 Etenim
1659 634 1712 661 Su-

889 687 986 708 sanna
1001 682 1104 708 nostra
1118 680 1217 715 majus
1232 679 1382 716 pudicitia
1397 679 1609 707 detrimentum
1623 685 1714 714 passa

887 725 1091 761 est,adjutoris
1103 725 1211 761 partim
1221 724 1458 761 inscitia,partim
1469 723 1605 760 ejusdem
1615 723 1713 760 priva-

888 771 978 798 tione.
995 772 1016 799 Ο
1029 770 1130 798 infelix
1143 778 1199 805 ego
1219 770 1324 805 homo,
1339 771 1368 798 et
1383 776 1474 804 grave
1489 769 1598 804 jugum
1613 768 1714 796 statim

44 810 196 845 αὶσθόμενοςῖ
219 810 255 836 Ἦ
284 813 325 846 μή
355 821 417 838 ποτε
431 812 444 837 ὁ
463 813 508 848 μὶν
531 812 613 848 ζυγός
629 814 760 850 χρηστὸς,
790 815 835 838 καὶ

926 815 1045 851 pertusi
1067 817 1112 843 An
1136 814 1237 851 potius
1262 815 1370 850 jugum
1393 813 1517 850 quidem
1543 821 1634 841 suave
1658 814 1713 846 est,

44 856 65 879 τὸ
81 857 176 890 sacriﬁcio
194 856 271 881 ἐστὶν
301 855 412 892 ἐλαφρόν
427 864 436 872 ⁸
464 856 598 893 τολμηρῶς
614 855 640 883 δ’
656 856 836 893 ἑπηυχενισά-

44 907 83 934 μην
116 899 200 932 αὐτὸς,
241 902 291 926 καὶ
332 902 404 936 παρὰ
440 904 516 927 τοῦτο
554 905 599 931 τῆς
625 901 746 938 ὶλαφρίας
777 900 839 928 οὐδὲ

45 946 203 980 πεπείραμαις
224 943 255 970 Ὀ
275 945 332 982 ’γὰρ
361 947 396 981 μὴ
416 946 460 971 τὸν
487 947 600 982 σταυρὸν
627 945 665 972 ἐπ’
682 948 750 982 ὦμον
771 945 838 982 ἀρά-

46 997 102 1023 μένος
135 990 260 1026 πρότερον
302 991 349 1016 καὶ
386 992 446 1024 περὶ
483 992 528 1019 τὴν
566 992 697 1026 κοσμικὴν
745 990 838 1027 ἀργίαν

46 1035 155 1068 πιόμενος
180 1032 305 1070 ἐντριϐὴς
334 1038 386 1064 πῶς
414 1034 444 1059 ἂν
467 1037 512 1061 καὶ
541 1036 584 1062 τόν
619 1035 720 1071 αὐχένα
738 1035 836 1066 κλίνας,

47 1079 67 1102 τὸ
88 1081 181 1114 πνεῦμα
207 1079 369 1115 παράθηται
395 1083 431 1115 τῷ
464 1079 568 1117 Haupt;
592 1079 646 1107 ἐπεὶ
675 1082 720 1107 καὶ
738 1084 786 1111 τῆς
814 1079 838 1106 ἦν

47 1126 73 1155 τῷ
85 1121 165 1157 ἀγαθῷ
192 1122 321 1159 βασίμου
344 1121 471 1161 ἱδρύσεως
491 1126 520 1150 τὸ
540 1126 663 1161 ποτήριον
676 1126 840 1162 προτεθεῖται

47 1168 80 1192 mi
96 1168 121 1192 τὸ
138 1166 293 1204 βάπτισμα.
321 1167 355 1194 Ὠ
370 1166 544 1205 δυσμήχανος
570 1169 666 1206 ἐχθρὸς
686 1171 699 1196 ό
725 1170 839 1206 ἀρχαῖος

48 1210 155 1247 mittit”,
170 1212 197 1243 ὃς
212 1214 258 1238 τὸν
279 1214 330 1249 μὲν
356 1210 459 1240 δίκαιον
474 1212 615 1245 ἓξαιτεῖται
631 1221 638 1229 '
654 1214 683 1240 οὐ
703 1215 754 1250 ’γὰρ
767 1215 778 1232 θ
795 1214 840 1240 αὖ·

49 1256 104 1282 τοθεν
120 1257 242 1294 πειράσαι
272 1256 421 1286 δεδύνηται
436 1263 443 1272 ⁸
471 1260 515 1285 τὸν
540 1257 566 1284 δ’
592 1259 675 1290 ἄλλως
695 1258 838 1296 ἀϐέλτερον,

51 1303 84 1326 καὶ
106 1305 235 1328 καταπιεῖν
269 1301 437 1338 δοκιμάζειὲ
468 1303 498 1330 Εἰ
528 1301 558 1330 δὲ
586 1306 646 1341 περὶ
679 1305 749 1339 ἡμᾶς
773 1303 840 1330 οὕτω

48 1347 91 1376 τοὺς
104 1345 286 1384 ἀφελεστέρους
310 1350 355 1374 καὶ
369 1349 430 1379 τοὺς
447 1352 551 1386 μικροῖς
576 1348 762 1384 παλαίσμασιν
779 1348 833 1375 ἐτοι

49 1399 98 1425 μους
113 1396 264 1418 καταπεσεῖν
291 1392 386 1424 ἡλίκος
414 1392 445 1418 ἆν
471 1392 615 1423 ὲνσκήπτοι
643 1397 697 1424 τοῖς
720 1393 841 1429 μεγάλοις

50 1433 182 1470 uir/minati;
213 1440 260 1464 καὶ
293 1438 376 1468 ὅντως
406 1435 616 1476 σταδιαδρόμοις
648 1442 695 1465 τοῦ
723 1439 841 1474 πνεύμα-

50 1489 96 1513 τιςς

77 1534 102 1561 κ’.
119 1537 150 1561 Τό
172 1545 201 1572 γε
226 1538 281 1572 μὴν
305 1535 363 1572 ἐμὰν
382 1536 417 1567 εἰς
443 1535 595 1573 ἀμηχανίαν
621 1536 664 1573 ἐμὲ
691 1538 830 1574 περιέστη-

54 1587 85 1604 σεν
97 1587 103 1594 -
126 1579 153 1606 οὗ
169 1582 220 1618 γὰρ
246 1580 327 1617 εἶχον
347 1580 534 1611 ἀποσκοπῆσαι
552 1582 617 1618 πρὸς
646 1582 713 1608 οὕτω
726 1584 833 1618 γενόμε-

53 1632 83 1648 m
101 1624 176 1660 ἕτερον
191 1632 199 1640 ·
229 1623 300 1652 οὐδέ
318 1635 358 1657 τις
376 1628 463 1663 πατὴρ
489 1625 565 1662 ὶσγνγὺς
589 1624 652 1652 οὐδέ
672 1636 710 1656 τις
738 1628 834 1663 μείζων

54 1665 139 1704 ἀδελφὸς
163 1673 197 1705 τῷ
230 1669 307 1706 λόγῳ
337 1672 382 1696 καὶ
414 1673 447 1706 τῇ
485 1672 565 1707 πείρᾳ
591 1668 775 1706 δοκιμασθεὶς,
806 1671 838 1696 ἶν’

53 1712 174 1740 ὑπόθοιντο.
207 1717 259 1741 Καὶ
294 1712 325 1743 ἧν
351 1715 397 1751 μὶν
430 1716 459 1741 τὸ
486 1718 597 1752 πρᾶγμα
615 1715 679 1752 ὑπὲρ
702 1717 749 1744 τὴν
774 1714 838 1751 ἐμὴν

55 1757 135 1791 πέψιν,
165 1761 208 1785 καὶ
240 1761 364 1795 μείζονος
401 1757 559 1795 δεὸεημένον
588 1762 634 1786 καὶ
664 1761 743 1791 ὅντως
779 1760 839 1795 ὑμε-

53 1809 120 1837 τερας,
139 1801 157 1828 ὦ
182 1805 263 1842 πάτερ
296 1806 343 1830 καὶ
365 1802 483 1840 ἀδελφοὶ,
512 1808 560 1834 τῆς
582 1804 608 1830 ἄν
628 1805 754 1840 πνεύματι
774 1802 837 1830 δια-

54 1848 151 1881 κρίσεως.
187 1851 237 1875 Καὶ
275 1849 399 1884 ἠγνόησα
435 1847 493 1875 οὐδ’
520 1849 609 1884 αὐτὸς,
647 1851 740 1886 καίπερ
779 1847 839 1875 οὐδ’

55 1891 113 1924 {vim
144 1893 176 1923 ὡς
212 1893 242 1919 ἂν
285 1892 417 1929 ἐπιχειροῖ
452 1903 504 1920 τινι
541 1896 600 1931 περὶ
634 1895 731 1920 τούτων
760 1895 836 1930 ἔργῳ-

57 1935 145 1972 Ἐθέμην
169 1936 197 1964 ὁνε
227 1938 323 1974 ἀργίαν
347 1939 416 1964 κατὰ
449 1940 557 1972 σκοπὸν,
584 1939 630 1970 ἕως
663 1937 694 1964 ἄν
720 1938 836 1975 ἓξενέγκῃ

138 1982 189 2018 μετ’
208 1982 418 2018 imminuti);
448 1981 609 2018 δοκιμασίας
628 1984 643 2012 ἡ
666 1986 836 2013 κοινωνητικὴ

60 2028 98 2048 τῶν
114 2030 154 2052 τοῦ
176 2026 253 2063 λόγοῦ
275 2030 445 2065 προεστώτων
475 2029 621 2064 ὁμοτονοία.
638 2028 705 2055 Ἀλλ’
726 2029 741 2057 ἡ
769 2027 838 2065 βαρ-

58 2067 133 2105 εαραή
151 2072 262 2104 ἑπίθεσις
277 2075 322 2098 καὶ
344 2074 359 2101 ἡ
385 2072 479 2108 ἄλογος
505 2072 563 2109 βία,
589 2075 635 2099 καὶ
654 2075 682 2099 τὸ
698 2073 838 2109 ἀναγκαῖον

58 2117 241 2161 ῖοῧ-χρήματος,
263 2119 311 2143 καὶ
329 2118 358 2143 τὸ
373 2116 416 2153 ἀφ’
438 2118 510 2153 ὑμῶν
537 2115 673 2153 δυστυχὴς
701 2116 840 2154 διάστημα

59 2161 135 2187 ωςαπό
158 2165 204 2186 τῶν
229 2161 333 2188 κόλπων
351 2165 397 2188 τοῦ
413 2161 544 2199 ’Λϐραὰμ,
571 2164 601 2188 τὸ
627 2167 674 2193 τῆς
698 2165 838 2189 κακώσεως

61 2199 174 2240 δυσχερές.
201 2209 251 2233 Καὶ
288 2207 333 2236 τὰς
371 2206 467 2239 αἰτίας,
498 2206 520 2233 εἰ
557 2205 684 2242 βούλεσθε
721 2206 833 2242 ἀκούειν²

62 2246 129 2283 ἔχοίμ’
147 2248 174 2275 ἂν
198 2250 292 2286 λέγειν.
318 2251 349 2277 Εἰ
372 2253 417 2287 μὲν
437 2252 544 2289 ἄκυρος,
562 2254 652 2288 φησὶν,
673 2252 688 2280 ἠ
706 2252 840 2287 νομισθεῖ-

63 2298 89 2315 σα
103 2295 253 2330 χιιροθισία,
275 2295 339 2322 ἀλλὰ
365 2297 397 2322 σὺ
416 2300 558 2326 κανονικῶς
571 2298 715 2334 χειροτονει
728 2303 735 2311 ”
763 2296 785 2323 εἰ
809 2294 840 2328 δὲ

63 2341 170 2383 ξξτοιινιῖς
203 2341 232 2366 τὸ
269 2341 353 2378 ἔργον,
382 2335 411 2367 ιὰ
445 2342 582 2378 ἱερατεύειν
623 2343 683 2372 τοὺς
721 2341 841 2367 ὁπωσοῦν

63 2379 182 2412 αξιωθῆναι
215 2387 383 2421 νομίσαντας.
420 2389 502 2412 Τοῦτο
533 2387 579 2421 μὶν
616 2385 663 2412 οὐκ
693 2385 723 2411 ἃν
751 2385 840 2419 αὐτὸς,

65 2423 121 2459 ἕνην,
144 2427 268 2459 ὑποσταίη
298 2431 371 2464 ποτε,
407 2430 474 2456 οὕτω
508 2428 615 2457 διδόναι
641 2431 750 2461 τούτους
774 2431 840 2468 ἱερᾶ-

68 2469 125 2503 σθαι,
149 2472 224 2501 ὁκαὶ
249 2479 285 2511 τῷ
314 2477 475 2512 γεγενημένῳ
495 2473 633 2512 δυσφόρως
659 2476 728 2512 ἔχων
743 2482 750 2491 ⁸
779 2485 841 2512 χει-

68 2520 157 2549 ροτονεῖν
174 2516 202 2544 (γε
220 2523 273 2550 πῶς
297 2519 326 2545 ἂν
346 2519 393 2546 οὐκ
417 2520 557 2556 ὀκήσαιμι,
573 2519 620 2546 οὐκ
646 2519 724 2547 ἐκεῖνο
745 2518 841 2551 διδιὼς

69 2560 95 2607 ei
111 2570 165 2607 iter:
186 2566 228 2590 καὶ
257 2564 462 2603 ἂναχειροτονεῖν
492 2563 620 2601 δοξαιμις
648 2566 708 2603 ὅπερ
734 2565 747 2591 ὁ
777 2567 843 2602 ἱερὸς

72 2602 225 2653 irritatum:
242 2611 328 2646 νόμος.
345 2602 439 2636 ᾆὊσα
448 2611 499 2647 γὰρ
515 2611 529 2636 ὁ
543 2612 620 2647 νόμος
633 2602 712 2646 λέγει,
726 2613 780 2641 τοῖς
792 2610 842 2636 ὑπὸ

71 2650 133 2684 νόμον
143 2650 216 2679 λαλεῖ·
233 2664 247 2680 n
271 2657 315 2681 καὶ
333 2655 349 2684 ἠ
375 2654 576 2692 ἇναχειροτονία
600 2653 689 2689 δῆθεν,
707 2654 728 2682 εἰ
742 2664 843 2682 κανονι-

107 2766 117 2784 ν
129 2766 190 2797 Luc.
204 2777 271 2808 ω,
286 2774 328 2801 31.
369 2772 392 2791 ιο
403 2773 491 2802 Rom.
506 2779 548 2809 ιιι,
564 2774 606 2801 19.

891 863 920 889 et
931 868 1008 888 onus
1019 859 1094 894 leve,
1112 867 1168 894 ego
1190 866 1262 888 vero
1282 858 1490 887 contumacius
1509 856 1621 886 collum
1645 857 1716 885 sub-

891 906 972 939 duxi,
998 905 1127 941 ideoque
1150 911 1206 932 nec
1228 904 1377 932 levitatem
1391 902 1470 931 illius
1485 902 1620 938 agnovi?
1639 903 1716 930 Nam

891 951 944 986 qui
959 958 1077 978 crucem
1101 949 1236 978 humeris
1260 956 1322 977 non
1347 947 1422 981 tulit,
1448 949 1477 975 et
1498 947 1530 975 in
1558 946 1717 975 mundana

892 995 1013 1029 ignavia
1022 997 1160 1023 versatus
1173 996 1228 1026 est,
1238 993 1394 1029 quomodo
1409 992 1556 1020 cervicem
1566 990 1716 1019 inclinans

892 1040 1029 1076 spiritum
1042 1039 1118 1068 Patri
1130 1038 1338 1067 commendet?
1347 1035 1598 1073 Quandoquidem
1610 1037 1639 1063 et
1648 1036 1717 1063 ante

893 1084 998 1112 stabile
1019 1084 1050 1112 in
1062 1083 1144 1112 bono
1154 1083 1396 1115 fundamentum,
1410 1081 1487 1110 calix
1500 1080 1677 1116 proponitur
1689 1081 1718 1107 et

892 1129 1054 1165 baptisma.
1076 1128 1204 1157 Callidus
1222 1128 1327 1162 hostis,
1345 1128 1374 1155 et
1387 1126 1503 1162 priscus
1524 1124 1717 1154 adversarius

891 1175 1007 1210 justum
1021 1174 1176 1202 hominem
1189 1173 1314 1209 expetit;
1332 1179 1431 1208 neque
1442 1170 1522 1198 enim
1536 1169 1595 1197 illic
1604 1170 1718 1198 tentare

893 1219 989 1255 potuit
1000 1220 1027 1252 0;
1044 1221 1075 1247 at
1088 1218 1243 1247 hominem
1255 1224 1308 1253 per
1322 1224 1354 1244 se
1365 1215 1537 1249 vecordem,
1547 1213 1719 1243 vorandum

894 1264 984 1292 etiam
996 1263 1156 1292 existimat.
1173 1262 1259 1295 Quod
1273 1261 1297 1289 si
1307 1260 1382 1290 tales
1396 1260 1538 1289 adversus
1550 1266 1606 1287 nos
1621 1259 1668 1286 est
1680 1259 1720 1286 te-

895 1309 1015 1337 nuiores
1029 1310 1058 1336 et
1072 1307 1187 1336 levibus
1208 1313 1330 1343 quoque
1343 1304 1557 1334 certaminibus
1578 1310 1720 1332 succum-

894 1354 965 1382 bere
976 1353 1091 1386 solitos,
1105 1353 1236 1389 quantus
1248 1351 1296 1379 ille
1308 1350 1428 1386 iugruet
1442 1349 1562 1384 magnis
1588 1347 1717 1381 athletis,

894 1401 924 1428 et
937 1406 1007 1427 vere
1016 1398 1048 1426 in
1063 1397 1184 1434 spiritus
1201 1395 1298 1425 stadio
1313 1394 1500 1423 currentibus
1510 1394 1524 1422 ‘I

926 1535 972 1562 29.
980 1532 1024 1561 Ad
1034 1539 1082 1560 me
1094 1530 1178 1567 quod
1191 1529 1342 1562 attinet,in
1353 1527 1579 1565 perplexitatem
1590 1533 1716 1562 prorsus

892 1578 1003 1607 incurri
1018 1586 1025 1605 :
1041 1583 1103 1605 non
1116 1575 1196 1603 enim
1209 1574 1249 1603 ad
1264 1574 1357 1602 alium
1371 1571 1510 1609 quemvis
1525 1571 1576 1599 tali
1590 1570 1622 1598 in
1635 1570 1717 1597 facto

891 1623 1042 1659 respicere
1067 1622 1225 1657 poteram:
1246 1626 1343 1655 neque
1364 1617 1472 1653 aliquis
1490 1617 1576 1652 pater
1602 1613 1716 1648 aderat,

891 1658 991 1704 neque
1005 1666 1103 1702 major
1115 1665 1215 1700 frater,
1230 1662 1366 1692 doctrina
1375 1664 1404 1690 et
1417 1659 1600 1698 experientia
1608 1658 1719 1704 proba-

893 1703 951 1747 tus,
964 1712 1018 1748 qui
1040 1710 1198 1739 consilium
1222 1708 1459 1745 suppeditarent.
1475 1707 1603 1741 Eratque
1627 1703 1719 1740 plane

893 1765 986 1794 supra
1000 1763 1101 1784 meam
1123 1753 1351 1789 intelligentiam
1375 1751 1541 1787 negotium,
1555 1758 1590 1779 ac
1604 1749 1720 1784 majore

892 1793 1032 1838 indigens
1054 1807 1186 1837 vereque
1200 1801 1310 1830 vestra,
1327 1806 1345 1826 ο
1359 1799 1445 1834 pater
1460 1798 1489 1825 et
1502 1795 1618 1829 fratres,
1633 1793 1720 1830 spiri-

893 1847 944 1876 tali
959 1846 1145 1875 discretione.
1173 1846 1275 1880 Neque
1292 1844 1357 1879 ipse
1369 1841 1515 1877 ignoravi,
1541 1845 1720 1877 quanquam

892 1891 975 1921 haud
991 1897 1137 1919 noveram
1150 1889 1211 1918 fore
1226 1891 1259 1916 ut
1273 1888 1397 1924 aliquod
1412 1884 1563 1922 ejusmodi
1581 1891 1658 1920 opus
1671 1881 1720 1910 ille

893 1936 1116 1972 aggrederetur.
1132 1935 1167 1962 Et
1181 1933 1275 1962 otium
1294 1931 1457 1968 interposui
1470 1929 1613 1963 studiose,
1623 1928 1721 1956 donec

893 1991 954 2010 non
979 1982 1042 2009 sine
1061 1980 1208 2017 prudente
1228 1978 1430 2015 experimento
1445 1974 1623 2010 suffragium
1634 1973 1722 2001 ferret

892 2026 1064 2056 communis
1080 2025 1198 2053 illorum
1211 2024 1263 2060 qui
1272 2022 1430 2058 Evangelia
1441 2021 1575 2057 praesunt
1586 2017 1720 2054 aequabi-

893 2073 969 2101 litas.
988 2071 1045 2100 Sed
1059 2069 1220 2099 barbarica
1235 2067 1375 2101 incursio,
1387 2069 1415 2094 et
1425 2067 1533 2094 insana
1548 2063 1601 2099 vis,
1623 2064 1652 2091 et
1664 2069 1720 2090 ne-

894 2117 966 2152 gotii
989 2115 1167 2147 necessitas,
1181 2116 1208 2141 et
1230 2112 1331 2140 infelix
1357 2119 1426 2139 mea
1451 2119 1469 2138 a
1482 2109 1568 2137 vobis
1583 2106 1721 2136 absentia

893 2151 1039 2198 tanquam
1054 2160 1093 2189 ab
1117 2157 1283 2186 Abrahami
1298 2157 1375 2192 sinu,
1388 2162 1531 2183 aerumnas
1551 2151 1721 2181 molestiam

895 2197 1042 2243 gravavit.
1060 2204 1136 2238 Quin
1152 2205 1181 2231 et
1195 2209 1313 2235 causas,
1330 2202 1354 2228 si
1369 2201 1462 2229 avetis
1473 2199 1588 2233 audire,
1601 2197 1720 2225 dicam:

898 2241 925 2280 ἐι
949 2251 1032 2278 irrita
1043 2252 1096 2283 est,
1110 2249 1240 2281 aiebam,
1257 2246 1308 2275 illa
1330 2253 1399 2282 quae
1416 2244 1546 2273 creditur
1560 2241 1721 2275 ordinatio,

895 2299 928 2324 tu
941 2294 1065 2332 quidem
1081 2292 1224 2322 canonice
1250 2291 1366 2319 ordina.
1386 2289 1436 2318 Sin
1461 2289 1492 2317 id
1507 2295 1596 2322 agere
1610 2285 1722 2321 renuis,

896 2331 960 2369 sine
973 2348 1025 2368 e0s
1039 2338 1206 2367 sacerdotio
1226 2335 1312 2371 fungi
1324 2335 1377 2372 qui
1392 2336 1544 2370 utcunque
1557 2340 1588 2361 se
1605 2331 1724 2360 ordina-

897 2388 943 2414 tOs
957 2382 1229 2418 existimant.Atqui
1241 2381 1300 2409 hoc
1311 2386 1507 2416 nequaquam
1517 2377 1575 2412 ille,
1592 2376 1722 2409 aiebam,

896 2431 969 2458 feret
1000 2436 1148 2466 unquam,
1179 2434 1277 2463 neque
1310 2425 1356 2453 his
1382 2424 1532 2461 permittet
1556 2420 1725 2466 sacerdotio

896 2474 990 2510 fungi,
1012 2474 1064 2510 qui
1083 2475 1112 2501 et
1130 2472 1243 2500 factum
1263 2477 1344 2505 aegro
1363 2469 1465 2498 animo
1490 2467 1556 2496 fert.
1582 2465 1726 2510 Ordinare

898 2508 999 2549 autem
1021 2508 1129 2555 quidni
1147 2519 1314 2552 cunctarer,
1334 2522 1433 2551 neque
1452 2513 1588 2541 timerem
1608 2508 1726 2546 quomi-

897 2573 955 2594 nus
972 2553 1047 2593 forte
1057 2564 1166 2591 iterum
1176 2562 1315 2591 ordinare
1330 2560 1446 2588 viderer
1455 2558 1469 2586 ’Ζ
1481 2556 1564 2593 quod
1580 2561 1669 2583 sacra
1677 2553 1726 2581 lex

898 2612 996 2639 vetat:
1011 2620 1026 2634 «
1046 2610 1121 2637 Nam
1140 2612 1331 2644 quaecunque
1350 2604 1397 2632 lex
1411 2601 1553 2638 loquitur,
1568 2599 1604 2627 iis
1623 2597 1676 2634 qui

896 2656 963 2692 lege
979 2655 1049 2683 sunt
1057 2641 1190 2690 loquitur
1202 2653 1238 2680 ιο.
1258 2641 1509 2685 »ίΡικορῐοιοιιιιιιε
1527 2645 1633 2674 iterata
1652 2641 1730 2673 ordi-
