1948 3079
33 67 94 95 409

791 62 969 94 ANALICUS

1672 68 1726 96 410

39 128 67 154 ἐκ
93 128 238 163 αὒτῷ,Καὶ
261 127 354 153 λοιπὸν
374 129 403 153 τὸ
428 131 476 157 τῆς
494 126 579 163 ἐτέρας
599 125 737 162 συμϐαίνει
756 137 844 164 παρα-

951 128 1017 162 :idit,
1041 128 1123 164 quod
1141 128 1170 156 in
1192 128 1259 164 ipsa
1275 127 1471 156 seminatione
1491 128 1596 156 vitium
1619 129 1724 164 gliscit-

39 172 128 203 ἕοὶὴς·
157 174 228 198 κατὰ
254 173 307 208 γὰρ
338 175 387 198 τῶν
418 170 533 197 ἀκανθῶν
558 172 570 196 6
594 173 688 207 σπόρος
711 173 848 207 γεγένηται

36 221 87 244 zzi
103 218 183 243 αὗται
198 219 244 253 μὲν
269 216 413 253 ὰρχαιόθεν
432 216 592 253 ἐρρίζωνται·
614 216 626 241 6
649 214 679 242 δὲ
701 215 777 251 λόγος
800 221 848 247 τῆς

40 266 159 293 πίστεως
175 264 234 288 ἔστι
249 263 296 298 μὲν
322 262 351 287 οὗ
365 264 409 287 καὶ
435 262 519 289 πάντη
548 262 750 296 συμπέπνικται·
776 261 845 287 ἑνια-

40 311 96 342 χοῡ
125 305 156 333 δὲ
185 309 231 332 καὶ
257 309 307 332 σὺν
344 304 399 336 ταῖς
414 306 539 336 άκανθαις
561 306 750 331 ὑπανακύπτει·
776 307 848 341 τάχα

39 363 74 388 γε
103 354 148 378 καὶ
183 352 236 378 ὑπό
271 355 320 382 τῆς
352 351 424 382 ἕξεως
454 348 609 380 ἀκανθώδης
641 352 777 385 γεγένηται
804 352 849 376 καὶ

43 397 128 426 αὐτὸς·
155 397 190 427 ὡς
221 397 252 424 ἦν
280 395 393 432 ἄμεινον,
420 395 441 421 εἰ
464 396 535 431 παρὰ
561 398 607 420 τοῦ
624 396 706 431 πυρὸς
734 394 849 425 ἐλθόντος

43 440 132 476 βαλεῖν
157 440 200 467 ἐπὶ
230 444 281 475 γῆς
304 439 469 475 ἀναφθέντης,
494 439 570 470 εὐθὺς
593 439 639 469 τὰς
661 438 774 469 ἆκάνθας
789 441 849 469 τέως

42 486 274 522 ἁπετεφρὼσαμεεν
315 484 337 510 εἰ
366 485 436 521 παρά
474 487 520 509 τοῦ
557 493 693 520 μαχαιραν
734 482 849 514 ἐλθόντος

43 530 133 566 βαλεῖν
159 529 346 566 προθελύμνως
372 532 455 554 ταῦτα
483 527 628 564 ἐτέμνομεν.
663 530 714 554 Καὶ
747 529 850 564 καθαρά

43 578 117 611 μὲνῇ
147 578 195 609 γῆ,
219 574 336 609 καθαρόν
358 571 387 598 δὲ
418 574 446 598 τό
472 574 586 609 σπέρμα,
617 574 661 598 καὶ
691 574 715 598 οἱ
744 572 850 608 φύλακες

43 622 184 656 γρήγοροι,
213 621 260 643 καὶ
291 621 412 654 Χρυσοϋν
439 618 469 642 τὸ
500 616 582 654 θέρος,
610 619 655 642 καὶ
686 617 698 642 6
728 617 850 654 θεριστὴς

43 664 245 699 ςᾶΰηνοὺμενος·
274 663 308 692 ὡς
335 665 378 687 νῦν
407 671 435 697 γε
462 662 516 696 οὐχ
546 661 584 687 ὃτι
614 661 791 687 ἐκαστοτεὺιεν
821 662 850 687 ἂν

42 710 257 743 αἱτησαίμηντῇ
289 705 402 742 ἐνεργείᾳ
425 710 473 736 τῆς
500 707 592 741 ιλρετῆς
618 707 700 742 μέχρι
725 709 771 732 τοῦ
786 716 850 732 παν-

42 755 87 782 τός
137 751 343 778 ἐπεκτεὶνισθαι·
387 747 445 775 οὐδ’
489 749 521 780 εἰς
559 748 723 781 ἐξηκοντάὸα
754 753 852 787 προκό-

902 174 974 200 'l‘um
991 175 1019 200 et
1033 172 1155 209 reliquae
1181 175 1351 206 congruunt
1377 172 1529 208 parabolae
1553 175 1670 208 partes:
1695 174 1725 202 in

903 216 997 252 spinis
1008 217 1041 244 lit
1051 217 1210 245 seminatio
1221 225 1288 253 quae
1298 217 1421 253 quidem
1433 216 1502 244 olim
1517 216 1623 245 evulsee
1639 220 1725 250 sunt;

903 264 934 289 at
948 261 1018 289 ﬁdei
1033 261 1159 290 verbum
1177 261 1286 289 alicubi
1305 269 1429 297 prorsus
1443 261 1626 290 suﬂ'ocatur:
1641 262 1727 290 inter-

904 307 977 334 dum
993 307 1083 334 etiam
1115 314 1184 334 cum
1200 306 1271 342 ipsis
1300 306 1397 341 spinis
1411 306 1559 334 nascitur:
1577 306 1647 334 item
1666 306 1727 334 for-

905 353 982 379 tasse
999 351 1156 379 affectione
1182 351 1317 387 quadam
1339 351 1373 378 ﬁt
1390 354 1418 379 et
1434 351 1535 387 ipsum
1550 351 1723 388 spinosum.

904 395 1006 424 Melius
1021 398 1101 423 certo
1116 395 1201 429 foret,
1225 395 1250 423 si
1266 395 1305 423 ab
1322 404 1358 423 eo
1382 395 1435 431 qui
1452 395 1553 430 ignem
1570 395 1652 423 venit
1663 395 1729 424 mit-

904 442 963 468 tere
979 440 1009 468 in
1021 443 1128 468 terram
1142 439 1334 473 inflammati,
1347 440 1447 468 statim
1457 441 1560 476 spinas
1573 439 1728 468 combure-

903 492 1024 513 remus:
1054 485 1078 512 si
1101 493 1158 521 ope
1183 485 1258 520 ejus,
1284 485 1336 521 qui
1361 485 1496 519 gladium
1513 485 1623 521 pariter
1648 484 1729 513 venit

904 530 1018 557 mittere
1034 529 1063 556 in
1081 532 1201 564 terram,
1222 529 1354 557 funditus
1378 530 1441 558 haec
1463 530 1680 558 excideremus.
1697 531 1730 557 Et

904 573 1027 609 quidem
1044 582 1119 610 pura
1134 576 1220 607 terra,
1239 581 1348 610 purum
1365 581 1478 608 semen,
1496 574 1635 602 custodes
1653 574 1727 608 vigi-

904 618 958 654 les,
983 626 1074 646 aurea
1100 618 1207 646 messis
1224 627 1347 654 messor,
1377 619 1529 647 robustus.
1565 620 1598 646 Ut
1626 621 1729 646 tamen

905 671 986 690 nunc
999 671 1045 691 res
1057 671 1088 690 se
1099 663 1221 697 habent,
1233 664 1315 691 haud
1326 663 1464 699 equidem
1483 663 1521 691 ad
1533 662 1729 699 centuplicem

906 715 1002 743 usque
1021 708 1149 735 fructum
1165 707 1315 743 postulem
1335 707 1447 736 virtutis
1462 707 1576 735 viribus
1589 706 1726 740 extendi;

907 760 1005 788 neque
1020 752 1058 780 ad
1080 753 1303 787 sexagesimum
1318 755 1418 788 optem
1434 752 1567 788 provehi,
1585 751 1637 779 sed
1657 750 1730 779 satis

45 806 118 823 πτειν
157 798 187 822 τὸ
220 795 284 825 ὅλως
316 795 490 832 ἐργάσασθαι·
527 795 617 824 ἱκανῶς
650 792 675 820 δ’
713 795 743 820 οἷν
780 795 852 831 εἶχον

951 797 1049 829 beam,
1066 797 1088 824 si
1109 799 1259 833 quatenus
1275 797 1407 833 physicis
1421 797 1531 832 regulis
1552 796 1629 832 licet,
1643 796 1729 824 trice-

45 841 92 866 κάν
115 844 171 871 τοῖς
199 841 353 877 τριάκοντα,
381 839 402 865 εἰ
430 843 486 870 τοῖς
510 842 631 875 φυσικοῖς
655 837 725 874 ὁροις
747 839 775 864 τὸ
800 837 852 864 ἐνὸν

44 889 173 922 γεώργιον
204 886 362 922 παρεμέτρει
389 885 418 909 τὸ
449 883 555 921 ἐνεργές.
586 883 653 909 Ἀλλ’
682 882 731 917 ἐγὼ
763 881 853 908 δέδοι-

46 941 90 966 κει,
114 933 151 967 μή
178 939 242 956 ποτε
272 927 336 955 οὐδὲ
359 931 405 957 τὴν
428 932 508 964 χεῖρα
541 929 648 965 θερίζων
673 927 852 964 πληρώσαιμι,

47 974 117 1011 μηδὲ
137 976 181 1001 τόν
206 974 303 1000 κόλπον
319 973 332 999 6
358 971 609 1010 ὃραγματιζόμενος·
638 972 695 998 ἴσθι
717 971 854 998 ὀπισθιαι-

46 1029 130 1055 τερος,
155 1020 244 1044 καίτοι
273 1027 303 1054 γε
326 1017 357 1046 ἦν
376 1017 407 1042 οἶν
427 1016 456 1042 οὐ
477 1017 560 1045 πάντη
587 1014 720 1050 δύσελπις,
745 1016 758 1041 ὁ
783 1013 853 1041 δυσ-

46 1064 123 1094 ὑῖιὲς
158 1062 210 1099 ἐγὼ
249 1064 345 1098 ποιμήν
383 1063 429 1088 καὶ
470 1062 581 1098 γεωργὸς
623 1060 670 1086 οὐκ
711 1059 852 1097 εὐδαίμων-

49 1108 103 1134 ἀλλ’
120 1110 155 1139 ὡς
182 1107 225 1134 ἐπὶ
239 1105 362 1144 δομιὶτων
383 1109 445 1142 γοῦν
473 1105 644 1143 ἐκαρπίζομεν
671 1106 763 1142 μικρὰ,
792 1107 853 1135 τοὺς

49 1151 263 1189 ὑπεραναεάντας
294 1151 381 1187 ὀλίγον
408 1153 454 1180 τὴν
487 1153 646 1187 παμμητίρα
677 1149 783 1185 πλάνην,
809 1152 854 1176 καὶ

46 1201 90 1224 τὸν
109 1197 192 1233 λόγου
220 1198 404 1234 θερισαμένους
427 1197 460 1226 ὡς
481 1195 592 1231 ἐφικτὸν,
614 1195 635 1221 εἱ
660 1197 695 1230 μὴ
722 1198 767 1220 καὶ
795 1196 853 1220 τού-

46 1253 103 1274 τοις
129 1241 197 1271 ἦσαν
215 1241 294 1268 mam
310 1241 334 1267 οἰ
349 1245 394 1267 τοῦ
413 1240 486 1278 ἀέρος
502 1242 582 1277 ὀρνεις
607 1239 749 1267 ἐπίϐουλοι.
764 1241 852 1275 Οῖμοι,

49 1289 90 1314 ὃτι
115 1287 231 1318 ἀκὼδθας
252 1288 298 1312 καὶ
324 1284 464 1322 τριβόλους
479 1284 553 1321 βρύει
581 1294 626 1320 μοι
649 1285 678 1310 τό
704 1283 851 1321 γεώργιον]

51 1336 96 1361 τήν
109 1332 269 1369 κατάκρισιν
293 1335 341 1361 τῆς
357 1329 406 1356 ἀπὸ
431 1333 498 1356 Θεοῦ
523 1327 692 1365 διαμαρτίας,
717 1329 749 1359 ὡς
769 1328 853 1354 ὀπίσω

54 1379 100 1408 τξς
126 1375 289 1414 κεντρώδους
325 1375 425 1406 πλάνης
460 1376 503 1401 τὸν
538 1372 720 1411 διαμαρτόντα
749 1374 852 1410 πορεύε-

55 1424 127 1449 σθαν
149 1424 195 1448 καὶ
218 1422 336 1457 πορνεύει
357 1430 402 1456 μοι
420 1422 449 1446 τό
471 1422 590 1455 ποίμνιον
613 1420 661 1445 οὐκ
685 1418 708 1444 ἐν
732 1422 767 1454 τῷ
789 1418 854 1454 ξύλῳ

908 842 1018 869 simum
1032 841 1162 869 fructum
1184 849 1277 877 opera
1294 844 1438 877 exaequet.
1457 841 1519 869 Imo
1542 849 1598 876 ego
1614 848 1729 872 vereor.

908 894 945 913 ne
955 886 1029 913 forte
1046 893 1180 921 manum,
1197 885 1320 921 quidem
1336 888 1451 914 metens
1465 885 1617 922 impleam,
1633 892 1731 921 neque

909 930 1006 958 sinum
1026 930 1079 966 qui
1102 929 1275 966 manipulos
1295 930 1414 966 colligo.
1441 930 1502 958 Sim
1526 937 1597 958 sane
1618 930 1732 957 tardior

908 977 975 1011 post
991 975 1076 1009 alios,
1101 983 1266 1011 quanquan
1281 983 1342 1002 non
1357 974 1481 1002 omnino
1497 974 1670 1010 desperans,
1687 974 1730 1001 in-

909 1019 977 1047 felix
1002 1026 1057 1054 ego
1081 1022 1184 1055 pastor
1207 1027 1268 1047 non
1289 1019 1407 1047 beatus.
1431 1019 1546 1054 Quippe
1565 1018 1618 1054 qui
1640 1025 1731 1054 super

909 1066 987 1092 tecta
1011 1066 1145 1092 serentes
1168 1072 1277 1100 parum
1295 1064 1409 1092 fructus
1435 1063 1599 1097 effecimus,
1621 1071 1731 1098 nempe

908 1109 975 1137 illos
987 1109 1135 1137 lucrando
1150 1110 1202 1145 qui
1217 1112 1345 1137 matrem
1360 1109 1496 1137 omnium
1512 1108 1660 1137 malorum
1673 1108 1732 1136 haz-

909 1153 998 1181 resim
1014 1153 1188 1189 vitaverunt,
1206 1155 1234 1182 et
1253 1153 1379 1182 verbum
1403 1161 1458 1190 pro
1471 1153 1583 1180 viribus
1599 1159 1732 1181 messue-

909 1201 979 1226 runt
996 1198 1071 1232 ',nisi
1087 1197 1161 1226 forte
1177 1201 1204 1226 et
1218 1198 1264 1226 his
1288 1198 1398 1234 pariter
1417 1197 1548 1226 insidiati
1570 1199 1639 1225 sunt
1657 1197 1733 1224 aeris

909 1250 989 1271 aves.
1008 1244 1069 1270 Heu
1091 1243 1175 1277 mihi,
1200 1243 1272 1279 quia
1301 1243 1404 1279 spinas
1418 1245 1446 1271 et
1464 1241 1590 1270 tribulos
1606 1249 1733 1278 campus

910 1287 1074 1322 germinat!
1100 1288 1327 1316 damnationem
1353 1288 1463 1316 scilicet
1489 1287 1526 1315 ob
1549 1293 1701 1314 recessum
1716 1294 1734 1314 a

908 1332 979 1367 Deo,
990 1332 1064 1360 dum
1078 1332 1235 1368 spinosum
1249 1340 1379 1360 errorem
1390 1340 1486 1366 vagus
1503 1339 1575 1366 grex
1587 1333 1731 1363 sectatur;

908 1376 983 1405 dum
1000 1377 1165 1405 fornicatur
1180 1385 1241 1405 non
1257 1377 1288 1405 in
1309 1377 1390 1411 ligno
1407 1379 1514 1409 solum,
1530 1376 1573 1404 uti
1589 1376 1733 1411 scriptum

908 1422 997 1454 est”,
1014 1430 1119 1449 verum
1142 1422 1228 1450 etiam
1246 1422 1276 1449 in
1286 1421 1438 1458 lapidibus
1459 1420 1574 1448 cunctis
1588 1422 1617 1448 et
1628 1419 1734 1456 aquis;

58 1471 134 1503 μόνον
160 1469 195 1498 ὡς
209 1463 463 1502 γέγραπταιίδ,ἡδη
490 1462 518 1490 δὲ
539 1466 585 1490 καὶ
612 1463 696 1494 λίθοις
721 1466 787 1489 πᾶσι
813 1463 855 1488 καὶ

954 1474 983 1494 m
991 1473 1049 1493 non
1061 1466 1210 1502 sculptilia
1217 1465 1354 1498 adorant,
1363 1465 1416 1493 sed
1424 1465 1574 1500 quosdam
1581 1464 1734 1492 dmmones

59 1511 146 1538 ἰδασι·
171 1513 215 1537 καὶ
243 1513 423 1547 προσκυνοῦσι
456 1510 501 1545 μὶν
534 1508 563 1534 οὗ
595 1507 728 1543 γλυπτοῖς²
759 1505 857 1543 δαιμο-

58 1560 121 1587 νίοις
133 1555 164 1583 δὲ
178 1565 249 1582 τισιν
264 1556 289 1581 ἓν
300 1559 353 1584 τοῖς
363 1553 482 1590 ὑψηλοῖς.

89 1600 143 1628 κδ’.
165 1603 324 1638 Χριστιανοὶ
363 1597 392 1625 δὲ
417 1601 492 1635 μόνον
517 1599 624 1635 ὀνόματι
646 1598 758 1625 ’Δλανοί-
787 1597 809 1624 εἰ
829 1595 859 1623 δέ

55 1649 103 1673 που
129 1656 166 1677 τις
184 1648 231 1672 καὶ
257 1647 327 1682 μερὶς
356 1643 451 1679 Ιακὼϐ,
467 1645 480 1670 6
507 1643 603 1681 ἐχθρὸς
627 1645 756 1680 ῑνέσπειρε
768 1644 801 1669 τὰ
817 1642 858 1672 ζμ

56 1692 141 1722 ζώνιον
165 1691 187 1717 εἰ
205 1691 258 1728 γὰρ
286 1691 409 1726 καὶπρὸς
433 1692 469 1724 τῷ
493 1690 564 1724 γήρᾳ
588 1689 649 1718 τέως
664 1685 707 1714 οὖν
732 1688 747 1716 ἠ
774 1686 860 1724 Σάρρα

55 1739 197 1772 γεγέννηκε·
252 1735 422 1771 πονηρεύεται
471 1731 500 1759 δὲ
547 1733 615 1759 κατά
663 1736 709 1759 τοῦ
766 1731 858 1758 Ἰσαάκ

57 1782 176 1818 Ἰσμαήλ·
207 1783 254 1806 καὶ
277 1782 316 1810 τίς
342 1779 471 1815 ⁷Λϐραὰμ,
501 1778 542 1803 ἱνα
565 1778 611 1807 τὴν
640 1775 736 1805 δούλην
761 1776 858 1814 Ἅγαρ,

58 1829 100 1853 καὶ
115 1830 160 1852 τοῦ
183 1830 231 1856 τῆς
256 1824 356 1854 πλάνης
379 1822 540 1860 ἀνελεύθερον
564 1824 682 1853 σκότους,
698 1825 746 1852 τῆς
772 1830 858 1847 συνοι-

58 1875 114 1902 κίας
129 1871 268 1897 ἀπώσαιτο
286 1869 380 1902 ;”Εστι
394 1878 434 1899 τις
457 1868 530 1903 ὀλίγη
561 1866 709 1904 παρεμϐολὴ
735 1869 780 1892 καὶ
803 1865 859 1902 ἐμοὶ

61 1917 88 1944 ἣν
116 1917 179 1946 Θξός
215 1914 302 1949 ἐξάγει
334 1916 379 1939 τοῦ
412 1916 506 1941 νοητοῦ
532 1914 635 1949 Φαραώ·
671 1912 716 1937 καὶ
749 1909 859 1946 διεξάγω

62 1964 142 1986 ταῦτα
172 1959 222 1995 ἐγὼ
255 1959 322 1984 κατὰ
342 1961 442 1986 Μωσῆν
476 1958 521 1993 μὲν
555 1956 651 1990 οὐκέτι,
677 1955 743 1985 πλὴν
778 1955 857 1991 ὅμως·

62 2005 112 2031 ἀλλ’
141 2007 166 2031 οἱ
193 2004 335 2040 Αἰγύπτιοι
355 2012 494 2040 τρισταται
520 2000 750 2038 καταδρομοῡσιυ,
778 2001 792 2029 ἡ
823 2003 859 2035 τῷ

62 2051 132 2086 Θυμῷ
155 2054 263 2086 φονῶσα
277 2048 366 2084 ψυχὴ,
388 2049 477 2074 καὶτὸ
500 2048 564 2084 πρὸς
580 2048 613 2072 τὰ
636 2044 795 2082 χαμαίζηλοι
817 2044 858 2070 λι-

61 2105 133 2130 χνον.
157 2095 170 2121 6
184 2095 270 2121 πείθει
283 2091 338 2123 τοῖς
361 2092 511 2129 ἀλλοφύλοις
526 2091 746 2127 συγχραίνίσθαι·
762 2092 808 2116 καὶ
829 2091 857 2115 τὸ

60 2144 103 2166 τοῦ
135 2139 212 2171 λοξοῦ
239 2140 408 2175 περίτρεπτον
438 2138 496 2173 περί
528 2145 601 2167 τινας
634 2135 746 2165 ἀτόπους
779 2133 858 2165 δόξας

62 2186 105 2210 οὐκ
120 2183 261 2210 ἀντιτεῖνον
285 2183 318 2213 ὠς
334 2180 382 2208 διὰ
405 2181 496 2208 πολλά.
524 2183 574 2208 Καὶ
597 2184 648 2207 ποῦ
674 2179 764 2210 στῦλος
792 2181 859 2215 νεφέ-

62 2229 103 2259 λης
126 2229 241 2255 ἐνταῦθα
266 2229 296 2253 τὸ
323 2225 460 2253 διεστάναι
483 2224 598 2259 διδοῦςς
628 2225 642 2254 ἢ
669 2226 720 2255 τὼς
750 2225 780 2250 ἄν
810 2228 859 2250 τῶν

65 2275 138 2300 ἐθνῶν
159 2272 254 2302 διέστη
280 2273 294 2301 ἡ
313 2271 454 2305 θάλασσα;
481 2270 560 2307 Οἶμοι
584 2269 623 2296 ὁτι
650 2270 795 2305 ποιμαίνειν
815 2269 860 2304 μὲν

65 2318 152 2354 ἀγέλας
176 2320 354 2353 πεπίστευμαι
386 2315 577 2345 ἀναϐαινούσας
601 2314 652 2341 ἀπὸ
681 2313 791 2351 λουτροῦ
815 2316 860 2339 τοῦ

66 2363 250 2400 βαπτίσματος
266 2362 272 2388 l
287 2363 420 2398 ποιμαίνει
440 2359 469 2387 δὲ
491 2361 589 2391 ταύτας
612 2359 707 2396 μᾶλλον
726 2363 774 2390 τῆς
797 2369 861 2385 απι-

65 2412 135 2439 στίας
166 2409 180 2434 6
215 2408 343 2437 θάνατος·
380 2407 493 2442 στμὰατι
526 2407 570 2442 μὲν
599 2405 650 2442 γὰρ
679 2403 860 2440 ὁμολογοῦσιν,

64 2455 126 2479 οινὼ
152 2451 184 2479 δὲ
206 2452 289 2488 λέγειν
318 2450 353 2481 εὶς
383 2452 524 2488 σωτηρίαν⁸
556 2450 595 2476 ὃτι
623 2451 658 2486 μὴ
685 2450 730 2475 καὶ
758 2448 792 2479 εἰς
820 2446 862 2474 δι-

64 2499 205 2526 καίοσὺνην
228 2500 329 2533 πρῶτον
359 2499 389 2531 τῇ
419 2493 518 2531 καρδίᾳ
545 2495 725 2521 πιστεύουσιν.
753 2491 862 2529 ’Ὅμοιον

64 2553 97 2578 τι,
128 2540 277 2569 Ἀπόλωλεν
303 2539 413 2570 εὐλαϐὴς
437 2538 486 2565 ἀπὸ
511 2539 558 2570 τῆς
582 2538 645 2575 ὔμῆς
681 2538 778 2568 ταύτης
801 2541 860 2573 γῆς·

65 2590 106 2613 καὶ
117 2588 164 2613 οὐκ
180 2588 239 2612 ἔστι
249 2594 296 2621 μοι
311 2584 458 2615 ἀνάπαυσις
472 2583 550 2613 αὕτη,

95 2631 140 2659 κε’,
172 2635 244 2666 Ἆρα
271 2629 386 2660 ἀναστὰς
411 2630 572 2665 πορεὺσομαι
599 2637 605 2662 ;
635 2625 714 2654 Δέδια
740 2628 800 2665 περὶ
829 2630 860 2656 τῆ

100 2695 121 2713 ⁸³
135 2695 244 2723 Jerem.
261 2691 309 2726 llI,
325 2693 350 2720 9.

911 1511 943 1539 in
958 1510 1031 1538 locis
1045 1510 1179 1539 excelsis.

949 1595 992 1621 24.
1005 1591 1161 1620 Christiani
1179 1591 1301 1620 nomine
1315 1593 1401 1618 tenus
1418 1592 1487 1618 sunt
1502 1589 1596 1617 Alani.
1616 1588 1701 1621 Quod
1709 1588 1735 1616 si

914 1637 1025 1667 alicubi
1054 1640 1097 1665 est
1123 1644 1193 1673 pars
1221 1635 1314 1664 Jacob
1338 1635 1452 1671 aliqua,
1475 1633 1614 1662 inimicus
1642 1633 1734 1661 homo

913 1683 1024 1712 zizania
1052 1681 1311 1718 superseminavit.
1337 1681 1412 1708 Nam
1436 1679 1487 1708 etsi
1518 1679 1547 1707 in
1572 1680 1733 1711 senectute,

914 1730 987 1757 Sara
1019 1729 1120 1756 tamen
1154 1726 1287 1763 peperit;
1325 1724 1379 1753 sed
1408 1725 1568 1752 insectatur
1598 1725 1736 1751 lsaacum

913 1772 1029 1801 Ismael.
1047 1773 1080 1799 Et
1094 1771 1162 1808 quis
1177 1773 1221 1799 est
1232 1770 1385 1798 Abraham
1402 1769 1454 1805 qui
1466 1768 1611 1796 famulam
1621 1770 1700 1802 Agar
1709 1769 1737 1795 et

913 1817 1063 1845 haereseos
1075 1816 1196 1844 serviles
1210 1815 1359 1848 tenebras,
1375 1813 1466 1842 domo
1482 1812 1586 1850 procul
1595 1810 1737 1846 ableget?

914 1863 962 1890 Est
974 1862 1178 1898 mihiquoque
1194 1859 1321 1896 pusillus
1337 1858 1493 1891 exercitus,
1505 1865 1596 1894 quem
1610 1858 1687 1884 Deus
1697 1855 1737 1883 ab

912 1906 1106 1935 intellectuali
1117 1905 1269 1933 Pharaone
1284 1903 1379 1939 eripit.
1398 1905 1480 1931 Hunc
1492 1910 1548 1937 ego
1563 1901 1662 1931 dUCto,
1676 1908 1739 1928 non

914 1951 1037 1988 quidem
1052 1953 1085 1978 ut
1108 1949 1181 1978 alter
1206 1950 1332 1985 Moyses,
1349 1947 1402 1975 sed
1426 1950 1527 1975 tamen
1554 1947 1655 1974 ducto.
1680 1944 1736 1974 Se!

914 1995 1044 2033 [Egyptii
1069 1995 1181 2024 tribuni
1213 1997 1444 2031 persequuntur,
1474 1999 1584 2028 nempe
1620 1990 1738 2019 animus

913 2042 1016 2070 furens
1038 2040 1112 2068 caedi
1132 2039 1264 2071 inhians,
1280 2041 1308 2066 et
1331 2041 1494 2066 lerrenarm
1507 2044 1606 2064 rerum
1623 2034 1738 2071 cupidi-

914 2089 974 2121 tas;
991 2093 1059 2122 quae
1070 2084 1198 2113 suadent
1211 2086 1242 2111 ut
1258 2091 1326 2111 cum
1345 2079 1739 2117 alienigeni,commaculen-

914 2131 978 2165 tur;
995 2130 1125 2167 denique
1137 2129 1272 2164 obliquae
1282 2128 1390 2156 mentis
1402 2127 1573 2156 volubilitas
1584 2125 1622 2154 ad
1635 2124 1738 2153 absur-

914 2175 970 2206 das
985 2176 1136 2212 quasdam
1148 2175 1314 2212 opiniones,
1331 2173 1454 2201 minime
1470 2174 1501 2199 ut
1515 2171 1693 2208 plerumque
1707 2169 1741 2198 fit

913 2221 1054 2249 renitens.
1067 2222 1101 2249 Et
1115 2220 1240 2248 ubinam
1255 2221 1298 2247 est
1312 2217 1429 2246 nebulae
1447 2216 1599 2250 columna,
1615 2224 1683 2252 (1118?.
1698 2223 1740 2243 se-

914 2266 1102 2302 parationem
1109 2265 1250 2301 praestet?
1258 2263 1302 2291 vel
1314 2262 1470 2300 quomodo
1476 2262 1610 2296 gentium
1618 2260 1741 2289 recessit

916 2318 999 2338 mare
1011 2310 1024 2337 ἓν
1040 2311 1104 2338 Heu
1118 2309 1201 2344 mihi,
1219 2309 1268 2338 cui
1283 2315 1407 2345 pascere
1423 2314 1529 2343 greges
1544 2306 1742 2335 commissum

915 2358 959 2384 est
972 2355 1010 2383 de
1024 2354 1212 2391 baptismatis
1226 2353 1346 2382 lavacro
1361 2351 1556 2380 ascendentes
1568 2351 1574 2378 l
1584 2350 1742 2379 Pascitau-

916 2402 977 2429 tem
1002 2400 1058 2428 hos
1081 2399 1181 2435 potius
1200 2397 1382 2426 inﬁdelitatis
1404 2404 1498 2425 mors.
1525 2397 1580 2424 Ore
1606 2394 1740 2432 quidem,

917 2453 996 2482 aegre
1010 2445 1088 2479 dico,
1105 2443 1286 2472 conﬁtentur
1301 2442 1340 2470 ad
1365 2441 1490 2470 salutem
1504 2450 1509 2475 ;
1529 2447 1625 2476 neque
1641 2441 1742 2466 tamen

917 2493 1006 2521 antea
1019 2489 1146 2518 credunt
1155 2488 1244 2517 corde
1257 2487 1296 2516 ad
1309 2487 1465 2523 justitiam.
1481 2483 1579 2514 Simile
1590 2485 1634 2511 est
1647 2482 1739 2510 illud:

917 2535 1004 2564 Periit
1027 2533 1184 2570 religiosus
1208 2533 1249 2561 ab
1263 2532 1321 2560 hac
1346 2534 1423 2560 terra
1443 2537 1529 2562 mea;
1556 2534 1653 2563 neque
1677 2526 1742 2554 haec

919 2579 993 2609 mihi
1012 2578 1147 2608 stationis
1163 2577 1281 2614 requies
1295 2579 1346 2605 est.

954 2627 998 2653 25.
1020 2625 1095 2652 Num
1112 2630 1184 2658 ergo
1207 2629 1333 2657 surgens
1348 2619 1463 2648 abibo?
1477 2619 1584 2645 Vereor
1605 2623 1643 2644 ne
1667 2616 1742 2645 forte
