1948 3079
220 108 271 136 611

220 213 270 241 Hic
297 213 420 250 quidem
445 222 513 242 cum
545 213 687 242 Achaabo
710 213 915 248 famularetur,
942 223 1042 250 genua

219 259 322 286 tamen
338 257 418 286 Baali
434 265 494 286 non
506 258 586 286 ﬂexit
598 258 630 286 η.
647 259 741 287 Metuo
756 258 846 287 etiam
862 259 976 295 pusillae
994 260 1042 294 ju-

220 305 334 331 storum
350 303 437 335 sorti;
452 310 524 331 nam
538 303 623 337 virga
640 303 803 339 impiorum
824 306 1039 332 comm0vetur.

220 347 297 380 Quid
310 348 418 376 faciam
429 348 443 376 ?
455 348 509 376 Ubi
521 349 589 376 Jesu
602 347 766 384 ﬂagellum,
779 350 812 376 ut
825 348 917 377 Patris
930 349 1041 376 domus

219 393 381 428 purgetur?
405 392 459 420 Odi
484 392 641 421 ecclesiam
664 392 912 428 malignantium:
936 393 989 421 sed
1009 393 1041 421 in

218 436 299 465 hanc
311 437 462 472 projectus
477 437 530 470 fui,
545 437 597 473 qui
618 437 820 466 sacerdotium
834 440 944 466 temere
959 446 1041 466 assu-

218 489 300 510 mere
326 489 420 510 ausus
435 490 503 510 sum
516 492 522 511 :
541 494 554 508 ιε
567 484 670 511 Nonne
685 482 819 511 odientes
834 484 872 518 te,
895 483 1019 511 Domine
1031 505 1039 518 ,

218 526 343 555 oderam
351 528 380 555 et
391 534 482 563 super
491 527 628 555 inimicos
643 529 709 556 tuos
725 527 918 556 tabescebam
931 529 945 556 ιι
955 540 970 554 ››
984 529 1041 556 Cur

219 570 422 599 maledictioni
447 571 489 599 illi
519 571 662 600 audacter
685 580 734 600 me
764 572 888 608 objeci‘?
924 573 1038 601 Caelum

219 622 334 643 aeneum
358 618 513 652 reputatus
532 623 588 651 ego
614 624 692 651 sum,
718 618 798 645 terra
817 617 914 646 ferrea
941 625 1040 654 neque

219 662 303 688 arata
315 667 413 695 neque
424 662 490 688 sata
499 659 658 688 hereditas
670 669 750 689 mea.
769 662 915 694 Quisnam
931 662 1040 690 Paulus

218 711 324 732 rursus
344 704 399 732 hos
413 705 569 740 parturiat,
585 705 682 733 donec
696 705 840 734 formetur
856 707 886 734 in
901 707 943 734 eis
959 707 1041 735 Chri-

219 748 286 776 tus?
300 749 386 777 Nothi
408 749 508 777 adhuc
522 751 551 777 et
565 757 625 777 non
640 749 701 785 ﬁlii,
731 750 803 786 quia
818 751 976 780 fascinavit
989 759 1040 780 eas

218 792 356 827 Satanas,
374 801 413 821 ne
431 793 500 829 quis
533 793 649 822 veritati
672 794 746 822 forte
767 795 878 828 credat,
904 798 993 832 atque
1009 797 1040 824 ut

697 104 874 136 THEODORI
894 107 1032 136 ALANIE
1050 106 1210 137 EPISCOPI
1228 106 1414 135 ALANICUS.

219 167 396 197 hocmalum
404 168 589 205 participem.
597 170 672 197 Num
681 169 760 197 enim
772 178 839 198 sum
845 177 901 205 ego
910 170 1039 198 Abdias?

1097 173 1142 196 τοῦ
1163 173 1244 196 κακοῦ
1264 169 1414 206 μεταλήψιυ
1435 171 1471 206 μὴ
1495 169 1547 207 γὰρ
1649 167 1758 196 Ἀϐδιοῦ
1788 177 1796 202 ;

1847 107 1915 135 412

1824 172 1897 197 Υπη
1903 183 1914 188 -

1095 216 1206 251 ρετὴσας
1228 212 1258 241 δὲ
1282 215 1334 251 ἄρα
1362 213 1453 244 ἐκεῖνος
1475 217 1512 249 τῷ
1539 213 1656 249 Ἀχαίας,
1678 216 1741 250 ¹γόνυ
1766 217 1798 249 τῇ
1826 212 1914 239 Βάαλ

1095 259 1142 286 οὐκ
1164 258 1273 296 ἔκαμψε.
1299 257 1378 286 Δέδια
1409 259 1432 276 ¹⁴
1454 261 1498 285 καὶ
1527 261 1585 295 περὶ
1608 262 1643 294 τῷ
1671 262 1756 295 μικρῷ
1778 261 1830 284 τῶν
1864 255 1914 284 δι-

1094 306 1174 330 καίων
1200 303 1297 340 κλήρῳ·
1326 304 1341 332 ἠ
1366 301 1466 341 ῥάϐδος
1491 304 1540 341 γὰρ
1568 307 1618 329 τῶν
1644 302 1803 340 ἁμαρτῶλῶν
1846 303 1913 328 ἔπι-

1096 351 1202 375 σιίεται.
1227 351 1270 379 Τίς
1296 347 1346 384 ὶγὼ
1369 350 1504 385 γίνωμαις
1530 351 1584 374 ῐίοῦ
1604 350 1633 374 τὸ
1662 347 1816 384 φραγνέλιον
1850 347 1913 375 Ἰη-

1095 396 1153 428 σοῦ,
1177 394 1220 420 ἴνα
1243 394 1256 419 ὁ
1279 397 1347 424 οἰκος
1367 397 1414 420 τοῦ
1429 394 1531 430 Πατρός
1554 393 1735 429 ἑκκαθαίροιτο
1759 391 1913 420 ΙῈὶσησα

1094 437 1233 467 ἐκκλησίαν
1270 440 1488 475 πονηρευομένων·
1523 437 1576 463 ἁλλ’
1610 437 1646 468 εὶς
1678 438 1778 466 ταύτην
1819 435 1912 472 ἀπέρ-

1093 483 1200 520 ῥιμμαι,
1227 485 1267 510 ὅτι
1290 487 1424 520 προπιτῶς
1454 483 1595 520 ἱερωσύνην
1622 481 1767 520 ἇοάρῥησα,
1786 493 1801 507 ‹‹
1823 480 1911 518 Οὗχὶ

1093 529 1150 558 τοὺς
1178 529 1319 564 μισοῦντας
1347 537 1385 562 σε,
1416 528 1505 565 Κύριε,
1534 527 1660 564 ἐμίσησα,
1695 529 1740 553 καὶ
1767 527 1814 552 επὶ
1847 529 1912 556 τοῖς

1094 570 1200 608 ἐχθροῖς
1216 581 1263 598 σου
1279 572 1438 609 ἐξετηκόμην
1455 579 1462 606 ;
1479 582 1493 596 ››
1509 571 1566 599 Ἶνα
1579 574 1605 597 τί
1627 572 1660 598 τὰ
1673 575 1722 601 τῆς
1743 571 1811 607 ἀρᾶς
1835 569 1912 596 ἐκει-

1093 625 1140 646 νης
1163 615 1317 654 “cippum;
1334 619 1386 644 Καὶ
1412 616 1527 653 χαλκοῦς
1614 615 1721 652 οὐρανὸς
1754 615 1909 651 ἒνομίσθην

1094 661 1154 697 ἐγὼ,
1180 660 1280 700 σιδηρᾶ
1308 660 1338 688 δι
1364 667 1409 697 γῆ,
1434 665 1478 688 καὶ
1507 662 1638 700 ἆσπαρτος
1659 664 1704 687 καὶ
1729 662 1861 697 ἀνήροτος
1890 660 1907 688 ἡ

1094 706 1252 744 κληρονομία
1277 717 1336 743 μου·
1362 706 1395 733 Ὠ
1422 709 1462 737 τίς
1489 706 1591 738 Παύλος
1619 708 1663 732 καὶ
1693 705 1771 732 πάλιν
1806 703 1905 732 ὤδινεο

1094 751 1213 781 τούτους,
1235 751 1316 788 ἄχρις
1354 749 1383 777 οὖ
1413 752 1536 788 μορφωθῇ
1564 751 1681 788 Χριστὸς
1706 749 1731 776 ἓν
1764 750 1862 779 αὐτοῖς
1897 757 1905 781 ;

1095 796 1177 822 Νοθοι
1201 793 1231 821 δε
1258 796 1319 833 ἄρτι
1346 797 1390 821 καὶ
1415 795 1468 830 οὐχ
1489 794 1544 821 υἱοί
1571 795 1611 821 ὅτι
1637 793 1778 823 ἰϐάσκηνεν
1807 794 1906 824 αὐτοῖς

220 836 278 865 sint
290 837 431 874 deinceps
445 837 628 866 inﬁdelitatis
639 838 702 866 ﬁlii.
720 839 797 867 Iram
820 840 920 874 timeo,
935 848 1039 869 revera

1095 841 1108 866 ὁ
1122 843 1244 873 Σατανᾶς,
1257 841 1298 866 ἵνα
1313 842 1361 876 μὴ,
1384 843 1415 869 τῆ
1442 839 1549 876 ἀληθιίᾳ
1563 839 1586 866 εἰ
1611 841 1656 865 καὶ
1670 840 1821 872 πείθωνται,
1855 840 1906 864 καὶ

218 881 300 910 enim
310 884 381 910 sunt
390 890 466 911 vasa
476 882 526 910 irae
537 882 577 911 ad
588 883 787 919 perditionem
804 884 944 913 formata.
964 885 1039 913 Heul

218 925 350 954 ferarum
376 927 480 955 dentes
508 927 607 961 video,
636 935 705 956 cum
735 928 833 957 furore
859 929 1040 965 rapientium

218 978 310 1006 super
324 972 450 1000 terraml
468 973 541 1000 Nam
556 980 695 1001 meorum
712 973 842 1008 insignia
857 974 946 1002 veluti
960 977 1039 1008 sunt,

216 1015 378 1044 homicidia
393 1016 424 1044 in
443 1016 548 1052 primis
563 1019 592 1045 et
606 1017 665 1045 alia
685 1018 828 1046 mortium
843 1026 962 1053 genera.
979 1021 1040 1048 Heu

217 1060 334 1088 Dathan
349 1062 438 1097 atque
460 1061 573 1090 Abiron
585 1062 659 1090 mihi
673 1062 808 1091 inhiant:
831 1065 860 1091 et
873 1065 942 1100 quis
957 1064 1042 1093 adest

217 1109 327 1139 Aaron,
345 1108 376 1133 ut
388 1106 464 1134 Deus
478 1106 620 1135 miracula
634 1106 728 1135 edat?
739 1107 901 1136 Sacerdotii
911 1108 1040 1144 dignitas

217 1149 395 1178 conculcata
402 1152 456 1185 est,
465 1154 493 1179 et
509 1151 578 1188 quis
594 1151 820 1187 adestSamuel,
832 1155 865 1182 ut
875 1155 951 1182 Deus
963 1153 1040 1189 inju-

217 1194 294 1222 riam
299 1202 355 1223 ceu
360 1195 480 1224 sibimet
485 1195 598 1224 illatam
604 1199 721 1233 reputet
729 1197 743 1226 7
752 1198 954 1227 «luvocabant
960 1198 1040 1227 enim

216 1237 259 1266 illi
285 1239 456 1273 Dominum,
484 1243 513 1268 et
537 1241 600 1276 ipse
628 1241 810 1270 exaudiebat
842 1250 911 1271 eos:
938 1243 969 1271 in
992 1251 1039 1271 co-

216 1282 322 1312 lumna
329 1283 420 1313 nubis
430 1284 611 1321 loquebatur
616 1285 668 1314 eis.
679 1297 694 1312 »ι
701 1287 812 1323 Nempe
821 1295 878 1323 ego
883 1295 1040 1316 sacrorum

216 1328 454 1357 testimoniorum
473 1330 644 1358 custodiam
658 1331 735 1359 serio
749 1332 890 1360 observo.
907 1333 1040 1361 Fortasse

216 1372 304 1409 aliqis
319 1373 468 1402 calvitiem
482 1382 604 1411 quoque
633 1375 748 1409 irridet,
764 1376 790 1404 si
804 1376 878 1405 forte
891 1376 969 1413 pileo
991 1384 1040 1405 me

215 1425 336 1451 exuam,
347 1419 380 1446 ut
391 1426 461 1447 cum
470 1418 531 1447 ﬁde
541 1419 622 1447 haud
631 1419 732 1448 velata
741 1428 828 1449 sacro
839 1429 965 1450 munere
975 1421 1042 1450 fun-

217 1461 358 1497 gar.0uis
371 1462 466 1490 aderit
480 1462 602 1491 Elismus
620 1466 653 1491 ut
664 1463 786 1500 culpam
797 1465 873 1494 ultio
885 1473 956 1494 mox
969 1466 1040 1494 sub-

217 1507 384 1558 sequatur?
406 1506 664 1558 Elimﬁdisipulum
678 1508 894 1558 audacter-me
921 1510 1038 1558 dicam:
1055 1529 1075 1558 ο

217 1550 269 1578 sed
281 1558 343 1579 non
353 1551 464 1580 idcirco
480 1551 603 1580 Eliseeus
618 1561 696 1581 sum.
716 1554 748 1582 Et
769 1554 896 1589 gratiam
918 1555 1039 1591 quidem

216 1596 344 1632 suscepi,
362 1596 416 1624 sed
430 1605 492 1625 non
508 1596 618 1626 idcirco
638 1600 721 1626 extra
739 1598 923 1627 caducarum
938 1608 1039 1628 rerum

214 1639 361 1676 impetum
368 1649 446 1676 sum,
456 1649 553 1678 neque
566 1642 597 1670 in
605 1649 712 1678 pacem
720 1644 801 1671 extra
813 1651 936 1672 omnem
947 1644 1040 1672 animi

214 1685 472 1721 perturbationem
482 1686 635 1721 ingressus
662 1695 740 1715 sum.
754 1689 787 1715 Et
796 1688 870 1723 quid
879 1688 1000 1722 mirum,
1014 1689 1040 1716 si

214 1737 320 1757 rursus
328 1731 443 1766 Moyses
454 1730 517 1758 dux
531 1731 578 1765 sit,
592 1733 621 1759 et
630 1730 826 1760 nihilominus
835 1732 1039 1761 itinerantium

215 1773 354 1802 membra
373 1775 405 1802 in
430 1774 548 1803 deserto
571 1775 757 1804 ceciderint?
773 1777 847 1804 Nam
863 1784 900 1804 ex
923 1777 1038 1805 vocatis

214 1818 305 1854 pauci
318 1821 389 1847 sunt
399 1819 493 1848 electi.

250 1909 294 1937 26.
314 1908 372 1937 Sed
385 1916 546 1945 quousque
560 1908 590 1937 in
605 1908 652 1937 his
666 1909 799 1938 dilatabo
813 1910 993 1944 orationem,
1010 1913 1039 1940 et

215 1961 278 1982 non
300 1953 385 1981 illum
402 1953 502 1990 potius
531 1961 657 1990 scopum
685 1954 857 1989 attingam?
881 1963 990 1992 nempe
1006 1958 1039 1985 ut

215 2006 320 2034 rogem
332 2002 486 2035 pastorem
494 2006 609 2034 meum,
624 2001 652 2027 et
664 1999 768 2028 fratres
782 2000 872 2028 simul
884 2001 1039 2037 deprecer.

217 2043 321 2080 Utique
338 2051 375 2071 ex
387 2045 491 2072 ventre
503 2043 590 2072 inferi
604 2043 727 2072 audient
745 2043 909 2073 clamorem
924 2053 1037 2074 meum.

215 2088 304 2117 Eleva
318 2088 357 2117 ad
373 2089 466 2116 Deum
484 2088 598 2121 oculos,
619 2097 637 2116 ο
652 2091 753 2125 pater:
770 2091 891 2118 sanctas
912 2091 1039 2119 extende

215 2140 336 2167 manus,
361 2133 442 2161 unde
458 2132 532 2161 mihi
551 2133 709 2162 sacerdotii
727 2134 854 2169 gratiam
868 2135 1038 2170 postulasti.

214 2178 281 2205 Pete
290 2184 371 2205 nunc
382 2179 416 2204 ut
430 2185 552 2206 cursum
567 2185 786 2212 consummem,
799 2178 891 2207 ﬁdem
911 2187 1038 2214 servem,

213 2222 448 2258 praevaricantes
472 2223 598 2251 doceam
620 2223 686 2251 vias
706 2223 833 2259 Domini,
857 2224 1039 2261 irreligiosos

214 2269 407 2295 convertam:
425 2267 448 2295 si
462 2267 587 2304 quando
601 2267 666 2296 haac
680 2268 770 2296 nobis
785 2268 930 2297 Dominus
947 2269 1039 2298 bene-

213 2311 281 2339 ﬁcia
297 2311 399 2340 addat.
417 2313 498 2341 Ferte
518 2313 548 2341 in
563 2313 620 2342 hoc
640 2320 730 2349 opem
745 2313 823 2349 patri
843 2321 898 2342 vos
917 2321 1040 2352 quoque

214 2356 415 2385 amantissimi
426 2357 531 2386 fratres
544 2365 550 2385 :
567 2358 723 2386 communi
737 2365 772 2386 ac
787 2358 915 2394 principi
925 2359 1039 2395 pastori

213 2401 423 2430 commendate
438 2410 496 2436 me,
510 2402 562 2438 qui
581 2402 645 2437 regi
658 2402 758 2438 potius
772 2410 866 2439 quam
878 2410 980 2439 regere
996 2404 1040 2432 in-

212 2445 313 2482 digeo.
335 2448 471 2475 Fortasse
492 2446 700 2475 recordabitur
714 2447 897 2476 mirabilium
912 2456 1039 2477 suorum

212 2491 237 2519 is
251 2491 303 2528 qui
318 2491 463 2528 parvulos
484 2491 632 2520 custodit:
648 2491 776 2521 fortasse
796 2493 976 2521 memoriam
997 2493 1040 2522 fa-

212 2537 268 2564 ciet
294 2544 423 2573 operum
449 2544 583 2570 suorum,
599 2536 652 2573 qui
676 2539 785 2566 terram
800 2537 982 2575 inaquosam
1006 2539 1038 2568 in

212 2588 363 2617 aquarum
375 2581 589 2616 scaturiginem
600 2583 705 2609 mutat.
717 2583 792 2610 Nam
805 2582 830 2611 si
839 2583 970 2612 exsiccat
985 2584 1038 2613 ﬂu-

211 2625 276 2654 vios
292 2626 399 2660 Ethan,
417 2628 445 2654 et
473 2628 582 2654 terram
596 2625 780 2655 fructifersm
808 2627 893 2663 ponit
903 2628 933 2656 in
943 2628 1037 2657 salsu-

211 2669 323 2705 ginem,
332 2670 413 2699 idem
428 2670 624 2699 nihilominus
639 2670 758 2700 datmel
773 2679 879 2707 sugerc
897 2671 936 2701 de
944 2675 1039 2710 petra,

250 2757 273 2775 ¹⁴
289 2759 324 2786 llI
333 2759 404 2795 Reg.
417 2766 499 2793 xvui,
515 2761 543 2790 3.

1094 884 1183 910 λοιπὸν
1211 887 1257 914 τῆς
1281 883 1413 915 ἀπειθείας
1427 886 1491 911 υἱοί.
1517 885 1566 910 Καὶ
1595 881 1706 910 δέδοικα
1728 885 1776 912 τὴν
1801 882 1903 919 ὀργήν

1095 931 1174 960 ὅντως
1205 930 1256 966 γὰρ
1292 930 1371 958 σκεύη
1404 929 1486 966 ὀργῆς
1519 929 1716 965 κατηρτισμένα
1756 928 1826 954 εἰσιν
1865 927 1905 958 εἰς

1094 973 1232 1001 ἁπώλιιαν.
1265 975 1345 1009 Οἶμοι
1368 973 1374 1000 l
1403 974 1443 1000 ὃτι
1471 974 1568 1011 θηρίων
1596 971 1708 1004 ὀδόντας
1744 973 1796 1010 ὁρῶ
1831 973 1904 1008 μετὰ

1096 1019 1179 1054 θυμοῦ
1211 1020 1341 1055 συρόντων
1375 1018 1418 1045 ἰπὶ
1449 1022 1497 1049 τῆς
1526 1022 1587 1054 γῆς’
1629 1018 1664 1044 τὰ
1693 1017 1744 1053 γὰρ
1775 1015 1904 1053 ἓπίσημα

1094 1067 1143 1088 τῶν
1169 1062 1235 1099 ἐμῶν
1260 1065 1336 1099 φόνος
1360 1064 1388 1088 τὸ
1413 1066 1525 1100 πρῶτον,
1559 1064 1604 1089 καὶ
1632 1061 1713 1088 ἀλλων
1741 1062 1815 1087 ἔθνεα
1851 1070 1902 1090 κη-

1093 1111 1154 1143 ρῶν.
1178 1108 1268 1144 Οῖμοι,
1299 1108 1340 1134 ὅτι
1367 1108 1452 1134 nam
1475 1109 1521 1133 καὶ
1542 1106 1665 1144 me:th
1693 1115 1725 1143 με
1748 1107 1901 1143 πιρικεχή-

1092 1160 1164 1178 νασι⁴
1189 1154 1234 1178 καὶ
1258 1154 1297 1183 τίς
1323 1152 1423 1190 Ἀαρὼν
1450 1153 1493 1178 ἵνα
1517 1153 1705 1189 τιρατουργοίη
1735 1153 1825 1184 em;
1846 1152 1902 1177 Kal

1093 1198 1123 1223 τὸ
1143 1201 1190 1228 τῆς
1210 1196 1350 1234 ίερωσύνης
1371 1197 1603 1227 κατεζουθένηται·
1626 1199 1672 1223 καὶ
1694 1198 1735 1227 τίς
1757 1195 1898 1232 Σαμουὴλ,

1095 1243 1136 1267 ἶνα
1148 1243 1177 1268 τὸ
1192 1243 1295 1278 γεγονὸς
1318 1243 1355 1273 εἷς
1369 1241 1460 1268 ἱαυτὸν
1479 1243 1544 1273 Θεὸς
1568 1240 1720 1273 ἀναδέξοιτο
1735 1249 1742 1274 ;
1767 1241 1901 1267 «Ἐπικα-

1093 1286 1184 1312 λοῡντο
1209 1286 1261 1323 ’γὰρ
1288 1285 1380 1313 ἐκεῖνοι
1401 1287 1445 1313 τὸν
1471 1287 1576 1323 Κύριον,
1601 1288 1647 1312 καὶ
1670 1287 1747 1316 αὐτὸς
1769 1285 1900 1314 εἰσ-ἠκου-

1095 1339 1138 1357 σεν
1162 1330 1257 1357 αὐτῶν⁸
1283 1330 1308 1356 ἄν
1333 1331 1419 1358 στύλῶ
1439 1331 1542 1367 νεφιλης
1561 1330 1644 1358 ἕλάλει
1667 1332 1730 1368 πρὸς
1746 1329 1857 1361 αὐτοῦς.
1885 1339 1897 1355 ι

1094 1374 1151 1411 ’Ἆρ’
1176 1379 1220 1402 οῦν
1248 1375 1298 1412 ἐγὼ
1323 1379 1374 1402 τῶν
1402 1378 1552 1414 μαρτυρίων
1579 1378 1627 1405 τὴν
1655 1374 1772 1411 φυλακὴν
1803 1374 1901 1411 ἄθεμιν

1094 1422 1153 1456 περὶ
1169 1418 1287 1456 σπουδῇ.
1313 1421 1394 1456 Τάχα
1407 1430 1445 1451 τις
1467 1419 1654 1457 καθυϐρίζεται
1668 1421 1714 1446 καὶ
1740 1423 1791 1450 τῆς
1813 1419 1900 1455 φαλά-

1094 1474 1168 1502 κρας,
1185 1464 1208 1492 εἰ
1233 1469 1282 1491 τῶν
1304 1465 1479 1502 καλυμμάτων
1508 1465 1695 1502 ἀπογυμνοᾶο,
1723 1464 1756 1490 ἶν’
1772 1463 1903 1500 ἀκαλυφεῖ

1094 1513 1126 1546 τῇ
1150 1512 1237 1536 πίστει
1258 1510 1395 1548 ἱερατεύοι,
1425 1512 1475 1537 Καὶ
1501 1512 1540 1541 τις
1554 1509 1713 1544 Ἐλισσαῖος,
1738 1508 1768 1535 ἶν’
1789 1510 1805 1538 ἡ
1834 1507 1899 1537 δικη

1094 1556 1241 1591 παρέποιτο
1271 1562 1278 1588 ;
1311 1554 1401 1581 Ἠλιοῦ
1433 1555 1479 1591 μιν
1508 1556 1560 1592 γὰρ
1589 1553 1714 1593 θαρῥήσω
1745 1553 1831 1590 λέγειν
1866 1555 1901 1584 ὡς

1095 1600 1304 1635 μεμαθήτευμαυ
1349 1598 1458 1625 ἀλλὀὐκ
1493 1598 1606 1626 ἐντεῦθεν
1644 1598 1806 1629 ’Ἐλισσαῖος
1834 1597 1897 1634 ἐγώ·

1094 1646 1140 1670 καὶ
1163 1645 1244 1681 χάριν
1266 1645 1311 1680 μὲν
1331 1642 1461 1680 ἆδεξάμην
1498 1643 1551 1670 ἀλλ’
1578 1643 1608 1670 οὐ
1644 1644 1727 1680 ταὺτῃ
1765 1645 1813 1670 καὶ
1851 1645 1897 1672 τὴν

1094 1691 1145 1714 τῶν
1170 1689 1280 1725 ῥεόντων
1301 1688 1435 1725 παρῆλθον
1459 1690 1549 1726 φοράν.
1576 1686 1636 1715 οὐδ’
1658 1690 1693 1719 είς
1718 1690 1766 1717 τὴν
1791 1687 1897 1724 εἰρήνης

1095 1732 1215 1762 εἰσῆλθον
1229 1732 1366 1762 ἀπάθειαν.
1383 1736 1434 1761 Καὶ
1445 1736 1472 1760 τί
1490 1734 1589 1768 καινὸν,
1615 1733 1637 1760 ιί
1654 1735 1700 1760 καὶ
1712 1732 1792 1759 πᾶλιν
1815 1736 1894 1760 Memi-

1095 1781 1146 1809 σῆς
1173 1776 1277 1814 ὁδηγεῖ,
1305 1782 1355 1805 τῶν
1383 1777 1566 1815 ὀδηγουμένων
1593 1776 1623 1805 δὴ
1646 1778 1681 1804 τὰ
1709 1777 1782 1804 κῶλα
1808 1777 1835 1803 ἓν
1863 1780 1894 1814 τῇ

1094 1821 1182 1859 ἆρήμῳ
1204 1825 1346 1850 και-ἐπισον
1370 1831 1378 1857 ;
1403 1826 1459 1850 Τῶν
1484 1824 1534 1861 γὰρ
1560 1822 1662 1852 κλητῶν
1690 1822 1775 1859 ὀλίγοι
1803 1822 1830 1849 οἱ
1856 1822 1895 1849 ἐι-

1093 1866 1189 1894 λεκτοί.

1130 1911 1178 1943 ις’.
1203 1912 1281 1939 Ἀλλὰ
1306 1915 1388 1949 μέχρι
1413 1914 1484 1944 τίνος
1510 1914 1612 1944 τούτοις
1639 1912 1894 1949 ἓμπλατυνθήσομαι

1094 1959 1140 1984 καὶ
1163 1957 1210 1984 οὐκ
1225 1956 1320 1985 ἄκείνου
1347 1957 1441 1994 μᾶλλον
1457 1960 1564 1994 γίνομαι
1577 1961 1624 1984 τοῦ
1648 1961 1748 1984 σκοποῦ
1765 1967 1772 1991 ;
1786 1960 1894 1986 αἰτήσο-

1095 2011 1143 2038 μαι
1158 2004 1201 2028 τὸν
1212 2001 1272 2038 ἐμόν
1295 2004 1415 2038 ποιμένα,
1428 2000 1581 2032 δυσωπήσειν
1595 2004 1654 2033 τοὺς
1668 2001 1807 2038 ἀδελφούς.
1827 2001 1895 2040 ’Δρα

1094 2045 1122 2074 ἔκ
1141 2047 1239 2078 κοιλίας
1255 2045 1322 2082 ᾅδου
1336 2048 1454 2085 κραὺγῆς
1478 2057 1527 2079 μου
1549 2047 1717 2074 ὰκουσονται·
1737 2046 1818 2083 τΔρον
1833 2048 1894 2083 πρὸς

1096 2093 1162 2118 ϐιὸν
1175 2091 1334 2128 ὅφαθλμοὺς,
1355 2091 1374 2117 ὦ
1396 2093 1488 2130 πάτερ·
1504 2094 1614 2119 ἔκτειναν
1629 2093 1706 2123 ὁσίας
1719 2095 1825 2129 χιῖρας,
1838 2092 1892 2118 ὃθεν

1096 2137 1159 2172 ἡμῖν
1173 2139 1220 2166 τὴν
1233 2137 1315 2173 χάριν
1329 2139 1430 2173 ᾐτήσω·
1453 2139 1499 2164 καὶ
1522 2139 1566 2164 τὸν
1582 2136 1680 2175 δρόμον
1702 2137 1834 2163 ἐκτιλέσαι
1851 2140 1893 2162 νῦν

1095 2182 1215 2216 αἴτησαι,
1235 2184 1283 2212 τὴν
1299 2184 1389 2209 πίστιν
1404 2187 1530 2220 τηρῆσαι,
1548 2180 1658 2214 διδάξαι
1678 2183 1792 2218 ἀνόμους
1815 2180 1893 2212 ὁδοὺς

1096 2228 1204 2263 Κυρίου,
1224 2225 1324 2257 ἀσεϐεῖς
1352 2226 1518 2265 ἐπιστρέψαι.
1547 2229 1571 2254 ιῖ
1595 2236 1656 2254 ποτε
1684 2227 1812 2264 προσθείη
1846 2227 1894 2253 Κύ-

1095 2281 1149 2309 ριος
1181 2271 1220 2308 ἔφ’
1244 2272 1324 2308 ἡμᾶς.
1354 2275 1542 2309 Συμπονησατε
1567 2276 1604 2308 τῷ
1625 2274 1707 2309 πατρὶ
1733 2274 1780 2298 καὶ
1809 2272 1891 2308 ὑμεῖς,

1096 2314 1203 2353 ἀδελφοὶ
1234 2317 1280 2344 καὶ
1315 2315 1457 2353 φιλάδιλοι·
1489 2317 1638 2354 παράθεσθό
1673 2325 1705 2353 με
1740 2320 1777 2352 τῷ
1816 2319 1892 2351 κοινῷ

1095 2363 1140 2387 καὶ
1162 2363 1257 2398 πρώτῳ
1275 2363 1378 2398 ποιμένι
1400 2363 1447 2388 τὸυ
1469 2361 1656 2398 ποιμαίνεσθαι
1680 2360 1776 2397 μᾶλλον
1790 2363 1807 2390 ἦ
1838 2370 1893 2388 ποι-

1095 2408 1183 2442 μαίνεν
1214 2405 1343 2443 δεόμενον.
1381 2406 1456 2438 Ἴσως
1493 2407 1675 2443 μνησθήσεται
1706 2410 1757 2432 τῶν
1791 2406 1891 2442 Θαυμα-

1096 2453 1159 2478 σίων
1172 2450 1252 2477 αύτοῠ
1273 2451 1287 2477 ὁ
1307 2450 1446 2487 φυλάσσων
1469 2452 1503 2478 τὰ
1525 2453 1616 2480 νήπια·
1640 2452 1705 2482 ἳσως
1729 2452 1820 2487 μνείαν
1845 2454 1892 2476 τῶν

1094 2497 1175 2532 ἔργων
1201 2495 1280 2522 αὐτοῦ
1295 2498 1435 2525 ποιήσεται
1450 2497 1463 2522 ὁ
1485 2500 1534 2532 γῆν
1558 2493 1672 2532 ἄνυδρον
1691 2496 1727 2527 εἰς
1757 2493 1892 2526 διεξόδους

1094 2538 1198 2567 ὐδάτων
1226 2549 1382 2577 μεταποιων·
1408 2541 1439 2568 Εἰ
1462 2542 1514 2578 γὰρ
1542 2543 1587 2567 καὶ
1618 2540 1733 2577 ξηραίνει
1759 2543 1891 2576 ποταμοῦς

1095 2585 1186 2620 Ἦθὰν,
1213 2588 1260 2612 καὶ
1291 2589 1341 2621 ’νῆν
1380 2588 1545 2623 καρποφόρον
1578 2585 1614 2616 εἰς
1655 2585 1740 2621 ἅλμην
1774 2586 1889 2618 τὶθησιν,

1095 2629 1160 2656 ἀλλὰ
1182 2632 1228 2656 χαὶ
1249 2629 1307 2666 μελι
1331 2631 1454 2667 θηγάζειν
1477 2630 1505 2657 ἐκ
1527 2632 1624 2667 πέτρας
1652 2628 1763 2664 δίδωσι,
1789 2631 1835 2655 καὶ
1870 2629 1892 2655 ix

1096 2677 1198 2713 στερεᾶς
1225 2676 1320 2713 πέτρας
1344 2675 1439 2703 ἔλαιονι
1462 2677 1502 2708 τίς
1517 2673 1588 2703 οῐδιν
1610 2674 1633 2702 εἰ
1657 2674 1715 2702 ἀντὶ
1737 2672 1832 2705 κνίδης
1850 2675 1891 2700 καὶ
