1948 3079
219 118 271 145 415
857 117 988 145 THEODC

1152 116 1258 144 IENSIS
1857 114 1921 141 416

218 179 264 207 ira
277 185 334 206 nos
345 178 569 207 adnotabimus.
585 178 697 207 Titulus
711 181 812 206 autem
822 178 921 214 operis
934 178 981 206 illc
993 181 1047 210 est,
1063 185 1154 214 quem
1173 186 1229 206 nos
1243 177 1322 213 typis
1337 176 1529 213 impriminus
1545 186 1551 204 :
1571 176 1628 204 nisi
1647 176 1730 212 quod
1751 175 1923 203 mendose

218 222 249 250 in
273 222 407 251 secundo
436 222 539 250 codice
557 223 700 251 Nicolaus
720 222 858 250 scribitur
879 230 933 258 pro
957 223 1120 256 Theodoro,
1136 222 1250 250 librarii
1271 221 1414 249 nimirum
1429 220 1551 256 ἀϐλεψίᾳ,
1565 221 1616 257 qui
1632 223 1701 248 tunc
1719 220 1856 248 fortasse
1877 219 1922 246 de

219 267 340 295 Nicolao
355 267 493 295 Cabasila
508 267 666 302 cogitabat,
683 267 770 303 cujus
783 267 938 302 liturgicus
953 266 1187 295 commentarius
1199 265 1318 302 jamdiu
1334 265 1432 294 editus
1447 265 1642 301 subsequitur
1662 264 1692 292 in
1711 263 1818 292 codice
1836 266 1922 300 pest

220 311 305 339 illum
317 311 473 340 Theodori.

467 400 624 436 Parergon
643 400 680 428 de
698 401 762 429 alia
781 408 875 428 sacra:
893 402 988 428 missa
1008 400 1197 435 expositione,
1219 402 1246 428 et
1266 400 1303 428 de
1321 406 1430 427 canone
1449 400 1483 427 44
1502 399 1637 427 Nica'rw.

255 481 424 518 Stephanus
440 481 607 515 Aldoensis,
625 489 705 509 anno
724 484 791 510 1670
807 482 902 510 factus
920 481 1089 518 patriarcha
1103 480 1304 508 Antiochenus
1315 479 1535 514 Maronitarum,
1548 481 1576 506 et
1587 486 1667 506 anno
1683 480 1749 506 I705
1766 477 1832 506 vita
1855 476 1917 505 de—

221 524 350 560 functus,
365 528 397 553 ut
413 525 500 553 tradit
515 529 699 554 Assemanus
712 526 743 554 in
759 526 899 561 Catalogo
911 526 1048 554 r-odicum
1065 526 1115 553 0r.
1139 525 1203 553 Vat.
1218 527 1237 552 t.
1253 525 1297 559 III,
1314 532 1345 560 p.
1361 526 1422 555 503,
1440 522 1597 560 complura
1625 522 1734 558 ingenii
1750 525 1849 558 atque
1867 522 1919 549 in-

220 569 343 597 dustriae
358 577 420 597 suae
432 572 629 598 monumenta
643 571 770 606 reliquit,
787 579 896 606 nempe
909 569 1039 598 Annales
1054 569 1212 597 orientales
1229 569 1284 602 ;de
1299 568 1413 603 origine
1430 568 1640 596 Maronitarum
1659 575 1666 599 ;
1682 567 1791 594 horum.
1805 566 1919 594 vindi-

221 613 282 641 cias
297 622 303 647 ;
317 613 388 641 item
401 613 438 642 de
453 616 548 642 metro
559 615 727 642 carminum
745 624 751 647 ;
768 623 822 642 nec
838 622 899 642 non
913 614 1080 642 Orationale
1093 614 1180 649 juxta
1192 613 1283 641 ritum
1299 612 1523 646 Maronitarum,
1537 614 1569 639 ut
1582 611 1680 639 videre
1696 613 1740 639 est
1754 611 1785 638 in
1798 613 1920 638 nostro

221 657 356 694 praedicti
369 657 500 693 Catalogi
510 658 718 694 supplemento
734 659 836 695 Script.
853 661 909 687 vet.
928 662 945 687 t.
963 660 992 686 V.
1010 658 1100 687 codd.
1117 659 1181 693 Syr.
1198 659 1260 691 302,
1276 658 1338 690 393,
1352 658 1415 690 394,
1431 658 1492 688 395,
1510 658 1570 691 396,
1584 658 1646 689 397,
1658 657 1687 683 41
1698 657 1720 689 t,
1736 656 1802 683 444.
1818 654 1921 686 Quod

221 709 293 730 vero
307 702 343 730 ad
360 710 423 730 rem
436 706 616 738 praesentem
632 703 743 738 attinet,
760 703 790 730 in
803 703 988 731 carsciunico
1001 703 1083 739 apud
1123 710 1180 730 nos
1197 701 1300 729 codice
1320 703 1372 729 400
1391 701 1558 728 continetur
1581 699 1716 735 ejusdem
1742 699 1920 728 Aldoensis

221 754 368 782 magnum
386 754 462 783 opus
475 747 512 774 de
525 746 672 775 sacriﬁcio
685 747 795 780 missae,
809 748 929 775 duobus
945 748 1034 776 tomis
1052 747 1315 783 comprehensum,
1331 753 1461 782 quorum
1477 747 1580 773 tamen
1595 745 1713 781 primus
1730 744 1827 772 deest.
1850 743 1919 771 Sed

221 798 299 826 ecce,
315 790 443 819 fortuna:
463 790 620 822 beneﬁcio.
647 791 833 820 desideratus
854 792 902 820 hic
915 793 1118 820 carsciunicus
1142 794 1250 824 tomus,
1268 790 1424 826 suppletur
1444 789 1483 818 ab
1503 789 1641 825 ejusdem
1657 788 1918 825 interpretatione

223 834 336 870 Latina,
349 843 417 872 quae
428 836 457 863 in
472 835 574 863 codice
585 835 726 864 Vaticano
741 836 812 864 7410
827 839 1030 865 conservatur.
1043 838 1158 873 Reapse
1174 844 1242 864 cum
1256 837 1350 863 totum
1361 843 1438 871 opus
1450 835 1480 862 in
1491 834 1595 862 decem
1607 836 1706 870 partes
1717 834 1783 870 (seu
1794 833 1919 862 cande-

221 879 318 913 labra,
334 882 367 908 ut
386 880 549 908 Orientales
574 880 689 909 malunt
710 880 819 916 dicere)
837 881 1042 916 distribuatur,
1059 889 1110 910 sex
1134 880 1257 918 quidem
1276 880 1390 916 priores
1413 882 1514 916 partes
1533 879 1564 907 in
1581 879 1683 907 Latino
1699 878 1916 910 continentur,

222 926 351 960 quatuor
378 932 449 952 vero
471 927 631 961 postremae
656 925 687 953 in
712 926 898 954 carsciunico
915 935 921 954 :
947 934 1008 962 quo
1023 926 1055 954 ﬁt
1075 928 1105 954 ut
1124 925 1163 953 ab
1179 927 1305 961 utroque
1323 924 1507 959 conjunctim
1530 923 1633 952 codice
1652 922 1827 959 liturgicum
1851 923 1918 950 hoc

223 968 379 996 Aldoensis
392 977 469 1005 opus
483 968 571 997 nobis
592 972 686 998 totum
708 970 924 1006 suppeditetur.
939 971 1082 1004 Quisnam
1097 978 1166 998 vero
1181 969 1268 997 fuerit
1291 968 1410 996 Latinus
1429 968 1588 1004 interpres,
1601 968 1697 996 codex
1716 975 1777 996 non
1792 967 1891 995 docet
1907 977 1914 1000 ;

223 1012 276 1040 sed
291 1013 438 1049 suspicari
452 1013 520 1041 licet
537 1013 575 1042 de
591 1014 676 1042 Petro
692 1015 850 1043 Benedicto
865 1015 915 1043 illo
930 1017 956 1044 S.
975 1015 1133 1052 Ephreemii
1146 1013 1302 1042 notissimo
1316 1014 1485 1050 interprete.
1500 1014 1633 1049 Namque
1652 1012 1800 1041 Naironus
1820 1011 1915 1048 apud

222 1060 433 1088 Assemanum,
450 1058 516 1086 loco
540 1059 724 1095 supradicto,
737 1059 909 1088 afﬁrmabat
923 1061 1021 1088 Romae
1037 1067 1067 1087 se
1085 1059 1228 1096 quaedam
1247 1058 1402 1086 Aldoensis
1417 1057 1601 1094 exemplaria
1615 1057 1769 1094 accepisse
1784 1064 1804 1085 εδ.
1820 1058 1915 1085 Petro

221 1102 379 1130 Benedicto
403 1103 545 1130 Maronita
572 1103 775 1132 commodata.
803 1106 836 1132 Et
858 1112 914 1132 nos
938 1104 1061 1140 quidem
1085 1103 1123 1132 ab
1148 1103 1305 1132 Aldoensis
1326 1111 1416 1139 opere
1437 1103 1515 1139 typis
1537 1102 1693 1138 tradendo,
1710 1102 1818 1136 moles,
1841 1102 1915 1138 ipsa

225 1146 353 1175 deterret
366 1155 372 1180 ;
390 1146 463 1175 nihil
476 1150 576 1175 tamen
593 1150 681 1184 vetat,
696 1149 858 1185 quominus
869 1149 959 1184 hujus
972 1150 1092 1177 tenuem
1105 1147 1209 1176 saltem
1224 1148 1386 1183 imaginem
1398 1147 1593 1176 delineemus.

262 1209 373 1237 Etenim
385 1209 483 1246 operis
497 1210 628 1246 partium
643 1210 758 1243 decem,
769 1214 800 1238 ut
813 1211 956 1246 diximus,
969 1211 1000 1239 in
1011 1211 1111 1247 plures
1123 1218 1314 1247 unaquaeque
1326 1212 1467 1238 tractatus
1477 1209 1688 1244 subdividitur,
1698 1209 1790 1246 hique
1801 1218 1915 1238 rursus

226 1254 255 1282 in
272 1254 429 1288 sectiones,
446 1258 588 1292 tantaque
604 1258 647 1283 est
662 1256 832 1291 argumenti
848 1256 1044 1288 abundantia,
1059 1257 1086 1283 et
1095 1258 1156 1284 tam
1170 1255 1294 1291 copiosa
1313 1254 1459 1288 tractatio,
1477 1256 1508 1282 ut
1521 1254 1595 1282 nil-1i]
1609 1255 1666 1283 hac
1682 1262 1772 1291 super
1786 1262 1819 1282 re
1833 1254 1915 1282 indi-

226 1301 307 1326 ctum
323 1299 519 1335 relinquatur.
534 1301 553 1327 I.
569 1301 638 1328 Pars
653 1299 690 1328 de
705 1300 798 1328 missa
807 1300 866 1328 fere
880 1300 1056 1335 generatim,
1068 1299 1097 1327 id
1111 1300 1201 1328 estde
1216 1300 1280 1335 ejus
1292 1299 1480 1332 nominibus,
1495 1299 1677 1333 deﬁnitione,
1693 1299 1844 1336 partibus,
1854 1302 1912 1327 etc.

226 1345 258 1371 lt.
272 1345 311 1372 De
326 1343 392 1372 loco
412 1344 605 1372 conveniente
621 1344 808 1373 celebrandae
828 1344 939 1378 missae,
955 1345 985 1372 id
1001 1346 1045 1372 est
1065 1344 1102 1372 de
1122 1343 1265 1378 ecclesiis,
1280 1352 1447 1380 earumque
1461 1343 1609 1380 partibus,
1629 1343 1786 1378 altaribus,
1805 1344 1914 1380 supel-

225 1388 330 1421 lectile,
347 1390 402 1416 etc.
418 1390 463 1416 III.
479 1390 519 1416 De
535 1389 688 1417 sacerdote
706 1390 804 1417 missae
819 1389 963 1419 ministro.
980 1391 1009 1417 et
1022 1389 1059 1417 de
1073 1388 1232 1417 sacerdotii
1249 1389 1404 1424 gradibus,
1425 1388 1540 1423 ofﬁciis,
1557 1391 1611 1417 etc.
1629 1390 1671 1416 IV.
1694 1389 1734 1416 De
1748 1396 1913 1425 praepara-

226 1432 305 1460 tione
320 1432 510 1460 sacerdotum
526 1433 564 1460 ad
580 1432 714 1465 missam,
731 1434 874 1467 vestibus,
890 1437 946 1462 etc.
963 1435 993 1460 V.
1012 1433 1188 1469 Singillatim
1204 1433 1241 1461 de
1257 1433 1355 1461 missae
1370 1433 1514 1469 partibus.
1537 1433 1581 1461 VI.
1597 1433 1702 1461 Adhuc
1723 1433 1762 1461 de
1781 1433 1912 1469 reliquis

226 1477 328 1504 missae
342 1477 490 1512 partibus.
500 1478 646 1505 Hactenus
655 1478 749 1506 codex
764 1478 893 1506 Latinus.
907 1481 938 1506 In
947 1478 1131 1506 carsciunico
1144 1480 1345 1514 autem,parte
1356 1478 1417 1505 V'Il.
1429 1478 1598 1506 Prasecutio
1611 1480 1654 1506 est
1663 1477 1777 1505 ordinis
1791 1477 1910 1507 missae.

226 1521 346 1555 scilicet,
363 1521 399 1549 de
415 1528 489 1558 pace
500 1522 611 1555 danda,
626 1524 654 1550 et
666 1522 703 1550 de
715 1522 816 1550 altaris
826 1522 984 1557 velamine,
1001 1530 1056 1550 nec
1070 1529 1131 1551 non
1145 1523 1296 1559 apertione
1307 1522 1530 1558 mysteriorum.
1547 1523 1614 1550 VIII.
1628 1523 1668 1550 De
1679 1522 1910 1550 consecratione

227 1566 417 1600 sacramenti,
434 1566 515 1602 quod
531 1569 577 1595 est
587 1567 752 1595 secundum
767 1567 864 1595 missae
877 1569 1077 1603 segmentum.
1092 1568 1132 1595 IX.
1146 1568 1185 1595 De
1195 1567 1350 1602 signaculo
1361 1567 1457 1595 crucis
1470 1574 1561 1603 super
1569 1567 1703 1600 calicem,
1715 1566 1753 1595 de
1764 1567 1910 1595 Oratione

225 1610 389 1645 Dominica,
413 1613 441 1639 et
463 1611 639 1639 sacramenti
657 1611 820 1640 elevatione
837 1613 866 1639 X.
888 1613 927 1639 De
942 1612 1086 1641 fractione
1102 1612 1269 1648 specierum
1283 1612 1380 1649 panis,
1397 1615 1425 1640 et
1439 1612 1614 1648 aspersione
1629 1612 1823 1640 sacratissimi
1840 1619 1912 1640 san-

226 1655 325 1690 guinis
339 1663 429 1692 super
445 1655 519 1690 illas,
531 1658 559 1684 et
573 1655 611 1684 de
632 1657 811 1684 sacramenti
824 1657 1031 1685 distributione
1043 1657 1191 1685 ﬁdelibus.

261 1718 327 1745 Jam
338 1725 409 1745 vero
424 1717 454 1745 in
470 1719 597 1746 tractatu
611 1720 672 1746 tam
683 1718 784 1751 ubere,
798 1719 893 1748 multa
907 1727 972 1747 esse
982 1719 1064 1747 bona
1080 1721 1107 1747 et
1118 1719 1210 1752 utilia,
1221 1721 1249 1748 et
1262 1719 1446 1756 quandoque
1457 1719 1547 1748 etiam
1557 1719 1727 1756 peregrina,
1743 1718 1813 1755 quis
1821 1718 1912 1746 dubi-

227 1762 291 1789 tet?
306 1761 455 1797 Imprimis
466 1762 637 1790 testimonia
651 1763 818 1791 clarissima
832 1764 869 1792 de
883 1763 988 1791 Christi
1002 1771 1127 1800 corpore
1141 1764 1172 1791 in
1188 1764 1371 1793 Eucharistia
1383 1766 1541 1801 prasente,
1555 1763 1674 1800 etquod
1689 1763 1798 1792 Christi
1810 1763 1910 1799 ipsius

226 1805 402 1833 institutoris
416 1806 513 1834 verbis
527 1806 580 1834 ﬁat
593 1807 789 1835 consecratio.
807 1809 879 1835 Item
897 1808 934 1836 de
947 1808 1023 1836 Petri
1039 1810 1065 1836 et
1082 1808 1208 1836 Romani
1223 1808 1372 1844 pontiﬁcis
1385 1809 1527 1845 primatu,
1543 1817 1636 1845 quem
1650 1807 1778 1836 summis
1794 1807 1910 1836 viribus

226 1853 444 1886 propugnat,et
453 1850 492 1878 ad
506 1851 677 1880 universam
691 1851 862 1886 Ecclesiam,
874 1854 964 1888 prout
975 1853 1004 1880 in
1015 1852 1181 1881 Florentino
1190 1853 1376 1881 meumenico
1387 1853 1543 1881 deﬁnitum
1549 1855 1602 1888 est,
1611 1852 1752 1881 extendit.
1760 1853 1828 1887 (Par
1837 1860 1910 1887 erga

227 1895 302 1923 Petri
313 1902 519 1924 successorem
531 1896 687 1932 proﬁtetur
694 1896 874 1932 obsequium
886 1897 975 1925 etiam
986 1900 1089 1925 auctor
1095 1897 1162 1925 libri
1171 1905 1227 1925 ms.
1237 1905 1329 1934 quem
1337 1905 1399 1934 pra;
1406 1898 1548 1926 manibus
1559 1898 1656 1926 habeo
1662 1897 1909 1925 caerimoniarum

226 1939 366 1967 Ecclesia:
379 1940 567 1975 Maroniticte,
577 1940 629 1968 ubi
638 1940 669 1968 in
683 1941 809 1977 prologo
820 1940 928 1970 dicitur
938 1942 1015 1970 Deus
1029 1941 1173 1970 fundasse
1188 1942 1349 1970 Ecclesiam
1362 1951 1397 1971 ac
1411 1942 1591 1971 stabilivisse
1601 1950 1694 1979 supra
1709 1944 1828 1978 patrem
1839 1941 1910 1969 ﬁdei

227 1983 324 2019 Petri).
339 1984 450 2012 Deinde
465 1984 503 2012 de
519 1985 723 2021 patriarchatu
735 1985 920 2014 Antiocheno
930 1987 992 2022 agit
1006 1985 1162 2014 Aldoensis
1177 1996 1183 2020 ;
1199 1987 1237 2015 de
1249 1988 1297 2016 SS.
1314 1987 1484 2023 imaginum
1498 1987 1689 2016 veneratione
1701 1995 1708 2019 ;
1720 1986 1758 2014 de
1773 1986 1909 2014 vestibus

227 2030 317 2065 atque
325 2029 482 2057 ornatibus
494 2030 724 2066 pontiﬁcalibus,
739 2032 794 2058 etc.
806 2032 958 2059 Postremo
969 2031 1090 2067 copiose
1103 2031 1258 2060 disseritur
1273 2031 1311 2060 de
1320 2032 1452 2068 trisagio,
1464 2032 1550 2068 cujus
1562 2032 1652 2060 etiam
1663 2031 1778 2059 celebre
1790 2031 1908 2059 addita-

227 2076 363 2102 mentum
388 2075 440 2110 qui
463 2075 627 2109 cruciﬁxus
646 2078 689 2103 est
707 2083 763 2110 pro
782 2076 876 2110 nobis,
891 2076 921 2104 in
933 2076 1068 2104 Ecclesiis
1087 2075 1286 2104 Orientalibus
1300 2076 1392 2111 vulgo
1406 2079 1598 2112 usurpatum,
1615 2075 1773 2104 Aldoensis
1789 2077 1907 2108 tuetur;

226 2126 289 2147 non
305 2118 344 2146 ad
358 2118 530 2147 Trinitatem
546 2121 646 2147 tamen
657 2119 793 2155 relatum,
811 2121 866 2148 sed
881 2120 919 2148 ad
937 2120 1039 2148 Filium
1059 2128 1065 2153 ;
1091 2120 1154 2148 imo
1167 2128 1230 2148 non
1245 2120 1487 2150 additamentum
1510 2121 1732 2156 tantummodo,
1750 2120 1805 2148 sed
1826 2121 1908 2148 trisa-

228 2162 312 2197 gium
327 2165 433 2195 totum,
448 2163 487 2191 ad
498 2163 596 2191 solum
613 2164 717 2192 Filium
733 2164 772 2192 ab
787 2165 983 2193 Orientalibus
995 2164 1096 2193 referri
1110 2167 1213 2194 narrat
1231 2175 1238 2200 ;
1261 2173 1346 2194 secus
1361 2173 1431 2194 vero
1445 2174 1464 2194 a
1480 2166 1588 2194 Graecis
1607 2169 1636 2194 et
1655 2165 1908 2196 Occidentalibus.

228 2207 343 2235 omisso
359 2215 477 2244 semper
491 2207 705 2243 additamento,
720 2209 751 2237 id
767 2210 807 2237 ad
822 2209 917 2238 solam
933 2210 1105 2238 Trinitatem
1115 2209 1216 2238 referri
1232 2210 1327 2239 solere
1342 2219 1348 2238 :
1363 2219 1425 2247 qua
1437 2210 1629 2239 distinctione
1641 2210 1787 2245 adhibita,
1801 2218 1908 2246 pacem

228 2251 426 2280 Ecclesiarum
452 2252 531 2281 circa
555 2253 634 2282 hanc
662 2254 896 2283 controversiam
925 2254 1077 2283 conciliari
1097 2262 1186 2291 posse
1212 2255 1337 2291 judicat.
1359 2255 1479 2284 Interim
1498 2263 1554 2292 pro
1572 2255 1623 2284 illa
1641 2255 1748 2283 ultima
1762 2254 1909 2291 particula

226 2295 341 2332 profert
354 2296 523 2325 testimonia
536 2300 560 2325 1.
573 2297 741 2334 Ephraemii,
753 2299 931 2335 patriarchae
941 2299 1128 2328 Antiocheni.
1143 2301 1170 2328 2.
1182 2300 1306 2328 Joannis
1315 2300 1443 2329 Maronis
1450 2300 1521 2329 item
1529 2299 1707 2337 patriarchae
1719 2300 1907 2329 Antiocheni.

229 2342 254 2368 5.
271 2340 403 2377 Dionysii
414 2341 568 2375 Barsalibi,
583 2343 752 2371 Amidensis
762 2343 910 2380 episcopi;
925 2345 952 2371 4.
964 2343 1081 2371 concilii
1095 2345 1304 2373 Armeniorum
1320 2345 1485 2374 Tarsensis.
1495 2347 1521 2374 3.
1532 2345 1679 2373 librorum
1688 2344 1906 2380 liturgicorum.

229 2385 371 2414 Concedit
385 2388 487 2414 tamen
502 2388 619 2415 Petrum
635 2387 789 2416 Fullonem
810 2395 901 2416 sensu
918 2388 1058 2417 haeretico
1087 2388 1171 2417 illam
1195 2389 1364 2418 clausulam
1385 2397 1570 2426 usurpasse;
1598 2391 1688 2425 atque
1712 2389 1783 2416 hinc
1808 2391 1908 2417 ortum

229 2432 324 2458 totum
333 2430 399 2466 ejus
413 2431 455 2459 rei
470 2431 573 2460 odium
587 2434 615 2460 et
624 2432 884 2468 disceptationem.
901 2434 967 2461 Haec
982 2433 1019 2461 de
1034 2433 1207 2470 patriarcha
1221 2435 1445 2463 Maronitarum.
1457 2434 1555 2463 Alium
1569 2442 1642 2463 vero
1652 2442 1739 2470 inque
1754 2434 1906 2469 ingentem

227 2475 478 2503 commentarium
493 2475 664 2511 liturgicum
680 2477 810 2505 Nersetis
829 2478 1074 2514 Lamprunensis,
1096 2479 1305 2508 Armeniorum
1321 2479 1432 2508 saeculo
1447 2479 1628 2508 duodecimo
1643 2478 1786 2515 episcopi,
1800 2479 1907 2507 Latinae

226 2519 298 2548 item
310 2519 444 2548 Ecclesiae
457 2520 701 2554 reverentissimi,
718 2521 777 2550 alio
792 2529 848 2550 nos
863 2524 995 2559 tempore
1011 2522 1137 2551 fortasse
1157 2531 1356 2560 exponemus.

263 2583 442 2611 Notissimus
452 2585 498 2610 est
519 2591 616 2611 canon
633 2585 666 2611 44
677 2583 814 2612 Niczenus
829 2584 986 2619 Arabians,
1002 2585 1089 2621 cujus
1103 2585 1270 2614 clausulam
1282 2585 1319 2614 de
1332 2586 1458 2615 Romani
1469 2586 1616 2623 pontiﬁcis
1626 2585 1802 2614 auctoritate
1818 2593 1907 2622 supra

228 2635 334 2655 omnes
342 2628 432 2656 etiam
441 2628 640 2665 patriarchas,
648 2637 760 2665 ponam
771 2631 910 2658 accurate
923 2629 1100 2658 translatam
1111 2638 1147 2658 ex
1159 2630 1287 2659 Arabico
1296 2633 1485 2668 textu,quem
1496 2631 1599 2660 recitat
1607 2631 1717 2667 Coptus
1730 2630 1905 2662 Ben-Assali,

229 2671 330 2699 sieculi
345 2681 384 2701 xu
400 2673 610 2709 Monophysita
623 2676 735 2705 auctor,
748 2674 777 2702 in
790 2674 892 2702 codice
908 2673 1038 2703 Arabico
1050 2675 1192 2704 Vaticano
1205 2677 1265 2708 151,
1279 2675 1331 2705 ubi
1344 2676 1409 2712 ejus
1423 2678 1567 2705 tractatus
1577 2675 1741 2704 cononicus
1750 2675 1868 2711 legitur.
1883 2676 1906 2702 Is

229 2723 301 2750 ergo
316 2716 346 2744 in
359 2720 443 2753 parte
458 2726 476 2751 I,
491 2726 557 2754 cap.
572 2720 598 2751 4,
614 2720 778 2754 postquam
793 2718 877 2752 dixit,
886 2718 1031 2754 primum,
1045 2719 1107 2748 imo
1117 2722 1146 2748 et
1159 2722 1259 2757 caput,
1275 2720 1517 2757 patriarcharum
1531 2729 1596 2749 esse
1610 2720 1905 2754 Romanum,diserte

229 2760 350 2790 scribit:
367 2773 382 2788 ι(
398 2763 478 2792 Sicut
489 2763 660 2807 patriarcha
671 2762 798 2800 imperio
811 2765 840 2792 et
853 2764 1027 2793 auctoritate
1045 2772 1119 2801 erga
1137 2764 1194 2794 sibi
1211 2764 1363 2803 subjectos
1371 2765 1515 2804 praeditus
1532 2767 1586 2800 est,
1602 2765 1644 2795 ita
1655 2766 1754 2794 Romae
1775 2765 1904 2794 Domnus
