1948 3079
224 108 280 139 427

859 112 1038 142 THEODORI
1057 111 1266 142 ANDIDENSIS

1856 113 1930 140 ηε

223 174 428 203 inﬁrmitatem
442 174 628 211 indulgentia
658 176 735 203 Deus
745 174 801 203 illis
838 175 984 203 sacriﬁcia
1011 175 1041 203 in

1110 177 1199 210 μνήμη
1224 178 1270 204 τῆς
1290 176 1415 205 τοιαύτης
1438 175 1567 212 λατρείας·
1600 175 1622 200 εἰ
1644 175 1695 211 γὰρ
1719 176 1755 210 μή
1780 181 1928 210 συγκατοι-

223 218 358 253 dixisset,
374 219 449 255 quid
463 227 565 248 causae
579 222 653 252 erat,
665 220 830 256 quominus
839 219 870 247 in
876 220 1054 248 universum

223 266 370 292 terrarum
391 263 496 292 orbem
510 264 640 292 diffundi
672 264 905 298 eadecrevisset,
921 272 1008 300 mque
1017 271 1053 292 ac

223 307 283 340 illa,
297 316 366 344 quae
374 316 428 344 per
435 309 680 345 praedicationem
693 308 910 344 apostolorum,
927 308 1052 345 jubente

223 353 284 381 Deo
297 352 432 381 instituta
459 355 538 385 sunt.
567 361 637 389 quas
667 353 721 381 soli
737 356 765 381 et
790 353 861 386 aeri,
878 353 1052 389 caeterisque

222 397 329 426 mundi
343 397 498 426 ornatibus
514 398 717 426 assimilantur
727 398 742 426 ?
757 399 824 432 Sed,
855 400 888 426 ut
907 398 1049 431 diximus,

222 441 395 470 Iudaeorum
410 442 558 471 sacriﬁcia
567 442 822 470 condescensione
839 442 888 470 Dei
904 442 1052 478 permissa

222 485 352 515 fuerunt.
378 487 492 515 Etenim
515 487 590 515 dum
618 487 682 515 haec
697 486 797 515 adhuc
818 487 1050 523 peragebantur,

221 531 328 560 millies
342 531 443 560 divino
454 531 562 568 Spiritu
575 539 630 568 per
645 531 808 568 prophetas
832 531 982 567 loquente,
1007 539 1051 559 re-

220 578 412 609 cusatasunt,
436 575 698 612 quemadmodum
727 575 817 603 Isaias
851 575 928 603 aitm
950 576 978 604 Si
993 575 1051 603 aﬁ‘e

219 620 293 648 ratis
303 620 344 648 ad
356 628 404 648 me
414 620 555 655 similam,
567 627 647 648 vana
657 622 701 647 est
714 619 835 654 oblatio,
853 619 1050 651 abominatio,

219 665 366 701 inquiam,
390 664 461 692 mihi
480 666 539 693 est.
558 664 628 697 Quis
655 663 736 691 enim
764 664 829 691 haec
853 663 890 691 de
910 663 1051 692 manibus

219 709 326 737 vestris
337 709 514 745 exquisivit'
524 709 538 736 ‘I
554 719 568 733 ››
584 708 679 736 David
704 710 805 736 autem
820 717 852 735 :»
867 710 942 736 Num
962 716 1049 736 mau-

219 753 340 782 ducabo
354 761 460 782 carnes
474 755 641 784 taurorum,
655 755 684 780 et
698 753 877 787 sanguinem
896 753 1049 781 hircorum

218 797 365 834 potaboa?
379 808 393 822 »
409 799 441 825 Et
453 797 542 826 alibi:
561 808 571 822 ι
604 797 787 825 Sacriﬁcium
818 800 846 824 et
866 796 1049 824 oblationem

218 842 348 872 noluisti.
381 850 489 878 corpus
517 844 618 870 autem
641 841 751 876 aptasti
778 841 853 868 mihi
867 842 887 867 δ.
907 852 920 865 ››
933 841 1048 873 Quibus

217 887 314 915 verbis
329 886 486 922 Propheta,
503 886 607 914 Christi
634 885 683 912 Dei
716 885 820 919 nostri,
848 888 917 912 ante
937 888 1048 912 veteres

218 931 425 967 generationes
438 929 616 965 dispositum
635 929 848 957 incarnationis
870 929 1047 964 mysterium

217 975 351 1003 denotat.
368 974 527 1007 Quomodo
540 973 629 1009 igitur
640 975 709 1009 post
726 981 811 1000 novae
826 974 927 1007 gratim
934 973 1047 1000 adven-

219 1023 295 1054 tum,
328 1019 486 1054 vestigium
511 1018 634 1054 aliquod
659 1020 793 1045 veterum
818 1018 1044 1048 sacriﬁciorum,

216 1064 390 1100 quicunque
404 1063 513 1090 mentis
528 1065 573 1089 est
589 1061 810 1098 compos,dicat
837 1062 1022 1097 superfuisse
1033 1062 1046 1089 ?

219 1108 276 1137 Sed
292 1109 355 1136 haec
366 1107 513 1136 hactenus
523 1106 560 1134 de
573 1106 716 1142 legalium
723 1106 940 1133 sacriﬁciorum
950 1113 1046 1133 cessa»

217 1153 298 1181 tione
310 1152 356 1180 vel
369 1152 535 1187 abjectione
549 1153 578 1179 et
591 1151 694 1178 vetito.

253 1199 282 1225 8.
311 1197 368 1226 Sed
392 1196 517 1224 fortasse
541 1196 618 1223 dicet
648 1196 755 1232 aliquis
783 1203 819 1223 ex
841 1196 1042 1223 adversariis:

217 1243 285 1276 Vos,
298 1249 333 1270 ex
344 1241 455 1277 quibus
469 1240 925 1277 prophetarumindicationibus
934 1248 1043 1276 panem

215 1287 379 1322 vinumque
390 1294 446 1313 ceu
461 1288 568 1322 typum
577 1285 711 1320 corporis
721 1293 756 1312 ac
771 1285 925 1319 sanguinis
939 1285 1044 1312 Christi

216 1331 322 1360 oﬂ'erre
350 1331 493 1360 didicistis
507 1330 522 1357 ‘?
537 1330 570 1357 In
583 1329 688 1365 primis
709 1329 797 1365 igitur
812 1330 1042 1364 respondemus.

216 1376 322 1405 Christi
336 1376 395 1408 Dei,
411 1376 463 1411 qui
487 1378 532 1402 est
547 1374 612 1410 ipsa
633 1374 752 1407 veritas,
774 1374 851 1401 facta
866 1376 894 1401 et
908 1374 1043 1401 traditio-

216 1429 270 1449 nes
283 1420 434 1448 neminem
456 1427 547 1455 posse
567 1418 693 1446 scrutari
714 1426 721 1445 τ
739 1429 751 1442 ι(
768 1418 829 1446 Hoc
848 1419 929 1445 enim
945 1418 1043 1452 facite,

217 1465 312 1501 inquit
327 1465 371 1501 (ut
385 1464 485 1491 denuo
501 1463 610 1498 dicam)
626 1462 656 1490 in
671 1470 770 1489 meam
778 1464 1042 1490 commemoratio—
1057 1481 1077 1507 Ο

216 1517 296 1538 nem.
315 1520 330 1534 »
343 1509 429 1542 Quod
454 1508 478 1535 si
494 1507 685 1543 propheticas
714 1507 751 1534 de
773 1506 819 1534 his
834 1507 1042 1542 praedictiones

214 1554 335 1591 quaeris,
351 1553 423 1581 audi
436 1553 531 1580 virum
537 1551 690 1587 prophetae
701 1551 791 1578 simul
797 1551 935 1587 regisque
941 1555 1042 1579 aucto-

215 1597 503 1627 ritatemhabentem
517 1605 524 1630 ;
540 1596 601 1623 imo
615 1603 686 1623 vero
702 1595 802 1631 ipsum
816 1595 965 1623 caelestem
988 1597 1043 1623 Pa-

216 1646 303 1679 trem,
320 1644 420 1678 genito
433 1641 472 1669 ab
488 1649 518 1668 se
543 1643 611 1668 ante
632 1640 789 1668 luciferum
816 1640 1004 1667 ineffabiliter
1015 1642 1043 1668 et

216 1686 441 1724 impassibiliter
476 1685 544 1712 Filio
577 1684 745 1712 dicentem:
763 1695 777 1707 ‹‹
801 1684 917 1711 Juravit
942 1684 1043 1711 Domi-

218 1739 287 1764 nus,
302 1733 331 1758 et
355 1738 417 1758 non
435 1728 592 1765 paenitebit
619 1736 698 1762 eum,
729 1731 760 1755 tu
789 1736 820 1755 es
853 1728 992 1755 sacerdos
1012 1728 1042 1755 in

218 1777 365 1803 aeternum
372 1773 540 1802 secundum
550 1772 687 1800 ordinem
695 1771 885 1799 Melchisedec
894 1773 904 1789 ⁵
911 1793 917 1799 .
938 1784 947 1796 ι
965 1772 1043 1805 Quid

217 1819 266 1848 hic
277 1827 368 1856 porro
380 1820 441 1846 Deo
455 1817 615 1845 oﬁ'erebat‘!
630 1823 741 1851 panem
755 1823 791 1843 ac
804 1816 918 1847 vinum,
931 1817 1042 1852 quibus

217 1863 424 1892 Abrahamum
439 1861 581 1889 divinitus
604 1863 778 1887 muneratus
789 1863 842 1891 est,
859 1864 926 1896 post
952 1861 1042 1889 victo-

216 1908 294 1937 riam
308 1908 348 1936 ab
362 1915 398 1936 eo
425 1908 585 1943 patratum.
603 1905 631 1933 Si
645 1912 717 1939 ergo
731 1904 876 1932 oriundus
895 1913 931 1932 ex
945 1906 1042 1934 alieno

216 1953 330 1990 populo
343 1950 544 1984 Melchisedec,
573 1949 671 1983 ﬁgura
695 1949 802 1976 Christi
816 1949 1003 1978 existimatur
1015 1953 1044 1978 et

216 1997 356 2030 creditur,
372 1997 475 2032 utique
490 1993 648 2030 expulsum
663 1996 709 2020 est
730 1993 880 2021 leviticum
904 1995 1043 2022 sacerdo~

215 2043 302 2071 tium.
312 2039 501 2078 lmpossibile
509 2039 589 2066 enim
597 2040 641 2065 est
647 2039 739 2065 Deum
747 2038 873 2071 mentiri,
882 2042 1043 2074 postquam

211 2085 411 2123 jurejurando
442 2082 580 2120 promisit
613 2090 644 2110 se
672 2082 869 2109 excitaturum
912 2083 1042 2118 aliquem

215 2130 383 2159 secundum
404 2128 543 2157 ordinem
567 2126 766 2161 Melchisedec,
800 2127 852 2162 qui
885 2127 1043 2158 carnaliter
1056 2137 1080 2164 ι)

216 2177 296 2203 esset
310 2174 348 2202 de
363 2172 484 2201 Davxdis
497 2171 610 2199 semine
636 2170 772 2207 pontifex
800 2171 891 2198 simul
907 2172 1042 2207 Deusque

215 2221 285 2249 ante
300 2218 418 2246 saecula.
436 2216 543 2252 Ejectis
556 2215 646 2251 igitur
657 2215 711 2251 qui
722 2215 760 2243 de
775 2215 839 2242 Levi
854 2215 933 2243 tribu
946 2219 1041 2250 erant,

214 2265 249 2292 ut
256 2262 493 2299 suprascriptum
508 2263 562 2294 est,
578 2267 699 2287 necesse
717 2259 849 2287 vicissim
878 2259 932 2287 fuit
947 2263 978 2288 ut
992 2268 1041 2288 ve-

214 2307 284 2337 teris
298 2310 364 2336 tum
373 2305 446 2342 legis
459 2307 524 2333 tum
539 2304 635 2332 cultus
662 2304 832 2332 immutatio
851 2303 934 2332 ﬁeret
946 2313 952 2337 ;
965 2305 1041 2333 sicut

214 2352 324 2381 alicubi
337 2359 467 2387 magnus
481 2357 603 2386 quoque
629 2348 738 2376 Paulus
760 2349 847 2376 dicit:
863 2349 1039 2378 Universum

213 2397 294 2426 enim
304 2395 477 2425 Iudaeorum
492 2394 604 2422 cultum
619 2401 673 2429 per
688 2393 793 2421 levitas
813 2398 842 2421 et
857 2394 1039 2422 contribules

213 2441 352 2475 exerceri,
367 2440 432 2475 lege
457 2441 580 2467 cautum
607 2438 814 2474 erat;quibus
839 2438 1038 2472 cessantibus,

212 2487 259 2516 lex
271 2493 394 2523 quoque
404 2485 486 2512 irrita
499 2483 593 2511 evasit
605 2483 625 2510 θ.
649 2483 705 2511 Sed
720 2485 748 2510 et
759 2491 813 2519 per
838 2483 932 2511 alium
962 2491 1037 2519 pro-

210 2531 344 2568 phetam,
369 2530 407 2558 de
421 2532 524 2557 nostro
548 2527 694 2556 sacriﬁcio
720 2530 749 2555 et
763 2527 844 2555 cultu
872 2528 936 2555 haac
961 2529 1038 2555 Deus

210 2575 349 2613 praedixit
361 2575 483 2602 dicens:
499 2584 513 2598 «
529 2574 601 2600 Ecce
611 2572 779 2608 thymiama
793 2572 867 2600 mihi
881 2572 1038 2600 exhibetur

210 2620 396 2649 inuniversa
410 2618 520 2647 terra".
538 2628 552 2642 »
576 2619 671 2653 Atque
697 2617 761 2645 haec
785 2617 866 2645 dicta
892 2619 980 2644 sunto
1000 2617 1037 2645 de

210 2664 372 2693 abolitione
382 2663 575 2692 Judaicorum
597 2661 814 2690 sacriﬁciorum
833 2668 869 2688 ac
882 2661 995 2689 rituum
1010 2663 1038 2689 et

1063 813 1084 840 Β
1102 804 1164 830 ρων,
1193 794 1208 823 ἡ
1235 795 1300 830 αἷμα
1324 795 1423 830 τράγων
1446 796 1563 829 πίομαι;

1109 218 1202 245 ϐαίνων
1224 223 1254 255 τῇ
1281 218 1401 255 ἀσθενείᾳ
1421 223 1472 245 τῶν
1494 217 1633 245 Ἰουδαίων
1655 220 1702 250 τὰς
1715 220 1810 249 θυσίας
1826 228 1927 254 προσ-

1107 264 1193 294 έταξεν
1214 264 1227 289 ό
1252 266 1326 298 Θεὸς,
1350 268 1405 294 πῶς
1427 264 1474 289 οὐκ
1499 263 1535 294 εἰς
1558 267 1646 290 πᾶσαν
1660 266 1707 292 τὴν
1721 267 1771 298 γῆν
1785 262 1926 299 ἑφαπλοῡ-

1108 309 1170 334 σθαι
1190 308 1271 338 αὐτας
1297 306 1452 345 διωρίσατο,
1478 310 1512 338 ὼς
1534 310 1578 334 καὶ
1602 309 1650 339 τὰς
1672 308 1722 334 ὑπὸ
1744 311 1790 333 τοῦ
1813 309 1924 344 κηρύγ-

1105 362 1186 388 ματος
1209 356 1260 378 τῶν
1287 352 1365 388 ἁγίων
1393 352 1542 378 ἀποστόλων
1567 352 1622 378 κατ’
1649 351 1751 380 ἐντολὴν
1773 356 1819 378 τοῦ
1844 356 1922 378 Θεοῦ

1105 395 1262 428 ἆκτεθείσας,
1291 397 1386 428 αἳτινες
1413 396 1478 432 ἡλίῳ
1505 399 1551 422 καὶ
1579 396 1634 432 ἀέρι
1666 399 1711 422 καὶ
1739 400 1794 426 τοῖς
1823 395 1923 427 ἄλλοις

1105 444 1201 470 κοινοῖς
1226 440 1419 477 ὶντρυφήμασιν
1447 440 1643 476 ἐξωμοὶωνται;
1673 440 1731 466 Ἀλλ
1761 440 1794 470 ὠς
1823 443 1922 478 προεί-

1104 493 1193 520 ρηται⁷
1220 483 1442 519 σνγχαταϐάσεως
1467 485 1546 511 ἕνεκεν
1560 485 1587 510 αἱ
1601 485 1692 514 θυσίας
1706 489 1756 510 τῶν
1769 482 1924 510 Ἰουδαίων

1106 529 1344 565 συνεχωρήθησαν”
1368 529 1390 554 εὶ
1417 530 1468 564 γὰρ
1493 530 1530 555 ἔτι
1555 533 1652 554 τούτων
1676 527 1834 563 τελουμένων
1861 538 1925 562 μυ-

1104 573 1189 610 ριάκις
1210 573 1261 598 ύπό
1285 578 1332 599 τού
1358 574 1426 598 θείου
1453 574 1599 608 Πνεύματος
1624 571 1672 598 διὰ
1693 576 1743 598 τῶν
1767 577 1924 608 προφητῶν

1105 617 1295 654 ἀνετράπησαν,
1331 618 1417 648 καθὼς
1450 615 1497 643 διὰ
1529 617 1640 643 ’Πσαῖον
1673 619 1762 652 φησίν*
1798 627 1813 641 ‹‹
1851 617 1924 643 Ἐὰν

1105 663 1196 698 φέρητέ
1220 671 1265 697 μοι
1293 659 1440 696 σεμίδαλιν,
1467 663 1577 696 μάταιον
1607 662 1736 697 θυμίαμα,
1768 659 1925 696 βδέλυγμοὲ

1103 708 1149 741 μοί
1173 705 1238 731 ἐστι’
1268 706 1307 736 τίς
1337 707 1385 742 γάρ
1415 705 1557 736 ἑξεζήτὴσε
1579 709 1661 731 ταῦτα
1684 704 1712 731 ἐκ
1735 709 1785 730 τῶν
1810 709 1923 741 χειρῶν

1103 750 1191 785 ὑμῶν;
1220 762 1233 774 n
1264 751 1312 776 Διὰ
1339 748 1369 776 δὲ
1393 747 1484 776 Aeneid“
1514 760 1527 774 ι(
1556 752 1599 778 Μὴ
1624 750 1742 785 φάγομαι
1765 751 1830 786 κρέα
1844 751 1923 774 ταύ-

1588 804 1602 818 ››
1620 795 1669 820 Καὶ
1692 794 1807 830 ἑτέρωθι·
1825 804 1838 816 u
1856 797 1923 820 Θυ-

1103 841 1162 864 σίαν
1185 841 1229 864 καὶ
1260 840 1410 874 προσφορὰν
1435 839 1481 864 οὖν.
1515 839 1654 872 ὴθελησας,
1690 848 1766 874 σωμα
1797 836 1827 864 δὲ
1863 848 1922 864 χα-

1101 886 1222 920 τηρτίσω
1245 891 1309 919 μοι’
1333 895 1347 908 ››
1371 886 1400 908 τὸ
1422 887 1469 914 τῆς
1494 893 1539 909 του
1554 886 1672 920 Χριστοῦ
1686 885 1731 908 καὶ
1747 886 1814 908 Θεοῦ
1833 884 1921 918 ἡμῶν

1102 928 1204 952 πάντων
1235 930 1413 962 σωματωσεως
1442 929 1491 963 πρό
1520 932 1610 962 γενεων
1637 926 1755 964 ἀρχαίων
1783 926 1922 962 ηὐτρεπι-

1103 974 1193 1007 σμένον
1220 973 1326 1007 φάσκων
1351 974 1517 1007 μυστήριον·
1541 976 1595 1002 πὼς
1619 973 1670 1008 ἄρα
1693 973 1757 1007 μετὰ
1779 974 1826 999 τήν
1854 971 1921 997 ἐπι-

1101 1017 1204 1051 φάνειαν
1236 1020 1281 1046 τῆς
1307 1019 1364 1046 νέας
1397 1017 1508 1053 χάριτος
1541 1017 1618 1051 ἴχνος
1650 1015 1830 1051 ὑπολελεῖφθαι
1858 1021 1921 1041 τὼν

1102 1060 1214 1086 παλαιῶν
1241 1062 1337 1086 θνσιὼν
1366 1063 1469 1096 φήσειεν
1498 1062 1528 1086 ἀν
1552 1070 1592 1090 τις
1616 1066 1665 1086 των
1687 1070 1745 1086 νουν
1769 1059 1918 1095 almam;

1100 1104 1178 1130 ’Λλλά
1209 1109 1292 1130 ταυτα
1323 1106 1368 1140 μὲν
1408 1107 1466 1141 περὶ
1498 1110 1546 1134 τῆς
1579 1109 1629 1130 των
1661 1109 1772 1140 νομικῶν
1807 1105 1922 1130 θυσιῶν

1099 1149 1200 1180 παύλης
1213 1151 1227 1177 ἦ
1243 1149 1373 1180 ἀποϐολῆς
1385 1153 1429 1175 καὶ
1445 1149 1650 1185 ἀπαγορεύσεως.

1135 1194 1166 1222 η’.
1198 1193 1264 1220 Ἀλλ’
1293 1196 1358 1224 ἳσως
1384 1195 1467 1230 ἔροιτο
1496 1203 1536 1223 τις
1565 1198 1614 1219 τῶν
1641 1193 1796 1219 ἀντιθέτων·
1819 1193 1920 1229 Ὑμεῖς

1099 1237 1128 1264 δὲ
1151 1238 1177 1264 ἐκ
1200 1241 1280 1264 ποίων
1308 1248 1475 1275 προφητικων
1500 1237 1656 1269 ἀποδείξεων
1681 1240 1724 1263 τὸν
1748 1237 1810 1274 παρ’
1831 1239 1917 1273 ύμων

1098 1285 1302 1319 προσγερόμενον
1332 1284 1408 1319 ἄρτον
1435 1286 1479 1309 καὶ
1510 1282 1576 1308 οἶνον
1601 1282 1636 1312 εἰς
1665 1284 1744 1308 τύπον
1776 1286 1823 1307 τοὺ
1856 1287 1918 1308 σὼ-

1097 1337 1179 1362 ματος
1202 1330 1248 1353 καὶ
1273 1328 1381 1362 αἳματος
1405 1331 1451 1353 τοῦ
1475 1331 1592 1364 Χριστοῦ
1613 1329 1768 1364 προσφέρειν
1785 1327 1919 1364 “Rupili-

1099 1371 1173 1404 €575;
1203 1373 1286 1407 Φαμὲν
1316 1369 1359 1397 οὖν
1384 1373 1452 1397 κατά
1480 1376 1582 1408 πρῶτον
1610 1371 1685 1406 λογον
1713 1371 1748 1400 ὡς
1774 1372 1808 1396 τὰ
1832 1374 1918 1408 παρὰ

1097 1420 1142 1447 τῆς
1171 1415 1356 1444 «inanium;
1381 1420 1499 1452 Χριστού
1526 1420 1571 1441 τον
1601 1415 1667 1441 Θεοῦ
1688 1416 1846 1452 πραχοὲιτα
1863 1420 1918 1442 καὶ

1098 1459 1280 1497 παραδοθέντα
1302 1459 1387 1490 οὐδείς
1411 1460 1586 1491 ἠντεξετάζειν
1612 1458 1739 1485 ὃύναταιο
1771 1471 1785 1483 ‹‹
1821 1463 1916 1486 Tauro

1096 1506 1147 1540 γὰρ
1176 1508 1281 1537 ποιεῖτε,
1312 1516 1325 1529 ››
1352 1507 1442 1540 φησιν,
1472 1505 1513 1529 ἵνα
1533 1507 1578 1530 καὶ
1601 1505 1674 1534 αὖθις
1698 1504 1757 1541 ipe),
1775 1515 1789 1527 ι(
1807 1504 1843 1534 εἰς
1861 1508 1915 1534 τήν

1097 1549 1160 1585 ἐμήν
1191 1549 1346 1585 ἀνάμνησιν.
1371 1558 1387 1575 »
1418 1549 1446 1575 Εἰ
1471 1547 1501 1575 3's
1527 1550 1688 1585 προφητικὰς
1716 1552 1776 1584 περὶ
1805 1551 1914 1576 τούτων

1097 1593 1252 1631 προρρήσεις
1279 1594 1375 1626 ζητεῖς,
1402 1594 1516 1619 ἄκουσον
1542 1596 1677 1630 προφήτου
1699 1596 1744 1618 καὶ
1769 1592 1914 1629 βασιλέως

1097 1638 1191 1673 ἀμφοῖν
1212 1640 1242 1664 τὸ
1266 1637 1418 1669 ὰξιοπιστον
1444 1639 1567 1673 ἔχοντος”
1590 1637 1685 1674 μᾶλλον
1711 1635 1740 1663 δὲ
1757 1637 1841 1664 αὐτοῦ
1858 1649 1912 1665 του

1097 1681 1249 1718 ἐπουρανίου
1277 1684 1376 1719 [ἰατρὸς
1401 1684 1464 1718 πρὸς
1492 1684 1535 1707 τόν
1564 1685 1614 1719 πρὸ
1648 1682 1782 1718 ἑωσφόρον
1812 1693 1911 1717 γεννη-

1098 1727 1172 1752 θέντα
1199 1726 1226 1757 ἐξ
1254 1726 1333 1752 αὐτοῦ
1358 1726 1476 1763 ἀρρήτως
1502 1728 1547 1752 καὶ
1578 1727 1685 1756 άπαθως
1707 1734 1713 1740 ·
1753 1738 1766 1751 ;‹
1801 1726 1911 1763 Ὠμοσε

1098 1772 1202 1807 Κύριος,
1226 1773 1271 1796 καὶ
1294 1771 1323 1796 ού
1347 1770 1608 1806 μεταμεληθήσεται·
1635 1773 1668 1796 σύ
1695 1770 1776 1806 ἱερεύς
1802 1771 1840 1801 εἰς
1860 1775 1910 1798 τον

1096 1815 1178 1841 αἰῶνα
1207 1817 1274 1841 κατά
1300 1818 1346 1843 τὴν
1370 1815 1443 1846 τάξιν
1472 1813 1660 1850 Μελχισεδέκ.
1694 1826 1707 1838 ››
1737 1815 1788 1841 Καὶ
1817 1819 1845 1842 τί
1876 1819 1911 1842 τὰ

1096 1859 1158 1896 παρ’
1187 1859 1266 1885 αὑτοῦ
1285 1862 1482 1896 προσφερόμενα
1503 1863 1538 1893 τῷ
1562 1863 1640 1894 Θεῲ;
1663 1858 1760 1895 "Apro;
1789 1863 1838 1886 καὶ
1872 1861 1913 1886 οξ-

1096 1914 1146 1936 νος,
1180 1905 1218 1934 οἷς
1252 1906 1295 1930 τὸν
1326 1903 1447 1940 Ἀϐρααμ.
1476 1902 1607 1934 ἐδεξιοῦτο
1641 1905 1799 1940 θεοπρεπῶς,
1827 1909 1910 1934 νίκην

1097 1948 1315 1985 ἐπεργασάμενον.
1346 1947 1375 1974 Εἰ
1407 1945 1450 1974 οὖν
1480 1947 1505 1978 ἐξ
1532 1947 1620 1985 ἐτέρας
1647 1947 1728 1983 φυλῆς
1754 1950 1767 1974 ο
1804 1949 1912 1986 Μελχι-

1099 1991 1186 2028 σεδὲκ,
1218 1994 1299 2023 τύπος
1333 1991 1362 2018 δε
1394 1997 1440 2018 τού
1469 1996 1588 2029 Χριστου
1621 1994 1666 2018 καὶ
1693 1992 1831 2027 λογίζεται
1862 1998 1910 2020 καὶ

1097 2040 1258 2070 πιστεύεται,
1292 2036 1444 2065 ἐπιϐέϐληται
1475 2037 1527 2073 ἄρα
1557 2037 1572 2065 ἠ
1603 2035 1717 2065 λευῑτική
1748 2037 1907 2073 ἱερωσύνη·

1099 2080 1227 2107 ἀδύνατον
1251 2083 1301 2118 γὰρ
1322 2081 1473 2116 ψεύσασθαι
1498 2082 1573 2115 Θεὸν,
1589 2083 1634 2107 καὶ
1648 2084 1732 2106 ταῦτα
1746 2082 1805 2116 μεθ’
1821 2084 1907 2120 ὄρχον

1099 2125 1313 2162 ἐπαγγειλάμενον
1336 2126 1405 2151 κατὰ
1425 2127 1472 2154 τὴν
1493 2125 1567 2156 τάξιν
1593 2123 1760 2161 Μελχισεδὲκ.
1785 2125 1908 2156 ἀναστή-

1099 2172 1191 2197 σεσοαι
1224 2172 1267 2197 τὸν
1298 2169 1326 2195 ἐκ
1359 2171 1504 2205 σπέρματος
1537 2167 1621 2195 Δαϐίὸ
1648 2171 1678 2195 τὸ
1706 2171 1775 2195 κατά
1801 2173 1904 2207 σάρκα,

1097 2214 1223 2252 ἀρχιερέα
1244 2216 1286 2240 τὸν
1311 2213 1388 2239 αὐτόν
1414 2216 1476 2239 ἄντα
1498 2217 1543 2239 καὶ
1568 2215 1631 2240 Θεὸν
1658 2217 1827 2250 προαιωνιον.
1845 2219 1903 2242 Td»

1095 2258 1122 2284 ὲκ
1146 2263 1193 2289 τῆς
1223 2258 1354 2287 λευὶτικῆς
1380 2259 1465 2282 τοίνυν
1503 2256 1586 2291 φυλῆς
1617 2256 1832 2294 ὰϐεϐλημέιων,
1867 2260 1901 2289 ὡς

1093 2305 1300 2340 προγέγραπται,
1330 2301 1471 2336 ἀναγκαῖον
1497 2300 1576 2326 πάλιν
1604 2301 1661 2327 ἐστὶ
1688 2304 1733 2327 καὶ
1766 2307 1816 2328 τοῦ
1851 2313 1901 2329 πα.

1093 2347 1167 2373 λαιοῦ
1190 2350 1268 2383 νόμον
1292 2348 1337 2372 καὶ
1366 2350 1413 2376 τῆς
1439 2345 1559 2383 λατρείας
1586 2346 1705 2381 γενέσθαι
1731 2347 1897 2382 μετάθεσιν·

1093 2394 1126 2424 ὣς
1150 2402 1200 2419 που
1225 2395 1270 2418 καὶ
1293 2391 1395 2421 Παύλος
1420 2391 1432 2416 ὁ
1458 2393 1538 2427 μέγας
1561 2399 1644 2426 φησι·
1660 2393 1738 2416 Πᾶσα
1750 2393 1804 2428 γὰρ
1819 2394 1836 2422 ἡ
1855 2397 1899 2422 τῆς

1092 2437 1210 2474 λατρείας
1253 2440 1304 2461 τὼν
1342 2433 1478 2462 Ἰουδαίων
1517 2437 1687 2471 πραγματεία
1725 2439 1771 2462 καὶ
1807 2436 1896 2465 ἐντολὴ

1092 2480 1140 2508 διὰ
1167 2486 1216 2507 τῶν
1238 2480 1344 2507 λευῐτών
1367 2483 1413 2506 καὶ
1437 2479 1602 2515 συμφυλετῶν
1627 2479 1712 2505 αὐτῶν
1732 2479 1896 2517 ἐνεργεῖσθαι

1091 2531 1128 2562 τῷ
1169 2536 1239 2562 νομῳ
1279 2524 1438 2551 ἐκτέτακται.
1482 2526 1636 2560 ῐΙαυομένων
1683 2522 1713 2550 δὲ
1761 2524 1868 2551 ἐκείνων
1888 2546 1895 2558 ,

1090 2574 1256 2607 κατήργηται
1278 2572 1323 2595 καὶ
1349 2570 1361 2595 ὁ
1385 2571 1471 2605 νόμος.
1499 2568 1576 2594 Ἀλλὰ
1599 2570 1644 2594 καὶ
1661 2566 1697 2594 δι’
1727 2568 1819 2607 ἐτέρου
1836 2579 1894 2607 προ-

1091 2619 1173 2652 φήτου
1197 2616 1256 2652 περὶ
1277 2618 1322 2640 του
1344 2615 1469 2651 ἡμετέρου
1494 2614 1607 2649 θύματος
1629 2616 1673 2639 χαι
1698 2617 1747 2644 τῆς
1773 2613 1893 2652 λατρείας

1092 2663 1201 2686 τοιαῦτα
1229 2661 1409 2696 προαναφωνεῐ
1438 2657 1518 2694 λέγων
1536 2666 1541 2672 '
1572 2669 1582 2682 α
1615 2656 1685 2684 Ἰδού
1711 2659 1838 2696 θυμίαμά
1850 2668 1892 2695 μοι

246 2754 263 2791 ’_
274 2755 332 2782 lsa.
343 2762 364 2787 ι,
381 2756 425 2782 13.
440 2753 450 2770 ³
466 2752 542 2781 Psal.
557 2759 634 2787 ιιιν,
647 2753 694 2779 73.
707 2752 718 2768 ⁸
737 2749 814 2779 Psal.
826 2758 926 2784 χχχιχ,
937 2754 965 2781 7.
978 2751 989 2768 ⁵
1002 2752 1042 2779 Ps

1096 2751 1190 2786 (11,4.
1205 2751 1216 2768 ⁶
1232 2749 1319 2778 Hebr.
1339 2757 1388 2782 vu,
1406 2748 1448 2776 lt.
1464 2748 1474 2766 ⁷
1495 2747 1620 2776 Malach.
1637 2756 1655 2782 ι,
1674 2750 1716 2776 il.
