1948 3079
248 125 296 152 431
884 117 1061 147 THEODORI
1079 116 1288 148 ANDIDENSIS
1884 120 1946 148 43f

241 185 312 213 tifex
327 185 426 222 primo
441 184 598 218 sacerdoti,
608 183 659 220 qui
668 182 801 211 divinam
814 181 944 218 incipere
956 189 1008 217 my

1181 181 1231 217 πρὸ
1246 183 1291 206 τοῦ
1307 180 1493 217 βαπτίσματος
1512 181 1616 212 καὶτὰς
1637 177 1777 219 διατριϐὰς
1800 182 1817 210 ἡ
1836 183 1945 218 πρόθε

241 230 365 265 gogiam
378 229 485 258 debet:
498 229 529 257 id
549 231 649 258 autem
660 226 803 263 temporis
819 226 951 262 spatium
980 225 1069 261 signi-

241 275 312 304 ficat
324 275 399 303 illud
418 283 436 303 a
463 274 613 312 propheta
639 273 716 301 Isaia
744 271 922 309 praedictum
937 273 1067 306 tempus,

240 319 402 347 nativitatis
417 319 552 347 videlicet
565 317 718 355 prophetae
727 316 849 345 Joannis
863 315 1068 352 praecursoris,

242 363 408 400 Christique
421 363 461 391 ad
470 371 526 391 n05
537 363 695 391 adventus.
720 363 831 389 llorum
859 360 939 388 enim
961 359 1068 388 ambo-

240 415 319 439 rum,
339 415 450 444 nempe
461 410 490 436 et
504 407 663 436 nativitatis
681 409 809 442 tempus,
835 407 864 433 et
887 404 992 434 Christi
1016 403 1069 432 ad-

240 455 373 488 ventum,
389 454 496 489 prceter
506 452 580 480 alios
592 451 750 487 deiloquos
758 449 942 483 viros,lsaias
956 448 1069 485 perspi-

241 504 295 526 cue
308 497 489 526 vaticinatus
500 499 553 533 est,
568 497 605 525 de
617 497 731 525 Joanne
745 495 868 532 quidem
883 494 925 523 ita
945 493 1048 522 dicens
1061 501 1068 520 :

241 554 255 567 ι(
266 544 338 570 Ecce
351 549 407 577 ego
416 542 501 570 mitto
511 541 652 577 angelum
665 548 767 569 meum
778 541 847 568 ante
859 539 966 567 faciem
974 540 1068 570 tuam,

241 586 294 622 qui
308 586 428 623 parabit
441 587 522 615 viam
535 588 619 615 tuam
637 593 741 614 coram
765 592 815 613 me
828 585 850 611 9.
880 593 895 611 ›
910 583 983 612 Item
1011 583 1070 612 alia

241 633 394 668 quotquot
407 631 445 659 de
462 631 570 659 eodem
593 629 815 667 praenuntiavit.
832 630 871 657 De
883 629 999 657 Christo
1019 635 1070 656 au-

242 679 321 705 tem:
337 687 350 701 ‹‹
366 678 438 704 Ecce
452 676 537 711 virgo
548 676 580 704 in
599 677 683 704 utero
707 673 832 703 habebit
849 675 871 702 υ.
895 684 908 698 ι)
925 675 957 702 Et
982 672 1069 709 quid-

242 720 316 757 quid
332 719 380 748 ille
393 720 430 748 de
443 720 595 756 passione,
610 719 776 756 sepultura,
792 726 827 746 ac
852 717 1070 746 resurrectione

242 764 390 801 praedixit.
407 766 543 801 Namque
557 765 616 792 hoc
629 767 774 800 tempore,
789 762 933 791 reconditi
948 769 1070 798 quoque

241 809 475 837 aconstitutione
488 808 595 837 mundi
602 807 737 844 mysterii
749 806 949 836 manifestatio
959 806 1070 834 exitum

241 855 332 882 nacta
347 855 399 881 est.

1125 234 1165 255 σις
1189 225 1323 262 ἐκπληροῖ.
1349 223 1457 252 Δίδοται
1480 228 1564 252 τοίνυν
1577 227 1669 263 καιρὸς
1688 227 1760 263 παρὰ
1772 229 1821 252 τοῦ
1838 226 1946 263 ἀρχιε

1123 271 1186 306 ρέως
1210 273 1247 305 τῷ
1275 273 1367 308 πρώτῳ
1390 274 1440 297 τῶν
1467 272 1551 308 ἱερέων
1576 270 1692 307 μέλλοντι
1715 272 1857 308 ἄρχεσθαι
1888 275 1935 300 τῆ

1125 315 1194 345 θείας
1220 317 1418 351 μυσταγωγίας¹
1435 316 1509 348 οὗτος
1525 315 1554 343 δὲ
1569 317 1582 342 ό
1597 318 1686 354 καιρὸς
1703 318 1875 352 σχηματίζει
1893 318 1946 342 τὸ⁴

1123 360 1195 395 παρά
1240 363 1285 385 τοῦ
1329 363 1465 396 προφήτου
1515 360 1623 387 Ἰἰσαὶου

1123 405 1224 440 καιρὸν,
1252 408 1296 435 τῆς
1320 409 1365 431 τοὺ
1389 408 1520 442 προφήτου
1548 406 1665 432 Ἰωάννου
1691 408 1736 432 καὶ
1766 403 1946 443 Προδρόμθτ

1123 451 1276 483 γεννήσεως,
1298 452 1343 475 καὶ
1369 454 1416 481 τῆς
1439 454 1484 476 τοῦ
1510 454 1626 487 Χριστοῦ
1647 451 1712 488 πρὸς
1732 451 1804 486 ἡμᾶς
1829 449 1946 479 ἐπιϐη-

1124 501 1194 528 μιας⁹
1233 493 1382 531 ἀμφοτέρων
1418 495 1467 531 γὰρ
1500 496 1597 521 τούτων
1634 499 1682 526 τῆς
1718 505 1746 522 τε
1782 498 1946 531 γεννήσνυν

1123 538 1167 563 τον
1191 539 1291 575 καιρὸν,
1313 542 1358 564 καὶ
1389 543 1437 570 τῆς
1460 543 1506 565 τοῦ
1531 543 1648 576 Χριστοῦ
1673 538 1828 575 ἐπιδημίας,
1865 549 1946 575 per:

1124 585 1174 607 τῶν
1203 582 1284 608 ἄλλων
1314 584 1442 620 θεηγόρων
1469 584 1481 609 ὁ
1506 584 1614 614 Ἡσαΐας
1642 582 1778 620 ἁριδήλως
1807 587 1946 620 39059275-

1672 361 1946 398 προαναφωνηθέντε

1124 635 1209 653 τευσε*
1234 630 1294 664 περὶ
1320 630 1364 664 μὲν
1390 632 1436 655 τοῦ
1460 628 1577 655 Ἰωάννου
1611 629 1691 660 οὕτως
1716 629 1804 655 εἰπών·
1840 628 1946 656 ιῚὸοι

1125 670 1172 707 ἐγὼ
1196 671 1344 698 ἀποστέλλω
1367 675 1410 699 τὸν
1434 673 1542 710 ἄγγελόν
1557 683 1607 710 μου
1634 675 1685 710 πρὸ
1706 677 1852 710 προσώπου
1871 684 1936 700 σου

1125 717 1150 746 ὃς
1178 718 1370 744 κατασκευάσει
1401 720 1446 747 τὴν
1476 717 1538 745 ὁδὸν
1567 728 1616 745 σου
1642 719 1786 756 ἔμπροσθέν
1816 729 1886 755 μου.
1929 728 1946 745 ι

1124 762 1170 786 καὶ
1198 760 1279 787 τᾶλλα
1305 761 1355 788 ὃσα
1380 764 1449 800 περὶ,
1479 763 1559 789 αὑτοῦ
1587 766 1776 801 προηγόρευσε·
1805 766 1871 800 περὶ
1906 761 1946 790 δῖ

1123 808 1169 831 τοῦ
1195 809 1322 842 Χριστοῦ,
1347 816 1363 834 ‹
1390 805 1460 834 Ἰδού
1484 810 1498 836 ἡ
1520 809 1647 845 "apem;
1670 809 1808 846 ἐνγαστρὶ
1832 808 1901 839 ἕξει.
1928 818 1946 834 ι

1125 851 1169 875 καὶ
1198 851 1248 876 ὃσα
1273 850 1365 881 ἐκεῖνος
1392 854 1450 888 περὶ
1478 856 1524 878 τοῦ
1551 853 1658 885 πάθους,
1683 855 1727 879 καὶ
1756 856 1802 883 τῆς
1828 857 1906 888 ταφῆ
1920 864 1946 887 ς,

241 900 286 924 καὶ
312 896 480 928 ἀναστάσεως
505 899 707 934 προηγόρευσεν·
733 896 757 923 ἐν
780 897 862 932 τούτῳ
886 897 935 933 γὰρ
956 899 992 931 τῷ
1016 897 1099 932 καιρῷ
1123 896 1168 920 καὶ
1188 898 1234 921 τοῦ
1259 894 1510 933 ἁποκεκρυμμένου;
1532 899 1680 934 μυστηρίου
1703 898 1753 936 πρὸ
1779 897 1946 928 καταϐολῆς

240 944 342 978 κόσμου
357 943 372 972 ἡ
388 944 529 979 φανέρωσις
543 944 572 968 τό
588 944 667 980 πέρας
680 939 797 973 ἐδέξατο.

277 987 319 1015 tt.
331 988 397 1015 Jam
406 994 479 1015 vero
493 986 645 1020 sacerdos,
661 986 714 1023 qui
733 985 851 1014 initium
867 985 977 1013 divina:
989 985 1069 1014 litur-
1086 985 1105 1012 Β

240 1032 294 1068 giae
304 1031 382 1066 facit,
399 1030 565 1066 imaginem
580 1032 675 1067 gestat
694 1030 818 1058 Joannis
840 1030 980 1066 Baptista:
995 1037 1069 1066 praes

240 1075 381 1108 cursoris,
391 1075 445 1112 qui
461 1074 599 1103 videlicet
613 1075 858 1111 praedicationem
873 1082 998 1102 exorsus
1025 1076 1070 1102 est

240 1120 344 1148 dicens
357 1128 386 1147 ια
395 1119 602 1148 Paenitentiam
613 1119 693 1155 agite
704 1128 710 1154 ;
724 1119 980 1156 appropinquavit
989 1118 1069 1147 enim

240 1172 369 1200 regnum
377 1165 549 1193 cuzlorum‘0
568 1175 576 1200 ;
589 1176 603 1190 »
619 1167 648 1194 et
662 1164 839 1193 accedentes
853 1171 959 1192 omnes
972 1163 1070 1200 bapti-

241 1209 338 1238 zabat.
361 1211 461 1246 Coepta
473 1209 565 1245 igitur
580 1209 619 1238 ab
629 1209 688 1237 hoc
701 1209 830 1243 liturgia,
840 1208 989 1237 accedunt
1002 1209 1070 1244 post

240 1253 373 1290 primam
388 1261 508 1290 precem
523 1253 704 1290 prophetica:
718 1253 872 1287 lectiones,
887 1261 964 1289 quas
991 1252 1069 1280 Anti-

239 1299 344 1335 phona
353 1298 620 1335 appellamus,tum
627 1298 699 1335 quia
707 1298 861 1335 propheta:
867 1297 1070 1334 praedixerunt

241 1351 312 1372 eum
330 1343 383 1380 qui
393 1343 458 1379 jam
472 1346 634 1376 natusest;
657 1345 722 1372 tum
745 1342 817 1380 quia
848 1350 956 1379 reapse
979 1343 1068 1371 Vetus

240 1389 462 1417 Testamentum
478 1389 639 1425 praecessit,
654 1388 741 1424 cujus
767 1387 919 1424 legislator
943 1387 997 1416 fuit
1019 1387 1068 1416 hic

240 1432 334 1461 modo
346 1434 436 1461 natus
451 1432 482 1460 in
496 1432 557 1461 ﬁne
572 1431 699 1461 dierum.
724 1432 886 1462 Sciendum
911 1440 981 1461 vero
1013 1433 1067 1465 est,

243 1477 327 1514 quod
341 1477 425 1506 initio
451 1477 610 1513 cujuslibet
629 1477 727 1511 ofﬁcii,
753 1479 816 1505 tum
839 1477 978 1506 matutini
1005 1478 1069 1504 tum

241 1522 415 1559 vespertini,
446 1522 544 1558 primo
566 1522 678 1551 Veteris
709 1522 890 1551 Testamenti
921 1524 1070 1550 canuntur

241 1566 495 1601 Psalmi;deinde
519 1575 607 1595 novae
628 1567 731 1604 gratiae
759 1566 886 1602 cantica,
909 1569 941 1595 ut
964 1574 1069 1595 omnes

242 1613 412 1648 agnoscant
423 1620 518 1641 unum
534 1612 736 1648 eumdemque
751 1620 815 1640 esse
831 1611 1001 1646 Dominum,
1017 1612 1068 1648 qui

1161 984 1204 1013 ια’.
1229 984 1257 1011 Ὀ
1278 983 1308 1012 δέ
1335 996 1364 1022 γε
1388 987 1468 1023 ἱερεὺς
1495 987 1508 1012 ὀ
1533 989 1580 1016 τὴν
1602 987 1701 1024 ἒναρξιν
1719 991 1767 1018 τῆς
1795 988 1870 1017 θείας
1900 988 1946 1014 ἱε-

1123 1031 1248 1066 ρουργίας
1281 1032 1432 1067 ποιούμενος
1470 1031 1555 1058 εἰκόνα
1587 1034 1656 1068 φέρει
1686 1035 1730 1058 τοῦ
1764 1030 1946 1069 Ιῐροδρόμου

1125 1073 1242 1100 Ἰωάννου
1269 1077 1314 1101 καὶ,
1343 1079 1502 1110 Βαπτιστοῡ,
1531 1076 1776 1114 προκαταρξαμένου
1806 1081 1856 1103 τοῦ
1885 1087 1946 1106 κη-

1123 1119 1254 1154 ρύγματος
1282 1122 1327 1146 καὶ
1349 1119 1476 1156 λέγοντος,
1494 1132 1505 1146 ι
1537 1124 1697 1147 Μετανοείτν
1724 1121 1820 1157 ἦγγικε
1844 1123 1903 1158 γὰρ
1926 1123 1946 1151 ἡ

1126 1161 1248 1198 βασιλεία
1271 1167 1320 1190 τῶν
1349 1164 1472 1201 οὖρανων,
1500 1174 1516 1191 )
1542 1167 1587 1192 καὶ
1618 1165 1792 1202 βαπτίζοντος
1826 1167 1946 1198 πάντας

1123 1209 1182 1238 τοὺς
1218 1211 1451 1245 προσερχομένους.
1495 1210 1655 1246 ’Λρχομένου
1686 1208 1715 1237 δε
1746 1211 1845 1236 τούτου
1885 1215 1946 1242 τῆς

1125 1253 1196 1283 θείας
1238 1253 1390 1290 ἱερουργίας,
1427 1255 1588 1292 παράγονται
1624 1255 1688 1291 μετὰ
1724 1257 1772 1284 τὴν
1819 1258 1946 1292 πρώτην

1124 1299 1228 1326 αἴτησιν
1264 1299 1298 1324 τὰ
1330 1300 1479 1336 προφητικὰ
1518 1299 1582 1337 οἱπερ
1615 1299 1744 1336 ἀντίφωνα
1784 1299 1945 1337 καλοῦμεν-

1123 1342 1178 1378 ἀμα
1201 1343 1248 1378 μὲν
1275 1343 1308 1372 ὡς
1338 1343 1588 1380 προανακηρύξαντα
1624 1346 1667 1370 τὸν
1700 1348 1944 1381 προαναφωιὲντα,

1123 1386 1178 1422 οἶμα
1202 1384 1232 1413 δὲ
1255 1389 1300 1413 καὶ
1324 1388 1358 1418 ὡς
1383 1390 1602 1425 προηγησαμένης
1617 1392 1663 1419 τῆς
1689 1388 1808 1420 Παλαιᾶς
1831 1391 1944 1419 Διαθή-

1124 1440 1179 1463 κης,
1195 1435 1227 1462 ῆς
1250 1432 1389 1468 νομοθέτης
1416 1433 1511 1463 οὗτοςό
1531 1434 1661 1469 γεννηθεὶς
1675 1432 1713 1460 ἐπ’
1738 1433 1850 1470 ἐσχάτω
1881 1439 1943 1461 τῶν

1124 1476 1226 1513 ἡμερῶν
1246 1475 1433 1512 ἐχρημάτισεν.
1458 1479 1514 1514 Χρὴ
1537 1476 1567 1504 δὲ
1590 1480 1726 1514 γινώσκειν
1751 1479 1792 1504 ὅτι
1810 1478 1835 1504 ἐν
1851 1480 1940 1516 ἀρχῆ

1124 1521 1212 1551 πάσης
1243 1520 1345 1552 τελετης
1373 1522 1494 1558 ὁρθρινῆς
1525 1531 1552 1548 τε
1584 1525 1630 1548 καὶ
1660 1523 1789 1558 λυχνικῆς
1823 1528 1943 1561 πρῶτον

1124 1569 1169 1595 τῆς
1198 1565 1314 1596 Ηαλαιᾱς
1337 1564 1444 1600 ᾅδονται
1473 1566 1497 1592 οἰ
1522 1566 1632 1603 ψαλμοὶ,
1659 1566 1714 1593 εἶτα
1741 1569 1774 1593 τὰ
1798 1572 1847 1599 τῆς
1876 1572 1942 1600 νέας

1124 1611 1236 1646 χάριτος
1259 1611 1376 1646 ᾄσματα,
1393 1610 1423 1637 ἶν’
1440 1610 1524 1647 ἔχοιεν
1540 1609 1636 1638 sitiam:
1660 1613 1751 1643 πάντες
1767 1613 1800 1643 ὡς
1829 1617 1870 1645 εἰς
1886 1617 1940 1640 καὶ

243 1660 271 1686 et
285 1658 349 1686 haec
360 1660 388 1686 et
399 1657 451 1686 illa
465 1657 951 1689 mandavit.Christum.Canuntur
969 1657 1009 1692 igi

1171 1656 1200 1684 πὸς
1225 1656 1354 1685 Δεσπότης
1378 1654 1447 1682 ἐστίν
1467 1656 1480 1682 ό
1506 1659 1590 1682 ταῦτα
1614 1657 1720 1683 κάχεῑνα
1747 1659 1940 1693 νομοθετήσας

243 1704 276 1730 ut
285 1702 428 1734 diximus,
441 1703 511 1738 post
520 1701 650 1738 primam
664 1708 784 1737 precem
794 1701 967 1738 Antiphone.
983 1710 989 1735 ;
1001 1709 1069 1737 quae

241 1746 340 1782 primo
352 1745 502 1781 ingerunt,
514 1745 597 1782 quod
612 1745 729 1774 bonum
741 1746 778 1774 sit
792 1746 926 1774 conﬁteri
935 1748 1006 1774 nato
1015 1746 1070 1774 Do-

243 1788 327 1817 mino
337 1797 391 1825 pro
404 1789 530 1818 humani
541 1789 659 1824 generis
671 1789 766 1818 salute
777 1790 902 1823 ;deinde
912 1789 990 1818 elata
999 1797 1070 1818 voce

244 1833 377 1862 clamant
394 1833 484 1862 illud:
502 1845 516 1859 ‹‹
531 1834 677 1862 Dominus
687 1834 826 1869 regnavit
841 1844 848 1869 ;
864 1846 878 1859 »
897 1834 927 1862 id
938 1837 1070 1863 estnunc

243 1879 342 1914 magis
361 1880 467 1914 regnat
479 1880 607 1907 teternus
618 1879 678 1906 Rex
691 1880 720 1906 et
733 1878 887 1911 Dominus,
908 1881 1071 1915 postquam

243 1922 390 1952 humilem
400 1923 479 1952 hanc
488 1922 545 1951 sibi
558 1930 681 1951 carnem
698 1922 805 1958 induit,
817 1931 910 1959 quam
924 1923 1071 1952 fortitudi-

243 1974 316 1996 nem
325 1967 572 2004 appellaverunt:
590 1967 666 1996 sicut
679 1967 781 1995 multis
797 1968 974 1997 aestimatam
986 1968 1072 2004 igno-

244 2011 383 2047 miniam,
396 2012 493 2040 crucis
507 2011 626 2047 scilicet,
639 2011 767 2047 gloriam
792 2012 925 2042 Salvator
938 2014 1074 2042 nomina-

245 2057 288 2086 vit
300 2057 332 2084 εί.
343 2056 424 2086 Sicut
441 2056 522 2086 enim
531 2064 594 2092 rex,
605 2064 781 2094 quanquam
797 2065 916 2094 semper
942 2059 1075 2095 potentia

245 2109 282 2130 ac
296 2101 468 2130 fortitudine
481 2101 633 2138 praeditus,
649 2101 733 2129 haud
747 2101 899 2130 interdum
913 2102 960 2130 his
983 2103 1074 2131 utitur

246 2146 286 2175 ad
295 2145 502 2183 reprimendos
516 2145 617 2174 hostes
631 2146 684 2182 qui
698 2146 824 2174 subditis
839 2147 900 2175 suis
915 2147 974 2175 vim
1002 2147 1074 2176 inte—

245 2192 317 2219 runt
329 2198 336 2223 ;
346 2192 452 2226 postea
461 2198 530 2219 vero
539 2190 704 2219 ulciscendi
715 2193 803 2227 capto
816 2191 940 2220 consilio
949 2199 1074 2220 consur-

246 2242 331 2271 gens,
342 2235 451 2270 exigua
465 2234 568 2272 aliqua
589 2243 659 2263 cum
683 2238 848 2270 armatura,
882 2237 1073 2273 propriarum

245 2279 355 2307 virium
369 2279 503 2316 pondere
517 2280 618 2308 hostes
642 2280 824 2316 prosternit;
852 2283 942 2317 atque
972 2281 1019 2310 his
1043 2281 1075 2310 in

244 2323 421 2353 barathrum
432 2324 607 2360 perditionis
621 2325 772 2361 projectis,
785 2328 908 2354 cunctos
921 2334 1000 2363 quos
1028 2329 1073 2362 ty-
1089 2339 1111 2366 Β

245 2369 371 2397 rannide
402 2369 501 2397 hostili
530 2368 680 2402 liberavit,
707 2370 792 2398 audit
827 2370 882 2398 sibi
916 2371 1072 2400 dicentes:

245 2424 260 2438 (ί
282 2415 364 2441 Nunc
378 2414 515 2449 regnavit
526 2414 669 2442 Dominus
681 2416 875 2450 noster,nunc
887 2415 984 2444 induit
995 2416 1074 2445 forti-

243 2458 388 2492 tudinem,
395 2469 405 2484 ι
423 2458 496 2495 quia
504 2458 647 2487 nimirum
656 2459 846 2495 propositum
855 2460 920 2495 ejus
927 2468 962 2489 ac
969 2461 1074 2490 volun-

243 2506 336 2533 tatem
359 2503 535 2539 ulciscendi,
569 2504 656 2540 reqni
680 2505 708 2532 et
733 2505 924 2540 fortitudinis
951 2506 1073 2534 nomine

244 2549 398 2586 appellant
410 2558 416 2583 ;
426 2548 467 2577 sic
480 2548 569 2577 etiam
579 2548 725 2585 Propheta
733 2549 902 2586 prmvidens
917 2551 1033 2579 venturi
1042 2551 1073 2579 in

245 2601 334 2623 carne
351 2593 401 2622 Dei
416 2593 503 2621 Verbi
516 2595 644 2630 tempus,
657 2595 685 2622 et
699 2593 826 2623 humani
834 2595 951 2630 generis
968 2596 1072 2624 defen-

244 2639 370 2671 sionem,
393 2638 543 2674 simulque
558 2637 653 2666 hostis
668 2641 696 2667 et
711 2639 860 2667 sociorum
876 2640 941 2675 ejus
961 2640 1073 2668 daemo-

244 2689 318 2711 num
345 2682 464 2710 cladem
491 2690 675 2719 supremam,
703 2683 825 2720 insuper
846 2684 942 2720 ipsius
970 2685 1072 2713 mortis

1124 1701 1251 1736 Χριστός.
1271 1697 1397 1726 Ἀὃονται
1424 1704 1572 1738 τοιγαροῦν,
1589 1701 1623 1731 ὡς
1645 1702 1754 1738 εἴρηται,
1782 1703 1852 1738 μετὰ
1884 1706 1940 1732 τὴν

1124 1748 1228 1781 πρώτην
1255 1745 1361 1773 αἴτησιν
1388 1744 1526 1781 ἀντίφωνα·
1542 1749 1643 1782 πρῶτον
1658 1747 1703 1782 μὲν
1727 1749 1940 1784 προτρεπόμενοι

1125 1790 1153 1814 τὸ
1168 1789 1202 1819 ὡς
1227 1788 1324 1824 ἀγαθὸν
1346 1790 1375 1815 τὸ
1399 1789 1609 1825 ἐξομολογεῖσθαι
1631 1795 1668 1826 τῷ
1689 1792 1812 1827 τεχθέντι
1838 1795 1940 1829 Κυρίῳ

1125 1832 1166 1859 ἐπὶ
1197 1836 1314 1870 σωτηρίᾳ
1338 1837 1385 1860 τοῦ
1406 1834 1566 1871 ἀνθρωπείου
1595 1837 1683 1871 γένους
1711 1840 1937 1873 παραγενομένῳ·

1126 1877 1246 1915 δεύτερον
1265 1880 1436 1916 κηρύττονται
1459 1879 1644 1916 μεγαλοφώνως
1663 1882 1704 1915 τό,
1731 1892 1742 1906 ι
1768 1880 1798 1907 Ὀ
1832 1884 1939 1916 Κύριος

1127 1923 1288 1957 ἐϐασίλευσε,
1313 1935 1327 1949 n
1352 1926 1470 1951 τουτέστι
1491 1928 1535 1951 νῦν
1558 1925 1684 1961 μειζόνως
1699 1925 1838 1961 βασιλεύει
1855 1929 1870 1953 ὁ
1884 1931 1938 1966 προ

1128 1968 1225 1994 αἰώνων
1252 1967 1377 2004 βασιλεύς
1400 1971 1446 1995 καὶ
1477 1970 1580 2007 Κύριος,
1607 1968 1779 2006 ἐνδυσάμενος
1809 1974 1860 2000 τὴν
1891 1983 1941 1999 τα-

1127 2015 1215 2042 πεινὴν
1238 2014 1334 2042 ταύτην
1363 2015 1456 2050 σάρκα,
1483 2015 1513 2044 ἣν
1541 2016 1586 2040 καὶ
1613 2013 1723 2051 δύναμιν
1746 2019 1941 2054 προσηγόρευ-

1129 2065 1186 2084 σαν·
1211 2058 1326 2095 καθάπερ
1351 2062 1406 2089 τοῖς
1430 2058 1533 2089 πολλοῖς
1566 2057 1697 2085 δοκοῦσαν
1724 2062 1864 2096 αἰσχύνην
1889 2066 1940 2091 τὴν

1127 2103 1169 2128 in).
1193 2106 1238 2128 τοῦ
1265 2106 1380 2140 σταυροῦ
1405 2101 1483 2134 δόξαν
1516 2104 1529 2129 ὁ
1558 2106 1646 2140 Σωτὴρ
1676 2103 1846 2140 ὶπονόμασεν·
1883 2108 1940 2133 ὦσ-

1127 2156 1173 2184 περ
1197 2148 1248 2185 γάρ
1272 2157 1312 2178 τις
1341 2147 1472 2184 βασιλεὺς,
1502 2147 1541 2174 ἀεὶ
1568 2149 1613 2184 μὲν
1636 2150 1666 2175 τὸ
1691 2149 1786 2186 κράτος
1815 2152 1866 2177 καὶ
1890 2155 1939 2181 τὴν

1128 2189 1239 2228 δύναμιν
1263 2193 1332 2228 ἔχων
1358 2192 1382 2218 ἐν
1408 2192 1501 2228 ἑαυτῷ,
1528 2193 1558 2218 οὗ
1582 2195 1713 2230 κέχρηται
1735 2195 1839 2225 τούτοις
1870 2198 1939 2233 πρὸς

1127 2237 1226 2272 άμυναν
1249 2241 1298 2263 τῶν
1314 2237 1416 2274 ἐχθρῶν
1429 2242 1479 2264 τῶν
1502 2239 1694 2275 τυραννούντων
1714 2240 1776 2270 τοὺς
1797 2240 1937 2272 ὑπηκόους

1128 2281 1218 2307 αὑτοῦ·
1246 2281 1353 2319 ὕστερον
1391 2280 1420 2308 δὲ
1453 2281 1592 2318 βουληθεὶς
1629 2281 1773 2317 ἐκδικῆσαι
1806 2286 1937 2321 τούτους,

1129 2324 1272 2358 διαναστὰς
1296 2326 1320 2352 ἐν
1345 2331 1431 2364 μικρῷ
1454 2337 1504 2354 τινι
1529 2327 1609 2363 ὅπλῳ,
1631 2330 1714 2364 οἰκείᾳ
1736 2328 1806 2365 ῥοπῇ
1840 2331 1935 2367 θραύει

1128 2371 1187 2402 τοὺς
1214 2371 1361 2408 πολεμίους,
1391 2374 1436 2398 καὶ
1461 2371 1534 2408 βυθῷ
1560 2371 1680 2403 ἀπολεῖας
1709 2375 1818 2404 τούτους
1847 2385 1936 2412 παρα-

1129 2415 1202 2450 δοὺς,
1228 2415 1315 2442 ἀκούει
1339 2417 1410 2452 παρὰ
1434 2417 1534 2443 πάντων
1561 2421 1611 2443 τῶν
1639 2416 1862 2454 ἐλευθερωθέντων
1890 2424 1936 2451 τῆς

1127 2459 1288 2498 τυραννίδος,
1317 2472 1331 2486 ‹‹
1359 2465 1422 2493 Νῦν,
1453 2461 1619 2488 ἑεασιλευσεν
1643 2462 1656 2487 ὁ
1685 2465 1822 2493 Δεσπότης
1845 2465 1933 2501 ἡμῶν,

1127 2510 1171 2532 νῦν
1191 2505 1331 2532 ἐνεδύσατο
1358 2504 1498 2543 dii-mlum,»
1524 2508 1570 2536 τὴν
1588 2506 1686 2543 βουλήν
1710 2507 1792 2534 αὔτοῦ
1815 2512 1865 2535 καὶ
1893 2512 1934 2538 τὴν

1129 2550 1232 2580 θέλησιν
1254 2555 1302 2582 τῆς
1320 2549 1480 2583 ἐκδικήσεως
1507 2550 1643 2587 βασιλείαν
1667 2554 1712 2578 καὶ
1737 2550 1855 2590 δύναμιν
1883 2555 1935 2580 ὀνο-

1127 2596 1272 2632 μαζὸντων⁸
1298 2596 1365 2622 οὕτω
1388 2598 1431 2622 καὶ
1459 2597 1472 2622 ὁ
1500 2598 1636 2633 προφήτης
1674 2601 1791 2633 προορῶν
1826 2603 1878 2629 τῆς
1910 2598 1931 2623 ἐν

1129 2643 1207 2677 σαρκὶ
1233 2642 1378 2677 παρουσίας
1399 2644 1444 2666 τοῦ
1469 2644 1535 2666 Θεοῦ
1560 2642 1647 2676 Λόγου
1675 2642 1719 2666 τὸν
1746 2643 1858 2679 χρόνον,
1890 2645 1931 2668 καὶ

1127 2687 1173 2714 τὴν
1205 2683 1343 2715 ἐκδίκησιν
1354 2689 1400 2711 τοῦ
1429 2684 1589 2724 ἀνθρωπίνου
1618 2688 1715 2722 γένους,
1744 2689 1792 2716 τὴν
1823 2697 1854 2713 τε
1887 2691 1928 2713 τον

281 2770 291 2789 ⁸
304 2771 359 2802 Isa.
374 2781 422 2810 XL,
438 2773 465 2803 3.
480 2774 490 2791 θ
506 2775 562 2802 Isa.
579 2779 631 2808 vn,
650 2773 694 2801 14.
713 2773 735 2791 ί⁰
751 2772 852 2802 Matth.
864 2781 903 2810 Ill,
922 2775 945 2802 t.
969 2774 989 2793 εί
1005 2774 1093 2806 Joan.
1113 2783 1164 2809 xu,
1182 2777 1226 2807 32.
