  <div class='ocr_page' id='page_1' title='image "/cluster/home/n/w/nwhite01/storage/ocr_20150623/140/njp.32101010942850/245.png"; bbox 0 0 1948 3079; ppageno 0'>
   <div class='ocr_carea' id='block_1_1' title="bbox 214 98 270 126">
    <p class='ocr_par' dir='ltr' id='par_1_1' title="bbox 214 98 270 126">
     <span class='ocr_line' id='line_1_1' title="bbox 214 98 270 126; baseline -0.036 0"><span class='ocrx_word' id='word_1_1' title='bbox 214 98 270 126; x_wconf 68' lang='grc'><strong>439</strong></span> 
     </span>
    </p>
   </div>
   <div class='ocr_carea' id='block_1_2' title="bbox 850 92 1256 122">
    <p class='ocr_par' dir='ltr' id='par_1_2' title="bbox 850 92 1256 122">
     <span class='ocr_line' id='line_1_2' title="bbox 850 92 1256 122; baseline 0 0"><span class='ocrx_word' id='word_1_2' title='bbox 850 93 1031 122; x_wconf 84' lang='lat' dir='ltr'><strong>THEODORI</strong></span> <span class='ocrx_word' id='word_1_3' title='bbox 1048 92 1256 122; x_wconf 79' lang='lat' dir='ltr'><strong>ANDIDENSIS</strong></span> 
     </span>
    </p>
   </div>
   <div class='ocr_carea' id='block_1_3' title="bbox 1840 98 1905 126">
    <p class='ocr_par' dir='ltr' id='par_1_3' title="bbox 1840 98 1905 126">
     <span class='ocr_line' id='line_1_3' title="bbox 1840 98 1905 126; baseline 0 0"><span class='ocrx_word' id='word_1_4' title='bbox 1840 98 1905 126; x_wconf 76' lang='grc'><strong>444)</strong></span> 
     </span>
    </p>
   </div>
   <div class='ocr_carea' id='block_1_4' title="bbox 213 155 1016 193">
    <p class='ocr_par' dir='ltr' id='par_1_4' title="bbox 213 155 1016 193">
     <span class='ocr_line' id='line_1_4' title="bbox 213 155 1016 193; baseline -0.002 -7"><span class='ocrx_word' id='word_1_5' title='bbox 213 157 307 186; x_wconf 86' lang='lat' dir='ltr'><strong>sionis</strong></span> <span class='ocrx_word' id='word_1_6' title='bbox 318 156 458 193; x_wconf 84' lang='lat' dir='ltr'><strong>symbola</strong></span> <span class='ocrx_word' id='word_1_7' title='bbox 471 156 622 185; x_wconf 86' lang='lat' dir='ltr'><strong>collocasti</strong></span> <span class='ocrx_word' id='word_1_8' title='bbox 632 157 689 184; x_wconf 72' lang='lat' dir='ltr'><strong>‘IAt</strong></span> <span class='ocrx_word' id='word_1_9' title='bbox 700 155 791 184; x_wconf 85' lang='lat' dir='ltr'><strong>velim</strong></span> <span class='ocrx_word' id='word_1_10' title='bbox 802 156 889 190; x_wconf 84' lang='lat' dir='ltr'><strong>scias,</strong></span> <span class='ocrx_word' id='word_1_11' title='bbox 898 156 1016 193; x_wconf 85' lang='lat' dir='ltr'><strong>quisqui</strong></span> 
     </span>
    </p>
   </div>
   <div class='ocr_carea' id='block_1_5' title="bbox 1093 155 1908 193">
    <p class='ocr_par' dir='ltr' id='par_1_5' title="bbox 1093 155 1908 193">
     <span class='ocr_line' id='line_1_5' title="bbox 1093 155 1908 193; baseline 0.006 -11"><span class='ocrx_word' id='word_1_12' title='bbox 1093 159 1139 182; x_wconf 70' lang='grc' dir='ltr'>τοῦ</span> <span class='ocrx_word' id='word_1_13' title='bbox 1154 156 1254 186; x_wconf 88' lang='grc' dir='ltr'>πάθους</span> <span class='ocrx_word' id='word_1_14' title='bbox 1283 155 1417 193; x_wconf 79' lang='grc' dir='ltr'>συμϐόλων</span> <span class='ocrx_word' id='word_1_15' title='bbox 1436 158 1575 190; x_wconf 77' lang='grc' dir='ltr'>τέθεικας;</span> <span class='ocrx_word' id='word_1_16' title='bbox 1598 156 1664 183; x_wconf 86' lang='grc' dir='ltr'>Ἀλλ’</span> <span class='ocrx_word' id='word_1_17' title='bbox 1686 158 1744 184; x_wconf 82' lang='grc' dir='ltr'><strong>ἴσθι</strong></span> <span class='ocrx_word' id='word_1_18' title='bbox 1767 159 1781 184; x_wconf 87' lang='grc' dir='ltr'>ὁ</span> <span class='ocrx_word' id='word_1_19' title='bbox 1809 163 1908 186; x_wconf 70' lang='grc' dir='ltr'>ταῦτα.</span> 
     </span>
    </p>
   </div>
   <div class='ocr_carea' id='block_1_6' title="bbox 213 201 1039 238">
    <p class='ocr_par' dir='ltr' id='par_1_6' title="bbox 213 201 1039 238">
     <span class='ocr_line' id='line_1_6' title="bbox 213 201 1039 238; baseline -0.001 -8"><span class='ocrx_word' id='word_1_20' title='bbox 213 203 254 230; x_wconf 87' lang='lat' dir='ltr'><strong>ita</strong></span> <span class='ocrx_word' id='word_1_21' title='bbox 267 202 409 238; x_wconf 84' lang='lat' dir='ltr'><strong>loqueris,</strong></span> <span class='ocrx_word' id='word_1_22' title='bbox 423 210 521 238; x_wconf 88' lang='lat' dir='ltr'><strong>neque</strong></span> <span class='ocrx_word' id='word_1_23' title='bbox 530 201 670 237; x_wconf 70' lang='lat' dir='ltr'><strong>aenigma,</strong></span> <span class='ocrx_word' id='word_1_24' title='bbox 683 209 781 237; x_wconf 89' lang='lat' dir='ltr'><strong>neque</strong></span> <span class='ocrx_word' id='word_1_25' title='bbox 791 201 974 237; x_wconf 88' lang='lat' dir='ltr'><strong>symbolum,</strong></span> <span class='ocrx_word' id='word_1_26' title='bbox 986 209 1039 229; x_wconf 90' lang='lat' dir='ltr'><strong>ne-</strong></span> 
     </span>
    </p>
   </div>
   <div class='ocr_carea' id='block_1_7' title="bbox 214 245 1038 283">
    <p class='ocr_par' dir='ltr' id='par_1_7' title="bbox 214 245 1038 283">
     <span class='ocr_line' id='line_1_7' title="bbox 214 245 1038 283; baseline 0 -9"><span class='ocrx_word' id='word_1_27' title='bbox 214 254 273 283; x_wconf 91' lang='lat' dir='ltr'><strong>que</strong></span> <span class='ocrx_word' id='word_1_28' title='bbox 285 246 462 282; x_wconf 88' lang='lat' dir='ltr'><strong>parabolam</strong></span> <span class='ocrx_word' id='word_1_29' title='bbox 475 254 592 274; x_wconf 81' lang='lat' dir='ltr'><strong>servare</strong></span> <span class='ocrx_word' id='word_1_30' title='bbox 604 253 694 282; x_wconf 86' lang='lat' dir='ltr'><strong>posse</strong></span> <span class='ocrx_word' id='word_1_31' title='bbox 705 245 919 274; x_wconf 85' lang='lat' dir='ltr'><strong>invariabiliter</strong></span> <span class='ocrx_word' id='word_1_32' title='bbox 933 254 1038 274; x_wconf 89' lang='lat' dir='ltr'><strong>eorum</strong></span> 
     </span>
    </p>
   </div>
   <div class='ocr_carea' id='block_1_8' title="bbox 214 290 1038 327">
    <p class='ocr_par' dir='ltr' id='par_1_8' title="bbox 214 290 1038 327">
     <span class='ocr_line' id='line_1_8' title="bbox 214 290 1038 327; baseline 0 -9"><span class='ocrx_word' id='word_1_33' title='bbox 214 299 282 327; x_wconf 77' lang='lat' dir='ltr'><strong>quae</strong></span> <span class='ocrx_word' id='word_1_34' title='bbox 309 290 464 319; x_wconf 81' lang='lat' dir='ltr'><strong>imitantur</strong></span> <span class='ocrx_word' id='word_1_35' title='bbox 478 291 648 327; x_wconf 86' lang='lat' dir='ltr'><strong>paritatem,</strong></span> <span class='ocrx_word' id='word_1_36' title='bbox 671 298 769 326; x_wconf 87' lang='lat' dir='ltr'><strong>neque</strong></span> <span class='ocrx_word' id='word_1_37' title='bbox 796 291 866 318; x_wconf 85' lang='lat' dir='ltr'><strong>item</strong></span> <span class='ocrx_word' id='word_1_38' title='bbox 890 298 1038 326; x_wconf 63' lang='lat' dir='ltr'><strong>personae,</strong></span> 
     </span>
    </p>
   </div>
   <div class='ocr_carea' id='block_1_9' title="bbox 213 335 1040 371">
    <p class='ocr_par' dir='ltr' id='par_1_9' title="bbox 213 335 1040 371">
     <span class='ocr_line' id='line_1_9' title="bbox 213 335 1040 371; baseline 0 -8"><span class='ocrx_word' id='word_1_39' title='bbox 213 338 393 371; x_wconf 84' lang='lat' dir='ltr'><strong>temporum,</strong></span> <span class='ocrx_word' id='word_1_40' title='bbox 420 335 533 363; x_wconf 84' lang='lat' dir='ltr'><strong>ordinis</strong></span> <span class='ocrx_word' id='word_1_41' title='bbox 549 335 655 371; x_wconf 77' lang='lat' dir='ltr'><strong>prioris</strong></span> <span class='ocrx_word' id='word_1_42' title='bbox 670 337 722 362; x_wconf 87' lang='lat' dir='ltr'><strong>aut</strong></span> <span class='ocrx_word' id='word_1_43' title='bbox 736 335 917 371; x_wconf 78' lang='lat' dir='ltr'><strong>posterioris,</strong></span> <span class='ocrx_word' id='word_1_44' title='bbox 944 338 972 363; x_wconf 85' lang='lat' dir='ltr'><strong>et</strong></span> <span class='ocrx_word' id='word_1_45' title='bbox 995 343 1040 363; x_wconf 92' lang='lat' dir='ltr'><strong>re-</strong></span> 
     </span>
    </p>
   </div>
   <div class='ocr_carea' id='block_1_10' title="bbox 212 380 1039 416">
    <p class='ocr_par' dir='ltr' id='par_1_10' title="bbox 212 380 1039 416">
     <span class='ocr_line' id='line_1_10' title="bbox 212 380 1039 416; baseline 0 -8"><span class='ocrx_word' id='word_1_46' title='bbox 212 380 365 416; x_wconf 86' lang='lat' dir='ltr'><strong>liquorum</strong></span> <span class='ocrx_word' id='word_1_47' title='bbox 379 380 556 415; x_wconf 71' lang='lat' dir='ltr'><strong>huiusmodi</strong></span> <span class='ocrx_word' id='word_1_48' title='bbox 575 380 811 415; x_wconf 82' lang='lat' dir='ltr'><strong>similitudinem,</strong></span> <span class='ocrx_word' id='word_1_49' title='bbox 830 380 943 408; x_wconf 87' lang='lat' dir='ltr'><strong>nedum</strong></span> <span class='ocrx_word' id='word_1_50' title='bbox 959 380 1039 408; x_wconf 89' lang='lat' dir='ltr'><strong>idem</strong></span> 
     </span>
    </p>
   </div>
   <div class='ocr_carea' id='block_1_11' title="bbox 213 424 1038 461">
    <p class='ocr_par' dir='ltr' id='par_1_11' title="bbox 213 424 1038 461">
     <span class='ocr_line' id='line_1_11' title="bbox 213 424 1038 461; baseline 0 -9"><span class='ocrx_word' id='word_1_51' title='bbox 213 433 283 453; x_wconf 86' lang='lat' dir='ltr'><strong>cum</strong></span> <span class='ocrx_word' id='word_1_52' title='bbox 305 424 362 452; x_wconf 86' lang='lat' dir='ltr'><strong>illis</strong></span> <span class='ocrx_word' id='word_1_53' title='bbox 378 432 442 453; x_wconf 87' lang='lat' dir='ltr'><strong>esse</strong></span> <span class='ocrx_word' id='word_1_54' title='bbox 464 433 572 461; x_wconf 88' lang='lat' dir='ltr'><strong>posse:</strong></span> <span class='ocrx_word' id='word_1_55' title='bbox 588 432 692 452; x_wconf 88' lang='lat' dir='ltr'><strong>verum</strong></span> <span class='ocrx_word' id='word_1_56' title='bbox 716 424 781 452; x_wconf 62' lang='lat' dir='ltr'><strong>haec</strong></span> <span class='ocrx_word' id='word_1_57' title='bbox 801 425 842 452; x_wconf 90' lang='lat' dir='ltr'><strong>ita</strong></span> <span class='ocrx_word' id='word_1_58' title='bbox 861 425 1038 460; x_wconf 82' lang='lat' dir='ltr'><strong>ﬁgurantur,</strong></span> 
     </span>
    </p>
   </div>
   <div class='ocr_carea' id='block_1_12' title="bbox 213 469 1040 506">
    <p class='ocr_par' dir='ltr' id='par_1_12' title="bbox 213 469 1040 506">
     <span class='ocr_line' id='line_1_12' title="bbox 213 469 1040 506; baseline -0.001 -9"><span class='ocrx_word' id='word_1_59' title='bbox 213 471 246 498; x_wconf 91' lang='lat' dir='ltr'><strong>ut</strong></span> <span class='ocrx_word' id='word_1_60' title='bbox 270 469 433 504; x_wconf 81' lang='lat' dir='ltr'><strong>imaginem</strong></span> <span class='ocrx_word' id='word_1_61' title='bbox 448 469 598 505; x_wconf 84' lang='lat' dir='ltr'><strong>prototypi</strong></span> <span class='ocrx_word' id='word_1_62' title='bbox 613 471 735 503; x_wconf 85' lang='lat' dir='ltr'><strong>gerant:</strong></span> <span class='ocrx_word' id='word_1_63' title='bbox 750 469 801 496; x_wconf 90' lang='lat' dir='ltr'><strong>sed</strong></span> <span class='ocrx_word' id='word_1_64' title='bbox 817 472 894 497; x_wconf 85' lang='lat' dir='ltr'><strong>certe</strong></span> <span class='ocrx_word' id='word_1_65' title='bbox 920 469 1040 506; x_wconf 79' lang='lat' dir='ltr'><strong>aequali-</strong></span> 
     </span>
    </p>
   </div>
   <div class='ocr_carea' id='block_1_13' title="bbox 214 513 1041 550">
    <p class='ocr_par' dir='ltr' id='par_1_13' title="bbox 214 513 1041 550">
     <span class='ocr_line' id='line_1_13' title="bbox 214 513 1041 550; baseline -0.001 -8"><span class='ocrx_word' id='word_1_66' title='bbox 214 515 307 542; x_wconf 83' lang='lat' dir='ltr'><strong>tatem</strong></span> <span class='ocrx_word' id='word_1_67' title='bbox 336 514 446 542; x_wconf 89' lang='lat' dir='ltr'><strong>servari</strong></span> <span class='ocrx_word' id='word_1_68' title='bbox 470 513 659 550; x_wconf 85' lang='lat' dir='ltr'><strong>impossibile</strong></span> <span class='ocrx_word' id='word_1_69' title='bbox 677 516 730 542; x_wconf 87' lang='lat' dir='ltr'><strong>est.</strong></span> <span class='ocrx_word' id='word_1_70' title='bbox 752 514 883 541; x_wconf 86' lang='lat' dir='ltr'><strong>Dicimus</strong></span> <span class='ocrx_word' id='word_1_71' title='bbox 903 521 984 548; x_wconf 84' lang='lat' dir='ltr'><strong>ergo,</strong></span> <span class='ocrx_word' id='word_1_72' title='bbox 999 514 1041 541; x_wconf 89' lang='lat' dir='ltr'><strong>le-</strong></span> 
     </span>
    </p>
   </div>
   <div class='ocr_carea' id='block_1_14' title="bbox 213 558 1039 594">
    <p class='ocr_par' dir='ltr' id='par_1_14' title="bbox 213 558 1039 594">
     <span class='ocr_line' id='line_1_14' title="bbox 213 558 1039 594; baseline 0 -8"><span class='ocrx_word' id='word_1_73' title='bbox 213 559 343 587; x_wconf 88' lang='lat' dir='ltr'><strong>ctionem</strong></span> <span class='ocrx_word' id='word_1_74' title='bbox 371 558 607 594; x_wconf 86' lang='lat' dir='ltr'><strong>apostolicorum</strong></span> <span class='ocrx_word' id='word_1_75' title='bbox 628 560 756 586; x_wconf 80' lang='lat' dir='ltr'><strong>Actuum</strong></span> <span class='ocrx_word' id='word_1_76' title='bbox 780 561 808 586; x_wconf 91' lang='lat' dir='ltr'><strong>et</strong></span> <span class='ocrx_word' id='word_1_77' title='bbox 831 558 1039 594; x_wconf 84' lang='lat' dir='ltr'><strong>Epistolarum,</strong></span> 
     </span>
    </p>
   </div>
   <div class='ocr_carea' id='block_1_15' title="bbox 216 603 1042 639">
    <p class='ocr_par' dir='ltr' id='par_1_15' title="bbox 216 603 1042 639">
     <span class='ocr_line' id='line_1_15' title="bbox 216 603 1042 639; baseline 0 -8"><span class='ocrx_word' id='word_1_78' title='bbox 216 603 390 631; x_wconf 80' lang='lat' dir='ltr'><strong>electionem</strong></span> <span class='ocrx_word' id='word_1_79' title='bbox 405 603 496 636; x_wconf 72' lang='lat' dir='ltr'><strong>simul</strong></span> <span class='ocrx_word' id='word_1_80' title='bbox 515 605 730 639; x_wconf 66' lang='lat' dir='ltr'><strong>reprmsentare</strong></span> <span class='ocrx_word' id='word_1_81' title='bbox 752 606 780 631; x_wconf 90' lang='lat' dir='ltr'><strong>et</strong></span> <span class='ocrx_word' id='word_1_82' title='bbox 801 604 892 631; x_wconf 80' lang='lat' dir='ltr'><strong>finem</strong></span> <span class='ocrx_word' id='word_1_83' title='bbox 915 604 1042 639; x_wconf 90' lang='lat' dir='ltr'><strong>promis-</strong></span> 
     </span>
    </p>
   </div>
   <div class='ocr_carea' id='block_1_16' title="bbox 213 647 1042 683">
    <p class='ocr_par' dir='ltr' id='par_1_16' title="bbox 213 647 1042 683">
     <span class='ocr_line' id='line_1_16' title="bbox 213 647 1042 683; baseline 0.001 -9"><span class='ocrx_word' id='word_1_84' title='bbox 213 648 334 675; x_wconf 85' lang='lat' dir='ltr'><strong>sionum</strong></span> <span class='ocrx_word' id='word_1_85' title='bbox 347 647 451 674; x_wconf 82' lang='lat' dir='ltr'><strong>Christi</strong></span> <span class='ocrx_word' id='word_1_86' title='bbox 467 647 517 674; x_wconf 89' lang='lat' dir='ltr'><strong>Dei</strong></span> <span class='ocrx_word' id='word_1_87' title='bbox 526 647 619 675; x_wconf 85' lang='lat' dir='ltr'><strong>nostri</strong></span> <span class='ocrx_word' id='word_1_88' title='bbox 633 656 639 674; x_wconf 93' lang='lat'><strong>:</strong></span> <span class='ocrx_word' id='word_1_89' title='bbox 656 647 736 675; x_wconf 92' lang='lat' dir='ltr'><strong>unde</strong></span> <span class='ocrx_word' id='word_1_90' title='bbox 750 647 842 682; x_wconf 87' lang='lat' dir='ltr'><strong>hujus</strong></span> <span class='ocrx_word' id='word_1_91' title='bbox 859 648 1002 683; x_wconf 86' lang='lat' dir='ltr'><strong>potentia,</strong></span> <span class='ocrx_word' id='word_1_92' title='bbox 1014 649 1042 675; x_wconf 90' lang='lat' dir='ltr'><strong>et</strong></span> 
     </span>
    </p>
   </div>
   <div class='ocr_carea' id='block_1_17' title="bbox 213 691 1038 727">
    <p class='ocr_par' dir='ltr' id='par_1_17' title="bbox 213 691 1038 727">
     <span class='ocr_line' id='line_1_17' title="bbox 213 691 1038 727; baseline 0.001 -8"><span class='ocrx_word' id='word_1_93' title='bbox 213 691 345 719; x_wconf 79' lang='lat' dir='ltr'><strong>veritatis</strong></span> <span class='ocrx_word' id='word_1_94' title='bbox 364 691 491 719; x_wconf 86' lang='lat' dir='ltr'><strong>ﬁrmitas</strong></span> <span class='ocrx_word' id='word_1_95' title='bbox 506 691 728 727; x_wconf 82' lang='lat' dir='ltr'><strong>comprobatur.</strong></span> <span class='ocrx_word' id='word_1_96' title='bbox 752 691 827 719; x_wconf 79' lang='lat' dir='ltr'><strong>Dixit</strong></span> <span class='ocrx_word' id='word_1_97' title='bbox 853 692 933 720; x_wconf 89' lang='lat' dir='ltr'><strong>enim</strong></span> <span class='ocrx_word' id='word_1_98' title='bbox 961 692 1038 720; x_wconf 84' lang='lat' dir='ltr'><strong>illis:</strong></span> 
     </span>
    </p>
   </div>
   <div class='ocr_carea' id='block_1_18' title="bbox 214 735 1039 771">
    <p class='ocr_par' dir='ltr' id='par_1_18' title="bbox 214 735 1039 771">
     <span class='ocr_line' id='line_1_18' title="bbox 214 735 1039 771; baseline 0.002 -9"><span class='ocrx_word' id='word_1_99' title='bbox 214 747 229 762; x_wconf 83' lang='lat'><strong>«</strong></span> <span class='ocrx_word' id='word_1_100' title='bbox 255 736 354 763; x_wconf 85' lang='lat' dir='ltr'><strong>Venite</strong></span> <span class='ocrx_word' id='word_1_101' title='bbox 380 737 449 771; x_wconf 82' lang='lat' dir='ltr'><strong>post</strong></span> <span class='ocrx_word' id='word_1_102' title='bbox 468 743 526 770; x_wconf 89' lang='lat' dir='ltr'><strong>me,</strong></span> <span class='ocrx_word' id='word_1_103' title='bbox 548 735 657 764; x_wconf 85' lang='lat' dir='ltr'><strong>faciam</strong></span> <span class='ocrx_word' id='word_1_104' title='bbox 681 744 735 763; x_wconf 92' lang='lat' dir='ltr'><strong>vos</strong></span> <span class='ocrx_word' id='word_1_105' title='bbox 756 736 921 771; x_wconf 86' lang='lat' dir='ltr'><strong>piscatores</strong></span> <span class='ocrx_word' id='word_1_106' title='bbox 945 737 1039 765; x_wconf 91' lang='lat' dir='ltr'><strong>homi-</strong></span> 
     </span>
    </p>
   </div>
   <div class='ocr_carea' id='block_1_19' title="bbox 213 780 1040 816">
    <p class='ocr_par' dir='ltr' id='par_1_19' title="bbox 213 780 1040 816">
     <span class='ocr_line' id='line_1_19' title="bbox 213 780 1040 816; baseline 0 -8"><span class='ocrx_word' id='word_1_107' title='bbox 213 787 288 809; x_wconf 88' lang='lat' dir='ltr'><strong>num</strong></span> <span class='ocrx_word' id='word_1_108' title='bbox 303 781 335 808; x_wconf 81' lang='grc'><strong>¹³.</strong></span> <span class='ocrx_word' id='word_1_109' title='bbox 353 791 366 805; x_wconf 78' lang='lat' dir='ltr'><strong>n</strong></span> <span class='ocrx_word' id='word_1_110' title='bbox 384 781 488 815; x_wconf 88' lang='lat' dir='ltr'><strong>Specta</strong></span> <span class='ocrx_word' id='word_1_111' title='bbox 504 780 605 815; x_wconf 83' lang='lat' dir='ltr'><strong>igitur,</strong></span> <span class='ocrx_word' id='word_1_112' title='bbox 628 780 784 816; x_wconf 87' lang='lat' dir='ltr'><strong>quomodo</strong></span> <span class='ocrx_word' id='word_1_113' title='bbox 800 781 949 808; x_wconf 89' lang='lat' dir='ltr'><strong>mundum</strong></span> <span class='ocrx_word' id='word_1_114' title='bbox 976 781 1040 809; x_wconf 91' lang='lat' dir='ltr'><strong>uni-</strong></span> 
     </span>
    </p>
   </div>
   <div class='ocr_carea' id='block_1_20' title="bbox 1092 199 1905 238">
    <p class='ocr_par' dir='ltr' id='par_1_20' title="bbox 1092 199 1905 238">
     <span class='ocr_line' id='line_1_20' title="bbox 1092 199 1905 238; baseline 0.006 -12"><span class='ocrx_word' id='word_1_115' title='bbox 1092 199 1170 236; x_wconf 78' lang='grc' dir='ltr'>λέγων</span> <span class='ocrx_word' id='word_1_116' title='bbox 1202 201 1235 232; x_wconf 79' lang='grc' dir='ltr'>ὡς</span> <span class='ocrx_word' id='word_1_117' title='bbox 1268 203 1326 227; x_wconf 67' lang='grc' dir='ltr'>οὔτε</span> <span class='ocrx_word' id='word_1_118' title='bbox 1357 203 1466 238; x_wconf 78' lang='grc' dir='ltr'>αἴνιγμα</span> <span class='ocrx_word' id='word_1_119' title='bbox 1495 204 1554 228; x_wconf 76' lang='grc' dir='ltr'>οὔτε</span> <span class='ocrx_word' id='word_1_120' title='bbox 1594 201 1721 238; x_wconf 69' lang='grc' dir='ltr'>σύμϐολον</span> <span class='ocrx_word' id='word_1_121' title='bbox 1753 206 1812 230; x_wconf 71' lang='grc' dir='ltr'>οὔτε</span> <span class='ocrx_word' id='word_1_122' title='bbox 1844 215 1905 231; x_wconf 85' lang='grc' dir='ltr'>πα-</span> 
     </span>
    </p>
   </div>
   <div class='ocr_carea' id='block_1_21' title="bbox 1093 243 1902 283">
    <p class='ocr_par' dir='ltr' id='par_1_21' title="bbox 1093 243 1902 283">
     <span class='ocr_line' id='line_1_21' title="bbox 1093 243 1902 283; baseline 0.005 -12"><span class='ocrx_word' id='word_1_123' title='bbox 1093 245 1188 282; x_wconf 72' lang='grc' dir='ltr'>ραϐολὴ</span> <span class='ocrx_word' id='word_1_124' title='bbox 1219 243 1330 272; x_wconf 76' lang='grc' dir='ltr'>δύναται</span> <span class='ocrx_word' id='word_1_125' title='bbox 1363 246 1475 283; x_wconf 73' lang='grc' dir='ltr'>φυλάξαι</span> <span class='ocrx_word' id='word_1_126' title='bbox 1520 247 1723 282; x_wconf 67' lang='grc' dir='ltr'><strong>ἀπαραλλάκτως</strong></span> <span class='ocrx_word' id='word_1_127' title='bbox 1765 252 1814 275; x_wconf 78' lang='grc' dir='ltr'>τῶν</span> <span class='ocrx_word' id='word_1_128' title='bbox 1859 250 1902 275; x_wconf 76' lang='grc' dir='ltr'>ὧν</span> 
     </span>
    </p>
   </div>
   <div class='ocr_carea' id='block_1_22' title="bbox 1093 291 1905 329">
    <p class='ocr_par' dir='ltr' id='par_1_22' title="bbox 1093 291 1905 329">
     <span class='ocr_line' id='line_1_22' title="bbox 1093 291 1905 329; baseline 0.006 -14"><span class='ocrx_word' id='word_1_129' title='bbox 1093 293 1211 326; x_wconf 79' lang='grc' dir='ltr'><strong>μιμεῖται</strong></span> <span class='ocrx_word' id='word_1_130' title='bbox 1241 291 1342 317; x_wconf 85' lang='grc' dir='ltr'>πάντων</span> <span class='ocrx_word' id='word_1_131' title='bbox 1377 294 1424 321; x_wconf 79' lang='grc' dir='ltr'>τὴν</span> <span class='ocrx_word' id='word_1_132' title='bbox 1462 291 1594 329; x_wconf 73' lang='grc' dir='ltr'><strong>ἐμφέρειαν</strong></span> <span class='ocrx_word' id='word_1_133' title='bbox 1630 292 1697 328; x_wconf 78' lang='grc'><strong>(20)’</strong></span> <span class='ocrx_word' id='word_1_134' title='bbox 1735 292 1788 319; x_wconf 78' lang='grc' dir='ltr'>ἀλλ’</span> <span class='ocrx_word' id='word_1_135' title='bbox 1830 292 1905 320; x_wconf 69' lang='grc' dir='ltr'>οὐδὲ</span> 
     </span>
    </p>
   </div>
   <div class='ocr_carea' id='block_1_23' title="bbox 1093 336 1904 373">
    <p class='ocr_par' dir='ltr' id='par_1_23' title="bbox 1093 336 1904 373">
     <span class='ocr_line' id='line_1_23' title="bbox 1093 336 1904 373; baseline 0.005 -13"><span class='ocrx_word' id='word_1_136' title='bbox 1093 337 1235 370; x_wconf 80' lang='grc' dir='ltr'><strong>προσώπου</strong></span> <span class='ocrx_word' id='word_1_137' title='bbox 1273 338 1316 361; x_wconf 87' lang='lat' dir='ltr'><strong>xui</strong></span> <span class='ocrx_word' id='word_1_138' title='bbox 1357 340 1453 373; x_wconf 74' lang='grc' dir='ltr'>καιρῶν</span> <span class='ocrx_word' id='word_1_139' title='bbox 1488 338 1533 362; x_wconf 81' lang='grc' dir='ltr'>καὶ</span> <span class='ocrx_word' id='word_1_140' title='bbox 1573 336 1669 368; x_wconf 85' lang='grc' dir='ltr'>τάξεως</span> <span class='ocrx_word' id='word_1_141' title='bbox 1704 340 1810 373; x_wconf 79' lang='grc' dir='ltr'>πρώτης</span> <span class='ocrx_word' id='word_1_142' title='bbox 1850 341 1904 364; x_wconf 73' lang='grc' dir='ltr'><strong>καὶ</strong></span> 
     </span>
    </p>
   </div>
   <div class='ocr_carea' id='block_1_24' title="bbox 1094 377 1905 418">
    <p class='ocr_par' dir='ltr' id='par_1_24' title="bbox 1094 377 1905 418">
     <span class='ocr_line' id='line_1_24' title="bbox 1094 377 1905 418; baseline 0.006 -14"><span class='ocrx_word' id='word_1_143' title='bbox 1094 377 1215 416; x_wconf 73' lang='grc' dir='ltr'>δευτερας</span> <span class='ocrx_word' id='word_1_144' title='bbox 1239 381 1284 405; x_wconf 83' lang='lat' dir='ltr'><strong>xui</strong></span> <span class='ocrx_word' id='word_1_145' title='bbox 1314 384 1363 406; x_wconf 85' lang='grc' dir='ltr'>τῶν</span> <span class='ocrx_word' id='word_1_146' title='bbox 1393 380 1452 412; x_wconf 81' lang='grc' dir='ltr'><strong>ἑξῆς</strong></span> <span class='ocrx_word' id='word_1_147' title='bbox 1481 383 1528 410; x_wconf 80' lang='grc' dir='ltr'>τὴν</span> <span class='ocrx_word' id='word_1_148' title='bbox 1565 382 1700 416; x_wconf 81' lang='grc' dir='ltr'>ὁμοίωσιν,</span> <span class='ocrx_word' id='word_1_149' title='bbox 1729 382 1826 418; x_wconf 82' lang='grc' dir='ltr'>μᾶλλον</span> <span class='ocrx_word' id='word_1_150' title='bbox 1867 382 1905 409; x_wconf 61' lang='grc' dir='ltr'>δὲ</span> 
     </span>
    </p>
   </div>
   <div class='ocr_carea' id='block_1_25' title="bbox 1094 424 1904 462">
    <p class='ocr_par' dir='ltr' id='par_1_25' title="bbox 1094 424 1904 462">
     <span class='ocr_line' id='line_1_25' title="bbox 1094 424 1904 462; baseline 0.005 -13"><span class='ocrx_word' id='word_1_151' title='bbox 1094 425 1140 452; x_wconf 81' lang='grc' dir='ltr'><strong>την</strong></span> <span class='ocrx_word' id='word_1_152' title='bbox 1167 426 1325 453; x_wconf 82' lang='grc' dir='ltr'>ταυτότητα“</span> <span class='ocrx_word' id='word_1_153' title='bbox 1352 424 1420 452; x_wconf 84' lang='grc' dir='ltr'>Ἀλλ’</span> <span class='ocrx_word' id='word_1_154' title='bbox 1450 427 1531 456; x_wconf 72' lang='grc' dir='ltr'>οὕτως</span> <span class='ocrx_word' id='word_1_155' title='bbox 1555 425 1763 462; x_wconf 69' lang='grc' dir='ltr'><strong>ἐσχημάτισται,</strong></span> <span class='ocrx_word' id='word_1_156' title='bbox 1789 428 1824 458; x_wconf 82' lang='grc' dir='ltr'>ὼς</span> <span class='ocrx_word' id='word_1_157' title='bbox 1847 430 1904 456; x_wconf 74' lang='grc' dir='ltr'>τὴν</span> 
     </span>
    </p>
   </div>
   <div class='ocr_carea' id='block_1_26' title="bbox 1094 468 1905 509">
    <p class='ocr_par' dir='ltr' id='par_1_26' title="bbox 1094 468 1905 509">
     <span class='ocr_line' id='line_1_26' title="bbox 1094 468 1905 509; baseline 0.006 -16"><span class='ocrx_word' id='word_1_158' title='bbox 1094 468 1178 494; x_wconf 77' lang='grc' dir='ltr'><strong>εἰκόνα</strong></span> <span class='ocrx_word' id='word_1_159' title='bbox 1207 470 1288 505; x_wconf 74' lang='grc' dir='ltr'>φέρειν</span> <span class='ocrx_word' id='word_1_160' title='bbox 1317 473 1362 495; x_wconf 74' lang='grc' dir='ltr'>τοῦ</span> <span class='ocrx_word' id='word_1_161' title='bbox 1396 472 1577 507; x_wconf 67' lang='grc' dir='ltr'>πρωτοτύπουθ</span> <span class='ocrx_word' id='word_1_162' title='bbox 1616 472 1645 497; x_wconf 88' lang='grc' dir='ltr'>τὸ</span> <span class='ocrx_word' id='word_1_163' title='bbox 1684 474 1771 507; x_wconf 81' lang='grc' dir='ltr'>μέντοι</span> <span class='ocrx_word' id='word_1_164' title='bbox 1810 482 1905 509; x_wconf 82' lang='grc' dir='ltr'>παρα-</span> 
     </span>
    </p>
   </div>
   <div class='ocr_carea' id='block_1_27' title="bbox 1093 512 1904 552">
    <p class='ocr_par' dir='ltr' id='par_1_27' title="bbox 1093 512 1904 552">
     <span class='ocr_line' id='line_1_27' title="bbox 1093 512 1904 552; baseline 0.006 -14"><span class='ocrx_word' id='word_1_165' title='bbox 1093 512 1204 542; x_wconf 74' lang='grc' dir='ltr'>πλήσιον</span> <span class='ocrx_word' id='word_1_166' title='bbox 1230 515 1451 551; x_wconf 80' lang='grc' dir='ltr'>παρατηρηθῆναι</span> <span class='ocrx_word' id='word_1_167' title='bbox 1484 513 1621 543; x_wconf 72' lang='grc' dir='ltr'>ἀδύνατον.</span> <span class='ocrx_word' id='word_1_168' title='bbox 1657 518 1774 552; x_wconf 72' lang='grc' dir='ltr'>Εἶπωμεν</span> <span class='ocrx_word' id='word_1_169' title='bbox 1807 519 1904 543; x_wconf 81' lang='grc' dir='ltr'>τοίνυν</span> 
     </span>
    </p>
   </div>
   <div class='ocr_carea' id='block_1_28' title="bbox 1095 558 1903 596">
    <p class='ocr_par' dir='ltr' id='par_1_28' title="bbox 1095 558 1903 596">
     <span class='ocr_line' id='line_1_28' title="bbox 1095 558 1903 596; baseline 0.007 -14"><span class='ocrx_word' id='word_1_170' title='bbox 1095 559 1127 588; x_wconf 83' lang='grc' dir='ltr'>ὡς</span> <span class='ocrx_word' id='word_1_171' title='bbox 1160 558 1173 586; x_wconf 68' lang='grc' dir='ltr'>ἡ</span> <span class='ocrx_word' id='word_1_172' title='bbox 1208 563 1258 583; x_wconf 75' lang='grc' dir='ltr'>τῶν</span> <span class='ocrx_word' id='word_1_173' title='bbox 1288 558 1466 585; x_wconf 76' lang='grc' dir='ltr'>ἀποστολιχων</span> <span class='ocrx_word' id='word_1_174' title='bbox 1498 560 1617 596; x_wconf 82' lang='grc' dir='ltr'>Πράξεων</span> <span class='ocrx_word' id='word_1_175' title='bbox 1650 559 1804 596; x_wconf 74' lang='grc' dir='ltr'>ἀνάγνωσις,</span> <span class='ocrx_word' id='word_1_176' title='bbox 1851 565 1903 588; x_wconf 76' lang='grc' dir='ltr'>καὶ</span> 
     </span>
    </p>
   </div>
   <div class='ocr_carea' id='block_1_29' title="bbox 1094 602 1899 642">
    <p class='ocr_par' dir='ltr' id='par_1_29' title="bbox 1094 602 1899 642">
     <span class='ocr_line' id='line_1_29' title="bbox 1094 602 1899 642; baseline 0.006 -15"><span class='ocrx_word' id='word_1_177' title='bbox 1094 606 1144 627; x_wconf 84' lang='grc' dir='ltr'>τῶν</span> <span class='ocrx_word' id='word_1_178' title='bbox 1187 602 1327 629; x_wconf 73' lang='grc' dir='ltr'><strong>ἐπιστολῶν</strong></span> <span class='ocrx_word' id='word_1_179' title='bbox 1366 604 1460 637; x_wconf 68' lang='grc' dir='ltr'>αὐτῶν,</span> <span class='ocrx_word' id='word_1_180' title='bbox 1499 607 1647 642; x_wconf 74' lang='grc' dir='ltr'><strong>παρίστησι</strong></span> <span class='ocrx_word' id='word_1_181' title='bbox 1684 608 1731 634; x_wconf 75' lang='grc' dir='ltr'>τὴν</span> <span class='ocrx_word' id='word_1_182' title='bbox 1773 606 1899 642; x_wconf 73' lang='grc' dir='ltr'>ἐκλογὴν,</span> 
     </span>
    </p>
   </div>
   <div class='ocr_carea' id='block_1_30' title="bbox 1094 646 1899 686">
    <p class='ocr_par' dir='ltr' id='par_1_30' title="bbox 1094 646 1899 686">
     <span class='ocr_line' id='line_1_30' title="bbox 1094 646 1899 686; baseline 0.006 -15"><span class='ocrx_word' id='word_1_183' title='bbox 1094 648 1140 672; x_wconf 80' lang='grc' dir='ltr'><strong>καὶ</strong></span> <span class='ocrx_word' id='word_1_184' title='bbox 1171 647 1200 672; x_wconf 83' lang='grc' dir='ltr'>τὸ</span> <span class='ocrx_word' id='word_1_185' title='bbox 1229 646 1300 677; x_wconf 79' lang='grc' dir='ltr'>τέλος</span> <span class='ocrx_word' id='word_1_186' title='bbox 1337 652 1385 673; x_wconf 74' lang='grc' dir='ltr'>τῶν</span> <span class='ocrx_word' id='word_1_187' title='bbox 1422 649 1592 684; x_wconf 74' lang='grc' dir='ltr'><strong>ὑποσχέσεων</strong></span> <span class='ocrx_word' id='word_1_188' title='bbox 1616 653 1662 675; x_wconf 75' lang='grc' dir='ltr'>τοῦ</span> <span class='ocrx_word' id='word_1_189' title='bbox 1690 653 1809 686; x_wconf 77' lang='grc' dir='ltr'>Χριστοῦ</span> <span class='ocrx_word' id='word_1_190' title='bbox 1849 653 1899 676; x_wconf 75' lang='grc' dir='ltr'>καὶ</span> 
     </span>
    </p>
   </div>
   <div class='ocr_carea' id='block_1_31' title="bbox 1095 691 1902 729">
    <p class='ocr_par' dir='ltr' id='par_1_31' title="bbox 1095 691 1902 729">
     <span class='ocr_line' id='line_1_31' title="bbox 1095 691 1902 729; baseline 0.006 -13"><span class='ocrx_word' id='word_1_191' title='bbox 1095 694 1162 716; x_wconf 71' lang='grc' dir='ltr'><strong>Θεοῦ</strong></span> <span class='ocrx_word' id='word_1_192' title='bbox 1188 692 1269 727; x_wconf 76' lang='grc' dir='ltr'>ἡμῶν·</span> <span class='ocrx_word' id='word_1_193' title='bbox 1287 692 1313 723; x_wconf 80' lang='grc' dir='ltr'><strong>ἐξ</strong></span> <span class='ocrx_word' id='word_1_194' title='bbox 1341 691 1374 718; x_wconf 83' lang='grc' dir='ltr'>ὦν</span> <span class='ocrx_word' id='word_1_195' title='bbox 1399 693 1413 721; x_wconf 80' lang='grc' dir='ltr'>ἡ</span> <span class='ocrx_word' id='word_1_196' title='bbox 1443 691 1555 729; x_wconf 70' lang='grc' dir='ltr'>δύναμις</span> <span class='ocrx_word' id='word_1_197' title='bbox 1581 695 1684 729; x_wconf 76' lang='grc' dir='ltr'>τούτου,</span> <span class='ocrx_word' id='word_1_198' title='bbox 1702 697 1791 720; x_wconf 79' lang='grc' dir='ltr'>καὶτὸ</span> <span class='ocrx_word' id='word_1_199' title='bbox 1820 693 1902 721; x_wconf 67' lang='grc' dir='ltr'>ἀδιά-</span> 
     </span>
    </p>
   </div>
   <div class='ocr_carea' id='block_1_32' title="bbox 1094 736 1900 776">
    <p class='ocr_par' dir='ltr' id='par_1_32' title="bbox 1094 736 1900 776">
     <span class='ocr_line' id='line_1_32' title="bbox 1094 736 1900 776; baseline 0.006 -16"><span class='ocrx_word' id='word_1_200' title='bbox 1094 745 1194 762; x_wconf 85' lang='grc' dir='ltr'>πτωτον</span> <span class='ocrx_word' id='word_1_201' title='bbox 1218 740 1266 767; x_wconf 80' lang='grc' dir='ltr'>τῆς</span> <span class='ocrx_word' id='word_1_202' title='bbox 1294 736 1414 768; x_wconf 77' lang='grc' dir='ltr'>ἀληθείας</span> <span class='ocrx_word' id='word_1_203' title='bbox 1442 740 1610 765; x_wconf 80' lang='grc' dir='ltr'>συνίσταται.</span> <span class='ocrx_word' id='word_1_204' title='bbox 1635 740 1713 774; x_wconf 74' lang='grc' dir='ltr'>ἔφησε</span> <span class='ocrx_word' id='word_1_205' title='bbox 1750 741 1801 775; x_wconf 75' lang='grc' dir='ltr'><strong>γὰρ</strong></span> <span class='ocrx_word' id='word_1_206' title='bbox 1832 742 1900 776; x_wconf 76' lang='grc' dir='ltr'>πρὸς</span> 
     </span>
    </p>
   </div>
   <div class='ocr_carea' id='block_1_33' title="bbox 1095 780 1900 820">
    <p class='ocr_par' dir='ltr' id='par_1_33' title="bbox 1095 780 1900 820">
     <span class='ocr_line' id='line_1_33' title="bbox 1095 780 1900 820; baseline 0.005 -14"><span class='ocrx_word' id='word_1_207' title='bbox 1095 780 1198 814; x_wconf 71' lang='grc' dir='ltr'>αὐτοὺς,</span> <span class='ocrx_word' id='word_1_208' title='bbox 1229 791 1243 806; x_wconf 82' lang='grc'><strong>‹‹</strong></span> <span class='ocrx_word' id='word_1_209' title='bbox 1280 785 1355 808; x_wconf 67' lang='grc' dir='ltr'><strong>Δεῦτε</strong></span> <span class='ocrx_word' id='word_1_210' title='bbox 1384 782 1468 808; x_wconf 79' lang='grc' dir='ltr'>ὀπίσω</span> <span class='ocrx_word' id='word_1_211' title='bbox 1509 793 1569 819; x_wconf 84' lang='grc' dir='ltr'>μου,</span> <span class='ocrx_word' id='word_1_212' title='bbox 1603 785 1646 809; x_wconf 85' lang='lat' dir='ltr'><strong>xui</strong></span> <span class='ocrx_word' id='word_1_213' title='bbox 1683 786 1785 812; x_wconf 77' lang='grc' dir='ltr'>ποιήσω</span> <span class='ocrx_word' id='word_1_214' title='bbox 1827 785 1900 820; x_wconf 73' lang='grc' dir='ltr'>ὑμᾶς</span> 
     </span>
    </p>
   </div>
   <div class='ocr_carea' id='block_1_34' title="bbox 213 825 1016 865">
    <p class='ocr_par' dir='ltr' id='par_1_34' title="bbox 213 825 1016 862">
     <span class='ocr_line' id='line_1_34' title="bbox 213 825 1016 862; baseline 0 -8"><span class='ocrx_word' id='word_1_215' title='bbox 213 833 335 854; x_wconf 84' lang='lat' dir='ltr'><strong>versum</strong></span> <span class='ocrx_word' id='word_1_216' title='bbox 356 825 482 861; x_wconf 72' lang='lat' dir='ltr'><strong>praedati</strong></span> <span class='ocrx_word' id='word_1_217' title='bbox 495 828 563 853; x_wconf 87' lang='lat' dir='ltr'><strong>sunt</strong></span> <span class='ocrx_word' id='word_1_218' title='bbox 578 825 615 853; x_wconf 90' lang='lat' dir='ltr'><strong>de</strong></span> <span class='ocrx_word' id='word_1_219' title='bbox 638 825 750 861; x_wconf 87' lang='lat' dir='ltr'><strong>abysso</strong></span> <span class='ocrx_word' id='word_1_220' title='bbox 763 826 870 853; x_wconf 88' lang='lat' dir='ltr'><strong>erroris</strong></span> <span class='ocrx_word' id='word_1_221' title='bbox 894 826 924 854; x_wconf 91' lang='lat' dir='ltr'><strong>hi</strong></span> <span class='ocrx_word' id='word_1_222' title='bbox 944 827 1016 862; x_wconf 71' lang='lat' dir='ltr'><strong>piso:</strong></span> 
     </span>
    </p>
   </div>
   <div class='ocr_carea' id='block_1_35' title="bbox 1093 825 1900 865">
    <p class='ocr_par' dir='ltr' id='par_1_35' title="bbox 1094 825 1900 865">
     <span class='ocr_line' id='line_1_35' title="bbox 1094 825 1900 865; baseline 0.004 -13"><span class='ocrx_word' id='word_1_223' title='bbox 1094 825 1173 856; x_wconf 69' lang='grc' dir='ltr'>ἁλιεῖς</span> <span class='ocrx_word' id='word_1_224' title='bbox 1201 826 1351 863; x_wconf 82' lang='grc' dir='ltr'>ἀνθρώπων.</span> <span class='ocrx_word' id='word_1_225' title='bbox 1380 838 1394 852; x_wconf 74' lang='grc'><strong>››</strong></span> <span class='ocrx_word' id='word_1_226' title='bbox 1424 827 1492 863; x_wconf 75' lang='grc' dir='ltr'>’Ὸρα</span> <span class='ocrx_word' id='word_1_227' title='bbox 1517 830 1601 854; x_wconf 83' lang='grc' dir='ltr'>τοίνυν</span> <span class='ocrx_word' id='word_1_228' title='bbox 1628 832 1682 858; x_wconf 84' lang='grc' dir='ltr'>πῶς</span> <span class='ocrx_word' id='word_1_229' title='bbox 1710 831 1810 865; x_wconf 78' lang='grc' dir='ltr'>κόσμον</span> <span class='ocrx_word' id='word_1_230' title='bbox 1840 830 1900 856; x_wconf 62' lang='grc' dir='ltr'>ὧιον</span> 
     </span>
    </p>
   </div>
   <div class='ocr_carea' id='block_1_36' title="bbox 214 869 1040 907">
    <p class='ocr_par' dir='ltr' id='par_1_36' title="bbox 214 869 1040 907">
     <span class='ocr_line' id='line_1_36' title="bbox 214 869 1040 907; baseline 0.001 -9"><span class='ocrx_word' id='word_1_231' title='bbox 214 871 292 898; x_wconf 88' lang='lat' dir='ltr'><strong>tores</strong></span> <span class='ocrx_word' id='word_1_232' title='bbox 310 872 338 898; x_wconf 85' lang='lat' dir='ltr'><strong>et</strong></span> <span class='ocrx_word' id='word_1_233' title='bbox 365 869 510 898; x_wconf 86' lang='lat' dir='ltr'><strong>illiterati:</strong></span> <span class='ocrx_word' id='word_1_234' title='bbox 527 872 617 906; x_wconf 88' lang='lat' dir='ltr'><strong>atque</strong></span> <span class='ocrx_word' id='word_1_235' title='bbox 636 870 675 898; x_wconf 91' lang='lat' dir='ltr'><strong>ab</strong></span> <span class='ocrx_word' id='word_1_236' title='bbox 697 872 763 898; x_wconf 93' lang='lat' dir='ltr'><strong>ortu</strong></span> <span class='ocrx_word' id='word_1_237' title='bbox 778 870 849 898; x_wconf 90' lang='lat' dir='ltr'><strong>solis</strong></span> <span class='ocrx_word' id='word_1_238' title='bbox 877 879 971 907; x_wconf 84' lang='lat' dir='ltr'><strong>usque</strong></span> <span class='ocrx_word' id='word_1_239' title='bbox 1001 872 1040 900; x_wconf 89' lang='lat' dir='ltr'><strong>ad</strong></span> 
     </span>
    </p>
   </div>
   <div class='ocr_carea' id='block_1_37' title="bbox 215 914 1040 951">
    <p class='ocr_par' dir='ltr' id='par_1_37' title="bbox 215 914 1040 951">
     <span class='ocr_line' id='line_1_37' title="bbox 215 914 1040 951; baseline 0.002 -9"><span class='ocrx_word' id='word_1_240' title='bbox 215 922 356 942; x_wconf 91' lang='lat' dir='ltr'><strong>occasum</strong></span> <span class='ocrx_word' id='word_1_241' title='bbox 363 914 472 942; x_wconf 87' lang='lat' dir='ltr'><strong>horum</strong></span> <span class='ocrx_word' id='word_1_242' title='bbox 483 915 845 950; x_wconf 72' lang='lat' dir='ltr'><strong>dogmatapraadicantur,</strong></span> <span class='ocrx_word' id='word_1_243' title='bbox 858 923 891 943; x_wconf 87' lang='lat' dir='ltr'><strong>ac</strong></span> <span class='ocrx_word' id='word_1_244' title='bbox 904 924 964 951; x_wconf 78' lang='lat' dir='ltr'><strong>prae</strong></span> <span class='ocrx_word' id='word_1_245' title='bbox 976 916 1040 944; x_wconf 90' lang='lat' dir='ltr'><strong>aliis</strong></span> 
     </span>
    </p>
   </div>
   <div class='ocr_carea' id='block_1_38' title="bbox 214 959 1040 994">
    <p class='ocr_par' dir='ltr' id='par_1_38' title="bbox 214 959 1040 994">
     <span class='ocr_line' id='line_1_38' title="bbox 214 959 1040 994; baseline 0.004 -8"><span class='ocrx_word' id='word_1_246' title='bbox 214 959 328 987; x_wconf 86' lang='lat' dir='ltr'><strong>cunctis</strong></span> <span class='ocrx_word' id='word_1_247' title='bbox 349 959 464 994; x_wconf 83' lang='lat' dir='ltr'><strong>legibus</strong></span> <span class='ocrx_word' id='word_1_248' title='bbox 480 961 508 987; x_wconf 91' lang='lat' dir='ltr'><strong>et</strong></span> <span class='ocrx_word' id='word_1_249' title='bbox 533 960 648 994; x_wconf 82' lang='lat' dir='ltr'><strong>statuis,</strong></span> <span class='ocrx_word' id='word_1_250' title='bbox 661 959 767 987; x_wconf 90' lang='lat' dir='ltr'><strong>horem</strong></span> <span class='ocrx_word' id='word_1_251' title='bbox 781 959 882 988; x_wconf 86' lang='lat' dir='ltr'><strong>valent</strong></span> <span class='ocrx_word' id='word_1_252' title='bbox 910 961 1040 989; x_wconf 87' lang='lat' dir='ltr'><strong>traditio-</strong></span> 
     </span>
    </p>
   </div>
   <div class='ocr_carea' id='block_1_39' title="bbox 214 1003 1040 1040">
    <p class='ocr_par' dir='ltr' id='par_1_39' title="bbox 214 1003 1040 1040">
     <span class='ocr_line' id='line_1_39' title="bbox 214 1003 1040 1040; baseline 0.002 -9"><span class='ocrx_word' id='word_1_253' title='bbox 214 1011 277 1031; x_wconf 88' lang='lat' dir='ltr'><strong>nes.</strong></span> <span class='ocrx_word' id='word_1_254' title='bbox 302 1003 449 1040; x_wconf 86' lang='lat' dir='ltr'><strong>Quodque</strong></span> <span class='ocrx_word' id='word_1_255' title='bbox 473 1004 610 1032; x_wconf 90' lang='lat' dir='ltr'><strong>omnium</strong></span> <span class='ocrx_word' id='word_1_256' title='bbox 635 1004 895 1032; x_wconf 88' lang='lat' dir='ltr'><strong>mirabilissimum</strong></span> <span class='ocrx_word' id='word_1_257' title='bbox 920 1008 973 1040; x_wconf 89' lang='lat' dir='ltr'><strong>est,</strong></span> <span class='ocrx_word' id='word_1_258' title='bbox 997 1006 1040 1033; x_wconf 92' lang='lat' dir='ltr'><strong>vis</strong></span> 
     </span>
    </p>
   </div>
   <div class='ocr_carea' id='block_1_40' title="bbox 213 1048 1040 1086">
    <p class='ocr_par' dir='ltr' id='par_1_40' title="bbox 213 1048 1040 1086">
     <span class='ocr_line' id='line_1_40' title="bbox 213 1048 1040 1086; baseline 0.002 -10"><span class='ocrx_word' id='word_1_259' title='bbox 213 1049 323 1077; x_wconf 90' lang='lat' dir='ltr'><strong>horum</strong></span> <span class='ocrx_word' id='word_1_260' title='bbox 366 1048 513 1076; x_wconf 85' lang='lat' dir='ltr'><strong>artiﬁcum</strong></span> <span class='ocrx_word' id='word_1_261' title='bbox 546 1048 629 1076; x_wconf 91' lang='lat' dir='ltr'><strong>haud</strong></span> <span class='ocrx_word' id='word_1_262' title='bbox 669 1051 793 1076; x_wconf 88' lang='lat' dir='ltr'><strong>eatenus</strong></span> <span class='ocrx_word' id='word_1_263' title='bbox 827 1051 944 1078; x_wconf 85' lang='lat' dir='ltr'><strong>tantum</strong></span> <span class='ocrx_word' id='word_1_264' title='bbox 970 1058 1040 1086; x_wconf 88' lang='lat' dir='ltr'><strong>ope-</strong></span> 
     </span>
    </p>
   </div>
   <div class='ocr_carea' id='block_1_41' title="bbox 213 1092 1041 1129">
    <p class='ocr_par' dir='ltr' id='par_1_41' title="bbox 213 1092 1041 1129">
     <span class='ocr_line' id='line_1_41' title="bbox 213 1092 1041 1129; baseline 0.001 -8"><span class='ocrx_word' id='word_1_265' title='bbox 213 1094 280 1121; x_wconf 83' lang='lat' dir='ltr'><strong>rata</strong></span> <span class='ocrx_word' id='word_1_266' title='bbox 297 1094 351 1126; x_wconf 88' lang='lat' dir='ltr'><strong>est,</strong></span> <span class='ocrx_word' id='word_1_267' title='bbox 368 1094 516 1128; x_wconf 85' lang='lat' dir='ltr'><strong>quatenus</strong></span> <span class='ocrx_word' id='word_1_268' title='bbox 531 1093 551 1121; x_wconf 92' lang='lat' dir='ltr'><strong>ii</strong></span> <span class='ocrx_word' id='word_1_269' title='bbox 567 1092 710 1128; x_wconf 86' lang='lat' dir='ltr'><strong>vixerunt,</strong></span> <span class='ocrx_word' id='word_1_270' title='bbox 735 1093 818 1129; x_wconf 83' lang='lat' dir='ltr'><strong>quod</strong></span> <span class='ocrx_word' id='word_1_271' title='bbox 840 1093 1041 1129; x_wconf 83' lang='lat' dir='ltr'><strong>piscatoribus</strong></span> 
     </span>
    </p>
   </div>
   <div class='ocr_carea' id='block_1_42' title="bbox 214 1137 1041 1173">
    <p class='ocr_par' dir='ltr' id='par_1_42' title="bbox 214 1137 1041 1173">
     <span class='ocr_line' id='line_1_42' title="bbox 214 1137 1041 1173; baseline 0.002 -9"><span class='ocrx_word' id='word_1_272' title='bbox 214 1137 327 1164; x_wconf 75' lang='lat' dir='ltr'><strong>caeteris</strong></span> <span class='ocrx_word' id='word_1_273' title='bbox 352 1137 503 1169; x_wconf 88' lang='lat' dir='ltr'><strong>usuvenit,</strong></span> <span class='ocrx_word' id='word_1_274' title='bbox 529 1139 556 1165; x_wconf 91' lang='lat' dir='ltr'><strong>et</strong></span> <span class='ocrx_word' id='word_1_275' title='bbox 580 1139 645 1173; x_wconf 89' lang='lat' dir='ltr'><strong>post</strong></span> <span class='ocrx_word' id='word_1_276' title='bbox 669 1139 798 1165; x_wconf 87' lang='lat' dir='ltr'><strong>mortem</strong></span> <span class='ocrx_word' id='word_1_277' title='bbox 823 1138 964 1172; x_wconf 83' lang='lat' dir='ltr'><strong>evanuit;</strong></span> <span class='ocrx_word' id='word_1_278' title='bbox 989 1138 1041 1166; x_wconf 84' lang='lat' dir='ltr'><strong>sed</strong></span> 
     </span>
    </p>
   </div>
   <div class='ocr_carea' id='block_1_43' title="bbox 212 1181 1039 1218">
    <p class='ocr_par' dir='ltr' id='par_1_43' title="bbox 212 1181 1039 1218">
     <span class='ocr_line' id='line_1_43' title="bbox 212 1181 1039 1218; baseline 0.001 -9"><span class='ocrx_word' id='word_1_279' title='bbox 212 1181 323 1217; x_wconf 87' lang='lat' dir='ltr'><strong>potius,</strong></span> <span class='ocrx_word' id='word_1_280' title='bbox 334 1181 412 1209; x_wconf 82' lang='lat' dir='ltr'><strong>facta</strong></span> <span class='ocrx_word' id='word_1_281' title='bbox 424 1181 526 1217; x_wconf 89' lang='lat' dir='ltr'><strong>aliqua</strong></span> <span class='ocrx_word' id='word_1_282' title='bbox 535 1181 616 1209; x_wconf 90' lang='lat' dir='ltr'><strong>abiis</strong></span> <span class='ocrx_word' id='word_1_283' title='bbox 626 1189 680 1218; x_wconf 89' lang='lat' dir='ltr'><strong>per</strong></span> <span class='ocrx_word' id='word_1_284' title='bbox 691 1189 797 1209; x_wconf 85' lang='lat' dir='ltr'><strong>omnes</strong></span> <span class='ocrx_word' id='word_1_285' title='bbox 807 1184 909 1216; x_wconf 79' lang='lat' dir='ltr'><strong>gentes</strong></span> <span class='ocrx_word' id='word_1_286' title='bbox 916 1183 1039 1215; x_wconf 88' lang='lat' dir='ltr'><strong>satione,</strong></span> 
     </span>
    </p>
   </div>
   <div class='ocr_carea' id='block_1_44' title="bbox 209 1227 1040 1263">
    <p class='ocr_par' dir='ltr' id='par_1_44' title="bbox 209 1227 1040 1263">
     <span class='ocr_line' id='line_1_44' title="bbox 209 1227 1040 1263; baseline 0.002 -9"><span class='ocrx_word' id='word_1_287' title='bbox 209 1227 326 1262; x_wconf 86' lang='lat' dir='ltr'><strong>jactum</strong></span> <span class='ocrx_word' id='word_1_288' title='bbox 346 1234 440 1254; x_wconf 84' lang='lat' dir='ltr'><strong>manu</strong></span> <span class='ocrx_word' id='word_1_289' title='bbox 463 1227 598 1262; x_wconf 90' lang='lat' dir='ltr'><strong>ipsorum</strong></span> <span class='ocrx_word' id='word_1_290' title='bbox 615 1234 727 1257; x_wconf 87' lang='lat' dir='ltr'><strong>semen.</strong></span> <span class='ocrx_word' id='word_1_291' title='bbox 745 1227 908 1263; x_wconf 82' lang='lat' dir='ltr'><strong>piscatores</strong></span> <span class='ocrx_word' id='word_1_292' title='bbox 930 1228 1040 1256; x_wconf 88' lang='lat' dir='ltr'><strong>multos</strong></span> 
     </span>
    </p>
   </div>
   <div class='ocr_carea' id='block_1_45' title="bbox 213 1271 1039 1307">
    <p class='ocr_par' dir='ltr' id='par_1_45' title="bbox 213 1271 1039 1307">
     <span class='ocr_line' id='line_1_45' title="bbox 213 1271 1039 1307; baseline 0.002 -9"><span class='ocrx_word' id='word_1_293' title='bbox 213 1271 300 1307; x_wconf 89' lang='lat' dir='ltr'><strong>cepit,</strong></span> <span class='ocrx_word' id='word_1_294' title='bbox 324 1273 491 1306; x_wconf 87' lang='lat' dir='ltr'><strong>venatores,</strong></span> <span class='ocrx_word' id='word_1_295' title='bbox 517 1271 634 1306; x_wconf 86' lang='lat' dir='ltr'><strong>milites,</strong></span> <span class='ocrx_word' id='word_1_296' title='bbox 664 1274 854 1305; x_wconf 82' lang='lat' dir='ltr'><strong>mercatores,</strong></span> <span class='ocrx_word' id='word_1_297' title='bbox 880 1272 1039 1307; x_wconf 80' lang='lat' dir='ltr'><strong>agricolas,</strong></span> 
     </span>
    </p>
   </div>
   <div class='ocr_carea' id='block_1_46' title="bbox 212 1315 1038 1351">
    <p class='ocr_par' dir='ltr' id='par_1_46' title="bbox 212 1315 1038 1351">
     <span class='ocr_line' id='line_1_46' title="bbox 212 1315 1038 1351; baseline 0.002 -8"><span class='ocrx_word' id='word_1_298' title='bbox 212 1315 408 1351; x_wconf 86' lang='lat' dir='ltr'><strong>multiplicem</strong></span> <span class='ocrx_word' id='word_1_299' title='bbox 419 1316 546 1343; x_wconf 90' lang='lat' dir='ltr'><strong>Domino</strong></span> <span class='ocrx_word' id='word_1_300' title='bbox 555 1318 582 1343; x_wconf 92' lang='lat' dir='ltr'><strong>et</strong></span> <span class='ocrx_word' id='word_1_301' title='bbox 590 1316 715 1343; x_wconf 81' lang='lat' dir='ltr'><strong>creatori</strong></span> <span class='ocrx_word' id='word_1_302' title='bbox 724 1316 854 1343; x_wconf 88' lang='lat' dir='ltr'><strong>fructum</strong></span> <span class='ocrx_word' id='word_1_303' title='bbox 865 1316 1038 1345; x_wconf 86' lang='lat' dir='ltr'><strong>reddentes:</strong></span> 
     </span>
    </p>
   </div>
   <div class='ocr_carea' id='block_1_47' title="bbox 212 1360 1040 1396">
    <p class='ocr_par' dir='ltr' id='par_1_47' title="bbox 212 1360 1040 1396">
     <span class='ocr_line' id='line_1_47' title="bbox 212 1360 1040 1396; baseline 0.002 -9"><span class='ocrx_word' id='word_1_304' title='bbox 212 1360 253 1388; x_wconf 89' lang='lat' dir='ltr'><strong>ita</strong></span> <span class='ocrx_word' id='word_1_305' title='bbox 277 1363 310 1388; x_wconf 89' lang='lat' dir='ltr'><strong>ut</strong></span> <span class='ocrx_word' id='word_1_306' title='bbox 325 1360 424 1388; x_wconf 84' lang='lat' dir='ltr'><strong>videre</strong></span> <span class='ocrx_word' id='word_1_307' title='bbox 439 1360 526 1388; x_wconf 88' lang='lat' dir='ltr'><strong>liceat</strong></span> <span class='ocrx_word' id='word_1_308' title='bbox 547 1368 644 1396; x_wconf 87' lang='lat' dir='ltr'><strong>usque</strong></span> <span class='ocrx_word' id='word_1_309' title='bbox 665 1360 704 1388; x_wconf 91' lang='lat' dir='ltr'><strong>ad</strong></span> <span class='ocrx_word' id='word_1_310' title='bbox 719 1360 877 1388; x_wconf 90' lang='lat' dir='ltr'><strong>hodierum</strong></span> <span class='ocrx_word' id='word_1_311' title='bbox 893 1361 983 1396; x_wconf 88' lang='lat' dir='ltr'><strong>diem,</strong></span> <span class='ocrx_word' id='word_1_312' title='bbox 1012 1364 1040 1389; x_wconf 87' lang='lat' dir='ltr'><strong>et</strong></span> 
     </span>
    </p>
   </div>
   <div class='ocr_carea' id='block_1_48' title="bbox 212 1405 1039 1440">
    <p class='ocr_par' dir='ltr' id='par_1_48' title="bbox 212 1405 1039 1440">
     <span class='ocr_line' id='line_1_48' title="bbox 212 1405 1039 1440; baseline 0.002 -8"><span class='ocrx_word' id='word_1_313' title='bbox 212 1413 310 1440; x_wconf 85' lang='lat' dir='ltr'><strong>usque</strong></span> <span class='ocrx_word' id='word_1_314' title='bbox 321 1405 360 1432; x_wconf 91' lang='lat' dir='ltr'><strong>ad</strong></span> <span class='ocrx_word' id='word_1_315' title='bbox 375 1405 476 1432; x_wconf 75' lang='lat' dir='ltr'><strong>sreculi</strong></span> <span class='ocrx_word' id='word_1_316' title='bbox 486 1405 577 1440; x_wconf 82' lang='lat' dir='ltr'><strong>hujus</strong></span> <span class='ocrx_word' id='word_1_317' title='bbox 587 1405 892 1439; x_wconf 85' lang='lat' dir='ltr'><strong>consummationem,</strong></span> <span class='ocrx_word' id='word_1_318' title='bbox 903 1405 1039 1434; x_wconf 83' lang='lat' dir='ltr'><strong>infideles</strong></span> 
     </span>
    </p>
   </div>
   <div class='ocr_carea' id='block_1_49' title="bbox 211 1449 1040 1485">
    <p class='ocr_par' dir='ltr' id='par_1_49' title="bbox 211 1449 1040 1485">
     <span class='ocr_line' id='line_1_49' title="bbox 211 1449 1040 1485; baseline 0.002 -9"><span class='ocrx_word' id='word_1_319' title='bbox 211 1449 323 1476; x_wconf 88' lang='lat' dir='ltr'><strong>multos</strong></span> <span class='ocrx_word' id='word_1_320' title='bbox 337 1449 375 1476; x_wconf 86' lang='lat' dir='ltr'><strong>ad</strong></span> <span class='ocrx_word' id='word_1_321' title='bbox 388 1449 575 1485; x_wconf 81' lang='lat' dir='ltr'><strong>baptismum</strong></span> <span class='ocrx_word' id='word_1_322' title='bbox 589 1449 775 1482; x_wconf 82' lang='lat' dir='ltr'><strong>accedentes,</strong></span> <span class='ocrx_word' id='word_1_323' title='bbox 792 1449 977 1485; x_wconf 81' lang='lat' dir='ltr'><strong>piscatorum</strong></span> <span class='ocrx_word' id='word_1_324' title='bbox 988 1451 1040 1478; x_wconf 89' lang='lat' dir='ltr'><strong>ho-</strong></span> 
     </span>
    </p>
   </div>
   <div class='ocr_carea' id='block_1_50' title="bbox 1094 870 1901 907">
    <p class='ocr_par' dir='ltr' id='par_1_50' title="bbox 1094 870 1901 907">
     <span class='ocr_line' id='line_1_50' title="bbox 1094 870 1901 907; baseline 0.006 -12"><span class='ocrx_word' id='word_1_325' title='bbox 1094 870 1244 907; x_wconf 78' lang='grc' dir='ltr'>ἐξώγρησαν</span> <span class='ocrx_word' id='word_1_326' title='bbox 1284 870 1311 896; x_wconf 77' lang='grc' dir='ltr'><strong>ἐκ</strong></span> <span class='ocrx_word' id='word_1_327' title='bbox 1349 871 1433 907; x_wconf 71' lang='grc' dir='ltr'>βυθοῦ</span> <span class='ocrx_word' id='word_1_328' title='bbox 1459 876 1503 902; x_wconf 85' lang='grc' dir='ltr'>τῆς</span> <span class='ocrx_word' id='word_1_329' title='bbox 1538 872 1636 903; x_wconf 77' lang='grc' dir='ltr'>πλάνης</span> <span class='ocrx_word' id='word_1_330' title='bbox 1672 873 1697 898; x_wconf 86' lang='grc' dir='ltr'>οὶ</span> <span class='ocrx_word' id='word_1_331' title='bbox 1732 873 1814 904; x_wconf 78' lang='grc' dir='ltr'>ἁλιεῖς</span> <span class='ocrx_word' id='word_1_332' title='bbox 1852 877 1901 900; x_wconf 72' lang='grc' dir='ltr'><strong>χαὶ</strong></span> 
     </span>
    </p>
   </div>
   <div class='ocr_carea' id='block_1_51' title="bbox 1095 914 1900 954">
    <p class='ocr_par' dir='ltr' id='par_1_51' title="bbox 1095 914 1900 954">
     <span class='ocr_line' id='line_1_51' title="bbox 1095 914 1900 954; baseline 0.005 -14"><span class='ocrx_word' id='word_1_333' title='bbox 1095 914 1271 952; x_wconf 79' lang='grc' dir='ltr'>ἀγράμματοι·</span> <span class='ocrx_word' id='word_1_334' title='bbox 1301 919 1344 942; x_wconf 55' lang='lat' dir='ltr'><strong>nui</strong></span> <span class='ocrx_word' id='word_1_335' title='bbox 1373 915 1400 948; x_wconf 78' lang='grc' dir='ltr'><strong>ἐξ</strong></span> <span class='ocrx_word' id='word_1_336' title='bbox 1426 915 1551 942; x_wconf 73' lang='grc' dir='ltr'>ἀνατολῶν</span> <span class='ocrx_word' id='word_1_337' title='bbox 1580 917 1654 945; x_wconf 75' lang='grc' dir='ltr'>ἡλίου</span> <span class='ocrx_word' id='word_1_338' title='bbox 1678 919 1760 954; x_wconf 80' lang='grc' dir='ltr'>μέχρι</span> <span class='ocrx_word' id='word_1_339' title='bbox 1784 916 1900 954; x_wconf 74' lang='grc' dir='ltr'>δυσμῶν</span> 
     </span>
    </p>
   </div>
   <div class='ocr_carea' id='block_1_52' title="bbox 1093 961 1899 996">
    <p class='ocr_par' dir='ltr' id='par_1_52' title="bbox 1093 961 1899 996">
     <span class='ocr_line' id='line_1_52' title="bbox 1093 961 1899 996; baseline 0.005 -11"><span class='ocrx_word' id='word_1_340' title='bbox 1093 961 1126 986; x_wconf 79' lang='grc' dir='ltr'><strong>τὰ</strong></span> <span class='ocrx_word' id='word_1_341' title='bbox 1168 961 1261 986; x_wconf 71' lang='grc' dir='ltr'>τούτων</span> <span class='ocrx_word' id='word_1_342' title='bbox 1296 963 1461 996; x_wconf 75' lang='grc' dir='ltr'>κηρύττεται,</span> <span class='ocrx_word' id='word_1_343' title='bbox 1499 964 1543 987; x_wconf 77' lang='grc' dir='ltr'><strong>καὶ</strong></span> <span class='ocrx_word' id='word_1_344' title='bbox 1578 971 1679 988; x_wconf 80' lang='grc' dir='ltr'>παντων</span> <span class='ocrx_word' id='word_1_345' title='bbox 1718 967 1768 988; x_wconf 85' lang='grc' dir='ltr'>τῶν</span> <span class='ocrx_word' id='word_1_346' title='bbox 1812 963 1899 989; x_wconf 72' lang='grc' dir='ltr'>ἄλλων</span> 
     </span>
    </p>
   </div>
   <div class='ocr_carea' id='block_1_53' title="bbox 1094 1006 1900 1044">
    <p class='ocr_par' dir='ltr' id='par_1_53' title="bbox 1094 1006 1900 1044">
     <span class='ocr_line' id='line_1_53' title="bbox 1094 1006 1900 1044; baseline 0.005 -14"><span class='ocrx_word' id='word_1_347' title='bbox 1094 1006 1176 1040; x_wconf 83' lang='grc' dir='ltr'>νόμων</span> <span class='ocrx_word' id='word_1_348' title='bbox 1203 1007 1248 1030; x_wconf 83' lang='grc' dir='ltr'><strong>καί</strong></span> <span class='ocrx_word' id='word_1_349' title='bbox 1277 1006 1460 1041; x_wconf 74' lang='grc' dir='ltr'>θεσπισμάτων</span> <span class='ocrx_word' id='word_1_350' title='bbox 1490 1007 1586 1032; x_wconf 80' lang='grc' dir='ltr'>τούτων</span> <span class='ocrx_word' id='word_1_351' title='bbox 1614 1010 1754 1043; x_wconf 78' lang='grc' dir='ltr'>κρατοῦσιν</span> <span class='ocrx_word' id='word_1_352' title='bbox 1769 1008 1797 1033; x_wconf 81' lang='grc' dir='ltr'>αἱ</span> <span class='ocrx_word' id='word_1_353' title='bbox 1814 1017 1900 1044; x_wconf 77' lang='grc' dir='ltr'>παρα-</span> 
     </span>
    </p>
   </div>
   <div class='ocr_carea' id='block_1_54' title="bbox 1096 1047 1898 1088">
    <p class='ocr_par' dir='ltr' id='par_1_54' title="bbox 1096 1047 1898 1088">
     <span class='ocr_line' id='line_1_54' title="bbox 1096 1047 1898 1088; baseline 0.004 -13"><span class='ocrx_word' id='word_1_354' title='bbox 1096 1047 1192 1080; x_wconf 80' lang='grc' dir='ltr'>δόσεις·</span> <span class='ocrx_word' id='word_1_355' title='bbox 1214 1052 1257 1075; x_wconf 79' lang='grc' dir='ltr'><strong>καὶ</strong></span> <span class='ocrx_word' id='word_1_356' title='bbox 1284 1052 1313 1076; x_wconf 86' lang='grc' dir='ltr'>τὸ</span> <span class='ocrx_word' id='word_1_357' title='bbox 1346 1048 1379 1079; x_wconf 80' lang='grc' dir='ltr'>δὴ</span> <span class='ocrx_word' id='word_1_358' title='bbox 1411 1052 1513 1076; x_wconf 83' lang='grc' dir='ltr'>πάντων</span> <span class='ocrx_word' id='word_1_359' title='bbox 1543 1052 1764 1088; x_wconf 68' lang='grc' dir='ltr'>θαυμασιώτερον,</span> <span class='ocrx_word' id='word_1_360' title='bbox 1801 1053 1817 1081; x_wconf 73' lang='grc' dir='ltr'>ἡ</span> <span class='ocrx_word' id='word_1_361' title='bbox 1849 1057 1898 1083; x_wconf 74' lang='grc' dir='ltr'>τῆς</span> 
     </span>
    </p>
   </div>
   <div class='ocr_carea' id='block_1_55' title="bbox 1093 1094 1899 1133">
    <p class='ocr_par' dir='ltr' id='par_1_55' title="bbox 1093 1094 1899 1133">
     <span class='ocr_line' id='line_1_55' title="bbox 1093 1094 1899 1133; baseline 0.004 -14"><span class='ocrx_word' id='word_1_362' title='bbox 1093 1095 1189 1129; x_wconf 75' lang='grc' dir='ltr'>τέχνης</span> <span class='ocrx_word' id='word_1_363' title='bbox 1214 1096 1310 1120; x_wconf 75' lang='grc' dir='ltr'>τούτων</span> <span class='ocrx_word' id='word_1_364' title='bbox 1339 1094 1461 1130; x_wconf 78' lang='grc' dir='ltr'>ἐνέργεια,</span> <span class='ocrx_word' id='word_1_365' title='bbox 1490 1095 1537 1120; x_wconf 59' lang='grc' dir='ltr'><strong>οὐχ</strong></span> <span class='ocrx_word' id='word_1_366' title='bbox 1566 1094 1594 1131; x_wconf 76' lang='grc' dir='ltr'><strong>ἐφ</strong></span> <span class='ocrx_word' id='word_1_367' title='bbox 1623 1096 1628 1105; x_wconf 88' lang='grc'><em>’</em></span> <span class='ocrx_word' id='word_1_368' title='bbox 1655 1097 1714 1122; x_wconf 79' lang='grc' dir='ltr'>ὅσον</span> <span class='ocrx_word' id='word_1_369' title='bbox 1743 1099 1841 1133; x_wconf 78' lang='grc' dir='ltr'>χρόνον</span> <span class='ocrx_word' id='word_1_370' title='bbox 1872 1097 1899 1122; x_wconf 83' lang='grc' dir='ltr'>ἐν</span> 
     </span>
    </p>
   </div>
   <div class='ocr_carea' id='block_1_56' title="bbox 1094 1136 1900 1176">
    <p class='ocr_par' dir='ltr' id='par_1_56' title="bbox 1094 1136 1900 1176">
     <span class='ocr_line' id='line_1_56' title="bbox 1094 1136 1900 1176; baseline 0.005 -13"><span class='ocrx_word' id='word_1_371' title='bbox 1094 1142 1130 1173; x_wconf 81' lang='grc' dir='ltr'>τῷ</span> <span class='ocrx_word' id='word_1_372' title='bbox 1159 1137 1210 1174; x_wconf 73' lang='grc' dir='ltr'><strong>βίῳ</strong></span> <span class='ocrx_word' id='word_1_373' title='bbox 1237 1136 1366 1175; x_wconf 70' lang='grc' dir='ltr'>διέτριϐον</span> <span class='ocrx_word' id='word_1_374' title='bbox 1395 1138 1544 1176; x_wconf 74' lang='grc' dir='ltr'><strong>ἐνήργησεν,</strong></span> <span class='ocrx_word' id='word_1_375' title='bbox 1577 1141 1612 1170; x_wconf 80' lang='grc' dir='ltr'>ὡς</span> <span class='ocrx_word' id='word_1_376' title='bbox 1639 1143 1683 1166; x_wconf 84' lang='lat' dir='ltr'><strong>xui</strong></span> <span class='ocrx_word' id='word_1_377' title='bbox 1713 1145 1764 1166; x_wconf 77' lang='grc' dir='ltr'>τῶν</span> <span class='ocrx_word' id='word_1_378' title='bbox 1798 1141 1900 1167; x_wconf 74' lang='grc' dir='ltr'>λοιπῶν</span> 
     </span>
    </p>
   </div>
   <div class='ocr_carea' id='block_1_57' title="bbox 1094 1183 1902 1222">
    <p class='ocr_par' dir='ltr' id='par_1_57' title="bbox 1094 1183 1902 1222">
     <span class='ocr_line' id='line_1_57' title="bbox 1094 1183 1902 1222; baseline 0.004 -14"><span class='ocrx_word' id='word_1_379' title='bbox 1094 1183 1195 1215; x_wconf 77' lang='grc' dir='ltr'>ἁλιέων,</span> <span class='ocrx_word' id='word_1_380' title='bbox 1229 1184 1283 1209; x_wconf 83' lang='grc' dir='ltr'>εἶτα</span> <span class='ocrx_word' id='word_1_381' title='bbox 1311 1184 1375 1219; x_wconf 76' lang='grc' dir='ltr'>μετά</span> <span class='ocrx_word' id='word_1_382' title='bbox 1405 1185 1512 1210; x_wconf 78' lang='grc' dir='ltr'>θάνατον</span> <span class='ocrx_word' id='word_1_383' title='bbox 1541 1186 1706 1222; x_wconf 71' lang='grc' dir='ltr'>κατηργήθη·</span> <span class='ocrx_word' id='word_1_384' title='bbox 1737 1185 1802 1211; x_wconf 78' lang='grc' dir='ltr'>ἀλλὰ</span> <span class='ocrx_word' id='word_1_385' title='bbox 1833 1186 1902 1222; x_wconf 76' lang='grc' dir='ltr'><strong>μάλ-</strong></span> 
     </span>
    </p>
   </div>
   <div class='ocr_carea' id='block_1_58' title="bbox 1094 1227 1900 1266">
    <p class='ocr_par' dir='ltr' id='par_1_58' title="bbox 1094 1227 1900 1266">
     <span class='ocr_line' id='line_1_58' title="bbox 1094 1227 1900 1266; baseline 0.002 -12"><span class='ocrx_word' id='word_1_386' title='bbox 1094 1227 1136 1254; x_wconf 86' lang='grc' dir='ltr'><strong>λον</strong></span> <span class='ocrx_word' id='word_1_387' title='bbox 1164 1229 1221 1253; x_wconf 75' lang='grc' dir='ltr'>τοτε</span> <span class='ocrx_word' id='word_1_388' title='bbox 1246 1229 1350 1264; x_wconf 71' lang='grc' dir='ltr'>μερικὴν</span> <span class='ocrx_word' id='word_1_389' title='bbox 1375 1229 1451 1254; x_wconf 82' lang='grc' dir='ltr'>οἱονεί</span> <span class='ocrx_word' id='word_1_390' title='bbox 1479 1231 1574 1266; x_wconf 82' lang='grc' dir='ltr'>σπόρον</span> <span class='ocrx_word' id='word_1_391' title='bbox 1591 1229 1614 1255; x_wconf 85' lang='grc' dir='ltr'>ἐν</span> <span class='ocrx_word' id='word_1_392' title='bbox 1643 1233 1709 1255; x_wconf 84' lang='grc' dir='ltr'>πᾶσι</span> <span class='ocrx_word' id='word_1_393' title='bbox 1723 1234 1780 1261; x_wconf 88' lang='grc' dir='ltr'>τοῖς</span> <span class='ocrx_word' id='word_1_394' title='bbox 1809 1231 1900 1256; x_wconf 74' lang='grc' dir='ltr'>ἔθνεσι</span> 
     </span>
    </p>
   </div>
   <div class='ocr_carea' id='block_1_59' title="bbox 1094 1273 1900 1310">
    <p class='ocr_par' dir='ltr' id='par_1_59' title="bbox 1094 1273 1900 1310">
     <span class='ocr_line' id='line_1_59' title="bbox 1094 1273 1900 1310; baseline 0.002 -12"><span class='ocrx_word' id='word_1_395' title='bbox 1094 1273 1320 1308; x_wconf 78' lang='grc' dir='ltr'>κατασπειράντων</span> <span class='ocrx_word' id='word_1_396' title='bbox 1352 1273 1447 1307; x_wconf 69' lang='grc' dir='ltr'>αὐτῶν,</span> <span class='ocrx_word' id='word_1_397' title='bbox 1478 1275 1507 1299; x_wconf 78' lang='grc' dir='ltr'>τὸ</span> <span class='ocrx_word' id='word_1_398' title='bbox 1537 1274 1597 1310; x_wconf 75' lang='grc' dir='ltr'>παρ’</span> <span class='ocrx_word' id='word_1_399' title='bbox 1632 1273 1731 1300; x_wconf 63' lang='grc' dir='ltr'>ἐκείνων</span> <span class='ocrx_word' id='word_1_400' title='bbox 1762 1274 1900 1304; x_wconf 68' lang='grc' dir='ltr'>καταϐλη-</span> 
     </span>
    </p>
   </div>
   <div class='ocr_carea' id='block_1_60' title="bbox 1095 1317 1898 1356">
    <p class='ocr_par' dir='ltr' id='par_1_60' title="bbox 1095 1317 1898 1356">
     <span class='ocr_line' id='line_1_60' title="bbox 1095 1317 1898 1356; baseline 0.005 -14"><span class='ocrx_word' id='word_1_401' title='bbox 1095 1318 1135 1343; x_wconf 69' lang='lat' dir='ltr'><strong>{liv</strong></span> <span class='ocrx_word' id='word_1_402' title='bbox 1159 1319 1263 1353; x_wconf 82' lang='grc' dir='ltr'>σπέρμα</span> <span class='ocrx_word' id='word_1_403' title='bbox 1288 1317 1396 1347; x_wconf 78' lang='grc' dir='ltr'>πολλοὺς</span> <span class='ocrx_word' id='word_1_404' title='bbox 1424 1317 1504 1348; x_wconf 73' lang='grc' dir='ltr'>ἁλιεῖς</span> <span class='ocrx_word' id='word_1_405' title='bbox 1529 1317 1663 1355; x_wconf 76' lang='grc' dir='ltr'>ἐζώγρησε</span> <span class='ocrx_word' id='word_1_406' title='bbox 1691 1321 1736 1344; x_wconf 88' lang='lat' dir='ltr'><strong>xui</strong></span> <span class='ocrx_word' id='word_1_407' title='bbox 1766 1320 1898 1356; x_wconf 77' lang='grc' dir='ltr'><strong>θηρευτὰς</strong></span> 
     </span>
    </p>
   </div>
   <div class='ocr_carea' id='block_1_61' title="bbox 1094 1363 1899 1400">
    <p class='ocr_par' dir='ltr' id='par_1_61' title="bbox 1094 1363 1899 1400">
     <span class='ocr_line' id='line_1_61' title="bbox 1094 1363 1899 1400; baseline 0.004 -13"><span class='ocrx_word' id='word_1_408' title='bbox 1094 1363 1138 1387; x_wconf 80' lang='lat' dir='ltr'><strong>xui</strong></span> <span class='ocrx_word' id='word_1_409' title='bbox 1174 1364 1334 1397; x_wconf 79' lang='grc' dir='ltr'>στρατιώτας</span> <span class='ocrx_word' id='word_1_410' title='bbox 1366 1365 1410 1388; x_wconf 81' lang='grc' dir='ltr'><strong>καὶ</strong></span> <span class='ocrx_word' id='word_1_411' title='bbox 1443 1363 1569 1400; x_wconf 64' lang='grc' dir='ltr'>ἐμπόρους</span> <span class='ocrx_word' id='word_1_412' title='bbox 1601 1366 1645 1389; x_wconf 86' lang='lat' dir='ltr'><strong>xui</strong></span> <span class='ocrx_word' id='word_1_413' title='bbox 1675 1366 1819 1400; x_wconf 75' lang='grc' dir='ltr'>γεωργοὺς,</span> <span class='ocrx_word' id='word_1_414' title='bbox 1850 1374 1899 1390; x_wconf 83' lang='grc' dir='ltr'>πο-</span> 
     </span>
    </p>
   </div>
   <div class='ocr_carea' id='block_1_62' title="bbox 1093 1405 1897 1444">
    <p class='ocr_par' dir='ltr' id='par_1_62' title="bbox 1093 1405 1897 1444">
     <span class='ocr_line' id='line_1_62' title="bbox 1093 1405 1897 1444; baseline 0.004 -13"><span class='ocrx_word' id='word_1_415' title='bbox 1093 1405 1191 1442; x_wconf 77' lang='grc' dir='ltr'>λύχουν</span> <span class='ocrx_word' id='word_1_416' title='bbox 1220 1407 1262 1432; x_wconf 80' lang='grc' dir='ltr'>τὸν</span> <span class='ocrx_word' id='word_1_417' title='bbox 1302 1408 1399 1442; x_wconf 74' lang='grc' dir='ltr'>καρπον</span> <span class='ocrx_word' id='word_1_418' title='bbox 1430 1411 1465 1441; x_wconf 81' lang='grc' dir='ltr'>τῷ</span> <span class='ocrx_word' id='word_1_419' title='bbox 1499 1410 1613 1443; x_wconf 77' lang='grc' dir='ltr'>Δεσπότῃ</span> <span class='ocrx_word' id='word_1_420' title='bbox 1652 1410 1697 1433; x_wconf 84' lang='lat' dir='ltr'><strong>xui</strong></span> <span class='ocrx_word' id='word_1_421' title='bbox 1737 1406 1897 1444; x_wconf 77' lang='grc' dir='ltr'>δημιουργῷ</span> 
     </span>
    </p>
   </div>
   <div class='ocr_carea' id='block_1_63' title="bbox 1093 1451 1897 1490">
    <p class='ocr_par' dir='ltr' id='par_1_63' title="bbox 1093 1451 1897 1490">
     <span class='ocr_line' id='line_1_63' title="bbox 1093 1451 1897 1490; baseline 0.004 -14"><span class='ocrx_word' id='word_1_422' title='bbox 1093 1453 1293 1488; x_wconf 69' lang='grc' dir='ltr'>προσφέροντας·</span> <span class='ocrx_word' id='word_1_423' title='bbox 1326 1452 1360 1481; x_wconf 84' lang='grc' dir='ltr'>ὡς</span> <span class='ocrx_word' id='word_1_424' title='bbox 1393 1451 1486 1482; x_wconf 75' lang='grc' dir='ltr'>ἐξειναι</span> <span class='ocrx_word' id='word_1_425' title='bbox 1518 1452 1579 1487; x_wconf 79' lang='grc' dir='ltr'>ὁρᾷν</span> <span class='ocrx_word' id='word_1_426' title='bbox 1617 1452 1660 1482; x_wconf 81' lang='grc' dir='ltr'><strong>ἓως</strong></span> <span class='ocrx_word' id='word_1_427' title='bbox 1692 1455 1737 1478; x_wconf 75' lang='grc' dir='ltr'><strong>καὶ</strong></span> <span class='ocrx_word' id='word_1_428' title='bbox 1781 1455 1897 1490; x_wconf 76' lang='grc' dir='ltr'>σήμερον</span> 
     </span>
    </p>
   </div>
   <div class='ocr_carea' id='block_1_64' title="bbox 211 1493 1016 1535">
    <p class='ocr_par' dir='ltr' id='par_1_64' title="bbox 211 1493 1016 1530">
     <span class='ocr_line' id='line_1_64' title="bbox 211 1493 1016 1530; baseline 0.004 -10"><span class='ocrx_word' id='word_1_429' title='bbox 211 1501 279 1521; x_wconf 89' lang='lat' dir='ltr'><strong>rum</strong></span> <span class='ocrx_word' id='word_1_430' title='bbox 293 1501 405 1528; x_wconf 84' lang='lat' dir='ltr'><strong>sagena</strong></span> <span class='ocrx_word' id='word_1_431' title='bbox 415 1496 529 1529; x_wconf 88' lang='lat' dir='ltr'><strong>captos.</strong></span> <span class='ocrx_word' id='word_1_432' title='bbox 542 1495 638 1529; x_wconf 85' lang='lat' dir='ltr'><strong>Atque</strong></span> <span class='ocrx_word' id='word_1_433' title='bbox 651 1493 714 1521; x_wconf 73' lang='lat' dir='ltr'><strong>hzec</strong></span> <span class='ocrx_word' id='word_1_434' title='bbox 727 1494 849 1530; x_wconf 88' lang='lat' dir='ltr'><strong>quidem</strong></span> <span class='ocrx_word' id='word_1_435' title='bbox 862 1494 899 1522; x_wconf 88' lang='lat' dir='ltr'><strong>de</strong></span> <span class='ocrx_word' id='word_1_436' title='bbox 912 1497 1016 1523; x_wconf 82' lang='lat' dir='ltr'><strong>Actum</strong></span> 
     </span>
    </p>
   </div>
   <div class='ocr_carea' id='block_1_65' title="bbox 1093 1493 1898 1535">
    <p class='ocr_par' dir='ltr' id='par_1_65' title="bbox 1093 1495 1898 1531">
     <span class='ocr_line' id='line_1_65' title="bbox 1093 1495 1898 1531; baseline 0.002 -10"><span class='ocrx_word' id='word_1_437' title='bbox 1093 1499 1137 1521; x_wconf 83' lang='lat' dir='ltr'><strong>xui</strong></span> <span class='ocrx_word' id='word_1_438' title='bbox 1159 1497 1240 1531; x_wconf 81' lang='grc' dir='ltr'>μέχρι</span> <span class='ocrx_word' id='word_1_439' title='bbox 1264 1499 1311 1525; x_wconf 80' lang='grc' dir='ltr'>τῆς</span> <span class='ocrx_word' id='word_1_440' title='bbox 1333 1495 1478 1526; x_wconf 75' lang='grc' dir='ltr'>συντελείας</span> <span class='ocrx_word' id='word_1_441' title='bbox 1506 1500 1552 1522; x_wconf 77' lang='grc' dir='ltr'>τοῦ</span> <span class='ocrx_word' id='word_1_442' title='bbox 1592 1496 1683 1527; x_wconf 73' lang='grc' dir='ltr'>αἰῶνος</span> <span class='ocrx_word' id='word_1_443' title='bbox 1712 1498 1805 1523; x_wconf 79' lang='grc' dir='ltr'>τούτου</span> <span class='ocrx_word' id='word_1_444' title='bbox 1834 1498 1898 1524; x_wconf 80' lang='grc' dir='ltr'>πολ-</span> 
     </span>
    </p>
   </div>
   <div class='ocr_carea' id='block_1_66' title="bbox 211 1537 1037 1574">
    <p class='ocr_par' dir='ltr' id='par_1_66' title="bbox 211 1537 1037 1574">
     <span class='ocr_line' id='line_1_66' title="bbox 211 1537 1037 1574; baseline 0.002 -9"><span class='ocrx_word' id='word_1_445' title='bbox 211 1537 416 1573; x_wconf 86' lang='lat' dir='ltr'><strong>apostolorum</strong></span> <span class='ocrx_word' id='word_1_446' title='bbox 426 1541 515 1574; x_wconf 85' lang='lat' dir='ltr'><strong>atque</strong></span> <span class='ocrx_word' id='word_1_447' title='bbox 522 1538 718 1574; x_wconf 87' lang='lat' dir='ltr'><strong>Epistolarum</strong></span> <span class='ocrx_word' id='word_1_448' title='bbox 729 1538 855 1566; x_wconf 88' lang='lat' dir='ltr'><strong>lectione</strong></span> <span class='ocrx_word' id='word_1_449' title='bbox 866 1539 928 1567; x_wconf 88' lang='lat' dir='ltr'><strong>dita</strong></span> <span class='ocrx_word' id='word_1_450' title='bbox 939 1542 1037 1568; x_wconf 88' lang='lat' dir='ltr'><strong>sunto.</strong></span> 
     </span>
    </p>
   </div>
   <div class='ocr_carea' id='block_1_67' title="bbox 1093 1539 1898 1578">
    <p class='ocr_par' dir='ltr' id='par_1_67' title="bbox 1093 1539 1898 1578">
     <span class='ocr_line' id='line_1_67' title="bbox 1093 1539 1898 1578; baseline 0.002 -12"><span class='ocrx_word' id='word_1_451' title='bbox 1093 1540 1153 1570; x_wconf 79' lang='grc' dir='ltr'>λοὺς</span> <span class='ocrx_word' id='word_1_452' title='bbox 1183 1544 1232 1565; x_wconf 76' lang='grc' dir='ltr'>τῶν</span> <span class='ocrx_word' id='word_1_453' title='bbox 1266 1539 1380 1565; x_wconf 79' lang='grc' dir='ltr'>ἀπίστων</span> <span class='ocrx_word' id='word_1_454' title='bbox 1413 1544 1449 1575; x_wconf 81' lang='grc' dir='ltr'>τῷ</span> <span class='ocrx_word' id='word_1_455' title='bbox 1489 1541 1546 1576; x_wconf 78' lang='grc' dir='ltr'>θείῳ</span> <span class='ocrx_word' id='word_1_456' title='bbox 1578 1544 1808 1578; x_wconf 73' lang='grc' dir='ltr'>προσερχομένους</span> <span class='ocrx_word' id='word_1_457' title='bbox 1847 1542 1898 1578; x_wconf 79' lang='grc' dir='ltr'><strong>βα-</strong></span> 
     </span>
    </p>
   </div>
   <div class='ocr_carea' id='block_1_68' title="bbox 209 1583 1895 1620">
    <p class='ocr_par' dir='ltr' id='par_1_68' title="bbox 209 1583 1895 1620">
     <span class='ocr_line' id='line_1_68' title="bbox 209 1583 1895 1620; baseline 0.003 -12"><span class='ocrx_word' id='word_1_458' title='bbox 209 1585 350 1618; x_wconf 79' lang='grc' dir='ltr'>πτίσματι,</span> <span class='ocrx_word' id='word_1_459' title='bbox 367 1587 397 1618; x_wconf 77' lang='grc' dir='ltr'><strong>τῇ</strong></span> <span class='ocrx_word' id='word_1_460' title='bbox 417 1585 518 1618; x_wconf 80' lang='grc' dir='ltr'>σαγὴνη</span> <span class='ocrx_word' id='word_1_461' title='bbox 534 1587 583 1608; x_wconf 71' lang='grc' dir='ltr'>τῶν</span> <span class='ocrx_word' id='word_1_462' title='bbox 608 1583 697 1609; x_wconf 70' lang='grc' dir='ltr'>ἀλιέων</span> <span class='ocrx_word' id='word_1_463' title='bbox 712 1585 806 1609; x_wconf 78' lang='grc' dir='ltr'>τούτων</span> <span class='ocrx_word' id='word_1_464' title='bbox 833 1583 1028 1620; x_wconf 74' lang='grc' dir='ltr'>ἀγρευομένους,</span> <span class='ocrx_word' id='word_1_465' title='bbox 1046 1587 1096 1611; x_wconf 79' lang='grc' dir='ltr'><strong>Καὶ</strong></span> <span class='ocrx_word' id='word_1_466' title='bbox 1122 1594 1206 1610; x_wconf 84' lang='grc' dir='ltr'>ταντα</span> <span class='ocrx_word' id='word_1_467' title='bbox 1229 1586 1273 1620; x_wconf 74' lang='grc' dir='ltr'>μὲν</span> <span class='ocrx_word' id='word_1_468' title='bbox 1300 1587 1358 1619; x_wconf 79' lang='grc' dir='ltr'>περὶ</span> <span class='ocrx_word' id='word_1_469' title='bbox 1383 1588 1429 1615; x_wconf 85' lang='grc' dir='ltr'>τῆς</span> <span class='ocrx_word' id='word_1_470' title='bbox 1447 1584 1612 1620; x_wconf 74' lang='grc' dir='ltr'>ἀναγνώσεως</span> <span class='ocrx_word' id='word_1_471' title='bbox 1636 1590 1686 1611; x_wconf 77' lang='grc' dir='ltr'>τῶν</span> <span class='ocrx_word' id='word_1_472' title='bbox 1711 1586 1895 1613; x_wconf 73' lang='grc' dir='ltr'>ἀποστολικῶν</span> 
     </span>
    </p>
   </div>
   <div class='ocr_carea' id='block_1_69' title="bbox 209 1627 982 1664">
    <p class='ocr_par' dir='ltr' id='par_1_69' title="bbox 209 1627 982 1664">
     <span class='ocr_line' id='line_1_69' title="bbox 209 1627 982 1664; baseline 0.004 -12"><span class='ocrx_word' id='word_1_473' title='bbox 209 1627 330 1664; x_wconf 79' lang='grc' dir='ltr'>Πράξεών</span> <span class='ocrx_word' id='word_1_474' title='bbox 345 1629 389 1653; x_wconf 80' lang='grc' dir='ltr'><strong>καὶ</strong></span> <span class='ocrx_word' id='word_1_475' title='bbox 402 1632 452 1653; x_wconf 74' lang='grc' dir='ltr'>τῶν</span> <span class='ocrx_word' id='word_1_476' title='bbox 467 1629 539 1653; x_wconf 72' lang='grc' dir='ltr'>θείων</span> <span class='ocrx_word' id='word_1_477' title='bbox 553 1629 650 1653; x_wconf 81' lang='grc' dir='ltr'>τούτων</span> <span class='ocrx_word' id='word_1_478' title='bbox 664 1627 807 1654; x_wconf 83' lang='grc' dir='ltr'>ἐπιστολῶν</span> <span class='ocrx_word' id='word_1_479' title='bbox 821 1627 982 1656; x_wconf 71' lang='grc' dir='ltr'>ἐπιδίδοται.</span> 
     </span>
    </p>
   </div>
   <div class='ocr_carea' id='block_1_70' title="bbox 245 1671 1037 1707">
    <p class='ocr_par' dir='ltr' id='par_1_70' title="bbox 245 1671 1037 1707">
     <span class='ocr_line' id='line_1_70' title="bbox 245 1671 1037 1707; baseline 0.004 -9"><span class='ocrx_word' id='word_1_480' title='bbox 245 1671 287 1699; x_wconf 81' lang='grc'><strong>17.</strong></span> <span class='ocrx_word' id='word_1_481' title='bbox 304 1672 370 1699; x_wconf 78' lang='lat' dir='ltr'><strong>Jam</strong></span> <span class='ocrx_word' id='word_1_482' title='bbox 386 1671 602 1699; x_wconf 85' lang='lat' dir='ltr'><strong>venerabilium</strong></span> <span class='ocrx_word' id='word_1_483' title='bbox 620 1679 653 1699; x_wconf 83' lang='lat' dir='ltr'><strong>ac</strong></span> <span class='ocrx_word' id='word_1_484' title='bbox 677 1671 845 1699; x_wconf 83' lang='lat' dir='ltr'><strong>divinorum</strong></span> <span class='ocrx_word' id='word_1_485' title='bbox 864 1673 1037 1707; x_wconf 83' lang='lat' dir='ltr'><strong>Evangelio-</strong></span> 
     </span>
    </p>
   </div>
   <div class='ocr_carea' id='block_1_71' title="bbox 207 1716 1037 1751">
    <p class='ocr_par' dir='ltr' id='par_1_71' title="bbox 207 1716 1037 1751">
     <span class='ocr_line' id='line_1_71' title="bbox 207 1716 1037 1751; baseline 0.002 -8"><span class='ocrx_word' id='word_1_486' title='bbox 207 1723 276 1743; x_wconf 86' lang='lat' dir='ltr'><strong>rum</strong></span> <span class='ocrx_word' id='word_1_487' title='bbox 293 1716 370 1743; x_wconf 84' lang='lat' dir='ltr'><strong>elata</strong></span> <span class='ocrx_word' id='word_1_488' title='bbox 384 1723 457 1743; x_wconf 88' lang='lat' dir='ltr'><strong>voce</strong></span> <span class='ocrx_word' id='word_1_489' title='bbox 471 1716 567 1749; x_wconf 86' lang='lat' dir='ltr'><strong>lectio,</strong></span> <span class='ocrx_word' id='word_1_490' title='bbox 583 1716 679 1751; x_wconf 89' lang='lat' dir='ltr'><strong>ipsius</strong></span> <span class='ocrx_word' id='word_1_491' title='bbox 694 1716 800 1744; x_wconf 87' lang='lat' dir='ltr'><strong>Christi</strong></span> <span class='ocrx_word' id='word_1_492' title='bbox 813 1717 862 1744; x_wconf 88' lang='lat' dir='ltr'><strong>Dei</strong></span> <span class='ocrx_word' id='word_1_493' title='bbox 879 1718 971 1745; x_wconf 86' lang='lat' dir='ltr'><strong>nostri</strong></span> <span class='ocrx_word' id='word_1_494' title='bbox 987 1718 1037 1745; x_wconf 93' lang='lat' dir='ltr'><strong>de-</strong></span> 
     </span>
    </p>
   </div>
   <div class='ocr_carea' id='block_1_72' title="bbox 209 1760 1039 1797">
    <p class='ocr_par' dir='ltr' id='par_1_72' title="bbox 209 1760 1039 1797">
     <span class='ocr_line' id='line_1_72' title="bbox 209 1760 1039 1797; baseline 0.005 -11"><span class='ocrx_word' id='word_1_495' title='bbox 209 1762 359 1787; x_wconf 89' lang='lat' dir='ltr'><strong>monstrat</strong></span> <span class='ocrx_word' id='word_1_496' title='bbox 371 1767 535 1793; x_wconf 87' lang='lat' dir='ltr'><strong>sermones,</strong></span> <span class='ocrx_word' id='word_1_497' title='bbox 548 1760 704 1793; x_wconf 87' lang='lat' dir='ltr'><strong>mandata,</strong></span> <span class='ocrx_word' id='word_1_498' title='bbox 716 1760 793 1795; x_wconf 84' lang='lat' dir='ltr'><strong>leges</strong></span> <span class='ocrx_word' id='word_1_499' title='bbox 808 1761 888 1796; x_wconf 89' lang='lat' dir='ltr'><strong>ipsas</strong></span> <span class='ocrx_word' id='word_1_500' title='bbox 903 1769 979 1797; x_wconf 88' lang='lat' dir='ltr'><strong>quas</strong></span> <span class='ocrx_word' id='word_1_501' title='bbox 988 1770 1039 1790; x_wconf 88' lang='lat' dir='ltr'><strong>uo-</strong></span> 
     </span>
    </p>
   </div>
   <div class='ocr_carea' id='block_1_73' title="bbox 209 1803 1036 1841">
    <p class='ocr_par' dir='ltr' id='par_1_73' title="bbox 209 1803 1036 1841">
     <span class='ocr_line' id='line_1_73' title="bbox 209 1803 1036 1841; baseline 0.004 -10"><span class='ocrx_word' id='word_1_502' title='bbox 209 1803 255 1831; x_wconf 87' lang='lat' dir='ltr'><strong>bis</strong></span> <span class='ocrx_word' id='word_1_503' title='bbox 271 1803 345 1835; x_wconf 81' lang='lat' dir='ltr'><strong>tulit,</strong></span> <span class='ocrx_word' id='word_1_504' title='bbox 357 1804 531 1839; x_wconf 85' lang='lat' dir='ltr'><strong>passionem</strong></span> <span class='ocrx_word' id='word_1_505' title='bbox 560 1804 757 1839; x_wconf 77' lang='lat' dir='ltr'><strong>sepulturam,</strong></span> <span class='ocrx_word' id='word_1_506' title='bbox 779 1806 1036 1841; x_wconf 82' lang='lat' dir='ltr'><strong>resurrectionem,</strong></span> 
     </span>
    </p>
   </div>
   <div class='ocr_carea' id='block_1_74' title="bbox 210 1848 1037 1886">
    <p class='ocr_par' dir='ltr' id='par_1_74' title="bbox 210 1848 1037 1886">
     <span class='ocr_line' id='line_1_74' title="bbox 210 1848 1037 1886; baseline 0.005 -11"><span class='ocrx_word' id='word_1_507' title='bbox 210 1848 462 1884; x_wconf 87' lang='lat' dir='ltr'><strong>assumptionem.</strong></span> <span class='ocrx_word' id='word_1_508' title='bbox 481 1848 557 1876; x_wconf 85' lang='lat' dir='ltr'><strong>Nam</strong></span> <span class='ocrx_word' id='word_1_509' title='bbox 572 1849 787 1876; x_wconf 81' lang='lat' dir='ltr'><strong>miraculorum</strong></span> <span class='ocrx_word' id='word_1_510' title='bbox 805 1849 901 1877; x_wconf 87' lang='lat' dir='ltr'><strong>levem</strong></span> <span class='ocrx_word' id='word_1_511' title='bbox 925 1851 1037 1886; x_wconf 84' lang='lat' dir='ltr'><strong>oppido</strong></span> 
     </span>
    </p>
   </div>
   <div class='ocr_carea' id='block_1_75' title="bbox 211 1892 1037 1927">
    <p class='ocr_par' dir='ltr' id='par_1_75' title="bbox 211 1892 1037 1927">
     <span class='ocr_line' id='line_1_75' title="bbox 211 1892 1037 1927; baseline 0.002 -7"><span class='ocrx_word' id='word_1_512' title='bbox 211 1892 396 1920; x_wconf 87' lang='lat' dir='ltr'><strong>mentionem</strong></span> <span class='ocrx_word' id='word_1_513' title='bbox 403 1893 595 1927; x_wconf 73' lang='lat' dir='ltr'><strong>evangelista:</strong></span> <span class='ocrx_word' id='word_1_514' title='bbox 604 1892 746 1926; x_wconf 82' lang='lat' dir='ltr'><strong>fecerunt,</strong></span> <span class='ocrx_word' id='word_1_515' title='bbox 755 1901 816 1920; x_wconf 87' lang='lat' dir='ltr'><strong>uno</strong></span> <span class='ocrx_word' id='word_1_516' title='bbox 824 1896 939 1922; x_wconf 85' lang='lat' dir='ltr'><strong>tantum</strong></span> <span class='ocrx_word' id='word_1_517' title='bbox 948 1895 1037 1923; x_wconf 85' lang='lat' dir='ltr'><strong>verbo</strong></span> 
     </span>
    </p>
   </div>
   <div class='ocr_carea' id='block_1_76' title="bbox 208 1937 1038 1974">
    <p class='ocr_par' dir='ltr' id='par_1_76' title="bbox 208 1937 1038 1974">
     <span class='ocr_line' id='line_1_76' title="bbox 208 1937 1038 1974; baseline 0.004 -10"><span class='ocrx_word' id='word_1_518' title='bbox 208 1937 460 1965; x_wconf 88' lang='lat' dir='ltr'><strong>innumerabilem</strong></span> <span class='ocrx_word' id='word_1_519' title='bbox 472 1937 680 1973; x_wconf 78' lang='lat' dir='ltr'><strong>prodigiorum</strong></span> <span class='ocrx_word' id='word_1_520' title='bbox 691 1937 912 1966; x_wconf 85' lang='lat' dir='ltr'><strong>multitudinem</strong></span> <span class='ocrx_word' id='word_1_521' title='bbox 927 1939 1038 1974; x_wconf 80' lang='lat' dir='ltr'><strong>signiﬁ-</strong></span> 
     </span>
    </p>
   </div>
   <div class='ocr_carea' id='block_1_77' title="bbox 210 1982 1037 2018">
    <p class='ocr_par' dir='ltr' id='par_1_77' title="bbox 210 1982 1037 2018">
     <span class='ocr_line' id='line_1_77' title="bbox 210 1982 1037 2018; baseline 0.004 -9"><span class='ocrx_word' id='word_1_522' title='bbox 210 1983 321 2009; x_wconf 89' lang='lat' dir='ltr'><strong>cantes.</strong></span> <span class='ocrx_word' id='word_1_523' title='bbox 341 1982 414 2013; x_wconf 88' lang='lat' dir='ltr'><strong>Quia</strong></span> <span class='ocrx_word' id='word_1_524' title='bbox 434 1990 505 2009; x_wconf 87' lang='lat' dir='ltr'><strong>vero</strong></span> <span class='ocrx_word' id='word_1_525' title='bbox 520 1990 611 2018; x_wconf 88' lang='lat' dir='ltr'><strong>quem</strong></span> <span class='ocrx_word' id='word_1_526' title='bbox 627 1982 832 2016; x_wconf 85' lang='lat' dir='ltr'><strong>dccanlamus,</strong></span> <span class='ocrx_word' id='word_1_527' title='bbox 855 1985 932 2010; x_wconf 80' lang='lat' dir='ltr'><strong>Deus</strong></span> <span class='ocrx_word' id='word_1_528' title='bbox 948 1984 1037 2013; x_wconf 88' lang='lat' dir='ltr'><strong>simul</strong></span> 
     </span>
    </p>
   </div>
   <div class='ocr_carea' id='block_1_78' title="bbox 209 2026 1036 2064">
    <p class='ocr_par' dir='ltr' id='par_1_78' title="bbox 209 2026 1036 2064">
     <span class='ocr_line' id='line_1_78' title="bbox 209 2026 1036 2064; baseline 0.004 -10"><span class='ocrx_word' id='word_1_529' title='bbox 209 2026 363 2062; x_wconf 88' lang='lat' dir='ltr'><strong>homoque</strong></span> <span class='ocrx_word' id='word_1_530' title='bbox 374 2029 418 2054; x_wconf 88' lang='lat' dir='ltr'><strong>est</strong></span> <span class='ocrx_word' id='word_1_531' title='bbox 429 2027 532 2054; x_wconf 85' lang='lat' dir='ltr'><strong>mistos</strong></span> <span class='ocrx_word' id='word_1_532' title='bbox 548 2026 658 2062; x_wconf 81' lang='lat' dir='ltr'><strong>pariter</strong></span> <span class='ocrx_word' id='word_1_533' title='bbox 667 2027 797 2062; x_wconf 85' lang='lat' dir='ltr'><strong>hymnos</strong></span> <span class='ocrx_word' id='word_1_534' title='bbox 812 2028 838 2055; x_wconf 90' lang='lat' dir='ltr'><strong>ei</strong></span> <span class='ocrx_word' id='word_1_535' title='bbox 857 2036 1036 2064; x_wconf 84' lang='lat' dir='ltr'><strong>composue-</strong></span> 
     </span>
    </p>
   </div>
   <div class='ocr_carea' id='block_1_79' title="bbox 208 2071 1038 2108">
    <p class='ocr_par' dir='ltr' id='par_1_79' title="bbox 208 2071 1038 2108">
     <span class='ocr_line' id='line_1_79' title="bbox 208 2071 1038 2108; baseline 0.005 -10"><span class='ocrx_word' id='word_1_536' title='bbox 208 2072 279 2098; x_wconf 84' lang='lat' dir='ltr'><strong>runt</strong></span> <span class='ocrx_word' id='word_1_537' title='bbox 306 2071 386 2099; x_wconf 91' lang='lat' dir='ltr'><strong>beati</strong></span> <span class='ocrx_word' id='word_1_538' title='bbox 409 2073 516 2099; x_wconf 87' lang='lat' dir='ltr'><strong>Patres.</strong></span> <span class='ocrx_word' id='word_1_539' title='bbox 535 2072 567 2098; x_wconf 79' lang='lat' dir='ltr'><strong>Et</strong></span> <span class='ocrx_word' id='word_1_540' title='bbox 588 2071 664 2100; x_wconf 90' lang='lat' dir='ltr'><strong>sicut</strong></span> <span class='ocrx_word' id='word_1_541' title='bbox 686 2071 799 2106; x_wconf 84' lang='lat' dir='ltr'><strong>trisagii</strong></span> <span class='ocrx_word' id='word_1_542' title='bbox 824 2072 969 2108; x_wconf 85' lang='lat' dir='ltr'><strong>hymnus,</strong></span> <span class='ocrx_word' id='word_1_543' title='bbox 997 2074 1038 2102; x_wconf 85' lang='lat' dir='ltr'><strong>ita</strong></span> 
     </span>
    </p>
   </div>
   <div class='ocr_carea' id='block_1_80' title="bbox 1131 1671 1897 1710">
    <p class='ocr_par' dir='ltr' id='par_1_80' title="bbox 1131 1671 1897 1710">
     <span class='ocr_line' id='line_1_80' title="bbox 1131 1671 1897 1710; baseline 0.004 -12"><span class='ocrx_word' id='word_1_544' title='bbox 1131 1673 1169 1703; x_wconf 86' lang='grc' dir='ltr'>ις’·</span> <span class='ocrx_word' id='word_1_545' title='bbox 1185 1672 1214 1699; x_wconf 80' lang='lat' dir='ltr'><strong>&#39;ll</strong></span> <span class='ocrx_word' id='word_1_546' title='bbox 1231 1671 1260 1699; x_wconf 74' lang='grc' dir='ltr'>δὲ</span> <span class='ocrx_word' id='word_1_547' title='bbox 1286 1677 1335 1698; x_wconf 77' lang='grc' dir='ltr'><strong>τῶι</strong></span> <span class='ocrx_word' id='word_1_548' title='bbox 1362 1677 1460 1699; x_wconf 81' lang='grc' dir='ltr'>σεπτῶν</span> <span class='ocrx_word' id='word_1_549' title='bbox 1489 1676 1531 1699; x_wconf 84' lang='lat' dir='ltr'><strong>xui</strong></span> <span class='ocrx_word' id='word_1_550' title='bbox 1565 1675 1636 1700; x_wconf 80' lang='grc' dir='ltr'>θείων</span> <span class='ocrx_word' id='word_1_551' title='bbox 1665 1675 1825 1710; x_wconf 72' lang='grc' dir='ltr'>Εὗαγγελίων</span> <span class='ocrx_word' id='word_1_552' title='bbox 1853 1675 1897 1701; x_wconf 72' lang='grc' dir='ltr'><strong>ἐκ·</strong></span> 
     </span>
    </p>
   </div>
   <div class='ocr_carea' id='block_1_81' title="bbox 1094 1718 1898 1756">
    <p class='ocr_par' dir='ltr' id='par_1_81' title="bbox 1094 1718 1898 1756">
     <span class='ocr_line' id='line_1_81' title="bbox 1094 1718 1898 1756; baseline 0.002 -13"><span class='ocrx_word' id='word_1_553' title='bbox 1094 1721 1217 1753; x_wconf 69' lang='grc' dir='ltr'>φώνησις,</span> <span class='ocrx_word' id='word_1_554' title='bbox 1246 1718 1324 1744; x_wconf 69' lang='grc' dir='ltr'>αὑτοῦ</span> <span class='ocrx_word' id='word_1_555' title='bbox 1340 1721 1387 1743; x_wconf 75' lang='grc' dir='ltr'>τοῦ</span> <span class='ocrx_word' id='word_1_556' title='bbox 1412 1722 1530 1755; x_wconf 68' lang='grc' dir='ltr'>Χριστοῦ</span> <span class='ocrx_word' id='word_1_557' title='bbox 1558 1721 1603 1745; x_wconf 82' lang='grc' dir='ltr'><strong>καὶ</strong></span> <span class='ocrx_word' id='word_1_558' title='bbox 1625 1723 1691 1745; x_wconf 75' lang='grc' dir='ltr'><strong>Θεοῦ</strong></span> <span class='ocrx_word' id='word_1_559' title='bbox 1716 1721 1789 1756; x_wconf 77' lang='grc' dir='ltr'>ἡμῶν</span> <span class='ocrx_word' id='word_1_560' title='bbox 1818 1719 1898 1749; x_wconf 75' lang='grc' dir='ltr'>δηλοῖ</span> 
     </span>
    </p>
   </div>
   <div class='ocr_carea' id='block_1_82' title="bbox 1093 1762 1897 1800">
    <p class='ocr_par' dir='ltr' id='par_1_82' title="bbox 1093 1762 1897 1800">
     <span class='ocr_line' id='line_1_82' title="bbox 1093 1762 1897 1800; baseline 0.004 -12"><span class='ocrx_word' id='word_1_561' title='bbox 1093 1764 1154 1793; x_wconf 64' lang='grc' dir='ltr'>τοὺς</span> <span class='ocrx_word' id='word_1_562' title='bbox 1183 1762 1285 1798; x_wconf 68' lang='grc' dir='ltr'>λόγους,</span> <span class='ocrx_word' id='word_1_563' title='bbox 1312 1763 1356 1792; x_wconf 70' lang='grc' dir='ltr'>τὰς</span> <span class='ocrx_word' id='word_1_564' title='bbox 1384 1762 1491 1796; x_wconf 76' lang='grc' dir='ltr'>ἐντολὰς,</span> <span class='ocrx_word' id='word_1_565' title='bbox 1518 1765 1576 1794; x_wconf 78' lang='grc' dir='ltr'>τοὺς</span> <span class='ocrx_word' id='word_1_566' title='bbox 1599 1766 1693 1800; x_wconf 70' lang='grc' dir='ltr'>νόμους</span> <span class='ocrx_word' id='word_1_567' title='bbox 1717 1764 1823 1800; x_wconf 67' lang='grc' dir='ltr'>αὐτοὺς,</span> <span class='ocrx_word' id='word_1_568' title='bbox 1851 1766 1897 1796; x_wconf 77' lang='grc' dir='ltr'>οὖς</span> 
     </span>
    </p>
   </div>
   <div class='ocr_carea' id='block_1_83' title="bbox 1094 1807 1895 1844">
    <p class='ocr_par' dir='ltr' id='par_1_83' title="bbox 1094 1807 1895 1844">
     <span class='ocr_line' id='line_1_83' title="bbox 1094 1807 1895 1844; baseline 0.004 -12"><span class='ocrx_word' id='word_1_569' title='bbox 1094 1807 1156 1843; x_wconf 81' lang='grc' dir='ltr'>ἡμῖν</span> <span class='ocrx_word' id='word_1_570' title='bbox 1186 1808 1267 1841; x_wconf 69' lang='grc' dir='ltr'><strong>ἔθετο,</strong></span> <span class='ocrx_word' id='word_1_571' title='bbox 1294 1808 1327 1832; x_wconf 74' lang='grc' dir='ltr'>τὰ</span> <span class='ocrx_word' id='word_1_572' title='bbox 1353 1808 1435 1839; x_wconf 69' lang='grc' dir='ltr'>πάθη,</span> <span class='ocrx_word' id='word_1_573' title='bbox 1466 1811 1512 1836; x_wconf 81' lang='grc' dir='ltr'>τὴν</span> <span class='ocrx_word' id='word_1_574' title='bbox 1541 1811 1633 1844; x_wconf 69' lang='grc' dir='ltr'>ταφὴν,</span> <span class='ocrx_word' id='word_1_575' title='bbox 1659 1811 1706 1838; x_wconf 72' lang='grc' dir='ltr'>τὴν</span> <span class='ocrx_word' id='word_1_576' title='bbox 1736 1809 1895 1844; x_wconf 71' lang='grc' dir='ltr'>ἀνάστασιν,</span> 
     </span>
    </p>
   </div>
   <div class='ocr_carea' id='block_1_84' title="bbox 1093 1851 1896 1890">
    <p class='ocr_par' dir='ltr' id='par_1_84' title="bbox 1093 1851 1896 1890">
     <span class='ocr_line' id='line_1_84' title="bbox 1093 1851 1896 1890; baseline 0.005 -14"><span class='ocrx_word' id='word_1_577' title='bbox 1093 1854 1136 1878; x_wconf 78' lang='grc' dir='ltr'><strong>καὶ</strong></span> <span class='ocrx_word' id='word_1_578' title='bbox 1159 1854 1205 1880; x_wconf 69' lang='grc' dir='ltr'>τήν</span> <span class='ocrx_word' id='word_1_579' title='bbox 1233 1851 1370 1887; x_wconf 54' lang='grc' dir='ltr'>ἀνάληψιν·</span> <span class='ocrx_word' id='word_1_580' title='bbox 1397 1856 1447 1878; x_wconf 74' lang='grc' dir='ltr'>τὼν</span> <span class='ocrx_word' id='word_1_581' title='bbox 1474 1855 1524 1889; x_wconf 73' lang='grc' dir='ltr'><strong>γὰρ</strong></span> <span class='ocrx_word' id='word_1_582' title='bbox 1551 1854 1688 1889; x_wconf 75' lang='grc' dir='ltr'>θαυμάτων</span> <span class='ocrx_word' id='word_1_583' title='bbox 1711 1855 1733 1879; x_wconf 79' lang='grc' dir='ltr'>οἱ</span> <span class='ocrx_word' id='word_1_584' title='bbox 1761 1854 1896 1890; x_wconf 69' lang='grc' dir='ltr'>εὐαγγελι-</span> 
     </span>
    </p>
   </div>
   <div class='ocr_carea' id='block_1_85' title="bbox 1087 1896 1894 1935">
    <p class='ocr_par' dir='ltr' id='par_1_85' title="bbox 1087 1896 1894 1935">
     <span class='ocr_line' id='line_1_85' title="bbox 1087 1896 1894 1935; baseline 0.004 -14"><span class='ocrx_word' id='word_1_585' title='bbox 1087 1898 1154 1929; x_wconf 69' lang='grc' dir='ltr'>σταὶ</span> <span class='ocrx_word' id='word_1_586' title='bbox 1180 1896 1266 1932; x_wconf 79' lang='grc' dir='ltr'>ὀλίγον</span> <span class='ocrx_word' id='word_1_587' title='bbox 1299 1898 1453 1925; x_wconf 75' lang='grc' dir='ltr'>ἐποιήσαντο</span> <span class='ocrx_word' id='word_1_588' title='bbox 1486 1897 1571 1933; x_wconf 74' lang='grc' dir='ltr'>λογον,</span> <span class='ocrx_word' id='word_1_589' title='bbox 1605 1898 1641 1924; x_wconf 84' lang='grc' dir='ltr'>ἐνι</span> <span class='ocrx_word' id='word_1_590' title='bbox 1673 1899 1771 1935; x_wconf 68' lang='grc' dir='ltr'>ῥήματι</span> <span class='ocrx_word' id='word_1_591' title='bbox 1807 1899 1894 1928; x_wconf 74' lang='grc' dir='ltr'>πλήθη</span> 
     </span>
    </p>
   </div>
   <div class='ocr_carea' id='block_1_86' title="bbox 1092 1940 1896 1979">
    <p class='ocr_par' dir='ltr' id='par_1_86' title="bbox 1092 1940 1896 1979">
     <span class='ocr_line' id='line_1_86' title="bbox 1092 1940 1896 1979; baseline 0.002 -13"><span class='ocrx_word' id='word_1_592' title='bbox 1092 1940 1186 1977; x_wconf 72' lang='grc' dir='ltr'>ἄπειρα</span> <span class='ocrx_word' id='word_1_593' title='bbox 1215 1941 1353 1976; x_wconf 69' lang='grc' dir='ltr'>Θαυμάτων</span> <span class='ocrx_word' id='word_1_594' title='bbox 1380 1940 1626 1978; x_wconf 75' lang='grc' dir='ltr'>παραδηλώσαντες.</span> <span class='ocrx_word' id='word_1_595' title='bbox 1656 1941 1726 1968; x_wconf 76' lang='grc' dir='ltr'><strong>Ἐπεὶ</strong></span> <span class='ocrx_word' id='word_1_596' title='bbox 1753 1941 1783 1968; x_wconf 68' lang='grc' dir='ltr'>δὲ</span> <span class='ocrx_word' id='word_1_597' title='bbox 1808 1944 1821 1968; x_wconf 87' lang='grc' dir='ltr'><strong>ὀ</strong></span> <span class='ocrx_word' id='word_1_598' title='bbox 1848 1944 1896 1979; x_wconf 73' lang='grc' dir='ltr'><strong>ὑμ-</strong></span> 
     </span>
    </p>
   </div>
   <div class='ocr_carea' id='block_1_87' title="bbox 1091 1984 1897 2024">
    <p class='ocr_par' dir='ltr' id='par_1_87' title="bbox 1091 1984 1897 2024">
     <span class='ocr_line' id='line_1_87' title="bbox 1091 1984 1897 2024; baseline 0.005 -15"><span class='ocrx_word' id='word_1_599' title='bbox 1091 1986 1212 2021; x_wconf 67' lang='grc' dir='ltr'>νούμενος</span> <span class='ocrx_word' id='word_1_600' title='bbox 1238 1987 1303 2015; x_wconf 73' lang='grc' dir='ltr'><strong>Θεὸς</strong></span> <span class='ocrx_word' id='word_1_601' title='bbox 1326 1984 1382 2011; x_wconf 80' lang='grc' dir='ltr'>ἐστι</span> <span class='ocrx_word' id='word_1_602' title='bbox 1414 1988 1460 2011; x_wconf 77' lang='grc' dir='ltr'><strong>καὶ</strong></span> <span class='ocrx_word' id='word_1_603' title='bbox 1484 1987 1619 2023; x_wconf 70' lang='grc' dir='ltr'>ἄνθρωπος</span> <span class='ocrx_word' id='word_1_604' title='bbox 1645 1987 1709 2022; x_wconf 72' lang='grc' dir='ltr'>οἶμα,</span> <span class='ocrx_word' id='word_1_605' title='bbox 1739 1996 1897 2024; x_wconf 73' lang='grc' dir='ltr'>συγκεκερα-</span> 
     </span>
    </p>
   </div>
   <div class='ocr_carea' id='block_1_88' title="bbox 1093 2029 1897 2068">
    <p class='ocr_par' dir='ltr' id='par_1_88' title="bbox 1093 2029 1897 2068">
     <span class='ocr_line' id='line_1_88' title="bbox 1093 2029 1897 2068; baseline 0.005 -14"><span class='ocrx_word' id='word_1_606' title='bbox 1093 2032 1199 2066; x_wconf 79' lang='grc' dir='ltr'>σμένους</span> <span class='ocrx_word' id='word_1_607' title='bbox 1226 2032 1270 2055; x_wconf 80' lang='lat' dir='ltr'><strong>xui</strong></span> <span class='ocrx_word' id='word_1_608' title='bbox 1297 2031 1356 2060; x_wconf 81' lang='grc' dir='ltr'>τοὺς</span> <span class='ocrx_word' id='word_1_609' title='bbox 1384 2030 1481 2065; x_wconf 71' lang='grc' dir='ltr'>ὕμνους</span> <span class='ocrx_word' id='word_1_610' title='bbox 1509 2031 1579 2066; x_wconf 69' lang='grc' dir='ltr'>αὐτῷ</span> <span class='ocrx_word' id='word_1_611' title='bbox 1595 2029 1788 2067; x_wconf 73' lang='grc' dir='ltr'>διατετάχασιν</span> <span class='ocrx_word' id='word_1_612' title='bbox 1804 2033 1829 2058; x_wconf 78' lang='grc' dir='ltr'>οἱ</span> <span class='ocrx_word' id='word_1_613' title='bbox 1847 2043 1897 2068; x_wconf 76' lang='grc' dir='ltr'>μα-</span> 
     </span>
    </p>
   </div>
   <div class='ocr_carea' id='block_1_89' title="bbox 1092 2074 1896 2112">
    <p class='ocr_par' dir='ltr' id='par_1_89' title="bbox 1092 2074 1896 2112">
     <span class='ocr_line' id='line_1_89' title="bbox 1092 2074 1896 2112; baseline 0.004 -13"><span class='ocrx_word' id='word_1_614' title='bbox 1092 2075 1179 2111; x_wconf 77' lang='grc' dir='ltr'>κάριοι</span> <span class='ocrx_word' id='word_1_615' title='bbox 1199 2076 1320 2110; x_wconf 80' lang='grc' dir='ltr'>ΙΙατέρες·</span> <span class='ocrx_word' id='word_1_616' title='bbox 1342 2076 1386 2100; x_wconf 79' lang='grc' dir='ltr'><strong>καὶ</strong></span> <span class='ocrx_word' id='word_1_617' title='bbox 1413 2074 1500 2112; x_wconf 78' lang='grc' dir='ltr'>ὣσπερ</span> <span class='ocrx_word' id='word_1_618' title='bbox 1525 2076 1538 2101; x_wconf 85' lang='grc' dir='ltr'><strong><em>ὁ</em></strong></span> <span class='ocrx_word' id='word_1_619' title='bbox 1567 2077 1702 2112; x_wconf 79' lang='grc' dir='ltr'>τρισάγιος</span> <span class='ocrx_word' id='word_1_620' title='bbox 1717 2076 1804 2112; x_wconf 75' lang='grc' dir='ltr'>ὕμνος,</span> <span class='ocrx_word' id='word_1_621' title='bbox 1828 2078 1896 2103; x_wconf 66' lang='grc' dir='ltr'>οὕτω</span> 
     </span>
    </p>
   </div>
   <div class='ocr_carea' id='block_1_90' title="bbox 210 2105 1016 2157">
    <p class='ocr_par' dir='ltr' id='par_1_90' title="bbox 210 2105 1016 2152">
     <span class='ocr_line' id='line_1_90' title="bbox 210 2105 1016 2152; baseline 0.002 -9"><span class='ocrx_word' id='word_1_622' title='bbox 210 2115 299 2143; x_wconf 88' lang='lat' dir='ltr'><strong>etiam</strong></span> <span class='ocrx_word' id='word_1_623' title='bbox 311 2116 446 2149; x_wconf 80' lang='lat' dir='ltr'><strong>Alleluia,</strong></span> <span class='ocrx_word' id='word_1_624' title='bbox 455 2115 592 2150; x_wconf 72' lang='lat' dir='ltr'><strong>angelica</strong></span> <span class='ocrx_word' id='word_1_625' title='bbox 600 2118 643 2143; x_wconf 86' lang='lat' dir='ltr'><strong>est</strong></span> <span class='ocrx_word' id='word_1_626' title='bbox 652 2105 834 2152; x_wconf 74' lang='lat' dir='ltr'><strong>hymnodia;</strong></span> <span class='ocrx_word' id='word_1_627' title='bbox 845 2105 879 2144; x_wconf 70' lang='lat' dir='ltr'><strong>ut</strong></span> <span class='ocrx_word' id='word_1_628' title='bbox 891 2105 1016 2146; x_wconf 79' lang='lat' dir='ltr'><strong>Christur</strong></span> 
     </span>
    </p>
   </div>
   <div class='ocr_carea' id='block_1_91' title="bbox 1093 2105 1894 2157">
    <p class='ocr_par' dir='ltr' id='par_1_91' title="bbox 1093 2117 1894 2157">
     <span class='ocr_line' id='line_1_91' title="bbox 1093 2117 1894 2157; baseline 0.004 -12"><span class='ocrx_word' id='word_1_629' title='bbox 1093 2117 1125 2148; x_wconf 75' lang='grc' dir='ltr'>δὴ</span> <span class='ocrx_word' id='word_1_630' title='bbox 1138 2122 1182 2144; x_wconf 77' lang='grc' dir='ltr'><strong>καὶ</strong></span> <span class='ocrx_word' id='word_1_631' title='bbox 1197 2121 1226 2145; x_wconf 72' lang='grc' dir='ltr'>τὸ</span> <span class='ocrx_word' id='word_1_632' title='bbox 1243 2119 1395 2147; x_wconf 59' lang='grc' dir='ltr'>’.Χλληλούῑα</span> <span class='ocrx_word' id='word_1_633' title='bbox 1415 2119 1537 2155; x_wconf 76' lang='grc' dir='ltr'>ἀγγελική</span> <span class='ocrx_word' id='word_1_634' title='bbox 1564 2120 1633 2146; x_wconf 81' lang='grc' dir='ltr'>ἐστιν</span> <span class='ocrx_word' id='word_1_635' title='bbox 1656 2119 1787 2157; x_wconf 44' lang='lat' dir='ltr'><strong>{suac-ultu,</strong></span> <span class='ocrx_word' id='word_1_636' title='bbox 1803 2122 1834 2147; x_wconf 84' lang='grc' dir='ltr'><strong>ἶν’</strong></span> <span class='ocrx_word' id='word_1_637' title='bbox 1852 2122 1894 2148; x_wconf 80' lang='grc' dir='ltr'><strong>δτι</strong></span> 
     </span>
    </p>
   </div>
   <div class='ocr_carea' id='block_1_92' title="bbox 210 2160 1037 2198">
    <p class='ocr_par' dir='ltr' id='par_1_92' title="bbox 210 2160 1037 2198">
     <span class='ocr_line' id='line_1_92' title="bbox 210 2160 1037 2198; baseline 0.005 -11"><span class='ocrx_word' id='word_1_638' title='bbox 210 2161 306 2188; x_wconf 86' lang='lat' dir='ltr'><strong>Deum</strong></span> <span class='ocrx_word' id='word_1_639' title='bbox 330 2168 393 2188; x_wconf 87' lang='lat' dir='ltr'><strong>esse</strong></span> <span class='ocrx_word' id='word_1_640' title='bbox 410 2168 443 2187; x_wconf 83' lang='lat' dir='ltr'><strong>ex</strong></span> <span class='ocrx_word' id='word_1_641' title='bbox 464 2160 616 2195; x_wconf 83' lang='lat' dir='ltr'><strong>angelicis,</strong></span> <span class='ocrx_word' id='word_1_642' title='bbox 632 2161 787 2189; x_wconf 88' lang='lat' dir='ltr'><strong>hominem</strong></span> <span class='ocrx_word' id='word_1_643' title='bbox 811 2161 881 2189; x_wconf 80' lang='lat' dir='ltr'><strong>item</strong></span> <span class='ocrx_word' id='word_1_644' title='bbox 902 2169 977 2198; x_wconf 84' lang='lat' dir='ltr'><strong>esse,</strong></span> <span class='ocrx_word' id='word_1_645' title='bbox 1001 2171 1037 2191; x_wconf 79' lang='lat' dir='ltr'><strong>ex</strong></span> 
     </span>
    </p>
   </div>
   <div class='ocr_carea' id='block_1_93' title="bbox 209 2204 1036 2242">
    <p class='ocr_par' dir='ltr' id='par_1_93' title="bbox 209 2204 1036 2242">
     <span class='ocr_line' id='line_1_93' title="bbox 209 2204 1036 2242; baseline 0.004 -11"><span class='ocrx_word' id='word_1_646' title='bbox 209 2204 319 2232; x_wconf 87' lang='lat' dir='ltr'><strong>nostris</strong></span> <span class='ocrx_word' id='word_1_647' title='bbox 346 2204 468 2240; x_wconf 83' lang='lat' dir='ltr'><strong>hymnis</strong></span> <span class='ocrx_word' id='word_1_648' title='bbox 492 2204 594 2240; x_wconf 88' lang='lat' dir='ltr'><strong>palam</strong></span> <span class='ocrx_word' id='word_1_649' title='bbox 613 2205 677 2233; x_wconf 90' lang='lat' dir='ltr'><strong>ﬁat.</strong></span> <span class='ocrx_word' id='word_1_650' title='bbox 702 2205 897 2234; x_wconf 90' lang='lat' dir='ltr'><strong>Thuribolum</strong></span> <span class='ocrx_word' id='word_1_651' title='bbox 925 2209 1036 2242; x_wconf 86' lang='lat' dir='ltr'><strong>autem,</strong></span> 
     </span>
    </p>
   </div>
   <div class='ocr_carea' id='block_1_94' title="bbox 209 2248 1038 2286">
    <p class='ocr_par' dir='ltr' id='par_1_94' title="bbox 209 2248 1038 2286">
     <span class='ocr_line' id='line_1_94' title="bbox 209 2248 1038 2286; baseline 0.006 -11"><span class='ocrx_word' id='word_1_652' title='bbox 209 2248 292 2285; x_wconf 90' lang='lat' dir='ltr'><strong>quod</strong></span> <span class='ocrx_word' id='word_1_653' title='bbox 298 2248 370 2276; x_wconf 85' lang='lat' dir='ltr'><strong>dum</strong></span> <span class='ocrx_word' id='word_1_654' title='bbox 381 2249 499 2277; x_wconf 86' lang='lat' dir='ltr'><strong>canitur</strong></span> <span class='ocrx_word' id='word_1_655' title='bbox 509 2249 643 2283; x_wconf 82' lang='lat' dir='ltr'><strong>Alleluia,</strong></span> <span class='ocrx_word' id='word_1_656' title='bbox 655 2258 725 2278; x_wconf 89' lang='lat' dir='ltr'><strong>cum</strong></span> <span class='ocrx_word' id='word_1_657' title='bbox 735 2250 933 2286; x_wconf 83' lang='lat' dir='ltr'><strong>thymiamate</strong></span> <span class='ocrx_word' id='word_1_658' title='bbox 945 2252 1038 2286; x_wconf 82' lang='lat' dir='ltr'><strong>agita—</strong></span> 
     </span>
    </p>
   </div>
   <div class='ocr_carea' id='block_1_95' title="bbox 209 2293 1036 2330">
    <p class='ocr_par' dir='ltr' id='par_1_95' title="bbox 209 2293 1036 2330">
     <span class='ocr_line' id='line_1_95' title="bbox 209 2293 1036 2330; baseline 0.004 -9"><span class='ocrx_word' id='word_1_659' title='bbox 209 2295 265 2326; x_wconf 89' lang='lat' dir='ltr'><strong>tur,</strong></span> <span class='ocrx_word' id='word_1_660' title='bbox 289 2293 417 2329; x_wconf 78' lang='lat' dir='ltr'><strong>gretiam</strong></span> <span class='ocrx_word' id='word_1_661' title='bbox 433 2294 557 2330; x_wconf 86' lang='lat' dir='ltr'><strong>Spiritus</strong></span> <span class='ocrx_word' id='word_1_662' title='bbox 572 2295 667 2323; x_wconf 87' lang='lat' dir='ltr'><strong>sancti</strong></span> <span class='ocrx_word' id='word_1_663' title='bbox 682 2294 804 2324; x_wconf 86' lang='lat' dir='ltr'><strong>denotat</strong></span> <span class='ocrx_word' id='word_1_664' title='bbox 829 2295 932 2324; x_wconf 85' lang='lat' dir='ltr'><strong>datam</strong></span> <span class='ocrx_word' id='word_1_665' title='bbox 948 2296 1036 2324; x_wconf 84' lang='lat' dir='ltr'><strong>disci-</strong></span> 
     </span>
    </p>
   </div>
   <div class='ocr_carea' id='block_1_96' title="bbox 209 2337 1037 2374">
    <p class='ocr_par' dir='ltr' id='par_1_96' title="bbox 209 2337 1037 2374">
     <span class='ocr_line' id='line_1_96' title="bbox 209 2337 1037 2374; baseline 0.005 -9"><span class='ocrx_word' id='word_1_666' title='bbox 209 2337 300 2374; x_wconf 85' lang='lat' dir='ltr'><strong>pulis,</strong></span> <span class='ocrx_word' id='word_1_667' title='bbox 315 2338 437 2374; x_wconf 87' lang='lat' dir='ltr'><strong>quando</strong></span> <span class='ocrx_word' id='word_1_668' title='bbox 453 2346 505 2367; x_wconf 90' lang='lat' dir='ltr'><strong>eos</strong></span> <span class='ocrx_word' id='word_1_669' title='bbox 520 2339 600 2367; x_wconf 87' lang='lat' dir='ltr'><strong>misit</strong></span> <span class='ocrx_word' id='word_1_670' title='bbox 617 2339 657 2368; x_wconf 85' lang='lat' dir='ltr'><strong>ad</strong></span> <span class='ocrx_word' id='word_1_671' title='bbox 682 2347 803 2368; x_wconf 90' lang='lat' dir='ltr'><strong>omnem</strong></span> <span class='ocrx_word' id='word_1_672' title='bbox 820 2341 960 2368; x_wconf 90' lang='lat' dir='ltr'><strong>morbum</strong></span> <span class='ocrx_word' id='word_1_673' title='bbox 975 2341 1037 2369; x_wconf 89' lang='lat' dir='ltr'><strong>lan-</strong></span> 
     </span>
    </p>
   </div>
   <div class='ocr_carea' id='block_1_97' title="bbox 209 2383 1036 2420">
    <p class='ocr_par' dir='ltr' id='par_1_97' title="bbox 209 2383 1036 2420">
     <span class='ocr_line' id='line_1_97' title="bbox 209 2383 1036 2420; baseline 0.004 -10"><span class='ocrx_word' id='word_1_674' title='bbox 209 2390 394 2419; x_wconf 80' lang='lat' dir='ltr'><strong>guoremque</strong></span> <span class='ocrx_word' id='word_1_675' title='bbox 407 2383 578 2411; x_wconf 87' lang='lat' dir='ltr'><strong>sanandum</strong></span> <span class='ocrx_word' id='word_1_676' title='bbox 588 2384 617 2411; x_wconf 92' lang='lat' dir='ltr'><strong>in</strong></span> <span class='ocrx_word' id='word_1_677' title='bbox 632 2385 732 2412; x_wconf 87' lang='lat' dir='ltr'><strong>lsrael.</strong></span> <span class='ocrx_word' id='word_1_678' title='bbox 744 2386 816 2412; x_wconf 88' lang='lat' dir='ltr'><strong>Tum</strong></span> <span class='ocrx_word' id='word_1_679' title='bbox 829 2387 894 2420; x_wconf 89' lang='lat' dir='ltr'><strong>post</strong></span> <span class='ocrx_word' id='word_1_680' title='bbox 906 2393 1036 2420; x_wconf 76' lang='lat' dir='ltr'><strong>evange-</strong></span> 
     </span>
    </p>
   </div>
   <div class='ocr_carea' id='block_1_98' title="bbox 207 2427 1035 2466">
    <p class='ocr_par' dir='ltr' id='par_1_98' title="bbox 207 2427 1035 2466">
     <span class='ocr_line' id='line_1_98' title="bbox 207 2427 1035 2466; baseline 0.004 -11"><span class='ocrx_word' id='word_1_681' title='bbox 207 2427 316 2456; x_wconf 90' lang='lat' dir='ltr'><strong>liorum</strong></span> <span class='ocrx_word' id='word_1_682' title='bbox 326 2427 483 2456; x_wconf 88' lang='lat' dir='ltr'><strong>lectionem</strong></span> <span class='ocrx_word' id='word_1_683' title='bbox 496 2436 596 2464; x_wconf 86' lang='lat' dir='ltr'><strong>preces</strong></span> <span class='ocrx_word' id='word_1_684' title='bbox 607 2431 635 2456; x_wconf 90' lang='lat' dir='ltr'><strong>et</strong></span> <span class='ocrx_word' id='word_1_685' title='bbox 653 2429 878 2464; x_wconf 86' lang='lat' dir='ltr'><strong>postulationes,</strong></span> <span class='ocrx_word' id='word_1_686' title='bbox 891 2438 987 2466; x_wconf 86' lang='lat' dir='ltr'><strong>usque</strong></span> <span class='ocrx_word' id='word_1_687' title='bbox 999 2431 1035 2458; x_wconf 80' lang='lat' dir='ltr'><strong>ad</strong></span> 
     </span>
    </p>
   </div>
   <div class='ocr_carea' id='block_1_99' title="bbox 208 2472 1034 2509">
    <p class='ocr_par' dir='ltr' id='par_1_99' title="bbox 208 2472 1034 2509">
     <span class='ocr_line' id='line_1_99' title="bbox 208 2472 1034 2509; baseline 0.002 -9"><span class='ocrx_word' id='word_1_688' title='bbox 208 2472 402 2500; x_wconf 83' lang='lat' dir='ltr'><strong>cherubicum</strong></span> <span class='ocrx_word' id='word_1_689' title='bbox 446 2473 606 2509; x_wconf 80' lang='lat' dir='ltr'><strong>hymnum,</strong></span> <span class='ocrx_word' id='word_1_690' title='bbox 646 2473 789 2501; x_wconf 87' lang='lat' dir='ltr'><strong>triennale</strong></span> <span class='ocrx_word' id='word_1_691' title='bbox 825 2474 1034 2508; x_wconf 82' lang='lat' dir='ltr'><strong>magisterium</strong></span> 
     </span>
    </p>
   </div>
   <div class='ocr_carea' id='block_1_100' title="bbox 207 2517 1035 2554">
    <p class='ocr_par' dir='ltr' id='par_1_100' title="bbox 207 2517 1035 2554">
     <span class='ocr_line' id='line_1_100' title="bbox 207 2517 1035 2554; baseline 0.002 -9"><span class='ocrx_word' id='word_1_692' title='bbox 207 2517 312 2545; x_wconf 86' lang='lat' dir='ltr'><strong>Christi</strong></span> <span class='ocrx_word' id='word_1_693' title='bbox 330 2517 381 2545; x_wconf 89' lang='lat' dir='ltr'><strong>Dei</strong></span> <span class='ocrx_word' id='word_1_694' title='bbox 397 2518 490 2545; x_wconf 87' lang='lat' dir='ltr'><strong>nostri</strong></span> <span class='ocrx_word' id='word_1_695' title='bbox 512 2518 650 2551; x_wconf 84' lang='lat' dir='ltr'><strong>iunuunt,</strong></span> <span class='ocrx_word' id='word_1_696' title='bbox 668 2520 696 2546; x_wconf 90' lang='lat' dir='ltr'><strong>et</strong></span> <span class='ocrx_word' id='word_1_697' title='bbox 719 2520 895 2554; x_wconf 80' lang='lat' dir='ltr'><strong>paraturum</strong></span> <span class='ocrx_word' id='word_1_698' title='bbox 921 2519 959 2546; x_wconf 89' lang='lat' dir='ltr'><strong>ad</strong></span> <span class='ocrx_word' id='word_1_699' title='bbox 984 2519 1035 2548; x_wconf 85' lang='lat' dir='ltr'><strong>ba—</strong></span> 
     </span>
    </p>
   </div>
   <div class='ocr_carea' id='block_1_101' title="bbox 206 2561 1033 2599">
    <p class='ocr_par' dir='ltr' id='par_1_101' title="bbox 206 2561 1033 2599">
     <span class='ocr_line' id='line_1_101' title="bbox 206 2561 1033 2599; baseline 0.004 -10"><span class='ocrx_word' id='word_1_700' title='bbox 206 2561 317 2597; x_wconf 86' lang='lat' dir='ltr'><strong>ptisma</strong></span> <span class='ocrx_word' id='word_1_701' title='bbox 344 2562 543 2596; x_wconf 85' lang='lat' dir='ltr'><strong>catechcsim;</strong></span> <span class='ocrx_word' id='word_1_702' title='bbox 559 2563 632 2598; x_wconf 86' lang='lat' dir='ltr'><strong>quia</strong></span> <span class='ocrx_word' id='word_1_703' title='bbox 656 2562 711 2590; x_wconf 88' lang='lat' dir='ltr'><strong>hos</strong></span> <span class='ocrx_word' id='word_1_704' title='bbox 725 2561 860 2590; x_wconf 83' lang='lat' dir='ltr'><strong>videlicet</strong></span> <span class='ocrx_word' id='word_1_705' title='bbox 889 2563 1033 2599; x_wconf 63' lang='lat' dir='ltr'><strong>praedica-</strong></span> 
     </span>
    </p>
   </div>
   <div class='ocr_carea' id='block_1_102' title="bbox 244 2632 502 2668">
    <p class='ocr_par' dir='ltr' id='par_1_102' title="bbox 244 2632 502 2668">
     <span class='ocr_line' id='line_1_102' title="bbox 244 2632 502 2668; baseline 0.008 -8"><span class='ocrx_word' id='word_1_706' title='bbox 244 2633 266 2649; x_wconf 74' lang='grc'><strong>’⁸</strong></span> <span class='ocrx_word' id='word_1_707' title='bbox 282 2632 382 2661; x_wconf 84' lang='lat' dir='ltr'><strong>Matth.</strong></span> <span class='ocrx_word' id='word_1_708' title='bbox 400 2641 439 2668; x_wconf 91' lang='lat' dir='ltr'><strong>1v,</strong></span> <span class='ocrx_word' id='word_1_709' title='bbox 461 2634 502 2662; x_wconf 81' lang='lat' dir='ltr'><strong>t9.</strong></span> 
     </span>
    </p>
   </div>
   <div class='ocr_carea' id='block_1_103' title="bbox 243 2719 1029 2758">
    <p class='ocr_par' dir='ltr' id='par_1_103' title="bbox 243 2719 1029 2758">
     <span class='ocr_line' id='line_1_103' title="bbox 243 2719 1029 2758; baseline 0.005 -11"><span class='ocrx_word' id='word_1_710' title='bbox 243 2719 300 2758; x_wconf 74' lang='lat'><strong>(&#39;20)</strong></span> <span class='ocrx_word' id='word_1_711' title='bbox 326 2721 406 2758; x_wconf 70' lang='lat' dir='ltr'><strong>llanc</strong></span> <span class='ocrx_word' id='word_1_712' title='bbox 431 2721 583 2758; x_wconf 30' lang='lat' dir='ltr'><strong>regulam“</strong></span> <span class='ocrx_word' id='word_1_713' title='bbox 598 2721 736 2758; x_wconf 69' lang='lat' dir='ltr'><strong>criticum</strong></span> <span class='ocrx_word' id='word_1_714' title='bbox 767 2721 1029 2758; x_wconf 79' lang='lat' dir='ltr'><strong>intelligendarum</strong></span> 
     </span>
    </p>
   </div>
   <div class='ocr_carea' id='block_1_104' title="bbox 205 2754 1029 2794">
    <p class='ocr_par' dir='ltr' id='par_1_104' title="bbox 205 2754 1029 2794">
     <span class='ocr_line' id='line_1_104' title="bbox 205 2754 1029 2794; baseline 0.005 -10"><span class='ocrx_word' id='word_1_715' title='bbox 205 2754 493 2792; x_wconf 79' lang='lat' dir='ltr'><strong>parabolarumjam</strong></span> <span class='ocrx_word' id='word_1_716' title='bbox 509 2756 673 2786; x_wconf 78' lang='lat' dir='ltr'><strong>tradiderat</strong></span> <span class='ocrx_word' id='word_1_717' title='bbox 684 2757 713 2784; x_wconf 89' lang='lat' dir='ltr'><strong>S.</strong></span> <span class='ocrx_word' id='word_1_718' title='bbox 731 2754 916 2794; x_wconf 50' lang='lat' dir='ltr'><strong>Cyrillusvin</strong></span> <span class='ocrx_word' id='word_1_719' title='bbox 944 2758 1029 2788; x_wconf 86' lang='lat' dir='ltr'><strong>Com-</strong></span> 
     </span>
    </p>
   </div>
   <div class='ocr_carea' id='block_1_105' title="bbox 1091 2163 1891 2203">
    <p class='ocr_par' dir='ltr' id='par_1_105' title="bbox 1091 2163 1891 2203">
     <span class='ocr_line' id='line_1_105' title="bbox 1091 2163 1891 2203; baseline 0.004 -14"><span class='ocrx_word' id='word_1_720' title='bbox 1091 2165 1135 2199; x_wconf 70' lang='grc' dir='ltr'>μὲν</span> <span class='ocrx_word' id='word_1_721' title='bbox 1161 2164 1215 2189; x_wconf 78' lang='grc' dir='ltr'>ἐστι</span> <span class='ocrx_word' id='word_1_722' title='bbox 1240 2165 1305 2194; x_wconf 72' lang='grc' dir='ltr'><strong>Θεὸς</strong></span> <span class='ocrx_word' id='word_1_723' title='bbox 1332 2163 1359 2189; x_wconf 81' lang='grc' dir='ltr'><em>ἐκ</em></span> <span class='ocrx_word' id='word_1_724' title='bbox 1390 2168 1439 2190; x_wconf 81' lang='grc' dir='ltr'>τῶν</span> <span class='ocrx_word' id='word_1_725' title='bbox 1471 2164 1614 2200; x_wconf 75' lang='grc' dir='ltr'>ἀγγελικών</span> <span class='ocrx_word' id='word_1_726' title='bbox 1641 2166 1725 2201; x_wconf 71' lang='grc' dir='ltr'>ὕμνων</span> <span class='ocrx_word' id='word_1_727' title='bbox 1758 2169 1891 2203; x_wconf 77' lang='grc' dir='ltr'>γνώριμον</span> 
     </span>
    </p>
   </div>
   <div class='ocr_carea' id='block_1_106' title="bbox 1090 2206 1895 2247">
    <p class='ocr_par' dir='ltr' id='par_1_106' title="bbox 1090 2206 1895 2247">
     <span class='ocr_line' id='line_1_106' title="bbox 1090 2206 1895 2247; baseline 0.005 -14"><span class='ocrx_word' id='word_1_728' title='bbox 1090 2210 1205 2243; x_wconf 68' lang='grc' dir='ltr'>γίνηται,</span> <span class='ocrx_word' id='word_1_729' title='bbox 1222 2210 1262 2234; x_wconf 81' lang='grc' dir='ltr'>ὅτι</span> <span class='ocrx_word' id='word_1_730' title='bbox 1283 2206 1312 2234; x_wconf 69' lang='grc' dir='ltr'>δὲ</span> <span class='ocrx_word' id='word_1_731' title='bbox 1340 2208 1472 2244; x_wconf 72' lang='grc' dir='ltr'>ἅνθρωπος</span> <span class='ocrx_word' id='word_1_732' title='bbox 1494 2208 1521 2234; x_wconf 76' lang='grc' dir='ltr'><em>ἐκ</em></span> <span class='ocrx_word' id='word_1_733' title='bbox 1545 2213 1594 2235; x_wconf 82' lang='grc' dir='ltr'>τῶν</span> <span class='ocrx_word' id='word_1_734' title='bbox 1620 2210 1681 2247; x_wconf 82' lang='grc' dir='ltr'>παρ’</span> <span class='ocrx_word' id='word_1_735' title='bbox 1708 2211 1793 2246; x_wconf 77' lang='grc' dir='ltr'>ἡμῶν·</span> <span class='ocrx_word' id='word_1_736' title='bbox 1821 2211 1834 2236; x_wconf 81' lang='grc' dir='ltr'><strong><em>ὁ</em></strong></span> <span class='ocrx_word' id='word_1_737' title='bbox 1864 2209 1895 2237; x_wconf 70' lang='grc' dir='ltr'>δὲ</span> 
     </span>
    </p>
   </div>
   <div class='ocr_carea' id='block_1_107' title="bbox 1092 2252 1894 2291">
    <p class='ocr_par' dir='ltr' id='par_1_107' title="bbox 1092 2252 1894 2291">
     <span class='ocr_line' id='line_1_107' title="bbox 1092 2252 1894 2291; baseline 0.004 -13"><span class='ocrx_word' id='word_1_738' title='bbox 1092 2253 1241 2289; x_wconf 79' lang='grc' dir='ltr'>θνμιατόςὸ</span> <span class='ocrx_word' id='word_1_739' title='bbox 1257 2252 1280 2278; x_wconf 83' lang='grc' dir='ltr'>ἐν</span> <span class='ocrx_word' id='word_1_740' title='bbox 1305 2257 1340 2288; x_wconf 76' lang='grc' dir='ltr'>τῷ</span> <span class='ocrx_word' id='word_1_741' title='bbox 1356 2258 1438 2289; x_wconf 77' lang='grc' dir='ltr'>καιρῶ</span> <span class='ocrx_word' id='word_1_742' title='bbox 1469 2257 1513 2279; x_wconf 68' lang='grc' dir='ltr'>τοῦ</span> <span class='ocrx_word' id='word_1_743' title='bbox 1541 2253 1694 2283; x_wconf 62' lang='grc' dir='ltr'>’.ιὶλληλοὺῑα</span> <span class='ocrx_word' id='word_1_744' title='bbox 1718 2255 1784 2290; x_wconf 78' lang='grc' dir='ltr'>μετὰ</span> <span class='ocrx_word' id='word_1_745' title='bbox 1801 2256 1894 2291; x_wconf 77' lang='grc' dir='ltr'>θυμιά-</span> 
     </span>
    </p>
   </div>
   <div class='ocr_carea' id='block_1_108' title="bbox 1090 2298 1892 2335">
    <p class='ocr_par' dir='ltr' id='par_1_108' title="bbox 1090 2298 1892 2335">
     <span class='ocr_line' id='line_1_108' title="bbox 1090 2298 1892 2335; baseline 0.004 -13"><span class='ocrx_word' id='word_1_746' title='bbox 1090 2307 1172 2334; x_wconf 83' lang='grc' dir='ltr'>ματος</span> <span class='ocrx_word' id='word_1_747' title='bbox 1200 2298 1345 2333; x_wconf 73' lang='grc' dir='ltr'>κινοὺμενος</span> <span class='ocrx_word' id='word_1_748' title='bbox 1373 2299 1416 2326; x_wconf 75' lang='grc' dir='ltr'>τήν</span> <span class='ocrx_word' id='word_1_749' title='bbox 1445 2298 1527 2334; x_wconf 76' lang='grc' dir='ltr'>χάριν</span> <span class='ocrx_word' id='word_1_750' title='bbox 1554 2302 1599 2324; x_wconf 73' lang='grc' dir='ltr'>τοῦ</span> <span class='ocrx_word' id='word_1_751' title='bbox 1635 2298 1709 2334; x_wconf 75' lang='grc' dir='ltr'>ἁγίου</span> <span class='ocrx_word' id='word_1_752' title='bbox 1743 2300 1892 2335; x_wconf 71' lang='grc' dir='ltr'>ιινξὺματος</span> 
     </span>
    </p>
   </div>
   <div class='ocr_carea' id='block_1_109' title="bbox 1091 2340 1891 2378">
    <p class='ocr_par' dir='ltr' id='par_1_109' title="bbox 1091 2340 1891 2378">
     <span class='ocr_line' id='line_1_109' title="bbox 1091 2340 1891 2378; baseline 0.004 -11"><span class='ocrx_word' id='word_1_753' title='bbox 1091 2340 1176 2375; x_wconf 71' lang='grc' dir='ltr'>δηλοῖ,</span> <span class='ocrx_word' id='word_1_754' title='bbox 1203 2344 1249 2371; x_wconf 81' lang='grc' dir='ltr'>τὴν</span> <span class='ocrx_word' id='word_1_755' title='bbox 1279 2340 1420 2378; x_wconf 78' lang='grc' dir='ltr'>δεδομένην</span> <span class='ocrx_word' id='word_1_756' title='bbox 1449 2346 1503 2373; x_wconf 81' lang='grc' dir='ltr'>τοῖς</span> <span class='ocrx_word' id='word_1_757' title='bbox 1532 2344 1673 2378; x_wconf 75' lang='grc' dir='ltr'>μαθηταῖς,</span> <span class='ocrx_word' id='word_1_758' title='bbox 1708 2344 1750 2369; x_wconf 82' lang='grc' dir='ltr'><strong>ὅτε</strong></span> <span class='ocrx_word' id='word_1_759' title='bbox 1783 2345 1891 2375; x_wconf 76' lang='grc' dir='ltr'>τούτους</span> 
     </span>
    </p>
   </div>
   <div class='ocr_carea' id='block_1_110' title="bbox 1090 2385 1892 2420">
    <p class='ocr_par' dir='ltr' id='par_1_110' title="bbox 1090 2385 1892 2420">
     <span class='ocr_line' id='line_1_110' title="bbox 1090 2385 1892 2420; baseline 0.004 -8"><span class='ocrx_word' id='word_1_760' title='bbox 1090 2385 1233 2420; x_wconf 75' lang='grc' dir='ltr'>ἀπέστειλε,</span> <span class='ocrx_word' id='word_1_761' title='bbox 1264 2390 1309 2412; x_wconf 71' lang='grc' dir='ltr'>τοῦ</span> <span class='ocrx_word' id='word_1_762' title='bbox 1337 2387 1464 2413; x_wconf 80' lang='grc' dir='ltr'>ἰάσασθαι</span> <span class='ocrx_word' id='word_1_763' title='bbox 1499 2390 1586 2413; x_wconf 76' lang='grc' dir='ltr'>πᾶσαν</span> <span class='ocrx_word' id='word_1_764' title='bbox 1614 2390 1690 2414; x_wconf 80' lang='grc' dir='ltr'>νόσον</span> <span class='ocrx_word' id='word_1_765' title='bbox 1718 2390 1763 2414; x_wconf 76' lang='grc' dir='ltr'><strong>καὶ</strong></span> <span class='ocrx_word' id='word_1_766' title='bbox 1805 2392 1892 2415; x_wconf 69' lang='grc' dir='ltr'>πᾶσαν</span> 
     </span>
    </p>
   </div>
   <div class='ocr_carea' id='block_1_111' title="bbox 1089 2430 1891 2468">
    <p class='ocr_par' dir='ltr' id='par_1_111' title="bbox 1089 2430 1891 2468">
     <span class='ocr_line' id='line_1_111' title="bbox 1089 2430 1891 2468; baseline 0.004 -12"><span class='ocrx_word' id='word_1_767' title='bbox 1089 2431 1218 2467; x_wconf 79' lang='grc' dir='ltr'>μαλακίαν</span> <span class='ocrx_word' id='word_1_768' title='bbox 1243 2431 1268 2457; x_wconf 82' lang='grc' dir='ltr'>ἐν</span> <span class='ocrx_word' id='word_1_769' title='bbox 1291 2436 1327 2466; x_wconf 70' lang='grc' dir='ltr'>τῷ</span> <span class='ocrx_word' id='word_1_770' title='bbox 1354 2431 1474 2468; x_wconf 70' lang='grc' dir='ltr'>Ἰσραήλ·</span> <span class='ocrx_word' id='word_1_771' title='bbox 1495 2433 1521 2457; x_wconf 84' lang='grc' dir='ltr'>αἱ</span> <span class='ocrx_word' id='word_1_772' title='bbox 1547 2430 1576 2458; x_wconf 75' lang='grc' dir='ltr'>δὲ</span> <span class='ocrx_word' id='word_1_773' title='bbox 1591 2434 1654 2468; x_wconf 75' lang='grc' dir='ltr'>μετὰ</span> <span class='ocrx_word' id='word_1_774' title='bbox 1680 2435 1727 2462; x_wconf 75' lang='grc' dir='ltr'>τὴν</span> <span class='ocrx_word' id='word_1_775' title='bbox 1750 2437 1801 2458; x_wconf 80' lang='grc' dir='ltr'>τῶν</span> <span class='ocrx_word' id='word_1_776' title='bbox 1819 2434 1891 2460; x_wconf 68' lang='lat' dir='ltr'><strong>Gaiana</strong></span> 
     </span>
    </p>
   </div>
   <div class='ocr_carea' id='block_1_112' title="bbox 1090 2475 1891 2515">
    <p class='ocr_par' dir='ltr' id='par_1_112' title="bbox 1090 2475 1891 2515">
     <span class='ocr_line' id='line_1_112' title="bbox 1090 2475 1891 2515; baseline 0.005 -15"><span class='ocrx_word' id='word_1_777' title='bbox 1090 2475 1249 2511; x_wconf 66' lang='grc' dir='ltr'>Εὗαγγελίων</span> <span class='ocrx_word' id='word_1_778' title='bbox 1279 2475 1423 2511; x_wconf 78' lang='grc' dir='ltr'>ἀνάγνωσιν</span> <span class='ocrx_word' id='word_1_779' title='bbox 1456 2476 1536 2511; x_wconf 64' lang='grc' dir='ltr'>εὐχαί</span> <span class='ocrx_word' id='word_1_780' title='bbox 1563 2486 1590 2503; x_wconf 79' lang='grc' dir='ltr'>τε</span> <span class='ocrx_word' id='word_1_781' title='bbox 1618 2479 1661 2503; x_wconf 83' lang='lat' dir='ltr'><strong>xui</strong></span> <span class='ocrx_word' id='word_1_782' title='bbox 1685 2477 1803 2508; x_wconf 72' lang='grc' dir='ltr'>αἰτήσεις</span> <span class='ocrx_word' id='word_1_783' title='bbox 1825 2478 1891 2515; x_wconf 74' lang='grc' dir='ltr'>ἆχρι</span> 
     </span>
    </p>
   </div>
   <div class='ocr_carea' id='block_1_113' title="bbox 1089 2520 1889 2559">
    <p class='ocr_par' dir='ltr' id='par_1_113' title="bbox 1089 2520 1889 2559">
     <span class='ocr_line' id='line_1_113' title="bbox 1089 2520 1889 2559; baseline 0.004 -14"><span class='ocrx_word' id='word_1_784' title='bbox 1089 2524 1134 2546; x_wconf 67' lang='grc' dir='ltr'>τοῦ</span> <span class='ocrx_word' id='word_1_785' title='bbox 1150 2520 1308 2557; x_wconf 64' lang='grc' dir='ltr'>χερονϐικοῦ</span> <span class='ocrx_word' id='word_1_786' title='bbox 1330 2521 1411 2556; x_wconf 68' lang='grc' dir='ltr'>ὕμνου</span> <span class='ocrx_word' id='word_1_787' title='bbox 1440 2522 1486 2550; x_wconf 75' lang='grc' dir='ltr'>τὴν</span> <span class='ocrx_word' id='word_1_788' title='bbox 1511 2520 1552 2547; x_wconf 84' lang='grc' dir='ltr'><strong>ἐπὶ</strong></span> <span class='ocrx_word' id='word_1_789' title='bbox 1577 2524 1649 2559; x_wconf 89' lang='grc' dir='ltr'>τρισὶ</span> <span class='ocrx_word' id='word_1_790' title='bbox 1678 2524 1787 2558; x_wconf 75' lang='grc' dir='ltr'>χρόνοις</span> <span class='ocrx_word' id='word_1_791' title='bbox 1812 2520 1889 2549; x_wconf 81' lang='grc' dir='ltr'>διδα-</span> 
     </span>
    </p>
   </div>
   <div class='ocr_carea' id='block_1_114' title="bbox 1090 2564 1886 2603">
    <p class='ocr_par' dir='ltr' id='par_1_114' title="bbox 1090 2564 1886 2603">
     <span class='ocr_line' id='line_1_114' title="bbox 1090 2564 1886 2603; baseline 0.005 -14"><span class='ocrx_word' id='word_1_792' title='bbox 1090 2564 1194 2590; x_wconf 76' lang='grc' dir='ltr'>σκολίαν</span> <span class='ocrx_word' id='word_1_793' title='bbox 1210 2565 1400 2601; x_wconf 66' lang='grc' dir='ltr'>υπεμφαίνουσι</span> <span class='ocrx_word' id='word_1_794' title='bbox 1424 2568 1469 2591; x_wconf 78' lang='grc' dir='ltr'>τοῦ</span> <span class='ocrx_word' id='word_1_795' title='bbox 1493 2569 1611 2602; x_wconf 72' lang='grc' dir='ltr'>Χριστοῦ</span> <span class='ocrx_word' id='word_1_796' title='bbox 1634 2569 1679 2593; x_wconf 72' lang='grc' dir='ltr'>καὶ</span> <span class='ocrx_word' id='word_1_797' title='bbox 1709 2570 1776 2593; x_wconf 65' lang='grc' dir='ltr'>(θεον</span> <span class='ocrx_word' id='word_1_798' title='bbox 1807 2568 1886 2603; x_wconf 62' lang='grc' dir='ltr'>ἡμῶν,</span> 
     </span>
    </p>
   </div>
   <div class='ocr_carea' id='block_1_115' title="bbox 1084 2724 1885 2796">
    <p class='ocr_par' dir='ltr' id='par_1_115' title="bbox 1084 2724 1885 2796">
     <span class='ocr_line' id='line_1_115' title="bbox 1084 2724 1885 2796; baseline 0.005 -44"><span class='ocrx_word' id='word_1_799' title='bbox 1084 2724 1234 2796; x_wconf 48' lang='grc' dir='ltr'><strong>ἓιοὲιῧιιιὶο</strong></span> <span class='ocrx_word' id='word_1_800' title='bbox 1251 2724 1290 2754; x_wconf 84' lang='lat' dir='ltr'><strong>ad</strong></span> <span class='ocrx_word' id='word_1_801' title='bbox 1306 2726 1416 2754; x_wconf 89' lang='lat' dir='ltr'><strong>Lucam</strong></span> <span class='ocrx_word' id='word_1_802' title='bbox 1432 2733 1499 2762; x_wconf 86' lang='lat' dir='ltr'><strong>cap.</strong></span> <span class='ocrx_word' id='word_1_803' title='bbox 1529 2734 1586 2761; x_wconf 78' lang='lat' dir='ltr'><strong>xvi,</strong></span> <span class='ocrx_word' id='word_1_804' title='bbox 1622 2726 1705 2762; x_wconf 85' lang='lat' dir='ltr'><strong>apud</strong></span> <span class='ocrx_word' id='word_1_805' title='bbox 1731 2735 1788 2755; x_wconf 91' lang='lat' dir='ltr'><strong>nos</strong></span> <span class='ocrx_word' id='word_1_806' title='bbox 1814 2729 1833 2756; x_wconf 88' lang='lat' dir='ltr'><strong>t.</strong></span> <span class='ocrx_word' id='word_1_807' title='bbox 1863 2729 1885 2756; x_wconf 88' lang='lat' dir='ltr'><strong>ll</strong></span> 
     </span>
    </p>
   </div>
  </div>
