1948 3079
51 86 92 113 H5

651 81 894 111 COMMENTATIO
915 82 1108 112 LITURGlCA.

1666 89 1720 116 446

78 145 106 172 κ’.
124 147 315 181 Παρῖχγυᾶται
337 143 367 171 δὲ
385 146 450 182 πρὸς
469 145 572 175 τούτοις
595 145 608 170 ὀ
630 143 768 181 ἀρχιερεὺς
791 145 843 171 ἄνω

939 145 978 172 20.
1000 146 1138 174 Hortatur
1151 154 1222 174 mox
1237 147 1408 184 episcopus,
1425 154 1547 176 sursum
1566 149 1659 177 corda
1677 151 1720 177 to-

52 192 89 219 re;
108 187 222 227 καρδίας
238 190 320 224 ἔχειν,
337 199 382 215 και
403 189 460 215 ὃλον
483 190 527 215 τὸν
553 192 623 216 νοῦν.
641 189 673 215 Οἱ
693 198 784 215 πιστοι
804 186 843 222 δὲ,

50 236 134 260 τούτων
161 233 317 270 λεγομένων,
339 233 538 269 ἐπαγγέλλονται
564 243 718 270 προσφέρειν
744 238 845 270 πρῶτον

52 281 87 314 μὲν
113 279 188 312 ᾗεον,
213 277 273 304 εἶτα
302 278 405 314 εἰρήνην
429 278 464 309 ὠς
489 279 582 304 θυσίαν
606 277 738 308 αἰνέσεως,
768 277 846 314 Ὀμο-

51 324 143 358 λογοῦσι
165 321 195 348 δὲ
225 325 273 348 καὶ
300 324 347 354 τὰς
368 320 480 360 καρδίας
503 323 585 352 οὕτως
608 323 679 358 ἔχειν
702 324 765 358 πρὸς
795 323 846 348 Κύ-

53 378 106 404 ριον,
131 369 218 404 ὥσπερ
245 366 415 394 ἐντέλλονται.
442 366 500 393 Ἐπι
527 368 629 398 τούτοις
653 368 681 392 τὸ
708 367 774 392 Θεῑον
799 371 845 397 τῆς

53 410 178 448 ὀρθοδοξου
208 413 325 442 πίστεως
358 411 485 447 σύμϐολον
513 410 637 446 λέγεσθαι
665 408 845 445 διατέτακται,

54 457 79 482 ἶν’
98 456 122 481 ἐκ
142 457 237 481 τούτου
261 458 394 492 γνώριμον
418 457 456 484 εἴη
482 458 536 485 τοῖς
554 458 636 481 πᾶσιν
658 455 724 480 ὅτιο
745 453 777 484 εἷς
798 459 846 485 τῆς

52 498 150 538 Τριάδος
177 500 190 525 ὁ
218 502 364 535 μονογενής
390 501 445 530 Υἱὸς
471 510 515 525 και
547 501 630 534 Λόγος
656 503 702 525 τοῦ
728 498 844 536 ἀνάρχου

54 546 150 581 Πατρός,
173 544 250 574 οὗτος
279 542 328 570 διὰ
351 546 397 573 τήν
426 545 553 580 ἡμετέραν
581 545 712 579 σωτηρίαν
737 553 781 568 και
803 543 845 569 ἄν·

53 590 137 626 Θρωπος
161 591 265 624 γέγονε,
298 589 441 625 σαρκωθεὶς
471 587 495 613 ἐν
526 592 573 617 τῆν
600 587 678 622 ἁγίας
702 588 843 623 Παρθένου,

53 634 206 669 στανρωθεις,
229 642 278 658 και
306 643 402 668 ταφεις,
425 642 470 658 και
490 632 625 663 ἀναστάς·
651 632 681 658 οὗ
706 633 774 658 κατά
799 633 847 663 τὰς

54 679 112 708 ὑείας
137 677 240 707 ἐντολὰς
267 678 305 703 τὰ
330 677 468 713 τελούμενα
493 680 578 702 ταῦτα
604 678 778 713 πράττομενα,
806 676 847 702 ἵνα

54 725 81 757 μὴ
102 722 183 757 λόγοις
205 724 299 758 μόνον,
325 720 388 747 ἀλλά
411 731 456 747 και
480 722 566 758 ἔργοις
590 721 671 746 εὶσαει
692 724 740 751 τῆς
763 730 846 749 σωτη-

56 769 102 802 ρὶας
132 766 203 802 ἡμῶν
238 765 440 802 ἐνεργουμένης,
474 765 541 791 οὕτω
574 766 724 801 φαινώμεθα
755 765 847 794 ζῶντες

898 191 1021 225 tamque
1037 192 1166 218 mentem
1182 190 1302 218 habere.
1319 189 1430 219 Fideles
1445 195 1555 227 autem,
1566 193 1640 221 dum
1654 194 1719 223 haec

899 233 1049 267 dicuntur,
1065 235 1243 270 promittunt
1262 235 1401 264 exhibere
1413 237 1512 272 primo
1524 237 1646 272 quidem
1666 238 1719 265 mi-

899 279 1102 307 sericordiam.
1120 279 1228 307 deinde
1248 287 1365 316 pacem,
1387 288 1441 308 ceu
1457 281 1635 309 sacriﬁcium
1657 281 1720 309 lau-

899 322 954 350 dis.
977 324 1114 351 Fatentur
1132 324 1212 357 item,
1229 332 1261 352 se
1282 324 1322 353 ita
1336 322 1447 352 habere
1461 325 1554 353 corda
1575 333 1646 360 erga.
1667 327 1722 353 Dos

899 367 1026 399 minum.
1050 370 1082 395 ut
1105 368 1258 403 jubentur.
1284 370 1351 397 Post
1372 369 1436 396 haec
1461 369 1598 397 divinum
1620 370 1721 398 ortho-

899 412 985 439 doxae
1004 411 1072 440 ﬁdei
1089 413 1261 448 symbolum
1278 413 1335 441 dici
1350 413 1521 441 ordinatum
1536 416 1590 442 est.
1604 416 1636 442 ut
1651 414 1721 442 hinc

899 456 1041 483 omnibus
1054 455 1105 484 ﬁat
1123 456 1322 493 exploratum,
1339 457 1422 494 quod
1438 466 1515 485 unus
1532 458 1569 485 de
1583 457 1721 486 Trinitate

899 501 1069 536 unigenitus
1095 501 1182 529 Filius
1207 504 1236 529 et
1260 502 1389 529 Verbum
1416 502 1563 538 principio
1594 502 1722 530 carentis

899 545 1001 575 Patris.
1019 548 1139 580 propter
1158 548 1290 574 nostram
1309 546 1435 574 salutem
1454 546 1547 574 homo
1563 546 1599 574 sit
1613 547 1719 579 factus,

898 589 1071 617 incarnatus
1084 589 1120 617 de
1136 593 1239 617 sancta
1251 590 1380 624 Virgine,
1392 590 1564 624 crucifixus,
1575 591 1719 627 sepultus,

899 636 928 660 et
942 633 1135 661 resuscitatus
1149 643 1155 661 :
1173 634 1258 668 cujus
1272 634 1375 662 divino
1397 635 1542 663 mandato
1557 635 1621 663 haec
1636 644 1722 664 sacra

899 677 1026 705 facimus
1044 680 1074 704 ut
1086 677 1168 705 haud
1184 678 1281 705 verbis
1297 681 1422 712 tantum,
1435 687 1538 707 verum
1551 679 1639 707 etiam
1653 688 1722 716 ope-

900 721 982 749 ribus
996 721 1123 750 salutem
1140 725 1275 750 nostram
1290 723 1410 750 assidue
1426 727 1597 759 operantes,
1609 723 1650 752 sic
1661 732 1722 752 non

899 766 1000 793 vivere
1022 768 1137 793 tantum
1154 766 1206 794 sed
1228 775 1297 794 cum
1318 767 1424 795 virtute
1440 767 1537 795 vivere
1550 768 1720 796 videamur:

57 812 109 847 ομοῡ
136 820 179 836 και
210 810 428 846 πολιτευόμενοι·
462 820 508 835 και
536 811 569 835 τὰ
596 811 642 845 μὲν
668 810 738 837 πάθη
770 818 847 845 σαρκι

939 818 990 846 {ue
1002 810 1150 838 cruciatus
1164 811 1264 846 ipsum
1279 811 1401 848 quidem
1414 820 1502 839 carne
1517 820 1641 848 passum
1654 820 1722 840 con-

58 865 132 880 τοντον
159 855 387 891 ὑπομεμενηκέναι
416 853 589 890 ὁμολογῶμεν,
612 853 699 882 ἀπαθῆ
731 851 761 879 δὲ
791 854 849 879 τού-

58 909 93 924 του
115 899 293 935 φνλάττεσθαι
322 900 369 927 τήν
396 900 524 927 θεότητα·
549 898 604 934 άμα
628 895 658 923 δὲ
683 898 724 923 ἵνα
749 901 780 933 τῇ
809 896 850 923 ἐκ·

61 946 153 979 οωνήσει
178 941 258 969 τοῦδε
288 947 336 969 τοῦ
364 944 431 969 Θείου
461 942 592 978 συμϐόλου
621 952 665 967 και
691 943 716 967 οἱ
740 940 850 977 ἀγνῶτες

59 997 94 1012 χαι
119 986 234 1023 ἀμαθεῖς,
266 988 364 1013 τούτου
396 986 529 1016 ἀκούοντες
557 990 602 1012 τοῦ
631 984 770 1022 ἀδομένου,
803 984 850 1012 διὰ

61 1034 138 1061 παντὸς
160 1031 185 1057 ἐν
211 1034 314 1067 γνώσει
339 1033 423 1067 ἔχωσι
451 1033 482 1057 τὰ
505 1032 600 1068 ἕκφορα
630 1034 674 1057 τοῦ
701 1033 849 1066 μυστηρίου

61 1080 97 1106 τῆς
116 1079 225 1106 πίστεως
249 1085 299 1101 και
318 1080 373 1106 ταῖς
397 1080 447 1101 τῶν
466 1075 565 1102 πολλῶν
587 1074 679 1106 ἀκοαῖς
702 1075 749 1101 οὐκ
771 1074 850 1112 anap—

62 1121 127 1157 ρπτα.

88 1164 130 1191 κά.
148 1164 176 1190 Ἠ
197 1163 227 1190 δὲ
248 1168 303 1190 τῶν
325 1165 408 1200 θυρῶν
429 1164 535 1198 κλεῐσις,
551 1174 596 1189 και
616 1165 630 1193 ἡ
654 1163 738 1190 ἐπάνω
753 1164 850 1189 τούτων

63 1208 189 1239 ἐξείπλωσις
216 1212 264 1234 τοῦ
302 1209 546 1244 καταπετάσματος,
574 1209 606 1238 ὡς
635 1207 659 1233 ἐν
685 1211 739 1238 τοῖς
770 1217 849 1244 μονα-

65 1255 163 1290 στηρίοις
188 1253 315 1285 εἰώθασι,
339 1262 384 1278 και
407 1254 422 1281 ἡ
452 1256 498 1278 τοῦ
526 1252 662 1288 λεγομένου
695 1251 768 1289 ἀέρος
794 1251 850 1285 (‘27)

65 1302 103 1322 τῶν
127 1298 194 1324 θείων
220 1296 317 1334 δώρων
340 1297 506 1333 ἐπικάλυψις,
535 1297 570 1328 ὡς
595 1296 679 1333 οἶμαι,
705 1299 753 1325 τὴν
772 1297 852 1322 νύκτα

67 1341 147 1370 ἐκείνην
179 1340 267 1375 δηλοῖ,
306 1341 365 1367 καθ’
388 1341 418 1371 ἣν
448 1343 463 1370 ἡ
493 1345 538 1367 τοῦ
573 1343 689 1378 μαθητοῦ
720 1339 853 1378 προδοσία

68 1385 157 1421 προέϐη,
175 1396 218 1412 και
246 1387 261 1416 ἡ
293 1388 358 1424 πρὸς
381 1387 499 1422 Καϊάφαν
523 1385 662 1421 ἀπαγωγὴ,
681 1396 726 1411 και
747 1386 761 1414 ἡ
789 1387 852 1422 πρὸς

69 1429 144 1456 Ἄνναν
174 1432 360 1468 παράστασις,
395 1440 439 1456 και
472 1431 499 1456 αἱ
531 1428 777 1467 ψευδομαρτυρίαι,
810 1439 852 1455 ναι

69 1476 108 1509 μὴν
125 1485 165 1500 και
186 1476 210 1501 οἱ
233 1475 391 1511 ἐμπαιγμοι,
409 1485 451 1500 και
475 1476 499 1500 οἱ
518 1474 687 1510 κολαφισμοι,
707 1483 753 1499 και
773 1473 853 1500 τᾶλλα
872 1490 892 1518 C

71 1519 109 1544 ὅσα
128 1522 154 1545 τὸ
175 1523 323 1548 τηνικαῦτα
347 1519 510 1555 συμϐέϐηκ’
527 1518 574 1544 διὰ
595 1528 621 1544 τι
639 1519 690 1555 γὰρ
711 1520 740 1544 τὸ
757 1518 853 1554 κάλυμ-

71 1573 99 1597 μα
112 1568 179 1589 τοῦτο
203 1564 253 1600 ἀὴρ
279 1564 434 1600 ὠνομάσθη,
455 1564 470 1593 ἦ
497 1565 599 1593 πάντως
617 1561 664 1589 διὰ
683 1564 711 1588 τὸ
734 1564 777 1589 τὸν
800 1562 854 1588 ἐπι-

72 1608 239 1645 ιαλῦπτὸμεδον
261 1609 327 1646 παρ’
352 1609 432 1634 αὐτοῦ
463 1609 592 1634 σκοτεινὸν
622 1607 684 1644 ἀέρα
712 1612 756 1637 τῆς
780 1607 853 1644 εἰρη-

73 1653 133 1686 μένης
156 1655 246 1683 νυκτὸς
277 1653 469 1685 εἰκονίζεσοαι;
499 1652 557 1678 καθ’
585 1651 611 1677 ὃν
642 1662 686 1677 και
720 1655 813 1689 Πέτρος
841 1653 853 1677 ὁ

74 1699 139 1731 μέγας
163 1698 207 1729 ἔξω
234 1702 282 1727 τῆν
313 1699 391 1734 θύρας
421 1697 512 1730 ἑστὼς,
536 1696 660 1733 πρεσϐεία
687 1700 733 1722 τοῦ
760 1696 855 1732 ἐγνωσ-

74 1744 134 1777 rm
150 1747 184 1778 τῷ
210 1742 333 1780 ἀρχιερεῖ
360 1743 491 1779 μαθητόῡ,
512 1740 585 1768 ἔνδον
613 1741 708 1777 ἐγένετο
735 1746 782 1772 τῆς
810 1741 854 1767 αὖ·

74 1784 123 1815 λῆς·
139 1787 194 1812 ἔνθα
212 1797 257 1813 και
277 1787 293 1816 ἡ
316 1785 447 1815 παιδίσκη
471 1787 554 1822 τούτῳ
574 1785 723 1822 ἐντυχοῦσα
736 1794 742 1800 ·
764 1795 808 1811 και
831 1787 855 1812 οἱ

75 1831 124 1865 πρὸς
150 1835 178 1866 τῇ
215 1834 289 1869 πυρᾷ
325 1835 505 1867 παρεστῶτες,
538 1828 702 1865 διήλεγχον·
742 1840 787 1856 και
824 1831 856 1855 τά

75 1872 137 1900 λοιπά
161 1877 240 1911 τούτῳ
268 1875 483 1904 ἐπηκολούθησαν
509 1876 558 1901 ὅσα
583 1877 647 1911 πρὸς
670 1877 712 1900 τὸν
743 1876 856 1911 κρημνὸν

77 1921 112 1948 τῆς
135 1919 259 1956 ἀρνήσεως
279 1921 479 1955 κατηπείγοντο,
503 1917 550 1945 διὰ
578 1921 606 1944 τὸ
630 1923 724 1956 πτῶμα
751 1929 857 1954 συγχω-

77 1963 163 1996 ρπθέντι
186 1965 252 1990 οὕτω
278 1965 400 1999 γενέσθαι
424 1968 470 1994 τῆς
496 1963 628 1999 ἐπάρσεως
649 1963 663 1992 ἡ
689 1965 855 1999 καυχήσεως.

78 2007 212 2043 Αἱρονμένον
247 2007 276 2034 δὲ
306 2011 351 2034 τοῦ
378 2007 449 2044 ἀέρος
476 2017 521 2033 και
550 2012 596 2033 τοῦ
626 2008 858 2042 καταπετάσματος

79 2051 268 2087 συστελλομένου,
297 2056 347 2077 τῶν
375 2053 457 2088 θυρῶν
479 2061 504 2077 τε
533 2051 714 2087 ἀνοιγομένων,
736 2053 750 2080 ἡ
773 2053 859 2088 πρωία

79 2091 241 2128 διατυποΰται,
258 2097 318 2122 καθ’
339 2096 365 2121 ὃν
386 2095 523 2131 ἀπήγαγον
543 2096 621 2121 αὑτὸν
641 2106 685 2121 και
704 2094 858 2132 παρέδωκαν

80 2140 160 2174 Ποντίῳ
183 2140 284 2177 Πιλάτῳ
308 2144 344 2175 τῷ
367 2142 494 2176 ἡγεμονιθ
517 2139 540 2166 ἐν
564 2142 647 2175 τούτῳ
667 2142 716 2176 γὰρ
737 2144 772 2176 τῷ
801 2150 858 2165 και·
876 2156 898 2183 D

80 2186 108 2217 ρῷ
134 2187 176 2214 τῆς
205 2189 254 2210 τῶν
290 2183 404 2222 θυρίδων
438 2183 542 2213 δηλαδὴ
577 2184 695 2214 κλείσεως
731 2194 776 2210 και
812 2189 858 2210 τοῦ

81 2231 290 2265 καταπετάσματος
317 2231 376 2259 τοὺς
404 2227 594 2259 ὑποδιακόνους
617 2228 706 2259 ἔξωθεν
734 2230 860 2255 ἵστασθαι

83 2268 101 2294 ἓν
115 2275 144 2306 τῷ
164 2273 249 2300 πλάτει
273 2277 319 2299 τοῦ
334 2274 402 2299 Θείου
426 2277 498 2304 ναοῦ,
525 2273 559 2303 ὠς
583 2273 607 2298 ἐν
630 2272 694 2308 αὐλῇ
721 2274 795 2308 τάχα
813 2277 859 2298 τοῦ

85 2320 161 2342 σεπτοῦ
184 2319 384 2355 Θυσιαστηρὶου,
401 2318 425 2343 οἱ
454 2318 518 2343 θεῖοι
542 2319 650 2353 Πατέρες
670 2315 858 2352 ὃιατετάχασι,

85 2360 110 2384 τὰ
130 2360 253 2388 σκάνδαλα
278 2362 305 2388 ἐκ
331 2363 411 2398 μέσον
440 2363 565 2398 αἴροντες,
590 2364 635 2387 καὶ
662 2363 719 2391 τοὺς
734 2359 859 2399 ’ἀναιδῶς

85 2412 119 2428 και
142 2404 339 2444 ἁνερνοριάστως
369 2403 421 2432 ὧδε
448 2405 553 2431 κάκεῖσε
586 2407 788 2442 περιτρέχοντας
819 2405 860 2431 ἐπι

87 2445 154 2484 βλίέῆ
178 2454 223 2476 τῶν
250 2451 431 2487 ἁφελεστέρων,
452 2450 494 2475 οἶά
516 2460 574 2475 τινα
596 2448 740 2478 παιδίσκην
764 2450 859 2476 ἀποσο-

87 2489 176 2523 tum;
207 2504 250 2521 χαι
282 2493 489 2526 ἀναστῇλοντας,
510 2494 535 2519 οἰ
572 2503 601 2528 γε
633 2496 679 2519 καὶ
698 2496 764 2528 τὸ,‹‹
782 2494 859 2520 Ὀσοι

89 2543 178 2570 πιστοι,
211 2550 224 2563 ι»
255 2539 420 2575 ἐπιφωνοῦντες
452 2540 511 2566 τοὺς
544 2542 713 2574 παρεστῶτας
752 2537 860 2574 ἀσφαλί-

89 2577 177 2614 ζονται,
207 2587 251 2608 τοῦ
285 2586 423 2618 πτώματος
461 2586 508 2608 τοῦ
541 2585 684 2618 κορυφαίου
725 2587 860 2618 μυστικῶς

90 2625 142 2649 κατὰ
172 2628 261 2656 ταύτην
292 2630 339 2656 τήν
371 2627 439 2661 ὥραν
472 2626 728 2663 ἀναμιμνήσκοντες,
764 2627 796 2657 ὡς
829 2626 858 2652 ἂν

901 854 1047 886 ﬁteamur,
1066 854 1119 882 sed
1135 855 1269 890 ejusdem
1285 855 1500 891 impassibilem
1521 856 1667 884 mansisse
1681 856 1722 884 di-

901 899 1071 934 vinitatem;
1090 899 1239 935 simulque
1266 901 1296 926 ut
1315 900 1388 927 dum
1403 901 1467 927 haec
1482 900 1574 928 divini
1594 900 1723 936 symboli

902 943 980 970 elata
994 951 1067 970 voce
1082 943 1214 971 recitatio
1229 943 1271 975 ﬁt,
1288 943 1389 972 idiotae
1404 944 1560 981 ignarique
1574 945 1722 980 homines,

903 988 1051 1015 canticum
1071 987 1128 1015 hoc
1142 987 1307 1020 audientes,
1321 991 1420 1016 mente
1436 989 1601 1025 percipiant
1615 985 1724 1024 mysteé

902 1031 937 1059 rii
958 1031 1103 1067 notitiam,
1120 1040 1188 1068 qua:
1207 1031 1270 1067 jam
1289 1031 1450 1060 multorum
1477 1032 1600 1060 auribus
1627 1032 1723 1060 divul-

903 1078 1001 1111 gatur.

939 1167 983 1192 2L
1004 1166 1157 1193 Portarum
1172 1173 1244 1193 vero
1265 1165 1415 1200 clausura,
1434 1173 1490 1194 nec
1514 1173 1574 1194 non
1595 1165 1653 1193 veli
1677 1165 1725 1193 his

904 1208 1196 1244 superimpendentis
1211 1210 1336 1245 apertio,
1353 1212 1386 1237 ut
1404 1210 1433 1237 in
1449 1209 1640 1238 monasteriis
1663 1209 1728 1237 ﬁeri

905 1252 988 1284 solet,
1001 1255 1065 1280 tum
1081 1255 1109 1280 et
1122 1252 1195 1280 illud
1208 1253 1378 1281 divinorum
1396 1253 1545 1281 donorum
1561 1254 1728 1289 operimen—

904 1297 1071 1333 tum,quod
1081 1297 1171 1332 vulgo
1187 1297 1294 1325 dicitur
1306 1305 1366 1330 aer,
1380 1297 1472 1332 illam,
1481 1300 1513 1325 ut
1525 1305 1600 1331 reor,
1609 1300 1728 1326 noctem

905 1341 936 1368 in
955 1349 1016 1377 qua
1037 1340 1176 1377 discipuli
1199 1342 1326 1377 proditio
1350 1342 1456 1376 evenit,
1472 1342 1625 1376 denotant,
1642 1344 1670 1369 et
1689 1341 1729 1369 ad

907 1385 1052 1421 Caipham
1067 1385 1289 1420 deductionem,
1305 1389 1333 1414 et
1347 1394 1448 1414 coram
1463 1389 1549 1414 Anna
1569 1389 1729 1422 praesenta-

907 1429 1028 1463 tionem,
1046 1433 1074 1457 et
1093 1430 1168 1457 falsa
1182 1430 1361 1462 testimonia,
1379 1433 1407 1458 et
1427 1431 1593 1465 illusiones,
1608 1433 1636 1458 et
1650 1430 1729 1458 cola-

906 1473 995 1510 phos,
1009 1476 1036 1500 et
1049 1482 1237 1510 quaecunque
1257 1474 1432 1509 hujusmodi
1447 1477 1518 1502 tunc
1532 1475 1728 1509 contigerunt.

908 1519 965 1546 Cur
979 1517 1059 1546 enim
1074 1519 1294 1554 operimentum
1313 1519 1371 1546 hoc
1394 1519 1572 1555 appellatur,
1590 1527 1651 1549 aer,
1672 1519 1729 1545 nisi

907 1563 979 1598 quia
990 1562 1153 1598 adopertus
1164 1563 1296 1590 tenebris
1307 1570 1358 1590 aer
1367 1563 1463 1590 noctis
1475 1562 1551 1590 illius
1560 1562 1599 1589 ab
1610 1570 1645 1589 eo
1655 1562 1730 1596 ﬁgu-

907 1610 990 1635 ratur
1000 1607 1014 1634 ‘?
1029 1615 1091 1643 qua
1105 1610 1133 1634 et
1148 1615 1278 1642 magnus
1293 1609 1403 1640 Petrus,
1420 1615 1489 1634 cum
1508 1609 1591 1634 extra
1603 1607 1729 1642 januam

909 1654 1008 1683 staret,
1028 1653 1136 1685 rogatu
1162 1651 1311 1687 discipuli,
1328 1650 1379 1687 qui
1404 1653 1466 1678 erat
1481 1650 1613 1687 pontiﬁci
1628 1653 1730 1682 notus,

908 1695 1098 1723 intromissus
1117 1696 1148 1723 in
1170 1696 1278 1723 atrium
1294 1696 1369 1724 fuit:
1387 1696 1438 1723 ubi
1457 1699 1486 1723 et
1511 1695 1619 1723 ancilla
1637 1694 1663 1722 ei
1678 1702 1730 1721 oc-

910 1748 1042 1773 currens,
1064 1743 1090 1767 et
1115 1740 1166 1776 qui
1187 1739 1332 1767 sedebant
1352 1740 1391 1768 ad
1411 1747 1533 1776 prunas,
1561 1747 1631 1767 eum
1650 1746 1731 1766 coar-

910 1787 1056 1819 guerunt;
1073 1787 1101 1812 et
1119 1784 1178 1812 alia.
1203 1784 1229 1812 ei
1242 1787 1416 1818 evenerunt,
1428 1793 1497 1820 quae
1511 1783 1549 1812 ad
1563 1783 1731 1819 negationis

910 1829 1106 1865 prmeipitium
1120 1828 1320 1865 impulerunt;
1338 1828 1411 1856 dum
1429 1829 1483 1856 hos
1498 1828 1585 1864 lapsu
1596 1835 1733 1856 corruere

910 1873 1074 1909 permissus
1094 1876 1140 1900 est
1160 1873 1295 1900 elationis
1314 1880 1374 1900 sum
1389 1880 1482 1900 causa
1496 1875 1524 1900 et
1539 1871 1733 1906 gloriationis.

911 1918 1017 1946 Ablato
1046 1920 1145 1946 autem
1173 1926 1251 1949 aere.
1274 1920 1303 1945 et
1329 1920 1455 1945 retracto
1483 1918 1558 1952 velo,
1581 1917 1734 1954 portisque

911 1962 1092 1998 patentibus.
1113 1970 1202 1989 mane
1227 1961 1300 1989 illud
1323 1962 1479 1996 ﬁguratur.
1499 1969 1560 1997 quo
1586 1961 1734 1989 Christum

913 2007 1078 2034 abductum
1098 2006 1200 2034 Pontio
1214 2006 1305 2034 Pilato
1320 2006 1440 2043 praetori
1460 2006 1658 2034 tradiderunt.
1675 2006 1734 2033 Hoc

913 2051 992 2078 enim
1004 2054 1147 2086 tempore,
1164 2058 1271 2086 nempe
1287 2050 1361 2078 dum
1381 2053 1473 2086 portu:
1490 2049 1598 2077 clausae
1615 2051 1693 2081 sunt,
1707 2051 1736 2076 et

912 2095 1012 2123 velum
1034 2097 1227 2130 przetensum,
1245 2095 1448 2122 subdiaconos
1474 2094 1544 2122 foris
1565 2101 1685 2121 manere
1704 2093 1735 2120 in

914 2139 1092 2167 venerabilis
1118 2138 1219 2174 templi
1244 2139 1359 2175 spatiis,
1375 2139 1461 2175 quasi
1483 2139 1513 2166 in
1537 2138 1612 2165 sacri
1636 2137 1737 2165 altaris

914 2184 1000 2215 atrio,
1014 2183 1107 2211 sancti
1127 2185 1226 2210 Patres
1241 2183 1434 2215 mandarunt,
1447 2182 1591 2210 scandala
1605 2190 1621 2209 e
1636 2181 1736 2209 medio

914 2228 1127 2263 subducentes,
1144 2231 1172 2255 et
1187 2236 1238 2255 eos
1251 2227 1303 2263 qui
1318 2227 1518 2255 inverecunde
1537 2227 1739 2263 impudenter-

914 2281 973 2309 quc
983 2272 1041 2300 huc
1050 2272 1119 2300 illuc
1129 2272 1301 2299 discurrunt
1310 2280 1376 2299 cum
1388 2271 1603 2307 simpliciorum
1614 2271 1737 2303 damno,

915 2317 1028 2345 ancillae
1044 2309 1203 2352 cujusdam
1227 2316 1322 2344 instar
1337 2316 1490 2351 abigentes
1506 2318 1534 2343 et
1548 2315 1734 2343 cohibentes.

914 2363 986 2389 Item
1011 2360 1051 2388 illi
1071 2361 1122 2396 qui
1142 2355 1192 2388 illa
1207 2360 1298 2388 verba
1321 2360 1508 2388 inclamant:
1529 2371 1542 2385 ι(
1563 2360 1739 2395 Quicunque

914 2405 1026 2437 ﬁdeles,
1036 2416 1049 2430 »
1059 2408 1222 2441 prresentes
1234 2413 1340 2432 omnes
1351 2413 1369 2432 a
1381 2404 1470 2441 lapsu
1484 2412 1588 2432 cavere
1600 2405 1739 2437 monent;

915 2450 988 2477 dum
1010 2449 1067 2476 illis
1084 2449 1278 2484 coryphaeum
1295 2449 1352 2476 hoc
1368 2450 1501 2484 tempore
1517 2450 1544 2475 in
1560 2448 1739 2475 memoriam

915 2497 1076 2526 revocant;
1097 2502 1134 2521 ne
1158 2494 1227 2530 quis
1246 2494 1366 2527 horum,
1388 2497 1469 2521 metu
1489 2496 1539 2520 aut
1554 2491 1623 2519 dolo
1644 2491 1739 2518 subri-

915 2539 1023 2575 piente,
1034 2538 1072 2565 ab
1088 2538 1123 2565 iis
1137 2539 1189 2574 qui
1205 2546 1324 2574 semper
1333 2539 1363 2565 in
1375 2537 1539 2573 puuitiouis
1552 2536 1655 2571 prunis
1670 2537 1740 2563 sunt

915 2582 1120 2615 daemonibus,
1139 2583 1244 2617 igneas
1269 2582 1462 2616 cogitationes
1489 2578 1689 2618 injicientibus
1708 2579 1740 2613 in

914 2628 1006 2655 corda
1036 2628 1228 2664 potisstmum
1258 2626 1364 2654 virtute
1389 2624 1609 2656 sublimiorum,
1639 2626 1738 2651 mente

119 2719 168 2756 (27)
182 2723 278 2753 Velum
291 2732 400 2761 nempe
413 2724 586 2766 persubtile,
602 2732 664 2777 quo
677 2733 725 2754 res
741 2733 834 2771 sacres
848 2725 880 2771 in
899 2725 985 2757 altari
1001 2725 1185 2767 operiuntur.
