1948 3079
206 106 258 133 447

842 99 1021 129 THEODORI
1038 98 1247 128 ANDIDENSIS

1829 101 1891 128 448

206 166 339 203 torpeat;
359 163 476 193 etiamsi
496 170 558 191 non
581 164 670 199 sputa
693 163 809 191 tantum
830 164 858 191 et
885 162 1013 198 colapho

1087 164 1122 198 μή
1149 171 1187 192 τις
1211 161 1317 195 τούτων,
1345 160 1413 196 φόϐῳ
1439 161 1454 190 ἣ
1480 159 1548 198 δόλῳ
1569 161 1686 196 κλαπεὶς,
1712 162 1762 189 ὑπὸ
1785 165 1837 188 τῶν
1865 162 1890 189 ἐν

205 212 331 248 reputet,
352 217 457 238 verum
484 208 573 236 etiam
602 207 782 242 sanguinem
806 210 834 236 et
858 207 1031 243 passionem

206 258 393 290 mortemque
410 253 460 281 Dei
472 253 634 281 memorari
653 253 775 281 audiat:
794 254 822 280 et
835 251 1031 280 nihilominus

206 300 293 336 quasi
315 299 365 327 Dei
387 297 621 334 impassibilitati
636 297 751 332 favens,
767 296 891 325 omnino
905 298 932 324 et
947 295 1031 324 indo-

204 344 328 372 lentiam
352 343 467 379 absque
487 342 549 370 ulla
567 342 707 370 molestia
728 342 902 378 insipienter
924 339 1031 375 largia-

205 390 268 416 tur:
285 390 374 424 atque
389 387 430 416 ita
440 387 471 415 in
484 387 692 416 btereticorum
707 385 965 423 phantasticorum
980 384 1033 412 ba-

205 433 341 463 rathrum
365 432 525 466 deferatur,
542 433 570 460 et
595 433 687 460 totam
704 431 809 459 Christi
829 429 1031 458 oeconomiam

204 479 235 507 in
248 485 361 507 arcana.
372 477 482 506 mentis
498 485 561 505 suae
577 475 698 505 ofﬁcina
712 475 849 504 videatur
864 482 985 510 negare.

1086 210 1116 242 τῇ
1145 208 1216 242 πυρᾷ
1243 209 1291 236 τῆς
1319 204 1449 236 κολάσεως
1483 205 1522 232 ἀεὶ
1556 206 1702 236 ἑστηκότων
1733 205 1889 242 δαιμόνων,

1085 253 1212 287 πυρίνους
1237 252 1297 280 τοὺς
1319 249 1460 286 λογισμοὺς
1486 250 1598 277 ἐνιέντων
1623 252 1658 282 εἰς
1682 253 1729 282 τὰς
1753 249 1890 288 καρδίας,

1085 295 1201 332 μάλιστα
1216 299 1265 321 τῶν
1287 295 1452 331 ὑψηλοτέρων
1469 297 1526 322 κατ’
1541 295 1644 334 ἀρετήν,
1661 296 1760 335 ὀκλάσνςς
1780 299 1824 322 τὸν
1845 296 1893 322 le-

1085 342 1180 376 γισμόν
1196 339 1226 365 οὗ
1241 341 1316 376 μόνον
1337 339 1502 376 ἔκπτνσμοὺς
1521 343 1564 367 καὶ
1585 341 1760 378 κολαφισμους
1785 340 1891 372 ἐννοῶν,

1086 383 1150 410 ἁ).λά
1169 386 1213 410 καὶ
1236 385 1302 421 αἷμα
1325 387 1370 410 καὶ
1389 386 1470 416 πάθος
1490 385 1589 414 ἁκούων
1611 389 1678 412 Θεοῦ
1693 389 1740 412 καὶ
1757 387 1870 412 θάνατον
1885 396 1892 402 υ

1085 428 1220 456 κάντεῦθεν
1250 431 1284 460 ὡς
1311 432 1454 466 συνήγορος
1486 428 1564 459 δῆθεν
1593 433 1666 464 Θεοῦ,
1696 432 1724 457 τὸ
1757 430 1894 461 παντελῶς

1087 472 1228 509 ἀνάλγητον
1253 473 1323 509 αὐτῷ
1347 476 1391 500 καὶ
1421 473 1550 503 ἀνώδυνον
1578 474 1689 505 ἀνοήτως
1715 477 1894 512 χαρίσηταισ

204 525 248 549 καὶ
268 522 348 552 οὕτως
363 522 396 552 εἰς
416 524 444 548 τὸ
465 524 646 548 Φανταστικῶν
661 522 850 556 κατενεχθῆναι
876 519 1021 557 βάραθρον,
1035 519 1080 544 καὶ
1101 518 1211 554 ἄρνησιν
1230 518 1378 554 οἰκονομίας
1396 522 1442 549 τῆς
1458 518 1518 550 ὅλης
1542 523 1659 557 Χριστοῦ
1675 519 1699 546 ἐν
1723 523 1760 556 τῷ
1779 524 1896 557 κρυπτῷ

204 571 250 597 τῆς
265 565 382 598 διανοίας
395 566 561 604 ἐργαστηρίῳ
578 566 665 603 ὀφθείη
682 567 843 602 ποιούμενος.

240 613 284 639 22.
301 611 417 639 Videsis
431 613 532 639 autem
546 611 700 647 quomodo
714 610 776 638 divi
791 611 891 637 Patres
904 617 953 637 res
966 616 1027 636 ma-

205 657 257 693 gni
274 657 350 685 Petri
372 657 431 685 hoc
445 657 512 685 loco
536 655 743 692 repraesentari
757 655 915 687 voluerint,
932 656 964 682 ut
986 661 1030 682 re-

205 704 310 739 putare
326 702 491 738 possimus,
502 701 585 738 quod
599 701 622 729 si
637 700 772 729 Ecclesiae
786 699 1028 731 fundamentum,

206 754 296 783 super
310 754 371 782 quo
385 747 453 783 ipsa
471 745 651 774 aediﬁcanda
673 754 743 773 mox
756 747 828 780 erat,
843 743 1031 772 Providentia.

206 791 247 819 sic
268 791 455 828 disponente,
473 799 560 819 sacro
585 791 759 827 episcopatu
783 789 914 826 spoliari,
932 792 959 817 et
980 789 1031 817 tali

205 838 350 872 tantoque
363 836 450 872 lapsu
463 843 604 872 proruere
620 835 818 871 periclitatum
833 836 887 869 est,
901 833 952 870 qui
967 833 1030 862 ﬁeri

205 881 322 917 poterit,
346 883 380 908 ut
403 880 541 908 hodierni
563 880 654 916 aliqui
680 887 800 908 sacrum
823 880 1030 915 episcopatum

203 925 328 952 minime
351 924 408 952 sibi
432 925 660 953 convenientem
686 924 795 960 adepti,
810 923 840 952 in
863 923 921 951 tale
944 923 1031 950 bara-

205 969 305 997 thrum
321 977 381 998 non
395 969 552 998 incidant?
571 968 710 997 Nonnulli
725 977 794 996 vero
807 969 891 997 aiunt
906 967 1030 996 subdia-

204 1021 297 1042 conos
310 1014 396 1050 quasi
411 1014 573 1051 imaginem
586 1016 701 1049 gestare
715 1013 819 1048 legalis
828 1013 928 1048 virgae,
937 1021 1029 1049 quam

205 1058 275 1087 olim
288 1067 382 1087 manu
404 1059 546 1087 tenebant
565 1059 583 1087 ii
600 1059 651 1095 qui
671 1059 785 1094 pascha
799 1057 872 1085 illud
894 1058 1031 1086 comede-

203 1103 294 1131 bant:
310 1103 383 1139 quia
396 1103 540 1131 nimirum
556 1103 734 1131 subdiaconi
749 1102 820 1130 foris
833 1102 1029 1130 consistentes

203 1147 333 1184 quietem
359 1155 377 1174 a
402 1147 541 1175 ﬁdelibus
569 1147 700 1182 exigunt,
728 1149 760 1174 ut
785 1146 1030 1174 commoditatem

203 1190 336 1218 habeant
347 1191 398 1226 qui
413 1191 492 1218 intus
508 1193 577 1218 sunt
587 1191 758 1219 sacerdotes
771 1190 873 1219 divina
887 1191 1030 1226 mysteria

201 1234 419 1270 imperturbata
435 1235 610 1269 peragendi.

238 1280 283 1306 23.
305 1278 382 1310 Quid
401 1280 501 1306 autem
521 1278 682 1306 dicendum
696 1278 733 1306 de
754 1278 938 1313 ventilabris,
960 1287 1028 1316 quae

205 1322 326 1350 diaconi
341 1322 458 1350 interim
476 1330 570 1350 manu
585 1326 695 1356 tenent,
709 1326 737 1351 et
751 1323 881 1352 celeriter
896 1332 1029 1353 commo-

204 1368 274 1394 vent
296 1374 388 1403 supra
404 1375 450 1394 res
473 1370 607 1402 sanctas,
623 1368 710 1404 quasi
731 1368 856 1402 attoniti,
873 1377 968 1405 usque
989 1369 1029 1397 ad

203 1411 458 1446 complementum
474 1415 612 1446 auguslte
635 1412 749 1448 precis:
767 1423 780 1437 κ
795 1413 870 1441 Mitte
887 1413 1027 1449 Spiritum

204 1458 342 1483 sanctum
357 1457 442 1483 tuum
455 1463 546 1492 super
558 1464 614 1484 nos
631 1459 659 1484 et
675 1465 764 1493 super
778 1458 933 1494 proposita
947 1457 1029 1486 dona

201 1500 287 1528 haec?
299 1511 312 1524 »
324 1500 453 1528 Audacis
467 1508 548 1529 sanae
563 1501 673 1536 linguae
687 1504 730 1530 est
740 1501 777 1529 de
791 1502 838 1529 his
852 1502 960 1536 dicere,
975 1502 1028 1530 sed

201 1544 274 1580 quia
295 1544 386 1572 semel
402 1545 546 1573 mandato
558 1546 691 1581 jubentis
704 1546 860 1582 cessimus,
875 1547 975 1582 agesis
990 1547 1027 1575 de

201 1588 248 1616 his
264 1596 386 1624 quoque
408 1589 580 1626 loquamur,
595 1593 684 1626 prout
701 1592 778 1618 Deus
800 1592 982 1619 concesserit
1000 1594 1028 1620 et

202 1632 351 1669 siquidem
363 1633 428 1662 aliis
438 1642 560 1671 quoque
572 1635 651 1663 dicta
661 1638 765 1663 nostra
775 1635 882 1664 fuerint
892 1639 1025 1672 accepta,

202 1679 261 1706 Deo
277 1678 335 1705 sint
355 1679 472 1712 gratiae;
490 1682 568 1708 certe
583 1680 667 1708 haud
687 1681 811 1708 omnino
828 1680 1028 1717 vituperanda

201 1722 263 1750 fore
279 1722 349 1756 scio,
364 1730 463 1759 neque
485 1726 568 1752 extra
582 1724 652 1752 fidei
673 1725 843 1753 Christianae
865 1725 1021 1760 dogmata.

202 1766 333 1795 Dicimus
346 1775 426 1802 ergo,
444 1768 557 1804 ubique
570 1770 598 1796 et
613 1776 733 1803 semper
747 1769 876 1797 astitisse
892 1769 1026 1798 ccelestes

201 1813 363 1848 potestates
383 1812 497 1840 Christo
519 1813 655 1847 Domino,
676 1813 726 1841 illa
745 1821 816 1841 vero
835 1814 1026 1850 potissimum

201 1858 288 1884 nocte
309 1865 370 1893 qua
391 1857 516 1885 traditus
537 1857 601 1886 fuit.
619 1859 693 1893 Ipsae
713 1858 802 1892 igitur
823 1858 956 1887 videntes
975 1859 1026 1887 ab—

200 1900 373 1929 ductionem
387 1900 426 1929 ad
440 1901 594 1938 Caipham,
607 1909 707 1930 coram
724 1905 809 1930 Anna
822 1904 1026 1939 praesentatio-

200 1951 279 1979 nem,
295 1944 372 1973 falsa
387 1945 566 1980 testimonia,
583 1946 674 1981 virgae
688 1946 909 1982 percussiones,
926 1950 1024 1984 sputa,

201 1988 356 2025 colaphos,
376 1989 427 2017 illa
447 1990 619 2018 Judaeorum
644 1991 789 2027 convicia,
811 1992 985 2020 coccineum
1009 2000 1026 2021 a

200 2033 343 2062 militibus
357 2033 531 2070 impositum
552 2034 773 2069 indumentum,
794 2036 931 2072 spineam
944 2045 1026 2065 coro<

199 2085 282 2112 nam,
303 2077 494 2106 adorationes
516 2086 586 2106 cum
611 2079 684 2113 risu,
705 2082 732 2107 et
755 2087 944 2116 quaecunque
968 2081 1027 2109 alia

199 2122 370 2150 divinorum
397 2123 625 2157 evangeliorum
651 2127 809 2153 enumerat
833 2125 976 2160 narratio,
999 2127 1027 2153 et

198 2169 347 2202 quotquot
359 2168 482 2213 propter
492 2167 715 2196 multitudinem
733 2169 858 2197 fortasse
872 2169 1024 2205 praeteriit;
1041 2186 1062 2213 Β

199 2210 238 2238 ad
253 2211 317 2238 haec
342 2210 461 2246 singula
477 2211 674 2248 ambigentes,
694 2216 722 2241 et
742 2214 892 2250 patientiae
908 2215 1025 2249 magni-

198 2253 302 2282 tudine
316 2254 576 2292 obstupescentes,
589 2257 679 2285 facies
695 2266 766 2286 suas
778 2258 920 2291 velantes,
933 2261 1026 2287 semet

198 2298 393 2328 avertebant:
424 2308 589 2338 rursusque
618 2302 737 2330 Domini
764 2303 810 2330 sui
837 2303 1024 2338 majestatem

197 2346 376 2379 reverentes,
388 2345 536 2374 redibant.
551 2346 643 2382 quue
657 2346 787 2382 agebant
802 2355 897 2384 usque
912 2348 951 2376 ad
965 2348 1024 2377 ela-

198 2388 308 2416 tionem
332 2388 363 2417 in
389 2397 520 2417 crucem.
546 2390 622 2418 Finis
647 2391 727 2419 enim
754 2392 888 2428 corporis
910 2393 1024 2421 crucia-

198 2435 294 2467 tuum,
311 2435 338 2461 et
358 2433 532 2469 ignominiaa
554 2443 591 2462 ex
616 2435 664 2463 his
682 2436 845 2470 manantis,
862 2445 935 2464 crux
947 2437 1022 2473 fuit;

197 2485 265 2514 quae
290 2485 397 2514 reapse
412 2477 507 2513 gloria
526 2479 644 2511 exstitit,
669 2487 731 2508 non
754 2480 934 2515 ignominia;
954 2481 1024 2510 hinc

198 2523 277 2550 enim
300 2522 510 2559 operationum
532 2531 567 2551 ac
590 2524 733 2552 virtutum
753 2525 871 2554 deitatis
885 2525 1022 2560 initium;

197 2566 266 2594 hinc
276 2566 324 2595 ille
338 2566 485 2602 generalis
497 2567 676 2596 universalis
687 2570 884 2603 terraainotus,
896 2572 925 2598 et
935 2570 1024 2598 trium

197 2609 340 2638 horarum
356 2611 487 2639 tenebrae
505 2611 536 2639 in
552 2611 695 2640 universa
708 2615 804 2647 terra;
820 2621 876 2642 nec
890 2621 952 2642 non
966 2613 1024 2642 veli

197 2662 232 2682 ac
252 2658 405 2690 petrarum
430 2656 545 2691 scissio,
559 2658 588 2684 et
611 2659 878 2686 monumentorum
899 2658 1023 2695 apertio,

196 2697 327 2734 denique
351 2702 541 2728 mortuorum
565 2701 754 2736 resurrectio,
778 2704 806 2730 et
834 2710 1024 2738 quaecunque

197 2741 235 2770 ad
252 2741 364 2771 inferos
379 2740 566 2774 descendens
583 2745 719 2775 Salvator
733 2746 810 2776 fecit.

1119 607 1172 644 κβ.
1198 610 1290 634 Σκόπει
1317 606 1346 634 δὲ
1367 612 1420 639 πῶς
1443 609 1468 634 οἱ
1490 610 1624 636 θεσπέσιοι
1650 612 1761 647 Πατέρες
1788 611 1822 636 τὰ
1842 614 1895 636 τοῦ

1084 652 1197 688 μεγάλου
1227 654 1326 688 Πέτρον
1351 651 1574 689 παραδεδώκασιν
1603 654 1713 681 ἐνταῦθα
1746 653 1896 681 εἰδοποιεῖ-

1085 697 1156 729 σθαι,
1186 696 1216 721 ἶν’
1245 698 1349 733 ἔχοιμεν
1380 697 1531 733 λογίζεσθαι
1557 699 1600 733 ὡς,
1632 700 1701 735 εἰπερ
1731 700 1743 724 ό
1773 699 1896 735 θεμεῖιος

1084 744 1131 771 τῆς
1152 741 1318 776 Ἐκκλησίας,
1345 741 1382 777 ἐφ’
1411 742 1437 768 ὃν
1464 743 1529 771 αὕτη
1555 741 1754 779 οἰκοδομεῖσθαι
1774 743 1892 780 ἔμελλεν,

1085 784 1253 821 οἰκονομικῶς
1274 789 1319 816 τῆς
1346 786 1413 816 θείας
1438 785 1583 817 ἐπισκοπῆς
1605 786 1749 824 ἀμοιρῆσαι
1772 792 1809 822 τῷ
1837 798 1893 817 τη-

1084 833 1194 857 νικαῦτα
1212 832 1256 856 καὶ
1282 835 1377 866 πτῶμα
1399 834 1515 858 τοιοῦτον
1534 833 1698 868 κατενεχθεὶς
1719 831 1893 859 ἀπόλλυσθαι

1085 872 1238 908 ἐκινδύνευε,
1264 879 1319 906 πῶς
1344 873 1454 902 δυνατόν
1479 886 1552 907 τινας
1580 880 1629 902 τῶν
1657 881 1700 902 νῦν
1727 879 1817 911 ὄντων,
1849 881 1889 913 μὴ

1084 924 1130 949 τῆς
1159 921 1345 956 προσηκούσης
1381 921 1450 950 θείας
1483 920 1629 952 ἐπισκοπῆς
1661 924 1706 948 καὶ
1738 921 1892 958 ἐπιμελείας

1084 965 1271 999 τυγχάνοντας,
1302 966 1367 1001 πρὸς
1397 968 1513 991 τοιοῦτον
1543 968 1579 1002 μὴ
1609 970 1763 993 καταπεσεῖν
1798 966 1892 1003 βάρει-

1086 1009 1164 1045 θρον;
1189 1010 1260 1039 Τινὲς
1282 1007 1311 1035 δὲ
1331 1009 1449 1045 λέγουσιν
1475 1011 1506 1040 ὡς
1529 1012 1609 1037 τύπον
1634 1013 1715 1047 φέρειν
1737 1012 1799 1042 τοὺς
1821 1011 1893 1037 ὑπο-

1085 1051 1221 1084 διακόνους
1245 1058 1289 1083 τῆς
1316 1059 1425 1090 νομικῆς
1449 1053 1550 1092 ῥάϐδον
1579 1059 1624 1085 τῆς
1652 1055 1891 1092 ἐγκεχειρισμένης

1084 1101 1139 1128 τοῖς
1157 1100 1186 1124 τὸ
1203 1100 1303 1134 Πάσχα
1318 1098 1397 1125 ἐκεῖνο
1420 1098 1539 1125 ἐσθίουσι
1553 1110 1558 1116 ·
1582 1097 1652 1126 διότι
1671 1104 1720 1126 τῶν
1740 1098 1893 1126 ὑποδιακό-

1084 1152 1131 1167 νων
1156 1143 1245 1174 ἔξωθεν
1268 1142 1442 1170 ἀπαιτούντων
1468 1145 1530 1176 τοὺς
1557 1145 1677 1177 πιστοὺς,
1698 1146 1745 1173 τήν
1769 1144 1814 1170 ὑπ’
1839 1145 1893 1170 αὐ-

1083 1191 1133 1212 τῶν
1153 1186 1292 1224 ἀταραξίαν
1315 1189 1409 1214 ὡσανεὶ
1431 1187 1512 1224 βάσιν
1534 1189 1633 1224 ἔχοντες
1656 1187 1728 1214 ἔνδον
1753 1189 1778 1214 οὶ
1799 1190 1891 1226 ἱερεῖς,

1084 1230 1223 1267 ἀταράχως
1243 1237 1292 1258 τῶν
1316 1233 1388 1258 θείων
1410 1235 1563 1270 μυστηρίων
1582 1233 1824 1270 μεταλαμϐάνουσι.

1119 1276 1158 1311 κγ’
1176 1279 1207 1302 Τί
1232 1275 1258 1302 δ’
1282 1278 1312 1302 οἶν
1337 1287 1376 1308 τις
1401 1279 1468 1304 εἷποι
1491 1281 1549 1316 περὶ
1572 1282 1622 1304 τῶν
1647 1279 1719 1304 θείων
1745 1277 1889 1316 ριπιδίων,

1083 1321 1143 1356 ᾶρτι
1165 1320 1396 1358 ἐγκεχειρισμένων
1423 1326 1478 1353 τοῖς
1498 1321 1640 1356 διακόνοις,
1666 1325 1710 1349 καὶ
1737 1323 1779 1350 ὑπ’
1799 1324 1889 1350 αὐτῶν

1084 1367 1258 1401 στρεφομένων
1292 1365 1375 1392 ἐπάνω
1408 1371 1457 1392 τῶν
1491 1367 1591 1403 ἁγίων,
1626 1369 1657 1398 ὡς
1690 1367 1714 1393 ἐν
1750 1367 1886 1404 ἐκπλήξει,

1083 1409 1150 1446 ἄχρι
1166 1410 1377 1448 συμπληρώσεως
1393 1411 1429 1442 εἰς
1450 1413 1490 1445 τὸ,
1505 1423 1519 1437 ‹‹
1537 1413 1713 1448 Κατάπεμψον
1732 1415 1761 1439 τό
1779 1416 1888 1450 Πνεῡμά

1084 1463 1130 1480 σου
1153 1456 1182 1480 τὸ
1206 1455 1279 1490 ᾱγιον
1302 1455 1338 1491 ἐφ’
1363 1456 1432 1491 ἡμᾶς
1451 1458 1495 1482 καὶ
1516 1456 1557 1483 ἐπὶ
1579 1458 1612 1483 τά
1632 1459 1788 1493 προκείμενα
1810 1456 1889 1496 δῶρα

1082 1502 1174 1532 ταῦτα,
1199 1510 1213 1524 ››
1240 1504 1287 1530 τῆς
1312 1499 1444 1526 θεολέκτου
1467 1506 1644 1538 προσενχῆς;
1674 1502 1811 1539 Τολμηρὸν
1837 1504 1886 1539 μὲν

1082 1541 1125 1568 οὖν
1149 1545 1177 1569 τὸ
1201 1546 1259 1581 περὶ
1290 1545 1386 1570 τούτων
1412 1546 1569 1581 φθέγγεσθαι
1594 1547 1648 1572 ἓτι⁶
1679 1545 1732 1572 ἐπεὶ
1757 1545 1784 1573 δ’
1814 1548 1887 1579 ἅπαξ

1081 1587 1218 1624 ὑπείξαμεν
1244 1593 1274 1624 τῇ
1300 1588 1384 1625 ἐντολῇ
1410 1593 1456 1615 τοῦ
1485 1590 1662 1624 κελεύσαντος,
1679 1593 1736 1628 φέρε
1756 1594 1802 1618 καὶ
1824 1595 1886 1629 περὶ

1081 1633 1177 1657 τούτων
1191 1634 1309 1669 εῑπωμεν,
1327 1631 1450 1665 διδόντος
1470 1638 1536 1660 Θεοῦ
1548 1643 1554 1651 ⁸
1576 1635 1598 1661 εἰ
1614 1637 1659 1670 μὲν
1673 1638 1715 1661 καὶ
1732 1639 1785 1666 τοῖς
1798 1636 1887 1667 ἄλλοις

1082 1674 1171 1709 δεκτὰ,
1186 1680 1222 1711 τῷ
1249 1681 1305 1708 Θεῷ
1329 1679 1426 1715 χάρις·
1444 1678 1473 1704 οὗ
1490 1680 1541 1716 γὰρ
1558 1681 1640 1708 πάντη
1661 1679 1745 1715 ψεκτὰ
1763 1678 1790 1706 εὖ
1810 1679 1884 1714 οῖδα,

1081 1719 1138 1747 οὐδ’
1159 1721 1206 1752 ἔξω
1225 1726 1274 1747 τῶν
1291 1720 1427 1758 δογμάτων
1443 1727 1487 1753 τῆς
1506 1727 1555 1749 τῶν
1579 1728 1743 1761 Χριστιανῶν
1758 1727 1885 1756 πίστεως.

1081 1767 1164 1801 Φαμὲν
1186 1764 1229 1791 οὖν
1252 1767 1284 1796 ὠς
1308 1768 1417 1794 πάντοτε
1439 1770 1484 1804 μὲν
1504 1766 1672 1800 ἀδιαστάτως
1696 1774 1820 1806 παρῆσαν
1838 1774 1885 1796 καὶ

1082 1808 1205 1846 δυνάμεις
1230 1810 1348 1847 οὐράνιαι
1373 1816 1408 1847 τῷ
1437 1815 1552 1849 Δεσπότῃ
1586 1817 1713 1850 Χριστῷ,
1743 1814 1885 1851 ἐξαιρέτως

1082 1853 1111 1880 δε
1137 1853 1161 1880 ἐν
1186 1859 1217 1890 τῇ
1247 1858 1320 1882 νυκτὶ
1349 1858 1431 1893 ταύτῃ
1507 1855 1652 1893 παριδόθη.
1683 1857 1767 1885 Αὗται
1795 1862 1884 1885 τοίνυν

1081 1899 1180 1936 ὁρῶσαι
1194 1901 1240 1928 τήν
1255 1901 1320 1936 πρὸς
1336 1901 1454 1936 Καιάφαν
1475 1900 1628 1938 ἀπαγωγὴν,
1644 1905 1690 1931 τὴν
1705 1904 1770 1940 πρὸς
1788 1903 1884 1930 Ἄνναν

1081 1945 1257 1981 παράστασιν,
1278 1946 1324 1975 τὰς
1347 1943 1587 1983 ψευδομαρτυρίας,
1608 1948 1641 1973 τὰ
1661 1947 1827 1984 ῥαπίσματα,
1849 1950 1885 1974 τὰ

1081 1987 1262 2024 ἐμπτύσματα,
1291 1990 1325 2015 τὰ
1352 1989 1544 2026 κολαφίσματα,
1578 1993 1625 2020 τὴν
1654 1991 1751 2027 χλεύην
1784 1993 1884 2022 ἐκείνην

1081 2036 1130 2058 τῶν
1154 2031 1364 2068 ’1ουὸαίων,τῶν
1388 2039 1554 2071 στρατιωτῶν
1574 2037 1692 2061 κόκκινον
1712 2034 1822 2073 ἔνδυμα,
1838 2039 1884 2063 τόν

1081 2076 1107 2108 ἐξ
1125 2076 1241 2103 ἀκανθῶν
1261 2080 1393 2114 στέφανον,
1409 2080 1455 2110 τὰς
1470 2080 1535 2115 μετὰ
1549 2080 1659 2115 γέλωτος
1673 2084 1880 2117 προσκυνήσεις,

1080 2121 1161 2147 τᾶλλα
1187 2123 1272 2148 πάντα
1297 2123 1348 2149 ὅσα
1374 2123 1388 2152 ἡ
1418 2127 1467 2149 τῶν
1498 2124 1570 2150 θείων
1594 2124 1755 2160 Εὐαγγελίων
1784 2127 1884 2163 ἱστορεῖ

1082 2163 1216 2202 διήγησις,
1231 2169 1274 2192 καὶ
1289 2168 1339 2194 ὅσα
1358 2165 1405 2194 διὰ
1419 2169 1448 2194 τὸ
1463 2167 1562 2200 πλῆθος
1583 2170 1644 2200 ῖσως
1659 2169 1823 2207 παρέλειῲεν,
1844 2170 1882 2207 ἀφ’

1081 2210 1184 2246 ἑκάστῳ
1210 2215 1259 2237 τῶν
1288 2213 1426 2247 γινομένων
1461 2210 1638 2249 διαποροῦσαι
1665 2216 1710 2239 καὶ
1739 2213 1881 2243 ἐκπληττό-

1080 2265 1154 2292 μεναι
1176 2259 1222 2286 τῆς
1246 2256 1426 2292 μακροθυμίας
1446 2258 1474 2282 τὸ
1498 2258 1615 2293 μέγεθος,
1632 2257 1814 2285 καλύπτουσαι
1835 2261 1881 2290 τὰς

1081 2299 1178 2326 ἑαυτῶν
1198 2299 1279 2336 ὄψεις,
1295 2300 1482 2337 ἀπεστρέφοντο
1492 2309 1500 2318 ⁸
1515 2304 1561 2328 καὶ
1573 2301 1649 2328 πάλιν
1663 2305 1710 2332 τήν
1727 2301 1881 2330 δεσποτείαν

1081 2343 1244 2380 αἰδούμιναι,
1261 2344 1477 2382 ἀνουπέστρεφον.
1492 2349 1574 2372 Τοῦτο
1590 2344 1620 2372 δὲ
1635 2345 1737 2372 ἐποίουν
1752 2348 1822 2383 ἄχρι
1836 2353 1882 2379 τῆς

1080 2387 1122 2414 ἔπι
1142 2393 1256 2426 σταυροῦ
1275 2389 1430 2424 ἀνυψώσεως
1443 2398 1449 2405 ”
1464 2389 1535 2421 τέλος
1554 2391 1604 2427 γὰρ
1623 2395 1673 2417 τῶν
1691 2394 1736 2417 τοῦ
1762 2395 1881 2428 σώματος

1079 2434 1168 2459 παθῶν
1183 2443 1227 2459 και
1242 2438 1289 2464 τῆς
1304 2433 1346 2460 im
1359 2435 1459 2465 τούτοις
1471 2435 1605 2470 αἰσχύνης
1620 2436 1632 2461 ὁ
1649 2437 1761 2472 σταυρὸς
1776 2439 1880 2473 γέγονε·

1080 2478 1108 2509 ὃς
1131 2476 1196 2509 δόξα
1218 2478 1313 2514 μᾶλλον
1334 2488 1379 2504 και
1401 2479 1447 2505 οὐκ
1472 2479 1589 2515 αἰσχύνη
1605 2489 1612 2495 ·
1637 2479 1708 2517 ἁρχὴ
1731 2482 1784 2517 γὰρ
1809 2482 1882 2512 οὗτος

1079 2527 1129 2549 τῶν
1154 2521 1284 2559 ἐνεργειῶν
1306 2533 1350 2549 και
1377 2521 1510 2560 δυνάμεων
1534 2528 1578 2555 τῆς
1605 2525 1742 2555 θεότητοςο
1768 2524 1881 2553 ἐντεῦθεν

1079 2569 1128 2606 γὰρ
1149 2568 1161 2594 ό
1180 2569 1307 2604 κοσμικὰς
1321 2567 1414 2600 ἐκεῖνος
1431 2570 1538 2605 σεισμὸς
1559 2579 1603 2595 και
1617 2571 1645 2595 τὸ
1661 2572 1771 2607 τρίωρον
1788 2574 1882 2602 σκότος

1079 2611 1121 2638 ἐπι
1137 2615 1223 2639 πᾶσαν
1243 2615 1289 2642 τὴν
1304 2617 1364 2649 γῆν,
1381 2615 1395 2643 ἦ
1417 2623 1443 2640 τε
1458 2617 1504 2640 τοῦ
1519 2615 1752 2651 καταπετάσματος
1770 2625 1819 2641 και
1833 2620 1882 2642 τῶν

1079 2661 1176 2694 πετρῶν
1192 2655 1339 2694 διάρῥηξις,
1353 2667 1398 2684 και
1418 2659 1432 2687 ἡ
1450 2662 1499 2683 τῶν
1522 2658 1663 2694 μνημάτων
1683 2657 1808 2690 ἑξάνοιξις
1821 2668 1828 2674 ’
1843 2661 1882 2685 ἔτι

1078 2711 1108 2738 γε
1131 2704 1182 2738 μὴν
1204 2703 1218 2731 ἡ
1244 2711 1292 2728 των
1314 2706 1407 2740 νεκρῶν
1432 2702 1584 2736 ἀνάστασις,
1609 2713 1655 2730 και
1678 2704 1729 2730 ὅσα
1757 2703 1783 2730 ἐν
1812 2702 1879 2739 ᾅδου

1079 2747 1206 2774 κατιλθὼν
1221 2747 1234 2774 ό
1249 2749 1337 2786 Σωτὴρ
1352 2747 1503 2785 εἰργάσατο.
