1948 3079
232 111 284 140 455

861 105 1039 137 THEODORI
1057 106 1268 136 ANDIDENSIS

1866 106 1941 135 456

233 179 316 207 vero,
326 171 463 208 inquam,
474 169 620 207 quoniam
629 167 714 204 digni
726 168 794 197 facti
806 171 885 204 sunt,
901 171 934 198 ut
951 169 1056 205 magni

1124 180 1190 197 tum
1212 171 1257 206 μὲν
1279 168 1322 196 οὖν
1346 172 1401 201 τοῖς
1426 169 1515 205 ἀξίοις,
1539 170 1571 200 ὡς
1584 170 1614 195 τὸ
1628 172 1672 196 τοῦ
1687 168 1800 205 μεγάλου
1823 168 1941 206 ἀρχιει

234 216 382 254 pontiﬁcis
402 223 564 252 personam
588 216 703 249 gerant,
730 214 761 241 id
775 213 839 242 fieri
858 216 964 251 potest.
981 217 1057 244 Nam

234 264 263 290 et
278 261 411 297 alioquin
423 260 480 293 isti,
496 268 563 296 quae
582 258 706 295 quidem
726 266 763 286 ex
786 266 915 295 persona
934 259 1058 296 propria.

234 306 338 334 dicunt
359 305 407 333 vel
418 307 512 340 agunt
522 304 553 333 in
575 303 676 332 divina
696 302 828 339 liturgia,
844 303 924 332 velut
934 306 1058 340 accepta

235 350 274 378 ab
288 349 461 378 hominibus
474 350 656 384 auctoritate;
671 352 704 378 ut
723 348 856 386 episcopi
868 348 1002 376 factitare
1017 348 1058 376 vi-

235 395 342 422 dentur
350 404 356 429 ;
364 394 413 422 illa
422 396 523 422 tamen
534 402 602 430 quae
613 402 704 431 supra
711 393 844 423 hominis
855 393 1058 421 conditionem

234 439 385 473 exhibent,
403 439 485 467 velut
498 439 630 475 hymnos
643 439 820 467 cherubicos
836 446 872 466 ac
884 437 1058 473 seraphicos

235 486 264 512 et
276 483 335 512 alia
345 484 459 518 omnia,
479 483 583 520 utique
605 484 670 512 haec
691 486 800 520 praeter
813 483 947 519 ipsorum
961 482 1059 517 digni-

235 530 339 563 tatem,
354 530 420 556 tum
440 528 518 556 elata
532 531 597 556 tum
613 528 768 556 submissa
786 535 858 555 voce
871 526 1060 563 pronuntiari

236 572 275 601 ab
286 573 328 600 eis
349 574 476 608 constat,
501 572 576 600 sicut
603 580 732 608 magnus
756 579 878 609 quoque
902 571 1060 607 Dionysius

235 617 423 645 manifestius
451 617 541 645 nobis
561 617 644 645 sistit.
668 619 695 645 ls
719 617 799 645 enim
821 618 956 644 nostram
980 615 1059 643 hanc

236 662 372 691 divinam
381 662 531 697 liturgiam
545 662 584 690 ad
599 662 796 690 imitationem
814 661 878 689 ﬁeri
893 660 1060 689 caelestium

236 709 429 743 potestatum.
442 708 469 734 et
480 706 621 734 ordinum
632 706 762 739 illorum,
784 712 915 742 quorum
930 705 1060 740 ﬁguram

238 753 345 786 gerunt
359 751 435 779 sacri
449 750 587 785 ministri,
612 751 662 779 alii
682 750 806 787 quidem
821 750 950 786 primam
967 748 1059 776 sortiti

237 796 395 824 stationem
412 797 440 823 et
458 795 604 826 ordinem.
625 795 675 823 alii
700 794 880 828 secundum,
894 796 922 822 et
937 794 978 821 sic
991 793 1060 821 reli—

236 849 323 877 quos.
340 842 372 869 Et
387 840 552 869 diaconum
573 840 696 876 quidem
711 840 845 876 appellat
870 840 1059 875 expiantem;
1076 829 1097 857 Β

238 885 434 918 sacerdotem,
451 885 690 919 illuminantem;
707 884 893 921 episcopum,
905 883 1062 920 perﬁcien-

239 931 313 958 tem.
330 930 403 957 Cum
414 929 514 966 itaque
525 929 619 958 verba
630 929 733 958 audies
746 937 752 956 :
768 941 778 953 κ
792 929 899 956 Adhuc
907 928 1061 957 offerimus

238 974 290 1002 tibi
297 974 476 1003 rationalem
482 974 596 1002 cultum
604 974 696 1009 hunc,
706 977 735 1002 et
745 974 873 1002 aliorum
889 975 1062 1001 sanctorum

238 1019 363 1047 nomina
372 1018 498 1054 mystice
507 1018 662 1047 submissa
669 1026 742 1046 voce
752 1019 993 1046 insusurrantem
1001 1017 1063 1053 epi-

239 1071 379 1099 scopum;
395 1066 423 1091 et
432 1071 504 1092 mox
512 1063 594 1092 clara
608 1071 679 1092 voce
686 1063 880 1092 clamantem:
892 1073 906 1087 »
913 1061 1063 1098 Praecipue

239 1107 696 1143 sanctissimae,immaculatm,et
705 1116 768 1144 prae
777 1107 890 1136 caeteris
898 1106 1063 1135 benedictae

239 1152 372 1180 Dominae
382 1155 493 1181 nostra:
502 1152 666 1189 Deiparte,»
677 1151 799 1187 qualem
810 1153 1021 1188 quantumque
1032 1153 1064 1179 tu

239 1197 304 1225 haec
320 1197 470 1225 dicentem
486 1205 553 1225 esse
577 1196 751 1225 arbitraris?
766 1196 833 1225 Mihi
849 1198 926 1224 certe
947 1196 1011 1223 hzec
1027 1203 1065 1223 ex

240 1241 359 1270 Domini
369 1248 498 1276 persona
507 1240 625 1269 videtur
635 1241 839 1277 pronuntiare.
856 1241 992 1276 Namque
1006 1239 1065 1267 alia

241 1286 362 1322 inprece
371 1285 442 1313 dicit
455 1293 461 1312 :
475 1296 489 1310 ‹‹
499 1287 542 1313 Tu
560 1285 640 1313 enim
650 1293 682 1312 es
693 1285 745 1321 qui
762 1284 852 1312 offers
862 1286 891 1312 et
910 1283 1025 1311 offerris
1036 1285 1067 1311 et

242 1330 354 1366 excipis
360 1332 388 1358 et
395 1329 460 1357 das.
470 1330 613 1364 nSicergo
619 1329 850 1364 demonstratur,
859 1328 960 1365 ipsum
966 1327 1065 1356 solum

243 1382 342 1403 carere
365 1375 488 1410 peccato
516 1374 749 1410 theauthropum
776 1373 944 1408 Dominum,
970 1374 1000 1400 et
1010 1379 1065 1408 pro

242 1419 384 1447 omnibus
407 1418 581 1455 simpliciter
599 1418 796 1451 satisfecisse;
813 1420 841 1446 et
857 1417 907 1445 illa
917 1417 981 1453 ejus
994 1419 1066 1445 tem-

242 1464 324 1500 poris
332 1466 408 1495 acta,
417 1463 604 1500 passionem,
615 1463 753 1499 inquam,
764 1462 958 1498 sepulturam,
968 1468 1066 1489 resur-

242 1508 416 1542 rectionem,
433 1515 515 1536 nuuc
529 1515 583 1544 per
598 1507 738 1544 symbola
753 1515 771 1535 a
785 1506 975 1536 credentibus
989 1507 1067 1534 recte
1083 1503 1102 1530 C

243 1553 346 1581 omnia
360 1552 472 1588 perﬁci.
487 1554 582 1588 Atque
598 1552 679 1580 idem
697 1552 762 1588 pari
784 1551 876 1581 modo
888 1559 907 1579 a
920 1549 1068 1586 deiloquis

242 1598 393 1633 magistris
409 1597 544 1626 conﬁteri
553 1599 698 1626 statutum
713 1597 780 1625 fuit.

276 1689 320 1715 29.
333 1685 502 1722 Simplicem
513 1687 614 1714 autem
625 1685 667 1713 rei
678 1685 904 1720 intelligentiam
914 1692 970 1712 nos
981 1683 1069 1711 docet

241 1731 293 1758 illa
299 1731 525 1766 postrecitatam
540 1730 618 1758 hanc
626 1730 793 1758 orationem
803 1729 991 1762 exclamatio,
999 1736 1068 1765 quea

241 1776 305 1802 tum
321 1774 412 1802 etiam
423 1782 442 1801 a
452 1781 564 1809 magno
575 1774 693 1809 Basilio,
708 1776 772 1802 tum
782 1774 871 1802 etiam
888 1781 906 1801 ει.
924 1773 1066 1809 Chrysos-

242 1820 326 1846 tomo
336 1818 453 1846 dicitur.
467 1818 626 1851 Quomodo
637 1818 717 1846 enim
728 1818 923 1846 concordabit
934 1818 1046 1845 dictum
1059 1826 1064 1845 :

245 1875 255 1887 ι
270 1863 499 1891 Utinveniamus
511 1862 747 1890 misericordiam
759 1864 786 1890 et
795 1862 932 1896 gratiam,
943 1874 957 1887 n
966 1862 1067 1898 praeci-

242 1915 301 1943 pue
307 1915 387 1940 cum,
396 1918 409 1931 α
421 1907 612 1935 sanctissima
620 1906 813 1934 immaculata
824 1908 838 1935 ?
852 1918 861 1931 ι
872 1906 902 1935 in
911 1914 973 1943 quo
980 1909 1008 1934 et
1014 1906 1066 1935 ali-

241 1951 283 1979 ud
297 1959 420 1987 prorsus
434 1951 582 1986 signiﬁcat
596 1950 754 1987 deiloquus
766 1959 771 1978 :
789 1959 898 1987 nempe
920 1951 1067 1987 quoniam

242 2003 348 2024 omnes
356 1995 428 2031 justi
440 1996 471 2023 in
486 1995 590 2023 dextra
598 1995 708 2031 judicis
723 1997 807 2031 parte
819 1996 973 2024 constituri
986 1997 1065 2030 sunt,

241 2040 342 2077 ibique
356 2043 383 2068 et
396 2040 462 2077 ipsa
474 2040 664 2076 theanthropi
679 2040 797 2068 Domini
807 2042 904 2076 Mater,
921 2042 950 2069 et
960 2041 1065 2068 unius-

242 2086 388 2121 cujusque
419 2084 531 2120 gradus
557 2087 585 2112 et
611 2084 699 2112 statio
723 2085 881 2112 distinctus
913 2086 994 2119 erit;
1022 2085 1065 2112 ni-

240 2129 587 2165 hilomniuus,tanquam
599 2129 629 2156 in
641 2136 702 2157 una
711 2137 817 2157 omnes
829 2132 929 2166 partes
942 2129 988 2157 siti
1003 2130 1064 2157 fue<
1079 2139 1101 2166 D

241 2174 350 2207 rimus,
370 2175 456 2208 rogat
481 2173 623 2201 sacerdos
641 2176 674 2201 ut
699 2173 820 2202 illorum
838 2174 966 2202 statione
979 2174 1064 2209 digni

240 2218 417 2252 habeamur,
433 2218 486 2254 qui
498 2218 561 2246 sine
573 2220 697 2254 peccato
717 2218 855 2246 videlicet
870 2218 983 2247 Christo
1002 2218 1064 2254 pla-

241 2265 385 2296 cuerunt;
408 2270 470 2291 non
494 2265 595 2291 autem
618 2271 687 2290 cum
712 2263 836 2290 sinistris
856 2265 885 2291 et
907 2263 1061 2292 damnatis

240 2315 503 2335 connumeremur.
516 2307 573 2336 Sed
584 2307 672 2343 longe
683 2309 727 2335 est
740 2308 846 2336 melius
863 2308 926 2335 hzec
941 2308 1064 2343 intelligi

239 2355 385 2388 tanquam
397 2360 415 2380 a
428 2352 540 2380 Christo
559 2353 637 2380 dicta
659 2354 687 2380 et
708 2355 786 2381 acta.
801 2354 852 2380 Est
870 2353 951 2380 enim
973 2353 1064 2380 Filius

239 2399 268 2426 et
277 2396 417 2431 Verbum,
432 2397 496 2425 sine
506 2397 712 2425 immolatione
725 2397 909 2431 immolatus,
926 2405 1024 2433 agnus
1036 2400 1064 2425 et

238 2442 361 2470 victima
376 2441 456 2469 idem
477 2443 505 2469 et
527 2441 660 2478 pontifex
678 2441 710 2469 in
732 2444 887 2469 aeternum.
908 2444 971 2478 Ipse
991 2449 1063 2477 ergo

238 2488 305 2515 orat
323 2493 378 2522 pro
394 2485 483 2513 nobis
499 2486 615 2513 Patrem
634 2493 734 2513 suum.
758 2486 872 2522 Reapse
894 2485 968 2513 dum
993 2485 1064 2513 dicit

237 2531 399 2559 sacerdos:
415 2541 427 2554 ι‹
447 2529 588 2566 Accipite,
611 2529 803 2563 manducata,
819 2530 876 2558 hoc
896 2532 938 2557 est
953 2537 1062 2565 corpus

237 2573 702 2610 meum;»nonnehoctanquam
715 2573 753 2601 ab
765 2574 829 2609 ipso
856 2574 970 2601 Christo
990 2574 1061 2601 dici~

236 2620 346 2648 tur?Sic
354 2627 421 2654 ergo
428 2619 460 2646 tri
465 2618 786 2654 pliciterintelliguntur
792 2617 831 2645 ab
837 2617 976 2653 episcopo
983 2617 1062 2646 dicta

236 2664 266 2691 in
280 2664 380 2692 divina
395 2662 586 2699 mystagogia
596 2670 603 2695 ;
615 2661 674 2690 alia
686 2661 809 2698 quidem
824 2664 883 2690 uta.
896 2662 1061 2691 mediatore

236 2726 484 2761 quemadmodum
498 2725 572 2753 alios
586 2725 639 2760 qui
649 2725 680 2752 in
700 2731 775 2758 pace
802 2725 1001 2761 requiescunt,
1027 2728 1059 2754 ιιι

236 2761 325 2790 etiam
336 2769 393 2797 pro
404 2762 443 2790 eis
457 2769 584 2794 oremus,
600 2760 651 2788 sed
663 2760 758 2796 magis
773 2763 806 2788 ut
818 2761 876 2796 ipsi
891 2769 949 2797 pro
965 2760 1059 2797 nbbz’s,

1112 217 1173 251 ρέως
1196 217 1303 252 φέρουσι
1330 216 1479 252 πρόσωπον,
1502 214 1549 241 οὐκ
1574 212 1722 241 ἀδύνατον·
1751 216 1798 240 καὶ
1831 213 1941 239 ἄλλου

1113 257 1137 285 δ’
1159 259 1230 285 οὗτοι
1249 261 1282 286 τὰ
1300 261 1345 296 μὶν
1368 263 1417 285 τῶν
1438 259 1500 295 παρ’
1525 261 1612 290 αὺτοῖς
1634 258 1773 295 λεγομένων
1797 259 1814 288 ἦ
1831 267 1941 295 πραεῖς

1114 306 1222 340 τομένων
1259 304 1284 330 ἐν
1323 308 1354 341 τῇ
1394 305 1449 340 θείᾳ
1487 305 1618 340 ἱερουργίᾳ
1649 305 1683 334 ὡς
1711 303 1737 334 ἐξ
1768 303 1941 340 ἀνθρώπιων

1111 348 1298 386 λαμϐανόμενοι
1336 349 1465 386 ἀρχιερεῖς
1501 353 1582 375 ποιεῖν
1620 352 1776 385 φαίνονται·
1818 349 1856 374 τὰ
1900 346 1941 374 3's

1113 393 1176 430 ὑπὲρ
1211 394 1345 431 ἄνθρωπον
1379 395 1511 430 πεφυκότα
1543 394 1730 430 προσφέρουσι,
1762 394 1827 423 τοὺς
1871 401 1941 427 χε-

1112 437 1252 475 ρουϐικοὺς
1280 441 1324 465 καὶ
1350 440 1505 475 σεραφικοὺς
1527 438 1632 474 ὕμνους,
1655 440 1700 463 καὶ
1719 436 1804 463 τᾶλλα
1829 438 1941 463 πάντες

1114 484 1164 509 ὅσα
1196 483 1258 520 ὑπὲρ
1287 485 1334 512 τὴν
1368 483 1463 509 ἑαυτῶν
1497 482 1570 513 ἀξίαν
1602 482 1770 518 ἐκφωνοῦντες
1803 482 1820 511 ἢ
1861 481 1941 507 καθ’

1114 527 1220 558 ἑαυτοὺς
1261 527 1372 557 ἐπιόντες
1405 525 1550 554 δείκνυνται
1569 537 1575 543 ·
1609 527 1677 553 καθά
1707 528 1751 552 καὶ
1786 527 1801 552 6
1836 528 1941 562 μέγας

1114 574 1247 602 Διονύσιος
1280 570 1462 609 ἀριδηλότερον
1499 574 1657 610 παρίστησιν
1691 571 1748 606 (36)
1768 579 1775 586 ·
1823 570 1941 601 ἐκεῖνος

1113 617 1164 654 γὰρ
1186 619 1232 646 τὴν
1256 620 1392 653 παροῦσαν
1421 617 1489 642 θείαν
1512 616 1675 653 λειτουργίαν
1704 617 1771 642 κατὰ
1799 618 1941 652 μίμησιν

1115 663 1179 698 φησὶ
1205 661 1335 687 τελεῖσθαι
1361 665 1410 687 τῶν
1434 661 1590 698 ἐπουρανίων
1619 659 1763 696 δυνάμεων,
1791 662 1842 686 καὶ
1875 665 1941 686 τῶν

1114 707 1253 742 ταγμάτων
1283 705 1402 738 ἐκείνων,
1428 706 1461 731 ὧν
1489 707 1568 732 τύπον
1597 707 1717 742 φέρουσιν
1749 706 1774 730 οἱ
1803 704 1941 741 λειτουρ-

1114 754 1225 787 γοῦντες,
1254 751 1278 776 οἱ
1310 751 1355 786 μὲν
1383 755 1428 780 τῆς
1454 753 1555 787 πρώτης
1578 749 1701 785 λαχόντες
1724 750 1849 780 στάσεως
1882 751 1941 775 καὶ

1115 795 1220 827 τάξεως,
1248 795 1273 820 οὶ
1297 793 1327 821 δὲ
1350 799 1395 825 τῆς
1419 793 1552 832 δευτέρας,
1582 797 1626 820 καὶ
1650 798 1698 820 τῶν
1715 794 1784 826 ἑξῆς.
1809 797 1866 820 Καὶ
1882 796 1941 819 τὸν

1116 841 1160 876 μὲν
1199 837 1318 866 διάκονον
1356 839 1512 876 καθαρτικόν
1546 839 1678 873 ὀνομάζει,
1707 840 1750 865 τὸν
1785 836 1819 865 δὲ
1855 839 1941 875 ἱερέα

1117 886 1283 921 φωτιστικόν,
1309 886 1352 910 τόν
1383 882 1412 910 δὲ
1445 883 1570 922 ἀρχιερέα
1595 883 1749 911 τελεστικὸν.
1779 883 1871 909 "Orant
1909 881 1941 909 δ’

1117 929 1232 965 ἀκούσῃς
1268 930 1307 963 τὸ,
1345 928 1401 955 ’Ἑτι
1438 930 1615 966 προσφέρομέν
1654 937 1695 954 σοι
1732 930 1780 957 τὴν
1813 928 1941 964 λογικὴν

1116 973 1235 1010 λατρείαν
1267 974 1374 1008 ταύτην,
1409 975 1453 999 καὶ
1486 977 1536 999 τῶν
1564 974 1608 1008 μὲν
1637 972 1718 999 ἄλλων
1752 972 1839 1008 ἁγίων
1885 973 1941 1002 τὰς

1117 1019 1221 1050 κλήσεις
1256 1022 1390 1055 μυστικῶς
1427 1018 1653 1054 ὑποψιθυρὶζοντα
1689 1019 1731 1044 τὸν
1769 1017 1939 1054 ἀρχιερέα,

1118 1063 1279 1100 ἔκφωνοῡντα
1311 1061 1341 1089 δὲ
1370 1065 1520 1100 τρανότερον
1551 1064 1590 1098 τὸ,
1628 1073 1638 1087 ε
1677 1061 1835 1099 Ἐξαιρέτως
1882 1067 1941 1092 τῆς

1117 1111 1246 1144 παναγίας
1296 1107 1424 1145 ἀκράντου
1481 1106 1719 1143 ὑπερευλογημένης
1776 1109 1941 1137 Δεσποίνης

1120 1154 1191 1189 ἡμῶν
1207 1154 1345 1187 Θεοτόκου,
1376 1163 1389 1177 n
1415 1153 1531 1178 ποταπὸν
1555 1150 1617 1178 εἶνοι
1643 1153 1684 1188 οἵη
1710 1153 1754 1178 τὸν
1777 1155 1863 1177 τοῦτο
1895 1152 1941 1178 λέ-

1118 1207 1213 1234 γοντα;
1240 1197 1313 1233 Ἐμοὶ
1334 1195 1406 1222 δοκεῖ
1430 1196 1464 1227 ὠς
1482 1195 1510 1222 ἐκ
1537 1198 1679 1233 προσώπου
1698 1199 1776 1222 τοῦτο
1797 1195 1941 1231 λέγεσθαι

1119 1247 1164 1270 τοῦ
1190 1244 1305 1279 Κυρίου·
1331 1241 1397 1277 λέγει
1419 1241 1469 1277 γὰρ
1493 1239 1517 1266 ἐν
1539 1240 1613 1277 ἑτέρᾳ
1634 1240 1701 1276 εὐχῇ
1715 1248 1721 1255 ·
1738 1251 1754 1265 ι(
1769 1242 1803 1266 Σὺ
1819 1242 1880 1276 γὰρ
1901 1240 1941 1270 εἷς

1118 1289 1269 1324 προσφέρων
1302 1288 1347 1312 καὶ
1386 1287 1616 1323 προσφερόμενος,
1654 1286 1667 1311 6
1705 1283 1939 1321 προσδεχόμενος

1118 1334 1164 1358 καὶ
1187 1329 1371 1366 ὃιαδισόμενος
1386 1337 1392 1344 ·
1420 1340 1435 1354 ››
1465 1328 1496 1355 ἶν’
1518 1327 1561 1355 οὖν
1586 1327 1682 1365 δειχθῇ
1708 1330 1748 1355 ὃτι
1769 1331 1854 1365 μόνος
1886 1332 1938 1355 αὑ-

1119 1378 1161 1406 τὸς
1187 1377 1257 1405 ἐκτὸς
1285 1376 1415 1411 ἁμαρτίας
1443 1374 1456 1399 ὁ
1486 1374 1648 1410 θεάνθρωπος
1679 1375 1785 1410 Κύριος,
1812 1376 1861 1400 καὶ
1893 1376 1938 1400 ὅτι

1119 1422 1188 1458 ὑπάρ
1216 1421 1316 1446 πάντων
1349 1419 1438 1445 ἑαυτὸν
1472 1417 1559 1448 ἁπλῶς
1585 1416 1694 1453 δέδωκε,
1724 1421 1770 1444 καὶ
1800 1419 1843 1444 ὅτι
1880 1420 1939 1445 ὅσα

1120 1469 1187 1500 τότε,
1209 1467 1238 1492 τὸ
1260 1466 1353 1499 πάθος,
1378 1465 1392 1493 ἡ
1417 1465 1497 1500 ταφὴ,
1520 1466 1565 1490 καὶ
1579 1464 1594 1493 ἡ
1617 1463 1762 1494 ἀνάστασις
1780 1463 1935 1499 εἰργάσατο

1121 1515 1204 1538 ταῦτα
1226 1519 1311 1536 παντα
1339 1511 1384 1535 καὶ
1412 1512 1455 1534 νῦν
1484 1507 1531 1535 διὰ
1558 1512 1608 1534 τῶν
1638 1507 1774 1544 συμϐόλων
1807 1508 1867 1539 τοῖς
1892 1519 1938 1535 πι-

1123 1556 1244 1582 στεύουσι
1280 1554 1454 1591 κὰτορθοῦταί
1483 1561 1490 1567 ⁸
1542 1555 1586 1578 κᾱὶ
1625 1552 1702 1579 ταλτό
1739 1556 1796 1583 τοῖς
1836 1553 1936 1588 Ora-,6;

1122 1610 1175 1638 ροις
1211 1602 1256 1625 καὶ
1293 1597 1466 1629 διδασκάλοις
1504 1599 1678 1634 τοιουτρόπως
1715 1596 1851 1623 τελεῖσθαι
1897 1607 1936 1624 τε·

1124 1646 1275 1673 θίσπιστοιι.

1157 1689 1209 1717 κο’.
1239 1689 1282 1720 Εἰς
1310 1690 1356 1717 τὴν
1385 1687 1468 1724 ἁπλῇν
1496 1686 1525 1713 δὲ
1559 1688 1652 1713 ἕινοιαν
1684 1687 1753 1723 ἡμᾶς
1784 1686 1881 1722 ἀνάγει
1917 1688 1931 1716 ἡ

1121 1735 1186 1770 μετά
1207 1736 1253 1763 τὴν
1279 1732 1467 1769 συμπλήρωσιν
1489 1736 1537 1763 τῆς
1562 1733 1683 1761 τοιαύτης
1708 1731 1785 1762 εὐχῆς
1810 1730 1934 1767 ἐκφωνη-

1122 1789 1162 1809 σις
1189 1781 1271 1808 οὕτως
1297 1778 1433 1814 εἰρημένης
1459 1779 1504 1803 καὶ
1530 1777 1601 1813 παρὰ
1629 1779 1675 1802 τοῦ
1701 1775 1816 1812 μεγάλου
1850 1780 1935 1802 Βασι-

1120 1824 1200 1858 λείον,
1228 1825 1260 1854 ὡς
1283 1825 1328 1848 καὶ
1351 1824 1423 1858 παρὰ
1453 1825 1498 1848 τοῦ
1527 1824 1740 1858 Χρυσοστόμου·
1756 1825 1814 1851 πῶς
1829 1822 1885 1858 γὰρ
1904 1821 1934 1846 ἂν

1123 1869 1282 1904 σννταχθείη
1305 1868 1333 1894 τὸ
1349 1867 1490 1904 εἰρημένον,
1506 1876 1520 1891 (ι
1533 1866 1587 1892 Ὶνα
1602 1866 1714 1903 εὕρωμεν
1726 1865 1795 1895 Eho;
1811 1868 1861 1891 καὶ
1879 1866 1932 1902 καὶ.

1120 1923 1172 1952 ριν,
1188 1925 1201 1938 ν)
1218 1913 1283 1949 μετά
1294 1915 1351 1947 τοῦ,
1369 1922 1383 1936 ι(
1400 1911 1534 1948 ἐξαιρετως
1544 1915 1589 1940 τῆς
1599 1913 1729 1946 παναγίας
1741 1909 1886 1947 ἀχράντου
1901 1919 1907 1944 ς
1919 1921 1931 1933 ιι

1122 1959 1249 1988 ὃπάντως
1264 1957 1337 1992 τάχα
1358 1956 1403 1982 καὶ
1429 1955 1489 1982 ἄλλο
1512 1956 1524 1981 6
1550 1955 1693 1992 θεοφάντωρ
1719 1955 1907 1990 ὑποσημαίνει
1925 1963 1930 1969 ·

1122 2003 1155 2034 ὠς
1182 2002 1237 2029 ἐπεὶ
1260 2003 1350 2031 πάντες
1378 2002 1403 2026 οἱ
1423 1999 1523 2026 ὃικαιοι
1548 1999 1572 2025 ἐν
1600 2003 1653 2030 τοίς
1669 1997 1763 2030 δεξιοῖς
1774 2002 1822 2024 τοῦ
1836 2003 1932 2036 κριτοῦ

1122 2051 1212 2085 μέρεσι
1230 2047 1366 2083 μέλλουσιν
1386 2046 1524 2079 ἵστασθαι,
1549 2047 1614 2081 πρὸς
1642 2042 1671 2070 δὲ
1695 2044 1740 2069 καὶ
1766 2044 1835 2072 αὕτη
1854 2046 1871 2073 ἡ
1891 2054 1933 2070 τε-

1122 2094 1206 2118 κοῦσα
1231 2102 1272 2118 τον
1307 2091 1469 2128 θεάνθρωπον
1499 2090 1602 2127 Κύριον,
1631 2089 1676 2115 καὶ
1699 2089 1713 2117 ἡ
1743 2089 1828 2122 τάξις,
1851 2090 1928 2117 καὶὴ

1123 2139 1212 2167 στάσις
1251 2136 1361 2162 ἑκάστου
1396 2133 1598 2171 ἀποδιῄρηται·
1635 2133 1686 2159 ἀλλ’
1721 2134 1791 2169 ὅμως
1831 2134 1867 2164 ὡς
1907 2132 1930 2158 ἐν

1121 2184 1192 2218 μέρει
1225 2183 1297 2210 ὄντας
1325 2180 1447 2213 ἅπαντας,
1477 2178 1543 2204 αἰτεῖ
1572 2181 1617 2204 τοῦ
1650 2179 1741 2214 μέρους
1775 2182 1826 2208 τῆς
1864 2178 1929 2204 στά-

1121 2236 1186 2257 σεως
1207 2225 1289 2252 αὐτῶν
1314 2224 1507 2255 καταξιωθῆναι
1537 2223 1608 2258 ἡμᾶς
1632 2226 1681 2248 τῶν
1706 2221 1850 2258 ἀμέμπτως
1882 2220 1928 2249 δη-

1119 2270 1186 2300 λαδὴ
1212 2270 1438 2306 eaepse-moderatu
1461 2268 1541 2302 αὐτῷ,
1565 2266 1629 2293 ἀλλὰ
1653 2269 1689 2302 μὴ
1703 2270 1757 2297 τοῖς
1775 2266 1927 2303 ἀριστεροῖς

1118 2316 1163 2342 καί
1191 2312 1472 2349 καταδεδικασμένοις,
1501 2314 1660 2349 κυριώτερον
1687 2309 1715 2337 δὲ
1745 2314 1824 2337 τοῦτο
1848 2314 1925 2343 νοεῖν,

1118 2361 1153 2391 ὡς
1173 2361 1245 2396 παρὰ
1266 2363 1312 2385 τοῦ
1337 2360 1455 2395 Χριστοῦ
1478 2356 1595 2392 λέγονταί
1620 2365 1647 2382 τε
1670 2359 1754 2381 ταῦτα
1780 2356 1828 2381 καὶ
1844 2357 1927 2392 πράτ»

1117 2413 1214 2431 τονται”
1231 2405 1292 2434 Υἱός
1313 2404 1363 2440 γὰρ
1379 2402 1424 2428 καί
1447 2403 1531 2436 Λόγος
1554 2402 1583 2426 τό
1608 2400 1709 2430 ἀθύτως
1726 2400 1866 2435 θυόμενον,
1884 2399 1926 2425 καί

1118 2448 1197 2485 ἀμνὸς
1221 2448 1266 2474 καί
1296 2449 1366 2484 θῦμα
1394 2448 1407 2472 6
1436 2446 1511 2476 αὐτὸς
1540 2445 1585 2471 καί
1596 2445 1735 2481 ἀρχιερεὺς
1751 2444 1788 2475 εἰς
1802 2446 1847 2476 τόν
1869 2445 1926 2470 οτἱὼ-

1116 2504 1161 2521 να.
1199 2493 1282 2523 Αὐτός
1315 2492 1358 2518 ὀῦν
1387 2491 1539 2527 ἐντυγχάνει
1571 2489 1634 2526 ὑπὲρ
1664 2490 1738 2525 ἡμῶν
1773 2492 1811 2523 τῷ
1840 2487 1926 2524 Πατρὶ

1117 2539 1208 2565 αὗτοῦ.
1238 2537 1305 2563 Αὐτὸ
1329 2535 1357 2562 δὲ
1381 2538 1410 2562 τὸ
1433 2535 1514 2571 λέγειν
1531 2535 1574 2560 τὸν
1604 2533 1692 2570 ἱερέα,
1717 2544 1731 2558 ι(
1749 2533 1863 2567 Λάϐετε,
1882 2534 1924 2568 φάη

1115 2592 1184 2619 γετε,
1195 2583 1271 2608 τοῦτό
1286 2582 1335 2617 μού
1351 2580 1420 2606 ἐστιν
1435 2582 1463 2606 τὸ
1481 2583 1574 2615 σῶμα,
1599 2589 1613 2603 n
1638 2578 1690 2613 οὐχ
1706 2578 1740 2608 ὡς
1762 2578 1828 2614 παρ’
1845 2578 1923 2604 αὑτοῦ

1114 2627 1215 2663 λέγεται
1234 2630 1279 2652 τοῦ
1308 2629 1448 2662 Χρισ-οῦ;
1475 2624 1564 2654 Οὕτως
1589 2623 1633 2649 οὖν
1658 2626 1758 2660 τριχῶς
1779 2627 1880 2648 νοεῖται
1895 2620 1924 2646 τὰ

1115 2673 1187 2709 παρά
1217 2675 1262 2697 τοῦ
1293 2672 1436 2708 ἀρχιερέως
1471 2669 1596 2704 λεγόμενα
1622 2667 1664 2693 ἐπὶ
1693 2671 1724 2703 τῇ
1755 2668 1813 2703 θείᾳ
1841 2675 1921 2703 μυστ-

1115 2728 1149 2753 ut
1163 2733 1264 2753 eorum
1279 2724 1409 2759 vestigiis
1422 2722 1643 2761 ιιιίΙιίςνιἚιιιηιιεἶ

1150 2761 1208 2798 (36)
1223 2762 1266 2789 De
1276 2760 1476 2789 ecclesiastica
1489 2758 1675 2793 hieran-hia,
1690 2763 1758 2793 cap.
1783 2758 1810 2786 5.
