1948 3079
253 103 305 130 463

889 95 1066 126 THEODORI
1085 96 1295 127 ANDIDENSIS
1894 102 1932 130 48

255 165 287 192 Et
301 171 382 192 nunc
392 163 476 191 haud
489 162 577 191 nobis
594 169 627 190 os
637 161 752 198 aperire
765 160 850 188 licet:
867 159 1034 195 ignominia
1048 160 1071 188 el

1132 161 1212 198 πυρός
1233 159 1400 199 ἁδροσίζοντο
1421 169 1428 195 ;
1456 163 1530 198 ουχὶ,
1545 160 1716 199 Ἠμαίρτομεν,
1751 163 1932 200 ἠνομὴσαμε

254 208 451 245 opprobrium
466 207 536 236 facti
549 215 654 235 sumus
669 206 761 234 servis
780 205 849 240 tuis,
865 207 894 233 et
908 204 1076 233 colentibus

253 255 297 281 te:
311 255 340 281 et
353 260 542 289 quaecunque
562 251 623 280 alia
642 250 939 287 comprehenduntur
952 249 1002 277 illa
1014 257 1079 278 ora-

254 297 343 325 tione.
360 299 434 325 Nam
459 296 550 325 veluti
569 295 653 324 haud
675 295 723 324 his
744 295 885 327 contenti,
908 296 1078 322 creaturam

254 341 426 370 universam
444 341 484 370 ad
504 340 639 376 agendas
662 339 774 375 gratias
792 338 1078 374 decantandumque

254 386 423 414 Creatorem
435 385 571 413 invitant.
583 386 660 412 Num
677 386 706 412 et
723 382 964 419 haecloquacitas
979 382 1044 416 fuit,
1059 390 1077 410 ο

252 429 420 458 Antichristi
431 429 580 466 discipuli,
594 429 719 465 ejusque
730 427 870 457 adventui
889 427 1077 463 praeeuntes?

252 482 350 511 neque
356 475 437 503 enim
445 483 499 503 vos
507 482 706 511 praecursores
713 473 790 501 illius
800 471 952 509 appellare
960 471 1074 500 dubito.

253 520 300 547 His
313 527 383 554 ergo
394 528 412 548 a
424 519 534 548 sanctis
554 519 689 548 Patribus
702 517 877 554 compositis
890 516 1076 545 orationibus

252 565 329 592 Deus
343 564 534 601 potissimum
548 564 736 601 propitiatur,
753 564 843 599 atque
858 561 898 590 ad
912 561 1076 590 misericor-

251 608 332 638 diam
352 609 488 638 ﬂectitur.

285 728 329 754 36.
342 727 403 761 Age
417 732 486 753 vero
502 723 540 753 ad
552 723 632 752 hunc
657 723 805 752 sermonis
833 722 933 751 locum
956 721 1074 750 delatus

247 772 316 806 post
334 769 489 798 recitalam
503 768 582 798 elata
593 775 667 797 voce
686 768 865 801 orationem,
884 775 952 803 quae
967 767 1076 796 dicitur

247 814 447 843 inclinationis
462 814 578 850 capitis,
593 821 630 841 ea
642 820 709 850 quae
725 813 802 840 ﬁunt
824 812 912 848 juxta
935 811 1074 840 ecclesia-

247 861 352 888 sticam
369 857 559 888 traditionem
583 858 632 886 hic
650 856 854 886 interserenda
873 864 938 884 esse
959 856 1073 893 putavi.

247 902 362 932 Dictum
390 903 470 931 enim
495 903 560 938 jam
592 902 657 937 fuit,
700 901 783 938 quod
809 909 880 930 cum
918 901 1075 930 instruitur

243 948 405 985 prothesis,
442 949 629 984 praeparatur
674 955 744 975 cum
793 946 898 974 divino
947 954 1073 983 corpore

243 993 334 1022 etiam
349 993 521 1022 Dominicus
546 991 670 1027 sanguis
686 999 706 1020 a
729 991 869 1025 diacono,
889 991 942 1028 qni
967 993 996 1019 et
1015 991 1073 1020 exi-

243 1046 336 1073 guam
351 1045 439 1074 aqua:
451 1040 569 1073 partem
589 1035 721 1064 immittit
740 1045 746 1063 :
770 1043 866 1072 eaque
890 1036 933 1063 ita
948 1038 1075 1065 manent

242 1082 430 1110 sanctificata
444 1075 472 1109 et
484 1083 685 1109 transmutata
695 1088 712 1109 a
725 1082 830 1108 sancto
842 1079 961 1116 Spiritu,
975 1088 1074 1116 usque

243 1127 282 1154 ad
298 1129 428 1162 tempus,
444 1133 506 1161 quo
521 1125 652 1153 elevatur
661 1125 824 1160 pretiosum
840 1124 946 1153 Christi
964 1132 1074 1161 corpus

242 1171 293 1198 Dei
320 1170 422 1198 nostri.
449 1171 529 1198 Tunc
561 1177 630 1197 vero
665 1169 787 1197 affertur
812 1177 897 1204 aqua:
926 1169 1071 1197 ferventis

242 1223 338 1251 parva
347 1214 459 1250 phiala,
479 1221 517 1242 ex
535 1221 631 1250 eaque
650 1212 852 1241 infunduntin
864 1215 974 1241 sancta:
990 1221 1073 1242 mene

241 1268 283 1288 sue
298 1259 439 1295 imposita
456 1266 541 1293 vasa,
569 1258 631 1286 sive
654 1259 782 1286 crateres
799 1258 858 1285 sint
869 1258 930 1285 sive
941 1257 1070 1294 pocula;

241 1307 274 1332 ut
293 1302 551 1340 quemadmodum
571 1302 663 1330 ambo
687 1302 781 1339 (aqua
792 1303 820 1330 et
835 1302 968 1337 sanguis)
982 1310 1019 1330 ex
1032 1302 1073 1331 vi-

241 1348 291 1378 tali
319 1348 397 1376 sacri
418 1347 518 1375 lateris
547 1347 625 1375 fante
653 1346 783 1375 calentes
816 1346 1002 1383 prodierunt,
1030 1347 1073 1376 ita

241 1400 322 1428 aqua
337 1392 450 1420 fervida
468 1391 646 1427 sumptionis
672 1393 806 1427 tempore
822 1391 943 1427 injecta,
960 1392 1073 1428 perfec-

240 1443 415 1478 tumtypum
422 1440 571 1474 absolvat,
581 1439 654 1468 dum
661 1440 918 1468 communicantes
925 1440 1071 1476 papillam

240 1485 332 1513 veluti
356 1484 467 1518 calicis,
491 1484 578 1520 quasi
598 1484 701 1520 ipsum
716 1484 804 1512 vitale
819 1485 897 1513 latus
908 1484 1068 1520 attingunt.

240 1530 297 1558 Sed
311 1530 351 1558 ad
365 1529 512 1558 sermonis
530 1529 636 1557 seriem
651 1529 819 1557 redeamus.

277 1622 322 1648 37.
337 1621 405 1648 Post
414 1619 632 1656 proclamatam
646 1619 747 1655 itaque
755 1618 922 1647 orationem
941 1626 1010 1655 quae
1024 1619 1069 1647 di-

241 1665 317 1693 citur
330 1664 531 1692 inclinationis
546 1663 663 1700 capitis,
676 1665 706 1691 et
718 1665 786 1699 post
799 1663 933 1700 episcopi
943 1664 1068 1699 profun-

241 1710 314 1737 dam
324 1709 541 1741 adorationem,
563 1708 597 1736 ﬁt
615 1708 740 1736 elevatio
753 1708 917 1736 venerandi
935 1709 1069 1744 corporis

244 1753 349 1782 Christi
363 1753 413 1781 Dei
427 1753 532 1786 nostri,
554 1754 588 1780 ut
609 1754 752 1780 attestans
768 1753 807 1780 ait
821 1753 974 1786 sacerdos,
1000 1760 1069 1788 pro—

242 1797 409 1834 pemodum
421 1797 461 1825 ita
475 1797 597 1825 dicens:
612 1807 626 1821 »
638 1796 771 1824 Exaltate
790 1796 951 1825 Dominum
962 1798 1066 1831 Deum,

241 1844 379 1871 nostrum
385 1843 414 1870 et
421 1841 545 1870 adorate
551 1840 716 1870 scabellum
721 1841 835 1877 pedum
843 1842 916 1877 ejus,
923 1842 994 1878 quia
1002 1849 1069 1870 san-

242 1888 307 1915 ctus
317 1888 374 1915 est:
391 1894 459 1915 ecce
467 1885 627 1922 praedictus
636 1888 758 1914 sanctus
769 1886 912 1914 Dominus
924 1886 1066 1915 elevatur.

243 1931 383 1968 Quisquis
404 1931 494 1966 igitur
513 1932 636 1959 sanctus
651 1933 703 1963 est,
725 1931 857 1959 accedat.
874 1933 949 1960 Nam
964 1934 1068 1961 sancta

241 1978 361 2006 sanctos
390 1976 537 2004 decent.»
558 1975 713 2004 Auditores
736 1983 818 2010 vero,
842 1976 985 2005 humana:
1013 1985 1067 2005 na-

240 2024 315 2050 turae
329 2021 532 2049 inﬁrmitatem
547 2023 731 2056 reputantes,
744 2021 864 2049 dicunt:
881 2033 894 2047 ‹‹
906 2023 986 2051 Unus
1000 2030 1068 2050 san-

240 2068 305 2095 ctus
317 2066 466 2095 Dominua
485 2066 568 2093 Jesus
592 2064 734 2100 Christus,
750 2068 873 2101 peccato
887 2066 1011 2094 omnino
1021 2066 1067 2094 in-

240 2118 427 2140 acceSsus.»
451 2109 616 2146 Statimque
638 2108 733 2137 divini
756 2110 908 2146 perﬁcitur
931 2111 1066 2147 corporis

239 2155 357 2184 divisio.
370 2154 428 2184 Sed
441 2161 619 2190 quanquam
629 2154 659 2182 in
669 2156 769 2190 partes
789 2154 940 2191 scinditur,
964 2159 1067 2185 manet

238 2201 340 2228 tamen
354 2187 546 2235 impartibilis
559 2200 587 2226 et
597 2187 743 2226 indivisus
761 2198 793 2226 in
819 2187 1005 2236 unaquaque
1024 2201 1067 2229 di-
1083 2187 1106 2215 D

238 2243 371 2272 visarum
383 2244 513 2280 partium
528 2243 609 2271 idem
630 2245 710 2271 totus
726 2243 805 2272 Deus
820 2244 912 2272 homo
932 2245 1066 2274 etiamin

236 2290 337 2325 partes
348 2291 454 2317 sectus.
471 2288 531 2316 Etsi
547 2288 627 2316 enim
638 2289 666 2316 et
679 2288 918 2324 corruptibiiitati
940 2289 996 2318 fuit
1013 2290 1067 2319 οὺς

237 2333 347 2361 noxius
370 2341 406 2362 ac
429 2332 528 2367 morti,
557 2334 690 2361 attamen
713 2340 783 2361 caro
809 2333 874 2369 ejus
897 2333 928 2361 in
948 2334 1064 2363 inferno

236 2385 299 2406 non
310 2378 434 2413 agnovit
452 2377 686 2414 corruptionem.
706 2377 835 2406 Elevatio
851 2380 952 2406 autem
975 2387 1063 2408 vene-

235 2422 324 2452 randi
342 2422 475 2459 corporis
490 2421 686 2450 elevationem
704 2422 735 2450 in
750 2429 870 2450 crucem
899 2431 1064 2460 repraesen-

236 2470 287 2504 tat,
314 2467 418 2504 ibique
446 2469 585 2500 mortem,
619 2466 779 2503 ipsamque
803 2468 1062 2498 resurrectionem.

235 2514 325 2541 Porro
336 2514 365 2541 et
378 2512 565 2549 participatio
580 2511 704 2540 denotat
715 2511 797 2540 illam
807 2514 875 2540 ante
889 2512 1063 2548 passionem

234 2557 265 2586 in
275 2558 404 2594 mystico
414 2557 552 2586 convivio
561 2556 751 2585 traditionem
760 2557 848 2592 panis
857 2559 884 2585 et
892 2558 1062 2586 communis

235 2603 352 2637 calicis;
375 2603 413 2630 de
428 2610 489 2639 quo
514 2601 588 2630 dixit
612 2602 748 2629 Servator
765 2603 887 2629 noster:
903 2613 917 2627 «
943 2603 1061 2631 Amodo

236 2654 272 2674 ex
279 2647 337 2675 hoc
345 2654 407 2675 non
417 2646 533 2680 bibam,
544 2645 641 2674 donec
660 2651 774 2673 novum
790 2644 940 2674 bibiturus
949 2654 1016 2674 sum
1029 2647 1061 2675 in

234 2696 328 2726 regno
338 2691 432 2719 Patris
442 2690 503 2719 mei
515 2698 522 2724 ;
539 2700 554 2716 η
564 2697 656 2726 quem
668 2697 776 2726 reapse
790 2691 859 2726 post
869 2691 1059 2720 resurrectio-

235 2740 306 2764 nem
317 2733 394 2764 bibit
412 2734 588 2764 mirabiliter
602 2736 631 2764 et
644 2732 779 2763 insolita:
799 2741 862 2764 non
876 2735 957 2765 enim
971 2736 1060 2774 quasi

1131 203 1247 240 λέγοντες
1267 214 1274 239 ;
1292 207 1343 232 Καὶ
1367 209 1412 232 νῦν
1429 206 1476 232 οὐκ
1496 207 1566 233 ἔστιν
1586 207 1648 243 ἡμῖν
1671 206 1770 239 ἀνοῖξαι
1788 209 1818 234 τὸ
1836 210 1932 244 στόμι

1132 249 1248 285 αἰσχύνη
1277 253 1321 276 καὶ
1349 249 1448 282 ἀνειδος
1476 250 1630 288 ἐγενήθημεν
1659 255 1714 282 τοῖς
1747 250 1854 283 δούλοις
1883 262 1932 279 σοι

1132 296 1177 320 καί
1202 298 1254 325 τοῖς
1281 294 1428 332 σεϐομένοις
1456 305 1493 322 σε·
1527 298 1570 322 καὶ
1601 297 1652 322 ὅσα
1681 301 1712 333 τῇ
1747 297 1814 334 εὐχῇ
1851 299 1932 323 ταῦτ

1133 341 1311 366 συντέτακται·
1337 338 1391 366 εἶτα
1413 341 1448 371 ὡς
1471 343 1506 377 μὴ
1533 340 1679 378 ἀρκούντων
1703 341 1792 373 αὐτοῖς
1822 344 1932 368 τοὺτωτ

1131 385 1176 410 καὶ
1210 387 1297 411 πᾶσαν
1322 387 1370 414 τὴν
1399 387 1485 411 κτίσιν
1509 385 1545 416 εἰς
1574 385 1746 423 εὐχαριστίαν
1778 389 1826 413 καὶ
1860 387 1932 423 Gym

1132 427 1317 460 ἀνακαλοῦντες
1344 433 1390 455 τοῦ
1416 433 1538 458 Ποιητοῡ.
1560 432 1603 459 Μὴ
1619 431 1671 467 ἄρα
1691 433 1737 457 καὶ
1759 435 1850 457 ταῦτα
1878 430 1932 467 βαι

1131 472 1244 509 τολογία,
1270 471 1290 498 ὦ
1313 477 1358 500 τοῦ
1389 474 1573 510 Ἀντιχρίστου
1601 475 1717 511 μαθηταὶ
1742 477 1788 501 καὶ
1821 478 1932 512 προτρέ

1130 526 1221 553 κοντας
1248 517 1325 545 οὗτοῦ
1357 521 1503 555 παρουσίας
1519 527 1527 552 ;
1543 518 1582 545 Ou’
1594 520 1644 556 γὰρ
1670 517 1841 557 προδρόμους
1875 521 1932 556 ὑμὲ

1131 561 1254 598 ἀνέχομαι
1279 562 1414 599 ὀνομάζειν
1438 563 1546 591 ἐκείνου.
1573 565 1681 596 Τούτοις
1706 562 1750 590 οὖν
1775 568 1836 595 τοῖς
1878 567 1932 600 πρέ

1130 611 1178 633 τῶν
1211 607 1291 643 ἁγίων
1322 607 1465 645 εἰρημένοις
1495 610 1524 634 τό
1558 612 1633 635 Θεῖον
1662 608 1756 645 μᾶλλον
1790 608 1932 641 ἓξιλεοῧτο

1130 653 1249 688 καὶπρὸς
1263 653 1427 689 συμπάθειαν
1442 653 1600 689 κάμπτεται.

1165 722 1209 754 λς’.
1235 723 1302 749 Ἀλλ’
1319 721 1370 750 ὧδε
1396 728 1442 750 τοῦ
1456 723 1534 760 λόγου
1557 726 1702 760 γενόμενος,
1718 725 1785 761 μετὰ
1810 729 1863 754 τῆν
1904 725 1932 751 ἑκ

1130 770 1181 804 φών
1186 777 1198 797 η
1203 777 1244 794 σιν
1287 773 1318 798 τῆ
1325 779 1335 799 ς
1391 769 1473 805 εὐχῆς
1519 769 1717 806 κεφαλοκλισίας
1766 780 1802 808 πρ
1806 773 1932 807 αττὸμενι

1129 814 1196 839 κατὰ
1219 811 1367 849 παράδοσιν
1393 813 1615 844 ἐκκλησιαστικὴν
1643 815 1809 852 παρενθεῖναι
1836 815 1932 850 ᾠήθην

1130 859 1231 894 εἴρηται
1258 859 1309 894 γὰρ
1336 857 1360 884 ὶν
1386 862 1416 895 τῇ
1445 857 1517 895 ἀρχῇ
1543 862 1591 890 τῆς
1609 860 1753 897 προθέσεως
1773 861 1808 890 ὡς
1832 859 1932 896 ἑτοίμα

1129 902 1202 932 ζεται
1230 904 1295 938 μετὰ
1318 906 1364 929 τοῦ
1391 903 1460 929 θείου
1495 907 1614 940 σώματος
1635 907 1680 930 καὶ
1706 906 1736 931 τὸ
1772 907 1932 931 ΔειιιποτιιιοΔ

1129 946 1194 984 αξαα
1209 949 1281 986 παρὰ
1300 952 1345 974 τοῦ
1365 946 1500 984 διακόνου,
1523 948 1724 986 ἓπεμϐάλλοντος
1747 947 1881 978 δηλονότι
1898 960 1932 975 κα

1128 994 1206 1030 μέρος
1232 994 1325 1029 μικρὸν
1358 991 1465 1024 ὓδατος·
1500 996 1545 1020 καὶ
1577 996 1698 1030 μένουσιν
1731 993 1817 1025 οὕτως
1861 995 1931 1030 ἁγία

1129 1037 1225 1073 ζόμενα
1250 1040 1294 1064 καὶ
1322 1039 1531 1075 μεταποιούμενοι
1553 1042 1589 1074 τῷ
1614 1038 1681 1074 ἀγιῷ
1706 1040 1844 1075 Πνιύματι
1871 1039 1929 1076 ἆχρ

1128 1086 1174 1108 τοῦ
1202 1086 1296 1119 καιροῦ
1323 1087 1371 1113 τῆς
1401 1082 1527 1118 ὑψώσεως
1552 1087 1598 1110 τοῦ
1621 1086 1709 1120 τιμίου
1734 1087 1865 1120 σώματος
1892 1088 1932 1110 τοί

1128 1131 1246 1165 Χριστοῦ
1272 1129 1317 1154 καὶ
1343 1131 1410 1154 Θεοῦ
1434 1128 1516 1164 ἡμῶν·
1544 1130 1602 1154 τότε
1631 1126 1664 1158 δή
1690 1129 1833 1165 κομίζεται
1863 1127 1932 1164 ὓδωρ

1130 1172 1286 1208 θερμότατον
1308 1171 1344 1203 εἰς
1378 1171 1539 1209 λεϐητάριον,
1573 1175 1618 1198 καὶ
1642 1177 1765 1209 κιρνῶσιν
1795 1172 1825 1204 ἐξ
1853 1173 1932 1199 αὐτοὶ

1128 1217 1160 1242 τὰ
1183 1219 1338 1253 προκείμενα
1369 1215 1392 1242 ἰν
1420 1220 1451 1252 τῇ
1482 1216 1545 1253 ἁγίᾳ
1575 1217 1702 1254 τραπέζῃ,
1725 1218 1775 1243 εἴτε
1804 1222 1932 1254 κρατῆρες

1128 1262 1177 1286 εἶτε
1203 1264 1317 1297 ποτήρια
1343 1261 1400 1287 εἷεν·
1431 1261 1463 1286 ἶν’
1487 1262 1574 1298 ὥσπερ
1601 1262 1635 1293 ὡς
1663 1260 1691 1287 εκ
1719 1262 1782 1293 ζοῆς
1799 1262 1932 1298 προῆλθον

1127 1309 1175 1336 τῆς
1197 1306 1264 1336 θείας
1285 1305 1404 1342 πλευρᾶς,
1438 1304 1571 1342 ἀμφότερα
1605 1306 1761 1342 θερμότητος
1787 1306 1932 1343 «min?!»-

1127 1352 1200 1386 μένα,
1228 1349 1295 1375 οὓτω
1318 1347 1350 1378 δὴ
1378 1351 1408 1375 τό
1433 1347 1505 1386 ὕδωρ
1543 1350 1698 1387 θερμότατον
1719 1349 1744 1376 ἓν
1779 1354 1818 1376 τῶ
1849 1355 1932 1387 καιρῷ

1126 1398 1171 1424 τῆς
1196 1393 1364 1431 μεταλήψευς
1391 1393 1618 1431 ἐπεμϐαλλόμενον,
1651 1394 1743 1421 τέλειον
1771 1396 1818 1421 τὸν
1851 1397 1932 1421 τύπον

1125 1438 1270 1476 ἀναπληροῖ
1293 1443 1343 1464 τῶν
1371 1438 1617 1476 μεταλαμϐανόντων
1641 1443 1673 1469 τῆ
1708 1439 1773 1469 θηλῇ
1806 1444 1857 1466 τοῦ
1889 1449 1932 1465 πο-

1123 1486 1227 1522 τηρίου,
1253 1485 1288 1514 ὡς
1315 1483 1378 1520 αὐτῇ
1407 1487 1438 1520 τῇ
1470 1484 1634 1521 ζωοπαροχῳ
1658 1483 1757 1520 πλευρᾲ
1779 1484 1927 1520 ψαυόντων.

1125 1528 1191 1555 Ἀλλ’
1229 1527 1272 1554 ἐπὶ
1302 1530 1348 1557 τὴν
1390 1528 1545 1554 ἀκολουθίαν
1575 1528 1622 1554 τοῦ
1660 1528 1737 1564 λόγου
1779 1527 1929 1565 ἐπαναδρά-

1123 1575 1220 1609 μωμξν-

1158 1616 1207 1647 λζ.
1235 1618 1308 1644 Μετὰ
1331 1619 1377 1646 τὴν
1402 1616 1546 1653 ἑκφώνησίν
1573 1621 1617 1644 οὖν
1650 1621 1698 1649 τῆς
1723 1617 1925 1654 κεφαλοκ).ισία;

1122 1664 1166 1688 καὶ
1192 1664 1239 1691 τὴν
1264 1663 1416 1688 ὑπόπτωσιν
1440 1665 1487 1688 τοῦ
1502 1662 1645 1699 ἀρχιερέως
1659 1665 1760 1699 γίνεται
1788 1663 1822 1692 {ni
1838 1663 1923 1698 ψωσις

1122 1710 1168 1733 τοῦ
1191 1709 1279 1743 τιμίου
1310 1709 1428 1743 σώματος
1458 1709 1504 1732 τοῦ
1529 1710 1646 1744 Χριστοῦ
1672 1709 1718 1733 καὶ
1744 1705 1813 1734 Θεοῦ
1839 1709 1920 1744 ἡμῶν.

1122 1752 1154 1782 ὡς
1200 1749 1440 1789 διαμαρτυρόμενος
1476 1750 1543 1786 λέγει
1588 1751 1601 1777 ό
1649 1752 1740 1788 ἱερεὺς,
1778 1755 1921 1788 μονονουχὶ

1121 1797 1219 1822 οὖτώσι
1245 1797 1349 1832 φάσκων
1372 1795 1411 1821 ὃτι
1436 1793 1526 1825 ἐπειδὴ
1551 1796 1576 1821 οἱ
1597 1799 1728 1833 προφῆται
1751 1798 1802 1833 πρὸ
1823 1797 1921 1823 πολλῶν

1120 1845 1210 1876 γενεῶν
1245 1839 1436 1878 προετρέψαντο
1475 1839 1599 1876 λέγοντες.
1638 1851 1649 1866 ι
1685 1840 1796 1876 ’Υψοῡτε
1827 1843 1920 1878 Κύριον

1120 1887 1163 1911 τὸν
1186 1886 1250 1912 Θεὸν
1273 1886 1355 1921 ήμῶν,
1379 1886 1424 1910 καὶ
1444 1888 1613 1922 προσκυνεῖτε
1644 1889 1680 1921 τῷ
1707 1884 1849 1922 ὑποποδίῳ
1875 1889 1919 1912 τῶν

1119 1928 1209 1956 ποδῶν
1237 1929 1327 1965 αὐτοῦ,
1363 1930 1403 1955 ὅτι
1427 1929 1499 1965 ἅγιός
1522 1928 1602 1956 ἐστιν·
1637 1927 1695 1956 ἰδοὺ
1723 1930 1736 1956 ὀ
1764 1930 1920 1968 προρῥηθιίς

1120 1975 1191 2011 ἁγιος
1216 1976 1309 2011 Κύριος
1336 1973 1460 2009 ὑψοῦται.
1481 1973 1576 2006 Ὅστις
1605 1978 1649 2000 οῦν
1688 1974 1771 2011 ἅγιος,
1812 1974 1920 2013 προσελ-

1121 2021 1195 2047 θέτω.
1220 2020 1259 2046 Τὰ
1286 2019 1337 2055 γὰρ
1364 2018 1429 2054 ἅγια
1451 2022 1504 2049 τοῖς
1530 2019 1615 2055 ἁγίοις
1639 2021 1741 2056 πρέπει.
1774 2031 1786 2043 ι
1828 2022 1865 2046 Oi
1893 2017 1919 2045 δι

1121 2063 1258 2100 ἆκροαται,
1303 2067 1352 2094 τῆς
1395 2063 1558 2100 ἀνθρωπίνης
1604 2065 1702 2100 φύσεως
1739 2065 1770 2090 τὸ
1819 2064 1920 2095 ἆσθινίςη

1121 2108 1343 2144 ἀναλογιζόμενοι,
1368 2107 1499 2144 λέγουσιν·
1531 2120 1542 2134 ί
1578 2107 1620 2139 Εἷς
1650 2110 1726 2144 μόνος
1760 2109 1836 2145 ἅγιος
1870 2102 1920 2135 Κύέ

1119 2163 1173 2191 ριος
1202 2153 1303 2184 Ἰησοῦς
1325 2155 1452 2190 Χριστὸς,
1481 2153 1494 2179 ὁ
1527 2154 1657 2191 ἁμαρτίας
1688 2153 1819 2185 παντελῶς
1850 2153 1916 2180 avrai

1120 2196 1219 2228 δεκτος.
1245 2207 1260 2225 ι
1291 2199 1342 2224 Καὶ
1367 2197 1440 2228 εὐθὺς
1463 2197 1476 2223 ὁ
1501 2199 1629 2235 μερισμὸς
1649 2201 1696 2225 τοῦ
1720 2199 1791 2224 θείου
1811 2191 1918 2230 τελεῖται]

1120 2245 1250 2279 σώματος.
1277 2241 1356 2269 Ἀλλά
1386 2243 1433 2268 κᾶν
1467 2244 1611 2279 μερίζεται,
1635 2243 1773 2279 ἀμέριστος
1802 2239 1917 2282 dictat/ﬂ;

1118 2290 1162 2314 καὶ
1190 2287 1304 2324 ἄτμητος
1335 2286 1377 2323 ὑφ’
1410 2286 1447 2313 ἑνὶ
1485 2286 1586 2322 ἑκάστῳ
1617 2289 1688 2323 μέρει
1716 2290 1875 2324 τεμνομένων
1901 2284 1916 2312 ὅ

1118 2332 1193 2362 αὐτὸς
1215 2332 1271 2362 ὅλος
1301 2332 1460 2368 θεάνθρωπος
1494 2331 1663 2369 μεριζομενός
1678 2341 1705 2358 τε
1729 2334 1775 2357 καὶ
1800 2331 1914 2370 ειὶριιηιόιγ

1117 2385 1200 2413 μενος·
1227 2377 1250 2402 εἰ
1269 2377 1320 2413 γὰρ
1343 2378 1389 2402 καί
1415 2377 1498 2413 φθορᾴ
1523 2377 1622 2405 ὑπέστη
1649 2379 1694 2402 καί
1716 2377 1831 2412 θανιιίτῳ²
1865 2372 1914 2402 ὀύλῗ

1118 2422 1133 2451 ἠ
1159 2421 1225 2458 σὰρξ
1239 2421 1320 2447 αὑτοῦ
1349 2420 1373 2446 ἓν
1392 2425 1427 2456 τῷ
1442 2419 1494 2457 ᾄδῃ
1511 2421 1558 2446 οὐκ
1581 2418 1635 2447 εἰδε
1656 2419 1814 2458 διαφθοράν.
1831 2421 1859 2448 ἸΙ
1885 2417 1913 2456 δὴ

1117 2466 1218 2502 ὗψωσις
1243 2469 1288 2492 τοῦ
1311 2467 1400 2501 τιμίου
1425 2467 1545 2501 σώματος
1573 2465 1692 2496 εἰκονίζει
1721 2468 1769 2495 τήν
1804 2465 1847 2493 ἆπί
1871 2464 1912 2495 rei}

1117 2514 1232 2548 σταυροῦ
1258 2509 1370 2546 ῦψωσιν,
1396 2512 1441 2536 καί
1456 2511 1500 2536 τὸν
1523 2509 1547 2536 ἐν
1563 2510 1633 2545 αὐτῷ
1659 2511 1779 2546 θάνατον,
1807 2513 1851 2537 καί
1871 2509 1911 2546 «'31;

1115 2558 1163 2585 τὴν
1190 2557 1237 2584 τὴν
1257 2554 1410 2582 ἀνάστασιν.
1438 2554 1516 2584 Δηλοῖ
1535 2553 1565 2581 δε
1588 2557 1633 2581 καί
1662 2555 1677 2583 ἠ
1701 2555 1850 2591 μετάληψις
1868 2556 1910 2585 τὴν,

1114 2602 1165 2637 πρὸ
1180 2604 1225 2626 τοῦ
1249 2601 1349 2631 πάθους
1373 2599 1414 2626 ἐπί
1428 2603 1474 2626 τοῦ
1494 2603 1624 2636 μυστικοῦ
1648 2598 1756 2626 δείπνου
1772 2599 1909 2637 μετάδοσιη

1113 2649 1158 2672 τοῦ
1186 2645 1265 2682 ἄρτου
1294 2647 1339 2671 καί
1362 2648 1409 2670 τοῦ
1434 2647 1521 2671 κοινοῦ
1544 2646 1683 2681 ποτηρίου·
1709 2647 1770 2681 περὶ
1793 2643 1823 2671 οὗ
1847 2643 1908 2682 εἷπε-ιι1

1113 2692 1202 2727 Σωτὴρ
1222 2691 1306 2727 ἡμῶν,
1332 2700 1347 2715 ι(
1372 2689 1467 2716 Οὐκέτι
1495 2689 1523 2716 ἐκ
1548 2691 1642 2716 τούτου
1661 2690 1724 2724 πίω,
1750 2690 1833 2727 ἄρχις
1854 2691 1907 2728 ὅτουί

1113 2735 1202 2763 κάινὸν
1225 2735 1288 2763 αὐτὸ
1311 2736 1364 2763 πίω
1388 2734 1413 2762 ἄν
1431 2738 1461 2773 τῇ
1489 2733 1614 2772 βασιλεία
1633 2737 1678 2762 τοῦ
1705 2736 1810 2773 Πατρός
1833 2741 1898 2772 μου
