1948 3079
47 136 94 163 L73
795 130 975 160 APOLOGIA

1668 132 1722 163 474

47 197 149 226 πιστοὺς
170 196 218 221 καὶ
242 195 304 226 τοὺς
329 197 376 225 τῆς
401 193 511 232 χάριτος
546 193 626 221 αὐτοῦ
654 193 753 226 ἀξίους.
787 194 816 221 Ἐ

967 196 1037 223 sunt
1046 193 1130 230 digni
1145 194 1242 229 gratia
1255 201 1321 223 sua.
1333 195 1366 222 in
1377 193 1473 223 tribus
1485 195 1622 232 personis
1631 196 1721 225 unica

46 246 99 272 ταῖς
121 242 208 276 τρισὶν
223 239 389 266 ὑποστάσεσι
412 241 461 275 μία
482 238 540 265 ἔστὶ
555 238 639 275 βουλὴ
664 241 709 266 καὶ
733 237 846 276 δύναμις

47 289 86 312 καὶ
121 285 245 322 Evilat/ua,
269 284 302 314 ὡς
335 286 384 320 μία
414 283 493 310 οὐσία
515 287 552 320 τῷ
584 283 688 321 ἀριθμῷ
720 286 764 310 καὶ
796 286 846 320 μία

49 332 140 361 iter“.
160 329 239 356 Ὃθιν
268 331 314 355 καὶ
341 330 370 354 τὸ
400 331 504 365 Πνεῦμα
533 329 563 355 τό
590 328 663 364 ἅγιον
696 327 846 355 αποστέλλει

47 377 83 401 τόν
97 376 155 402 Υἰόν
170 375 240 400 καττὰ
257 376 306 403 τὴν
334 375 466 411 χρονικήη
494 375 624 409 γέννησιν,
642 374 677 404 ὡς
698 372 722 399 ἂν
746 372 846 410 Ἦσαῖᾳ

48 421 186 456 γέγραπται
213 423 250 454 τῷ
274 420 406 456 προφήτῃο
433 428 447 443 α
470 421 576 454 Πνεῦμα
600 420 698 454 Κυρίου
722 417 763 444 ἐπ’
790 417 844 454 ἐμὲ,

48 463 73 490 οὗ
99 464 187 490 irato
215 464 310 499 ἔχρισέ
333 472 375 499 με,
410 462 628 498 εὐαγγελίσασθαι
647 465 767 498 πτωχοῖς
782 461 844 489 ἀπέ-

50 508 134 535 σταλκέ
153 517 195 544 με·
222 517 238 534 ι
263 509 331 534 ὥστε
351 509 432 543 μόνον
455 507 471 536 ἡ
497 510 543 533 τοῦ
569 508 672 544 Πατρός
698 507 844 538 ὑπόστασις

47 554 88 579 ei}:
112 552 306 586 ἀποστέλλεται,
332 553 366 583 ὡς
388 552 451 589 ῥίζα
474 554 518 578 καὶ
542 553 615 587 πηγὴ
639 556 686 583 τῆς
709 552 839 582 θεότητος·

47 599 60 626 is
83 596 111 624 (ἢ
138 601 184 624 τοῦ
208 599 273 624 Υἰοῦ
299 598 344 623 καὶ
373 600 419 623 τοῦ
453 597 600 632 Πνεύματος
631 595 748 626 ἀλληλοις
780 595 844 622 ἁπο-

48 642 186 668 στελλονται
265 645 311 668 τοῦ
335 642 437 679 Πατρός
460 639 577 676 εὐδοκία,
603 641 616 667 ὁ
635 641 680 677 μὶν
696 640 756 672 Υἱός
777 641 845 667 κατὰ

46 690 86 716 τήν
99 689 228 724 χρονικήν
243 688 372 722 γέννησιν,
399 688 429 712 τό
446 684 476 712 δὲ
500 689 605 722 Πνεῦμα
628 687 657 712 τό
681 685 756 721 ἅγιον
778 686 845 711 κατὰ

46 734 86 760 τὴν
113 734 242 768 χρονικήν
267 730 391 769 πρόοδον,
419 733 463 757 καὶ
490 733 537 760 τήν
572 730 605 761 εἰς
640 732 698 760 τοὺς
733 732 844 760 πιστοὺς

46 776 215 813 ὶπιςιοίτησιν·
241 776 271 802 οὗ
294 779 342 812 μὴν
369 777 437 802 κατὰ
464 778 511 804 τήν
540 774 653 812 ἄχρονον
678 774 774 804 ἐκείνην
803 776 842 801 ἑκ-

46 824 171 858 τόρενσιν,
194 824 242 850 τὴν
269 821 370 857 ἁμέσως
393 820 420 847 ὲκ
444 825 491 851 τῆς
518 824 649 857 πατρικῆς
673 821 844 850 ὑπόστάσιως

900 240 944 267 est
961 238 1110 275 voluntas,
1132 239 1222 268 unica
1249 239 1354 274 virtus,
1383 239 1472 268 unica
1501 241 1545 267 est
1576 240 1721 276 operatio,

899 283 975 311 sicut
994 284 1084 312 unica
1113 291 1240 312 numero
1259 284 1399 319 essentia,
1420 287 1448 312 et
1467 284 1557 312 unica
1571 283 1721 313 divinitas.

899 328 982 357 Unde
995 328 1028 357 ﬁt
1042 329 1075 356 ut
1090 328 1217 365 Spiritus
1237 332 1359 357 sanctus
1377 329 1475 357 mittat
1494 328 1600 357 Filium
1619 336 1723 357 secun-

898 372 973 401 dum
992 373 1190 410 temporalem
1209 382 1296 403 suam
1316 373 1551 410 generationem,
1572 374 1648 402 sicut
1665 373 1723 402 hoc

898 417 1037 447 scribitur
1059 418 1140 454 apud
1156 418 1263 447 Isaiam
1283 419 1480 455 prophetam:
1496 429 1511 444 ι(
1528 418 1654 455 Spiritus
1668 419 1723 446 Do-

898 462 972 490 mini
985 464 1028 490 est
1042 471 1132 499 super
1145 471 1203 496 me,
1218 463 1286 492 ideo
1301 471 1349 491 me
1363 463 1454 499 unxit,
1476 465 1505 491 et
1518 463 1599 491 misit
1618 470 1667 491 me
1683 463 1723 491 ad

899 507 1091 543 Evangelium
1114 507 1358 537 annuntiandum
1372 507 1620 544 pauperibus’p»
1646 507 1723 536 adeo

897 553 930 580 ut
945 552 1009 580 sola
1024 553 1115 580 Patris
1129 560 1258 588 persona
1269 560 1330 580 non
1347 553 1490 586 mittatur,
1502 560 1571 580 cum
1587 552 1623 580 sit
1636 552 1723 581 radix

898 599 927 625 et
939 596 1006 624 fons
1020 597 1202 630 divinitatis;
1225 605 1358 633 persona
1378 605 1450 626 vero
1469 597 1530 626 Filii
1551 599 1579 626 et
1591 604 1723 634 persona.

899 641 1025 677 Spiritus
1039 642 1135 670 sancti
1150 642 1321 670 alternatim
1334 644 1362 670 et
1376 649 1394 670 a
1409 649 1441 670 se
1459 642 1588 670 invicem
1602 641 1724 670 mittun-

897 688 945 714 tur
960 686 1127 714 secundum
1135 687 1227 714 Patris
1240 686 1472 723 beneplacitum’
1485 686 1574 714 Filius
1597 685 1723 722 quidem

897 730 1065 759 secundum
1072 731 1269 767 temporalem
1278 731 1512 766 generationem,
1523 730 1646 766 Spiritus
1652 737 1722 759 san-

897 776 961 803 ctus
976 783 1057 810 vero,
1070 775 1239 804 secundum
1251 776 1448 812 temporalem
1458 783 1646 812 processum,
1655 774 1721 803 etin

896 819 999 848 ﬁdeles
1011 828 1170 848 accessum
1182 820 1389 856 etadventum,
1403 827 1465 848 non
1475 828 1545 847 vero
1554 819 1722 847 secundum

46 865 128 899 οὖσαν,
148 865 208 892 καθ’
234 867 266 895 ἦν
291 867 346 901 ἔχει
371 867 400 891 τό
425 865 489 891 εἶναι
513 864 682 901 ἐκπορευτὼς,
707 866 742 895 ὡς
762 866 808 890 καὶ

952 872 1038 892 ruam
1051 864 1130 892 illius
1145 865 1380 901 processionem,
1397 872 1465 901 quas
1479 863 1652 892 immediate
1665 863 1721 891 ori-

45 912 96 941 Υἱός
122 909 217 942 αἱδίως
246 911 303 946 ἔχει
322 911 351 936 τό
379 908 443 936 εἶναι
467 909 495 935 ἐκ
517 913 565 940 τῆς
580 909 662 940 αὐτῆς
677 909 842 939 ὑποστάσεως

45 954 140 991 ἐμέο-ως
181 959 322 991 γεννητῶς.
352 955 427 980 Ὅθεν
470 956 515 980 καὶ
546 954 558 979 ό
602 955 666 984 θιῖος
698 953 842 985 ἀπόστολος

44 1000 147 1033 Παῦλος,
170 1002 218 1029 τήν
243 999 271 1025 ἐκ
286 1003 331 1026 τοῦ
357 1000 457 1036 Πατρός
479 996 516 1024 δι’
541 999 604 1025 Υἰοῠ
629 1002 675 1024 τοῦ
695 999 842 1034 Πνεύματος

44 1047 164 1081 χρονικήν
191 1047 237 1070 καὶ
265 1042 440 1081 μπαδοτικήν
474 1042 560 1072 δηλῶν
593 1041 717 1080 πρόοδον,
750 1053 839 1079 φησιν·

47 1088 172 1115 ιἘσωσιν
206 1089 277 1124 ἡμᾶς
307 1089 320 1114 ὁ
356 1090 421 1119 Θεὸς
449 1089 491 1114 καὶ
523 1090 612 1122 Πατὴρ
647 1085 767 1116 δηλονότι
795 1085 842 1113 διὰ

696 1131 772 1168 ἁγίου
811 1132 842 1158 οὗ

42 1178 134 1213 ἐξέχεεν
159 1177 197 1214 ἀφ’
222 1179 293 1214 ἡμᾶς
319 1177 449 1208 πλουσίως
470 1175 516 1204 διὰ
534 1176 623 1206 Ἰησοῦ
639 1180 768 1214 Χριστοῦ,
784 1187 798 1201 ›)
813 1176 842 1203 Εἰ

43 1133 145 1171 λονῖροῦ
186 1135 232 1159 χαὶ
274 1132 460 1163 ὰνακαινίσεως
507 1133 656 1169 Πνιύματος

42 1225 121 1248 τοίνυν
136 1226 326 1259 γνωριμώτερα
355 1226 419 1248 εἰναι
446 1220 487 1248 δεῖ
505 1224 550 1248 καὶ
567 1220 635 1251 δῆλά
649 1231 676 1248 τε
690 1224 736 1248 καὶ
760 1225 840 1258 σαφῆ,

42 1269 87 1294 ὅσα
109 1268 174 1294 εἰσὶν
197 1267 329 1304 ἐγγυτέρω
354 1271 403 1293 τῶν
438 1266 528 1304 ἀρχῶν
556 1268 631 1302 φύσει
659 1267 842 1304 φανερωτάτων

43 1313 131 1346 οὐσῶν,
147 1312 234 1349 ἀρχαι
250 1310 280 1338 δι
293 1311 358 1338 εἰσιν
373 1312 435 1348 ἡμῖν
448 1315 495 1343 τῆς
509 1313 621 1342 πίστεως
634 1312 659 1337 οῖ
683 1315 729 1337 τοῦ
745 1313 842 1346 Κυρίου

42 1358 110 1392 ἡμῶν
131 1357 224 1386 Ἰησοῦ
252 1359 368 1393 Χριστοῦ
391 1355 474 1391 λόγοι,
499 1359 538 1386 οῖς
552 1356 577 1381 οἱ
597 1354 737 1382 ἀπόστολοι
758 1357 803 1380 καὶ
818 1355 842 1380 οἱ

43 1399 198 1427 διδάσκαλοι
228 1400 351 1437 ἀσφαλῶς
385 1400 503 1436 ἑπόμενοι
537 1403 730 1436 συμφωνοῦσιν·
766 1398 841 1428 εὔδη-

41 1445 80 1471 λον
93 1447 131 1472 ότι
152 1448 198 1471 καὶ
220 1446 236 1474 ἠ
261 1444 369 1474 ἀλήθεια
389 1447 435 1470 καὶ
464 1445 479 1473 ἡ
501 1444 611 1482 ὀρθότης
624 1448 674 1470 τῶν
702 1442 840 1480 δογμάτών

42 1494 83 1520 τῆς
110 1492 223 1520 πίστεως
256 1489 281 1516 ἓν
305 1488 367 1525 ἡμῖν
392 1488 449 1515 ἔστι
475 1491 520 1514 καὶ
545 1488 568 1514 ἐν
596 1493 627 1518 τῆ
656 1489 767 1526 ἡμετέρα
792 1498 840 1514 κα-

896 910 996 945 ginem
1010 909 1099 937 trahit
1114 917 1132 937 a
1147 916 1277 946 persona
1292 910 1396 944 Patris,
1408 912 1436 937 et
1447 909 1612 937 secundum
1627 915 1720 944 quam

895 954 986 983 habet
995 962 1062 981 esse
1077 953 1334 990 processionaliter
1347 961 1401 981 seu
1414 961 1468 989 per
1485 952 1718 989 processionem,

896 999 972 1027 sicut
987 998 1075 1027 Filius
1088 998 1126 1026 ab
1139 1000 1251 1026 aeterno
1279 998 1369 1026 habet
1392 1005 1458 1025 esse
1480 997 1653 1025 immediate
1679 995 1719 1024 ab

895 1043 1001 1072 cadem
1018 1050 1146 1079 persona
1162 1042 1252 1070 Patris
1267 1051 1320 1079 per
1333 1042 1566 1077 generationem.
1586 1042 1719 1076 Quapro-

894 1091 960 1125 pter
969 1087 1057 1115 divus
1067 1087 1344 1124 apostolusPaulus,
1354 1086 1514 1116 ostendens
1524 1085 1719 1122 temporalem

895 1135 924 1161 et
939 1132 1100 1168 gratiosam
1115 1131 1289 1160 missionem
1309 1132 1433 1168 Spiritus
1450 1140 1468 1159 a
1492 1132 1575 1159 Patre
1600 1137 1652 1166 per
1676 1129 1718 1157 Fi-

895 1177 980 1211 lium,
996 1177 1084 1205 dicit:
1102 1187 1115 1202 ‹‹
1131 1177 1330 1205 Servavitnos
1341 1177 1418 1204 Deus
1433 1178 1461 1204 et
1475 1177 1559 1203 Pater
1572 1182 1626 1210 per
1640 1173 1719 1202 lava-

896 1230 991 1255 crum,
1008 1224 1036 1249 et
1049 1222 1274 1249 renovationem
1294 1220 1418 1257 Spiritus
1444 1227 1536 1256 quem
1555 1226 1644 1256 super
1663 1226 1720 1247 nos

895 1266 1086 1295 abundanter
1104 1265 1224 1294 diffudit
1243 1274 1296 1302 per
1314 1267 1415 1293 Jesum
1436 1265 1583 1293 Christum
1609 1264 1640 1290 ³.
1656 1275 1670 1289 »
1691 1263 1720 1292 Si

894 1311 1012 1339 notiora
1027 1310 1160 1346 clariora,
1179 1310 1385 1338 manifestiora
1394 1318 1430 1338 ea
1439 1309 1550 1337 debent
1567 1315 1643 1342 esse,
1658 1315 1721 1345 qua

895 1355 1039 1383 viciniora
1051 1356 1131 1387 sunt,
1146 1357 1174 1382 et
1188 1354 1312 1391 propius
1326 1354 1474 1382 accedunt
1487 1353 1527 1382 ad
1540 1353 1608 1389 ipsa
1621 1352 1721 1389 prima

895 1400 1042 1436 principia
1053 1401 1080 1427 et
1091 1398 1186 1434 initia,
1200 1407 1270 1427 cum
1285 1399 1352 1435 ipsa
1370 1398 1518 1435 principia.
1533 1398 1591 1426 sint
1615 1404 1667 1433 per
1688 1404 1720 1425 se

895 1443 1021 1471 clariora
1033 1445 1062 1471 et
1077 1443 1174 1478 magis
1188 1443 1358 1478 perspicua,
1374 1442 1554 1478 principium
1570 1449 1640 1470 vero
1650 1441 1721 1469 ﬁdei

895 1490 1005 1516 nostrae
1023 1489 1059 1516 sit
1072 1488 1200 1516 verbum
1218 1488 1335 1516 Domini
1350 1489 1420 1516 Jesu
1445 1487 1560 1522 Christi,
1585 1487 1633 1515 cui
1655 1487 1720 1514 sine

43 1535 125 1571 θολικῇ
142 1535 299 1570 Ἐκκλησία,
323 1537 368 1560 atati
387 1538 440 1564 τοῖς
462 1535 625 1570 καθηγηταῖς
643 1536 688 1560 καὶ
704 1531 812 1560 διδασκι

952 1556 956 1562 .
971 1533 1158 1561 aberratione
1173 1532 1327 1560 adhaerent
1344 1535 1373 1560 et
1387 1531 1578 1560 consentiunt
1593 1530 1721 1567 apostoli

253 1582 298 1605 atati
331 1579 495 1616 προστάταις
536 1578 624 1608 αὐτῆς·
658 1578 707 1604 Ὧν
738 1582 841 1615 πρῶτος

265 1623 454 1660 Ἀρεοπαγίτης
492 1622 516 1649 ἐν
559 1622 670 1660 δευτέρῳ
711 1622 840 1658 κεφαλαίῳ

466 1670 510 1694 καὶ
544 1666 726 1704 διακεκριμένη
732 1678 742 1698 ς
775 1669 840 1703 φησί

40 1579 91 1611 Lat;
122 1581 206 1616 ἡμῶν,

41 1626 167 1654 Διονύσιος
207 1624 220 1650 ό

42 1672 95 1705 περὶ
128 1670 261 1704 ἠνωμένης
293 1667 426 1703 θεολογίας

41 1723 97 1744 πως·
123 1713 254 1739 Ἀχονσον
276 1716 333 1748 τοῦ,
357 1710 429 1738 Τάδε
454 1712 522 1747 λέγει
548 1713 653 1749 Κύριος,
683 1712 696 1738 ὁ
711 1712 754 1747 ὡν,
772 1710 840 1744 όῆν,

40 1758 216 1795 όέρχόμενος,
242 1760 288 1783 καὶ
312 1758 324 1783 ὀ
349 1758 544 1794 παντοκράτῶρ,
569 1759 614 1782 καὶ
644 1758 676 1782 σὺ
706 1754 736 1782 δὲ
765 1756 840 1786 αὑτός

41 1802 70 1837 εἰ,
92 1805 138 1829 καὶ
151 1804 181 1829 τὸ
207 1805 314 1838 Πνιὺμα
335 1806 381 1832 τῆς
406 1800 529 1831 ἀληθείας
551 1802 580 1827 τό
604 1801 641 1834 ὃν,
663 1801 676 1827 ὂ
700 1802 772 1838 παρὰ
794 1803 839 1826 τοῦ

42 1850 138 1884 Πατρός
165 1847 342 1884 ἐκπορεύεται.
371 1848 423 1872 Καὶ
448 1846 461 1871 ὁ
487 1847 568 1881 μέγας
595 1846 748 1875 ’Λθανάσιος
767 1845 792 1871 ἐν
807 1849 838 1881 τῇ

43 1894 99 1928 πρὸς
115 1894 266 1930 Σεραπίωνα
291 1891 370 1917 αὐτοῦ
395 1889 519 1926 ἐπιστολῇ
526 1901 531 1907 ·
552 1892 653 1917 Οὔκουν
668 1890 751 1920 καλῶς
779 1899 840 1927 φρο-

39 1942 136 1968 νοῦντες
162 1939 223 1974 περὶ
247 1939 294 1962 τοῦ
323 1939 472 1972 Πνεῦματος
500 1939 546 1961 τοῦ
575 1935 661 1971 ἁγίου,
691 1933 753 1961 οὐδὲ
781 1936 840 1971 περὶ

41 1986 82 2008 τοῦ
119 1982 180 2007 Υἰοῦ
207 1980 292 2010 καλῶς
320 1983 466 2017 φρονοῦσιν·
495 1980 517 2006 εἰ
538 1981 587 2017 γὰρ
617 1979 735 2017 ἒγρόνουν
758 1979 841 2015 ὀρθῶς

40 2030 94 2063 περὶ
107 2030 154 2052 τοῦ
166 2026 242 2058 Υἰοῡ,
267 2024 386 2061 ἄφρονουν
417 2025 496 2060 ὑγιῶς
523 2026 568 2050 καὶ
596 2026 655 2061 πιρὶ
684 2027 728 2050 τοῦ
763 2022 839 2059 ἁγίου

42 2072 194 2107 [Irrigat-0;,
221 2071 234 2096 ὃ
250 2071 322 2105 παρὰ
335 2072 380 2096 τοῦ
405 2070 506 2106 Πατρός
527 2067 702 2105 ἕκποριύίται,
726 2070 771 2094 καὶ
796 2071 840 2094 τοῦ

42 2116 97 2141 Υὶοῡ
122 2113 190 2141 ἴδιόν
206 2115 290 2144 ἑστιν,
305 2114 318 2139 ὃ
333 2113 393 2151 παρ’
409 2113 488 2140 αὑτοῦ
504 2111 612 2139 δίδοται
635 2117 686 2143 τοίς
701 2113 839 2149 μαθηταῖς,

42 2163 81 2186 uti
103 2162 171 2186 πᾶσι
195 2162 253 2189 τοίς
277 2160 445 2184 πιστεύουσιν
469 2157 503 2189 εἰς
529 2157 618 2185 αὐτόν.
641 2157 710 2194 Ὀρα
724 2158 768 2187 τὰς
792 2155 840 2183 δύο

41 2203 166 2240 need/Iw;
221 2206 269 2229 τοῦ

42 2251 196 2284 Ιιντῶματος,
225 2250 273 2277 τήν
301 2249 346 2284 μὶν
373 2246 401 2273 ἑκ
425 2249 504 2283 μόνης
532 2250 580 2278 τῆς
615 2250 746 2284 πατρικῆς
774 2247 840 2272 ὑπο-

318 2204 445 2238 παναγίον

43 2296 154 2325 στάσεως
177 2295 225 2322 τήν
251 2290 337 2318 ἀίδιον
357 2291 453 2321 ἂκείνην
477 2293 520 2318 καὶ
544 2291 666 2329 ἄρρητον,
689 2293 734 2317 καὶ
757 2292 842 2328 ὑπαρ-

41 2341 138 2371 ιτικήν,
168 2338 287 2374 καθάπερ
312 2337 385 2362 καὶὸ
411 2337 506 2373 Κύριος
527 2335 550 2362 ἐν
577 2335 743 2372 Εὖαγγι).ίοις
769 2335 841 2372 εἰρή-

42 2392 86 2416 κει,
115 2385 160 2409 καὶ
184 2384 230 2412 τὴν
256 2383 306 2408 ὑπό
329 2383 424 2418 χρόνον
448 2383 493 2407 καὶ
520 2379 707 2417 μεταδοτικὴν,
730 2382 777 2410 τὴν
804 2378 842 2407 δι’

42 2429 109 2456 Υἱοῦ.
132 2427 161 2454 ’0
181 2427 264 2458 αὐτὸς
283 2428 327 2452 καὶ
351 2425 375 2452 ἓν
397 2429 432 2461 τῷ
447 2427 504 2462 περὶ
529 2423 642 2462 Τριςίδος
667 2425 748 2451 αὐτοῦ
762 2425 838 2461 λόγῳ·

42 2474 100 2502 Θεὸς
115 2471 183 2498 ἔστιν
204 2472 219 2500 ἠ
247 2472 349 2497 πάντων
364 2469 436 2507 ἀρχὴ
452 2470 520 2496 κατὰ
544 2471 587 2496 τόν
612 2469 769 2496 Ἀπόστολον
802 2470 840 2496 15'-

41 2526 125 2551 γοντα·
156 2517 202 2546 Εἷς
235 2517 301 2546 ϐιός
331 2516 345 2541 ό
379 2516 467 2551 Πατὴρ
501 2514 527 2546 ἐξ
559 2513 588 2540 οὗ
622 2515 654 2540 τά
682 2515 774 2540 πάντα·
795 2517 840 2541 καὶ

41 2562 224 2598 γὰρόζΛόγος
251 2559 278 2591 ὶξ
303 2559 383 2586 αὐτοῦ
405 2563 542 2595 γεννητῶς,
557 2561 602 2585 καὶ
625 2560 654 2585 τὸ
683 2562 788 2595 Πνεῦμα
810 2561 839 2585 τό

43 2606 110 2641 ἄγιον
133 2606 307 2639 inrepunt-3:.
325 2606 375 2630 Καὶ
401 2604 414 2629 ό
442 2604 507 2634 θεῖος
532 2605 577 2629 καὶ
603 2605 684 2639 μέγας
709 2604 840 2634 Βασίλειος

43 2650 62 2676 'rv
83 2655 112 2687 τῇ
140 2652 205 2688 πρὸς
229 2651 274 2676 τόν
312 2647 380 2675 ἴδιον
404 2647 513 2684 ἀδελφόν
541 2649 683 2685 Γρηγόριον
714 2647 837 2685 ἐπιστολῇ

43 2695 115 2722 αὑτοῦ
128 2695 196 2722 οὓτω
241 2695 332 2731 φησίν.
361 2691 467 2722 Ἐπιιδή
499 2694 585 2719 τοίνυν
616 2694 645 2719 τό
676 2695 780 2730 Πνεῦμα
809 2696 838 2722 τὸ

73 2785 84 2802 ¹
98 2785 153 2814 lsa.
169 2791 229 2819 ut,
244 2783 258 2811 1
273 2791 282 2818 ;
295 2783 364 2812 Luc.
378 2790 415 2817 Iv,
429 2783 472 2811 18.
488 2782 500 2800 ⁸
511 2781 564 2811 Tit.
580 2788 620 2817 tu,
641 2784 668 2810 5.

894 1580 923 1606 et
939 1577 1096 1612 doctores;
1114 1577 1309 1604 manifestum
1336 1578 1380 1605 est
1407 1576 1560 1604 veritatem
1587 1577 1615 1603 et
1639 1576 1722 1602 recta

894 1621 963 1650 ﬁdei
978 1622 1122 1655 dogmata
1136 1621 1268 1649 obtinere
1284 1621 1367 1657 apud
1380 1628 1447 1653 nos,
1463 1622 1491 1647 et
1503 1619 1585 1655 apud
1601 1618 1721 1647 catholi-

895 1674 962 1694 cam
973 1666 1134 1694 Ecclesiam
1145 1667 1292 1699 nostram,
1307 1667 1334 1693 et
1344 1665 1427 1702 apud
1435 1665 1501 1700 ejus
1511 1664 1721 1692 informatores

894 1712 1031 1740 doctores
1046 1714 1074 1739 et
1085 1711 1240 1748 praesules.
1257 1711 1369 1740 Horum
1381 1719 1452 1739 vero
1471 1710 1587 1747 primus
1595 1709 1650 1738 fuit
1657 1709 1723 1737 Dio-

894 1757 999 1793 nysius
1013 1756 1192 1793 Areopagita
1206 1756 1258 1793 qui
1271 1756 1302 1784 in
1313 1755 1446 1784 secundo
1466 1755 1562 1791 capite
1577 1754 1615 1782 de
1640 1753 1723 1782 unita

895 1804 923 1830 et
937 1803 1076 1838 separata
1089 1801 1241 1836 theologia
1260 1801 1302 1828 sic
1328 1800 1411 1828 inﬁt:
1439 1800 1515 1828 Audi
1540 1799 1628 1827 illud:
1656 1799 1722 1826 Hier:

894 1845 964 1874 dicit
987 1846 1131 1873 Dominus
1164 1845 1216 1881 qui
1235 1845 1347 1882 estqui
1366 1846 1440 1880 erat,
1467 1846 1495 1872 et
1507 1844 1560 1880 qui
1572 1843 1723 1880 [venturus

895 1893 939 1918 est
953 1893 981 1918 et
993 1891 1198 1927 omnipotens,
1215 1892 1243 1918 et
1256 1892 1287 1918 tu
1302 1890 1365 1926 ipse
1381 1897 1424 1922 es,
1438 1890 1468 1917 et
1490 1888 1615 1926 Spiritus
1644 1887 1723 1915 veri-

895 1935 962 1964 tatis
977 1935 1028 1971 qui
1044 1938 1096 1966 est,
1130 1934 1182 1972 qui
1209 1934 1345 1971 procedit
1369 1941 1387 1962 a
1408 1934 1505 1961 Patre.
1533 1934 1566 1961 Et
1593 1939 1723 1967 magnus

895 1980 1074 2008 Athanasius
1087 1979 1117 2007 in
1132 1987 1186 2007 sua
1201 1979 1241 2007 ad
1265 1979 1460 2016 Serapionem
1486 1977 1630 2014 epistola:
1660 1978 1723 2004 Non

895 2025 971 2053 bene
987 2024 1118 2052 sentiunt
1131 2024 1169 2052 de
1180 2023 1290 2060 Spiritu
1303 2025 1418 2057 sancto,
1431 2030 1486 2050 nec
1499 2022 1575 2050 bene
1595 2021 1724 2050 sentiunt

895 2069 932 2097 de
949 2069 1037 2102 Filio;
1053 2068 1075 2096 si
1097 2069 1177 2096 enim
1192 2070 1305 2096 rectam
1330 2069 1368 2096 de
1395 2067 1465 2096 Filio
1488 2066 1632 2095 haberent
1655 2072 1722 2092 sen-

895 2114 1030 2146 tentiam,
1046 2113 1147 2150 utique
1163 2115 1192 2141 et
1209 2121 1315 2141 sanam
1332 2112 1510 2140 sententiain
1531 2111 1666 2139 foverent
1686 2110 1724 2138 de

899 2158 1007 2195 Spiritu
1022 2161 1135 2190 sancto,
1152 2158 1205 2194 qui
1232 2157 1366 2194 procedit
1380 2165 1399 2185 a
1417 2158 1513 2189 Patre,
1530 2158 1558 2184 et
1583 2155 1723 2192 proprius

506 2201 590 2232 καλῶς
640 2201 841 2237 eicior/731mm;
855 2222 878 2250 Β
898 2205 942 2230 est
956 2202 1026 2235 Filii,
1039 2201 1090 2238 qui
1104 2201 1143 2229 ab
1169 2201 1219 2229 illo
1241 2201 1275 2229 da

956 2201 1090 2238 Filii,qui
1104 2201 1143 2229 ab
1169 2201 1219 2229 illo
1241 2201 1330 2229 datur
1353 2200 1509 2237 discipulis
1533 2199 1605 2235 suis,
1634 2201 1664 2227 et
1689 2199 1724 2227 iis

897 2247 949 2284 qui
964 2247 994 2274 in
1009 2246 1091 2274 illum
1108 2246 1243 2275 credunt.
1258 2245 1330 2273 Vide
1344 2245 1421 2274 duas
1437 2245 1645 2282 processiones
1654 2251 1725 2272 san-

898 2291 1024 2320 ctissimi
1040 2291 1165 2328 Spiritus
1180 2299 1257 2327 quas
1271 2290 1360 2318 docet
1369 2290 1484 2326 optima
1497 2292 1526 2318 et
1548 2291 1631 2318 recta
1645 2289 1726 2317 theo-

897 2337 988 2372 logia.
1006 2337 1102 2364 Unam
1114 2343 1149 2364 ex
1165 2335 1229 2363 sola
1244 2342 1376 2372 persona
1388 2334 1637 2371 Patris,illamque
1645 2336 1726 2362 aeter-

896 2389 979 2415 nam,
997 2380 1192 2414 invisibilem,
1213 2379 1410 2415 ineffabilem,
1430 2379 1632 2415 personatam,
1651 2379 1727 2406 sicut

896 2426 1040 2454 Dominus
1055 2425 1187 2462 loquitur
1200 2425 1229 2453 in
1241 2424 1405 2460 Evangeliis
1415 2434 1423 2460 ;
1445 2424 1535 2453 aliam
1554 2431 1626 2452 vero
1654 2425 1726 2452 tem-

895 2469 1030 2506 poralem
1045 2472 1074 2498 et
1102 2469 1265 2505 gratiosam
1292 2477 1361 2505 qum
1385 2470 1420 2498 ﬁt
1444 2477 1497 2506 per
1523 2467 1726 2497 Filiudeem

895 2515 1076 2543 Athanasius
1089 2514 1119 2542 in
1130 2522 1185 2542 suo
1197 2514 1234 2542 de
1249 2514 1387 2542 Trinitate
1411 2516 1547 2547 tractatu,
1571 2514 1659 2545 Deus,
1684 2511 1727 2540 in-

895 2560 969 2597 quit,
993 2561 1037 2588 est
1058 2567 1159 2587 rerum
1183 2559 1319 2587 omnium
1341 2558 1531 2595 principium,
1559 2556 1726 2585 secundum

895 2605 1065 2642 apostolum
1080 2604 1227 2632 dicentem
1240 2612 1246 2632 :
1266 2603 1375 2631 [laicus
1393 2604 1479 2637 Deus,
1493 2602 1604 2630 scilicet
1616 2603 1728 2630 Patara

893 2657 955 2686 quo
971 2651 1041 2677 sunt
1052 2649 1174 2682 omnia;
1189 2656 1261 2676 nam
1281 2647 1371 2675 Filius
1393 2647 1456 2684 ipse
1480 2649 1523 2675 est
1543 2646 1583 2674 ab
1602 2645 1652 2674 illo
1675 2654 1729 2683 per

894 2693 1130 2730 generationem,
1143 2695 1172 2722 et
1181 2693 1246 2730 ipse
1268 2692 1393 2729 Spiritus
1412 2699 1466 2728 per
1484 2691 1724 2728 processionem.
