1948 3079
50 74 92 103 ιὸί
796 68 845 97 ΑΡι

936 67 972 96 ῙΛ

1674 73 1728 105 482

49 137 144 171 ρικέσῃ,
174 136 249 162 κατὰ
276 137 324 165 τὴν
351 138 396 162 τοῦ
428 135 525 171 Κυρίου
552 130 693 169 ἀπόφασιν·
762 140 845 158 κατα-

935 137 1026 162 mem,
1037 131 1066 159 et
1078 129 1168 159 aliam
1183 138 1309 162 uxorem
1331 132 1522 162 matrimonio
1537 134 1594 164 sibi
1622 135 1727 172 junxe-

49 179 221 211 χολουθοῦντες
249 181 339 217 ἡμεῖς,
360 180 408 210 τῆν
435 181 627 216 περιπεσοῦσαν
650 179 764 212 γυναῖκα
781 185 847 212 πορ-

49 227 107 255 νείας
134 224 281 261 μολυσμῷ,
309 228 355 252 τοῦ
382 222 475 262 ἀνδρὸς
503 220 698 258 ἀποδιιστῶμεν
725 223 770 247 καὶ
793 231 848 257 χω.

50 271 154 305 ρίζομεν.
181 269 273 306 Ὑμεῖς
301 267 330 296 δὲ
355 270 380 296 οἱ
403 269 461 295 κατ’
489 268 528 294 ἔχ’
555 266 652 297 πολλῆς
678 264 848 295 δικαιοσύνης

51 314 144 344 imm
163 314 240 350 ὑμῖν,
268 316 286 344 ἧ
303 314 398 351 μᾶλλον
427 313 505 340 εἰπεῖν
540 313 682 348 παρανοίας
708 313 753 337 καὶ
785 311 847 336 ὑπο-

50 361 156 395 κρίσεως,
193 361 243 385 καὶ
279 359 350 394 αὐτῷ
380 358 608 395 ἁντιφθεγγόμενοί
645 355 702 382 ἔστε
734 353 848 385 ἀναιδῶς

50 407 79 439 τῷ
105 405 204 439 Κνρίῳ’
238 401 287 430 διὸ
321 402 355 433 δὴ
385 405 430 429 καὶ
457 403 523 439 μετὰ
554 401 632 437 λόγον
664 402 785 437 πορνιίας
817 399 847 426 οὔ

51 446 221 484 ὃιαχορίζετε,
257 447 350 478 ἕῶντες
376 449 421 474 τόν
447 445 533 484 ἄνδρα
564 446 720 482 ἁμαρτάνειν
754 444 787 475 εἰς
817 445 847 470 τὸ

50 490 107 518 irim
122 491 161 518 ἀεὶ
175 496 269 528 σῶμα,
288 494 349 530 ὅπερ
362 493 375 518 ὁ
391 493 456 522 θεῖος
469 491 586 528 ἀπείργει
602 489 714 521 Παῦλος.

901 174 948 208 rit,
964 174 1129 204 fornicatur
1142 177 1171 204 et
1189 176 1397 206 adulteretur“.
1429 187 1444 205 ιι
1475 179 1661 216 Quapropter
1678 181 1728 217 ju-

902 222 983 248 stum
998 222 1026 248 et
1040 227 1161 257 aequum
1176 223 1223 250 est
1235 221 1318 251 illam
1329 222 1498 259 repudiare,
1509 223 1534 252 si
1546 223 1578 252 in
1599 223 1728 255 fornica-

901 265 1015 293 tionem
1024 264 1169 299 inciderit,
1182 266 1350 295 secundum
1360 267 1477 295 Domini
1487 268 1584 296 nostri
1608 271 1724 298 senten-

901 309 976 337 tiam
1007 311 1036 337 et
1072 309 1315 340 declarationem.
1355 311 1408 340 Cui
1442 319 1498 340 nos
1527 313 1725 348 adhaerentes,

902 353 1106 382 fornicationis
1116 354 1182 383 labe
1189 355 1393 392 etimpuritate
1401 357 1640 386 contaminatam
1652 367 1726 388 uxo-

901 406 965 426 rem
980 406 999 427 a
1013 398 1075 427 viro
1091 406 1287 435 segregamus
1302 402 1331 429 et
1345 408 1533 438 separamus.
1566 402 1627 430 Vos
1654 411 1727 432 vero

902 451 963 480 qua
978 443 1047 471 estis
1061 443 1172 479 insigni
1187 445 1333 481 aequitate,
1360 447 1523 482 sanctitate,
1554 449 1584 475 et
1598 447 1724 484 justitia,

902 488 963 516 imo
974 488 1155 524 insipientia,
1165 492 1194 517 et
1206 489 1371 526 hypocrisi,
1389 490 1444 526 ipsi
1466 491 1592 520 Domino
1624 494 1726 521 nostro

49 536 231 572 impudenter
257 539 290 565 et
308 537 512 565 inverecunde
537 534 751 570 contradicitis,
776 533 845 562 ideo
858 532 931 569 quia
947 540 1072 560 uxorem
1087 535 1210 570 propter
1232 534 1380 563 rationem
1395 534 1602 564 fornicationis
1628 544 1648 565 θ.
1660 537 1725 565 viro

50 588 101 608 non
115 581 280 617 separatis,
301 581 505 618 permittentes
518 579 616 609 virum
631 579 662 608 in
682 586 771 607 suum
786 577 941 615 proprium
957 584 1068 613 corpus
1086 585 1221 614 peccare,
1236 578 1320 614 quod
1339 579 1403 616 ipse
1419 580 1451 608 D.
1468 579 1575 608 Paulus
1590 580 1688 617 arguit
1698 583 1726 610 et

51 625 187 661 prohibet.
204 626 228 653 ⁸.

78 669 108 698 η’.
136 668 196 696 Ἐτι
225 672 292 707 περὶ
324 673 374 696 τῶν
409 671 484 696 θείων
516 671 560 696 καὶ
593 672 728 705 μυστικῶν
765 667 846 704 λέγεις

51 713 183 750 τιμεόλων,
211 718 263 741 τοῦ
290 715 360 741 θείου
389 717 434 741 καὶ
449 717 608 741 Δεσποτικοῦ
631 710 735 742 δηλαδὴ
752 714 845 748 σώμα-

51 768 92 792 τος,
119 760 157 785 ὅτι
180 761 253 796 μόνα
285 760 319 785 τὰ
350 759 458 797 ῥήματα
482 762 528 785 τοῦ
557 761 664 795 Κυρίθυ,
693 768 706 782 ι(
734 756 844 790 Λάϐετε,

51 805 139 840 sar/su,
169 807 216 830 καὶ
248 806 336 838 πίετε,
369 815 383 829 »
414 803 606 840 μεταϐάλλουσι
634 804 678 829 καί
705 801 845 828 τελειοῦσιν

52 848 116 883 αὐτὰ,
142 848 172 874 οὐ
197 851 253 884 μὴν
283 851 330 875 καὶ
353 849 380 874 αἱ
411 849 478 875 θεῖαι
503 852 553 874 τῶν
582 847 662 883 ἁγίων
687 846 775 883 εὑχαι,
802 847 846 872 καί

51 894 106 927 ἱεραὶ
136 891 251 928 ἐπῳδαὶ.
285 892 375 929 Ἡμεῖς
415 890 444 919 δὲ
477 895 522 918 καὶ
551 891 618 918 αὐτὰ
649 892 682 917 τὰ
715 891 772 917 θεῖα
800 893 845 917 καὶ

52 938 183 963 Samniti:
215 937 330 975 ῥήματα
362 939 427 975 πρὸς
467 936 597 963 τελείωσίν
637 945 717 972 φαμεν
749 935 844 971 αὐτων,

50 983 85 1006 χαί
108 982 122 1009 ὴ
147 985 196 1012 φῆς
227 982 370 1018 ἱεροσὺνης
392 979 504 1018 δύναμις
529 979 576 1008 διὰ
596 984 646 1006 τῶν
662 981 735 1006 θείων
759 980 845 1015 εὐχῶν

51 1028 87 1050 καὶ
116 1024 224 1061 ὶπῳδῷν
249 1030 300 1052 τοῦ
335 1027 404 1063 ἱεροῦ
431 1027 514 1062 τυχὸν
539 1027 731 1062 Χρυσοστόμου
758 1025 773 1054 ἢ
799 1027 846 1050 τοῦ

51 1069 149 1105 ile/ﬂow
179 1070 335 1098 Βασιλείαν.
373 1071 408 1097 Τὸ
438 1071 488 1107 γὰρ
520 1071 586 1097 θεῖον
623 1073 670 1100 τῆς
704 1070 846 1106 ἱερωσύνης

52 1115 162 1151 χάρισμα
181 1113 230 1141 διὰ
259 1119 340 1142 τοῦτο
368 1116 418 1142 ὑπό
447 1119 492 1142 τοῦ
507 1118 629 1152 Χριστσῦ
651 1111 759 1140 δέδοται
791 1117 846 1144 τοῖς

54 1157 205 1191 ἀποστόλοις,
243 1162 292 1186 καὶ
323 1159 359 1192 ἐξ,
387 1159 486 1186 ἐκείνων
515 1157 761 1194 ἀλληλοδιαδόχως,
801 1160 845 1185 καὶ

54 1204 105 1238 πρὸς
127 1204 199 1239 ἡμῶν
226 1208 285 1235 τοῖς
313 1205 390 1242 ἱεροῖς
413 1204 446 1234 εἰς
470 1205 499 1230 τὸ
526 1203 636 1231 τελειοῦν
660 1203 775 1229 κατὰτὰ
790 1204 846 1229 θεῖα

54 1245 124 1284 δῶρα,
151 1247 198 1274 διὰ
227 1253 279 1281 τῆς
320 1248 478 1280 inmitia-toi;
512 1251 557 1275 καὶ
588 1248 776 1285 ἓπιφοιτήσεως
799 1251 845 1274 τοῦ

54 1294 166 1327 amur/iota
209 1295 373 1330 Πνεύματης.
412 1294 500 1324 Οὕτως
539 1293 613 1329 ἡμεῖς
652 1294 710 1330 περὶ
748 1293 845 1318 τούτων

54 1340 177 1373 εθρηνοῡμεν
201 1340 250 1364 καὶ
278 1338 387 1374 λέγομεν
416 1336 571 1376 ὀρθοδόξως,
599 1340 643 1364 καὶ
677 1336 845 1364 ἀποστολικο-

54 1380 296 1419 πατροπαραδοτως,
336 1382 365 1408 οὗ
398 1383 514 1419 καθάπερ
547 1383 621 1418 ὑμεῖς
653 1385 767 1419 φρονεῖτε
799 1384 844 1408 καὶ

53 1422 123 1459 Ἇέγετι
143 1427 214 1452 ὼσὰν
242 1428 259 1456 ἡ
288 1426 315 1453 ἂν
339 1427 400 1464 ὑμὶν
427 1425 524 1458 δόξειεν
539 1427 554 1455 ἠ
580 1427 724 1463 ὐπερόφρνς
746 1425 843 1457 ἀλαζο-

54 1471 97 1494 νεία
121 1472 163 1496 καὶ
187 1472 290 1503 οἶῃσις.
321 1470 396 1498 Ἀλλὰ
423 1473 484 1509 περί
510 1472 608 1498 τούτων
639 1474 755 1498 τοσαῦτα
782 1471 843 1507 ὑμῖν

55 1511 213 1550 ἀποχρώντως
240 1514 345 1552 σχεδόν
370 1525 396 1542 τι
422 1517 533 1553 εἴρηται·
562 1517 659 1552 Καιρὸς
688 1514 718 1542 δέ
739 1516 794 1542 ἐστι
809 1517 844 1547 ὡς

56 1556 119 1584 εἰπεῖν
146 1558 200 1589 ἢδη
235 1563 283 1587 καί
316 1563 375 1597 περί
405 1565 454 1587 τῶν
487 1560 582 1597 ψυχῶν
613 1562 670 1587 τίνα
705 1570 735 1597 γε
769 1561 844 1596 ἡμεῖς

56 1603 191 1638 πιρίᾳῦτῶν
207 1602 293 1638 δόξαν
304 1606 407 1642 ἔχομεν.

935 668 962 695 8.
973 667 1057 700 Quod
1067 675 1138 695 vero
1149 667 1225 695 dicis
1234 667 1272 695 de
1280 667 1389 696 divinis
1397 669 1427 696 et
1433 668 1567 705 mysticis
1578 669 1725 706 symbolis

899 711 992 740 divini
1006 714 1034 740 et
1046 712 1190 741 Dominici
1202 712 1313 741 scilicet
1344 714 1478 750 corporis
1503 716 1533 743 et
1559 715 1725 750 sanguinis,

899 756 983 792 quod
1002 757 1066 785 sola
1093 756 1184 785 verba
1207 757 1343 785 Domini:
1366 768 1381 783 «
1399 758 1540 795 Accipite,
1567 759 1724 792 comedite,

899 800 1002 835 bibite,
1016 812 1031 826 »
1046 801 1097 829 illa
1118 801 1258 837 symbola
1285 804 1484 831 transmutent
1507 805 1536 832 et
1557 803 1722 840 perﬁciant,

900 853 962 873 non
973 853 1044 873 vero
1058 845 1167 874 divinae
1183 848 1356 875 sanctorum
1371 854 1485 884 preces,
1499 849 1526 876 et
1541 855 1633 876 sacrae
1660 855 1725 877 ora-

899 889 994 918 tiones
1006 892 1035 919 et
1046 889 1213 925 cantilenae,
1226 899 1282 919 nos
1301 899 1372 919 vero
1388 891 1478 920 etiam
1500 892 1628 920 dicimus
1655 892 1724 929 ipsa

899 934 1000 963 divina
1010 937 1039 963 et
1047 935 1202 964 Dominica
1214 935 1307 964 verba
1321 935 1361 963 ad
1372 943 1476 965 eorum
1488 936 1701 972 perfectionem
1716 944 1722 971 ;

900 979 1059 1008 sacerdotii
1073 987 1144 1008 vero
1158 979 1250 1008 virtus
1265 980 1407 1009 exseritur
1420 988 1474 1017 per
1483 981 1601 1009 divinas
1619 988 1724 1017 preces

898 1026 928 1052 et
953 1024 1089 1060 liturgias
1132 1025 1228 1053 sancti
1258 1024 1395 1053 videlicet
1426 1025 1640 1062 Chrysostomi,
1672 1027 1724 1054 aut

899 1068 1002 1104 magni
1014 1068 1128 1097 Basilii.
1156 1070 1231 1097 Nam
1259 1069 1398 1098 divinum
1424 1070 1583 1098 sacerdotii
1608 1070 1723 1098 donum

899 1116 1057 1150 propterea
1067 1122 1085 1142 a.
1104 1113 1219 1142 Christo
1238 1114 1496 1143 communicatum
1511 1116 1555 1143 est
1566 1114 1723 1151 apostolis,

899 1160 928 1186 et
937 1166 1041 1186 eorum
1057 1158 1289 1191 successoribus,
1315 1160 1344 1187 et
1372 1159 1579 1187 sacerdotibus
1602 1159 1723 1194 nostris,

899 1202 938 1231 ad
953 1202 1133 1239 perﬁcienda
1144 1203 1246 1232 divina
1257 1202 1348 1237 dona,
1371 1211 1426 1239 per
1448 1203 1668 1232 invocationem
1695 1205 1724 1232 et

898 1247 1062 1276 adventum
1073 1247 1395 1284 sanctissimiSpiritus.
1417 1248 1464 1276 Sic
1480 1247 1518 1276 de
1545 1248 1637 1276 rebus
1660 1247 1724 1276 istis

897 1291 1051 1328 loquimur
1064 1294 1093 1320 et
1103 1292 1250 1320 sentimus
1260 1292 1427 1321 orthodoxe
1440 1294 1468 1321 et
1485 1292 1652 1321 secundum
1664 1293 1723 1321 tra-

898 1336 1040 1365 ditionem
1055 1332 1260 1373 apostolorum
1284 1339 1312 1366 et
1330 1338 1461 1372 Patrum,
1477 1345 1540 1366 non
1558 1345 1628 1366 vero
1647 1337 1724 1367 sicut

898 1389 951 1410 vos
965 1381 1079 1409 sentitis
1104 1384 1133 1410 et
1157 1381 1324 1418 loquimini,
1350 1381 1518 1411 secundum
1536 1382 1646 1419 placita
1675 1390 1723 1411 Te-

898 1428 965 1454 straa
979 1426 1181 1462 superciliosae
1197 1426 1345 1463 superbiae
1367 1429 1395 1455 et
1418 1426 1570 1463 opinionis
1593 1429 1622 1456 et
1648 1434 1723 1463 prte-

898 1471 1087 1507 sumptionis.
1105 1471 1163 1500 Sed
1182 1471 1219 1499 de
1234 1471 1296 1499 istis
1309 1471 1413 1500 forsan
1438 1471 1561 1500 abunde
1584 1474 1613 1500 et
1640 1472 1722 1500 sufﬁ-

897 1515 1018 1544 cienter.
1034 1517 1116 1544 Nunc
1129 1516 1194 1551 jam
1212 1517 1333 1552 tempus
1347 1517 1392 1544 est
1404 1515 1572 1544 disserendi
1592 1516 1630 1544 de
1643 1517 1721 1545 statu

897 1560 1079 1594 animarum,
1093 1561 1122 1589 et
1130 1567 1224 1597 quam
1243 1559 1280 1588 de
1292 1560 1349 1588 illis
1367 1561 1436 1596 post
1457 1561 1585 1590 mortem
1606 1561 1722 1589 senten-

897 1604 970 1633 tiam
982 1604 1149 1638 faveamus,
1168 1604 1291 1634 tandem
1306 1603 1484 1641 signiﬁcare.

756 1694 869 1724 Cetera
887 1694 1006 1723 desunt.

86 1805 195 1837 'lfatth.
209 1817 270 1844 xix,
289 1811 316 1839 9.
329 1810 340 1828 ⁹
351 1811 361 1838 l
372 1810 437 1839 Cor.
449 1817 486 1846 vx,
501 1811 543 1838 t6.
