1948 3079
40 109 83 136 485
494 108 733 138 PANTALEONIS
753 109 894 137 DtACONI
915 107 1052 137 CONTRA
1071 108 1226 136 GRAECOS.
1643 101 1700 136 486

579 232 797 280 JACOBI
843 231 1145 279 BASNAGII

329 315 374 348 IN
399 315 663 348 TRACTATUM
688 315 865 348 CONTRA
888 313 1076 347 GRx’ECOS
1101 313 1384 347 OBSERVATIO.

69 431 229 460 Pantaleoni
245 433 383 461 tribuitur
398 433 445 461 hic
461 435 620 465 tractatus;
645 433 675 461 id
688 433 816 460 sensisse
830 432 969 460 videntur
986 431 1158 460 novissimae
1173 431 1358 460 Bibliothecse
1377 431 1499 458 Patrum
1518 429 1647 458 editores
1667 431 1698 458 in

41 477 226 504 admonitione
260 477 300 504 ad
322 477 462 505 lectorem
489 480 562 505 tom.
588 478 674 511 XXVI,
705 477 758 504 ubi
784 476 821 504 de
846 478 959 504 Joanne
985 476 1089 503 (Zaleca
1110 476 1216 510 agitur.
1240 475 1270 503 ld
1294 475 1386 503 sensit
1405 475 1493 502 etiam
1515 474 1697 510 Ciampinus,

40 528 197 557 quanquam
209 520 287 548 alias
303 521 414 549 dubius
424 522 545 554 haereat,
561 524 660 557 utpote
672 522 722 557 qui
737 524 818 549 tract:
832 523 894 549 tum
908 523 940 548 ut
951 528 1139 556 anonymum
1150 520 1292 548 citaverit.
1309 521 1420 547 Revera
1434 519 1499 547 haec
1513 519 1651 554 leguntur
1659 519 1699 546 ad

40 566 113 592 ﬁnem
126 565 235 600 operis,
249 568 413 595 auctorem.
431 569 461 594 ut
476 566 574 602 prima
588 565 684 594 fronte
700 565 824 593 videtur.
837 565 999 593 indicantia
1013 573 1018 592 :
1034 566 1099 599 Ego
1115 565 1279 592 Pantaleon
1292 572 1358 592 cum
1372 571 1460 592 essem
1471 564 1521 599 ibi,
1535 564 1699 592 Constanti-

40 610 131 643 nopoli,
144 610 195 636 ubi
210 609 269 637 hoc
281 613 378 638 actum
395 614 447 644 est,
459 611 515 638 hoc
527 610 638 638 idcirco
649 610 843 638 Memorabile
855 610 925 644 feci.

70 654 121 681 Fuit
134 656 234 681 autem
245 655 407 682 Pantaleon
418 655 566 682 diaconus
581 657 609 682 et
618 654 834 690 chartophylax
843 654 977 682 Ecclesiae
990 653 1336 689 Constantinopolitanm,
1349 655 1377 680 et
1391 661 1427 680 ex
1437 660 1473 680 eo
1485 653 1569 688 quod
1584 652 1700 680 dicatur

42 698 107 734 apud
123 699 304 732 Gretserum,
321 700 371 735 qui
387 700 480 735 ipsius
498 702 655 727 tractatum
670 701 699 726 in
717 700 930 727 exultationem
949 699 1044 726 crucis
1070 698 1169 732 edidit,
1189 698 1345 732 presbyter
1360 698 1532 725 monasterii
1553 697 1699 731 Byzanti-

41 751 138 775 norum,
151 751 186 770 ex
199 743 333 771 diacono
350 744 559 779 presbyterum
580 743 707 778 alicujus
724 743 894 770 monasterii
920 743 1032 770 factum
1056 742 1174 777 conjicit
1195 741 1401 769 Combeﬁsius.
1424 741 1481 777 [psi
1500 741 1601 768 tribuit
1619 741 1699 768 idem

41 787 213 814 t'lomheﬁsius
228 788 387 816 Orationes
403 789 434 815 in
454 788 750 822 transﬁguralionem
764 787 893 814 Domini.
911 788 1093 822 Quanquam
1107 787 1132 813 ei
1152 786 1187 813 sit
1205 786 1306 821 aliqua
1326 786 1466 822 suspicio,
1483 793 1535 813 eas
1551 785 1699 813 orationes

42 831 101 866 stylo
113 832 320 868 discrepantes
335 832 422 860 binos
435 832 547 860 habere
563 835 710 868 parentes.
730 832 861 867 Denique
876 831 972 859 eidem
990 830 1161 858 Pantaleoni
1176 830 1489 866 asseruitopusculum
1501 830 1537 857 de
1546 830 1699 858 miraculis

42 876 184 909 Michaelis,
198 876 285 912 quod
304 877 410 912 legitur
429 877 511 912 apud
533 877 661 910 Surium,
677 877 808 912 indeque
829 876 989 909 concludit,
1006 875 1218 902 Pantaleonem
1232 874 1339 902 vixisse
1353 875 1404 902 diu
1419 876 1487 910 post
1501 873 1699 906 Theodoram,

42 928 94 947 cum
108 921 249 949 miracula
265 921 357 956 longo
369 923 504 957 tempore
520 924 588 957 post
599 921 794 957 imperatricis
814 920 930 948 obitum
942 922 1060 956 patrata
1074 919 1248 947 narraverit.

69 966 126 997 Quae
141 965 314 993 Combeﬁsii
330 966 501 1001 conjectura
515 966 586 993 satis
599 966 721 995 indicat.
737 965 793 1001 ipsi
809 964 901 992 fuisse
914 965 1059 992 incertam
1076 963 1265 992 Pantaleonis
1281 965 1410 995 tetatem,
1426 963 1553 999 ideoque
1568 971 1630 991 non
1643 963 1700 998 ipsi

43 1009 186 1037 vindicasse
206 1010 384 1038 Tractatum
399 1013 506 1038 contra
521 1011 638 1038 Graecos
654 1010 741 1045 cujus
757 1017 868 1045 parens
882 1009 986 1046 procul
998 1009 1092 1037 dubio
1107 1016 1156 1036 an.
1174 1010 1238 1036 t252
1250 1008 1356 1036 vixisse
1365 1007 1485 1042 debuit;
1500 1008 1584 1036 aliter
1598 1011 1700 1036 tamen

41 1053 86 1085 alii,
98 1056 125 1082 ut
133 1055 273 1090 superius
287 1054 492 1082 observatum.

68 1099 115 1125 Nos
136 1099 216 1126 hunc
228 1101 405 1131 tractatum,
419 1099 448 1126 in
464 1107 525 1135 quo
542 1099 638 1127 multa
650 1101 811 1126 occurrunt
822 1097 1146 1133 observationezdigna,
1159 1097 1188 1125 in
1204 1098 1262 1125 tres
1277 1098 1378 1133 partes
1393 1096 1615 1132 distinguimus,
1631 1104 1699 1132 qua“.

44 1144 74 1169 tot
84 1143 205 1171 habeant
225 1147 375 1172 auctores.

70 1188 136 1216 Prior
142 1197 222 1225 pars,
230 1197 302 1225 quin
313 1193 444 1225 quatuor
452 1189 677 1217 dissertationes
689 1188 835 1216 adversus
845 1189 962 1216 Graecos
973 1186 1114 1219 continet,
1122 1194 1183 1214 non
1193 1186 1284 1214 modo
1294 1185 1372 1213 edita
1385 1188 1429 1213 est
1440 1185 1702 1220 Constantinopoli

45 1232 66 1258 in
79 1233 178 1261 adibus
192 1234 341 1262 Fratrum
359 1234 598 1262 Przdicatorum
614 1241 663 1262 an.
683 1235 759 1265 1252,
775 1235 806 1260 ut
819 1231 874 1260 fert
888 1232 1008 1264 titulus;
1035 1231 1087 1259 sed
1107 1230 1146 1259 ab
1165 1230 1239 1267 ipsis
1261 1230 1414 1258 Fratribus
1429 1230 1631 1258 Dominicanis
1646 1229 1701 1257 fuit

44 1278 205 1306 concinnata.
222 1279 272 1307 Sic
287 1280 366 1306 enim
378 1279 435 1315 ipsi
446 1279 623 1315 loquuntur:
637 1279 708 1306 Hrec-
722 1278 839 1312 scripta
851 1281 921 1305 sunt
932 1284 1012 1304 anno
1026 1277 1137 1309 1252,in
1152 1276 1271 1303 civitate
1286 1276 1549 1309 Constantinopoli
1558 1283 1576 1303 a
1586 1275 1702 1303 Fratri-

45 1321 83 1348 bus
92 1323 339 1351 Przdicatoribus
353 1324 392 1352 ad
407 1323 631 1358 aediﬁcationem
645 1326 671 1351 et
687 1323 856 1358 profectum
871 1323 1053 1356 animarum,
1069 1321 1109 1349 ad
1124 1320 1242 1348 laudem
1254 1322 1281 1348 et
1296 1320 1423 1355 gloriam
1434 1320 1537 1348 Patris
1548 1322 1576 1348 et
1587 1320 1661 1347 Filii
1673 1321 1701 1347 et

45 1366 150 1399 Spiritus
165 1369 276 1396 sancti.
288 1369 393 1396 Amen.

71 1411 122 1438 Duo
133 1413 359 1441 suntnotantia:
379 1415 415 1440 in.
427 1412 476 1440 Hic
487 1413 621 1440 desinere
637 1420 713 1448 opus
730 1411 813 1446 illud,
831 1410 913 1447 quod
926 1412 1110 1438 tentaverant
1124 1411 1249 1444 Fratres;
1263 1409 1303 1436 illi
1314 1409 1423 1444 quippe
1434 1411 1564 1444 quatuor
1572 1408 1702 1444 capitula

46 1455 163 1485 adversus
175 1459 293 1486 Graecos
302 1458 512 1494 probaverant.
522 1457 629 1485 deinde
641 1456 810 1484 clausulam
822 1457 927 1489 Amen,
936 1455 1072 1491 quatinis
1083 1455 1180 1490 operis
1194 1453 1353 1486 indicatur,
1362 1453 1549 1488 adjecerunt:
1559 1454 1700 1488 denique,

45 1503 66 1526 ut
79 1502 177 1536 patebit
191 1502 407 1539 inferius,qu:e
421 1506 588 1539 sequuntur
598 1510 632 1529 ex
647 1502 712 1530 aliis
726 1501 845 1537 scriptis
859 1502 929 1527 sunt
939 1501 1087 1534 excerpta.
1105 1500 1144 1526 2°.
1158 1498 1228 1525 lnde
1255 1500 1333 1533 patet
1344 1497 1554 1524 Pantaleonem
1566 1504 1627 1524 non
1636 1505 1701 1524 esse

46 1544 114 1580 hujus
128 1547 223 1583 scripti
235 1550 401 1580 auctorem,
419 1550 520 1583 utpote
533 1547 583 1583 qui
601 1546 747 1574 diaconus
766 1549 816 1573 aut
832 1543 998 1581 aliquando
1010 1543 1182 1571 monasterii
1201 1542 1369 1578 presbyter,
1382 1549 1442 1569 non
1450 1549 1521 1568 vero
1535 1541 1701 1568 monachus

48 1589 148 1619 dicatur.
162 1595 196 1620 At
213 1592 375 1620 indubium
392 1594 445 1626 est,
457 1591 541 1619 illum
558 1594 717 1619 tractatum
730 1599 748 1618 ει
763 1589 921 1618 monachis
935 1587 1103 1615 confectum
1119 1587 1222 1619 fuisse,
1236 1589 1264 1614 et
1279 1593 1468 1621 anonymum
1483 1592 1637 1613 remanere
1652 1585 1702 1612 de-

49 1633 136 1669 buisse,
149 1641 179 1664 ut
192 1637 290 1664 solent
303 1645 370 1673 qum
380 1637 467 1671 jussu
483 1639 610 1672 etopera
618 1635 860 1670 congregationis
873 1633 999 1668 alicujus
1009 1632 1119 1668 scripta
1133 1634 1202 1658 sunt
1214 1640 1220 1658 :
1237 1630 1306 1658 ideo
1320 1630 1466 1666 plurimos
1477 1631 1613 1657 auctores
1627 1637 1702 1665 prse-

50 1677 88 1706 tert
100 1683 124 1708 et
137 1689 252 1717 semper
269 1681 377 1718 plurali
388 1689 514 1708 numero
529 1688 595 1708 sese
611 1680 744 1708 indicant
759 1681 914 1707 auctores:
931 1678 967 1705 In
981 1677 1124 1712 prooemio
1140 1676 1231 1711 hujus
1246 1675 1384 1709 opusculi
1399 1675 1497 1702 testati
1509 1682 1621 1702 sumus.

76 1724 196 1753 Secunda
209 1734 281 1762 pars
297 1733 358 1753 non
375 1725 715 1757 fuitDominicanorum,
728 1724 779 1751 sed
795 1723 928 1758 Hugonis
942 1722 1112 1754 rEtheriani,
1130 1722 1179 1757 qui
1197 1720 1307 1748 saeculo
1315 1719 1462 1756 praeterito
1477 1721 1593 1747 Graecos
1601 1718 1703 1747 confu-

53 1770 151 1797 taverat.
168 1771 252 1798 Miror
266 1770 325 1798 hoc
341 1777 401 1797 non
421 1769 529 1797 vidisse
543 1769 622 1796 viros
637 1769 778 1801 eruditos,
800 1768 921 1804 quippe,
939 1769 979 1797 3ο,
997 1767 1038 1794 sic
1051 1766 1216 1803 loquuntur
1236 1767 1348 1793 Fratres
1364 1764 1573 1792 Prmdicatores
1590 1773 1597 1791 :
1623 1763 1704 1798 Quod

51 1812 100 1840 licet
106 1815 163 1847 jam
174 1817 307 1850 quatuor
317 1814 403 1842 dictis
412 1813 549 1842 articulis
561 1813 790 1847 demonstretur,
800 1817 897 1840 tamen
908 1813 1008 1840 adhuc
1017 1813 1047 1839 in
1059 1811 1104 1839 his
1113 1819 1178 1847 quav
1188 1810 1320 1845 subjecta
1329 1813 1398 1837 sunt
1410 1809 1585 1843 ostenditur,
1594 1817 1659 1845 quae
1667 1816 1705 1838 ea:

50 1856 116 1885 dictis
126 1860 260 1894 magistri
271 1860 408 1894 Hugonis
425 1858 604 1886 (Etim-iani
613 1865 711 1892 nuper
724 1859 859 1885 extracta
870 1857 939 1884 huic
952 1857 1035 1891 operi
1047 1856 1190 1884 duximus
1202 1854 1366 1883 inserenda.
1381 1854 1492 1882 Dicunt
1505 1854 1582 1882 enim
1594 1857 1622 1881 et
1631 1854 1704 1881 sori-

52 1900 115 1935 bunt,
129 1905 179 1930 etc.
197 1904 286 1931 Vides
300 1903 348 1931 hic
363 1901 446 1930 ﬁnito
460 1910 559 1938 opere,
574 1902 715 1938 quaedam
732 1910 767 1929 ex
780 1901 912 1937 Hugonis
928 1901 1045 1929 Etherii
1062 1901 1179 1936 scriptis
1194 1899 1292 1935 adjici.
1311 1899 1388 1932 Quid
1403 1898 1590 1926 evidentius?
1607 1900 1710 1926 Unum‘

52 1946 130 1974 tamen
144 1947 211 1975 addi
227 1950 337 1984 potest,
355 1947 448 1975 multa
459 1946 499 1974 ibi
513 1946 570 1974 dici
581 1954 650 1982 quae
669 1945 819 1974 Fratribus
836 1946 1084 1984 Praedicatoribus
1103 1952 1166 1972 non
1182 1943 1371 1972 conveniant.
1386 1943 1497 1971 Asserit
1511 1945 1624 1976 auctor,
1640 1950 1705 1971 sese

52 1989 112 2018 velut
128 1992 308 2027 singularem
319 1999 482 2028 personam
498 1991 644 2023 indicans,
661 1990 772 2018 vidisse
788 1991 956 2018 sacerdotes
972 1989 1096 2018 sacratis
1113 1988 1255 2017 manibus
1271 1989 1324 2024 qui
1334 1989 1390 2016 viri
1408 1989 1588 2023 sanguinum
1602 1990 1704 2021 essent,

51 2034 106 2063 dum
117 2042 306 2072 sequerentur
322 2039 531 2072 imperatorem
548 2044 604 2071 per
623 2036 847 2074 Cappadociam
860 2037 1080 2070 Persarumque
1097 2034 1240 2069 regiones.
1265 2033 1389 2068 Subjicit
1410 2032 1519 2060 deinde
1543 2040 1574 2060 se
1595 2031 1705 2059 vidisse

52 2079 149 2108 clericos
164 2082 321 2118 fustigatos
337 2084 365 2109 et
379 2081 561 2111 verberatos.
578 2081 696 2108 sublata
709 2081 792 2116 prius
811 2083 934 2116 τιματίῳ,
951 2080 1008 2107 hoc
1024 2080 1070 2106 est
1088 2081 1166 2106 veste
1185 2078 1330 2109 clericali,
1346 2078 1437 2113 idque
1453 2077 1509 2114 ipsi
1526 2076 1659 2104 evenisse
1675 2075 1705 2102 in

53 2124 131 2153 Nicaea
141 2128 265 2155 civitate.
284 2130 327 2154 An
343 2126 448 2154 credas
464 2127 597 2153 Fratrum
610 2133 732 2161 gregem
748 2125 879 2160 vestigiis
890 2124 1079 2160 imperatoris
1095 2122 1347 2157 adhcesisse,dum
1360 2121 1522 2150 Orientales
1534 2121 1709 2158 peragraret

54 2170 191 2205 regiones?
208 2172 329 2206 Deinde,
351 2171 418 2207 quis
435 2171 597 2207 imperator
613 2170 661 2197 ille
675 2170 689 2197 ἱ)
704 2172 746 2197 An
764 2169 927 2197 Balduinus
950 2170 981 2202 tl,
1004 2168 1055 2204 qui
1075 2175 1090 2195 e
1110 2170 1194 2203 parte
1214 2167 1386 2195 Latinorum
1404 2167 1555 2202 praeerat?
1580 2164 1637 2194 Sed
1658 2165 1705 2192 hic

55 2213 175 2243 adversus
186 2217 290 2244 Persas
303 2215 414 2243 bellum
425 2223 584 2250 nunquam
600 2215 701 2249 gessit.
717 2215 823 2241 Verum
837 2213 961 2250 quidem
973 2215 1027 2246 est,
1039 2213 1187 2240 Joannem
1198 2212 1359 2245 Vatatzem,
1371 2219 1462 2247 quem
1473 2211 1588 2239 Ducam
1604 2209 1706 2246 appel-

54 2255 103 2285 lant
114 2259 236 2295 plurimi,
252 2260 356 2288 Nicaeae
371 2259 474 2287 sedem
488 2258 675 2294 imperialem
691 2258 843 2285 habuisse.
861 2256 1091 2286 Sed'verisimile
1107 2264 1169 2284 non
1192 2255 1224 2283 ﬁt
1246 2255 1459 2284 Prmdicatores
1478 2263 1515 2283 eo
1529 2258 1663 2291 tempore
1675 2253 1707 2282 in

56 2302 106 2335 ejus
116 2303 209 2332 aulam
223 2305 376 2332 admissos
391 2304 496 2331 itinera
511 2311 580 2331 cum
596 2303 662 2338 ipso
677 2303 761 2330 varia
773 2302 947 2330 confecisse.
963 2303 1030 2330 Haec
1043 2309 1104 2329 non
1119 2300 1212 2328 modo
1223 2300 1406 2332 verisimilia,
1421 2299 1474 2328 sed
1489 2307 1560 2328 vera
1581 2301 1651 2328 sunt
1668 2298 1707 2326 de

56 2346 170 2380 :Etherio.
192 2350 255 2385 qui.
278 2356 348 2376 cum
372 2348 469 2383 gratia
487 2355 608 2375 summa
628 2346 752 2383 polleret
774 2347 858 2382 apud
873 2346 1036 2374 Manuelem
1053 2345 1251 2378 Comnenum,
1268 2345 1378 2372 Latinis
1392 2344 1544 2372 faventem
1556 2346 1585 2372 et
1597 2344 1707 2380 saepius

57 2389 177 2419 adversus
189 2394 298 2421 Turcas
311 2393 536 2427 Saracenosque
550 2391 787 2426 belligerantem,
798 2390 899 2426 ipsum
912 2398 965 2427 per
972 2390 1072 2419 varios
1084 2398 1172 2418 casus
1183 2391 1211 2417 et
1219 2389 1394 2417 discrimina
1403 2397 1503 2417 rerum
1512 2389 1704 2425 sequebatur.

58 2433 134 2463 Unum
146 2437 231 2472 objici
245 2440 351 2474 potest,
362 2444 431 2473 quas
446 2436 586 2471 leguntur
600 2436 630 2463 in
650 2436 796 2464 Tractatu
811 2438 918 2464 contra
932 2436 1050 2463 Grzcos
1064 2442 1126 2462 non
1140 2433 1262 2470 reperiri
1275 2433 1356 2470 apud
1368 2433 1535 2462 Etherium
1548 2443 1554 2465 ;
1570 2433 1623 2461 sed
1636 2433 1707 2461 inde

58 2484 120 2507 nova
132 2481 195 2509 oriri
209 2484 305 2518 potest
319 2481 500 2516 conjectura,
515 2480 647 2516 plurima
660 2480 792 2508 edidisse
814 2479 975 2508 Etherium
991 2478 1138 2515 opuscula
1158 2478 1305 2506 adversus
1320 2478 1447 2511 Graecos,
1461 2486 1497 2506 ex
1511 2477 1622 2514 quibus
1637 2484 1706 2512 quae

57 2520 94 2550 hic
106 2525 284 2559 proferuntur
299 2525 408 2554 fuerint
422 2527 571 2561 excerpta.

85 2568 167 2597 Tertia
178 2570 306 2607 denique
319 2578 390 2607 pars
404 2570 495 2606 hujus
509 2569 619 2605 scripti,
634 2569 674 2597 ab
689 2568 753 2597 aliis
765 2568 854 2605 plane
866 2569 995 2601 diversa,
1010 2568 1142 2597 continet
1156 2570 1274 2597 tantum
1294 2567 1496 2596 narrationem
1510 2566 1638 2602 portenti
1652 2573 1704 2594 cu-

59 2609 159 2643 lUSdam
172 2615 250 2651 quod
263 2615 446 2651 temporibus
459 2613 608 2643 Michaelis
622 2613 763 2642 Cerularii
775 2613 879 2642 debuit
890 2613 1035 2642 evenisse.
1053 2612 1110 2641 Sed
1122 2620 1184 2641 non
1197 2613 1294 2649 potuit
1305 2612 1416 2641 habere
1430 2612 1543 2639 Fratres
1563 2610 1706 2638 Praedica-

62 2657 123 2685 tores
136 2663 276 2694 auctores,
290 2661 343 2698 qui
357 2660 441 2698 prius
455 2660 520 2688 fuse
533 2661 658 2695 egerant
671 2659 709 2687 de
723 2658 883 2688 schismate
897 2657 1056 2691 Michaelis,
1073 2659 1101 2686 et
1113 2665 1151 2686 ne
1165 2657 1292 2686 verbum
1305 2656 1429 2693 quidem
1450 2655 1488 2684 de
1502 2655 1552 2684 illo
1567 2657 1706 2692 portento

63 2699 186 2738 dixerant,
202 2705 343 2742 quodque
360 2705 427 2733 huic
442 2705 524 2741 operi
541 2705 604 2732 sine
619 2704 717 2732 ﬁbula
727 2703 781 2732 fuit
794 2703 928 2732 afﬁxum.
944 2702 997 2730 Illa
1007 2703 1105 2730 brevis
1121 2701 1252 2730 narratio
1266 2703 1364 2738 potest
1372 2708 1436 2728 esse
1451 2700 1649 2733 Pantaleonis,
1659 2701 1707 2728 cui

63 2745 125 2775 male
138 2749 224 2779 totum
237 2758 313 2788 opus
327 2750 514 2779 adscribitur.
