1948 3079
225 87 279 117 487

825 85 1065 119 PANTALEONIS
1085 87 1227 119 DIACONI
1246 90 1298 119 ΟΡ.

1860 89 1922 118 488

905 226 1223 269 TRACTATUS

500 333 786 388 CONTRA
820 335 1153 391 ERRORES
1190 333 1630 401 GR/ECORUM,

330 449 385 481 DE
406 448 698 481 PROCESSIONE
721 449 919 482 SPIRITUS
942 451 1105 484 SANCTI.
1128 451 1183 483 DE
1205 451 1431 484 ANIMABUS
1454 449 1791 483 DEFUNCTORUM.

743 517 798 548 DE
818 517 981 549 AZYMIS
1003 518 1057 550 ET
1077 518 1380 556 FERMENTATO,

659 584 714 615 DE
739 583 996 616 OBEDIENTIA
1016 585 1213 618 ROMANIE
1234 585 1463 623 ECCLESL‘E,

306 648 418 680 Editus
448 648 734 690 Constantinopoli,
764 650 796 681 in
824 651 949 683 aedibus
981 652 1127 683 Fratrum
1157 652 1422 689 Prmdicatorum,
1455 661 1539 683 anno
1571 651 1699 683 Domini
1730 651 1827 682 1252.

262 809 339 838 Licet
350 810 515 837 Graecorum
530 810 695 838 Ecclesiam
710 810 853 840 virtutum
874 811 999 840 ﬂoribus
1019 812 1047 840 et
1060 813 1084 840 Α
1103 813 1245 840 creatura:
1260 811 1397 841 fermeuti
1409 811 1536 840 termino
1545 811 1647 840 volens
1660 812 1915 845 coarctare,voce

225 854 422 891 philosophia
444 854 547 882 studiis
571 855 641 883 olim
665 855 839 884 decoratam
861 856 1044 892 noverimus,

225 906 281 927 nec
298 907 359 927 non
379 901 408 927 et
429 902 601 928 sanctorum
620 901 749 934 Patrum,
771 900 998 937 prophetarum,
1019 903 1048 929 et

225 943 432 980 apostolorum
456 943 548 972 veloci
565 952 654 972 cursu
667 944 787 973 calcans
803 945 938 980 vestigia,
953 953 1047 982 quam

225 988 325 1024 plures
341 996 377 1016 ex
393 996 423 1015 se
442 987 526 1016 vivos
541 991 570 1016 et
581 988 691 1023 ignitos
706 989 823 1026 lapides
839 990 871 1018 in
886 989 1048 1018 aediﬁcium

224 1041 361 1070 supernae
400 1032 563 1061 Jerusalem
600 1033 717 1062 dudum
749 1034 947 1062 transmiserit
978 1042 1047 1063 con-

223 1077 411 1112 struendum,
426 1085 507 1105 nunc
519 1079 619 1106 tamen
635 1078 665 1105 in
685 1078 744 1107 ﬁne
766 1080 946 1115 temporum,
964 1079 1047 1115 quod

224 1123 287 1150 sine
302 1122 385 1157 gravi
396 1129 524 1149 maerore
542 1122 674 1157 proferre
689 1130 751 1150 non
766 1119 939 1159 possumus,
961 1123 1047 1150 innu-

224 1167 314 1195 meris
325 1168 352 1194 et
366 1166 489 1194 diversis
503 1174 638 1194 errorum
650 1166 810 1195 obfuscata
822 1166 1001 1200 turbinibus,
1015 1167 1046 1195 in

223 1211 329 1240 eadem
336 1211 462 1246 caligine
469 1219 592 1238 suarum
598 1211 785 1247 opinionum,
792 1211 911 1240 diversa
918 1215 1047 1240 asancta

223 1257 357 1284 Romana
372 1255 502 1283 Ecclesia
518 1257 697 1291 perseverat.
724 1257 755 1283 Et
778 1255 916 1291 quamvis
929 1255 1046 1284 inﬁnita

220 1300 382 1329 haeresium
397 1300 531 1335 germina
546 1307 564 1327 a
585 1299 722 1327 trecentis
740 1300 892 1335 octoginta
904 1300 1003 1334 annis,
1017 1303 1047 1328 et

222 1345 310 1379 circa,
335 1344 366 1372 id
385 1347 438 1377 est,
461 1352 479 1372 a
500 1346 633 1380 tempore
660 1344 763 1376 Photii,
785 1344 830 1372 vel
852 1344 967 1373 Photini
994 1346 1043 1381 (t),

220 1389 311 1426 primi
325 1389 415 1424 hujus
431 1389 601 1416 schismatis
615 1389 789 1422 inventoris,
801 1389 832 1417 in
847 1389 972 1418 diversis
983 1390 1045 1418 suis

221 1433 366 1470 partibus,
392 1436 514 1469 propter
536 1433 685 1461 defectum
707 1434 849 1468 scientiae,
871 1436 900 1462 et
925 1434 1044 1462 invidiae

1101 856 1280 892 blaspheme
1289 856 1441 893 praedicat,
1451 865 1513 884 non
1523 856 1580 884 nisi
1593 856 1624 884 in
1637 855 1808 884 fermentati
1819 854 1914 892 panis

1102 901 1229 929 materia
1243 901 1345 937 perﬁci
1356 909 1445 938 posse
1458 901 1635 937 mysterium
1648 900 1848 929 sacramenti.
1862 899 1912 927 His

1100 945 1201 982 itaque
1215 945 1296 981 ﬁdei,
1318 949 1346 974 et
1368 946 1530 980 charitatis,
1546 945 1671 982 speique
1690 945 1871 978 virtutibus,
1895 952 1913 972 a

1101 990 1243 1018 cordibus
1255 990 1390 1019 fidelium
1403 991 1484 1019 dicto
1499 990 1599 1019 studio
1614 992 1643 1019 et
1656 989 1763 1018 ordine
1777 988 1892 1018 deletis
1905 997 1912 1016 :

1101 1034 1216 1069 ultimo,
1242 1034 1274 1063 in
1303 1035 1391 1064 totius
1424 1034 1719 1063 consummationem
1752 1033 1911 1070 nequitiae,

1101 1081 1243 1115 quartum
1258 1087 1324 1108 eam
1335 1079 1386 1113 (ad
1396 1087 1490 1116 quam
1501 1079 1610 1107 horum
1625 1081 1653 1107 et
1667 1077 1815 1106 similium
1829 1085 1913 1105 erro-

1100 1131 1169 1152 rum
1180 1126 1296 1160 spectat
1305 1124 1470 1159 correctio),
1480 1123 1512 1152 id
1520 1126 1572 1157 est,
1583 1125 1719 1152 sanctam
1732 1123 1911 1151 Romanam

1102 1168 1275 1202 Ecclesiam,
1285 1168 1477 1204 aggreditur;
1493 1176 1548 1196 nec
1561 1167 1587 1196 ei
1598 1167 1807 1196 obediendum
1824 1174 1912 1194 com-

1101 1212 1231 1240 muniter
1250 1212 1412 1242 asserendo
1433 1212 1586 1250 pradicet,
1606 1211 1742 1241 moribus
1759 1211 1908 1243 afﬁrmat,

1101 1259 1129 1285 et
1140 1257 1224 1285 factis
1237 1257 1316 1286 dicit.

1137 1303 1245 1330 Contra
1254 1310 1331 1339 quos
1342 1309 1456 1330 errores
1471 1301 1626 1338 pestiferos
1638 1300 1781 1338 quamvis
1797 1299 1909 1328 multo-

1100 1355 1166 1374 rum
1173 1347 1238 1383 jam
1245 1346 1380 1374 ﬁdelium
1387 1346 1545 1375 desudavit
1551 1345 1647 1379 labor,
1655 1347 1684 1374 et
1693 1345 1829 1381 plurima.
1836 1344 1908 1372 scri-

1099 1393 1152 1428 pta
1158 1391 1197 1419 ad
1203 1391 1408 1420 defensionem
1414 1399 1492 1419 verae
1498 1390 1725 1419 ﬁdeicatholicae
1732 1389 1906 1418 dimiserint

1099 1435 1295 1472 perlegenda:
1309 1436 1382 1472 quia
1395 1438 1496 1464 tamen
1506 1434 1645 1464 moderni
1657 1434 1845 1469 Grasci,novi
1853 1441 1905 1470 pa-

221 1477 461 1512 amaritudinem,
476 1478 631 1506 manifeste
647 1478 877 1514 pullulaverint:
894 1479 1044 1515 praecipue
1060 1488 1080 1516 Β
1099 1480 1178 1515 riter,
1195 1482 1224 1508 et
1237 1480 1353 1516 antiqui
1371 1479 1564 1513 schismatici,
1583 1487 1638 1507 nec
1654 1479 1844 1514 argumentis
1857 1477 1903 1505 vel

219 1525 320 1552 tamen
340 1522 371 1550 in
392 1525 522 1558 quatuor
537 1522 666 1550 articulis
689 1522 872 1558 generaliter,
889 1531 942 1551 seu
961 1531 1041 1552 com-

217 1567 347 1596 muniter
360 1567 544 1602 dignoscitur
554 1567 673 1595 deviare
684 1575 702 1596 a
714 1567 813 1595 nobis.
830 1568 964 1600 Quorum
977 1567 1042 1604 pri-

217 1620 296 1645 mus,
310 1612 382 1648 quia
393 1611 432 1639 ab
446 1612 511 1647 ipsa
523 1611 624 1639 divina
640 1611 795 1646 majestate
813 1612 969 1645 inchoans,
990 1620 1042 1640 ore

216 1656 332 1693 polluto
345 1656 475 1684 afﬁrmat
494 1658 598 1684 contra
612 1656 797 1691 opinionem,
808 1656 870 1684 imo
884 1656 976 1684 ﬁdem
992 1664 1041 1684 ca-

216 1701 368 1733 tholicam,
394 1701 511 1728 tertiam
534 1708 696 1735 personam
717 1700 748 1728 in
766 1700 914 1733 Trinitate,
937 1700 969 1728 id
985 1702 1040 1735 est,

217 1745 358 1780 Spiritum
379 1747 516 1772 sanctum
540 1755 552 1769 ‹‹
573 1752 591 1772 a
611 1745 681 1772 Filio
698 1744 821 1773 minime
837 1744 1010 1781 procedere,
1024 1756 1039 1770 ›ι

216 1788 261 1816 vel
277 1788 394 1824 spirari,
408 1791 458 1816 aut
473 1788 674 1816 exsistentiam
686 1788 808 1817 habere.

252 1832 407 1861 Secundus
423 1835 534 1865 autem,
547 1833 713 1860 secundum
724 1832 889 1869 theologos,
899 1833 1040 1862 virtutem

215 1884 342 1905 numero
353 1877 529 1912 secundam,
543 1877 572 1904 id
586 1879 630 1904 est
640 1885 725 1913 spem
735 1877 880 1912 ﬁdelium,
890 1878 1040 1908 virulento

215 1921 375 1950 conanime
387 1921 555 1950 interimere
575 1921 709 1953 studens,
727 1922 844 1956 asserit,
858 1934 868 1947 ι
885 1923 1039 1952 defuncto-

213 1974 281 1995 rum
300 1967 418 1995 animas
437 1975 493 1994 nec
508 1966 643 1995 Paradisi
659 1966 776 2001 gaudiis
787 1967 910 2003 perfrui,
924 1976 980 1996 nec
992 1970 1038 1997 in-

214 2011 368 2040 fernorum
391 2011 554 2048 suppliciis,
581 2011 627 2039 vel
648 2011 716 2047 igne
736 2013 918 2048 purgatorio,
938 2024 949 2038 »
964 2013 1039 2042 citra

214 2056 293 2084 diem
302 2056 415 2092 judicii,
424 2059 476 2084 aut
490 2058 557 2083 ante
570 2055 663 2083 latam
673 2056 851 2085 sententiam
859 2059 1038 2093 extremam,

209 2101 330 2136 judiciis
344 2109 432 2137 posse
445 2101 611 2136 subjacere.

249 2145 365 2174 Tertius
381 2153 450 2174 vero
464 2145 565 2182 ipsam
575 2146 789 2182 omnipotentis
809 2146 859 2175 Dei
871 2147 1038 2183 potentiam

1096 1525 1274 1558 rationibus,
1290 1532 1346 1553 nec
1360 1532 1453 1552 sacrae
1464 1524 1624 1560 Scripturaa
1640 1523 1833 1559 testimoniis,
1847 1522 1902 1550 nisi

1098 1577 1224 1597 suorum
1234 1569 1351 1605 scriptis
1362 1568 1662 1605 sanctorum,quibus
1673 1568 1846 1604 plurimum
1859 1568 1903 1595 in-

1096 1614 1232 1642 nituntur
1243 1616 1303 1642 tam
1314 1613 1507 1650 apocryphis,
1521 1621 1615 1650 quam
1627 1613 1715 1643 veris,
1729 1611 1842 1640 nolunt
1857 1619 1903 1639 su-

1097 1658 1194 1694 perari
1204 1667 1211 1686 :
1223 1658 1360 1686 fraternis
1367 1665 1489 1694 quoque
1499 1657 1639 1694 precibus
1646 1656 1902 1693 inclinatus,qua-

1096 1701 1161 1730 liter
1171 1709 1207 1730 ex
1217 1702 1279 1730 suis
1292 1701 1375 1730 libris
1390 1709 1495 1730 eorum
1507 1701 1702 1729 convincatur
1720 1700 1899 1736 pertinacia,

1096 1746 1213 1782 virtute,
1229 1754 1292 1783 qua
1305 1748 1421 1782 potero,
1434 1745 1591 1774 ostendere
1605 1744 1765 1774 laborabo.

1133 1791 1161 1819 Si
1188 1790 1262 1827 quid
1280 1798 1351 1825 ergo
1365 1790 1461 1825 vobis,
1477 1789 1567 1818 frater
1590 1789 1776 1824 charissime,
1800 1789 1833 1816 in
1854 1788 1900 1816 his

1096 1838 1215 1871 gratum
1222 1835 1317 1869 fuerit,
1327 1834 1365 1862 ad
1374 1834 1487 1863 fontem
1495 1834 1646 1862 bonorum
1654 1834 1792 1862 omnium
1802 1834 1898 1862 Deum

1095 1881 1264 1912 referentes,
1272 1880 1308 1915 ei,
1316 1879 1364 1908 cui
1373 1887 1464 1908 omne
1474 1887 1526 1907 cor
1536 1881 1627 1916 patet,
1638 1881 1666 1908 et
1680 1878 1782 1907 omnis
1793 1878 1898 1906 volun—

1095 1926 1141 1953 tas
1165 1924 1306 1961 loquitur,
1331 1924 1501 1952 orationum
1519 1923 1689 1960 frequentia
1714 1930 1764 1950 me
1788 1921 1897 1950 sedulo

1095 1969 1316 1997 commendata.
1336 1969 1364 1996 Si
1387 1976 1449 2004 qua
1468 1975 1548 2001 vero,
1568 1970 1676 2005 praeter
1696 1967 1896 1995 intentionem

1095 2021 1204 2048 meam,
1213 2013 1432 2042 minusveritati
1441 2020 1575 2040 consona
1584 2011 1894 2048 forsanapparebunt,

1093 2061 1200 2087 vestrae
1223 2057 1413 2086 correctionis
1437 2057 1511 2085 lima
1538 2056 1701 2093 depuretis,
1725 2055 1765 2084 ad
1791 2056 1895 2084 lumen

1093 2103 1224 2131 veritatis
1239 2102 1429 2131 charitatisve
1442 2101 1631 2134 reducentes,
1647 2108 1723 2129 mea:
1736 2100 1895 2136 imperitiae

1094 2150 1122 2176 et
1135 2147 1286 2176 brevitatis
1298 2147 1407 2184 inopiae
1417 2146 1538 2175 veniam
1553 2145 1734 2175 concedatis.

682 2235 920 2271 SEQUUNTUR
939 2236 1161 2267 OPINIONES
1179 2236 1421 2266 GR/ECORUM.

213 2299 353 2336 Rationes
365 2298 546 2336 rGrzecorum
561 2298 602 2326 ad
610 2299 740 2333 primum
757 2299 921 2336 articulum
931 2309 942 2327 :
957 2301 1038 2336 quod

314 2335 446 2369 Spiritus
459 2338 580 2362 sanctus
593 2342 652 2362 non
660 2335 806 2369 procedat
817 2335 934 2364 aFilio.

248 2387 339 2423 Igitur
353 2387 445 2415 Grmci
458 2388 589 2424 primum
604 2387 762 2416 articulum
776 2388 838 2416 suis
856 2388 1035 2425 rationibus,

211 2433 240 2460 et
253 2432 465 2461 auctoritatum
476 2432 653 2461 testimoniis
669 2432 829 2461 defendere
839 2432 984 2469 volentes,
995 2433 1037 2462 ita

210 2477 386 2514 procedunt.

245 2522 364 2550 Primo:
383 2522 411 2550 Si
425 2521 549 2558 Spiritus
562 2523 693 2555 sanctus,
707 2520 858 2557 inquiunt,
876 2522 1038 2558 procedits.

209 2567 473 2600 Patre,secundum
481 2565 685 2601 Evangelium,
694 2566 1037 2603 autproceditperfecte;

210 2612 283 2644 sive,
301 2612 352 2640 illa
371 2611 525 2648 processio
539 2610 670 2646 perfecta
689 2612 745 2645 est,
763 2612 905 2639 autnon:
932 2611 957 2639 si
969 2619 1037 2648 per-

209 2656 296 2691 fecta,
309 2659 342 2685 ut
355 2655 536 2688 concedetis,
549 2663 643 2691 quare
663 2662 787 2683 necesse
804 2657 860 2691 est,
881 2657 913 2684 ut
927 2664 946 2685 a
965 2655 1036 2684 Filio

1093 2300 1239 2337 procedat
1253 2299 1378 2336 Spiritus
1389 2299 1529 2327 sanctus?
1541 2299 1616 2334 Ergo
1627 2296 1892 2334 superﬂuitsecun‘

1093 2345 1136 2374 da
1153 2345 1315 2381 processio,
1335 2343 1419 2380 quod
1439 2345 1483 2372 est
1504 2342 1702 2380 superﬂuum,
1718 2344 1771 2371 aut
1790 2343 1892 2371 incon-

1093 2390 1217 2418 veniens
1231 2390 1262 2417 in
1275 2388 1442 2417 Divinitate.
1460 2389 1546 2424 Ergo,
1562 2390 1618 2417 etc.

1130 2434 1214 2467 Item,
1229 2441 1298 2462 cum
1315 2441 1377 2461 una
1399 2433 1438 2461 sit
1449 2440 1542 2461 causa
1556 2434 1585 2460 et
1598 2432 1666 2460 fons
1680 2432 1711 2460 in
1724 2431 1888 2467 Divinitate,

1094 2478 1204 2507 scilicet
1222 2479 1316 2513 Pater,
1330 2480 1391 2506 tam
1413 2477 1501 2506 Filius
1520 2485 1614 2513 quam
1629 2477 1755 2513 Spiritus
1768 2479 1889 2505 sanctus

1094 2522 1242 2551 exsistunt
1255 2531 1274 2551 a
1288 2523 1382 2556 Patre,
1395 2521 1443 2550 ille
1456 2529 1510 2558 per
1523 2521 1758 2557 generationem,
1772 2521 1827 2549 iste
1839 2527 1891 2558 per

1094 2567 1330 2604 processionem.
1344 2567 1400 2595 Sed
1415 2567 1440 2594 si
1452 2574 1470 2594 θ.
1484 2566 1554 2594 Filio
1565 2565 1678 2594 exsistit
1691 2567 1744 2594 aut
1758 2565 1890 2602 procedit

1095 2612 1220 2649 Spiritus
1234 2613 1370 2646 sanctus,
1381 2611 1470 2640 etiam
1487 2611 1573 2639 Filius
1584 2610 1638 2638 erit
1656 2618 1750 2639 causa
1769 2609 1889 2646 Spiritus

1093 2658 1200 2692 sancti,
1214 2656 1292 2686 etita
1302 2656 1370 2685 duae
1384 2664 1484 2685 causae
1496 2664 1503 2684 :
1515 2657 1544 2684 et
1557 2663 1611 2692 per
1620 2662 1820 2692 consequens,
1830 2654 1888 2683 duo

243 2731 284 2768 (t)
302 2731 375 2761 Male
389 2739 397 2766 ;
412 2731 533 2762 Photius
547 2731 628 2761 enim
641 2739 659 2761 a
673 2731 798 2762 Photino
811 2732 866 2762 fuit
876 2733 966 2770 plane
981 2732 1129 2764 diversus.
1147 2735 1216 2766 Bas.
