1948 3079
31 126 69 153 489

665 121 805 152 CONTRA
823 123 970 154 GRECOS

1643 126 1700 165 490

30 183 181 222 principiain
193 183 357 213 Divinitate.
383 183 440 212 Sed
454 182 514 213 hoc
532 185 577 212 est
590 182 816 214 inconveniens.
831 184 857 212 Δ
873 186 1015 223 Spiritum
1026 188 1096 225 Filii,
1127 190 1173 218 vel
1187 191 1270 226 quod
1287 191 1411 228 Spiritus
1425 193 1559 223 mittatur
1591 204 1610 225 a
1625 197 1694 228 Filio

30 230 103 262 igitur,
114 231 162 257 etc.

37 250 225 302 item
240 273 272 301 in
286 274 398 302 Joanne
425 272 497 301 dicit
521 272 634 302 Veritas
659 273 816 311 discipulis

30 318 84 345 suis:
96 318 190 346 Omnia
201 326 385 354 quiscunque
397 318 502 346 audivi
517 325 536 346 a
550 318 643 347 Patre
655 326 729 354 meo,
744 322 817 349 nota

30 363 147 398 fecirobis
161 364 179 390 ¹.
199 363 251 391 Ubi
270 363 342 392 dicit
353 364 472 392 Glossa:
491 374 505 388 «
524 363 633 392 Omnia
644 365 816 393 necessaria

30 408 170 436 adsaiutem
185 408 295 445 scripta
319 412 389 437 sunt
401 409 432 437 in
447 408 645 444 Evangelia.»
662 409 720 438 Sed
743 409 816 438 illud

31 461 72 481 non
82 455 117 481 est
129 453 266 489 scriptum
281 453 313 481 in
341 452 521 489 Evangelio;
548 461 621 489 ergo
638 461 700 482 non
719 456 765 482 est
777 454 815 482 de

30 497 166 525 necessariis
187 497 226 526 ad
249 498 386 527 salutem.
414 499 492 533 Ergo
505 505 567 526 non
590 500 727 526 tenemur
755 506 816 528 cre-

31 542 86 570 dere.
101 542 149 570 Sed
161 550 225 578 quin
245 551 318 571 vera
330 545 400 571 sunt
413 545 550 570 tenemur
572 542 704 577 credere,
722 545 752 571 et
768 551 816 572 ve-

31 587 108 619 uetari,
117 587 239 615 maxime
263 595 333 623 quae
347 587 482 615 divinam
495 587 659 616 essentiam
677 587 818 617 videntur

31 630 164 666 praedicare.
179 631 235 660 Sed
247 631 331 661 istud
344 639 407 661 non
422 634 559 660 tenemur
577 631 709 661 credere.
740 634 816 668 Ergo

30 682 72 703 non
81 677 115 703 est
127 683 238 704 verum.

54 720 140 752 Quarto
151 730 157 748 :
167 729 235 749 cum
247 721 361 750 Veritas
376 721 487 750 faceret
497 721 683 750 mentionem
699 721 737 750 de
750 729 817 758 pros

31 764 254 801 cessioneSpiritus
273 766 369 794 sancti
386 766 425 794 ait
435 775 442 794 :
451 766 508 800 Qui
520 774 539 795 a
548 767 641 795 Patre
651 767 786 806 procedit
795 769 816 801 ³,

31 816 72 836 non
82 809 156 837 dixit:
176 810 206 837 Et
217 818 235 838 a
251 810 335 839 Filio.
356 810 442 843 Quod
458 811 482 839 si
505 810 615 839 Veritas
629 810 712 839 aliud
735 810 820 839 intel-

870 229 929 258 hoc
938 231 1086 261 habuistis
1105 242 1112 261 :
1125 233 1237 269 sciatis,
1248 243 1303 264 vos
1312 236 1360 264 vel
1369 244 1431 265 non
1443 237 1606 274 intelligere
1622 242 1696 270 Scri-

870 278 987 313 pturas,
1015 277 1061 306 vel
1087 278 1252 308 intellectas
1281 281 1413 310 studiose
1440 286 1617 318 pervertere,
1644 289 1697 314 aut

870 323 948 349 certe
963 329 1017 358 per
1030 321 1234 358 ignorantiam
1248 325 1378 354 multum
1393 334 1412 354 a
1423 327 1547 356 veritate
1573 331 1602 357 et
1628 337 1695 358 san-

870 367 986 393 ctorum
1000 367 1237 403 expositionibus
1251 369 1382 398 deviare.
1399 372 1496 404 Quare
1512 372 1552 400 ad
1565 381 1632 407 nos,
1644 375 1697 411 qui

868 409 966 437 fontes
981 418 1098 445 sumus,
1114 412 1284 446 redeuntes,
1308 415 1413 443 audire
1441 417 1574 452 poteritis
1589 409 1697 448 verita-

869 456 940 482 tem.
956 454 1066 484 Dicitur
1079 456 1170 491 igitur
1185 458 1311 494 Spiritus
1328 459 1399 496 Filii,
1429 468 1490 489 non
1505 462 1578 498 quia
1593 471 1696 499 proce-

869 498 913 527 dit
926 499 965 528 ab
983 508 1029 535 eo,
1045 501 1097 529 sed
1112 502 1257 537 quoniam
1284 503 1400 533 ratione
1414 505 1523 535 divinae
1550 498 1694 545 essentiae,

870 546 917 572 est
931 544 958 572 ei
972 545 1245 576 ccnsubstantialis.

907 589 990 625 Item,
1014 589 1121 619 dicitur
1146 592 1232 627 mitti,
1258 594 1306 622 vel
1333 594 1398 623 dari
1424 603 1442 624 a
1473 596 1543 626 Filio
1570 599 1696 634 Spiritus

872 636 1005 667 sanctus,
1022 634 1094 670 quia
1109 635 1148 664 ab
1161 635 1229 672 ipso
1243 637 1378 673 mittitur,
1391 639 1432 667 ad
1444 641 1695 672 sanctiﬁcandum

872 681 1034 711 creaturas,
1057 679 1134 708 sicut
1144 680 1176 708 in
1190 681 1306 710 Joanne
1331 682 1396 719 ipse
1421 686 1547 714 testatur
1569 687 1694 717 dicens:

871 722 904 751 Si
926 730 986 751 non
996 723 1105 757 abiero,
1127 725 1306 754 Paractetus
1316 735 1376 756 non
1385 730 1482 758 veniet
1490 731 1531 758 ad
1538 738 1588 759 vos
1602 733 1630 760 si
1643 740 1696 761 au-

873 770 930 795 tem
946 767 1056 801 abiero,
1071 769 1188 798 mittam
1199 778 1265 799 eum
1275 771 1316 800 ad
1332 780 1381 800 vos
1389 774 1410 801 3.
1430 774 1516 807 Quod
1532 783 1604 804 vero
1626 777 1697 806 alibi

873 811 944 840 dicit
954 811 1019 848 ipse
1035 813 1121 842 Filius
1134 822 1140 841 :
1156 815 1215 843 Itte
1226 823 1273 844 me
1297 817 1486 852 ctariﬁcabit,
1501 820 1572 855 quia
1586 821 1623 849 de
1633 829 1697 851 meo

31 852 126 889 luisset,
146 853 224 882 aliud
242 855 389 889 dixisset;
420 863 477 890 ego
503 857 605 884 autem
625 854 724 884 verbis
752 855 818 891 ejus
836 864 857 891 Β
873 857 1031 892 accipiet‘,
1049 858 1276 894 intelligendum
1291 864 1347 896 est,
1376 862 1414 890 de
1436 852 1612 894 meo-Patre.
1631 867 1697 895 0m-

33 897 111 926 atidere
127 906 183 927 non
197 899 308 935 audeo,
324 907 379 928 nec
393 907 555 936 prtesumo.

54 941 119 970 item:
134 943 192 971 Non
208 943 309 972 solum
324 943 455 972 Christus
474 944 532 972 hoc
555 943 655 978 tacuit,
680 943 734 972 sed
763 951 820 972 nec

33 986 108 1020 aliquis
124 987 325 1023 apostolorum
342 988 399 1016 tale
413 988 527 1025 aliquid
536 988 625 1023 dixit;
640 988 740 1016 utilius
750 996 820 1017 san-

33 1034 116 1059 ctorum
127 1031 179 1060 hoc
190 1032 376 1069 praedicavit.
405 1032 479 1067 lmo,
506 1032 591 1069 quod
612 1033 681 1069 plus
704 1035 759 1068 est,
789 1033 820 1061 in

33 1073 126 1103 editione
139 1083 211 1104 verus
227 1076 309 1111 ﬁdei,
328 1079 432 1105 sancta
444 1076 571 1105 concilia
581 1076 655 1105 nihil
665 1085 755 1114 super
761 1077 821 1105 hoc

34 1118 72 1146 deti
77 1119 176 1148 nierunt
187 1129 194 1155 ;
206 1121 259 1149 sed
272 1124 421 1157 ponentes
431 1121 462 1149 in
471 1121 627 1157 Symbolo,
643 1129 711 1158 quae
720 1129 822 1150 neces-

36 1163 87 1190 saria
95 1167 153 1192 sunt
164 1166 200 1193 ad
212 1165 352 1201 salutem,
365 1173 488 1194 omnem
498 1165 695 1200 additionem,
705 1165 821 1202 exposi-

36 1206 122 1242 tionem,
147 1208 381 1238 declarationem
409 1210 467 1238 sub
482 1209 686 1239 anathematis
701 1210 822 1239 vinculo

36 1252 203 1282 conciuserunt
215 1257 244 1283 et
257 1255 436 1291 rejecerunt.

58 1297 111 1325 item
128 1298 206 1327 multi
224 1302 401 1328 nostrorum
420 1299 578 1328 doctorum
593 1307 725 1336 quorum
747 1299 824 1328 anti-

35 1341 143 1375 Quissima
149 1343 347 1380 scriptaapud
353 1352 409 1372 nos
417 1352 513 1380 usque
520 1344 610 1373 hodie
617 1347 824 1381 perseverant,

36 1388 55 1412 ut
64 1386 242 1424 Thcodoritus,
261 1392 291 1417 et
311 1389 436 1425 quidam
448 1388 507 1424 alii,
535 1389 720 1418 contrarium
733 1389 825 1425 hujus

36 1429 147 1464 opinionis
159 1436 262 1461 vestrm
285 1433 469 1470 scripserunt
480 1436 508 1462 et
521 1434 751 1462 mandaverunt.
769 1435 826 1462 Da-

36 1481 154 1504 mascenus
168 1485 302 1514 quoque,
318 1478 407 1514 cujus
428 1478 547 1514 scriptis
564 1480 642 1507 certe
671 1478 826 1506 contradi-

36 1526 134 1549 cerenon
149 1523 279 1558 potestis,
298 1522 402 1551 volens
415 1522 586 1558 ostendere,
602 1523 686 1559 quod
701 1525 762 1551 tam
781 1523 826 1551 Fi-

36 1562 74 1591 lius
85 1573 162 1602 quam
175 1568 435 1604 Spiritussanctus
458 1568 606 1596 exsistunt
635 1577 654 1597 a
679 1570 773 1601 Patre,
799 1571 829 1598 et

23 1609 93 1644 'quod
102 1611 213 1647 Spiritus
225 1616 351 1641 sanctus
365 1620 427 1641 non
451 1612 587 1649 procedit
601 1620 620 1641 a
634 1612 715 1646 Filio,
733 1615 827 1642 mcta-

38 1654 130 1688 phoram
140 1657 216 1685 vocis
228 1660 256 1686 et
266 1657 437 1686 intellectus
456 1657 611 1685 adducens
623 1657 654 1685 in
680 1657 825 1692 medium,

38 1697 97 1725 aitxn
106 1701 191 1730 Primo
212 1705 256 1730 est
269 1701 448 1736 intellectus,
471 1702 581 1730 deinde
604 1702 731 1730 verbum
747 1705 827 1730 exte-

38 1742 86 1776 rius,
98 1745 194 1774 scilicet
213 1754 296 1781 vox;
322 1746 444 1782 spiritus
465 1748 566 1774 autem
587 1746 760 1775 vehiculum
785 1748 829 1775 est

39 1787 103 1816 verbi.
115 1790 269 1819 intellectus
299 1790 389 1826 igitur
403 1791 514 1819 format
527 1799 643 1825 vocem,
669 1794 697 1819 et
716 1791 747 1819 in
762 1790 829 1827 ipsa

39 1836 120 1866 spirata
131 1835 294 1863 ostenditur
305 1835 483 1864 intellectus.
506 1837 538 1863 Et.
556 1835 723 1864 intellectus
740 1835 827 1869 Patri,

39 1878 57 1903 et
68 1877 168 1907 verbum
178 1880 260 1914 Filio,
277 1880 401 1916 spiritus
424 1880 543 1916 Spiritui
569 1883 673 1908 sancto
694 1879 827 1908 attribui-

38 1922 76 1946 tur.
85 1922 150 1951 Sicut
162 1932 230 1960 ergo
240 1924 395 1958 videmus,
409 1925 492 1960 quod
503 1925 542 1952 ab
553 1924 704 1952 intellectu
725 1932 828 1960 proce-

37 1963 65 1992 dit
76 1967 174 2002 spiritus
196 1971 224 1997 et
245 1977 307 1997 vox
321 1971 427 1997 etnon
452 1969 573 2005 spiritus
601 1977 620 1997 a
643 1977 735 2005 voce;
757 1969 827 1998 sica

37 2008 95 2038 Patre
106 2014 227 2048 procedit
237 2014 329 2042 Filius
355 2017 383 2042 et
410 2014 535 2050 Spiritus
559 2015 690 2050 sanctus,
713 2016 741 2042 et
764 2021 826 2042 non

38 2052 127 2088 Spiritus
141 2061 255 2086 sanctus
277 2066 297 2087 a
309 2058 388 2086 Filio.
409 2069 422 2083 n

61 2099 214 2136 Epiphanius
227 2106 363 2138 sanctus,
379 2103 538 2139 episcopus
567 2103 666 2139 Cypri,
691 2103 722 2131 in
748 2102 825 2131 libro

37 2143 121 2173 Deima
134 2148 255 2181 Deitate,
289 2148 326 2175 de
354 2148 463 2184 Spiritu
492 2150 596 2175 sancto
607 2147 650 2175 sic
680 2149 822 2176 testatur:

38 2196 46 2208 ι
58 2188 155 2223 Spiritus
169 2195 292 2220 sanctus
303 2194 379 2220 Deus
393 2194 447 2226 est,
460 2195 487 2220 et
503 2192 628 2228 Spiritus
648 2191 754 2220 Christi
768 2194 821 2228 est,

37 2237 78 2259 non
90 2236 239 2265 secundum
255 2237 392 2273 aliquam
407 2237 667 2272 compositionem,
677 2236 823 2273 quemad-

37 2277 129 2307 modum
137 2280 164 2308 in
171 2282 258 2310 nobis
274 2290 386 2318 corpus
398 2283 426 2309 et
434 2281 536 2309 anima
545 2290 551 2309 :
560 2281 672 2309 scilicet
682 2281 712 2309 in
723 2281 823 2309 medio

37 2320 102 2350 Patris
117 2328 141 2353 et
153 2326 219 2354 Filii.
232 2337 247 2354 ›
259 2329 325 2356 Non
344 2334 416 2361 ergo
440 2326 593 2354 mediante
617 2326 699 2361 Filio,
715 2328 749 2354 ut
769 2334 823 2355 vos

37 2363 142 2405 deiil‘atis,
154 2372 285 2407 procedit
311 2371 435 2407 Spiritus
459 2373 581 2399 sanctus
595 2372 727 2404 aPatre;
752 2379 822 2399 cum

36 2413 165 2443 secundum
172 2417 261 2444 Patris
266 2416 318 2452 huj
323 2424 358 2444 us
365 2423 482 2450 vocem,
497 2415 615 2443 medius
622 2415 699 2444 inter
706 2416 822 2444 Patrem

36 2455 54 2479 ει
64 2455 147 2486 Filium
160 2460 312 2489 ordinetur
326 2459 456 2496 Spiritus
471 2462 607 2488 sanctus.

60 2499 123 2534 Item,
132 2504 194 2539 quis
203 2505 289 2533 vobis
309 2505 367 2533 hoc
375 2504 520 2533 revelavit
529 2504 543 2532 ?
555 2504 637 2533 Unde
649 2503 797 2532 habuistis
808 2504 822 2532 ‘I

37 2540 106 2573 Quare
112 2548 191 2577 etiam
200 2549 287 2577 nobis
299 2549 358 2578 hoc
369 2557 432 2577 non
447 2549 502 2577 fuit
522 2549 688 2577 revelatum
698 2549 712 2577 ?
726 2550 822 2581 Quare

36 2584 178 2624 insymbolo
185 2594 238 2621 tale
244 2593 661 2630 quiddaminsernistis,quod
667 2601 822 2630 nusquam

36 2632 135 2664 Positum
140 2636 189 2666 fuit
195 2646 212 2666 a
219 2638 330 2667 sanctis
337 2637 475 2666 Patribus
481 2638 496 2666 ?
503 2638 531 2666 Si
536 2646 606 2666 vero
615 2637 820 2674 quorumdam

37 2677 160 2709 verborum
176 2683 332 2712 occasione
346 2682 457 2712 divinae
470 2683 640 2719 Scripturae,
655 2682 820 2712 dicentium

873 901 924 929 nia
937 901 1027 934 enim.
1043 909 1112 937 quin
1122 904 1216 931 Patris
1227 907 1306 940 sunt,
1317 907 1450 942 exceptis
1464 909 1697 944 proprietatibus

873 945 1093 982 personalibus,
1109 949 1284 977 communia
1303 952 1374 978 sunt
1384 951 1501 988 utrique
1517 961 1524 980 :
1541 954 1697 990 proprium

851 1028 854 1030 ἓ
873 990 1004 1018 dicimus
1021 998 1086 1019 esse
1100 992 1187 1025 Patri,
1204 995 1235 1020 ut
1250 993 1290 1021 ab
1304 994 1370 1030 ipso
1385 997 1514 1032 tantum,
1535 999 1564 1026 et
1583 1006 1645 1027 non
1658 999 1698 1028 ab

873 1034 933 1064 alio
946 1035 1091 1071 procedat
1104 1036 1228 1073 Spiritus
1245 1040 1378 1068 sanctus.

980 1105 1140 1139 Responsio
1157 1102 1263 1135 contra
1277 1108 1378 1141 prima
1394 1108 1453 1136 duo
1465 1109 1592 1145 objecta.

911 1162 960 1190 His
974 1162 1101 1198 aliisque
1116 1170 1210 1199 quam
1230 1164 1368 1200 plurimis
1394 1167 1617 1203 conaminibus,
1632 1177 1700 1206 quin

877 1215 969 1236 causa
983 1207 1136 1236 brevitatis
1151 1215 1213 1236 non
1229 1211 1299 1237 sunt
1313 1210 1412 1245 posita
1425 1211 1487 1246 (illa
1502 1215 1602 1241 autem
1632 1222 1702 1250 qum

877 1252 976 1287 magis
990 1252 1101 1281 usitata
1116 1255 1196 1287 sunt,
1213 1254 1312 1289 posita.
1324 1255 1414 1290 sunt),
1445 1259 1581 1286 sanctam
1596 1259 1704 1288 Roma-

878 1304 951 1325 nam
966 1296 1128 1325 Ecclesiam
1143 1305 1273 1332 errasse,
1289 1300 1318 1326 et
1343 1299 1374 1328 in
1390 1308 1539 1330 canonem
1555 1302 1624 1331 latae
1640 1311 1705 1332 sen—

880 1341 975 1370 tentiae
990 1341 1142 1377 incidisse,
1159 1342 1345 1371 mendaciter
1369 1344 1496 1374 fatentes
1509 1347 1609 1381 Graeci,
1625 1347 1706 1376 debi-

880 1388 942 1414 tam
957 1385 1161 1414 obedientiam
1176 1388 1205 1415 et
1225 1388 1424 1417 reverentiam
1452 1390 1593 1420 devotam
1609 1393 1707 1421 eidem

881 1429 1017 1458 Ecclesiae
1027 1430 1106 1465 juste
1119 1438 1150 1458 se
1165 1431 1360 1464 subtraxisse,
1376 1433 1552 1463 hominibus
1565 1436 1706 1472 simplici—

882 1473 940 1502 bus
953 1474 1135 1510 persuadere
1157 1474 1306 1504 laborant.
1333 1478 1392 1505 Nos
1418 1486 1489 1508 vero
1503 1479 1607 1514 Latini,
1620 1481 1667 1509 his
1680 1484 1709 1510 et

882 1519 947 1548 aliis
963 1519 1151 1547 contumeliis
1164 1520 1231 1548 loco
1246 1529 1300 1548 suo
1316 1521 1459 1556 dimissis,

918 1563 961 1592 Ad
972 1564 1105 1600 primum
1115 1566 1144 1592 et
1154 1565 1322 1593 secundum
1333 1566 1487 1602 objectum
1498 1576 1592 1597 unam
1600 1569 1708 1598 dantes

882 1609 1112 1645 responsionem
1142 1609 1182 1636 sic
1209 1609 1372 1638 solvimus:
1401 1612 1601 1641 Concedimus
1625 1615 1708 1650 quod

882 1653 973 1690 plena
983 1657 1010 1682 et
1021 1653 1152 1690 perfecta
1172 1654 1366 1690 processione
1376 1656 1511 1691 procedit
1521 1665 1539 1685 θ.
1550 1657 1621 1686 Filio
1633 1667 1639 1686 :
1652 1667 1709 1686 nec

883 1701 984 1727 tamen
996 1698 1130 1735 sequitur
1155 1698 1239 1734 quod
1266 1699 1325 1728 sint
1351 1700 1418 1728 duae
1446 1702 1664 1737 processiones,
1680 1705 1710 1733 et

884 1751 946 1771 una
958 1751 1062 1772 earum
1088 1742 1250 1779 superﬂua,
1277 1744 1350 1780 quia
1376 1744 1406 1773 in
1421 1744 1473 1774 illa
1486 1745 1710 1783 simplicissima

883 1787 1048 1816 Divinitatis
1073 1790 1191 1822 natura,
1218 1795 1271 1816 nec
1300 1797 1444 1817 numerus
1456 1790 1707 1827 vicissitudinum,

883 1840 939 1860 nec
953 1832 1097 1868 temporis
1110 1832 1250 1867 varietas,
1265 1840 1320 1860 nec
1335 1833 1440 1862 localis
1456 1835 1573 1870 positio,
1588 1844 1643 1864 nec
1655 1837 1710 1865 ﬂu-

883 1885 949 1910 xus,
979 1885 1035 1905 nec
1062 1876 1177 1910 incisio,
1205 1884 1261 1905 nec
1288 1877 1489 1915 interstitium,
1513 1882 1566 1908 aut
1578 1881 1709 1917 spatium

883 1922 1027 1958 temporis
1057 1921 1163 1949 cadere
1192 1924 1298 1957 potest.
1325 1922 1396 1950 inde
1411 1926 1465 1958 est,
1481 1925 1565 1960 quod
1577 1925 1629 1954 illa
1642 1934 1709 1963 pro-

882 1966 977 1994 cessio
1002 1974 1064 2001 qua
1092 1966 1216 2002 Spiritus
1242 1969 1364 1994 sanctus
1388 1969 1524 2003 procedit
1552 1977 1570 1997 δ.
1585 1971 1667 1998 Patre
1680 1973 1709 1999 et

882 2011 952 2039 Filio
963 2018 1018 2038 nec
1028 2010 1182 2039 intervallo
1193 2012 1347 2047 temporis,
1359 2020 1413 2040 nec
1437 2013 1533 2049 spatio
1556 2014 1625 2049 loci,
1637 2023 1708 2043 cum

880 2063 943 2084 non
958 2055 994 2083 sit
1010 2055 1092 2091 prius
1107 2054 1155 2082 vel
1173 2055 1331 2090 posterius,
1350 2057 1425 2085 alias
1452 2058 1624 2093 perﬁcitur:
1652 2061 1709 2089 sed.

881 2100 970 2128 simul
997 2102 1025 2128 et
1053 2099 1146 2128 semel
1171 2102 1217 2127 est
1231 2108 1248 2128 θ.
1264 2100 1349 2129 Patre
1366 2104 1395 2129 et
1424 2102 1514 2137 Filio;
1530 2111 1548 2131 a
1563 2104 1647 2132 Patre
1659 2107 1707 2132 ta—

880 2153 949 2173 men
963 2144 1139 2181 procedens,
1168 2144 1320 2173 mediante
1334 2145 1414 2178 Filio,
1444 2147 1611 2176 secundum
1627 2149 1707 2178 testi-

879 2189 983 2218 monia
997 2188 1119 2217 inferius
1129 2189 1240 2225 posita,
1256 2190 1390 2225 procedit
1405 2200 1411 2218 ;
1427 2191 1458 2218 id
1472 2194 1527 2224 est,
1543 2192 1601 2221 hoc
1615 2193 1707 2222 habet

880 2234 999 2263 Filiusa
1022 2235 1115 2267 Patre,
1142 2235 1175 2261 ut
1202 2233 1241 2261 ab
1268 2233 1335 2270 ipso
1362 2235 1506 2270 procedat
1532 2238 1560 2265 et
1579 2238 1707 2274 spiretur

880 2279 1004 2315 Spiritus
1031 2280 1164 2313 sanctus,
1193 2278 1328 2306 mittatur
1355 2281 1383 2307 et
1409 2280 1504 2308 detur.
1521 2281 1604 2310 Unde
1623 2285 1652 2311 et
1666 2282 1706 2311 ad

877 2323 977 2360 ipsum
992 2325 1121 2357 Patrem,
1146 2322 1184 2350 de
1196 2330 1258 2359 quo
1284 2323 1375 2352 etiam
1390 2324 1483 2353 habet
1513 2326 1602 2354 Filius
1615 2335 1706 2355 omne

877 2368 959 2405 quod
975 2375 1065 2395 suum
1081 2369 1134 2400 est,
1148 2367 1290 2402 referens,
1307 2371 1336 2396 et
1347 2369 1372 2396 ei
1403 2371 1500 2398 totum
1529 2371 1704 2405 attribuens,

875 2413 949 2441 dicit
963 2413 1045 2449 apud
1060 2412 1208 2440 Joannem
1225 2421 1231 2439 :
1247 2413 1316 2441 Mea
1329 2413 1479 2449 doctrina,
1491 2423 1552 2443 non
1571 2419 1614 2444 est
1627 2424 1703 2448 mea,

876 2457 928 2486 sed
943 2458 1007 2492 ejus
1024 2457 1077 2492 qui
1092 2457 1171 2484 misit
1187 2465 1233 2485 me
1250 2458 1272 2485 ³.
1291 2459 1324 2485 Et
1345 2458 1472 2487 iterum:
1491 2461 1564 2488 Cum
1591 2461 1704 2488 venerit

875 2503 1064 2536 Paractetus,
1071 2509 1156 2537 quem
1163 2508 1210 2537 ego
1216 2502 1333 2530 mittam
1341 2503 1431 2537 vobis,
1440 2504 1585 2538 Spiritum
1596 2504 1701 2532 verita-

877 2547 925 2582 tis,
938 2547 990 2582 qui
1006 2554 1024 2574 a
1041 2546 1135 2574 Patre
1145 2547 1281 2581 procedit
1299 2547 1331 2581 ⁸,·
1348 2555 1384 2575 ac
1412 2547 1438 2575 si
1467 2547 1578 2576 diceret
1595 2548 1699 2576 Filius:

876 2593 993 2620 Patrem
1008 2593 1125 2619 tantum
1153 2591 1184 2618 in
1206 2591 1400 2626 processione
1416 2591 1540 2627 Spiritus
1555 2591 1699 2619 nomino:

875 2636 948 2673 quia
962 2643 1052 2663 omne
1066 2634 1149 2672 quod
1162 2635 1273 2669 habeo,
1289 2636 1403 2663 ratione
1425 2643 1492 2664 esse
1507 2638 1535 2663 et
1549 2635 1700 2672 principii,

876 2681 915 2710 ab
930 2681 998 2717 ipso
1013 2682 1108 2715 Patre,
1121 2680 1175 2716 qui
1193 2682 1238 2708 est
1251 2687 1343 2708 causa
1363 2682 1391 2709 et
1404 2680 1587 2717 principium
1602 2681 1635 2710 in
1657 2681 1701 2711 di-

62 2754 147 2786 iioan.
160 2761 260 2798 xy,15.
298 2760 309 2778 ²
321 2758 460 2798 ψίάιξᾷ,
497 2759 509 2777 ⁸
522 2759 610 2791 Joan.
623 2767 681 2796 xm,
697 2763 725 2792 7.
762 2758 774 2798 ξ
787 2758 822 2790 1b.

913 2779 919 2787 .
958 2758 968 2776 ⁵
981 2758 1066 2788 Joan.
1081 2764 1132 2794 vn,
1150 2758 1191 2786 ιϐ.
1231 2757 1337 2787 9J0an.
1353 2764 1403 2794 xv,
1417 2758 1462 2798 26,

178 2795 294 2826 PA-rnOL.
313 2796 366 2826 Gn.
387 2795 462 2824 CXL.

1444 2795 1479 2824 i0
