1948 3079
205 119 257 158 ﬂ

822 111 1064 147 PANTALEONIS
1082 109 1222 144 DIACONI
1239 110 1292 140 ορ.

1874 100 1932 130 492

206 189 342 223 vinitate,
350 193 400 215 me
409 185 522 214 habere
531 183 696 218 cognosco.
706 174 781 210 Nam
800 182 834 209 ut
851 188 870 209 a
880 180 951 208 Filio
962 186 1031 216 pro-
1047 180 1072 207 Α
1085 177 1298 223 ctum,_Denm
1323 175 1352 202 et
1378 171 1543 203 viviﬁcum,
1568 176 1605 198 ex
1628 169 1712 196 Patre
1738 173 1792 202 per
1805 164 1932 194 Filium

208 233 296 262 cedat
310 230 436 268 Spiritus
451 230 584 261 sanctus,
613 226 672 255 hoc
683 225 778 254 habet
791 224 881 253 Filius
894 232 913 253 a
927 226 1012 253 Patre
1024 231 1031 257 ;

206 278 296 307 Pater
309 283 382 304 vero
395 281 459 302 non
476 273 516 301 ab
530 272 599 305 alio,
615 270 670 299 sed
684 279 704 299 a
715 278 747 298 se
760 272 889 298 tantum.

244 322 337 351 Istam
361 320 465 355 itaque
478 316 677 345 differentiam
693 315 771 344 sacri
797 314 947 347 doctores,
963 312 1034 340 ﬁdei

208 365 298 396 oculo
312 363 461 393 interioris
485 361 617 390 hominis
644 363 673 388 et
687 366 762 387 sane
776 359 990 391 discernentes,
1003 357 1035 384 in

208 410 310 439 multis
327 408 401 437 locis
428 406 624 435 inveniuntur
651 404 775 439 dixisse,
796 402 880 439 quod
908 401 1036 438 Spiritus

210 457 332 484 sanctus
343 451 481 490 procedit
493 459 512 479 a
539 452 625 478 Patre
645 449 871 484 principaliter.
885 447 939 474 Alii
955 446 1038 473 dixe—

209 502 290 536 runt,
307 497 392 535 quod
402 497 526 532 proprie
544 502 565 523 a
577 495 665 522 Patre
679 502 686 521 :
704 492 754 521 alii
763 492 846 529 quod
858 499 876 519 a
888 491 973 518 Patre
984 497 1039 526 per

212 534 328 578 Filium,
355 542 403 570 vel
431 540 502 569 Filio
528 539 690 567 mediante.
716 538 749 565 Et
776 536 844 564 licet
868 543 973 563 verum
1002 534 1040 561 sit

211 592 297 626 quod
310 587 407 616 sancti
421 587 570 618 asserunt,
591 586 621 611 et
643 581 808 610 contradici
834 587 896 608 non
925 578 1037 616 possit:

212 623 275 663 non
290 636 391 662 tamen
405 630 549 667 sequitur,
564 628 650 664 quod
665 629 784 655 Graecus
803 625 950 660 intelligit,
965 623 1040 651 scili-

213 680 270 713 cet,
280 677 364 714 quod
374 676 455 704 idem
467 674 592 711 Spiritus
611 673 696 708 prius
708 679 728 700 a
739 672 832 703 Patre,
845 667 1042 705 postmodum

214 732 235 753 a
247 713 330 757 Filio,
345 722 394 750 vel
407 720 490 757 quod
501 718 601 753 magis
614 726 634 745 a
650 718 733 745 Patre
748 723 843 751 quam
859 722 877 742 a
890 713 962 741 Filio
977 719 1043 748 pro.

215 768 302 797 cedat
314 775 321 795 :
337 769 389 795 aut
399 765 483 802 quod
491 764 551 791 sint
560 762 628 790 duas
639 760 858 797 processiones,
873 762 902 786 et
920 765 983 785 una
995 763 1045 784 ea-

213 821 283 842 rum
291 810 445 848 superﬂua
453 818 463 844 ;
475 808 527 836 sed
537 807 609 843 quia
617 808 701 834 Pater
720 804 872 840 gignendo
884 803 923 831 ab
933 805 1045 829 aeterno

217 847 333 890 Filium,
344 855 428 884 dedit
440 854 468 882 ei
489 855 586 881 totum
598 859 665 879 esse
689 857 789 883 suum,
805 851 850 876 est
863 847 943 875 enim
959 853 1046 873 verus
1062 857 1081 884 Β

216 904 295 931 Deus
309 889 348 928 de
362 901 442 928 Deo:
469 900 498 926 et
524 896 608 933 quod
635 895 716 923 idem
740 893 841 926 Filius,
868 889 1046 919 reternaliter

217 947 374 977 exsistens,
388 953 408 973 a
431 945 517 972 Patre
529 940 685 970 nascendo
706 938 823 974 accepit
848 943 939 965 omne
963 934 1047 970 quod

216 992 320 1026 habet,
335 992 364 1018 et
377 992 410 1018 ut
437 987 563 1024 Spiritus
588 986 624 1013 sit
636 988 665 1013 et
678 983 824 1021 procedat
837 982 877 1009 ab
891 989 936 1008 eo.
949 981 1046 1012 Quam

218 1024 380 1066 essentiam
393 1033 521 1069 Spiritus
535 1039 555 1059 a
564 1030 635 1059 Filio
646 1028 742 1057 sancti
751 1027 901 1058 doctores,
914 1024 1048 1052 maxime

219 1081 322 1115 Graeci,
348 1077 586 1108 considerantes,
610 1073 718 1101 Filium
747 1078 872 1099 causam
891 1071 920 1097 et
934 1069 1047 1096 fontem

220 1125 346 1161 Spiritus
361 1122 457 1150 sancti
478 1119 648 1151 nominant,
669 1125 725 1144 nec
741 1123 803 1143 non
830 1117 858 1141 et
869 1114 970 1149 ipsum
986 1111 1048 1147 Spi-

218 1155 311 1200 ritum
325 1166 491 1201 imaginem
507 1163 581 1191 Filii.
610 1159 875 1195 Quemadmodum
892 1157 993 1192 utique
1006 1155 1049 1183 Fi-

219 1214 279 1242 lius
293 1199 455 1246 imago'est
477 1207 584 1243 Patris,
609 1209 639 1234 et
648 1205 739 1234 talem
754 1210 916 1232 numerum
928 1204 957 1229 et
970 1199 1049 1228 ordi-

220 1265 292 1287 nem
308 1244 430 1292 Spiritus
443 1253 483 1282 ad
509 1251 615 1280 Filium
643 1250 810 1284 assignant,
826 1246 947 1282 qualem
960 1244 1051 1272 habet

220 1302 310 1331 Filius
323 1289 364 1329 ad
392 1301 528 1327 Patrem:
541 1294 709 1324 secundum
718 1292 802 1329 quod
813 1292 845 1319 in
857 1289 1052 1326 sequentibus

223 1346 342 1383 plenius
357 1342 527 1379 apparebit.

259 1390 393 1419 Diximus
421 1394 504 1422 ergo,
516 1384 600 1422 quod
626 1381 762 1420 procedit
790 1380 916 1417 Spiritus
931 1379 1052 1406 sanctus

225 1435 338 1472 pariter
366 1434 394 1460 et
413 1429 566 1468 aequaliter
592 1436 611 1456 a
634 1427 721 1455 Patre
746 1428 774 1453 et
798 1425 882 1457 Filio,
908 1425 1053 1458 tanquam

223 1481 340 1509 donum
354 1477 527 1508 amborum,
550 1476 578 1502 et
593 1480 679 1501 amor
694 1471 867 1506 utriusque:
885 1468 938 1496 sed
952 1473 1055 1503 proce-

224 1525 300 1553 dita
314 1525 397 1551 Patre
423 1528 476 1557 per
505 1519 620 1551 Filium,
646 1516 694 1562 vel
704 1515 855 1544 mediante
870 1512 951 1561 Filio,
967 1513 999 1538 ut
1013 1508 1055 1537 di-
1072 1535 1092 1562 Ο

222 1570 324 1598 ximus
337 1576 344 1595 ε
359 1569 411 1595 aut
422 1567 501 1593 certe
515 1561 719 1600 principaliter
733 1561 762 1588 et
790 1557 911 1595 proprie
926 1564 945 1583 a
960 1557 1053 1586 Patre,

225 1613 342 1650 quiaut
355 1611 395 1639 ab
421 1617 458 1638 eo
486 1598 640 1644 procedat,
667 1607 754 1632 Pater
782 1611 800 1631 a
822 1601 904 1630 nullo
931 1598 1053 1628 habuit:

227 1645 317 1687 Pilius
334 1663 405 1684 vero
419 1661 482 1682 non
504 1660 523 1681 a
535 1659 578 1686 se,
602 1649 656 1678 sed
684 1657 703 1677 a
718 1648 805 1676 Patre
820 1645 945 1680 accepit.
959 1647 982 1670 Α
994 1649 1055 1678 quo

228 1703 310 1731 enim
323 1701 424 1734 habet,
440 1701 474 1726 ut
485 1697 532 1730 sit,
548 1695 588 1724 ab
601 1693 710 1722 eodem
724 1692 815 1720 etiam
841 1689 934 1718 habet
946 1690 979 1715 ut
995 1686 1057 1722 Spi-

228 1747 304 1775 ritus
320 1731 442 1772 sanetus
458 1742 495 1769 sit
507 1740 547 1769 ab
573 1747 619 1773 eo,
633 1741 662 1766 et
672 1736 827 1773 procedat,
839 1734 936 1767 detur,
952 1734 980 1760 et
992 1731 1057 1775 mit-

229 1774 319 1825 tatur,
325 1790 359 1816 ut
372 1787 412 1815 ab
425 1794 461 1814 eo
473 1792 539 1813 esse
551 1782 689 1818 accipiat.
705 1782 775 1813 Quae
790 1780 899 1807 cuncta
908 1774 1058 1804 vocabula

231 1823 556 1866 sane'intelligentibus
568 1835 665 1856 unum
684 1828 713 1853 et
722 1825 814 1858 idem,
831 1823 862 1850 id
875 1824 930 1857 est,
960 1827 1057 1849 essen-

230 1881 306 1908 tiam
333 1876 458 1914 Spiritus
471 1883 491 1903 a
515 1873 589 1902 Filio
604 1870 770 1904 praedicant
797 1871 826 1896 et
854 1866 1056 1895 manifestant.

232 1923 321 1957 Quod
335 1909 448 1955 tamen,
464 1919 541 1947 sicut
561 1916 704 1950 diximus,
733 1914 851 1941 Gnaeus
879 1918 941 1940 non
967 1909 1058 1938 conti-

232 1971 323 1998 tatur.

232 2060 365 2091 Assertio
371 2054 529 2087 catholica:
534 2052 678 2082 veritatis.
685 2048 725 2079 Et
739 2049 870 2086 primum
887 2053 926 2075 ea:
943 2045 1059 2073 Graeco-

411 2109 480 2132 rum
497 2099 627 2128 Patrum
639 2093 882 2126 auctoritatibus.

272 2185 360 2220 Quod
392 2182 517 2218 Spiritus
540 2181 663 2208 sanctus
688 2174 833 2220 procedat
860 2180 878 2200 a
902 2171 988 2198 Patre
1009 2175 1062 2220 per

382 2211 432 2257 vel
457 2225 610 2255 mediante
637 2211 719 2257 Filio,
740 2222 774 2248 ut
796 2218 909 2246 dictum
924 2217 988 2263 est,
1008 2212 1063 2263 'vel
1078 2211 1100 2239 D

240 2258 418 2313 quodidem
429 2271 521 2300 Filius
530 2269 649 2297 dicatur
668 2266 746 2300 fons,
763 2266 792 2292 et
817 2269 910 2290 causa
939 2258 1064 2296 Spiritus

237 2309 351 2350 sancti:
366 2322 396 2347 et
409 2318 498 2346 etiam
509 2314 594 2352 quod
607 2313 688 2341 idem
700 2309 825 2347 Spiritus
842 2309 965 2336 sanctus
978 2311 1064 2332 voce-

311 2365 412 2399 imago
427 2362 501 2395 Filii,
518 2348 554 2388 ἐι
576 2366 641 2386 esse
667 2355 797 2391 accipiat
813 2353 851 2381 ab
876 2348 1065 2380 commissis

238 2395 552 2446 argumentationibus
564 2402 676 2434 multis,
687 2407 764 2436 quas
774 2406 830 2426 nec
839 2395 996 2432 recipiunt,
1009 2400 1065 2421 nec

236 2437 327 2493 plane
348 2451 527 2486 intelligunt,
553 2448 727 2476 sanctorum
743 2449 869 2471 suorum
887 2437 1065 2468 testimoniis

237 2492 419 2530 insistentes,
432 2496 476 2523 sic
489 2492 657 2530 probamus
669 2497 678 2519 ς

274 2542 435 2580 Gregorius
462 2526 670 2569 Nazianzenus
685 2534 718 2562 in
731 2538 883 2565 sermone,
896 2528 950 2566 qui
962 2526 1067 2564 incipit

238 2574 380 2625 Οιίέῡίίᾶε,
398 2589 453 2616 etc.
457 2606 467 2622 ,
479 2585 523 2613 ita
536 2582 625 2611 dicit:
643 2591 658 2606 ε(
673 2578 799 2616 Spiritus
815 2584 851 2604 ex
864 2574 995 2625 essentia
1009 2574 1065 2601 Pa-

299 2618 354 2672 per
372 2618 482 2662 liilium
496 2625 674 2658 aeternaliter
693 2623 807 2652 missus
822 2618 989 2649 sanctiﬁcat
1002 2625 1065 2647 om-

239 2687 311 2708 nem
325 2680 504 2709 creaturam,
521 2685 536 2700 »
552 2674 607 2701 etc.

274 2725 309 2751 In
322 2721 444 2759 Epistol.
468 2716 621 2754 Dionysii:
636 2725 652 2741 «
673 2712 768 2743 Credo
792 2711 824 2740 in
841 2709 982 2746 Spiritum
998 2716 1065 2738 san-

274 2800 284 2818 "
302 2798 378 2828 Psal.
395 2805 480 2833 xxxii,
497 2798 523 2824 6.
562 2794 572 2812 ⁸
589 2791 667 2821 Psal.
681 2797 771 2826 xxxv,
791 2790 830 2817 [0.
872 2789 998 2817 Herem.
1017 2795 1046 2824 ιι,
1064 2787 1106 2815 13.

1085 219 1310 258 procedentem.
1327 229 1342 243 ››

1125 265 1247 294 Basilius
1270 264 1301 291 in
1325 268 1464 290 sermone
1479 260 1517 288 de
1531 259 1632 287 Trinit.
1659 257 1711 294 qui
1735 256 1777 284 sic
1791 252 1932 290 incipit:

1090 311 1226 346 Cognitio
1238 309 1348 340 Patris,
1365 309 1439 334 etc.:
1457 316 1471 330 ι(
1488 303 1658 340 Antiquitus
1673 299 1845 329 Divinitatis
1867 305 1932 325 non

1089 355 1286 391 ignorabatur
1301 351 1489 388 mysterium.
1511 349 1604 377 Verbo
1631 347 1709 375 enim
1726 344 1870 377 Domini,
1888 343 1932 370 in-

1090 388 1155 437 (fuit
1182 397 1353 430 Psalmista,
1385 395 1449 423 costi
1460 394 1574 428 ﬁrmati
1589 395 1668 424 sunt,
1683 393 1710 419 et
1723 390 1846 424 Spiritu
1871 388 1932 414 oris

1091 445 1166 479 ejus,
1193 443 1288 470 omnis
1308 441 1404 469 virtus
1429 446 1531 467 eorum
1543 438 1552 454 ⁷
1568 446 1574 469 ;
1591 436 1643 464 sed
1658 443 1713 463 nec
1734 433 1794 461 alio
1809 431 1932 463 Verbo.

1092 478 1186 525 quam
1196 486 1280 520 Filio,
1293 493 1347 513 nec
1359 484 1415 512 alio
1435 482 1556 518 Spiritu,
1569 488 1663 517 quam
1681 478 1792 514 Spiritu
1803 478 1932 504 sancto.

1093 521 1175 561 linus
1200 534 1244 559 est
1254 530 1335 558 enim
1353 529 1490 564 Spiritus.
1513 528 1546 554 Et
1568 526 1643 553 sicut
1667 531 1704 551 ex
1719 530 1770 550 ore
1786 521 1843 549 Dei
1861 528 1932 556 pro-

1094 577 1217 605 veniens
1232 574 1330 607 Filius,
1358 573 1401 601 sic
1414 572 1586 600 Trinitatem
1607 569 1702 596 Verbo
1717 567 1790 600 unit,
1803 567 1839 593 et
1857 565 1932 592 anti-

1095 622 1206 658 quitus,
1223 622 1252 647 et
1266 626 1358 646 nunc.
1375 629 1389 643 ν

1133 672 1204 698 ltem
1213 669 1244 696 in
1255 667 1374 698 eodem,
1385 669 1453 694 ante
1464 666 1556 693 ﬁnem
1568 672 1574 690 :
1595 674 1605 688 ι
1621 663 1672 689 Via
1685 660 1733 689 Dei
1745 658 1932 695 cognitionis

1098 717 1143 743 est
1158 714 1198 742 ab
1213 720 1273 740 uno
1286 712 1394 747 Spiritu
1408 718 1461 746 per
1478 709 1582 737 Filium
1594 715 1688 735 unum
1705 705 1744 733 ad
1762 711 1866 731 unum
1880 705 1932 730 Pa-

1098 763 1184 789 trem.
1210 757 1357 786 Naturalis
1373 756 1503 786 bonitas,
1529 756 1556 781 et
1575 760 1644 788 quae
1660 749 1829 779 secundum
1846 751 1932 775 natur

1098 811 1164 833 ram
1185 800 1392 833 sanctificatio,
1411 801 1439 827 et
1451 798 1559 833 regalis
1574 796 1705 830 dignitas
1720 802 1757 822 ex
1775 793 1872 820 Patre
1884 798 1932 827 per

1100 847 1291 883 Unigenitum
1306 845 1345 873 ad
1359 844 1500 880 Spiritum
1517 841 1660 878 pervenit.
1679 851 1692 864 n

1135 899 1208 925 item
1235 893 1419 922 Athanasius
1447 892 1477 919 in
1505 891 1634 919 editione
1660 889 1744 920 fidei,
1768 887 1863 921 cujus
1893 887 1932 912 est

1099 941 1232 970 initium:
1246 938 1402 966 Credimus
1412 937 1443 964 in
1451 944 1541 963 unum
1551 934 1735 968 unigenitum
1747 933 1857 964 Deum,
1868 932 1932 963 etc,

1099 993 1208 1022 parum
1225 986 1294 1012 ante
1308 982 1418 1009 ﬁnem:
1434 992 1447 1004 «
1462 979 1585 1016 Spiritus
1600 981 1701 1006 autem
1726 977 1855 1004 sanctus
1872 982 1932 1010 pro

1100 1021 1250 1058 cessivum
1269 1035 1322 1055 ens
1347 1026 1452 1059 Patris,
1480 1027 1508 1052 et
1535 1023 1656 1051 ferentis
1685 1021 1757 1054 Filii,
1771 1028 1827 1056 per
1842 1025 1932 1055 quem

1101 1073 1236 1110 implevit
1245 1071 1357 1100 omnia.
1377 1081 1390 1095 ››

1138 1125 1210 1151 item
1221 1122 1252 1149 in
1274 1119 1405 1156 Epistula
1430 1117 1612 1147 Athanasius
1636 1115 1673 1143 de
1690 1114 1801 1150 Spiritu
1818 1114 1932 1144 sanctol

1102 1167 1141 1196 ad
1160 1166 1365 1202 Serapionem,
1395 1164 1481 1199 cujus
1494 1164 1548 1194 est.
1564 1161 1698 1188 initium:
1731 1159 1861 1185 Littera:
1881 1160 1932 1183 tua

1103 1212 1274 1245 devotionis,
1310 1212 1389 1237 etc.:
1413 1220 1426 1233 ι(
1453 1208 1516 1235 Uno
1538 1206 1698 1234 exsistente
1722 1203 1798 1230 Filio
1823 1199 1932 1228 viventi

1103 1264 1197 1284 unam
1212 1256 1329 1291 oportet
1339 1261 1404 1281 esse
1416 1252 1548 1288 plenam,
1565 1249 1739 1286 perfectam,
1755 1249 1784 1274 et
1801 1245 1932 1274 sanctiﬁ-

1105 1301 1233 1329 cativam
1246 1299 1337 1326 vitam
1352 1307 1358 1325 :
1374 1305 1442 1333 quae
1458 1299 1502 1324 est
1516 1294 1650 1331 operatio
1662 1293 1740 1328 ejus,
1757 1293 1787 1318 et
1807 1290 1932 1324 donum,

1105 1344 1235 1382 quodex
1252 1345 1334 1370 Patre
1347 1342 1455 1369 dicitur
1479 1339 1659 1376 procedere:
1685 1336 1759 1372 quia
1774 1343 1812 1362 ex
1830 1334 1932 1366 VerboI

1106 1376 1189 1427 quod
1205 1397 1241 1416 ex
1256 1389 1339 1415 Patre
1349 1389 1402 1420 est,
1419 1385 1577 1414 manifeste
1599 1381 1781 1418 resplendet,
1805 1382 1836 1407 et
1851 1376 1923 1406 mitti

1107 1438 1156 1464 tur
1170 1436 1198 1461 et
1209 1433 1350 1461 donatur.
1366 1442 1379 1457 ››

1145 1482 1301 1518 Gregorius
1325 1482 1478 1516 Nyssenus
1501 1479 1531 1506 in
1556 1476 1686 1513 Epistula
1711 1475 1751 1503 ad
1775 1473 1932 1502 Eulalinm.

1108 1537 1175 1565 quae
1186 1529 1227 1556 sic
1250 1527 1370 1563 incipit:
1404 1526 1456 1553 Vcs
1480 1524 1560 1559 quod
1584 1524 1708 1558 justum,
1739 1523 1809 1554 etc.,
1830 1525 1932 1555 parum

1109 1577 1178 1602 ante
1193 1574 1301 1600 tinem:
1318 1583 1331 1596 ‹‹
1344 1568 1565 1598 Immutabilem
1577 1575 1645 1595 vere
1662 1565 1844 1593 conﬁtentes
1858 1569 1932 1593 eum,

1109 1619 1161 1655 qui
1173 1616 1341 1645 secundum
1357 1614 1546 1643 causativum
1562 1614 1591 1640 et
1606 1613 1763 1639 causatum
1783 1611 1840 1640 est,
1858 1605 1932 1634 diffe-

1109 1663 1237 1691 rentiam
1252 1669 1313 1688 non
1331 1667 1479 1695 negamus
1494 1666 1500 1691 ;
1524 1658 1554 1684 in
1569 1664 1630 1692 quo
1645 1654 1743 1682 solum
1754 1651 1886 1680 discerni
1900 1649 1932 1677 ai-

1110 1711 1206 1736 terum
1224 1706 1263 1734 ab
1279 1705 1371 1733 altero
1395 1701 1691 1739 comprehendimus,
1707 1699 1766 1726 hoc
1781 1695 1931 1734 quoddam

1111 1751 1299 1780 causativum
1315 1736 1490 1780 credentes;
1505 1746 1561 1773 hoc
1577 1747 1673 1772 autem
1693 1750 1731 1770 ex
1746 1741 1901 1769 causativo
1910 1736 1932 1764 et

1111 1797 1177 1832 ejus
1193 1795 1277 1831 quod
1291 1802 1328 1822 ex
1342 1792 1495 1820 causativo
1509 1793 1554 1818 est
1567 1798 1573 1823 ;
1591 1788 1715 1817 alteram
1735 1787 1847 1814 iterum
1858 1782 1932 1812 diffe-

1111 1841 1238 1869 rentiam
1245 1837 1437 1873 intelligimus
1450 1857 1456 1868 ,
1469 1835 1526 1862 hoc
1536 1833 1617 1861 enim
1628 1831 1765 1868 proxime
1776 1830 1815 1857 de
1827 1828 1931 1865 primo:

1112 1886 1170 1914 hoc
1185 1887 1286 1912 autem
1302 1890 1355 1919 per
1367 1880 1541 1918 proximum
1556 1878 1594 1906 de
1604 1877 1714 1913 primo.
1734 1887 1748 1900 ι’

1148 1936 1231 1967 Item,
1242 1932 1323 1960 idem
1333 1930 1410 1958 libro
1420 1931 1526 1957 contra
1534 1925 1727 1957 Eunomium,
1734 1923 1824 1960 quasi
1835 1923 1864 1950 in
1871 1921 1931 1951 ﬁne,

1113 1979 1155 2008 ibi
1164 1978 1298 2014 loquitur
1311 1985 1317 2004 :
1328 1987 1342 2000 «ι
1354 1974 1433 2003 Sicut
1445 1972 1526 2001 enim
1536 1970 1694 2007 copulatur
1710 1968 1789 1996 Patri
1800 1967 1898 1997 Filius,
1911 1966 1932 1991 et

1114 2032 1151 2052 ex
1162 2024 1228 2060 ipso
1238 2029 1303 2049 esse
1315 2019 1442 2049 habens.
1455 2024 1518 2045 non
1530 2018 1575 2044 est
1602 2013 1750 2051 posterior
1775 2010 1932 2040 secundum

1115 2055 1336 2098 exsistantiam:
1354 2064 1395 2092 sic
1408 2063 1515 2091 iterum
1531 2063 1559 2088 et
1579 2060 1618 2088 ab
1643 2057 1802 2093 Unigenito
1816 2055 1932 2084 habetur

1117 2113 1241 2150 Spiritus
1256 2112 1388 2144 sanctus,
1405 2107 1557 2136 intellectu
1573 2104 1638 2133 solo
1661 2102 1832 2131 secundum
1847 2105 1932 2128 causa!

1115 2146 1262 2187 rationem
1276 2152 1494 2192 prmspeculata
1505 2150 1632 2186 Spiritus
1645 2146 1813 2184 hypOstasi.
1830 2157 1845 2170 η

1152 2209 1225 2236 item
1234 2203 1414 2233 Athanasius
1428 2202 1459 2229 in
1470 2206 1608 2228 sermone
1621 2199 1725 2226 contra
1740 2195 1844 2223 AeriOS
1858 2192 1932 2227 cujus

1116 2234 1235 2282 initium
1262 2251 1323 2278 est:
1353 2247 1410 2282 Qui
1439 2245 1598 2278 malitiose,
1616 2243 1647 2271 in
1669 2241 1731 2269 ﬁne
1755 2239 1883 2276 loquens
1901 2234 1930 2262 de

1117 2305 1199 2334 aqua
1214 2294 1339 2323 saliente
1353 2293 1384 2320 in
1403 2291 1496 2319 vitam
1522 2291 1677 2320 aeternam,
1704 2285 1748 2313 sic
1767 2284 1828 2312 ait:
1845 2292 1860 2310 ‹
1875 2282 1932 2334 Pro;

1117 2321 1353 2379 pilai—hociliavid
1362 2335 1496 2373 psallens
1506 2335 1566 2361 Deo
1577 2332 1619 2360 sic
1631 2331 1687 2359 ait:
1703 2329 1851 2364 Quoniam
1863 2321 1932 2379 apufl

1119 2368 1147 2416 te
1156 2389 1198 2415 est
1207 2386 1277 2420 fons
1286 2368 1404 2416 υέιωξθι
1415 2381 1447 2407 in
1457 2379 1570 2407 lumine
1578 2381 1626 2405 tuo
1637 2375 1802 2404 videbimus
1813 2373 1906 2400 lumen
1914 2368 1929 2393 '-

1119 2417 1240 2459 Sciebat
1259 2428 1340 2457 enim
1364 2425 1448 2463 apud
1475 2424 1593 2452 Patrem
1625 2429 1692 2448 esse
1713 2418 1820 2448 Filium
1834 2417 1932 2462 fontem

1121 2458 1244 2512 Spiritus
1258 2471 1354 2500 sancti
1366 2479 1373 2505 ;
1384 2458 1461 2498 sicut
1487 2475 1541 2505 per
1554 2465 1733 2503 prophetam
1749 2462 1838 2491 Filius
1851 2458 1911 2489 dicit
1924 2464 1930 2483 :

1118 2508 1167 2550 Aie
1182 2517 1405 2553 deretiquerunt
1422 2514 1532 2549 fontem
1544 2518 1631 2547 aquae
1648 2510 1724 2537 viva:
1741 2508 1764 2542 9,
1781 2518 1792 2531 ι
1810 2508 1865 2534 etc.

1155 2571 1229 2598 ltem
1240 2565 1364 2603 Cyrillus
1373 2572 1404 2592 in
1414 2569 1552 2591 sermone
1574 2559 1713 2595 septimo,
1729 2556 1818 2592 cujus
1830 2553 1929 2583 initium

1120 2597 1181 2644 est:
1197 2613 1239 2641 De
1256 2597 1471 2639 l'tumanatione
1491 2604 1653 2640 Unigeniti,
1676 2601 1766 2639 quasi
1789 2601 1860 2636 post
1869 2597 1932 2625 duas

1119 2662 1221 2697 partes
1247 2654 1411 2684 sermonis:
1430 2663 1442 2679 ι
1467 2650 1589 2680 Solvens
1603 2648 1684 2677 enim
1708 2647 1859 2683 apeccato
1875 2645 1930 2685 etuti

1184 2703 1244 2732 sibi
1266 2698 1422 2733 consentit,
1435 2695 1558 2734 proprio
1570 2692 1671 2731 jungit
1687 2691 1726 2721 de
1751 2692 1858 2720 cetero
1881 2687 1931 2721 SP1?
