1948 3079
68 151 109 179 es
734 140 872 177 CONTRA
894 146 1051 176 cumcos.

1682 151 1736 180 ‘94

66 213 125 244 ritu.
148 219 239 249 quem
254 211 386 241 immittit
400 211 464 248 ipse
481 219 488 239 :
512 213 544 239 ut
560 211 637 239 sicut
662 219 698 239 ex
724 211 783 240 Deo
799 213 882 239 Patre
895 213 919 239 Α
932 211 1031 246 pimus
1043 211 1077 239 ¹⁵.
1093 212 1126 238 Et
1137 209 1202 246 ipse
1226 209 1324 246 inquit
1341 209 1485 239 Dominus
1501 220 1508 240 :
1534 211 1678 245 Quoniam
1702 214 1739 242 de

67 259 103 285 est
116 257 253 290 Verbum,
270 257 311 285 ita
325 264 362 285 ex
375 257 500 293 propria
521 256 609 284 nobis
633 259 742 284 natura
757 255 888 284 refundit

68 302 209 338 Spiritum.
230 313 240 325 ι

97 346 174 379 Quod
198 348 300 374 autem
315 346 363 374 hic
378 345 504 380 refundi
519 345 659 381 dicimus,
674 345 704 373 in
720 347 821 374 Graeco
841 345 887 373 di-

68 391 131 418 citur
144 390 333 426 ὼιαπηγάζειν,
343 393 371 418 et
386 399 404 418 δ,
416 390 507 418 fontis
523 390 645 418 nomine
659 390 825 417 secundum
839 389 888 416 ἀνὰ

69 435 299 471 praepositionem
313 435 477 462 derivatur.
495 436 534 462 Ex
545 443 606 470 quo
621 434 737 470 liquide
751 436 887 477 apparet,

68 482 190 507 sanctum
219 481 337 507 Patrem
359 478 537 507 intellexisse
562 479 669 507 Filium
692 487 758 506 esse
773 478 887 506 fontem

68 524 178 560 Spiritus
194 523 306 551 sancti.

97 570 194 596 Beatus
216 568 388 604 Gregorius,
409 570 611 604 cognomento
628 567 886 603 Thaumaturgus,

68 613 91 640 in
104 621 158 640 sum
171 613 304 641 editione
316 612 402 645 Fidei.
420 620 489 649 quia
504 613 535 640 in
547 613 612 640 Vita
625 613 692 648 ejus
706 612 823 647 legitur,
845 613 886 640 sic

68 657 99 685 ait
113 667 119 684 :
135 668 147 682 «
164 658 244 685 Unus
257 657 384 693 Spiritus
396 660 518 685 Sanctus
526 665 562 685 ex
578 657 637 685 Deo
649 665 714 684 esse
725 657 886 685 essentiam

66 701 178 735 habens,
196 705 224 729 et
239 709 292 737 per
316 702 418 729 Filium
433 701 537 729 lucens
561 700 676 737 liquide
702 701 884 735 hominibus,

66 746 153 781 imago
167 746 231 774 Filii
247 745 391 782 perlecta.
407 758 421 771 υ

98 791 161 819 item
177 791 304 827 Magnus
316 791 507 823 Athanasius,
521 791 552 819 in
565 799 601 819 ea
615 798 683 826 qua:
698 791 737 819 ad
751 791 885 827 Serapio-

69 830 125 863 nem
137 839 177 863 est
191 837 228 863 de
244 837 357 871 Spiritu
373 838 488 869 sancto,
503 835 646 872 Epistola,
669 835 754 870 cujus
774 838 817 863 est
835 835 886 862 ini-

71 881 130 908 tium
141 889 146 908 :
158 881 280 908 Litterz
296 883 355 908 tua:
366 887 460 908 sacrae
475 880 652 915 a/fectionis,
663 883 728 913 etc.,
741 880 783 907 sic
797 879 884 908 dicit:
903 888 922 915 Β

71 936 80 948 ιι
95 925 165 952 Sicut
179 925 209 952 in
225 925 352 961 propria
381 925 514 959 imagine
530 927 576 952 est
601 924 688 951 Filius
704 925 733 951 in
755 924 862 960 Spiritu
880 938 886 954 :

71 970 103 997 sic
117 973 141 997 et
155 970 239 997 Pater
254 970 286 997 in
302 969 382 996 Filio.
404 980 417 993 π
432 971 463 996 Et
476 972 543 1005 post
559 969 714 996 modicum
733 975 738 994 :
756 980 766 993 α
786 971 888 1003 imago

72 1014 120 1041 Filii
134 1014 238 1041 dicitur
249 1017 280 1041 et
296 1018 341 1041 est
356 1014 480 1049 Spiritus
492 1015 625 1047 sanctus,
644 1013 760 1041 dicente
774 1013 864 1041 Paulo
880 1022 885 1041 :

73 1058 135 1091 Quos
143 1058 303 1092 ρνιτςινὶυἰε.
312 1058 436 1094 inquam
443 1059 477 1092 ,ει
484 1058 712 1092 praedestinavit
722 1058 889 1093 conformes

71 1103 124 1135 ﬁeri
137 1103 275 1138 imaginis
287 1103 362 1130 Filii
375 1102 486 1130 Πρὶιο.»
499 1102 571 1129 Item
588 1102 617 1129 in
633 1102 758 1130 eadem:
773 1113 786 1126 κ
801 1102 888 1130 Mani-

72 1147 166 1174 festum
193 1147 274 1175 enim
295 1147 360 1181 erit,
376 1146 458 1183 quod
474 1154 571 1183 neque
598 1149 735 1174 creatura
752 1147 887 1183 Spiritus,

72 1198 152 1228 neque
168 1192 347 1225 angelorum
361 1191 501 1224 essentia,
522 1191 552 1218 in
568 1198 604 1218 eo
617 1190 701 1227 quod
712 1191 752 1218 iiii
767 1198 888 1219 conver-

73 1236 153 1263 iibiies
182 1239 260 1270 sunt,
293 1235 345 1263 sed
372 1235 474 1270 imago
490 1235 576 1263 Verbi
605 1238 634 1263 et
661 1235 752 1263 Patris
768 1235 889 1271 propria

72 1283 115 1308 est.
131 1293 142 1305 ιι
159 1283 226 1308 item
243 1281 274 1308 in
300 1280 436 1316 ejusdem
466 1280 602 1316 Epistolas
632 1280 808 1316 abbrev‘iato
828 1288 888 1308 ser-

74 1333 148 1353 mone
163 1335 169 1352 :
188 1338 201 1350 ‹‹
216 1323 246 1354 Si
266 1329 370 1353 autem
387 1323 485 1353 bonus
502 1325 577 1353 odor
591 1327 620 1352 et
633 1324 732 1352 forma
747 1325 807 1352 Filii
833 1326 887 1358 est,

74 1369 248 1397 manifestum
265 1371 314 1397 est
328 1368 410 1405 quod
427 1376 488 1396 non
502 1369 556 1396 erit
572 1368 697 1404 Spiritus
710 1371 856 1397 creatura.
874 1380 888 1393 ››

102 1415 163 1442 item
179 1414 306 1442 Basilius
328 1414 359 1441 in
373 1415 482 1449 quarto
510 1420 648 1441 sermone
674 1415 778 1441 contra
794 1414 890 1442 Euno—

74 1458 182 1492 minum,
196 1458 246 1494 qui
264 1458 308 1485 sic
329 1458 456 1494 incipit:
484 1458 519 1486 Si
541 1461 655 1486 natura
678 1458 758 1486 Deus
779 1458 887 1491 Filius,

74 1505 128 1530 etc.:
144 1514 153 1527 ι
170 1504 273 1538 imago
291 1502 431 1538 quaedam
448 1502 496 1529 Dei
522 1501 653 1530 Christus
669 1504 713 1530 est
731 1512 737 1530 :
756 1502 812 1536 Qui
837 1505 876 1530 est

940 263 1004 283 meo
1019 256 1155 289 accipiet,
1170 257 1198 283 et
1212 256 1407 284 annuntiabit
1418 256 1508 284 vobis.
1524 267 1538 281 η

977 301 1048 328 item
1065 299 1221 334 Gregorius
1237 302 1392 336 Nyssenus
1419 300 1449 328 in
1477 309 1614 329 sermone
1634 304 1739 330 contra

941 344 1042 371 Arium
1058 347 1087 372 et
1102 344 1273 377 Sabellium,
1286 345 1338 381 qui
1353 345 1395 372 sic
1407 345 1512 381 incipit
1525 354 1531 373 :
1558 345 1635 379 Quid
1649 346 1714 374 dico
1726 348 1740 374 17

941 390 996 417 Dic
1010 389 1085 417 mihi
1098 397 1107 415 :
1121 389 1253 424 Spiritus
1265 393 1387 418 sanctus
1413 390 1594 419 immortalis
1609 394 1661 422 est,
1683 394 1737 418 etc.

941 444 956 457 «
985 434 1120 467 Sanctus,
1142 434 1325 470 principalis,
1346 435 1458 470 justus,
1474 442 1570 470 verus,
1588 435 1740 471 profunda

942 481 1078 506 scrutans
1105 479 1165 511 Dei,
1182 486 1218 506 ex
1234 480 1317 506 Patre
1332 479 1511 515 procedens,
1531 487 1568 507 ex
1590 479 1662 507 Filio
1675 488 1740 508 esse

941 523 1131 559 accipiens,»
1147 528 1204 551 etc.

976 568 1049 595 Item
1065 567 1251 604 Epiphanius
1263 568 1294 595 in
1318 567 1394 595 libro
1418 568 1471 604 qui
1492 568 1667 604 Ancyrotus
1687 577 1739 596 seu

940 613 1112 640 Ancoratus
1142 612 1260 646 dicitur,
1288 613 1328 640 sic
1346 612 1435 640 dicit:
1454 623 1468 637 ‹‹
1494 612 1619 648 Spiritus
1639 615 1739 642 autem

941 658 1073 691 sanctus,
1090 656 1215 692 Spiritus
1233 657 1282 684 Dei
1298 664 1352 684 ens
1366 665 1436 684 cum
1449 658 1533 685 Patre
1542 659 1571 684 et
1586 657 1667 690 Filio,
1679 665 1740 685 non

941 705 985 730 est
1000 702 1076 730 alius
1101 703 1177 729 Deus
1192 709 1211 730 a
1223 704 1282 733 Deo
1297 710 1303 734 ;
1326 709 1345 729 a
1364 703 1423 730 Deo
1439 704 1540 729 autem
1555 709 1608 730 ens
1623 710 1641 730 θ.
1656 704 1740 730 Patre

941 747 1084 783 procedit,
1099 755 1117 774 a
1138 746 1207 774 Filio
1222 747 1341 782 accipit,
1352 750 1380 774 et
1392 746 1422 774 in
1437 746 1543 774 eodem
1560 746 1647 774 Filius
1658 755 1740 775 reve-

940 792 981 819 lat
992 791 1119 819 Patrem.
1135 790 1237 818 Nullus
1252 791 1332 818 enim
1343 791 1427 818 novit
1444 792 1560 819 Patrem
1571 791 1629 819 nisi
1641 791 1736 828 Filius,

941 844 959 864 a
971 842 1032 871 quo
1046 835 1190 870 procedit,
1204 844 1222 863 a
1235 843 1295 871 quo
1307 835 1424 871 accipit.
1440 846 1453 861 ››

977 881 1049 907 Ecce
1064 882 1145 915 patet
1155 887 1190 907 ex
1202 879 1507 915 prmmissis,qualiter
1518 880 1642 916 Spiritus
1655 888 1740 907 sanc-

943 927 988 952 tus
1004 924 1040 951 sit
1052 931 1088 951 ex
1100 924 1182 959 Filio,
1196 924 1427 960 sive,quomodo
1440 924 1572 959 procedit
1585 924 1740 960 aequaliter

942 969 980 997 ab
997 972 1137 1004 utroiiue:
1154 968 1226 1004 quia
1236 968 1277 995 nii
1292 968 1374 996 aliud
1389 971 1434 995 est
1447 969 1588 1004 Spiritum
1601 971 1739 996 sanctum

943 1021 960 1040 a
976 1015 1057 1040 Patre
1072 1021 1146 1046 esse,
1162 1013 1210 1040 vel
1223 1020 1241 1041 a
1257 1012 1337 1045 Filio,
1352 1019 1445 1049 quam
1458 1012 1617 1048 procedere
1631 1013 1671 1040 ab
1686 1013 1737 1040 eis.

943 1058 1017 1090 Quia
1034 1066 1103 1086 cum
1116 1065 1177 1085 non
1193 1057 1231 1085 sit
1249 1057 1326 1086 alius
1341 1057 1462 1091 modus,
1481 1065 1543 1092 quo
1557 1065 1687 1093 persona
1702 1057 1740 1085 sit

942 1103 982 1131 ab
993 1103 1061 1132 alia.
1068 1102 1124 1130 nisi
1134 1102 1397 1137 generationis,aut
1407 1101 1740 1137 processionis,necesse

942 1150 986 1175 est
1001 1149 1042 1179 ut,
1051 1146 1076 1175 si
1090 1149 1134 1174 est
1143 1155 1162 1175 a
1173 1146 1244 1174 Filio
1253 1146 1378 1183 Spiritus
1394 1146 1617 1182 sanctus,quod
1629 1153 1740 1182 negare

943 1192 1061 1219 Griecus
1084 1199 1146 1219 non
1169 1194 1276 1227 potest,
1305 1190 1342 1219 sit
1367 1191 1457 1219 etiam
1476 1190 1516 1218 ab
1535 1198 1571 1218 eo
1599 1197 1652 1225 per
1675 1198 1740 1218 mo-

943 1236 1016 1263 dum
1025 1235 1241 1272 proeessionis:
1255 1235 1313 1263 nisi
1325 1235 1399 1263 forte
1407 1243 1519 1263 novam
1530 1233 1617 1262 velint
1627 1234 1741 1269 ﬁngere

942 1280 1092 1312 haresim,
1108 1283 1140 1308 ut
1154 1280 1265 1313 dicant,
1285 1279 1368 1316 quod
1384 1279 1467 1307 idem
1481 1279 1606 1315 Spiritus
1618 1281 1741 1307 sanctus

943 1327 1101 1359 generetur
1115 1333 1133 1353 θ,
1148 1324 1228 1358 Filio,
1246 1326 1275 1352 et
1297 1324 1356 1352 sint
1369 1324 1399 1352 in
1413 1323 1570 1353 Divinitate
1584 1323 1646 1352 duo
1667 1323 1737 1359 Filii,

944 1372 972 1397 et
984 1377 1062 1397 unus
1074 1377 1178 1397 eorum
1189 1377 1295 1405 nepos.

979 1414 1138 1441 Ostensum
1154 1413 1424 1449 estinsuper,quod
1435 1412 1561 1449 Spiritus
1574 1415 1742 1446 sanctus,ut

943 1457 980 1486 sit
995 1466 1013 1486 a
1024 1458 1169 1492 Filio,hoc
1182 1457 1273 1486 habet
1285 1458 1371 1486 Filius
1382 1465 1400 1486 a
1410 1459 1507 1486 Patre:
1523 1460 1644 1493 propter
1657 1457 1741 1493 quod

944 1510 962 1530 a
982 1502 1068 1530 Patre
1087 1510 1140 1538 per
1153 1501 1268 1535 Filium,
1282 1501 1330 1529 vel
1343 1501 1494 1530 mediante
1509 1501 1587 1537 Filio,
1604 1501 1650 1529 vel
1663 1504 1740 1530 certe

75 1546 193 1583 inquam,
205 1530 309 1584 irrragd
322 1547 375 1575 Dei
381 1547 541 1576 invisibilis
555 1548 586 1581 ιι,
598 1547 700 1583 imago
716 1530 815 1576 autem
828 1530 890 1576 Filii
909 1563 929 1591 ρ
944 1530 1146 1583 principaliter
1160 1549 1189 1574 et
1202 1530 1321 1582 proprie
1333 1546 1440 1574 dicitur
1449 1530 1643 1582 Spirituslpro
1653 1546 1742 1574 edere

76 1592 190 1628 Spiritus.
212 1605 226 1617 υ

104 1639 164 1664 item
179 1638 208 1665 in
233 1636 343 1665 eodem
366 1636 443 1664 libro
470 1644 536 1672 cap.
556 1636 641 1671 cujus
663 1636 764 1664 titulus
781 1645 787 1663 :
805 1637 889 1670 Quod

75 1681 136 1708 sicut
149 1682 241 1710 Filius
261 1681 305 1710 ad
324 1682 446 1709 Patrem
466 1689 496 1709 se
516 1681 614 1712 habet,
635 1681 677 1710 sic
695 1681 829 1716 Spiritus
847 1682 888 1710 ad

75 1725 168 1754 Filium
181 1735 187 1760 ;
202 1727 232 1754 in
247 1727 317 1763 ipso
330 1726 413 1754 initio
429 1726 561 1762 capituli,
588 1726 630 1753 sic
656 1726 697 1754 ait
711 1735 717 1754 :
737 1737 751 1751 «
766 1726 888 1762 Propter

76 1769 120 1797 hoc
133 1772 157 1798 et
171 1772 219 1799 Dei
235 1770 394 1807 quoddam
410 1770 536 1798 verbum
562 1769 667 1805 Filius;
689 1770 817 1798 verbum
836 1779 887 1799 au-

77 1815 123 1841 tem
138 1815 191 1842 Filii
205 1814 331 1851 Spiritus
347 1824 354 1842 :
373 1813 512 1848 Portans,
528 1815 664 1851 inquam,
682 1815 784 1843 omnia
799 1816 887 1844 verbo

77 1858 178 1887 virtutis
189 1867 250 1888 sum
263 1860 300 1886 ’³.

105 1902 166 1931 item
181 1904 288 1932 beatus
313 1902 439 1939 Cyrillus
461 1903 491 1931 in
506 1903 584 1931 libro
609 1903 801 1939 Dialogorum
817 1912 886 1932 cum

78 1946 176 1976 Hermia
190 1949 238 1983 ('2),
254 1947 294 1975 de
316 1947 425 1984 Spiritu
450 1950 554 1975 sancto
582 1947 720 1984 loquens,
739 1948 824 1984 cujus
843 1950 888 1976 est

78 1991 184 2023 initium.
200 1993 301 2021 Labor
325 1992 477 2020 beatorum
503 1993 624 2027 fructus
648 1994 803 2028 gloriosus,
818 1995 884 2021 etc.:

81 2045 89 2058 ε
102 2035 245 2065 Character
256 2045 346 2065 verus
361 2039 388 2064 et
403 2037 547 2065 naturalis
571 2037 610 2065 ad
632 2045 786 2066 summum
801 2038 886 2066 certi-

79 2080 182 2115 tudinis,
196 2090 264 2118 quae
281 2081 449 2110 secundum
463 2081 688 2110 similitudinem
702 2083 885 2117 intelligitur,

78 2123 129 2159 ipsc
143 2129 181 2153 est
207 2127 311 2158 Filius;
339 2126 502 2154 similitudo
529 2134 605 2163 pura
625 2130 654 2155 et
666 2127 811 2155 naturalis
827 2127 889 2155 Filii

81 2168 186 2204 Spiritus
199 2174 262 2204 est;
289 2171 438 2199 scribente
456 2171 560 2199 audies
581 2171 670 2199 beato
684 2172 773 2200 Paulo
790 2181 796 2199 :
813 2172 889 2206 Quia

80 2220 137 2247 quos
159 2217 320 2249 pra-scivit,
338 2218 365 2243 et
383 2215 608 2250 praedestinavit
630 2217 797 2251 conformes
823 2217 891 2251 ﬁeri

80 2257 199 2293 imaginis
214 2261 290 2288 Filii
302 2261 367 2294 Dei,
384 2267 456 2296 quos
470 2263 569 2288 autem
583 2261 822 2295 praedestinavit,
838 2261 890 2290 hos

81 2303 102 2328 et
114 2305 227 2332 vocavit.
246 2315 260 2331 η

109 2347 274 2377 Athanasius
289 2349 329 2377 ad
345 2349 541 2386 Serapionem
565 2349 595 2377 in
612 2349 745 2386 Epistola
763 2350 801 2378 de
829 2350 893 2387 Spi.

83 2389 129 2418 ritu
151 2396 260 2427 sancto,
274 2396 308 2422 ut
333 2401 425 2430 supra
440 2394 617 2422 adnotatum
633 2397 676 2422 est
693 2403 699 2422 :
717 2405 731 2420 «ι
757 2396 790 2423 Et
802 2395 891 2423 Filius

84 2433 241 2471 inquit,0u:e
254 2438 359 2467 audivi
368 2446 386 2467 a
396 2440 496 2472 Patre,
505 2439 568 2467 haec
579 2441 682 2474 loquor
694 2440 725 2467 in
737 2441 848 2468 mundo
856 2440 892 2477 1³,

85 2478 192 2551 Spiritus
214 2487 312 2512 autem
341 2491 359 2513 α
383 2484 464 2513 Filio
486 2485 625 2519 accipiet,
648 2487 676 2513 et
695 2485 890 2514 annuntiabit

85 2530 113 2551 vo
131 2526 166 2551 isi
184 2547 190 2551 .
205 2539 218 2551 η
478 2531 482 2533 ’

85 2526 151 2552 υοὸιὶ
160 2526 190 2554 ³⁸.
205 2539 218 2552 ››
478 2531 482 2533 ’

113 2568 175 2597 item
186 2571 306 2600 Basilius
319 2572 358 2601 ad
376 2572 631 2609 Amphilochium,
646 2581 712 2610 cap.
729 2576 764 2602 5:
784 2585 795 2599 ε
813 2575 889 2603 Scri-

86 2609 147 2640 bens
163 2614 198 2642 ad
219 2617 361 2652 Ephesios
380 2617 490 2645 Paulus
512 2618 573 2646 ait:
610 2609 766 2647 Veritatem
790 2621 889 2648 autem

87 2654 217 2694 facientes,
230 2664 284 2689 etc.
295 2662 346 2690 Ea:
356 2662 545 2697 plenitudine
557 2663 622 2698 ejus
635 2670 688 2690 nos
700 2671 800 2692 omnes
809 2671 889 2693 acce-

943 1592 990 1620 vei
1005 1591 1112 1628 spirari
1127 1600 1145 1619 a
1158 1593 1251 1620 Patre.
1270 1591 1473 1619 Terminatum
1491 1593 1537 1619 est
1556 1591 1647 1624 enim,
1667 1598 1742 1627 quo-

943 1636 1035 1664 modo
1049 1636 1130 1663 idem
1143 1635 1268 1672 Spiritus
1281 1644 1300 1663 δ.
1314 1635 1455 1671 Filio,qui
1469 1637 1514 1663 est
1527 1635 1593 1670 ejus
1607 1642 1699 1663 causa
1713 1637 1742 1663 et

943 1681 1020 1714 fons,
1040 1682 1163 1717 propter
1176 1679 1303 1708 modum
1318 1679 1438 1707 essendi
1453 1687 1472 1707 ει
1500 1679 1581 1713 Filio,
1597 1678 1741 1707 catholice

942 1725 1050 1753 dicitur
1062 1733 1128 1753 esse
1142 1724 1217 1753 ratio
1232 1727 1261 1752 et
1274 1724 1371 1752 forma
1386 1724 1456 1752 Filii.
1472 1723 1555 1752 Unde
1565 1725 1594 1752 et
1613 1723 1742 1751 verbum

943 1773 973 1798 et
986 1770 1087 1805 imago
1098 1769 1160 1797 Filii
1175 1771 1296 1805 propter
1306 1768 1443 1797 eamdem
1456 1768 1604 1796 rationem
1615 1768 1741 1804 Spiritus

943 1815 1144 1850 nuncupatur.
1153 1815 1224 1846 Quae
1238 1812 1371 1849 prudens
1383 1812 1476 1840 lector
1488 1813 1513 1840 si
1523 1812 1690 1840 consideret
1700 1812 1743 1840 di-

941 1859 1075 1894 ligenter,
1092 1859 1187 1886 multa
1201 1865 1269 1894 quas
1283 1866 1302 1886 θ.
1317 1857 1424 1886 Graecis
1443 1857 1673 1893 objiciebantur,
1693 1865 1742 1885 so-

941 1903 1004 1931 luta
1013 1903 1159 1938 inveniet;
1175 1905 1203 1930 et
1212 1902 1281 1930 licet
1293 1901 1535 1936 breviter,tamen
1545 1903 1574 1930 et
1588 1900 1739 1937 catholica,

942 1950 971 1976 et
982 1956 1051 1976 vere
1066 1948 1234 1976 terminata.

1101 2018 1217 2047 Salutio
1231 2017 1272 2045 ad
1286 2018 1406 2045 tertium
1425 2017 1580 2052 objeclum.

978 2082 1023 2110 Ad
1033 2081 1153 2109 tertium
1167 2082 1268 2108 autem
1281 2079 1530 2116 objectum,quod
1542 2079 1626 2107 dicit:
1635 2079 1742 2108 Omnia

942 2133 1127 2162 quaecunque
1143 2125 1247 2153 audivi
1270 2131 1289 2152 α
1301 2124 1393 2152 Patre
1406 2131 1480 2157 meo,
1495 2127 1567 2152 nota
1577 2124 1691 2159 faciam
1708 2125 1740 2151 ’⁸.

944 2170 1142 2200 Concedimus
1155 2169 1266 2197 sicutet
1275 2168 1332 2204 ipsi
1345 2162 1595 2203 glossant,omnia
1608 2176 1744 2197 necessa-

943 2216 988 2244 ria
1001 2215 1040 2243 ad
1051 2214 1250 2243 salutem.Hoc
1262 2215 1362 2241 tamen
1376 2213 1548 2241 necessario
1562 2213 1704 2241 addimus
1713 2213 1744 2241 in

946 2260 1056 2295 glossa,
1064 2258 1157 2295 quod.
1168 2260 1220 2286 aut
1229 2257 1436 2293 implicite,aut
1445 2257 1582 2293 explicite
1592 2260 1663 2285 nota
1675 2257 1745 2286 facit

944 2305 986 2334 eis
1001 2304 1113 2332 omnia.
1129 2305 1203 2332 Nam
1217 2310 1286 2330 cum
1296 2302 1390 2330 verba
1405 2302 1464 2330 sint
1480 2302 1624 2338 Veritatis,
1633 2303 1744 2330 Veritas

945 2349 1064 2378 mentiri
1078 2356 1139 2376 non
1155 2349 1259 2384 potest.
1277 2346 1350 2374 Dicit
1359 2347 1429 2374 enin
1444 2355 1450 2374 :
1464 2347 1563 2375 Multa
1574 2348 1637 2376 alia
1651 2347 1744 2376 habeo

945 2395 1023 2424 vobis
1036 2394 1142 2428 dicere,
1154 2393 1206 2421 sed
1219 2400 1278 2420 non
1292 2392 1413 2427 potestis
1421 2395 1546 2427 portare
1559 2393 1655 2420 modo.
1670 2392 1744 2420 Cum

945 2443 1044 2468 autem
1064 2439 1177 2467 venerit
1191 2437 1243 2465 ille
1255 2437 1387 2471 Spiritus
1402 2437 1545 2469 veritatis,
1566 2437 1679 2465 docebit
1695 2444 1745 2464 vos

945 2491 1059 2513 omnem
1072 2482 1278 2516 veritatemw',
1290 2481 1379 2517 quasi
1390 2481 1472 2509 dicat
1488 2489 1494 2508 :
1512 2482 1622 2509 Horum
1633 2482 1661 2507 et
1673 2480 1746 2507 alio~

943 2537 1011 2556 rum
1027 2527 1186 2555 verborum
1211 2533 1349 2554 meorum
1367 2525 1593 2560 intelligentiam
1607 2524 1745 2560 relinquo

943 2571 1117 2609 magisterio
1143 2570 1267 2607 Spiritus
1282 2569 1386 2602 sancti,
1413 2569 1466 2605 qui
1489 2568 1608 2597 docebit
1631 2576 1696 2602 vos,
1717 2572 1745 2597 et

942 2619 1082 2654 suggeret
1094 2616 1204 2649 omnia,
1219 2621 1398 2651 quacunque
1411 2614 1516 2642 dixero
1529 2612 1609 2641 vobis
1625 2613 1658 2640 ³⁷.

978 2660 1204 2698 item,quamvis
1215 2668 1276 2688 non
1284 2659 1453 2687 inveniatur
1460 2658 1627 2687 secundum
1637 2665 1745 2687 vocem

118 2717 224 2764 ‘f‘iiom.
238 2730 298 2764 vni,
309 2724 415 2764 2οη.Δῖ¹
433 2723 546 2753 Coloss.
562 2727 638 2764 1,}5.
658 2725 796 2764 __“__ii_e_br.
810 2735 830 2764 ι,
845 2729 872 2756 3.

948 2727 1037 2757 Joan.
1052 2726 1168 2760 vm,26.
1207 2722 1400 2755 1hloarmm,
1420 2722 1463 2750 με.
1503 2719 1526 2739 ³⁸
1545 2721 1632 2751 Joan.
1652 2729 1672 2756 ι,
1694 2720 1742 2750 16.

93 2750 112 2767 ¹⁸
122 2753 193 2784 Joan.
205 2765 252 2794 xv,
268 2750 309 2789 is.
322 2750 339 2752 Ὗ
349 2759 384 2779 η’
395 2750 637 2796 hishis."
655 2761 676 2781 ιτ
693 2750 768 2794 ὡὶᾶῖ

120 2816 146 2853 t2
166 2815 222 2849 Lib.
235 2827 282 2854 vn.
