1948 3079
179 146 230 173 495
789 121 1029 155 PANTALEONIS

181 206 213 234 in
225 201 397 238 Evangelio,
412 197 496 236 quod
511 195 635 233 Spiritus
660 190 796 238 procedit
818 186 929 238 auFilio
1005 183 1029 210 A

181 249 297 278 venitur
310 229 414 275 tamen
422 229 593 272 secundum
605 238 761 267 veritatem
775 229 984 264 intellectus,in

434 287 543 316 Dicitur
558 284 638 313 enim
655 280 780 318 Spiritus
792 276 938 331 Veritatis,
953 273 985 302 id

185 320 322 368 estiFilii,
337 334 410 371 quia
429 332 466 360 de
480 339 512 359 se
527 329 641 358 Veritas
658 326 791 355 increata
804 320 985 358 loquebatur

187 365 270 416 tunc,
287 365 430 409 Christus.
449 376 478 405 Si
490 382 561 410 ergo
577 375 622 402 est
641 370 764 408 Spiritus
779 365 924 399 Veritatis,
936 365 988 392 aut

187 409 396 464 qvuia’Spiritus
411 424 457 450 est
470 429 488 449 a
503 409 639 449 veritate,
660 417 712 444 aut
724 413 796 451 quia
810 410 922 439 Veritas
943 409 987 435 est

188 456 208 500 εί
232 456 350 507 Spiritu.
368 466 426 495 Sed
452 464 536 502 quod
549 463 659 491 Veritas
674 460 711 488 sit
734 467 753 487 a
769 456 878 493 Spiritu
899 459 986 503 error

188 498 329 552 estrquia
343 512 432 541 Filius
449 498 472 538 εί
482 511 568 538 Patre
580 506 643 535 solo
654 507 698 533 est
711 506 813 533 etnon
825 509 842 529 a
857 498 984 548 Spiritu:

189 542 324 590 confiteri
347 563 469 586 necesse
484 556 537 589 est,
553 551 637 589 quod
653 550 690 578 sit
705 548 830 585 Spiritus
842 542 986 590 Veritatis,

191 588 278 634 idest
290 603 361 637 Filii,
378 602 435 629 hoc
449 602 502 633 est,
518 605 537 626 a
550 588 631 626 Filio.
647 595 675 623 Si
689 595 788 622 autem
805 599 823 619 a
842 588 922 623 Filio,
936 588 989 615 aut

191 648 393 685 generatione,
409 647 460 674 aut
473 641 675 680 processione,
684 641 716 666 ut
727 634 908 673 supra.Quia
917 638 988 660 vero

193 680 248 731 fid]
265 695 311 721 est
331 691 419 720 bonae
441 684 645 724 expositionis,
669 681 784 720 patebit
807 680 838 708 in
863 684 988 716 sequen-

192 740 282 768 tibus.

192 799 496 837 Spiritujrzrsanctnum
519 801 578 822 esse
599 791 745 837 Spiritum
765 786 914 837 Veritatis,
931 785 990 837 .l’toc

229 820 606 865 Eii"'i%iiii."é£ci~;bcb+am
619 820 745 856 Patrum
757 820 990 858 expositionibus

229 870 452 906 comprobatur.

230 927 336 954 Beatus
350 920 484 958 Cyrillus,
504 919 535 947 in
557 913 801 952 recapitulatione
824 911 862 940 de
882 909 992 946 Spiritu

194 972 307 1000 sancto,
318 956 620 995 dimembrationibus
636 958 793 993 sexaginta
804 956 992 986 sex,demon-

195 998 337 1043 stratione
348 1011 390 1039 sic
403 1009 458 1038 ait:
471 1019 485 1033 «
497 1007 529 1034 ln
544 1003 710 1039 Evangeliis
722 1001 847 1038 quidem
858 998 993 1028 Salvator

195 1059 237 1087 sic
252 1058 293 1087 ait
305 1057 343 1085 de
359 1063 389 1084 se
405 1062 412 1081 :
439 1054 503 1088 Ego
519 1058 582 1079 sum
600 1049 710 1078 veritas
721 1048 754 1074 ιθ.
771 1047 877 1074 Beatus
891 1045 992 1072 autem

194 1105 324 1132 Joannes
348 1108 382 1128 ex
397 1098 491 1127 Patris
505 1094 643 1127 essentia,
664 1095 693 1121 et
706 1091 769 1119 Filii
792 1089 933 1126 Spiritum
947 1095 993 1115 os-

197 1147 334 1179 tendens,
347 1145 379 1172 in
394 1140 561 1176 Evangeliis
576 1137 700 1175 quidem
712 1134 903 1170 ait:Spiritus
918 1132 994 1161 veri-

200 1193 280 1226 tatis,
297 1189 349 1226 qui
363 1196 381 1217 a
392 1188 486 1216 Patre
495 1183 641 1221 procedit.
660 1192 674 1207 »

233 1222 315 1265 idem
328 1234 459 1264 sanctus,
467 1230 498 1257 in
510 1229 619 1265 quarta
633 1224 758 1263 epistola
767 1223 807 1252 ad
815 1222 991 1256 Nestorium,

199 1282 284 1318 cujus
299 1281 343 1308 est
355 1277 488 1306 initium:
502 1274 662 1302 Saluatore
673 1273 774 1298 nostra
786 1268 911 1301 dicente,
925 1269 991 1299 etc.,

199 1311 308 1364 parum
320 1325 389 1351 ante
403 1321 496 1349 ﬁnem
512 1327 518 1346 :
536 1329 550 1342 α
566 1315 640 1364 si
654 1315 685 1343 in
699 1312 856 1350 hypostasi
870 1311 994 1348 Spiritus

201 1355 324 1400 sanctus
339 1365 472 1404 propria,
487 1365 515 1392 et
526 1360 699 1404 intelligitur
708 1357 875 1386 secundum
890 1363 931 1388 se,
947 1355 995 1383 vel

200 1414 283 1453 quod
302 1402 428 1449 Spiritus
446 1410 501 1441 est,
516 1409 545 1434 et
555 1413 618 1433 non
633 1403 732 1436 Filius,
754 1403 855 1430 tamen
874 1407 936 1428 non
950 1402 997 1428 est

201 1444 370 1489 alienus'ab
385 1455 450 1492 ipso
467 1451 547 1481 Filio.
560 1448 684 1486 Spiritus
703 1447 783 1475 enim
796 1444 930 1473 Veritatis
944 1452 996 1472 no-

200 1505 331 1534 minatus
341 1490 460 1529 estdEst
475 1499 575 1525 autem
595 1493 727 1522 Christus
741 1490 867 1522 Veritas,
883 1491 911 1517 et
928 1496 996 1525 pro-

201 1549 335 1580 funditur
360 1546 400 1574 ab
423 1544 501 1580 ipso,
516 1536 779 1577 quemadmodum
800 1535 903 1571 utique
918 1536 946 1562 et
964 1541 1001 1562 ex

200 1577 295 1625 Patre.
310 1590 388 1625 Quid
403 1577 504 1617 autem
519 1585 556 1613 sit
573 1581 766 1620 profundere,
782 1579 905 1616 exponit
918 1577 998 1606 idem

202 1624 329 1677 Cyrillus
341 1636 372 1664 in
388 1631 572 1669 expositione
582 1626 717 1664 Symboli
731 1624 851 1656 Nicreni,
868 1625 999 1651 tractans

202 1667 329 1714 verbum
348 1667 436 1712 illud,
454 1676 511 1710 Qui
529 1681 567 1702 ex
582 1675 672 1707 patre
695 1669 839 1705 procedit,
867 1667 970 1695 dicens
991 1674 998 1693 :

203 1741 218 1756 «
230 1727 393 1756 Transacto
404 1722 441 1750 de
457 1719 572 1748 Christo
592 1717 658 1752 ipso
674 1721 822 1745 sermone,
836 1719 905 1740 cum
918 1710 1000 1738 beati

203 1775 302 1802 Patres
311 1766 405 1797 sancti
416 1764 541 1801 Spiritus
551 1760 729 1789 memoriam
738 1757 882 1785 facerent:
895 1754 999 1789 Credo,

203 1815 353 1847 dixerunt,
368 1812 399 1839 in
415 1800 493 1843 eum,
508 1802 770 1842 quemadmodum
786 1801 815 1828 in
832 1801 959 1834 Patrem,
973 1800 1001 1827 et

346 1842 616 1884 [consubstantialis
641 1847 722 1875 enim
748 1845 800 1878 eis,
821 1847 849 1872 et
867 1842 1002 1871 funditur

205 1888 330 1943 Spiritus
335 1903 372 1936 ,et
382 1896 516 1937 procedit
522 1898 669 1930 tanquam
675 1899 693 1919 a
698 1890 779 1918 fonte
785 1890 845 1917 Deo
851 1891 879 1916 et
886 1888 970 1916 Patre
975 1897 1000 1915 .›ι

241 1932 348 1976 Deatus
363 1932 486 1980 quoque
508 1937 642 1971 Basilius,
663 1937 694 1964 in
716 1934 792 1980 libro
818 1934 859 1962 De
884 1932 1001 1967 Spiritu

205 1975 320 2026 saucio,
334 1975 644 2026 ad-Am-philochium,
655 1987 719 2016 cap.
734 1979 779 2007 l8:
790 1989 804 2003 «
819 1977 852 2005 Si
861 1977 926 2013 quis
940 1975 1002 2010 Spi-

313 2020 431 2065 bhristi
440 2020 501 2058 rion
517 2028 616 2060 habet,
634 2025 682 2053 hic
692 2031 752 2052 non
767 2025 807 2051 est
827 2022 899 2056 ejus.
920 2020 1003 2048 Unde

206 2065 288 2113 solus
296 2078 443 2117 gloriﬁcat
449 2065 1001 2103 Deum.Ittemectare/icabit,inquam,

206 2128 278 2166 quia
293 2108 329 2154 de
338 2130 401 2151 meo
414 2118 540 2153 accipiet
552 2119 581 2145 et
593 2112 787 2144 annuntiabit
801 2110 880 2139 vobis
895 2116 957 2137 non
968 2108 1004 2136 si-

482 2163 489 2166 _
522 2161 527 2166 .
572 2162 577 2166 .
603 2160 617 2166 η
704 2165 720 2166 η
746 2155 896 2166 Λ-,λ-,ΖΜ
926 2151 990 2166 mm.

206 2151 422 2201 :u'tmcreatura,
440 2151 493 2192 sed
506 2161 581 2189 sicut
602 2158 727 2195 Spiritus
744 2155 909 2192 sapientia,
925 2151 1004 2181 Chri-

206 2220 296 2246 stum,
309 2213 359 2241 Dei
372 2211 511 2239 virtutem
526 2208 554 2234 et
569 2204 619 2233 Dei
631 2200 863 2239 sapientiam,in
870 2206 926 2226 sua
940 2205 1002 2226 ma-
1021 2210 1043 2237 ι)

206 2243 362 2297 gnitu'dine
376 2254 509 2284 revelans
524 2260 531 2279 :
546 2252 575 2279 et
589 2249 664 2277 sicut
687 2245 856 2275 Paracletus
876 2243 1002 2279 Spiritus

206 2287 417 2334 :haracterizat
427 2298 452 2334 ej
457 2303 571 2333 us,quaa
580 2291 717 2331 promisit
726 2298 779 2327 per
791 2288 942 2325 Spiritum,
950 2287 1002 2315 Pa-

205 2333 307 2379 racleti
322 2333 493 2378 bonitatem,
511 2342 539 2368 et
552 2340 582 2367 in
595 2337 640 2366 sui
656 2335 798 2372 dignitate
812 2333 1003 2368 majestatem

205 2375 391 2423 demonstrat
400 2389 476 2425 ejus.
486 2375 504 2412 ⁷ι
523 2384 605 2413 Unde
618 2385 646 2411 et
657 2379 812 2417 provenit;
827 2376 911 2414 quod
921 2375 1003 2404 idem

206 2442 260 2474 est,
276 2436 358 2475 quod
369 2432 512 2471 procedit.

348 2465 469 2509 sanctus
493 2472 678 2512 Epiphanius
703 2470 734 2498 in
749 2468 824 2496 libro
843 2467 887 2495 De
905 2465 1004 2512 Anci).-

206 2508 325 2558 ratdi:
334 2508 418 2554 Pater
433 2522 494 2551 veri
510 2508 571 2548 Filii
587 2519 631 2546 est
640 2517 735 2548 Pater,
751 2513 853 2558 lumen
867 2511 946 2538 totus
963 2508 1005 2536 Fi-

204 2574 272 2607 lius,
286 2570 383 2600 Patris
397 2567 539 2599 Verbum,
551 2563 654 2591 lumen
672 2567 709 2588 ex
725 2556 849 2588 lumine,
865 2561 927 2583 non
947 2553 1004 2581 uti-

205 2597 417 2655 que'f—actaivel
437 2597 537 2641 creata
550 2604 750 2655 applicatione
770 2600 852 2655 sola‘;
867 2601 895 2648 et
915 2597 1003 2634 Spiri-

206 2643 263 2691 tju—s-
270 2643 401 2692 sanctus,
416 2655 542 2693 Spiritus
555 2643 695 2683 veritatis,
717 2647 820 2676 lumen
834 2643 953 2674 tertium
967 2649 1004 2670 ex

206 2706 294 2737 Patre
312 2706 340 2734 et
354 2703 435 2733 Filio.
449 2712 464 2727 »

1009 856 1029 884 Β

1020 1533 1039 1561 C

242 2823 265 2843 “
277 2821 364 2853 toan.
380 2827 439 2854 xiv,
451 2819 477 2849 6.
516 2816 538 2856 19
550 2814 637 2846 Joan.
652 2819 699 2846 vu,

1049 119 1194 150 DlACONI
1213 117 1265 146 (ΣΡ.
1814 109 1875 137 496

1080 183 1165 216 Item,
1176 179 1235 209 alia
1245 177 1405 208 auctoritas
1417 175 1579 212 Evangelii,
1597 173 1739 210 Spiritum
1749 178 1786 199 ex
1798 169 1876 199 Filio

1039 214 1202 264 procedere
1228 224 1380 259 comperte
1408 221 1530 250 clamat.
1559 219 1633 248 Dicit
1651 217 1732 246 enim
1752 214 1844 244 Filius
1862 222 1875 241 :

1040 258 1097 305 Qui
1107 269 1201 298 credit
1216 269 1248 297 in
1262 258 1317 302 me,
1330 267 1406 294 sicut
1418 266 1492 294 dicit
1501 265 1661 299 Scriptura
1673 271 1681 288 :
1691 260 1823 296 ﬂumina
1835 258 1879 286 de

1040 319 1142 344 ventre
1152 315 1216 349 ejus
1226 314 1321 348 ﬂuent
1331 318 1416 347 aqua:
1429 311 1514 339 vivat.
1530 309 1595 336 Hoc
1607 310 1707 336 autem
1718 305 1799 333 dixit
1818 302 1879 338 (ait

1040 358 1235 395 evangelista)
1250 357 1285 386 de
1297 357 1424 391 Spiritu,
1446 362 1532 391 quem
1551 351 1689 388 acepturi
1704 352 1794 379 erant
1808 355 1877 376 cre-

1040 393 1141 434 dentes
1169 404 1201 431 in
1223 402 1335 431 eum”.
1355 399 1480 434 Audisti,
1506 399 1616 431 Graece,
1632 395 1716 432 quod
1738 393 1875 430 Spiritus

1040 448 1176 486 procedit
1194 447 1232 475 ab
1254 454 1290 474 eo
1310 445 1362 482 qui
1377 444 1471 473 credit
1496 443 1526 471 in
1550 441 1644 470 eum?
1659 442 1763 468 Nonne
1780 437 1879 466 etiam

1041 483 1106 523 iluit
1119 502 1135 522 a
1147 492 1218 521 Filio
1231 489 1373 527 Spiritus?
1389 490 1462 517 lmo.
1479 485 1638 521 Quomodo
1651 493 1669 514 a
1683 483 1882 512 credentium

1041 537 1193 568 mentibus
1206 526 1299 564 ﬂuere
1312 534 1383 563 dicit
1408 533 1562 570 Spiritum,
1581 530 1638 559 nisi
1660 529 1732 566 quia
1747 527 1815 555 ﬂuit
1835 526 1880 554 ab

1042 592 1088 618 eo,
1104 590 1196 619 quem
1210 580 1302 609 habet
1316 579 1347 607 in
1368 586 1399 606 se
1414 577 1539 606 credens
1553 575 1584 604 in
1596 582 1677 610 eum,
1698 573 1755 601 hoc
1775 573 1832 606 est,
1855 578 1881 598 a.

1042 615 1135 657 Filio—'2
1151 626 1228 660 Quid
1241 628 1285 654 est
1297 632 1380 659 vero,
1399 622 1542 659 Spiritum
1557 629 1576 649 a
1598 620 1668 648 Filio
1692 618 1798 651 ﬂuere,
1814 615 1878 644 nisi

1042 671 1203 710 procedere
1218 671 1258 698 ab
1272 669 1336 706 ipso
1347 668 1361 696 7
1377 667 1464 701 Quod
1478 669 1580 695 autem
1595 663 1724 692 ﬂumina
1744 660 1882 698 Spiritus

1044 717 1139 747 sancti
1166 705 1342 752 proeedunt,
1358 713 1542 741 monstratur
1560 709 1719 738 manifeste
1745 706 1778 734 in
1796 705 1882 734 libro

1043 764 1114 791 Jesu
1133 750 1186 789 ﬁlii
1202 759 1318 789 Sirach:
1331 758 1407 793 Ego,
1419 756 1525 792 inquit,
1539 754 1697 789 Sapientia
1712 751 1806 786 effudi
1818 750 1883 784 ﬂu—

1044 807 1167 836 mina”.
1194 804 1271 838 Quid
1289 803 1369 832 enim
1389 802 1420 830 in
1439 801 1497 830 hoc
1516 799 1581 828 loco
1601 806 1655 835 per
1675 795 1878 833 Sapientiam,

1043 853 1101 881 nisi
1127 851 1242 884 Filium,
1262 851 1291 877 et
1317 847 1392 883 quid
1418 854 1472 883 per
1494 844 1630 879 ﬂumina,
1651 842 1709 870 nisi
1729 840 1879 876 Spiritum

1044 898 1183 926 sanctum
1197 891 1411 928 intelligimus?
1427 889 1536 918 Effudit
1548 895 1619 923 ergo
1641 884 1794 922 Sapientia
1813 883 1879 910 ﬂu-

1044 942 1138 975 mina,
1151 940 1223 976 quia
1235 938 1323 967 Filius
1338 945 1375 965 ex
1398 944 1429 963 se
1444 933 1550 963 emittit
1567 932 1718 969 Spiritum,
1734 929 1787 966 qui
1805 935 1882 965 pro-

1045 986 1123 1015 cedit
1135 985 1174 1014 ab
1190 985 1268 1021 ipso.

1081 1033 1153 1059 Item
1172 1017 1244 1057 dicit
1257 1027 1295 1055 de
1307 1025 1416 1054 eodem
1436 1023 1525 1052 Filius
1541 1022 1572 1050 in
1586 1019 1747 1055 Evangelio
1762 1026 1769 1046 :
1790 1017 1884 1046 Sicut

1044 1076 1138 1104 Pater
1162 1073 1250 1102 habet
1266 1071 1359 1100 vitam
1372 1070 1403 1097 in
1419 1067 1585 1102 semetipso,
1601 1066 1644 1093 sic
1658 1063 1739 1092 dedit
1755 1065 1783 1090 et
1797 1062 1885 1090 Filio

1047 1119 1155 1148 habere
1168 1119 1260 1146 vitam
1270 1117 1301 1144 in
1316 1114 1471 1148 semetipso
1479 1113 1500 1129 ²¹
1508 1133 1514 1140 .
1523 1109 1599 1144 Quid
1608 1108 1690 1138 aliud
1702 1108 1733 1135 in
1742 1107 1801 1135 hoc
1811 1105 1886 1134 loco

1048 1172 1100 1201 per
1123 1163 1226 1196 vitam,
1247 1160 1304 1188 nisi
1333 1158 1475 1195 Spiritum
1505 1157 1645 1183 sanctum
1672 1151 1886 1186 intelligimus,

1046 1194 1139 1244 quem
1159 1194 1244 1234 Pater
1268 1194 1364 1232 habet
1389 1202 1421 1229 in
1441 1208 1483 1233 se,
1504 1201 1533 1227 et
1550 1197 1633 1226 dedit
1651 1195 1744 1224 Filio:
1764 1197 1798 1222 ut
1817 1194 1888 1230 ipse

1053 1238 1084 1281 ta
1101 1251 1245 1288 Spiritum
1258 1247 1370 1276 habeat
1383 1245 1415 1273 in
1426 1244 1549 1280 seipso,
1570 1243 1646 1270 sicut
1660 1240 1752 1268 habet
1766 1240 1854 1266 Pater
1870 1238 1887 1265 ἱ)

1046 1282 1133 1332 iErgd
1147 1295 1234 1323 Filius
1246 1300 1308 1321 non
1329 1290 1428 1319 solum
1445 1288 1538 1317 habet
1553 1286 1704 1322 Spiritum,
1719 1291 1810 1320 quem
1825 1282 1888 1311 ha-

1046 1327 1206 1375 bet'Pater,
1222 1338 1276 1366 sed
1298 1336 1389 1365 etiam
1404 1335 1446 1362 ita
1459 1332 1551 1361 habet
1563 1331 1716 1368 Spiritum,
1733 1329 1809 1356 sicut
1828 1327 1888 1355 ha-

1048 1387 1098 1415 bet
1108 1372 1203 1414 Pater.
1215 1382 1380 1411 Videamus
1391 1380 1504 1415 itaque,
1519 1375 1674 1413 quomodo
1685 1376 1770 1403 Pater
1787 1372 1888 1401 habet

1050 1431 1193 1469 Spiritum
1224 1428 1255 1456 in
1283 1424 1454 1460 semetipso.
1479 1424 1564 1450 Pater
1595 1422 1696 1449 autem
1727 1418 1769 1446 sic
1788 1417 1886 1445 habet

1051 1467 1192 1513 spiritum
1205 1476 1237 1501 ut
1250 1478 1369 1507 semper
1392 1469 1428 1496 sit
1443 1467 1474 1495 in
1490 1468 1585 1501 Patre,
1599 1467 1627 1493 et
1640 1471 1759 1499 semper
1778 1469 1887 1498 proce-

1054 1508 1105 1550 d‘at
1128 1528 1146 1547 a
1165 1520 1248 1547 Patre
1266 1525 1271 1544 :
1297 1518 1326 1544 et
1344 1515 1385 1543 ita
1404 1519 1522 1549 semper
1540 1509 1676 1547 procedit
1695 1516 1713 1536 a
1733 1509 1829 1542 Patre,
1850 1508 1887 1534 ut

1054 1572 1172 1601 semper
1190 1563 1221 1591 in
1240 1563 1324 1590 Patre
1342 1560 1473 1591 maneat,
1494 1559 1522 1585 et
1547 1555 1588 1584 ita
1607 1560 1726 1589 semper
1745 1552 1776 1580 in
1796 1553 1886 1579 Patre

1053 1595 1164 1643 madet,
1177 1610 1211 1635 ut
1222 1609 1323 1635 tamen
1338 1610 1456 1638 semper
1471 1609 1490 1629 a
1508 1602 1592 1629 Patre
1610 1596 1766 1634 procedat.
1787 1596 1817 1624 Si
1837 1595 1885 1624 Fi-

1053 1655 1110 1683 lius
1123 1642 1180 1681 isto
1191 1651 1283 1680 modo
1296 1649 1388 1677 habet
1402 1646 1544 1683 Spiritum
1554 1644 1586 1672 iu
1597 1642 1884 1678 semetipso,verum

1053 1700 1109 1734 est,
1124 1696 1208 1733 quod
1222 1696 1285 1731 ipse
1309 1692 1380 1721 dicit
1395 1699 1402 1718 ι
1417 1691 1499 1719 Sicut
1515 1690 1605 1717 Pater
1621 1686 1708 1715 habet
1735 1686 1830 1714 vitam
1851 1686 1886 1712 in

1054 1730 1203 1779 scipso,sic
1217 1730 1297 1768 dedit
1313 1741 1339 1766 ct
1354 1737 1431 1765 Filio
1446 1735 1555 1764 habere
1570 1733 1662 1762 vitam
1671 1732 1702 1759 in
1714 1730 1886 1764 semetipso.

1056 1789 1085 1817 Si
1094 1773 1202 1816 autem
1215 1785 1272 1813 isto
1287 1781 1379 1811 modo
1400 1788 1462 1808 non
1475 1779 1579 1810 habet,
1599 1775 1756 1813 quomodo
1768 1773 1824 1802 erit
1835 1781 1886 1801 ve-

1054 1841 1132 1868 rum,
1147 1829 1230 1867 quod
1242 1828 1313 1856 dicit
1328 1835 1334 1854 :
1350 1826 1433 1854 Sicut
1453 1825 1541 1851 Pater
1551 1821 1639 1850 habet
1653 1821 1746 1849 vitam
1761 1819 1793 1848 in
1810 1818 1886 1853 seip-

1054 1886 1096 1910 so,
1112 1862 1252 1904 sic-dedit
1266 1875 1293 1900 et
1306 1871 1384 1899 Filio
1404 1868 1512 1897 habere
1528 1868 1620 1895 vitam
1638 1866 1671 1893 in
1689 1863 1806 1898 seipse?
1826 1862 1886 1892 Sed

1055 1907 1164 1951 falsum
1179 1926 1245 1948 esse
1259 1924 1321 1946 non
1334 1916 1443 1952 potest,
1458 1911 1542 1949 quod
1571 1919 1589 1939 a
1614 1909 1741 1938 Veritate
1765 1910 1811 1936 est
1824 1907 1887 1935 dic-

1056 1969 1130 1996 tum.
1147 1966 1223 1999 Ergo
1232 1969 1338 1990 verum
1352 1961 1398 1987 est
1409 1956 1494 1994 quod
1507 1955 1619 1984 Veritas
1633 1954 1714 1982 dixit.

1092 2013 1180 2039 Item:
1191 2009 1267 2037 Sicut
1276 2007 1366 2035 Pater
1374 2003 1499 2032 suscitat
1511 2003 1643 2029 mortuos
1653 2002 1680 2028 et
1693 1998 1887 2033 viviﬁcat,sic

1057 2060 1084 2086 et
1097 2057 1194 2084 Filius
1218 2060 1290 2089 quos
1306 2051 1370 2080 vult
1394 2048 1525 2083 viviﬁcat
1536 2047 1570 2074 ²².
1587 2045 1742 2073 Viviﬁcare
1758 2042 1886 2079 Spiritus

1057 2101 1152 2130 sancti
1162 2101 1214 2132 est,
1223 2087 1299 2131 >etc.,
1315 2096 1391 2124 sicut
1402 2093 1517 2121 Veritas
1530 2091 1618 2119 dicit:
1633 2089 1767 2124 Spiritus
1775 2090 1819 2116 est
1834 2087 1889 2124 qui

1058 2144 1232 2180 vivi/teat”,
1254 2143 1308 2169 etc.
1325 2138 1451 2172 Quando
1466 2144 1535 2172 ergo
1558 2135 1646 2163 Pater
1661 2135 1798 2161 mortuos
1813 2131 1888 2160 vivi-

1057 2175 1137 2223 ﬁcat,
1153 2188 1190 2216 de
1205 2186 1315 2223 Spiritu
1330 2184 1444 2215 sancto,
1458 2188 1550 2217 quem
1573 2178 1662 2207 mittit
1674 2177 1706 2205 in
1723 2184 1789 2211 eos,
1810 2175 1888 2204 vivi-

1056 2237 1137 2266 ﬁcat.
1149 2220 1273 2269 Spiritus
1288 2230 1407 2258 sanctus
1418 2226 1498 2254 enim
1511 2226 1566 2260 est,
1577 2223 1631 2260 qui
1644 2224 1780 2250 mortuos
1791 2220 1889 2249 viviti-

1056 2265 1208 2310 catvitam
1220 2274 1322 2304 dando
1342 2272 1467 2301 mortuis
1484 2269 1658 2305 operatione
1673 2274 1740 2299 sua,
1752 2268 1781 2294 et
1796 2265 1888 2294 etiam

1057 2326 1148 2354 vitam
1165 2321 1266 2358 gratias
1282 2317 1407 2347 mortuis
1422 2316 1452 2344 in
1465 2313 1595 2351 peccatis
1604 2310 1801 2347 inspiratione
1813 2317 1883 2338 sua.

1057 2370 1086 2399 Si
1101 2355 1190 2404 igitur
1204 2365 1294 2393 Filius
1309 2363 1350 2391 ita
1362 2361 1398 2390 de
1413 2360 1523 2396 Spiritu
1537 2359 1641 2386 sancto
1656 2355 1796 2390 viviﬁcat,
1810 2355 1889 2383 sicut

1056 2399 1150 2446 Pater,
1171 2410 1306 2446 sequitur
1333 2405 1416 2443 quod
1444 2404 1519 2432 sicut
1549 2402 1589 2430 ad
1614 2403 1732 2430 Patrem
1758 2399 1888 2435 pertinet

1048 2443 1193 2495 'Spiritus,
1204 2443 1296 2482 etiam
1314 2452 1364 2480 illo
1386 2449 1478 2478 modo
1492 2447 1620 2484 pertinet
1634 2445 1674 2474 ad
1687 2444 1805 2473 Filium.
1829 2443 1887 2472 Sed

1057 2488 1097 2532 ad
1112 2488 1231 2530 Patrem
1246 2498 1382 2535 pertinet,
1403 2497 1435 2523 ut
1450 2494 1488 2523 ab
1503 2494 1567 2529 ipso
1577 2489 1771 2528 procedendo
1786 2489 1839 2517 det
1849 2488 1887 2516 vi-

1056 2551 1119 2578 tam
1138 2534 1262 2578 mundo,
1282 2543 1359 2570 sicut
1371 2540 1444 2569 alias
1463 2538 1611 2574 scriptum
1632 2537 1687 2564 est.
1704 2534 1748 2563 lta
1767 2541 1840 2569 ergo
1859 2535 1887 2561 et

1057 2593 1096 2622 ad
1113 2592 1227 2621 Filium.

1094 2637 1152 2667 Sed
1170 2636 1248 2664 dicet
1262 2634 1380 2662 Graecus
1400 2639 1406 2658 :
1426 2641 1440 2655 ιι
1455 2630 1522 2657 Non
1550 2627 1591 2655 ita
1618 2624 1746 2662 pertinet
1761 2622 1885 2659 Spiritus

1057 2666 1231 2716 adVFilium,
1249 2678 1326 2707 sicut
1346 2675 1386 2706 ad
1408 2676 1534 2709 Patrem,
1550 2671 1624 2709 quia
1639 2671 1726 2699 Pater
1744 2667 1828 2698 dedit
1845 2666 1886 2695 Fi-

715 2811 760 2841 38.
798 2809 822 2849 3°
837 2805 923 2838 Eccli.
938 2812 995 2836 xxv

1117 2800 1236 2831 “toan.
1250 2805 1278 2834 ν,
1290 2797 1335 2826 26.
1373 2791 1544 2824 “lbid.2t.
1581 2789 1605 2813 1³
1619 2789 1706 2827 toan.
1720 2793 1762 2826 vi,
1776 2786 1821 2818 64.
