1948 3079
71 85 115 114 497

756 81 897 112 CONTRA
916 82 1078 112 GRECOS.

1723 86 1775 114 498

68 147 111 181 lio,
127 146 161 174 ut
171 146 273 183 possit
290 146 424 181 mittere;
442 147 499 175 sibi
522 147 623 176 autem
637 146 769 180 retinuit,
782 149 815 175 ut
829 155 898 183 pro-
911 147 934 174 Α
986 147 1091 174 Beatus
1107 145 1231 182 Cyrinus
1245 146 1283 174 de
1305 146 1412 174 eodem
1429 145 1549 183 Spiritu,
1573 146 1656 182 quod
1683 146 1774 184 Spiri-

68 191 197 220 cedatab
206 199 256 220 eo.
270 203 287 217 ››
301 192 383 220 Absit
393 191 432 220 ab
444 192 553 220 animis
570 190 706 219 ﬁdelium
718 191 776 219 hoc
788 191 895 219 delira-

68 238 209 270 mentum,
231 238 266 264 ut
293 236 418 272 Spiritus
442 238 564 264 sanctus
592 238 737 264 comterus
766 237 795 264 et
823 243 895 264 con-

69 279 273 308 substantialis
303 280 382 309 Patri
395 282 424 309 et
441 280 522 313 Filio,
545 279 629 308 aliter
643 282 672 308 et
697 279 782 307 aliter
808 279 895 308 detur

68 326 93 351 et
103 323 156 352 sit:
172 323 222 352 vel
237 325 327 361 quod
354 325 470 361 aliquid
486 325 568 353 aliud
595 325 799 361 temporaliter
812 332 893 353 acce-

68 368 106 403 pit
118 368 162 395 vel
174 368 262 396 aliud
274 369 453 397 mternaliter
463 369 594 397 exsistat.
608 369 668 397 Ista
677 369 757 397 enim
769 369 894 397 varietas

68 419 121 440 non
134 412 216 440 cadit
233 412 266 440 in
283 414 388 448 Deum,
410 414 464 442 sed
486 414 516 442 in
539 416 704 442 creaturas.
732 415 894 450 Nunquam

67 456 147 484 etiam
165 456 258 485 Filius
275 458 316 486 ad
330 466 504 486 mensuram
518 459 634 494 accepit
648 459 798 495 Spiritum,
818 458 893 486 sicut

67 504 91 529 et
101 508 164 535 nos,
181 503 209 529 et
237 502 283 530 uti
299 505 344 530 est
359 503 512 539 scriptum.
539 503 677 537 Legimus
704 503 804 532 enim:
823 503 891 531 Non

67 545 102 573 ad
114 553 289 574 mensuram
310 547 364 575 dat
379 547 456 575 Deus
470 547 619 582 Spiritum
631 547 654 564 “
669 557 676 582 ;
693 546 811 583 supple,
823 546 892 575 Filio

67 598 124 618 suo.
140 590 167 618 Si
179 598 291 619 verum
306 594 359 625 est,
374 592 457 628 quod
472 592 559 620 Pater
575 592 616 620 ita
631 591 714 619 dedit
727 591 798 619 Filio
826 591 891 628 Spi-

64 635 189 667 ritum,ut
198 635 340 672 aliquam
351 636 480 671 gratiam
491 636 707 664 dominationis
719 636 750 663 in
763 644 794 663 se
803 635 891 664 Filius

65 679 162 715 (Pater)
204 680 391 714 retinuisset,
418 683 486 708 tunc
514 688 620 709 revera
654 680 787 712 dedisset
813 680 888 708 Filio

67 723 195 759 Spiritum
210 724 252 753 ad
264 732 454 759 mensuram,
468 725 510 753 ita
519 726 550 753 ut
563 733 619 753 nos
630 732 793 761 possemus
807 724 890 753 illam

66 769 252 797 donationem
268 777 446 798 mensurare
459 769 591 798 dicentes
603 778 609 797 :
626 771 686 798 Hoc
700 770 825 805 quidem
838 769 889 797 de-

949 192 997 219 tus
1010 192 1133 218 sanctus
1144 191 1181 218 sit
1190 198 1227 218 ex
1237 190 1319 223 Filio,
1333 193 1362 218 et
1375 191 1458 227 quod
1469 191 1534 227 ipse
1550 191 1639 218 Filius
1649 191 1774 220 dederat

949 237 1019 263 tunc
1034 234 1175 271 Spiritum
1191 238 1329 263 sanctum
1344 235 1487 272 apostolis
1502 243 1571 264 cum
1597 235 1772 270 insufﬂavit,

948 282 977 308 et
985 279 1059 308 dixit
1069 288 1075 307 :
1087 280 1221 314 Accipite
1227 280 1372 315 Spiritum
1380 283 1528 315 sanctum,
1541 287 1629 315 super
1636 280 1772 308 Genesim

948 325 990 352 sic
1005 326 1129 352 testatur
1141 333 1147 352 :
1163 335 1177 349 ‹‹
1190 325 1270 353 Sicut
1280 325 1386 352 beatus
1400 326 1515 360 Moyses
1529 324 1660 352 ostendit
1672 324 1772 352 homi-

947 376 1017 397 nem
1026 377 1044 397 a
1056 370 1116 397 Deo
1125 369 1275 405 accepisse
1286 369 1468 406 spiraculum
1481 369 1558 402 vitm,
1573 369 1630 397 hoc
1641 369 1772 396 Christus

947 414 1096 441 innovans
1108 413 1138 441 in
1153 413 1241 441 nobis
1252 416 1320 450 post
1329 414 1598 442 resurrectionnem
1609 421 1626 441 a
1635 414 1769 446 mortuis,

947 457 1110 486 insufﬂavit
1119 458 1271 494 discipulis
1280 458 1398 486 dicens:
1407 459 1431 486 A
1437 458 1695 493 ccipiteSpiritum
1702 465 1771 486 san-

946 506 1036 536 ctum,
1053 504 1084 530 ut
1099 503 1207 531 iterum
1215 503 1368 531 reformati
1378 503 1417 531 ad
1426 503 1583 539 pristinam
1595 502 1769 538 imaginem,

946 547 1115 575 conformes
1131 555 1334 583 appareamus
1349 547 1479 576 Creatori
1503 554 1556 583 per
1570 546 1770 583 participatio-

945 598 1015 619 nem
1030 592 1165 628 Spiritus.
1179 602 1190 616 ι

981 636 1106 669 Quando
1131 643 1202 671 ergo
1217 636 1342 672 Spiritus
1358 638 1480 664 sanctus
1503 636 1534 664 in
1549 635 1637 664 nobis
1660 635 1768 670 factus,

945 680 1115 708 conformes
1129 688 1185 708 nos
1202 680 1251 708 Dei
1266 681 1404 714 ostendit,
1419 681 1555 717 procedit
1569 683 1669 708 autem
1685 688 1703 708 a
1718 688 1768 716 pa-

944 726 987 752 tre
1002 727 1031 753 et
1054 724 1137 759 Filio,
1153 724 1356 760 manifestum,
1373 725 1446 761 quia
1459 725 1497 753 de
1513 725 1620 753 eadem
1641 725 1770 753 essentia

944 771 990 797 est
1000 769 1194 797 essentialiter
1203 769 1233 797 in
1244 769 1320 805 ipsa,
1337 772 1364 797 et
1377 778 1411 797 ex
1420 770 1486 805 ipsa
1495 769 1672 805 procedens.
1688 768 1770 797 velut

66 813 101 840 dit
109 815 190 841 Pater
200 814 287 848 Filio,
299 814 357 842 hoc
366 817 466 842 autem
477 822 538 842 non
551 814 650 847 dedit;
663 814 704 842 sic
713 814 803 847 dedit,
816 814 890 842 etsic
908 822 927 849 Β
943 821 980 841 ex
992 813 1127 841 humano
1142 821 1193 841 ore
1213 814 1343 842 excurrit
1364 814 1544 842 insuiﬂatio:
1563 814 1616 841 etsi
1638 821 1768 849 parvum

66 865 117 885 non
128 858 218 886 dedit.
231 860 340 886 Nonne
353 860 472 886 Graecus
484 860 641 887 mensurat
652 858 722 887 Filio
733 859 887 894 Spiritum,

64 902 174 938 quando
193 902 268 931 dicit
284 912 291 930 :
311 903 399 931 Filius
414 903 456 931 sic
466 903 558 931 habet
573 903 716 939 Spiritum
730 905 763 931 ut
777 903 888 935 mittat,

67 949 89 974 et
101 946 189 975 donet
206 947 298 975 illum
311 955 319 980 ς
336 947 390 975 sed
404 955 466 976 non
482 947 524 976 sic
534 947 635 982 habet,
647 950 679 975 ut
691 947 835 984 procedat
850 947 889 976 ab

66 998 132 1027 ipso.

96 1037 159 1064 Item
186 1036 280 1065 Filius
296 1036 335 1065 de
362 1037 470 1073 Spiritu
488 1039 593 1066 sancto
621 1037 680 1065 ait:
696 1037 775 1065 Novi
786 1037 822 1066 de
838 1045 883 1065 me

66 1080 190 1109 virtutem
201 1083 302 1110 exisse
315 1082 350 1111 ³⁵.
363 1083 396 1110 Et
406 1081 600 1117 Evangelium
612 1082 746 1110 similiter
760 1091 766 1109 :
788 1083 888 1110 Virtus

67 1125 95 1152 de
107 1126 156 1154 illo
169 1126 271 1154 exibat
281 1130 311 1155 et
326 1126 455 1154 sanabat
466 1127 592 1155 omnes"5
608 1148 614 1154 .
632 1128 703 1159 Quae
714 1129 816 1154 autem
827 1127 890 1154 erat

66 1168 107 1197 illa
117 1169 216 1204 virtus,
242 1179 316 1208 qum
334 1171 463 1199 sanabat
488 1179 594 1199 omnes
608 1172 622 1199 ἱ)
641 1173 680 1199 De
703 1179 765 1207 qua
779 1171 887 1199 virtute

67 1212 158 1242 iterum
173 1215 324 1252 scriptum
337 1217 382 1243 est
396 1224 403 1243 :
425 1216 480 1243 Vos
494 1218 594 1244 autem
607 1216 703 1244 sedete
715 1217 746 1243 in
762 1217 882 1243 civitate

67 1259 227 1296 Jerusalem,
241 1267 399 1296 quousque
409 1261 580 1288 induamini
590 1261 699 1288 virtute
709 1268 746 1288 ex
756 1261 830 1288 alto.
847 1261 880 1287 ³⁷.

67 1303 110 1335 Qui
122 1311 188 1338 ergo
208 1307 305 1339 negat
319 1305 462 1340 Spiritum
478 1313 496 1333 a
513 1305 583 1332 Filio
597 1305 770 1341 procedere,
795 1307 887 1340 negat

67 1348 162 1383 pariter
170 1349 263 1377 verba
280 1357 339 1377 sua
353 1349 392 1377 ab
403 1349 468 1385 ipso
479 1357 554 1377 esse.
565 1345 886 1377 Verumtamen'evan-

67 1392 175 1426 gelista:
187 1395 389 1422 Hii-abutitur
401 1401 499 1422 omnes
516 1395 548 1422 in
558 1394 656 1422 verbis
670 1395 789 1429 gratia},
818 1401 886 1430 quae

66 1437 249 1471 procedebant
274 1446 328 1466 ore
344 1439 409 1473 ejus
422 1438 460 1465 ".

69 1481 132 1513 Quid
168 1483 282 1518 plura?
309 1485 379 1519 Ipsa
412 1490 545 1519 namque
585 1483 705 1517 Veritas,
751 1482 921 1524 Salvatorc

70 1529 163 1562 noster,
174 1527 280 1556 volens
296 1535 421 1555 omnem
434 1527 663 1563 ambiguitatem
673 1528 761 1556 istam
775 1528 812 1556 de
824 1536 886 1556 me-

69 1570 108 1598 dio
117 1579 276 1602 rem0vere.
290 1575 362 1608 post
374 1572 501 1607 gloriam
512 1572 738 1600 resurrectionis
750 1581 811 1600 suae
819 1573 884 1608 jam

70 1614 227 1644 immortalis
238 1617 338 1645 factus
347 1619 375 1644 et
382 1616 587 1652 impassibilis,
597 1617 737 1652 Spiritum
745 1620 884 1645 sanctum

71 1666 136 1688 exse
156 1662 373 1697 procedentem
387 1661 530 1696 ostendit,
554 1669 625 1689 cum
639 1661 792 1697 inspirans
813 1661 884 1690 dici-

71 1705 133 1739 pulis
146 1705 202 1733 ait:
220 1706 362 1741 Accipite
370 1706 519 1740 Spiritum
533 1709 671 1734 sanctum
682 1707 776 1739 ’9,etc.
789 1707 884 1739 Quam

71 1750 258 1778 auctoritatem
274 1751 386 1779 beatus
401 1750 583 1779 Athanasius
600 1757 756 1786 exponens
772 1751 802 1778 in
820 1759 884 1779 ser-

69 1800 141 1822 mone
164 1794 201 1823 de
225 1803 272 1827 ea,
290 1803 360 1832 quae
375 1795 406 1823 in
436 1802 537 1828 carne,
554 1794 780 1831 dispensatione
797 1790 884 1823 Verbi

69 1835 117 1869 Dei,
129 1840 154 1865 et
168 1838 205 1866 de
217 1839 360 1867 Trinitate
374 1842 480 1867 contra
495 1839 633 1872 Arianos,
652 1839 742 1874 cujus
765 1839 884 1867 initium

70 1883 120 1908 est:
134 1881 186 1915 Qui
197 1884 356 1919 malitiose,
372 1886 440 1916 etc.,
452 1883 495 1911 sic
507 1883 580 1911 dicit
595 1891 602 1911 :
616 1885 755 1920 «Propter
770 1884 828 1912 hoc
840 1884 884 1911 in-

69 1925 149 1954 sumat
157 1926 186 1956 in
196 1928 306 1956 faciem
316 1928 525 1965 apostolorum
536 1928 656 1956 dicens:
667 1928 807 1963 Accipite
817 1927 884 1964 Spe”

69 1969 143 1998 ritum
166 1975 317 2005 sanctum,
330 1974 363 2001 ut
389 1973 554 2007 discamus,
575 1973 660 2009 quod
689 1973 726 2001 de
754 1972 882 2009 plenitu‘

68 2011 123 2042 dine
136 2015 295 2045 Divinitatis
320 2019 376 2050 est,
398 2025 461 2054 qua
477 2017 569 2045 datur
594 2017 722 2053 Spiritus
751 2020 876 2046 sanctus

69 2055 186 2094 dicipulis
199 2069 206 2088 :
218 2061 250 2088 In
261 2061 384 2090 Christo
394 2061 600 2097 enim,inquit,
613 2061 671 2089 hoc
681 2063 734 2097 est,
749 2062 779 2090 in
790 2070 881 2091 carne

70 2101 129 2136 eius,
145 2103 257 2134 habitat
270 2107 367 2134 omnis
380 2107 539 2140 plenitudo
552 2106 731 2134 Divinilatis
746 2107 780 2133 3°.
799 2103 882 2135 Sicut

70 2145 176 2176 Joannes
189 2149 323 2186 Baptista
337 2151 416 2178 dicit:
431 2150 493 2179 Nos
507 2153 606 2179 autem
621 2158 719 2179 omnes
729 2151 766 2180 de
779 2152 878 2186 pleni-

71 2191 154 2221 tudine
161 2195 221 2228 ejus
228 2196 396 2230 accepimus
405 2196 427 2213 ³¹
440 2214 447 2226 ,
460 2206 470 2219 ι
482 2197 538 2223 etc.
549 2195 800 2231 Corporalietiam
809 2204 878 2233 spe-

72 2233 105 2262 cie
120 2237 194 2265 visus
206 2242 250 2268 est
269 2239 395 2276 Spiritus
420 2241 541 2268 sanctus
557 2239 634 2268 sicut
656 2239 799 2269 columba
826 2241 877 2268 de-

73 2279 185 2316 scedens,
202 2286 229 2311 et
253 2291 379 2312 manens
399 2291 490 2321 super
505 2291 586 2312 eum.
611 2286 643 2312 in
670 2284 759 2312 nobis
776 2287 877 2314 autem

72 2322 161 2358 pignus
172 2329 199 2355 et
222 2328 360 2364 primitiae
375 2328 541 2356 Divinitatis
551 2328 698 2363 habitant,
714 2329 745 2357 in
762 2329 812 2358 illo
825 2338 876 2358 au-

74 2369 120 2411 tem
132 2369 278 2405 plenitudo
289 2373 464 2408 Divinitatis,
473 2381 511 2401 ne
524 2373 593 2410 quis
606 2376 700 2410 putet,
716 2374 799 2411 quod
814 2382 876 2403 non

72 2408 168 2458 habens
181 2417 330 2452 Spiritum,
346 2418 447 2455 ipsum
462 2408 544 2446 tunc‘
558 2408 684 2454 acc-epit.
701 2408 767 2454 Ipse
794 2420 875 2448 enim

74 2462 154 2500 Ipsum
169 2459 322 2490 desursum
337 2463 474 2491 mittebat
489 2464 523 2491 ut
550 2463 638 2497 Deus,
653 2464 682 2491 et
697 2463 760 2499 ipse
774 2463 875 2500 ipsum

75 2498 194 2546 deorsum
211 2506 371 2543 recipiebat
399 2509 432 2535 ut
460 2507 562 2535 homo.
593 2508 633 2535 Ex
662 2498 730 2543 ipso
746 2498 817 2544 eréo
843 2509 874 2537 in

76 2549 156 2577 lPSum
168 2548 374 2585 descendebat,
387 2559 425 2580 ex
439 2551 593 2579 divinitate
607 2552 674 2587 ejus
690 2552 721 2580 in
736 2552 874 2582 humani-

76 2589 182 2619 tatem.»
195 2594 227 2623 Et
238 2595 295 2624 hoc
309 2595 434 2632 quidem
447 2596 642 2625 Athanasius.

103 2651 124 2694 ’ξ
137 2653 211 2694 toan.
226 2664 263 2690 in,
276 2659 321 2686 3t.
372 2659 396 2676 ’⁵
410 2659 468 2687 Luc
484 2666 544 2694 vui,
561 2660 606 2686 46.
658 2659 682 2677 ’θ
699 2659 767 2688 Luc.
782 2667 823 2694 vr,
841 2661 886 2690 19.

79 2684 203 2737 :Coloss.
217 2699 244 2727 ιι,
257 2684 288 2722 ξφξ
297 2684 321 2686 ν
332 2694 354 2712 ³¹
370 2684 496 2729 hami,
506 2684 551 2723 lit-5,.
566 2684 591 2686 ﬂ
600 2684 627 2712 δ’
643 2684 854 2729 Metili-51,301

110 2722 180 2749 Rom.
192 2734 236 2749 vm
261 2731 276 2749 ο
324 2728 346 2748 ιτ
362 2730 438 2749 ,ιηςιη
468 2738 497 2749 ιη
524 2731 558 2749 na

129 2730 180 2754 om.
192 2734 245 2764 vui,
261 2731 287 2758 9.
324 2728 346 2748 ⁸⁷
362 2730 449 2759 Joan.
468 2728 506 2766 vi,
524 2731 568 2759 64.

906 2697 931 2714 ³⁸
944 2698 1029 2726 Joan.
1046 2705 1073 2729 x,
1088 2699 1133 2726 30.

944 859 972 885 et
985 865 1048 886 non
1062 858 1189 893 dignum
1205 858 1243 886 sit
1259 858 1442 895 exemplum.
1460 858 1567 887 Omnia
1584 858 1664 886 enim
1681 866 1768 894 supe-

942 902 1020 931 rabit
1035 903 1121 930 Deus.

980 948 1050 975 ltem
1088 947 1263 975 Anastasius
1298 947 1468 984 patriarcha
1491 947 1705 982 Antiochenus,
1736 947 1768 976 in

944 999 1083 1020 sermone
1100 992 1138 1020 de
1152 995 1234 1021 recta
1247 993 1368 1020 veritate
1383 992 1570 1028 dogmatum,
1597 992 1647 1028 qui
1660 992 1704 1019 sic
1725 992 1768 1020 in-

943 1036 1014 1072 cipit
1029 1045 1035 1064 :
1063 1037 1209 1065 Dominus
1222 1038 1300 1065 Deus
1314 1045 1396 1065 meus
1402 1037 1551 1072 fortitudo
1562 1044 1637 1072 mea,
1649 1038 1716 1072 etc.,
1729 1037 1768 1064 de

943 1081 1051 1117 Spiritu
1068 1083 1174 1110 sancto
1191 1081 1235 1110 sic
1261 1084 1402 1110 testatur:
1436 1093 1447 1107 ι
1476 1081 1591 1110 Etenim
1619 1081 1765 1109 Dominus

943 1124 1045 1161 ipsum
1071 1125 1212 1162 Spiritum
1237 1133 1274 1154 ex
1303 1133 1335 1153 se
1362 1125 1526 1154 ostendens
1560 1125 1697 1156 existere,
1725 1125 1769 1153 in-

943 1169 1071 1198 sufﬂans
1087 1170 1189 1198 aiebat
1206 1179 1213 1197 :
1227 1171 1362 1205 Accipite
1371 1170 1518 1205 Spiritum
1531 1172 1680 1198 sanctum.
1698 1179 1713 1195 ›

978 1215 1102 1249 Ecce,ut
1116 1215 1367 1249 diximus,omnia
1381 1223 1449 1251 quae
1463 1214 1635 1243 necessaria
1650 1214 1769 1242 suntad

942 1259 1079 1293 salutem,
1096 1262 1147 1288 aut
1168 1260 1315 1296 explicite,
1340 1262 1392 1288 aut
1406 1259 1547 1296 implicita
1570 1260 1679 1296 scripta
1699 1261 1769 1288 sunt

941 1303 972 1331 in
988 1304 1169 1339 Evangelia:
1186 1305 1270 1341 quod
1295 1313 1330 1332 ex
1354 1305 1451 1337 dictis,
1469 1307 1497 1333 et
1517 1304 1686 1333 subsecutis
1702 1312 1769 1333 san-

942 1351 1058 1376 ctorum
1083 1350 1260 1377 testimoniis
1289 1349 1497 1385 probavimus,
1525 1350 1605 1378 etin
1632 1349 1767 1386 sequenti

941 1393 1072 1429 capitulo
1087 1393 1274 1422 manifestius
1290 1394 1457 1430 apparebit.

1221 1465 1271 1492 Ad
1288 1468 1430 1501 quartum
1443 1466 1552 1493 solutio

975 1526 1018 1554 Ad
1029 1528 1171 1562 quartum
1180 1526 1342 1562 objectum,
1352 1535 1414 1563 quo
1425 1527 1546 1556 dicitur:
1558 1539 1571 1552 ‹‹
1580 1530 1603 1555 Α
1611 1529 1695 1556 Patre
1705 1529 1767 1556 tan-

940 1573 1002 1599 tum
1017 1571 1090 1599 dixit
1101 1571 1189 1599 Filius
1203 1572 1364 1607 procedere
1382 1572 1534 1608 Spiritum,
1553 1574 1581 1600 et
1595 1580 1657 1600 non
1680 1573 1764 1600 adcli-

939 1615 991 1647 dit,
1005 1623 1023 1643 a
1038 1615 1119 1650 Filio,
1138 1627 1148 1640 ι
1166 1616 1295 1644 dicimus
1306 1616 1390 1652 quod
1406 1624 1464 1644 non
1477 1619 1521 1644 est
1536 1624 1667 1650 necesse,
1679 1617 1764 1652 quod

938 1660 1112 1696 ubicunque
1141 1660 1303 1688 subticetur
1330 1667 1391 1688 una
1421 1668 1561 1696 persona,
1591 1660 1766 1688 excludatur

938 1704 1016 1740 ipsa,
1031 1706 1059 1732 et
1075 1711 1136 1732 non
1150 1704 1331 1739 intelligatur
1349 1713 1356 1738 ;
1371 1705 1454 1740 quod
1469 1705 1526 1732 isto
1538 1704 1631 1733 modo
1643 1704 1673 1732 in
1689 1705 1765 1732 mul-

938 1750 984 1777 tos
999 1756 1114 1777 errores
1129 1749 1342 1785 praecipitasset
1367 1756 1423 1777 nos
1435 1749 1501 1785 ipsa
1527 1749 1649 1782 Veritas,
1675 1749 1764 1777 Filius

939 1794 1000 1821 Dei.
1014 1794 1098 1822 Verbi
1109 1795 1213 1829 gratia,
1227 1795 1258 1822 in
1272 1794 1434 1829 Evangelio
1451 1794 1602 1830 Scriptum
1615 1794 1743 1829 legimus
1755 1803 1761 1822 :

937 1839 1007 1867 Non
1018 1840 1097 1867 enim
1106 1847 1156 1867 vos
1161 1842 1229 1867 estis
1235 1839 1288 1875 qui
1293 1839 1458 1874 loquimini,
1468 1840 1520 1867 sed
1526 1839 1654 1874 Spiritus
1661 1840 1764 1868 Patris

938 1884 1031 1912 vestri
1041 1891 1093 1920 qui
1106 1884 1242 1919 loquitur
1251 1885 1282 1912 in
1293 1884 1374 1912 vobis
1386 1884 1409 1901 ⁸³
1423 1905 1429 1911 .
1447 1884 1520 1912 Item
1535 1893 1541 1912 :
1558 1884 1621 1919 Ego
1633 1887 1661 1912 et
1674 1885 1764 1912 Pater

937 1935 1030 1956 unum
1044 1936 1146 1956 sumus
1156 1929 1191 1962 ⁸³,
1203 1928 1277 1956 dixit
1289 1928 1386 1961 Filius,
1401 1930 1430 1956 et
1440 1928 1554 1957 nullam
1567 1929 1762 1956 mentionem-

937 1971 1005 2000 fecit
1027 1972 1064 2000 de
1089 1972 1199 2008 Spiritu
1214 1975 1330 2001 sancto.
1346 1974 1378 2000 Et
1394 1973 1500 2001 iterum
1518 1981 1524 2000 :
1542 1974 1586 2001 De
1602 1974 1649 2001 die
1662 1975 1761 2001 autem

937 2020 964 2046 et
979 2017 1054 2046 hora
1070 2018 1128 2045 illa
1142 2025 1227 2046 nemo
1240 2018 1294 2045 scit
1308 2018 1368 2045 nisi
1381 2019 1467 2046 Pater
1480 2018 1504 2035 θλ
1519 2038 1525 2045 .
1541 2019 1613 2045 item
1628 2018 1738 2045 Paulus
1751 2026 1758 2044 :

935 2062 1019 2090 Misit
1030 2063 1110 2090 Deus
1122 2062 1269 2097 Spiritum
1283 2062 1357 2090 Filii
1367 2063 1415 2090 sui
1425 2063 1449 2080 ³⁵
1465 2084 1472 2095 ,
1487 2069 1549 2090 non
1563 2062 1643 2095 dicit,
1658 2070 1757 2090 suum.

935 2108 969 2134 Et
983 2106 1091 2135 iterum
1103 2115 1110 2134 :
1128 2107 1161 2135 Si
1173 2107 1240 2142 quis
1249 2107 1395 2141 Spiritum
1408 2107 1589 2135 Christinon
1600 2106 1698 2142 habet,
1712 2107 1759 2135 hic

934 2159 994 2179 non
1000 2154 1043 2179 est
1050 2152 1158 2186 ejus“.
1172 2153 1242 2179 ltem
1251 2151 1342 2179 Filius
1349 2151 1380 2178 in
1389 2151 1556 2186 Evangilio:
1567 2151 1696 2187 Spiritus
1704 2154 1756 2180 est.

933 2196 986 2232 qui
995 2197 1128 2230 vivi/ibat
1135 2196 1169 2223 ³⁷.
1178 2195 1206 2224 Si
1214 2196 1304 2231 igitur
1314 2195 1364 2224 illa
1375 2196 1440 2224 sola
1449 2203 1580 2232 persona
1587 2195 1759 2231 intelligitur

932 2241 963 2269 in
973 2240 1020 2269 his
1031 2240 1315 2274 auctoritatibus,de
1323 2240 1424 2276 quatit
1432 2240 1554 2273 mentio,
1565 2242 1594 2268 et
1609 2248 1672 2268 non
1682 2240 1755 2269 alia:

931 2293 1003 2320 ergo
1027 2285 1163 2322 Spiritus,
1179 2285 1272 2313 Patris
1287 2286 1405 2313 tantum
1420 2287 1464 2313 est
1491 2285 1628 2320 Spiritus,
1643 2287 1671 2313 et
1694 2293 1757 2314 non

931 2331 1004 2365 Filii,
1020 2331 1093 2367 quia
1107 2331 1145 2358 de
1159 2330 1232 2359 Filio
1253 2338 1314 2359 non
1329 2330 1362 2358 fit
1377 2330 1500 2364 mentio,
1515 2331 1574 2358 nisi
1599 2331 1636 2359 de
1661 2332 1755 2360 Patre.

930 2377 1004 2404 Item
1019 2375 1101 2403 solus
1117 2376 1242 2411 Spiritus
1255 2375 1396 2411 loquitur,
1414 2376 1443 2403 et
1458 2383 1520 2403 non
1533 2377 1626 2412 pater,
1643 2375 1690 2404 vel
1712 2376 1755 2404 Fic

928 2420 996 2449 lius.
1009 2421 1082 2449 Item
1092 2421 1134 2448 sic
1142 2422 1226 2448 Pater
1235 2420 1318 2449 novit
1327 2428 1396 2456 quae
1404 2423 1532 2448 ventura
1544 2422 1614 2449 sunt
1628 2421 1755 2449 novissi-

929 2465 987 2493 mis
1001 2464 1120 2499 diebus,
1144 2467 1173 2493 et
1186 2472 1245 2493 non
1261 2465 1413 2502 Sapientia
1434 2464 1508 2500 ejus,
1525 2464 1555 2492 id
1571 2466 1623 2497 est,
1654 2464 1755 2498 Filius,

928 2509 976 2538 vel
989 2509 1114 2545 Spiritus
1127 2511 1262 2538 sanctus.

964 2554 1037 2582 Item
1051 2563 1057 2582 :
1077 2554 1147 2587 Quis
1161 2554 1269 2582 estiste
1283 2553 1406 2590 Spiritus
1421 2553 1495 2586 Filii,
1511 2560 1603 2589 quem
1618 2552 1755 2582 immittit

929 2599 1016 2628 Pater
1025 2599 1057 2627 in
1068 2598 1162 2628 corda
1171 2598 1356 2627 credentium
1366 2598 1380 2626 ?
1390 2598 1540 2634 numquid
1550 2597 1628 2625 alius
1640 2597 1695 2626 erit
1711 2598 1752 2626 ab

933 2662 956 2678 ’τ
975 2661 1042 2689 Luc:
1058 2669 1136 2693 xxw,
1151 2662 1196 2688 49.
1235 2660 1258 2678 ’⁸
1275 2660 1395 2694 Luc.1v,
1410 2661 1455 2687 22.
1494 2660 1517 2677 ’9
1532 2660 1618 2687 Joan.
1637 2667 1687 2695 in,
1704 2661 1751 2692 21.

1182 2697 1206 2714 ³⁵
1221 2695 1320 2725 Matth.
1336 2703 1417 2730 xxxv,
1432 2697 1478 2724 36.
1522 2695 1546 2713 ³⁵
1562 2694 1655 2725 Galat.
1673 2704 1708 2728 ιν,
1727 2698 1754 2724 6.
