1948 3079
165 98 220 130 ⁸499

752 95 990 125 PANTALEONIS
1009 95 1154 124 DlACONl
1173 93 1229 122 CP.

1820 91 1876 123 500

167 163 245 199 ipso,
256 161 294 189 de
310 168 372 198 quo
384 160 527 197 scriptum
539 161 600 188 est:
613 160 742 195 Spiritus
751 159 898 192 veritatis,
910 159 992 195 quia
1009 159 1032 186 Α
1046 156 1129 194 quod
1144 163 1206 185 non
1221 155 1338 184 alienus
1366 156 1411 185 est
1436 154 1475 183 ab
1502 153 1632 185 essentia.
1662 153 1724 183 Filii
1749 153 1879 199 Spiritus

165 207 260 235 Patre
281 206 418 241 procedit
438 206 461 223 ³⁸
473 206 488 233 ?
502 207 573 233 Item
588 205 626 232 de
641 212 770 241 persona
785 204 880 232 Patris
896 203 992 231 Domi-

167 260 226 280 nus
237 251 267 279 in
277 250 571 286 Evangelioloquens
583 249 625 278 ait
633 259 638 277 :
646 250 680 277 Si
685 249 856 277 dimiseritis
867 249 991 277 homini-

168 296 221 324 bus
231 298 354 330 peccata
366 303 478 328 eorum,
489 295 682 322 Pater-vester
693 294 822 321 dimittet
833 293 913 321 vobis
923 300 991 327 pec-

168 343 237 368 cata
250 343 349 368 vestra
357 340 380 357 ³⁸
398 349 405 373 ;
419 341 448 367 et
457 339 564 367 iterum
577 347 582 366 :
594 338 880 373 Quicunque/ecerit
889 338 991 365 uolun-

167 387 256 413 tatem
272 384 373 412 Patris
387 384 444 411 mei
459 384 551 419 quiin
562 384 644 411 catis
656 386 697 411 est
710 383 750 410 ⁸ο.
766 381 907 418 Nunquid
923 381 992 410 etin

166 429 214 457 his
231 436 364 464 persona
377 427 450 462 Filii,
467 435 529 455 non
543 427 715 462 intelligitur
729 436 736 460 ;
753 435 846 463 quare
861 426 991 454 excludi-

166 475 223 507 tur,
239 480 308 500 cum
329 472 448 506 dicitur,
473 472 604 507 Spiritus
622 471 767 503 veritatis,
790 472 876 507 quia
903 472 992 499 Patre

163 517 325 552 procedit?
344 516 507 552 praesertim
529 523 599 543 cum
614 515 652 542 de
668 523 698 542 se
711 515 836 542 Veritate
851 514 992 550 loquatur

168 561 268 595 Filius,
283 563 374 597 prout
385 561 416 588 in
428 560 670 596 praecedentibus
680 559 921 587 demonstratum
936 562 990 587 est.

167 605 253 633 Nulla
267 608 313 633 est
325 605 411 639 ratio,
424 605 481 633 nisi
496 605 569 641 quia
583 605 626 632 sic
640 604 752 640 placuit
767 604 874 632 Graecis
888 604 993 631 adver—

167 650 228 678 sari
253 649 433 678 volentibus.
448 651 659 677 Verumtamen
682 649 808 678 ﬁrmiter
831 648 992 682 credimus,

167 697 196 723 et
209 694 354 723 catholice
369 697 516 729 tenemus,
529 693 611 730 quod
625 693 789 730 aliquando
799 694 891 721 solius
900 694 992 722 Patris

166 747 279 768 nomen
294 740 416 775 ponitur
431 740 460 767 in
473 739 633 773 locutione,
647 741 675 766 et
686 738 782 775 ipsius
809 739 868 767 Filii
882 747 993 767 nomen

166 784 357 818 intelligitur:
371 786 399 812 et
413 783 578 820 aliquando
592 791 705 811 nomen
719 783 780 811 Filii
802 784 832 811 in
860 783 907 811 his
932 791 993 812 non

1047 203 1182 236 sanctus,
1209 200 1263 228 sed
1284 199 1314 227 in
1330 199 1409 235 ipso,
1425 201 1454 227 et
1475 206 1511 227 ex
1525 199 1602 234 ipso.
1629 199 1716 234 quasi
1738 198 1878 234 operatio

1045 246 1186 281 quasdem
1195 243 1342 272 naturalis
1351 244 1465 272 ommia
1473 245 1581 280 potens
1591 242 1719 280 explere,
1731 249 1861 279 quascun
1868 258 1878 262 —

1045 299 1102 327 que
1117 293 1147 318 et
1160 290 1233 318 vult.
1254 301 1264 314 ι

1083 341 1116 367 Et
1129 341 1197 376 post
1210 346 1318 375 pauca,
1334 337 1435 366 verbis
1449 337 1636 374 respondens
1651 337 1875 369 hereticorum,

1045 384 1220 417 dicentium,
1230 383 1371 419 Spiritum
1383 381 1591 418 imperfectum
1608 389 1683 415 esse,
1695 384 1725 409 et
1734 380 1810 409 nihil
1822 380 1878 407 ha-

1045 429 1166 456 bentem
1188 436 1225 455 ex
1249 435 1291 460 se,
1306 427 1359 454 sed
1375 434 1411 454 ex
1425 426 1652 463 participatione
1669 426 1877 457 exsistentem,

1045 475 1169 509 propter
1181 472 1250 505 hoc,
1279 471 1361 507 quod
1384 471 1421 498 de
1447 471 1514 506 ipso
1528 470 1600 498 dicit
1623 471 1788 498 Dominus:
1805 469 1879 496 Non

1046 519 1125 546 enim
1141 518 1310 552 toquetur‘a
1323 517 1477 550 semetipso
1492 516 1515 533 δ’
1529 537 1536 549 ,
1551 518 1619 543 etc..
1646 515 1690 543 sic
1706 515 1747 542 ait
1761 523 1768 542 :
1785 526 1794 539 ι
1811 515 1879 542 Non

1046 562 1127 590 enim
1139 561 1346 597 imperfectum
1359 561 1500 595 Spiritum
1516 559 1679 587 ostendens
1688 559 1746 587 hoc
1759 559 1798 586 de
1810 559 1881 594 ipso

1047 606 1089 634 ait
1109 606 1253 634 Salvator.
1283 605 1335 632 sed
1360 608 1393 632 ut
1419 604 1516 639 magis
1538 603 1679 632 certiﬁcet
1707 603 1879 634 audientes.

1046 651 1130 687 quod
1147 650 1282 678 essentia!
1298 649 1443 677 cxsistens
1468 649 1544 684 ejus,
1561 657 1623 676 non
1638 648 1720 676 aliud
1735 647 1810 684 quid
1834 647 1880 674 lo-

1047 695 1159 731 quitur,
1175 703 1266 730 quam
1283 694 1365 730 quod
1388 694 1451 729 ipse
1466 693 1537 725 vult,
1553 695 1582 720 et
1597 700 1704 720 sensus
1730 693 1882 720 exsistens

1048 740 1114 774 ejus
1137 740 1223 774 juxta
1244 739 1276 765 B.
1302 738 1422 766 Paulum
1438 737 1587 765 dicentem
1611 737 1649 764 de
1674 737 1882 773 SpirituzNos

1048 791 1165 812 sensum
1174 784 1291 812 Christi
1298 783 1439 811 habemus
1449 783 1486 809 ‘3:
1498 781 1675 818 illeprorsus
1681 781 1882 809 rationabitur

167 828 355 863 intelligitur,
370 828 417 856 vel
440 828 565 864 Spiritus
591 828 697 861 sancti,
726 830 755 855 et
777 827 852 864 ipsis
877 830 993 856 tantum
1013 833 1033 860 Β
1049 830 1077 856 et
1087 827 1247 861 ordinabit,
1259 835 1327 864 quae
1341 830 1370 855 et
1382 827 1457 863 ipse,
1471 827 1558 861 cujus
1571 828 1615 854 est
1627 834 1744 854 sensus.
1757 827 1882 861 Propter

167 873 308 909 personis
322 873 470 906 convenit,
484 875 583 900 etnon
597 872 684 900 Patri.
699 872 756 900 Sed
771 875 842 900 tunc
857 873 993 900 conside-

165 925 233 945 rare
247 919 374 954 oportet,
401 917 424 944 si
439 917 469 944 id
485 917 567 953 quod
581 917 619 945 de
645 925 706 945 una
730 925 861 953 persona
876 917 994 951 dicitur,

164 962 259 998 possit
266 962 426 989 convenire
433 962 510 993 aliis,
520 961 643 990 servatis
652 962 887 998 proprietatibus
897 962 998 989 unius-

165 1006 312 1042 cujusque
327 1014 463 1042 personae
478 1006 542 1034 sine
557 1006 746 1034 confusione.
763 1006 847 1034 Unde
868 1006 997 1034 dicimus

164 1051 245 1086 quod
263 1051 403 1087 quadam
419 1051 601 1079 conveniunt
614 1051 669 1078 soli
685 1051 769 1083 Patri,
785 1051 927 1086 quaedam
939 1050 997 1078 soli

166 1094 249 1128 Filio,
263 1094 401 1130 quaedam
418 1095 472 1122 soli
482 1095 595 1130 spiritui
605 1095 870 1126 sancto.Quaedam
881 1095 956 1122 Patri
969 1097 998 1122 et

166 1139 247 1170 Filio,
271 1141 300 1166 et
329 1139 450 1174 Spiritui
466 1142 583 1171 sancto,
610 1141 638 1167 et
662 1139 803 1174 quaedam
831 1139 922 1166 simul
948 1139 996 1167 tri-

164 1183 224 1211 bus
240 1183 389 1219 personis.
402 1183 478 1211 Patri
505 1185 622 1211 tantum
637 1183 777 1211 convenit
804 1183 861 1211 hoc
885 1191 997 1211 nomen

164 1229 327 1263 ingenitus,
340 1228 574 1262 inprincipiatus
585 1230 613 1256 et
622 1229 741 1263 genitor
751 1238 761 1259 :
772 1227 854 1261 Filio,
866 1229 997 1263 genitus,

169 1275 198 1300 et
205 1273 407 1307 principtatus
422 1281 428 1304 ;
442 1273 562 1309 Spiritui
579 1276 684 1301 sancto
695 1274 857 1307 procedens
876 1282 882 1305 ;
898 1276 926 1301 et
940 1274 998 1301 hoc

168 1325 291 1351 nomen,
321 1317 446 1353 Spiritus
472 1320 605 1349 sanctus,
631 1318 826 1354 appropriate
848 1318 999 1346 vocabulo

170 1362 248 1390 Patri
258 1364 286 1389 et
302 1362 372 1389 Filio
380 1364 426 1390 est
440 1370 612 1394 commune,
623 1365 685 1390 tam
697 1363 863 1391 secundum
880 1364 998 1391 Grmcos

172 1409 304 1437 sanctos,
319 1414 411 1442 quam
429 1407 596 1435 secundum
619 1408 754 1441 Latinos;
771 1409 853 1441 dare,
869 1409 998 1441 mittere,

172 1454 202 1479 et
216 1451 332 1484 habere,
348 1453 376 1479 et
390 1452 514 1487 spirare,
534 1454 640 1480 sancto
655 1453 774 1488 Spiritui
796 1461 868 1480 vero
885 1456 913 1480 et
929 1453 1000 1480 Filio

1049 873 1107 901 hoc
1119 872 1194 900 nihil
1206 880 1243 900 ex
1259 880 1290 899 se
1304 872 1372 907 ipso
1388 871 1530 907 Spiritum
1546 871 1717 898 locuturum
1741 870 1881 898 afﬁrma—

1050 917 1101 950 vit,
1129 917 1219 953 quasi
1244 916 1419 950 dicatzEgo
1443 923 1509 943 sum
1536 915 1643 943 iterum
1669 915 1721 951 qui
1748 915 1880 950 loquor;

1050 962 1130 990 velut
1146 962 1171 989 si
1183 964 1213 989 et
1226 961 1278 997 qui
1291 961 1321 988 in
1334 961 1457 988 homine
1470 962 1513 988 est
1525 967 1644 994 sensus,
1657 959 1739 987 dicat
1752 959 1790 986 de
1809 966 1881 994 pro-

1051 1007 1176 1034 cedente
1186 1014 1222 1034 ex
1233 1014 1263 1033 se
1274 1006 1340 1042 ipso
1351 1005 1464 1032 ratione
1477 1013 1483 1032 :
1497 1007 1560 1033 Non
1571 1005 1710 1040 loquetur
1720 1012 1738 1031 a
1757 1012 1788 1031 se
1811 1004 1882 1039 ipso

1051 1051 1177 1087 aliquid,
1195 1050 1245 1078 sed
1262 1057 1452 1086 quiscunque
1468 1049 1569 1077 audiet
1581 1049 1726 1084 loquetur.
1744 1060 1757 1071 τι

1088 1096 1122 1123 Et
1138 1095 1237 1122 statim
1251 1097 1321 1131 post
1337 1094 1439 1130 aliqua
1460 1093 1553 1121 verba
1568 1093 1741 1129 interposita
1755 1093 1797 1120 ait
1811 1099 1883 1120 san-

1052 1143 1116 1168 ctus
1127 1139 1271 1175 Cyrillus:
1288 1150 1298 1165 ‹
1312 1139 1411 1167 Talem
1422 1138 1587 1175 quemdam
1599 1137 1780 1166 intellectum
1793 1145 1885 1172 opor-

1052 1187 1093 1213 tet
1106 1185 1240 1220 accipere
1255 1184 1292 1211 de
1309 1183 1418 1219 Spiritu
1435 1185 1549 1211 sancto.
1565 1184 1639 1210 Cum
1657 1182 1736 1209 enim
1757 1182 1886 1209 exsistat

1053 1229 1179 1266 Spiritus
1193 1231 1314 1256 sanctus
1327 1228 1444 1258 Christi.
1461 1228 1565 1255 omnia
1579 1235 1647 1263 quas
1662 1227 1725 1262 ipse
1749 1226 1886 1262 loquitur

1052 1273 1220 1310 discipulis,
1228 1281 1287 1300 non
1297 1273 1467 1308 inseparata
1473 1272 1608 1308 quadam
1616 1271 1767 1299 voluntate
1775 1271 1816 1298 ab
1835 1279 1884 1303 eo,

1053 1319 1082 1346 in
1094 1326 1155 1355 quo
1166 1320 1219 1351 est,
1230 1317 1362 1353 loquitur
1375 1327 1381 1344 :
1395 1316 1448 1344 sed
1459 1319 1604 1352 tanquam
1616 1324 1653 1343 ex
1664 1315 1794 1343 essentia
1803 1315 1886 1342 illius

1053 1358 1228 1391 naturaliter
1251 1361 1427 1397 procedens.
1441 1363 1470 1388 et
1486 1363 1577 1388 totam
1607 1361 1791 1387 voluntatem
1817 1360 1886 1394 ejus

1053 1407 1182 1437 habens.
1200 1407 1278 1434 sicut
1292 1408 1319 1433 et
1334 1405 1550 1441 operationem.
1568 1416 1579 1430 ι
1598 1404 1684 1437 Quod
1709 1406 1810 1431 autem
1836 1403 1886 1431 hic

1054 1451 1264 1480 transtulimus
1287 1451 1459 1485 procedens,
1486 1450 1515 1477 in
1539 1450 1640 1477 Graeco
1664 1448 1772 1476 dicitur
1789 1450 1884 1485 προῑόν

170 1503 333 1523 commune
357 1498 412 1526 est.
426 1496 509 1532 quod
522 1497 614 1524 ambo
629 1497 775 1525 exsistunt
789 1497 969 1525 teternaliter
983 1505 1001 1525 a
1017 1509 1036 1537 ο
1056 1499 1085 1524 et
1094 1504 1130 1523 ex
1143 1496 1229 1523 dictis
1244 1497 1429 1526 sanctorum,
1446 1496 1474 1521 et
1483 1494 1512 1521 vi
1524 1494 1728 1528 grammaticas
1742 1493 1889 1528 sequipol-

171 1541 255 1568 Patre
271 1549 277 1568 :
291 1539 339 1568 hic
353 1548 408 1576 per
417 1541 650 1576 processionem,
666 1541 712 1569 ille
729 1544 829 1569 autem
843 1550 896 1577 per
914 1549 1003 1576 gena-

171 1585 331 1613 rationem.
343 1585 450 1613 Omnia
459 1593 530 1613 vero
541 1585 600 1613 alia
608 1586 809 1614 communiter
819 1586 1003 1613 conveniunt

173 1629 268 1656 tribus
290 1629 436 1665 personis.
454 1631 495 1657 Ea
517 1637 598 1664 ergo,
614 1638 682 1665 quae
698 1638 758 1658 non
779 1630 919 1658 auferunt
931 1638 1003 1666 pro-

174 1674 342 1710 prietatem,
358 1682 413 1702 nec
426 1674 618 1702 confundunt
630 1675 862 1706 distinctionem,
877 1683 939 1702 non
959 1678 1004 1703 est

176 1726 308 1748 necesse.
335 1718 359 1746 si
382 1719 522 1745 dicantur
537 1718 575 1746 de
600 1727 661 1746 una
686 1721 813 1751 tantum,
838 1720 920 1755 quod
945 1719 1004 1747 alia

177 1764 299 1797 propter
314 1762 372 1789 hoc
388 1762 574 1789 excludatur.
590 1763 665 1795 Quia
680 1763 710 1790 in
731 1763 840 1790 talibus
862 1763 929 1791 licet
943 1771 1003 1791 non

178 1805 359 1838 nominetur,
375 1808 476 1833 tamen
493 1814 612 1842 semper
624 1807 861 1842 subintelligitur,
874 1808 931 1836 etsi
943 1816 1003 1836 non

180 1850 378 1886 speciﬁcetur,
395 1853 427 1878 ut
442 1850 472 1878 in
485 1851 650 1887 praemissis
661 1854 705 1879 est
719 1854 885 1880 ostensum.

182 1895 266 1928 Quod
282 1895 411 1929 Spiritus
425 1899 547 1923 sanctus
556 1896 691 1930 procedit
709 1905 727 1924 a
744 1897 832 1932 Filio,
843 1898 1004 1926 secundum

394 1932 553 1965 apostolos,
568 1935 594 1959 et
613 1932 742 1961 Graecos.

220 2030 345 2058 Osteuso
359 2028 449 2064 igitur
461 2028 544 2064 quod
561 2028 686 2065 Spiritus
699 2030 834 2066 procedit
846 2039 864 2059 a
879 2031 952 2059 Filio
963 2039 1008 2059 se-

185 2074 318 2101 cundum
332 2073 538 2108 Evangelium,
550 2074 716 2102 secundum
726 2075 808 2111 quod
824 2076 1008 2104 sacridocto-

186 2126 232 2145 res
246 2118 335 2146 nobis
350 2121 571 2153 exposuerunt:
585 2121 685 2153 restat,
707 2121 735 2147 et
762 2127 885 2147 necesse
900 2124 954 2152 est,
978 2124 1012 2148 ut

186 2163 217 2189 in
233 2162 370 2197 pluribus
386 2162 553 2190 mendaciis
581 2163 744 2191 adversarii
758 2165 890 2192 veritatis
905 2165 1010 2201 depre-

187 2207 284 2236 hensi.
311 2213 414 2233 eorum
430 2207 644 2235 assertionibus
659 2208 742 2235 nulla
755 2208 792 2236 de
808 2212 914 2237 caetero
938 2209 1012 2237 ﬁdes

188 2249 378 2278 adhibeatur.

225 2293 351 2330 Cyrillus
372 2295 413 2323 ita
434 2303 591 2331 exponens
611 2296 691 2324 istud
717 2297 855 2327 verbum.
879 2299 962 2334 quod
982 2299 1013 2327 in

189 2339 314 2367 Actibus
328 2339 535 2375 apostolorum
552 2342 684 2376 positum
699 2343 744 2369 est
757 2350 763 2368 :
774 2342 1015 2371 Ministrantibus

189 2387 288 2412 autem
303 2385 438 2420 Domino,
448 2385 702 2420 etjejunantibus,
714 2386 793 2414 dixit
803 2387 934 2422 Spiritus
949 2396 1016 2416 san-

190 2431 275 2456 ctus:
283 2428 437 2464 Segretate
447 2430 522 2457 mihi
535 2430 701 2458 Bernabam
713 2434 740 2458 et
751 2431 877 2458 Saulum
889 2431 966 2463 “.ita
974 2432 1017 2459 di-

190 2473 244 2502 cit:
259 2484 272 2498 «
291 2474 318 2502 Si
331 2473 420 2509 igitur
432 2476 558 2501 vocante
570 2474 653 2510 ipsos
671 2475 699 2502 in
711 2475 879 2510 apostolatu
898 2476 1016 2512 Spiritu.

189 2527 208 2546 a
220 2520 290 2546 Jcsu
315 2520 437 2546 vocatos
452 2525 504 2545 eos
523 2517 637 2551 dicunt,
667 2519 836 2547 ostenditur
851 2522 1017 2550 manifeste.

226 2609 249 2626 ³⁸
262 2609 336 2636 Joan
349 2617 398 2641 xv,
412 2609 457 2636 26.
496 2608 520 2625 ⁸⁸
533 2608 632 2636 Matth.
646 2616 685 2641 vr,
705 2610 746 2635 lli.
786 2609 810 2626 ιθ
825 2609 923 2636 Matth.
941 2618 990 2643 xu,
1006 2613 1050 2638 50.

192 2643 215 2660 “
231 2645 239 2670 l
256 2644 321 2671 Cor.
338 2652 386 2677 xu,
403 2646 429 2671 3.
469 2644 492 2661 ‘5
508 2644 604 2671 Matth.
623 2652 723 2672 xxvui.

1055 1541 1120 1569 lens
1145 1540 1331 1573 dignoscitur
1352 1543 1389 1565 τῶ
1405 1541 1600 1574 εκπορευόμινον
1616 1537 1782 1574 participio.
1795 1537 1889 1572 Cujus

1056 1585 1206 1622 participii
1219 1584 1346 1612 verbum
1358 1583 1465 1618 legitur
1479 1583 1510 1610 in
1527 1582 1697 1617 Evangelio,
1712 1581 1764 1609 ubi
1787 1589 1820 1608 es
1835 1583 1887 1609 Pa-

1057 1632 1099 1657 tre
1114 1629 1185 1657 dicit
1200 1628 1342 1664 Spiritum
1356 1627 1527 1664 procedere.

1093 1678 1173 1705 Idem
1191 1679 1312 1705 sanctus
1324 1684 1478 1712 exponens
1496 1675 1586 1704 aliam
1602 1676 1793 1704 autoritatem
1806 1674 1889 1702 beati

1057 1722 1149 1755 Pauli,
1161 1722 1239 1749 idem
1252 1721 1356 1757 repetit
1367 1721 1487 1748 dicens:
1502 1732 1512 1745 ε
1526 1720 1632 1748 Scribit
1643 1720 1752 1747 Paulus
1761 1719 1890 1756 quibus-

1057 1768 1128 1794 dam
1137 1767 1240 1794 dicens
1252 1766 1348 1793 taliter
1360 1774 1366 1792 :
1379 1766 1507 1799 Notiﬁco
1515 1768 1613 1792 autem
1623 1765 1702 1792 vobis
1710 1764 1792 1800 quod
1802 1772 1888 1792 nemo

1060 1813 1181 1847 loquens
1189 1812 1219 1837 ίη
1230 1810 1406 1845 SpirituDei
1423 1810 1495 1837 dicit
1507 1809 1745 1837 analhemaJesu
1753 1817 1759 1836 :
1768 1812 1796 1836 et
1803 1817 1889 1837 nemo

1057 1859 1152 1891 potest
1160 1856 1265 1883 dicere:
1276 1855 1508 1882 DominusJesus
1514 1855 1574 1881 nisi
1580 1855 1610 1881 in
1617 1854 1734 1887 Spiritu
1741 1857 1846 1881 sancto
1853 1854 1889 1879 “.

1061 1899 1248 1929 Manifestum
1264 1902 1309 1926 est
1325 1906 1406 1933 ergo,
1433 1898 1514 1934 quod
1541 1898 1592 1934 qui
1615 1898 1774 1934 participat
1803 1898 1892 1932 Spiri-

1061 1948 1125 1974 tum
1151 1946 1300 1974 sanctum,
1325 1944 1409 1971 novit
1423 1951 1488 1970 esse
1513 1942 1674 1970 Dominum
1700 1943 1805 1970 Jesum
1821 1942 1893 1978 :qui

1062 1992 1163 2017 autem
1175 1996 1236 2016 non
1249 1988 1417 2024 participat,
1431 1987 1559 2022 ignorat.
1570 1987 1701 2019 Qualiter
1709 1987 1763 2022 qui
1774 1987 1893 2023 partici-

1062 2036 1115 2070 pat
1126 2033 1279 2068 Spiritum,
1292 2033 1373 2060 novit
1383 2040 1447 2060 esse
1456 2031 1615 2060 Dominum
1625 2032 1729 2058 Jesum
1738 2040 1745 2058 :
1755 2031 1832 2059 sicut
1842 2032 1895 2068 qui

1063 2078 1100 2105 de
1114 2077 1200 2104 melle
1223 2077 1397 2111 gustaverit,
1419 2076 1474 2104 scit
1488 2075 1571 2112 quod
1583 2074 1671 2103 dulce
1694 2078 1740 2102 est
1755 2076 1815 2104 mel
1830 2086 1836 2103 :
1853 2076 1896 2103 sic

1064 2124 1093 2150 et
1103 2121 1228 2157 Spiritus
1240 2121 1409 2156 participes.
1423 2122 1498 2155 Ergo
1509 2127 1545 2147 ex
1556 2121 1684 2147 essentia
1697 2120 1757 2147 Filii
1769 2121 1896 2156 Spiritus

1027 2181 1049 2208 Ι)
1065 2168 1188 2194 sanans
1197 2166 1327 2201 qualitas
1339 2165 1533 2201 quaedammt
1543 2165 1583 2192 ita
1592 2164 1740 2196 dicamus,
1753 2164 1894 2192 Domina-

1066 2210 1155 2238 tionis
1168 2210 1267 2238 omnis
1284 2210 1343 2237 Dei.
1361 2221 1375 2234 »

1103 2254 1267 2290 Cyrillusin
1280 2255 1405 2283 scrm.2.
1417 2253 1456 2281 ad
1467 2253 1678 2288 llermiamtit).
1698 2261 1809 2289 parum
1828 2256 1896 2282 ante

1068 2299 1201 2328 medium
1217 2306 1307 2334 super
1319 2298 1360 2331 id,
1377 2299 1453 2326 Ecce
1463 2305 1510 2333 ego
1527 2298 1672 2325 vobiscum
1685 2306 1751 2325 sum
1766 2299 1813 2328 ⁸⁸³.
1828 2302 1896 2333 etc.,

1069 2344 1166 2371 dicit:
1189 2354 1198 2368 ι
1228 2342 1302 2370 Misit
1338 2342 1426 2370 nobis
1457 2342 1543 2370 Filius
1577 2343 1614 2369 de
1653 2342 1728 2370 coelo
1763 2343 1896 2370 Paracle-

1070 2392 1143 2421 tum,
1174 2396 1228 2423 per
1263 2395 1353 2424 quem
1384 2388 1465 2415 etin
1488 2395 1579 2423 quem
1609 2387 1780 2422 nobiscum,
1812 2391 1841 2416 et
1867 2389 1896 2416 in

1071 2433 1159 2461 nobis
1168 2435 1302 2460 moratur
1315 2441 1321 2459 :
1335 2440 1393 2459 non
1406 2432 1536 2460 alienum
1548 2432 1608 2460 sive
1620 2437 1796 2460 extraneum
1809 2433 1897 2460 nobis

1073 2477 1241 2509 effundens,
1253 2477 1303 2504 sed
1318 2477 1454 2504 essentne
1463 2484 1534 2509 sum,
1544 2479 1572 2504 et
1583 2477 1678 2504 Patris
1686 2484 1825 2512 personm
1837 2479 1897 2513 Spi’

1072 2523 1172 2550 ritum.
1187 2533 1200 2546 ι»

1098 2611 1120 2628 ⁸¹
1135 2613 1198 2638 Act.
1214 2618 1272 2643 xui,
1289 2614 1304 2638 2

1355 2612 1378 2628 "
1393 2612 1479 2639 Joan.
1493 2619 1550 2646 xxv,
1566 2611 1608 2638 lO.
1655 2611 1679 2630 ‘3
1696 2613 1705 2638 l
1721 2612 1788 2639 Cor.
1806 2619 1836 2643 ιι,
1855 2614 1895 2639 16.

227 2704 413 2754 £§2ﬁ9inal‘.;:vu
428 2706 464 2734 de
482 2706 589 2734 Trinit.
611 2706 641 2734 in
656 2714 717 2742 quo
732 2706 877 2750 probatur
892 2707 1055 2754 divinitatis
1073 2708 1198 2745 Spiritus
1213 2709 1319 2742 sancti,
1335 2709 1411 2737 sicut
1425 2708 1455 2736 in
1471 2717 1523 2736 sex
1537 2708 1690 2749 prioribus
1709 2708 1837 2745 dialogis
1852 2709 1894 2736 di-

191 2739 299 2768 vinitas
315 2741 394 2776 Filii.‘
