1948 3079
35 15 41 56 i

47 118 86 148 tot

716 112 856 143 CONTRA
874 112 1036 143 GRAECOS.

1682 111 1739 147 502

73 181 134 209 Item
144 179 317 208 Anastasius
326 178 529 207 Antiochenus
546 177 720 214 patriarcha
729 177 760 206 in
770 185 849 214 prae-
866 179 890 206 A
906 177 1006 206 Sancti
1018 177 1077 206 hoc
1086 176 1118 205 in
1127 176 1274 213 Symbolo
1288 184 1351 206 non
1374 178 1551 213 posuerunt,
1580 177 1655 215 quia
1677 177 1737 206 mi-

45 225 92 252 lito
104 230 234 252 sermone
249 222 287 250 de
301 224 381 250 recta
394 222 517 250 veritate
531 221 710 257 dogmatum
726 222 768 250 sic
782 221 823 250 ait
839 230 846 250 :

46 284 57 294 ι.
68 270 100 297 De
113 275 182 295 sana
195 269 299 295 nostra
312 266 383 301 fide,
394 269 423 294 et
435 266 523 294 rectis
535 266 673 294 Ecclesiae
686 266 850 294 documen-

45 315 72 341 tis
82 311 203 347 diligenti
213 313 242 339 et
259 311 361 340 subtili
376 311 490 339 ratione
505 311 640 347 corporis
662 312 691 339 et
713 311 848 347 proprie-

45 357 99 385 tatis
119 355 306 389 assumentis,
321 357 467 392 tanquam
488 354 662 391 exemplum
689 355 852 383 distinctio~

45 409 103 429 num
115 400 281 428 divinarum
295 407 504 436 personarum,
516 399 675 427 statuimus
688 407 743 436 per
755 407 850 427 mem-

45 447 145 473 brorum
154 444 381 480 proportionem
392 446 420 472 et
429 444 645 480 proprietatem
658 451 848 480 comparare.

45 489 136 517 Etenim
148 489 274 524 Spiritus
286 488 348 516 oris
361 490 436 524 ejus.
453 488 565 516 scilicet
580 488 640 523 Dei,
657 488 765 516 dicitur
788 487 851 525 Spi-

43 536 100 562 ritus
112 534 240 567 sanctus,
255 541 309 560 ore
319 533 479 560 exsistente
489 532 655 567 Unigenito.
678 533 710 560 Et
723 532 851 569 Spiritus

43 579 129 605 iterum
141 584 177 604 ex
189 576 257 612 ipso
273 576 453 612 procedens,
468 578 497 604 et
509 576 620 604 missus
638 583 701 604 non
720 576 848 605 soluma

45 623 118 653 Patre,
129 621 179 649 sed
189 621 283 649 etiam
298 629 317 649 a
329 620 410 649 Filio.
430 631 444 645 >-

70 666 237 702 b‘piphanius
252 666 344 702 Cypri
357 666 390 693 in
411 667 579 694 memorato
601 665 679 694 libro
698 667 848 694 Anc-orato

44 710 71 738 de
90 710 275 746 processione
297 710 423 746 Spiritus
446 717 466 738 a.
491 709 561 738 Filio
587 709 660 738 talia
691 711 818 738 testatur
842 719 848 736 :

44 767 53 778 ιι
73 755 182 791 Spiritus
220 755 305 783 enim
329 756 407 783 Deus
436 757 491 788 est,
524 757 553 782 et
586 755 711 790 Spiritus
746 755 849 789 Patris,

43 802 64 827 et
75 800 184 835 Spiritus
195 799 314 834 Christi,
338 807 401 827 non
415 799 583 828 secundum
609 799 745 836 aliquam
770 807 851 828 eom-

905 222 988 251 nime
998 222 1221 251 dubitaverunt.
1232 223 1297 251 Non
1303 223 1383 250 enim
1391 223 1606 259 proponebant
1615 222 1646 250 in
1660 223 1733 260 Sym

905 266 987 300 bolo,
1002 267 1051 295 vel
1063 267 1249 295 deﬁniebant
1263 267 1295 294 in
1306 267 1442 303 synodis,
1463 267 1521 296 nisi
1551 275 1588 295 ea
1614 275 1681 304 quae
1704 267 1737 294 in

905 311 1106 348 quaestionem
1130 311 1170 339 ab
1192 311 1339 340 haereticis
1364 312 1568 345 vertebantur,
1596 312 1626 340 et
1647 317 1737 339 mun-

905 355 981 383 dum
994 356 1042 384 vel
1056 355 1258 384 universalem
1269 356 1434 385 Ecclesium
1447 357 1480 384 in
1494 363 1627 384 errorem
1648 355 1739 383 duce-

905 400 989 428 bant.
1007 400 1090 428 Unde
1101 407 1158 428 nec
1182 400 1360 436 Symbolum
1388 403 1459 430 tunc
1477 399 1621 437 temporis
1648 406 1740 436 expo-

906 444 1051 479 suissent,
1064 444 1123 472 nisi
1135 451 1187 472 eos
1206 444 1247 472 ad
1270 444 1337 472 haec
1364 445 1572 473 haereticorum
1604 443 1739 480 pravitas

906 488 1110 525 compulisset.
1139 488 1223 517 Unde
1245 488 1275 516 in
1289 489 1388 525 prima
1402 491 1430 517 et
1444 490 1549 518 saneta
1574 487 1739 517 universali

906 535 1035 572 synodo,
1046 543 1115 571 qua;
1127 534 1184 562 sub
1195 534 1386 563 sanctissimo
1398 543 1481 571 papa
1492 534 1652 571 Sylvestro,
1663 535 1739 561 tem-

906 588 980 616 pore
994 579 1182 608 Constantini
1194 578 1351 615 principis,
1376 587 1395 608 a
1409 579 1548 608 trecentis
1568 577 1738 607 octodecim

907 624 1046 652 Patribus
1061 623 1172 652 sanctis
1195 623 1227 651 in
1254 623 1409 659 provincia
1436 623 1592 660 Bithyniae,
1619 622 1738 651 civitate

907 669 1016 699 Nicaea,
1031 670 1136 696 contra
1150 668 1367 704 impiissimum
1383 668 1497 704 dogma
1509 668 1580 703 Arii,
1604 667 1733 696 dicentis

906 713 1012 742 Filium
1027 713 1079 740 Dei
1095 703 1210 741 factum
1230 715 1259 741 et
1279 703 1438 749 creatum,
1451 715 1496 741 est
1521 703 1738 746 ceiebrata,nil

906 758 990 786 aliud
1006 757 1187 786 deﬁnierunt
1201 758 1239 786 de
1255 758 1365 794 Spiritu
1380 759 1494 790 sancto,
1509 757 1567 786 nisi
1594 756 1678 794 quod
1705 756 1737 784 in

906 803 975 839 ipso
988 802 1069 831 credi
1083 802 1202 837 debeat,
1221 804 1250 830 et
1264 802 1349 840 quod
1365 802 1402 832 sit
1424 802 1582 836 Dominus,
1609 803 1637 831 et
1662 800 1737 831 viVi~

43 844 206 880 positionem,
232 844 498 880 quemadmodum
524 844 556 872 in
570 843 658 872 nobis
684 851 796 880 corpus
820 846 851 872 et
871 850 893 878 Β
907 847 1014 875 ﬁcans.

44 890 141 917 anima:
157 888 209 916 sed
223 889 255 917 in
266 888 370 917 medio
385 889 480 917 Patris
494 891 524 916 et
547 888 618 921 Filii,
647 896 685 916 ex
710 890 796 917 Patre
823 891 853 917 et

45 933 106 961 Filio.
121 945 134 957 η

70 978 138 1006 Idem
159 980 285 1006 sanctus
315 978 346 1006 in
371 977 448 1006 libro
474 978 517 1006 De
538 985 598 1005 una
623 978 790 1006 Deitatem
807 978 854 1009 Ait

44 1028 98 1056 ergo
119 1024 216 1050 Petrus
243 1023 304 1056 his,
326 1023 380 1058 qui
403 1022 483 1050 circa
507 1022 656 1050 Ananiam
679 1024 784 1050 erant:
810 1023 850 1050 Ut

44 1066 100 1099 quid
113 1069 200 1095 tentet
212 1075 267 1095 vos
292 1068 419 1095 Satanas
433 1066 552 1094 mentiri
568 1066 687 1102 Spiritui
713 1068 818 1094 sancto
830 1067 844 1095 ‘2

45 1111 91 1137 Non
104 1111 166 1138 estis
182 1111 299 1139 mentiti
321 1111 506 1145 hominibus,
533 1111 587 1138 sed
617 1112 687 1140 Deo.
704 1122 715 1136 ι
746 1112 824 1146 Ergo
840 1120 846 1139 :

45 1166 54 1177 α
67 1154 129 1183 Deus
142 1163 177 1184 ex
190 1157 274 1184 Patre
290 1158 318 1184 et
334 1156 405 1184 Filio
420 1156 554 1192 Spiritus,
575 1156 624 1184 cui
643 1156 757 1184 mentiti
768 1158 849 1188 sunt,

45 1199 82 1233 qui
98 1199 129 1227 de
143 1200 235 1236 pretio
250 1200 480 1228 fraudaverunt.
495 1211 506 1226 ι

70 1245 129 1272 Item
146 1246 175 1272 in
188 1245 299 1273 eodem
327 1252 437 1281 opere:
452 1255 467 1269 ‹‹
490 1244 554 1273 Vita
581 1246 645 1273 tota
667 1244 756 1278 Deus,
779 1251 851 1279 ergo

45 1288 90 1315 vita
101 1296 132 1316 ex
143 1289 199 1317 vita
218 1289 310 1317 Filius
328 1298 334 1317 :
349 1290 414 1324 Ego
442 1290 530 1322 enim,
559 1289 668 1325 inquit,
697 1297 763 1316 sum
787 1290 847 1324 via,

46 1333 132 1360 uer-ila:
143 1338 169 1361 et
184 1335 260 1362 vita.
279 1334 405 1370 Spiritus
419 1333 501 1361 enim
515 1336 638 1361 sanctus
650 1333 689 1361 ab
698 1333 851 1361 ambobus

46 1377 145 1412 Spiritus
159 1381 186 1406 et
200 1378 271 1406 vita.
286 1380 361 1406 Nam
374 1373 500 1413 Spiritus
515 1377 593 1405 Deus
603 1381 657 1406 est.
676 1387 690 1402 ι

71 1422 95 1448 Et
106 1422 216 1450 iterum.
233 1434 247 1447 α
262 1423 416 1459 Numquid
429 1423 558 1450 dicimus
567 1422 645 1450 duos
655 1430 722 1450 esse
731 1422 820 1450 Filios
834 1423 849 1450 ?

47 1466 69 1492 Et
78 1467 217 1502 quomodo
233 1467 411 1502 Unigenitus
421 1466 435 1494 ?
454 1467 528 1499 Imo,
544 1469 577 1494 tu
590 1467 659 1503 quis
675 1475 718 1500 es,
742 1467 795 1503 qui
806 1475 850 1495 re-

944 894 975 920 ln
991 892 1126 921 secunda
1139 900 1212 921 vero
1227 892 1355 929 synodo,
1371 901 1438 930 quae
1453 893 1510 921 sub
1537 892 1627 921 beato
1653 900 1736 929 papa

908 938 1048 972 Damaso,
1064 940 1200 974 tempore
1213 938 1373 967 Theodosii
1388 938 1542 975 principis,
1568 945 1588 966 a
1611 939 1735 966 centum

908 982 1129 1018 quinquaginta
1139 982 1280 1010 Patrihus
1286 982 1317 1010 in
1325 981 1735 1019 urbeConstantinopolitana

909 1029 1014 1054 contra
1026 1027 1244 1062 Macedonium,
1257 1027 1389 1064 prrefatae
1398 1026 1483 1055 urbis
1493 1027 1681 1064 episcopum,
1692 1026 1735 1054 di-

907 1074 1024 1099 centem
1039 1071 1180 1108 Spiritum
1195 1073 1335 1100 sanctum
1350 1072 1498 1100 minorem
1511 1073 1596 1100 Patre
1609 1073 1638 1099 et
1650 1070 1734 1106 Filio,

907 1115 954 1143 vel
969 1118 1047 1144 certe
1062 1115 1234 1144 ministrum
1248 1116 1408 1152 Trinitatis,
1425 1116 1575 1145 celebrata
1602 1117 1657 1153 est,
1685 1115 1735 1143 de-

907 1160 1049 1188 ﬁnierunt
1069 1161 1204 1197 praedicti
1225 1162 1336 1194 Patres,
1364 1161 1506 1197 Spiritum
1533 1168 1596 1189 non
1619 1160 1734 1188 factum

906 1213 963 1232 nec
975 1207 1118 1237 creatum,
1131 1205 1186 1233 sed
1198 1206 1299 1242 potius
1313 1208 1489 1240 creatorem,
1506 1205 1545 1234 ab
1564 1205 1630 1242 ipso
1653 1204 1735 1236 fonte

907 1249 939 1277 in
962 1249 1128 1284 Divinitate,
1153 1249 1250 1286 Patre,
1268 1252 1416 1286 tanquam
1442 1258 1460 1278 a
1486 1249 1632 1286 primaria
1657 1256 1735 1277 vena

906 1294 1129 1330 procedentem.
1146 1296 1179 1323 Et
1188 1294 1246 1323 hoc
1261 1294 1292 1323 in
1305 1294 1439 1325 secundo
1466 1294 1621 1330 Symbolo,
1650 1293 1734 1330 quod

906 1337 1272 1374 Constantinopolitanum
1287 1338 1405 1372 dicitur,
1425 1338 1598 1374 diligentius
1612 1340 1734 1366 notave-

904 1386 984 1411 runt.
997 1383 1072 1416 Quia
1085 1391 1157 1412 vero
1175 1391 1238 1412 non
1260 1384 1316 1412 fuit
1341 1384 1478 1420 quaestio,
1503 1383 1566 1412 sive
1592 1383 1732 1411 dubium:

906 1429 1008 1456 Utrum
1022 1426 1148 1464 Spiritus
1163 1436 1181 1456 a
1195 1428 1266 1456 Filio
1283 1429 1469 1465 procederet,
1489 1427 1538 1456 vel
1554 1435 1617 1456 non
1631 1427 1646 1454 τ
1665 1434 1734 1455 san-

904 1472 943 1499 cti
952 1472 1066 1505 Patres,
1083 1472 1160 1500 sicut
1171 1475 1200 1500 et
1213 1472 1308 1501 multa
1323 1472 1382 1501 alia
1398 1480 1467 1509 quas
1481 1471 1679 1508 postmodum
1700 1471 1733 1499 in

44 1510 168 1544 spondeas
181 1513 239 1540 Deo
249 1512 263 1539 ?
277 1511 305 1539 Si
321 1510 424 1539 Filium
434 1511 558 1548 quidem
569 1514 665 1543 vocat,
673 1511 703 1539 id
711 1515 765 1546 est,
777 1519 845 1547 pro-
861 1524 882 1552 ε
900 1516 966 1544 aliis
981 1516 1115 1544 conciliis
1129 1517 1273 1544 catholice
1289 1516 1412 1545 deﬁnita
1423 1519 1502 1550 sunt,
1526 1515 1584 1543 sub
1613 1515 1732 1544 silentio

44 1554 101 1582 cedit
109 1563 140 1583 ex
149 1563 188 1589 se,
203 1556 348 1592 Spiritum
360 1564 430 1584 vero
442 1559 580 1583 sanctum
592 1563 629 1584 ex
642 1555 794 1584 ambobus
804 1556 818 1584 ‘I
831 1566 846 1580 »

69 1599 129 1630 Quid
143 1607 212 1634 ergo
223 1600 362 1628 dicemus
376 1601 391 1628 τ
413 1600 518 1628 Adhuc
539 1607 664 1635 egemus
693 1601 818 1628 testibus
830 1601 845 1628 τ

45 1642 191 1671 Audivimus
219 1646 392 1672 Graecorum
411 1644 623 1680 blasphemias
649 1644 816 1672 dicentium
834 1653 841 1672 :

46 1686 144 1721 Spiritus
158 1691 282 1716 sanctus
301 1696 363 1716 non
379 1689 514 1724 procedit
529 1697 547 1716 a
561 1688 642 1721 Filio,
657 1689 730 1725 quia
751 1689 845 1725 perfe-

45 1733 76 1758 cte
88 1732 241 1766 procedita
257 1734 367 1761 Patre:
394 1733 483 1769 quasi
507 1733 598 1761 etiam
621 1741 684 1761 non
716 1733 846 1769 perfecte

46 1775 152 1804 mittatur
162 1781 190 1805 et
203 1777 294 1805 detur
307 1786 325 1804 a
341 1777 411 1805 Filio
422 1778 436 1805 ?

69 1819 135 1854 item,
149 1823 209 1850 Non
225 1822 371 1858 procedit,
385 1822 535 1858 inquiunt,
548 1830 567 1850 a
583 1822 667 1857 Filio,
689 1823 762 1859 quia
783 1823 846 1851 duo

42 1868 117 1892 essent
128 1873 232 1899 causae,
249 1869 281 1894 et
291 1866 352 1894 duo
364 1866 523 1902 principia.
535 1868 612 1900 Ergo
625 1875 695 1895 cum
715 1868 844 1903 Scriptu-

43 1915 70 1935 rc'e
81 1917 160 1938 secrie
174 1915 202 1939 et
217 1911 414 1945 Evangelium
446 1911 551 1939 Filium
579 1912 762 1948 principium
792 1913 846 1940 sci-

42 1950 91 1980 licet
101 1954 133 1981 de
142 1955 290 1991 principio
305 1955 471 1989 nominent,
489 1958 519 1983 ut
533 1955 606 1983 illud
619 1965 625 1983 :
651 1957 715 1991 Ego
731 1956 844 1990 princi-

41 2004 111 2030 plum,
125 2000 212 2034 quiet
230 2001 338 2035 loquor
351 1999 431 2028 vobis
443 2000 475 2026 ‘5.
495 2003 525 2027 Et
553 2000 731 2028 Psalmista:
750 2001 788 2028 Et
806 2003 840 2029 tu

42 2048 63 2067 ιη
74 2044 218 2079 principia,
236 2046 373 2079 Domine,
388 2048 500 2072 terram
517 2045 701 2079 fundasti“.

68 2085 144 2120 idem,
158 2096 218 2116 non
230 2089 399 2125 procedunt
418 2097 487 2124 quae
515 2089 628 2122 dicunt,
654 2089 737 2125 quod
761 2090 845 2118 Chri—

43 2133 90 2157 stus
111 2132 170 2160 haec
195 2134 297 2167 tacuit,
326 2134 453 2170 apestoli
482 2141 543 2161 non
565 2134 711 2168 dixerunt,
743 2135 840 2163 sancti

900 1561 1092 1589 transierunt.
1107 1563 1251 1589 Processu
1272 1569 1344 1589 vero
1368 1560 1523 1597 temporis,
1547 1560 1731 1588 increscente

899 1605 1105 1641 quorumdam
1115 1605 1237 1638 malitia,
1247 1605 1278 1633 in
1284 1604 1524 1634 Occidentalibus
1531 1603 1680 1640 partibus,
1686 1603 1730 1631 di-

901 1649 1031 1678 centium
1048 1650 1190 1686 Spiritum
1206 1652 1345 1678 sanctum
1360 1657 1422 1678 non
1437 1648 1599 1686 procedere
1617 1656 1636 1676 a
1646 1647 1728 1681 Filio,

900 1703 956 1731 pro
966 1703 1002 1722 eo
1015 1695 1098 1731 quod
1116 1695 1148 1723 in
1163 1695 1307 1731 Symbolo
1322 1702 1384 1723 non
1409 1695 1549 1731 ponatur,
1574 1692 1731 1729 aggregati

900 1739 930 1766 in
947 1747 1042 1767 unum
1056 1739 1191 1776 episcopi
1205 1739 1327 1768 illarum
1352 1739 1496 1776 partium,
1510 1738 1548 1766 de
1557 1738 1677 1766 licentia
1699 1739 1730 1766 et

901 1785 1076 1812 auctoritate
1088 1784 1367 1821 summipontiﬁcis,
1377 1785 1533 1812 veritatem
1543 1783 1623 1816 ﬁdei,
1635 1790 1730 1819 quam

901 1832 1040 1856 tenemus
1060 1830 1091 1857 in
1113 1829 1260 1865 Symbolo
1277 1829 1477 1863 declarantes,
1505 1828 1620 1857 cantari
1639 1828 1730 1856 etiam

899 1874 958 1901 hoc
970 1874 1001 1902 in
1013 1873 1144 1902 Ecclesia
1154 1874 1194 1902 ab
1208 1874 1351 1902 omnibus
1374 1873 1606 1902 mandaverunt.
1637 1872 1730 1901 Graeci

900 1925 973 1945 vero
993 1920 1022 1946 et
1039 1919 1133 1946 caeteri
1154 1918 1318 1947 Orientales
1348 1918 1446 1946 vocati
1474 1925 1535 1945 non
1565 1919 1645 1951 sunt,
1677 1919 1730 1944 aut

900 1962 973 1997 quia
987 1962 1077 1989 nimis
1101 1963 1265 1994 distabant,
1293 1964 1346 1991 aut
1373 1963 1446 1999 quia
1467 1969 1529 1990 non
1550 1961 1730 1990 dubitabant

900 2006 992 2034 etiam
1006 2007 1064 2034 hoc
1079 2007 1230 2035 adducere
1240 2007 1271 2035 in
1283 2007 1494 2044 quaestionem.

936 2050 1023 2083 Quod
1038 2053 1140 2079 autem
1150 2051 1191 2079 eis
1203 2053 1274 2080 tunc
1287 2051 1413 2086 licuerit,
1425 2053 1454 2079 et
1466 2051 1554 2079 liceat
1566 2049 1658 2078 hodie
1677 2057 1730 2078 no-

899 2095 948 2122 bis
962 2095 1078 2131 aliquid
1093 2095 1232 2132 scribere,
1258 2096 1432 2132 praedicare,
1445 2097 1474 2124 et
1487 2096 1618 2129 cantare,
1645 2094 1730 2131 quod

900 2139 931 2166 in
943 2139 1089 2174 Symbolo
1096 2147 1158 2169 non
1165 2143 1402 2177 estexpressum,
1411 2140 1556 2168 docemur
1565 2147 1602 2168 ex
1609 2141 1728 2176 quarto,

43 2174 111 2224 etiam
121 2177 155 2224 de
165 2178 220 2224 hoc
230 2178 273 2206 nil
287 2178 534 2224 praedicaverunt.
551 2178 609 2224 Sed
621 2186 654 2206 ex
677 2179 845 2224 praemissis
859 2197 882 2224 Β
899 2184 1016 2220 quinto,
1028 2187 1122 2218 sexto,
1141 2174 1270 2221 septimo
1282 2185 1424 2220 conciliis,
1441 2192 1573 2221 quorum
1587 2174 1730 2221 quaedam

44 2221 251 2255 auctoritatibus,
280 2222 446 2250 mendaciis
466 2230 570 2250 eorum
580 2223 646 2258 jam
671 2223 842 2258 patefactis,

44 2266 196 2294 restatnunc
210 2267 370 2295 ostendere
390 2267 518 2303 qualiter
531 2270 559 2295 et
577 2268 607 2295 in
632 2268 678 2295 his
707 2275 775 2304 quae
799 2276 844 2296 se-

44 2312 160 2344 quuntur,
175 2312 236 2339 suis
250 2311 417 2339 rationibus
433 2312 628 2340 mentiantur.

71 2353 160 2383 Dicunt
173 2357 271 2384 enim:
289 2367 302 2380 ι(
320 2356 417 2385 Sancti
433 2358 532 2384 Patres
548 2357 580 2384 in
602 2357 738 2385 conciliis
753 2365 846 2392 super

45 2395 87 2423 hnc
95 2398 129 2426 nil
140 2399 333 2428 deﬁnierunt:
351 2401 404 2428 sed
420 2403 568 2437 ponentes
581 2401 612 2429 in
628 2401 784 2437 Symbolo,
810 2409 847 2430 ea

44 2447 96 2475 quae
108 2447 170 2471 sunt
182 2445 348 2473 necessaria
363 2445 403 2473 ad
414 2445 553 2475 salutem.
569 2453 622 2474 eos
635 2446 687 2482 qui
699 2445 781 2474 aliud
794 2446 847 2474 ad-

45 2486 490 2522 derentexcommunicaverunt;
508 2490 561 2517 sed
587 2498 641 2517 vos
659 2489 820 2518 addidistis
838 2499 844 2518 :

46 2535 101 2563 ergo
111 2532 172 2560 estis
186 2534 450 2562 excommunicati.
466 2545 480 2558 »

230 2587 388 2620 Responsio
402 2586 590 2616 Latinorum.

73 2627 108 2654 Ad
127 2629 203 2664 quod
221 2630 437 2666 respondentes
473 2631 603 2659 breviter
623 2632 666 2660 sic
691 2631 844 2660 dicimus:

50 2705 66 2720 ³⁵
78 2706 150 2735 Joan.
163 2709 227 2738 Vili.
242 2711 286 2737 25.
304 2710 326 2728 ιθ
344 2710 411 2738 Psal
426 2710 468 2743 Ci,
485 2713 529 2739 26.

77 2769 109 2801 (4)
123 2769 178 2798 Fuit
198 2772 330 2808 synodus
355 2773 488 2800 secunda
501 2773 844 2810 Constantinopolitana.

900 2227 1060 2262 deﬁniunt,
1073 2229 1156 2265 quod
1169 2237 1231 2258 non
1246 2232 1292 2258 est
1311 2237 1486 2266 expressum
1509 2229 1540 2257 in
1565 2228 1709 2266 Symbolo
1720 2239 1729 2257 :

900 2278 933 2300 ut
946 2272 984 2300 de
998 2274 1090 2302 sacris
1101 2274 1297 2310 imaginibus,
1309 2282 1400 2311 super
1408 2274 1522 2311 quibus
1538 2274 1666 2311 septima
1675 2273 1732 2302 fuit

901 2317 1047 2353 synodus,
1061 2318 1135 2347 nihil
1147 2319 1178 2347 in
1200 2319 1344 2356 Symbolo
1358 2319 1536 2348 continetur.
1555 2319 1602 2347 Sic
1615 2326 1671 2347 nec
1695 2318 1732 2346 de

901 2361 1023 2390 duabus
1039 2363 1244 2392 voluntatibus
1259 2366 1288 2392 et
1307 2363 1535 2400 operationibus
1557 2364 1589 2392 in
1616 2363 1732 2392 Christo

903 2407 1081 2442 Symbolum
1097 2409 1255 2437 manifeste
1270 2409 1459 2443 determinat,
1476 2409 1514 2437 de
1526 2409 1638 2446 quibus
1648 2409 1733 2437 sexta

902 2452 1040 2489 synodus
1055 2453 1207 2487 deﬁnivit;
1223 2454 1264 2482 sic
1272 2461 1328 2482 nec
1339 2454 1513 2482 Theodorus
1534 2453 1731 2490 Mopsuestia,

903 2506 958 2527 nec
986 2497 1160 2526 Theodoriti
1187 2498 1309 2534 scripta,
1325 2506 1393 2535 quae
1407 2500 1512 2526 contra
1534 2497 1657 2525 beatum
1676 2497 1730 2533 Cy-

901 2543 1001 2572 rillum
1014 2543 1196 2579 compesuit,
1203 2543 1386 2571 condemnat
1395 2542 1582 2579 Symbolum,
1590 2542 1731 2577 quamvis

903 2588 1038 2616 secunda
1054 2587 1216 2616 universali
1232 2587 1350 2623 synodo
1365 2588 1403 2622 (4)
1416 2587 1663 2615 condemnentur.
1683 2586 1731 2614 Sic

901 2640 958 2661 nec
972 2632 1050 2660 duas
1070 2634 1194 2660 naturas
1221 2631 1393 2660 inconfusus
1419 2634 1446 2658 et
1471 2630 1674 2666 impermistas
1700 2630 1729 2668 in
