1948 3079
176 89 179 93 ,
193 72 246 98 503
808 70 1053 101 PANTALEONIS

1071 71 1212 101 DIACONI
1231 70 1282 101 CP.
1871 73 1928 100 504

188 132 302 161 Christo
317 132 348 161 in
358 132 472 162 unitate
486 140 636 170 personae,
652 133 716 163 sine
727 135 811 164 omni
823 135 1016 164 conversione
1031 137 1056 164 Α
1071 137 1243 164 sanctorum
1253 134 1476 164 deﬁnitionibus
1485 143 1548 165 non
1555 135 1676 167 scribat,
1684 135 1732 164 vel
1741 134 1926 172 praedicet,

187 185 242 214 per
256 177 435 213 Symbolum
450 178 599 207 habemus
611 187 796 216 expressum,
809 188 878 209 cum
897 180 940 208 sic
949 188 1017 209 esse

189 221 337 251 deﬁnierit
368 225 479 258 quarta
504 223 682 252 universalis
715 225 861 261 synodus,
889 227 1017 254 Leonem

190 274 304 303 papam
318 267 451 303 primum
475 270 593 296 secuta:
621 269 777 305 epistolam
802 278 925 307 quoque
953 271 1018 306 ejus

193 319 285 348 quem
316 312 519 348 praediximus,
552 312 622 341 ﬁdei
650 314 826 342 orthodoxae
845 315 1019 344 columnam

191 363 290 392 usque
311 355 402 384 hodie
428 357 546 384 Graecus
575 357 708 394 appellat
728 367 735 386 ε
760 361 789 387 et
809 359 893 395 quod
916 360 1020 388 forsan

192 400 302 437 aliquis
317 401 450 434 miretur,
462 403 566 430 sancta
575 405 604 430 et
617 403 792 432 universalis
802 405 940 440 synodus
951 412 1020 441 pro-

193 445 285 477 hibet,
298 453 335 473 ne
350 445 436 473 alicui
466 445 554 475 liceat
579 447 722 483 proferre,
750 449 797 476 vel
820 449 961 483 scribere,
974 448 1023 477 vel

195 497 377 525 componere
405 489 530 518 alteram
563 491 656 519 ﬁdem
683 492 722 520 ab
746 500 783 520 ea
807 501 876 529 qum
899 493 1023 522 deﬁnita

195 536 240 562 est
251 541 268 562 a
279 533 390 562 sanctis
401 534 540 562 Patribus
551 535 653 564 Nicaeae
669 538 866 572 congregatis,
881 537 1024 574 quamvis

197 578 332 607 secunda
343 578 480 614 synodus
506 579 684 615 Symbolum
709 581 844 615 ediderit,
874 585 906 610 ut
932 590 1025 618 supra

198 625 353 652 Ostensum
368 625 422 658 est,
444 623 474 651 in
489 632 550 660 quo
566 624 668 661 aliqua
680 626 879 661 continentur,
904 635 973 664 quae
994 627 1025 655 in

199 668 318 696 Nicaeno
332 668 459 696 concilio
471 676 533 697 non
543 669 710 698 habentur:
725 671 807 706 quod
818 679 853 699 ex
869 672 1026 700 collatione

200 713 354 749 utriusque
371 713 479 749 synodi
503 714 696 743 manifestum
720 718 766 744 est
791 716 903 745 lectori.
927 718 1026 753 lpsam

201 765 273 786 vero
289 758 524 794 prohibitionem
536 759 575 787 ad
590 760 717 788 verbum
728 761 769 788 sic
781 762 922 796 continet,
934 761 1027 789 tertia

1072 181 1127 208 sed
1141 180 1225 217 quod
1247 187 1353 208 verum
1384 183 1437 214 est,
1464 184 1493 209 et
1516 181 1603 216 cujus
1629 180 1814 216 oppositum
1845 179 1928 207 facit

1071 224 1222 259 haeresim,
1255 232 1310 253 nec
1335 232 1397 253 non
1429 227 1458 254 et
1484 226 1549 261 ejus
1581 225 1691 253 veritas
1733 223 1934 260 periculoso

1073 269 1190 298 silentio
1206 269 1376 305 petentibus
1394 269 1576 305 denegatur:
1592 272 1675 306 patet
1688 268 1789 305 quod,
1801 268 1831 296 si
1848 276 1933 304 pro—

1073 317 1138 351 pter
1161 314 1279 350 pietatis
1301 314 1504 349 naufragium,
1531 314 1616 350 quod
1637 312 1838 344 imminebat.
1866 312 1931 340 ad-

1073 358 1149 386 didit
1162 358 1316 387 veritatem
1331 358 1414 392 ﬁdei,
1425 359 1456 387 in
1477 358 1621 395 Symbolo
1635 366 1698 386 non
1712 364 1925 394 expressam,

1074 410 1137 431 non
1147 405 1193 431 est
1202 403 1475 432 excommunicata.

1111 448 1139 475 Si
1167 455 1239 476 vero
1265 450 1388 484 propter
1402 448 1636 477 declarationem
1651 447 1722 476 ﬁdei
1750 447 1867 480 talem,
1890 447 1930 474 ut

1077 493 1169 521 ϐπ·ωοὶ
1178 495 1326 525 asserunt,
1346 492 1531 521 additionem
1558 492 1669 521 factam
1693 492 1725 520 in
1750 490 1925 527 Symbolo,

1077 536 1399 566 excommunicationis
1408 537 1586 565 sententiam
1597 537 1690 565 Latini
1699 536 1924 567 incurrerunt,

1078 581 1211 610 conﬁteri
1220 589 1343 610 necesse
1352 584 1398 610 est
1408 589 1514 610 omnes
1523 582 1575 618 qui
1585 582 1616 610 in
1627 581 1773 616 secundo,
1788 583 1925 617 quarto,

1078 626 1195 662 quinto,
1211 628 1306 658 sexto,
1322 626 1461 662 septimo,
1478 625 1612 654 conciliis
1635 625 1767 657 fuerunt,
1797 632 1860 661 pro
1883 632 1925 652 eo

1079 671 1162 707 quod
1176 673 1281 707 praeter
1295 678 1331 700 ea
1342 679 1410 707 qum
1433 671 1464 698 in
1480 670 1624 706 Symbolo
1647 670 1752 699 Nicaeae
1776 669 1927 697 contine-

1079 715 1201 750 bantur,
1216 715 1317 752 aliqua
1332 715 1392 744 imo
1402 715 1539 743 multade
1554 715 1613 744 ﬁde
1626 715 1822 748 deﬁnierunt,
1844 721 1926 742 ana-

1082 759 1220 788 thematis
1248 759 1349 794 gladio
1381 759 1475 788 fuisse
1518 767 1687 796 percusms.
1739 759 1799 787 Sed
1847 766 1924 794 quae

203 802 311 839 synodi
325 810 390 838 cap.
422 803 494 831 ult.:
520 803 557 831 Iis
574 804 663 839 igitur
688 805 770 833 lectis
792 806 895 834 deﬁnit
923 808 1028 834 sancta
1045 815 1066 843 Β
1082 804 1180 839 major
1189 803 1350 837 dementia,
1366 806 1395 832 et
1419 804 1517 840 major
1539 804 1670 836 caecitas,
1692 811 1788 840 quam
1801 802 1920 834 dicere,

203 847 350 884 synodus,
366 847 489 877 alteram
504 848 597 877 ﬁdem
612 850 820 878 neminilicere
829 851 970 887 proferre,
981 851 1029 879 vel

203 891 344 929 scribere,
358 892 404 920 vel
419 901 611 929 componere,
625 897 731 930 pra=ter
741 903 819 927 eam,
831 903 899 931 quae
907 895 1029 924 deﬁuita

204 939 249 965 est
262 945 280 964 a
291 937 400 965 sanctis
415 938 551 966 Patribus
565 938 669 967 Nicteze
682 947 750 967 cum
767 942 872 968 sancto
898 940 1007 975 Spiritu
1021 949 1028 974 ;

204 984 419 1018 praesumentes
434 983 559 1011 alteram
574 983 676 1014 ﬁdem,
688 983 830 1020 proferre,
852 984 899 1012 vel
914 984 1029 1019 offerre,

205 1027 337 1055 converti
352 1027 488 1055 nolentes
508 1027 546 1055 ad
561 1028 744 1062 agnitionem
771 1028 901 1056 veritatis
927 1036 963 1056 ex
985 1029 1031 1064 ju-

205 1071 336 1106 daismo,
351 1071 397 1099 vel
410 1071 515 1100 haeresi
530 1072 743 1108 qualicunque,
763 1072 830 1106 hos,
857 1072 881 1100 si
907 1073 1031 1109 quidem

206 1115 326 1148 fuerint,
342 1116 599 1144 anathematizari.
615 1127 629 1141 η

245 1159 302 1188 Sed
317 1159 394 1188 dicet
409 1160 527 1188 Graecus
542 1169 548 1187 :
566 1161 643 1193 Quid
664 1161 743 1189 ultra
762 1162 906 1198 quaeritur
919 1162 933 1190 ἱ)
959 1164 1033 1191 Ecce

207 1203 357 1234 habemus
372 1204 561 1241 propositum
577 1213 612 1233 ex
627 1205 813 1234 deﬁnitione.

439 1276 597 1309 Responsio
613 1276 802 1305 Latinorum.

245 1341 288 1370 Ad
299 1341 382 1378 quod
399 1341 614 1378 respondentes
634 1343 676 1371 sic
699 1343 845 1372 dicimus:
874 1345 1034 1373 Prohibitio

211 1386 306 1415 sancti
321 1387 437 1415 concilii
453 1387 528 1416 sicut
541 1390 646 1416 sancta
658 1391 686 1416 et
700 1397 772 1417 vera
780 1397 846 1418 esse
857 1390 1033 1419 ostenditur.

210 1432 251 1460 ita
272 1431 313 1460 nil
328 1434 432 1460 contra
445 1433 599 1460 veritatem
617 1433 803 1467 dignoscitur
813 1435 974 1463 continere.
990 1435 1034 1463 Di-

209 1476 248 1504 cit
262 1477 340 1504 cnim
354 1485 361 1504 :
378 1477 407 1505 Si
419 1476 486 1513 quis
501 1477 592 1505 aliam
604 1477 696 1506 ﬁdem
712 1486 730 1506 a
744 1479 867 1507 veritate
888 1480 1035 1515 praedica-
1051 1492 1071 1520 ρ

209 1521 294 1555 verit,
310 1521 469 1557 scripserit,
487 1522 649 1550 anathema
663 1522 708 1550 sit.
731 1523 789 1551 Sed
799 1523 920 1551 Latinus
934 1524 1037 1553 scribit

209 1567 238 1594 et
248 1566 393 1602 praedicat
407 1566 490 1600 illud,
504 1566 587 1603 quod
609 1569 782 1595 sanctorum
807 1569 1035 1597 auctoritatibus

206 1613 235 1638 et
247 1618 339 1639 sacras
354 1611 512 1647 Scripturae
528 1611 703 1639 testimoniis
719 1612 902 1647 probatesse
914 1621 1030 1641 verum.

206 1657 282 1691 Ergo
294 1664 355 1684 non
371 1656 473 1689 aliam,
487 1656 540 1684 sed
564 1657 703 1684 eamdem
732 1656 832 1686 minus
860 1664 1035 1693 expressam

207 1700 278 1728 olim
294 1701 324 1728 in
341 1700 495 1736 Symbolo,
513 1703 576 1728 tam
590 1700 730 1728 ﬁdelibus
743 1709 837 1737 quam
851 1701 1034 1738 inﬁdelibus,

206 1744 353 1780 praedicat
364 1744 466 1772 ﬁdem.

244 1787 328 1821 Quod
349 1790 448 1815 autem
474 1795 544 1815 vera
567 1787 604 1816 sit
628 1788 786 1824 expositio,
811 1789 956 1825 probatur
983 1799 1038 1827 per

209 1831 417 1859 auctoritatem
424 1832 565 1868 Apostoli,
573 1835 601 1860 et
609 1840 662 1868 per
670 1833 753 1869 ipsos
761 1835 933 1862 tractatores
944 1843 1036 1863 sacrm

208 1875 289 1910 ﬁdei,
303 1876 356 1912 qui
371 1876 401 1904 in
416 1876 503 1904 dictis
529 1877 662 1904 conciliis
681 1877 877 1913 personaliter
892 1879 1037 1908 interesse

210 1922 394 1948 meruerunt.
422 1920 494 1948 Dicit
519 1928 591 1955 ergo
618 1920 726 1948 Paulus
755 1922 939 1958 quibusdam
973 1924 1035 1952 sic:

211 1966 381 2001 Quicunque
387 1965 465 1994 vobis
476 1965 564 1994 aliud
570 1966 908 2002 prmdicaveril.pr¢rler
917 1968 950 1996 id
959 1969 1038 2005 quod

211 2011 373 2047 accepistis,
392 2013 447 2039 hoc
462 2013 516 2043 est,
533 2011 557 2038 si
567 2011 637 2047 quis
648 2011 734 2039 vobis
746 2012 839 2047 aliud,
853 2013 882 2040 id
894 2016 948 2048 est,
964 2021 1038 2042 con-

211 2056 335 2084 trarium
353 2055 608 2091 evangelizaverit,
632 2055 678 2083 vel
693 2057 840 2085 contrario
867 2058 958 2086 modo
985 2058 1038 2086 do-

212 2100 489 2133 cuerit,analhema
501 2101 578 2128 sit".
607 2102 670 2129 Non
693 2101 781 2130 dicit:
810 2101 839 2130 Si
862 2102 930 2139 quis
953 2103 1040 2131 vobis

213 2144 370 2173 addiderit.
389 2145 463 2172 Nam
480 2144 503 2172 si
515 2144 586 2173 illud
609 2145 741 2180 dixisset,
767 2145 823 2173 sibi
845 2146 901 2182 ipsi
933 2147 1038 2182 prteju-

213 2189 353 2222 dicasset,
372 2188 424 2224 qui
437 2189 578 2225 cupiebat
601 2190 700 2218 venire
729 2192 761 2218 ut
783 2190 946 2227 suppleret,
973 2199 1039 2228 quae

214 2241 319 2262 eorum
330 2232 401 2261 ﬁdei
415 2233 544 2262 deerant.
558 2234 615 2263 Sed
627 2235 680 2271 qui
695 2234 824 2271 supplet,
838 2234 921 2271 quod
941 2235 1039 2263 minus

215 2280 277 2307 erat
289 2278 382 2312 addit,
392 2286 453 2307 non
467 2279 550 2316 quod
563 2279 661 2309 inerat
679 2279 764 2308 tollit.

251 2323 304 2354 Qui
314 2323 554 2360 praetergreditur
567 2323 638 2352 ﬁdei
649 2324 795 2360 regulam,
811 2332 873 2353 non
896 2324 980 2352 addit
1001 2324 1039 2352 ad

215 2368 329 2401 omnia,
341 2368 393 2396 sed
406 2369 543 2397 recedita
557 2369 616 2397 via.
641 2369 735 2397 Aliud
758 2377 829 2404 ergo
849 2369 980 2406 positum
998 2372 1042 2398 est

216 2421 272 2451 pro
293 2413 444 2450 opposito.
468 2415 550 2449 Nam,
579 2422 647 2450 quae
671 2414 708 2442 de
732 2414 792 2442 Deo
818 2417 871 2446 est,
888 2415 1041 2442 veritatem

216 2458 316 2487 nullus
347 2458 505 2486 hominum
533 2458 692 2494 prohibere
719 2460 828 2494 potest,
850 2458 923 2495 quin
948 2458 1043 2494 possit

217 2503 340 2537 cantari,
354 2503 423 2538 legi,
437 2505 465 2531 et
477 2502 634 2539 przedicari
651 2503 681 2530 in
696 2502 838 2531 ecclesiis.
863 2502 945 2531 Unde
962 2502 1042 2531 idem

218 2547 425 2585 ApOStolusait
433 2556 439 2575 :
447 2548 533 2576 Nihil
538 2555 690 2582 possumus
696 2547 839 2575 adversus
846 2548 998 2576 veritatem
1007 2549 1040 2565 ⁵⁸-

220 2595 294 2622 Cum
308 2593 398 2628 igitur
409 2593 545 2620 Romana
556 2591 684 2620 Ecclesia
694 2591 785 2624 aliud,
795 2594 846 2620 aut
860 2592 1042 2620 contrarium

258 2661 279 2677 ἰτ
292 2660 315 2688 ιι
331 2660 397 2688 Cor.
414 2660 480 2695 xuii,
497 2659 519 2676 ⁸⁸
532 2659 552 2686 ll
567 2659 633 2687 Cor.
647 2658 745 2693 xm,8.

257 2721 298 2758 (5)
313 2722 407 2750 Locus
418 2721 594 2750 mendosus.

1082 851 1134 877 aut
1147 849 1289 885 proferre,
1310 851 1362 877 aut
1379 856 1504 886 prorsus
1524 848 1664 883 cogitare,
1686 847 1770 884 quod
1791 847 1921 876 tertium

1083 894 1243 922 concilium
1279 893 1585 922 excommunicaverit
1609 893 1787 929 praeteritos,
1812 895 1844 920 et
1871 891 1923 919 fu-

1083 940 1176 969 turos,
1206 938 1259 975 qui
1283 938 1399 975 aliquid
1425 938 1503 974 plus,
1528 938 1669 973 quamvis
1696 945 1815 970 verum,
1845 936 1921 964 deﬁ-

1083 984 1202 1012 nierunt
1217 983 1247 1011 in
1259 983 1397 1018 Ecclesia,
1413 991 1507 1020 quam
1535 982 1620 1014 illud,
1643 983 1727 1018 quod
1753 981 1921 1009 deﬁnitum

1085 1031 1130 1057 est
1145 1036 1163 1057 a
1184 1028 1294 1057 sanctis
1309 1028 1443 1056 Patribus
1467 1027 1498 1056 in
1524 1030 1629 1056 sancta
1652 1027 1771 1056 Nicasna
1796 1026 1923 1063 synodo

1086 1081 1142 1102 con
1147 1075 1181 1101 sti
1186 1073 1253 1101 tutis
1260 1073 1274 1101 ?

1122 1119 1206 1152 Item,
1221 1117 1371 1154 numquid
1380 1117 1545 1151 Nicaanum,
1563 1119 1615 1145 aut
1642 1115 1919 1152 Constantinopoli-

1087 1164 1193 1191 tanum
1204 1163 1381 1198 Symbolum
1391 1163 1496 1191 omnia
1505 1162 1646 1195 continet,
1658 1169 1726 1197 quae
1741 1160 1918 1189 necessaria

1088 1207 1205 1236 suntad
1215 1207 1351 1240 salutem,
1362 1207 1535 1235 ubinullum
1543 1207 1581 1235 de
1587 1209 1702 1242 septem
1717 1206 1919 1234 sacramentis

1088 1252 1233 1285 Ecclesiae,
1245 1254 1368 1288 excepto
1383 1251 1546 1288 baptismo,
1561 1251 1645 1279 aliud
1660 1257 1840 1286 expressum
1861 1249 1918 1277 ibi~

1088 1298 1160 1326 dem
1174 1297 1365 1325 continetur?
1388 1297 1438 1324 Cui
1455 1304 1526 1332 ergo
1545 1296 1674 1324 dubium
1689 1295 1816 1327 videtur,
1833 1302 1918 1331 quaa-

1089 1342 1161 1370 dam
1176 1349 1248 1370 vera
1262 1349 1330 1369 esse
1345 1341 1382 1369 de
1398 1342 1467 1376 Deo,
1493 1349 1561 1377 quae
1577 1341 1606 1368 in
1629 1340 1713 1368 libris
1741 1347 1803 1367 non
1824 1340 1918 1367 conti-

1088 1387 1218 1415 nentur?
1235 1387 1267 1414 Et
1281 1388 1314 1413 ut
1325 1386 1363 1414 de
1377 1385 1424 1413 his
1439 1393 1520 1413 nunc
1535 1388 1702 1418 taceamus,
1721 1385 1760 1419 (5)
1783 1384 1834 1421 qui
1854 1391 1917 1411 non

1087 1430 1166 1458 lecta
1173 1429 1297 1466 expletis
1311 1431 1492 1466 sequuntur:
1508 1429 1625 1457 Patrem
1640 1431 1668 1456 et
1679 1428 1831 1464 Spiritum,
1846 1427 1917 1455 Filio

1089 1475 1257 1507 incarnato,
1271 1474 1444 1503 incarnatos
1454 1481 1516 1502 non
1531 1481 1605 1505 esse,
1619 1475 1671 1500 aut
1684 1481 1804 1509 passos,
1822 1472 1873 1500 ubi
1886 1472 1917 1500 in

1091 1519 1241 1556 Scriptura
1256 1519 1366 1555 poteris
1380 1518 1531 1547 invenire?
1546 1518 1629 1554 quod
1645 1520 1746 1546 tamen
1760 1517 1801 1546 ita
1812 1525 1916 1545 verum

1089 1567 1145 1596 est,
1161 1566 1194 1592 ut
1211 1563 1385 1600 oppositum
1410 1563 1456 1591 vel
1480 1564 1579 1590 mente
1608 1562 1777 1598 concipere,
1806 1562 1842 1589 sit
1865 1561 1917 1589 ad-

1089 1609 1227 1637 surdum.

1126 1657 1209 1690 Item,
1216 1653 1371 1691 quomodo
1379 1653 1495 1682 tertium
1505 1652 1666 1681 concilium
1677 1651 1916 1680 excommunicat

1089 1700 1221 1737 primum
1237 1702 1265 1728 et
1279 1701 1431 1736 quartum,
1441 1698 1592 1734 quintum,
1607 1700 1635 1726 et
1645 1699 1776 1731 sextum,
1789 1699 1818 1725 et
1828 1697 1914 1733 septi-

1089 1752 1174 1773 mum
1184 1745 1198 1772 ?
1210 1752 1278 1772 cum
1286 1744 1315 1771 in
1328 1743 1387 1771 ﬁne
1395 1742 1554 1778 cujuslibet
1562 1741 1677 1770 concilii
1688 1741 1767 1769 hanc
1779 1741 1914 1769 eamdem

1089 1788 1321 1826 prohibitionem
1337 1788 1449 1816 factam
1464 1788 1504 1815 ab
1520 1787 1561 1815 eis
1581 1786 1716 1822 recipiat,
1737 1785 1863 1814 scilicet:
1882 1786 1915 1813 Si

1091 1835 1156 1870 quis
1170 1835 1295 1862 alteram
1310 1833 1409 1867 ﬁdem,
1434 1835 1489 1860 etc.
1503 1832 1531 1860 Si
1562 1839 1633 1859 vero
1666 1830 1913 1858 excommunicati

1091 1878 1245 1915 quomodo
1259 1877 1365 1912 sancti,
1377 1878 1513 1905 siautem
1530 1875 1624 1904 sancti
1640 1883 1700 1903 non
1713 1875 1914 1903 excommuni-

1091 1923 1162 1952 cati.
1183 1923 1341 1956 Quomodo
1357 1924 1458 1950 tamen
1482 1928 1543 1949 non
1572 1920 1835 1953 excommunicati,
1860 1919 1915 1947 nisi

1091 1967 1300 2005 prohibitionis
1321 1967 1407 2003 juxta
1423 1965 1612 2001 sententiam,
1629 1965 1753 1993 alteram
1775 1964 1872 1996 ﬁdem,
1885 1965 1914 1992 id

1093 2015 1145 2048 est,
1167 2012 1349 2040 contrariam
1364 2014 1451 2040 recte:
1462 2011 1532 2039 ﬁdei
1548 2011 1806 2048 prmsumpserunt
1817 2009 1915 2044 praedi-

1093 2057 1184 2085 care?
1201 2056 1286 2090 Quod
1300 2064 1372 2084 vero
1387 2059 1450 2084 tam
1466 2055 1599 2083 studiose
1611 2057 1638 2082 et
1650 2053 1772 2082 sollicite
1786 2053 1816 2081 in
1836 2053 1914 2081 omni

1094 2101 1219 2130 concilio
1236 2101 1405 2137 hocipsum
1430 2099 1657 2136 prohibuerunt,
1685 2101 1788 2126 contra
1808 2098 1914 2126 hmreti-

1094 2155 1156 2180 cos,
1187 2154 1249 2174 non
1272 2146 1302 2174 in
1331 2145 1531 2182 praejudicum
1556 2144 1688 2172 veritatis
1714 2143 1823 2171 factum
1851 2151 1912 2171 esse

1094 2193 1196 2228 aperte
1211 2191 1343 2228 probant
1356 2198 1424 2226 quae
1440 2190 1470 2218 in
1481 2188 1675 2226 sequentibus
1684 2189 1876 2216 continentur.

1131 2236 1204 2264 Dicit
1217 2237 1298 2264 enim
1319 2235 1426 2263 beatus
1438 2234 1562 2270 Cyrillns
1575 2234 1605 2261 in
1622 2233 1753 2269 Epistola
1770 2232 1805 2260 ad
1819 2234 1912 2260 Nesto-

1094 2281 1171 2309 rium
1185 2289 1192 2308 τ
1205 2291 1219 2305 ‹‹
1236 2282 1300 2308 Non
1314 2280 1367 2308 tibi
1377 2279 1503 2307 sufﬁciet
1512 2278 1645 2306 conﬁteri
1657 2277 1829 2314 Symbolum
1848 2276 1913 2305 fidei

1096 2325 1195 2353 solum
1209 2324 1321 2353 editum
1333 2331 1388 2360 pro
1397 2326 1532 2360 tempore
1542 2323 1572 2350 in
1584 2322 1704 2358 Spiritu,
1715 2329 1734 2350 a
1744 2329 1851 2357 magna
1867 2329 1913 2357 sy-

1095 2369 1177 2398 nodo
1202 2377 1257 2405 pro
1279 2371 1411 2405 tempore
1424 2369 1607 2402 congregata
1622 2366 1737 2395 Nicaeae.
1755 2365 1910 2394 intellexisti

1096 2414 1176 2442 enim
1186 2421 1246 2441 non
1262 2416 1356 2441 recte:
1371 2413 1422 2440 sed
1434 2412 1645 2448 interpretatus
1672 2419 1704 2439 es
1730 2418 1789 2439 non
1816 2412 1887 2438 recte
1903 2419 1909 2437 :

1097 2458 1149 2486 sed
1163 2466 1301 2494 perverse
1324 2460 1429 2486 contra
1452 2456 1661 2485 haereticorum
1685 2455 1910 2491 importunitatcs

1097 2503 1210 2531 dictum
1224 2505 1276 2535 est,
1289 2502 1357 2539 plus
1370 2501 1418 2530 vel
1434 2501 1534 2529 minus
1549 2501 1641 2529 aliam
1656 2500 1748 2528 ﬁdem
1765 2499 1901 2528 afﬁrmare

1097 2548 1295 2579 conscribere,
1310 2553 1503 2583 componere,
1518 2545 1638 2580 docere,
1651 2545 1699 2573 vel
1714 2552 1832 2575 sapere:
1849 2551 1908 2580 qum

1097 2592 1211 2629 aliquid
1226 2591 1469 2628 superinducere,
1487 2590 1532 2619 vel
1559 2589 1734 2618 subtrahere
1762 2589 1909 2618 moliuntur
