1948 3079
50 63 93 92 505
756 54 895 85 CONTRA

914 54 1062 84 GRECOS
1687 50 1739 79 506

51 130 119 153 sanae
132 121 240 151 mentis
254 120 413 150 intellectui
428 127 532 149 eorum
542 118 637 158 quiin
648 119 754 148 Niceem
768 120 860 156 Sym-
875 119 899 147 A
913 118 991 151 rillo,
1020 124 1075 154 pro
1098 124 1134 145 eo
1172 115 1256 153 quod
1291 115 1322 144 in
1360 113 1498 151 pluribus
1535 113 1651 150 scriptis
1676 113 1739 141 suis

51 169 140 198 bolum
149 167 402 203 conscripserunt.
416 176 431 191 »

80 215 143 242 Item
157 212 194 240 de
204 212 312 240 eodem
327 211 507 239 Athanasius
529 219 536 239 :
555 221 569 235 ‹‹
593 209 639 238 Nil
666 209 796 245 amplius
810 209 860 237 de-

52 259 110 287 bere
122 257 207 285 scribi
219 257 259 284 de
284 255 354 289 ﬁde,
385 255 439 283 sed
466 256 622 283 contentos
635 261 701 282 esse
715 262 752 282 ea
767 261 861 290 quam

53 304 77 331 in
86 303 174 331 Nicaea
181 300 277 329 sancti
287 302 386 328 Patres
395 299 647 336 conscripserunt,
658 298 727 334 ﬁde,
739 300 861 335 propter

52 347 243 375 haereticorum
259 346 382 373 cautum
404 347 448 372 est
475 343 697 372 cavillationes:
716 355 727 368 »
744 351 806 371 non
829 344 862 371 ut

52 392 138 428 pietati
150 390 360 428 praeiudicium
386 389 560 422 inferretur;
577 388 653 417 alias
668 396 775 416 omnes
791 395 861 416 san-

54 440 114 471 ctos,
127 436 175 472 qui
198 437 308 472 postea
333 434 446 471 aliquid
476 434 514 462 de
527 433 588 461 ﬁde
598 433 749 467 dixerunt,
765 435 794 461 et
809 440 862 460 sex

53 480 220 510 venerabiles
236 480 374 516 synodos
389 479 420 507 in
434 480 644 515 contemptum
659 478 757 514 egisse
771 485 863 514 pone-

54 534 118 554 IDUS.

81 571 142 599 Item
153 569 282 606 Cyrillus
291 569 322 597 in
332 568 475 605 Epistola,
487 568 574 604 cujus
585 569 630 597 est
641 567 759 596 initium
775 577 784 595 :
793 567 863 603 Legi

54 615 294 643 commonitorium
305 623 333 641 zu
344 613 524 641 Athanasius
533 612 760 647 dixit,sanctam
772 619 863 647 syno-

54 661 113 687 dum
126 666 184 687 non
206 658 314 686 fecisse
336 658 515 686 memoriam
537 657 675 686 dictionis
691 656 861 685 Genitricis:

55 711 99 738 ego
112 706 207 732 autem
221 703 338 739 scripsi,
367 702 451 739 quod
464 704 493 730 et
510 702 533 730 si
558 710 620 730 non
649 701 717 729 fecit
729 701 864 738 synodus

55 748 224 782 memoriam,
248 748 328 775 bene
340 747 418 775 fecit.
443 748 544 783 Neque
565 746 646 775 enim
670 748 732 774 erat
747 748 864 774 motum

55 792 150 829 aliquid
159 792 373 828 hujuscemodi
383 794 454 820 tunc
467 791 620 828 temporis,
632 794 756 828 propter
780 790 864 827 quod
882 795 902 823 Β

55 845 104 865 non
116 840 174 866 erat
188 837 354 865 necessitas
364 844 433 873 quae
449 844 511 865 non
526 836 743 873 quterebantur
753 835 827 863 ferre
835 835 866 863 in

55 881 180 910 medium.
198 893 213 907 »

84 927 146 954 Item
158 926 285 955 Basilius
306 926 337 955 in
352 925 483 963 Epistola
503 934 598 963 quam
613 925 867 962 scripsitEpipha-

55 971 104 1005 nio,
115 971 152 999 ita
162 971 256 1000 dixit:
272 982 287 996 u
301 971 377 999 Nihil
392 978 558 1008 possumus
580 971 692 999 addere
713 970 784 998 ﬁdei
799 978 864 1007 nos,

56 1023 135 1052 neque
151 1019 258 1053 praeter
271 1024 342 1044 eam
355 1024 424 1052 quae
436 1016 466 1044 in
482 1015 625 1051 Spiritum
641 1016 788 1051 sanctum,
805 1015 866 1050 glo-

56 1059 242 1094 riﬁcationem,
263 1068 359 1097 quam
392 1060 422 1088 in
448 1061 624 1088 transcursu
648 1060 748 1087 Patres
773 1059 867 1088 nostri

57 1104 129 1139 hujus
140 1105 319 1133 memoriam
342 1105 477 1133 fecerunt
499 1104 637 1133 nondum
652 1104 689 1132 de
713 1104 781 1140 ipso
795 1106 867 1132 tunc

58 1150 124 1178 mota
137 1150 317 1186 quaestione.
339 1161 350 1175 ι

86 1194 155 1221 Patet
165 1194 254 1229 igitur
282 1201 318 1222 ex
340 1194 513 1230 praemissis,
537 1193 620 1230 quod
633 1194 738 1221 contra
751 1192 866 1221 haereti-

59 1245 145 1266 corum
168 1239 423 1275 importunitates,
444 1247 512 1275 quae
527 1238 683 1266 veritatem
698 1240 865 1274 pervertere

58 1282 180 1316 nituntur,
190 1283 270 1311 facta
286 1283 341 1312 fuit
350 1283 415 1311 haec
426 1291 480 1319 pro
495 1283 552 1317 his,
563 1290 624 1311 non
636 1285 668 1310 ut
679 1282 782 1318 pietati
790 1290 865 1318 prae-

57 1326 184 1361 judicium
197 1327 366 1355 inferretur.
382 1329 415 1355 Et
430 1327 513 1363 quod
523 1335 559 1355 ea
568 1335 636 1363 quae
648 1327 678 1354 in
690 1329 865 1355 transcursu

58 1371 120 1399 dicta
129 1374 204 1405 sunt,
216 1372 373 1400 declarare
382 1372 448 1400 licet
461 1372 552 1400 etiam
569 1380 638 1399 cum
647 1371 862 1404 additionibus,

58 1423 99 1443 nec
113 1424 167 1444 non
182 1419 210 1444 et
223 1416 382 1444 veritatem
396 1417 518 1445 tacitam
534 1424 590 1452 pro
604 1418 739 1452 tempore
752 1417 782 1444 in
798 1423 862 1443 ma-

58 1460 177 1488 nifestum
186 1461 320 1497 prodire,
335 1461 474 1494 scribere,
489 1463 518 1489 et
533 1462 654 1489 cantare
667 1460 747 1489 licet.
766 1460 860 1494 Quod,
880 1470 902 1497 Β

58 1511 112 1532 cum
122 1512 227 1539 negare
237 1505 331 1534 Graeci
342 1513 403 1533 non
414 1508 552 1542 possunt,
566 1505 623 1533 nisi
638 1505 739 1533 forsan
751 1505 863 1540 scripta

59 1556 103 1576 sua
115 1551 140 1576 et
151 1550 251 1578 Patres
260 1558 334 1578 suos
347 1552 468 1578 sanctos
479 1549 571 1578 velint
582 1549 796 1581 condemnare,
811 1557 864 1577 ne-

61 1600 125 1621 cesse
138 1594 248 1622 habent
257 1594 415 1622 nobiscum
445 1596 473 1623 et
494 1595 552 1631 ipsi
574 1594 696 1623 fatendo
711 1595 794 1627 dare,
808 1596 864 1622 Ro-

61 1644 165 1666 manum
181 1639 355 1675 pontiﬁcem
371 1641 492 1675 propter
513 1638 698 1667 additionem
710 1639 821 1667 factam
836 1639 867 1666 in

63 1681 186 1717 Symbolo
202 1684 309 1720 (quam
323 1691 425 1712 veram
438 1691 502 1711 esse
516 1684 617 1712 nullus
632 1686 804 1712 sanctorum
815 1683 868 1711 du-

64 1725 159 1762 bitavit)
166 1735 224 1756 non
235 1735 302 1756 esse
311 1729 617 1761 excommunicatum,
628 1728 675 1756 vel
685 1728 868 1760 htereticum,

63 1770 105 1798 sed
117 1771 195 1807 pium
211 1771 380 1805 doctorem,
395 1774 423 1800 et
451 1772 633 1801 catholicum
655 1772 812 1800 ettidelem
824 1772 869 1800 di-

64 1819 251 1850 spensatorem
267 1819 291 1834 ‘9
322 1825 412 1854 quem
436 1818 582 1846 Dominus
612 1825 703 1854 super
725 1817 870 1845 familiam

64 1867 144 1895 suam,
158 1861 188 1889 id
202 1864 257 1896 est,
272 1861 472 1890 universalem
484 1862 647 1890 Ecclesiam
661 1862 823 1896 constituit,
840 1864 872 1890 ut

64 1903 102 1932 det
113 1905 164 1934 illis
178 1906 278 1935 cibum
293 1907 326 1934 in
341 1908 475 1943 tempore
487 1909 661 1943 opportuno
675 1907 710 1936 5°.

313 1969 420 2004 Opinio
435 1969 619 1998 Graecorum.

93 2029 187 2068 Dicunt
214 2031 304 2067 igitur
332 2031 424 2060 Graeci
439 2032 566 2060 iterum:
589 2031 748 2060 Multorum
769 2031 871 2060 docto-

65 2080 118 2101 rum
129 2077 294 2104 nostrorum
303 2076 459 2107 hactenus.
466 2084 597 2112 quorum
606 2077 718 2113 scripta
725 2076 807 2113 apud
815 2084 870 2104 nos

66 2124 145 2154 usque
153 2120 239 2148 hodie
250 2123 456 2157 perseverant,
471 2123 502 2148 ut
511 2121 707 2149 Theodoritus
727 2123 754 2149 et
763 2121 870 2155 caeteri,

67 2165 155 2191 vestrm
170 2165 303 2202 opinioni
315 2173 447 2193 erroneis
463 2166 613 2194 contraria
628 2165 821 2202 scripserunt.
887 2147 909 2174 Β

277 2228 436 2263 Responsio
449 2229 639 2256 Latinorum.

97 2288 198 2321 Quibus
216 2297 396 2326 responsum
406 2291 565 2319 reddentes
578 2290 708 2319 dicimus
723 2300 729 2319 :
745 2290 830 2324 Quod
846 2291 871 2319 si

69 2339 157 2361 omnes
168 2342 243 2370 quos
255 2334 392 2363 doctores
404 2336 573 2369 nominant,
586 2335 660 2363 tales
671 2337 749 2370 sunt,
765 2335 870 2372 quales
891 2336 895 2340 ”

68 2377 243 2407 Theodoritus
253 2380 343 2409 fuisse
353 2381 499 2417 probatur
508 2390 516 2416 ς
525 2388 576 2408 eos
586 2382 732 2417 tanquam
757 2383 871 2416 pestem

69 2420 367 2463 fugimus,ettanquam
378 2425 872 2462 htereticosrcprobamuanquin-

70 2467 94 2493 ιο
112 2470 144 2502 (6)
160 2477 288 2506 namque
301 2470 437 2504 concilio,
453 2478 523 2498 cum
545 2470 642 2498 dictus
674 2470 872 2498 Theodoritus

70 2511 125 2539 nisu
139 2515 290 2543 temerario
303 2523 395 2544 ausus
410 2517 472 2543 erat
487 2523 518 2542 se
534 2523 686 2552 opponere
703 2515 752 2551 (7).
770 2516 798 2542 Β.
817 2515 871 2551 Cy-

100 2613 119 2629 ‘9
130 2613 245 2650 Luc.xil,
260 2616 303 2645 42.
316 2616 340 2634 ⁵ο
354 2614 432 2645 Psal.
448 2622 544 2649 CLxxv,
567 2614 612 2643 t5.

147 2703 205 2745 tino
217 2703 352 2745 intertio,
366 2704 429 2745 hoc
440 2705 495 2732 est.
511 2703 546 2745 in_
557 2702 717 2745 Ephesing.
733 2702 825 2745 ξεῖν.

103 2736 135 2772 (7)
147 2739 206 2775 Non
219 2739 274 2768 tuit
285 2736 350 2769 haec
363 2739 568 2768 controversia
580 2736 659 2768 inter
684 2738 824 2775 Cyrillum
844 2739 872 2767 et

74 2769 341 2810 Thetideretum,sed
366 2778 468 2805 utrum
491 2775 623 2804 Christus
646 2769 718 2810 una',
738 2781 778 2803 an
801 2773 870 2804 dure

916 163 1059 199 Spiritum
1075 164 1213 190 sanctum
1242 169 1279 189 ex
1294 159 1364 188 Filio
1380 167 1446 187 esse
1460 159 1586 187 fateatur
1600 166 1606 190 ;
1621 166 1739 187 excom-

915 207 1128 237 municationis
1142 206 1320 235 sententiam
1343 205 1375 233 in
1401 204 1490 241 pleno
1514 202 1639 231 concilio
1654 202 1739 230 susti—

915 253 1017 282 nuisse
1032 252 1158 280 meruit:
1184 251 1280 279 donec
1293 258 1329 278 ea
1352 256 1420 286 quae
1435 249 1540 276 contra
1561 246 1739 283 praedictum

916 299 1032 326 Patrem
1043 297 1160 325 dixerat
1170 296 1198 323 et
1206 295 1374 331 scripserat,
1392 292 1510 330 publice
1522 292 1703 319 retractaret.

951 341 1164 370 Auctoritatem
1175 347 1246 375 ergo
1255 339 1346 374 hujus
1356 338 1394 375 (8)
1410 335 1578 366 Theodoriti
1593 337 1740 371 tanquam

915 386 1126 423 blasphemam
1134 387 1320 421 respuentes,
1331 383 1371 411 ad
1379 382 1461 410 illam
1472 379 1660 412 Damasceni,
1672 386 1739 415 quae

916 432 958 460 sic
973 431 1077 468 incipit
1089 439 1094 458 :
1105 442 1118 456 ι(
1131 430 1231 458 Primo
1244 430 1289 457 est
1298 427 1474 460 intellectus,
1488 425 1596 453 deinde
1611 423 1740 452 verbum

917 476 1056 510 exterius,
1085 475 1208 512 spiritus
1233 475 1334 503 autem
1362 473 1406 500 est
1431 470 1513 499 verbi
1525 468 1707 503 vehiculum,
1724 478 1738 494 ››

917 521 1109 550 accedamus.

1035 611 1106 638 Item
1124 608 1232 637 solutio
1246 607 1285 636 ad
1300 606 1422 636 verbum
1433 603 1623 633 Damasceni.

954 699 1114 728 Sciendum
1128 700 1172 726 est
1187 695 1390 732 Greecis,quod
1404 696 1449 722 est
1462 693 1588 722 verbum
1603 691 1740 724 exterius,

919 747 948 774 et
961 744 1086 772 verbum
1099 742 1232 771 interius.
1244 741 1374 769 Verbum
1389 738 1520 771 interius,
1547 738 1622 765 sicut
1648 735 1743 764 sancti

919 789 1057 817 doctores
1071 787 1184 820 dicunt,
1200 788 1246 814 est
1261 784 1435 818 intellectus,
1452 782 1496 810 vel
1512 781 1661 818 cogitatio.
1676 781 1743 807 Ver-

918 833 992 861 bum
1007 832 1147 865 exterius,
1161 838 1260 859 sermo
1271 832 1325 858 est.
1343 828 1480 858 Similiter
1495 829 1539 855 est
1554 826 1674 862 spiritus
1689 824 1742 852 du-

919 877 1142 913 plexzinterior
1165 875 1300 911 spiritus,
1322 876 1351 901 et
1378 872 1514 901 exterior.
1538 870 1660 898 Interior
1684 869 1743 905 spi-

919 921 994 950 ritus
1011 929 1096 949 amor
1108 922 1170 954 est;
1186 919 1313 948 exterior
1335 925 1414 949 vero.
1444 924 1503 944 aer.
1527 915 1592 943 Jam
1609 921 1680 949 ergo
1691 913 1743 941 do-

920 968 1025 999 ctores,
1041 966 1117 994 sicut
1129 967 1250 993 sanctus
1260 962 1442 998 Augustinus
1457 962 1485 990 et
1503 960 1563 995 alii,
1580 957 1743 994 exempliﬁ-

921 1013 1023 1040 cantes
1032 1011 1069 1039 de
1077 1010 1172 1039 Verbo
1181 1010 1336 1038 incarnato
1345 1009 1374 1036 et
1383 1006 1495 1043 Spiritu
1505 1005 1648 1037 increato,
1660 1010 1742 1031 com-

920 1055 1176 1093 parantspiritum
1191 1054 1361 1082 interiorem
1382 1051 1422 1080 ad
1449 1051 1575 1079 verbum
1603 1047 1742 1080 exterius,

920 1101 958 1129 de
976 1101 1086 1137 quibus
1109 1100 1180 1128 dicit
1205 1100 1327 1127 sanctus
1351 1095 1552 1132 Augustinus:
1569 1105 1584 1119 «
1598 1093 1686 1121 Prius
1700 1093 1745 1120 est

920 1154 1006 1175 mens
1017 1155 1024 1174 :
1036 1146 1149 1175 dictum
1160 1147 1206 1174 est
1215 1144 1353 1179 verbum,
1369 1142 1433 1170 sive
1443 1140 1595 1176 cogitatio,
1605 1138 1678 1176 quia
1693 1145 1744 1166 co-

921 1191 1024 1227 gitatio
1038 1191 1068 1219 in
1081 1192 1179 1219 mente
1194 1191 1350 1225 concepta,
1364 1186 1494 1215 verbum
1512 1184 1632 1213 dicitur.
1644 1192 1658 1209 ›
1671 1183 1744 1210 Con-

921 1239 1081 1273 sequenter
1096 1235 1242 1272 sequitur,
1253 1233 1337 1270 quod
1347 1241 1384 1261 ex
1397 1234 1524 1267 utroque
1537 1229 1665 1266 spiretur
1675 1227 1744 1256 affe-

919 1283 984 1309 ctus
997 1281 1060 1308 sive
1081 1288 1176 1308 amor.
1197 1280 1276 1307 Mens
1307 1284 1439 1313 namque
1452 1275 1528 1304 Patri
1554 1272 1744 1305 attribuitur;

919 1326 1044 1354 verbum
1060 1325 1132 1353 Filio
1147 1334 1153 1359 ;
1176 1331 1262 1352 amor
1274 1322 1394 1359 Spiritui
1414 1322 1528 1348 sancto.
1544 1320 1585 1346 Ex
1603 1318 1661 1346 hoc
1675 1323 1746 1351 ergo

920 1370 1048 1398 dicimus
1055 1369 1196 1406 Spiritum
1205 1368 1244 1396 ab
1254 1370 1381 1402 utroque
1391 1364 1565 1402 procedere,
1575 1362 1651 1390 sicut
1662 1368 1747 1389 amo-

917 1423 982 1443 rem
995 1422 1031 1442 ex
1047 1416 1145 1442 mente
1159 1416 1189 1441 et
1213 1412 1305 1440 verbo
1319 1410 1461 1445 interiori,
1478 1409 1539 1437 sive
1553 1406 1745 1442 cogitatione.

952 1459 1119 1486 Auctoritas
1138 1456 1315 1486 Damasceni
1329 1455 1412 1483 aliter
1427 1455 1483 1481 ista
1498 1452 1615 1487 accipit,
1630 1452 1659 1479 et
1678 1450 1747 1478 ideo

916 1501 949 1532 in
964 1511 1095 1532 errorem
1105 1502 1213 1530 multos
1240 1500 1367 1528 induxit.
1397 1498 1493 1526 Aliam
1516 1504 1587 1524 vero
1616 1494 1746 1523 auctori-

917 1551 1010 1579 tatem
1027 1546 1213 1578 Damasceni,
1229 1553 1298 1582 qum
1309 1544 1396 1572 dicit:
1416 1555 1426 1568 ι
1454 1544 1512 1570 Nos
1528 1540 1668 1576 Spiritum
1680 1547 1747 1567 san-

919 1596 1001 1621 ctum
1017 1600 1053 1620 ex
1068 1591 1138 1620 Filio
1163 1598 1229 1619 esse
1257 1597 1319 1617 non
1344 1587 1482 1622 dicimus,
1502 1597 1513 1611 ι
1545 1585 1571 1613 si
1599 1587 1746 1619 tanquam

921 1637 1125 1666 authenticam
1135 1643 1189 1672 per
1197 1634 1322 1663 concilia
1332 1633 1463 1668 recipere
1473 1630 1619 1658 vellemus
1628 1630 1748 1664 (quam-

921 1683 967 1711 vis
995 1689 1057 1710 non
1084 1681 1130 1717 sit)
1159 1680 1235 1708 sicut
1264 1680 1448 1710 sanctorum,
1478 1675 1515 1703 de
1550 1673 1663 1710 quibus
1701 1680 1748 1701 su-

923 1735 979 1764 pra
1003 1726 1182 1755 memoriam
1194 1724 1330 1758 fecimus,
1353 1722 1396 1750 sic
1423 1727 1631 1757 exponemus:
1649 1729 1663 1743 (ι
1687 1718 1747 1745 Nos

924 1761 1062 1805 dicimus,
1076 1782 1091 1796 »
1107 1770 1138 1798 id
1148 1771 1201 1802 est,
1213 1779 1229 1795 ‹
1239 1770 1302 1797 Non
1314 1768 1482 1795 cantamus.
1497 1775 1508 1789 ι
1524 1761 1611 1796 Quod
1623 1761 1747 1798 quidem

923 1823 1029 1844 verum
1058 1817 1112 1844 est.
1142 1814 1218 1842 Illud
1242 1812 1338 1841 enim:
1354 1811 1495 1845 Filioque
1517 1807 1748 1843 proceditzom-

923 1861 996 1889 nino
1012 1860 1042 1888 in
1058 1859 1194 1888 Ecclesiis
1210 1857 1375 1886 subticetur
1387 1854 1426 1883 ab
1453 1854 1508 1882 eis.
1534 1852 1562 1881 Si
1580 1853 1680 1879 autem
1695 1849 1749 1878 ﬁat

926 1905 969 1933 vis
983 1906 1014 1932 in
1034 1903 1254 1941 praepositione,
1275 1909 1321 1935 ex,
1334 1899 1503 1928 secundum
1516 1896 1598 1933 quod
1607 1896 1750 1932 importat

924 1949 1088 1986 aliquando
1102 1947 1302 1976 universalem
1315 1943 1522 1973 auctoritatem
1535 1940 1683 1978 principii,
1697 1940 1749 1966 aut

924 1982 1121 2031 principalem
1135 1999 1272 2024 causam,
1295 1990 1391 2026 potest
1405 1986 1554 2015 sustineri.
1575 1986 1650 2013 Nam
1665 1982 1748 2019 quod

925 2039 1052 2076 Spiritus
1060 2037 1202 2074 procedat
1209 2044 1226 2064 a
1232 2035 1313 2069 Filio,
1329 2034 1388 2062 hoc
1398 2032 1489 2061 habet
1496 2039 1514 2058 a
1524 2031 1610 2076 Patre
1621 2036 1628 2061 ;
1641 2033 1748 2056 secun-

925 2075 997 2112 dum
1009 2084 1092 2120 quod
1103 2082 1134 2110 in
1149 2079 1387 2118 praecedentibus
1402 2075 1551 2105 testiﬁcati
1565 2080 1680 2120 sum-us.

962 2128 1005 2157 Ad
1019 2117 1115 2156 aliam
1139 2117 1241 2154 autem
1261 2123 1467 2152 auctoritatem
1490 2117 1658 2156 Epiphanii,
1680 2124 1749 2153 quae

926 2173 1034 2202 fatetur
1048 2171 1189 2208 Spiritum
1202 2169 1337 2197 medium
1352 2168 1428 2195 inter
1452 2167 1570 2194 Patrem
1584 2165 1612 2192 et
1632 2162 1747 2198 Filium,

926 2218 1055 2247 dicimus
1070 2217 1101 2245 id
1121 2213 1358 2250 intelligendum,
1383 2211 1466 2248 quod
1485 2209 1610 2246 Spiritus
1622 2209 1666 2236 est
1680 2214 1750 2235 con-

925 2263 1013 2291 nexio
1028 2264 1057 2290 et
1070 2269 1157 2289 amor
1167 2261 1332 2295 utriusque.
1349 2258 1424 2286 Nam
1434 2255 1498 2292 ipse
1512 2252 1708 2290 Epiphanius,
1721 2253 1751 2280 et

925 2315 1031 2337 omnes
1041 2306 1091 2334 alii
1101 2313 1172 2333 cum
1185 2312 1231 2339 eo,
1242 2303 1382 2339 Spiritum
1391 2303 1531 2329 sanctum
1540 2306 1576 2327 ex
1586 2296 1748 2329 ambobus,

926 2354 1001 2381 sicut
1020 2359 1112 2387 supra
1125 2351 1262 2378 notatum
1276 2350 1329 2382 est,
1345 2349 1374 2375 et
1384 2345 1488 2374 ordine
1498 2343 1650 2372 mediante
1660 2341 1752 2369 conti-

926 2399 1034 2426 tentur.
1048 2386 1130 2424 Unde
1145 2402 1213 2423 cum
1229 2393 1354 2421 dixisset
1368 2389 1553 2428 Epiphanius
1576 2388 1607 2416 in
1625 2386 1751 2415 auctori-

926 2445 985 2471 tate
1000 2440 1204 2478 prmallegata,
1222 2449 1236 2463 «
1252 2445 1312 2466 non
1336 2435 1502 2464 secundum
1518 2433 1651 2469 aliquam
1671 2438 1753 2459 com-

926 2476 1116 2523 positionem.
1129 2481 1390 2520 quemadmodum
1398 2480 1428 2508 in
1439 2478 1526 2507 nobis
1536 2477 1638 2505 anima
1648 2476 1676 2502 et
1686 2481 1751 2502 cor-

927 2518 1058 2568 pus,sed
1072 2529 1104 2558 in
1127 2518 1228 2557 medio
1247 2527 1343 2555 Patris
1366 2527 1395 2554 et
1421 2523 1491 2557 Filii,
1507 2533 1521 2547 ια
1550 2520 1650 2549 statim
1680 2518 1751 2546 sub-

926 2707 1057 2738 persona
1068 2699 1211 2738 esset._lp.

960 2725 1372 2773 (mvﬁesipuitvfheodoretus,
1397 2731 1426 2760 et
1448 2736 1468 2759 ει
1481 2726 1608 2758 concilio
1631 2725 1751 2755 Chalce-

926 2767 1053 2802 ἀόυέηεί
1062 2767 1199 2807 receptus
1209 2770 1262 2797 est.
1279 2767 1326 2796 ID.
