1948 3079
195 111 247 139 507

807 109 1047 139 PANTALEONTS
1065 109 1211 139 DIACONI
1229 110 1282 138 ΟΡ.

1846 106 1908 133 508

191 171 299 207 jnnxit,
316 171 400 208 quod
416 172 535 200 Graecus
559 171 779 201 occultaverat:
796 184 806 197 ε
825 173 966 210 Spiritum
982 181 1019 201 ex
1034 174 1056 201 Α
1074 173 1199 210 Spiritus
1211 172 1281 204 Filii,
1298 180 1354 208 pro
1369 179 1404 200 eo
1418 171 1502 208 quod
1512 170 1645 199 mittatur
1659 168 1699 197 ad
1709 167 1910 197 sanctiﬁcan-

194 216 280 245 Patre
295 218 323 245 et
333 216 414 244 Filia.
429 228 442 242 n

231 261 288 290 Sed
303 263 332 289 et
357 261 480 289 Basilius
505 260 536 289 in
566 269 705 289 sermone
730 261 782 298 qui
811 262 931 299 incipit:
949 262 1018 290 Non

196 308 271 334 erat.
285 308 318 333 ut
331 305 460 338 videtur,
484 307 551 340 etc.,
571 305 714 334 vicesimo
729 306 856 342 septimo
877 306 1017 344 capitulo,

196 350 282 385 cujus
300 352 345 378 est
357 349 491 377 initium:
507 349 565 378 Sed
573 350 654 385 forte
666 350 742 378 dicet
757 352 834 387 quis,
846 353 912 385 etc.,
926 352 966 379 sic
979 353 1018 379 te-

196 396 308 422 statur:
329 404 340 419 ι
357 395 440 422 Pater
453 394 575 430 quidem
602 395 666 422 sine
681 395 838 432 principio,
864 398 893 424 et
907 395 1020 431 ingeni-

196 439 254 474 tus,
269 440 298 465 et
311 446 431 474 semper
452 438 635 474 intelligitur.
659 440 700 466 Ex
720 439 786 476 ipso
801 442 901 468 autem
916 448 1020 468 secun—

195 482 490 519 dumpropinquum,
507 483 571 510 sine
587 483 931 519 interstitio,unigenitus
945 483 1021 512 Patri

196 527 367 554 communis
377 529 430 554 est.
439 527 601 563 Peripsum
609 529 709 555 autem
722 528 912 563 Unigenitum
930 529 1020 556 etiam

196 578 266 598 cum
281 570 347 606 ipso
366 573 529 607 antequam
547 571 605 599 alia
625 571 662 606 (9)
686 572 797 607 majus,
813 574 842 599 et
856 572 1020 600 subsistens

196 622 250 651 per
261 614 394 642 medium
405 615 553 643 intercidit
565 615 723 648 intellecto,
739 616 836 644 statim
847 619 876 644 et
894 616 1020 653 Spiritus

198 661 320 686 sanctus
328 658 518 694 copulatione
524 660 798 695 comprehenditur.
811 671 822 686 ›
834 661 944 688 Dicitur
950 669 1020 697 ergo

197 702 327 734 medius,
350 705 440 739 prout
455 703 598 735 diximus,
614 704 686 740 quia
701 712 787 733 amor
797 707 841 733 est
852 705 1019 742 utriusque.

198 747 358 775 Ordinatur
365 755 436 775 vero
446 750 513 784 post
523 748 637 784 Filium,
648 749 721 785 quia
731 757 767 777 ex
789 749 941 778 ambobus
952 758 1020 786 pro-

199 792 286 819 cedit.

235 835 316 864 Unde
331 835 361 864 in
380 837 532 864 Anc-orato
557 837 717 874 Epiphanii

197 880 359 916 ingenitus,
384 881 544 917 increatus,
573 882 901 919 incomprehensibilis:
920 884 1019 918 Filius,

198 925 326 960 genitus,
340 927 369 953 et
382 933 500 961 semper
514 926 674 961 increatus,
691 931 718 955 et
734 928 1022 964 incomprehensibi-

198 969 388 1006 lis:Spiritus
416 973 548 1005 sanctus,
580 979 699 1008 semper
721 980 783 1000 non
806 973 934 1007 genitus,
959 981 1021 1001 non

199 1016 326 1046 creatus,
341 1022 402 1042 non
417 1015 574 1051 confrater,
600 1024 660 1043 non
676 1024 713 1044 ex
736 1018 820 1045 Patre
843 1017 944 1052 frater,
960 1025 1022 1045 non

198 1058 297 1094 proles
303 1058 394 1086 Patris
400 1080 406 1090 ,
412 1066 472 1086 non
481 1059 581 1095 proles
588 1060 665 1093 Filii;
676 1060 728 1088 sed
734 1068 771 1088 ex
778 1061 884 1089 eadem
895 1061 1023 1089 essentia

200 1102 292 1130 Patris
316 1105 345 1130 et
363 1103 425 1130 Filii
447 1103 571 1140 Spiritus
596 1106 728 1140 sanctus,
746 1105 871 1141 Spiritus
885 1105 1023 1133 omnium

199 1146 277 1173 Deus
291 1148 344 1179 est,
364 1157 374 1170 ι

235 1189 279 1217 Ad
292 1189 376 1224 illud,
386 1191 469 1226 quod
480 1191 687 1227 quaerebatur:
702 1204 717 1218 α
728 1193 800 1225 Quis
810 1193 898 1221 vobis
913 1194 1024 1222 revela-

199 1234 240 1262 vit
250 1234 308 1262 hoc
317 1234 331 1262 ?
343 1234 424 1262 Unde
436 1235 581 1263 habuistis
591 1235 605 1263 ?
618 1237 723 1270 Quare,
741 1239 769 1265 et
783 1237 871 1265 nobis
894 1246 954 1266 non
969 1238 1024 1266 fuit

199 1278 386 1307 revelatum?
399 1280 495 1311 Quare
516 1279 547 1307 in
569 1280 714 1315 Symbolo
740 1281 796 1309 tale
819 1282 893 1318 quid
908 1282 1024 1310 intrusi-

200 1322 262 1358 stis,
279 1333 293 1348 ))
310 1324 376 1357 etc.,
393 1323 464 1359 quia
472 1323 502 1351 in
518 1325 722 1360 superioribus
737 1328 893 1354 ostensum
907 1330 961 1360 est,
978 1327 1026 1355 vel

199 1374 380 1402 responsum
393 1369 437 1394 est
451 1370 480 1395 et
508 1367 650 1403 solutum,
677 1369 745 1397 ideo
768 1370 817 1398 hic
837 1370 893 1398 sub
909 1371 1024 1399 silentio

199 1410 434 1447 praetermissum
441 1433 448 1439 .

235 1455 279 1482 Ad
290 1456 481 1484 auctoritates
497 1456 586 1485 etiam
602 1457 765 1494 Evangelii,
779 1467 856 1495 quas
872 1467 963 1495 prave
977 1468 1024 1488 ex-

198 1501 325 1535 ponunt,
337 1499 488 1529 dicentes:
513 1512 527 1526 u
559 1501 670 1530 Dicitur
699 1503 824 1539 Spiritus
852 1503 923 1536 Filii,
953 1504 1026 1540 quia

199 1543 323 1571 mittitur
349 1543 388 1571 ab
413 1552 448 1572 eo
472 1545 512 1572 ad
539 1546 770 1575 sanctiﬁcandas
796 1549 965 1576 creaturas:
981 1548 1027 1575 vel

199 1587 272 1624 quia
281 1589 597 1618 estconsubstantialis
607 1590 642 1625 ei,
657 1602 671 1616 ››
695 1591 738 1619 sic
750 1592 988 1628 respondemus:

235 1632 402 1664 Quaerimus
413 1641 430 1660 a
444 1634 551 1661 Gracis
566 1637 639 1662 :Aut
651 1635 775 1670 Spiritus
787 1638 847 1663 erat
860 1635 899 1663 ab
915 1639 1025 1663 aeterno

201 1675 272 1709 Filii,
288 1678 340 1704 aut
352 1676 375 1704 si
386 1677 499 1707 dicunt.
514 1678 590 1713 Non,
620 1682 724 1707 contra
749 1680 907 1714 Gregorius
926 1680 1025 1707 Thau-

199 1723 356 1754 maturgus
370 1722 400 1748 in
416 1721 545 1750 editione
555 1723 625 1750 ﬁdei
637 1731 711 1756 suae,
723 1732 790 1760 quae
801 1724 831 1752 in
843 1732 900 1752 sua
913 1725 976 1752 Vita
988 1724 1026 1752 lc-

199 1764 288 1798 gitur,
309 1765 433 1800 Spiritus
454 1773 519 1794 esse
542 1767 601 1794 Filii
615 1767 653 1795 ab
669 1771 779 1795 aeterno
796 1768 878 1796 claro
889 1776 1026 1797 sermone

199 1807 380 1836 denuntians
406 1809 464 1836 ait:
480 1821 490 1834 ι
505 1812 605 1846 Neque
628 1811 768 1839 defecerit
784 1820 918 1848 unquam
940 1813 1026 1841 Filius

200 1851 289 1886 Patri,
302 1859 357 1879 nec
371 1853 495 1888 Spiritus
507 1855 587 1886 Filio,
619 1855 672 1882 sed
697 1856 928 1885 inconvertibilis
941 1860 969 1885 et
983 1857 1026 1885 in-

199 1895 360 1924 alterahilis
373 1897 479 1925 eadem
495 1899 622 1926 Trinitas
636 1908 765 1936 semper.
780 1911 794 1925 η

235 1942 306 1968 ltem
322 1942 479 1976 Gregorius
489 1943 657 1978 ’l‘heologus
673 1944 702 1971 in
711 1952 849 1972 sermone
864 1945 902 1973 de
909 1947 1024 1974 Penete—

199 1987 289 2020 coste,
302 1985 355 2021 qui
368 1986 409 2013 sic
424 1986 536 2022 incipit,
554 1988 595 2016 De
612 1988 669 2016 hac
685 1989 873 2018 solemnitate
898 1991 1027 2019 breviter

198 2030 455 2065 philosophentur,
474 2032 552 2059 circa
562 2033 696 2060 medium
709 2035 867 2068 sermonis,
881 2035 922 2062 sic
938 2037 1028 2063 testa-

198 2076 246 2102 tur
258 2075 296 2102 de
310 2075 417 2102 eodem
429 2076 539 2111 Spiritu
553 2085 560 2103 :
578 2088 591 2101 κ
603 2078 669 2105 Erat
688 2086 807 2114 semper
819 2079 943 2115 Spiritus
955 2088 1026 2107 san—

200 2120 276 2151 ctus,
292 2121 320 2145 et
330 2121 385 2151 est,
399 2121 425 2146 et
440 2119 503 2152 erit,
529 2127 626 2156 neque
640 2121 751 2157 incepit
769 2130 868 2158 neque
890 2123 1024 2151 deﬁciet:

200 2162 252 2189 sed
266 2170 384 2198 semper
397 2163 471 2190 Patri
487 2166 513 2190 et
532 2164 600 2192 Filio
616 2166 808 2194 coordinatur
821 2170 849 2194 et
864 2175 1027 2195 connume-

200 2209 293 2234 ratur.
319 2207 419 2242 Neque
445 2207 572 2236 decebat
599 2209 727 2238 deﬁcere
762 2211 865 2239 Filium
885 2212 959 2240 Patri
974 2220 1026 2240 ιω-
1043 2197 1066 2224 Β

201 2257 305 2286 quam,
322 2254 351 2278 et
365 2251 503 2287 Spiritum
523 2253 605 2282 Filio.
628 2265 642 2279 ι»

227 2296 299 2322 Item
309 2295 500 2331 Epiphanius,
510 2298 671 2334 episcopus
680 2299 779 2335 Cypri,
790 2299 826 2326 de
836 2300 967 2335 perfecta
974 2301 1030 2328 hu-

200 2339 373 2367 manatione
399 2341 448 2368 Dei
467 2342 575 2370 Verbi:
605 2344 656 2371 «Et
682 2344 837 2378 quoniam'
853 2345 990 2373 animam
1002 2348 1030 2373 et

202 2383 384 2414 intellectum
400 2386 532 2422 suscipit,
550 2390 577 2414 et
598 2395 776 2423 quanquam
792 2391 836 2416 est
850 2389 953 2417 homo.
971 2401 984 2415 ››
997 2391 1030 2418 Et

201 2428 239 2456 de
251 2428 388 2457 Trinitate
401 2433 470 2466 post
485 2439 578 2459 unum
596 2431 699 2470 folium
718 2441 724 2459 :
741 2443 753 2457 ι(
767 2433 854 2460 Pater
867 2436 930 2461 erat
952 2442 1029 2462 sem-

202 2480 265 2509 per,
281 2476 309 2501 et
333 2474 422 2502 Filius
446 2483 480 2502 ex
511 2477 593 2503 Patre
615 2479 678 2504 erat
700 2485 829 2512 semper,
857 2481 884 2505 et
906 2478 1031 2514 Spiritus

204 2521 328 2546 sanctus
342 2526 378 2546 ex
392 2519 478 2546 Patre
487 2522 516 2547 et
538 2520 608 2547 Filio
635 2523 699 2548 erat
724 2529 853 2557 semper.
882 2523 915 2549 Et
932 2530 1030 2558 neque

204 2561 294 2590 Filius
304 2566 432 2593 creatus,
443 2572 541 2600 neque
552 2565 686 2599 Spiritus,
696 2568 842 2600 creatura,
851 2569 918 2599 etc.,
931 2567 982 2594 sed
992 2567 1031 2595 ab

205 2609 327 2640 aeterno,
345 2610 376 2635 ut
387 2608 481 2635 sancti
496 2611 651 2642 testantur,
664 2609 718 2636 fuit
736 2609 861 2645 Spiritus
877 2610 948 2643 Filii,
974 2614 1002 2639 et
1014 2620 1032 2639 a

207 2650 287 2689 Filio.
305 2662 315 2676 ι
339 2652 497 2684 Quomodo
512 2660 583 2688 ergo
595 2652 665 2681 dicit
689 2654 819 2689 Grteeus,
833 2655 917 2690 quod
926 2655 1033 2684 dicitur

301 2749 395 2777 Locus
408 2749 495 2801 valde
508 2752 676 2796 corruptus.

1073 217 1128 245 das
1143 219 1304 250 creaturas,
1316 225 1385 245 cum
1399 216 1438 244 ab
1448 218 1561 244 aeterno
1571 222 1633 243 non
1641 216 1720 242 esset
1730 212 1783 249 qui
1793 211 1910 239 sancti-

1072 262 1221 294 ﬁcaretur,
1231 269 1266 289 eo
1277 261 1361 298 quod
1369 263 1512 289 creaturae
1520 259 1668 295 incipiunt
1677 257 1735 286 sub
1745 256 1907 292 tempore?

1074 308 1150 343 Ergo
1168 314 1230 334 non
1246 306 1353 334 dicitur
1378 305 1448 339 Filii,
1473 305 1544 342 quia
1565 303 1689 332 mittitur
1710 302 1750 330 ad
1766 300 1908 329 sanctiﬁ-

1073 352 1184 380 candas
1200 353 1360 384 creaturas,
1386 350 1436 378 sed
1448 350 1518 386 quia
1533 347 1710 376 teternaliter
1722 347 1849 374 exsistat
1862 344 1908 373 ab

1073 404 1118 424 eo.
1141 396 1169 424 Si
1186 398 1285 423 autem
1300 395 1413 424 exsistit
1426 395 1466 423 ab
1480 402 1516 422 eo
1533 392 1720 426 aeternaliter,
1748 393 1802 418 aut
1811 397 1910 425 gene-

1073 439 1198 471 ratione,
1211 442 1261 467 aut
1274 439 1474 475 processione,
1495 440 1527 466 ut
1546 444 1648 473 supra.

1111 484 1168 513 Sed
1180 484 1250 512 dicit
1264 485 1383 511 Graecus
1408 484 1515 511 iterum
1530 491 1536 510 :
1549 481 1675 518 Spiritus
1700 481 1825 508 sanctus
1840 477 1912 506 Filii

1074 536 1141 557 esse
1156 528 1272 561 dicitur,
1287 528 1359 564 quia
1378 527 1493 556 ratione
1521 527 1633 554 divinae
1648 524 1785 553 essentne
1809 523 1839 551 ei
1859 524 1913 550 est

1075 573 1351 601 consubstantialis.

1112 617 1247 644 Latinus:
1264 617 1348 645 Absit
1359 616 1398 645 ab
1424 615 1548 644 auribus
1573 613 1709 642 ﬁdelium
1722 613 1782 640 hoc
1794 611 1914 639 delira-

1075 664 1221 689 mentum.
1238 662 1313 694 Quia
1328 661 1352 688 si
1366 661 1423 688 ista
1433 661 1548 688 ratione
1560 659 1668 687 dicitur
1692 665 1758 685 esse
1774 655 1913 692 Spiritus

1075 705 1147 737 Filii,
1160 705 1270 734 scilicet
1291 705 1363 742 quia
1375 708 1421 733 est
1435 705 1461 733 ei
1489 702 1776 732 consubstantialis:
1792 699 1912 728 eadem

1074 750 1187 778 ratione
1199 750 1286 778 Filius
1299 750 1371 786 ipse,
1384 752 1413 777 et
1428 749 1515 777 Pater
1529 749 1620 776 etiam
1649 747 1821 775 dicerentur
1837 743 1913 780 Spi-

1074 795 1148 822 ritus
1178 795 1282 828 sancti,
1307 795 1388 822 vela
1417 795 1526 830 Spiritu
1553 794 1667 827 sancto,
1680 791 1753 828 quia
1767 789 1914 818 similiter

739 848 745 866 :
768 854 782 863 -κ
798 839 884 867 Pater
903 847 1021 876 semper
1036 850 1056 877 Β
1074 842 1145 867 sunt
1158 839 1184 867 ei
1197 839 1478 867 consubstantiales.

1111 883 1227 918 Videtis,
1259 884 1360 919 Graeci,
1382 891 1529 920 quorsum
1545 881 1672 910 tendunt
1687 880 1733 908 hic
1761 886 1914 914 congruae

1074 929 1276 965 expositiones
1299 929 1431 957 vestrae?
1458 930 1532 956 Nam
1559 927 1658 964 prima.
1683 923 1912 954 Macedoniam.

1076 973 1168 1001 altera
1184 973 1344 1001 Sabellium
1374 973 1568 1009 blasphemos
1597 971 1760 999 imitantur.
1786 968 1915 996 Primus

1075 1018 1156 1046 enim
1168 1018 1308 1054 Spiritum
1322 1020 1460 1046 sanctum
1475 1018 1551 1045 inter
1580 1018 1732 1044 creaturas
1762 1013 1893 1041 ordinat
1906 1021 1913 1044 ;

1078 1063 1229 1090 secundus
1260 1063 1290 1091 in
1314 1063 1453 1091 Trinitate
1481 1062 1619 1090 ordinem
1648 1058 1816 1088 confundit.
1851 1056 1916 1084 Ubi

1077 1115 1148 1143 ergo
1164 1115 1244 1136 nunc
1268 1110 1312 1136 est
1324 1110 1423 1136 vestra
1447 1107 1593 1143 gloriatio,
1611 1105 1683 1142 quia
1711 1102 1922 1139 impudenter_

1076 1160 1131 1179 vos
1147 1152 1184 1179 de
1197 1152 1417 1188 pulchritudine
1447 1151 1576 1179 scientiae
1596 1149 1726 1185 jactatis,
1748 1147 1891 1176 dicentes
1906 1154 1914 1172 :

1079 1207 1093 1223 ‹
1108 1197 1135 1225 Si
1154 1200 1253 1224 autem
1267 1197 1424 1224 occasione
1441 1195 1645 1232 quorumdam
1661 1193 1835 1223 verborum,
1850 1202 1865 1215 ιι
1883 1194 1916 1218 et

1079 1244 1194 1269 caetera.
1209 1243 1259 1269 Ast
1269 1249 1373 1269 rursus
1390 1241 1428 1268 ad
1439 1249 1495 1269 nos
1508 1240 1667 1268 redeuntes
1678 1238 1781 1266 audire
1796 1236 1914 1272 poteri-

1078 1286 1115 1314 tis
1128 1286 1292 1314 veritatem.
1309 1287 1394 1314 Estne
1418 1286 1477 1313 ista
1502 1285 1611 1313 veritas
1638 1284 1742 1321 primae
1760 1281 1912 1310 veritatis.

1079 1333 1112 1358 ut
1133 1330 1241 1358 relictis
1258 1333 1429 1358 sanctorum
1455 1330 1577 1358 Patrum
1608 1327 1771 1362 sententiis,
1797 1333 1915 1362 sequa-

1079 1383 1147 1402 mur
1168 1375 1374 1403 Macedonium
1401 1377 1430 1402 et
1462 1374 1623 1402 Sabellium
1656 1372 1812 1400 haereticos
1839 1370 1914 1404 jam

1079 1419 1317 1446 condemnatos?
1342 1419 1417 1451 Quid
1428 1427 1499 1454 ergo
1531 1418 1596 1446 est?
1623 1417 1734 1445 Dicitur
1758 1415 1824 1442 Filii
1845 1414 1915 1450 Spi-

1079 1463 1163 1493 ritus.
1179 1463 1347 1491 secundum
1376 1471 1482 1491 omnes
1503 1471 1575 1491 sane
1604 1461 1813 1497 intelligentes,
1832 1459 1913 1495 quia

1045 1524 1064 1551 ρ
1078 1507 1214 1544 procedit
1229 1508 1267 1535 ab
1282 1516 1317 1536 eo
1330 1517 1336 1534 :
1353 1507 1435 1544 quod
1445 1508 1547 1544 utique
1563 1507 1604 1534 ita
1616 1507 1790 1551 verumqest,
1807 1506 1839 1531 ut
1855 1503 1913 1551 qui

1080 1552 1262 1580 contrarium
1278 1552 1365 1580 sentit
1376 1551 1421 1580 vel
1440 1551 1593 1588 praedicat,
1622 1549 1790 1578 secundum
1823 1547 1914 1584 quod

1080 1597 1193 1632 patebit
1207 1597 1340 1630 inferius,
1358 1600 1402 1624 est
1413 1597 1442 1624 in
1454 1597 1503 1624 via
1521 1595 1706 1633 perditionis.

1115 1641 1189 1674 Quia
1203 1641 1292 1677 igitur
1308 1641 1402 1669 multo
1418 1641 1577 1669 conamine
1595 1640 1653 1668 nisi
1666 1641 1737 1666 sunt
1747 1638 1841 1666 Graeci
1854 1639 1914 1665 Ro-

1079 1693 1204 1713 manum
1216 1685 1398 1722 pontiﬁcem,
1415 1689 1441 1713 et
1455 1688 1549 1712 totam
1570 1683 1791 1712 Occidentalem
1808 1682 1912 1710 Eccle-

1080 1729 1154 1757 siam
1168 1731 1325 1758 ostendere
1348 1731 1379 1757 in
1406 1737 1553 1757 canonem
1577 1729 1644 1756 latis
1670 1727 1913 1755 sententiainci-

1079 1774 1168 1808 disse,
1185 1777 1213 1802 et
1234 1775 1317 1810 quod
1338 1775 1426 1810 juste,
1456 1777 1484 1801 et
1515 1774 1578 1801 sine
1605 1770 1690 1809 c'ulpa
1717 1772 1822 1807 aliqua
1849 1772 1912 1799 sint

1080 1819 1207 1854 separati
1225 1827 1242 1846 a
1269 1819 1365 1852 nobis,
1394 1822 1422 1847 et
1452 1818 1574 1845 minime
1598 1818 1780 1853 potuerunt:
1814 1819 1912 1844 restat

1079 1870 1160 1890 nunc
1184 1863 1349 1896 ostendere,
1375 1863 1503 1899 qualiter
1531 1862 1628 1897 ipsiin
1638 1861 1794 1897 laqueum,
1814 1868 1910 1896 quem

1079 1907 1136 1943 ipsi
1163 1911 1346 1943 paraverunt
1361 1908 1459 1939 nobis,
1487 1907 1665 1938 inciderunt,
1690 1908 1719 1933 et
1747 1908 1850 1932 utrum
1865 1905 1911 1933 di-

1080 1951 1165 1979 cendi
1179 1951 1237 1979 sint
1259 1952 1398 1983 lucretio],
1429 1952 1475 1979 vel
1497 1954 1614 1979 tantum
1639 1950 1911 1979 excommunicati.

1079 1997 1214 2032 velquod
1222 1997 1317 2029 magis
1326 1996 1610 2033 dolendummtrum
1627 1998 1791 2031 utrumque
1806 1995 1911 2022 simul.

1081 2041 1214 2069 Ostendit
1232 2041 1345 2069 Grzecos
1359 2041 1501 2069 incidisse
1514 2042 1545 2068 in
1559 2047 1702 2068 canonem
1724 2039 1760 2067 ob
1774 2047 1912 2068 errorem

1329 2086 1365 2113 de
1378 2086 1496 2120 Spiritu
1510 2089 1624 2113 sancto.

1117 2129 1201 2162 Quod
1218 2129 1247 2157 in
1262 2138 1410 2157 canonem
1427 2130 1494 2157 latae
1505 2130 1659 2157 sententiae
1676 2128 1849 2157 inciderunt
1867 2130 1912 2157 sic

1080 2174 1225 2210 probatur
1240 2183 1246 2201 :
1260 2175 1452 2209 Constatjam
1463 2175 1616 2209 omnibus,
1630 2173 1712 2210 quod
1731 2173 1789 2209 ipsi
1805 2174 1913 2201 dicunt

1082 2219 1222 2254 Spiritum
1240 2222 1375 2246 sanctum
1388 2227 1447 2246 non
1461 2219 1622 2255 procedere
1638 2227 1655 2246 a
1671 2218 1752 2250 Filio,
1769 2226 1827 2246 nec
1843 2227 1910 2246 esse

1081 2262 1205 2290 omnino
1219 2271 1255 2290 ex
1273 2263 1356 2299 ipso:
1375 2266 1404 2290 et
1430 2264 1513 2299 quod
1541 2271 1595 2291 nec
1620 2264 1708 2291 datur
1734 2262 1774 2290 ab
1789 2271 1837 2294 eo,
1855 2271 1910 2290 nec

1082 2307 1215 2340 mittitur,
1227 2308 1282 2335 nisi
1301 2308 1500 2343 temporaliter
1515 2308 1553 2335 ad
1577 2307 1812 2335 sanctiﬁcandas
1828 2315 1912 2335 crea-

1083 2355 1174 2379 turas.
1193 2353 1225 2379 Et
1252 2355 1367 2379 constat
1399 2352 1542 2386 similiter,
1559 2352 1588 2379 in
1606 2352 1720 2380 cunctis
1747 2352 1910 2387 Scripturis

1082 2396 1271 2425 authenticis.
1286 2399 1314 2423 et
1327 2397 1453 2432 receptis
1468 2397 1610 2431 conciliis,
1627 2397 1684 2424 hoc
1707 2397 1789 2432 quod
1802 2397 1911 2432 praedi

1082 2439 1194 2474 ximus,
1213 2440 1331 2472 scilicet,
1347 2441 1429 2476 quod
1441 2441 1564 2476 Spiritus
1579 2443 1701 2468 sanctus
1712 2442 1756 2467 est
1769 2441 1912 2469 essentia-

1083 2483 1148 2511 litcr
1162 2493 1179 2512 a
1194 2485 1272 2517 Filio,
1285 2488 1313 2512 et
1327 2485 1462 2520 procedit
1480 2485 1519 2513 ab
1544 2493 1589 2520 eo,
1608 2485 1798 2512 manifestius
1820 2486 1911 2513 conti-

1084 2529 1157 2556 neri.
1177 2530 1246 2561 Quae
1263 2530 1370 2566 scripta
1387 2531 1428 2558 ita
1455 2533 1575 2566 recepta
1598 2533 1626 2557 et
1645 2529 1817 2565 approbata
1842 2533 1911 2557 sunt

1085 2580 1139 2608 per
1155 2574 1280 2601 concilia
1291 2575 1453 2608 generalia,
1470 2578 1502 2602 ut
1516 2575 1568 2610 qui
1584 2582 1687 2602 eorum
1703 2573 1783 2600 aliud
1795 2577 1911 2601 contra-

1085 2616 1163 2644 rium
1193 2618 1278 2645 sentit
1302 2619 1347 2646 vcl
1376 2619 1529 2655 praedicat,
1548 2619 1613 2654 ipso
1638 2618 1715 2645 facto
1740 2620 1769 2644 et
1783 2618 1852 2652 jure
1876 2622 1911 2646 Sit

1086 2662 1376 2690 excommunicatus-
