1948 3079
0 122 34 149 139
698 120 838 149 CONTRA
856 119 1012 149 GRAECOS.

1649 121 1703 149 510

18 182 138 211 Deﬁnit
170 182 256 210 enim
281 182 450 210 secundum
474 182 635 210 concilium
655 182 712 216 (10)
744 181 788 210 sic
817 191 823 210 :
839 183 864 210 Λ
883 189 964 210 anno
978 182 1018 211 ab
1030 183 1234 211 incarnatione
1249 183 1368 211 Domini
1383 183 1540 212 millesimo
1554 182 1703 220 quinqua-

6 227 268 255 Condemnamus
274 226 600 255 etanathematizamus
610 235 678 255 cum
685 226 827 255 omnibus

0 271 49 299 iliis
69 271 230 300 haereticis
253 271 462 300 condemnatis
481 274 510 299 et
531 279 591 300 ana
605 271 829 299 thematizatisa

0 316 142 345 atholica
160 319 190 344 et
197 316 366 352 apostolica
372 316 513 351 Ecclesia,
522 316 611 344 etiam
627 315 828 351 Theodorum,

0 362 35 398 [ui
62 361 124 389 fuit
149 361 315 397 episcopus
340 361 536 397 Mopsuestia,
566 363 594 388 et
625 360 736 396 impias
761 360 828 396 ejus

0 405 250 441 mnscriptiones,
264 412 319 432 nec
334 412 396 432 non
414 406 443 432 et
454 404 549 440 impia
572 403 683 440 scripta
703 412 721 432 a
735 403 828 432 Theo-

0 449 86 478 lorito
99 449 256 477 adversus
276 452 388 477 rectam
402 449 504 483 ﬁdem,
524 451 553 476 et
576 451 681 477 contra
698 448 831 484 capitula

0 495 81 522 Patris
98 494 202 522 nostri
218 493 300 522 beati
316 493 416 530 Cyrilli
439 496 468 522 et
489 494 580 522 tertiae
595 496 706 522 sanctae
721 493 830 529 synodi

0 538 172 575 Ephesium;
189 541 221 566 et
247 538 397 575 quidquid
423 538 463 566 ad
487 538 714 573 suggestionem
741 538 831 565 Theo-

0 583 53 611 lori
73 586 104 611 et
122 583 257 611 Nestorii
272 584 329 619 (11)
345 593 359 607 ιι

26 630 95 656 Esse
119 627 322 659 audivimus;
338 627 417 656 beati
442 627 542 663 Cyrilli
570 627 732 656 duodecim
753 626 832 662 capi-

0 672 60 702 .ula.
76 672 133 700 ubi
151 672 292 700 maxime
307 672 480 699 exsistentia
493 672 588 699 sancti
608 672 733 707 Spiritus
757 679 776 699 a
789 671 831 699 Fi-

0 719 28 744 io
43 719 196 752 tangitur,
214 718 256 744 ita
282 716 490 744 universaliter
505 719 575 744 sunt
588 720 718 752 recepta,
732 718 766 744 ut
779 716 831 752 qui

0 769 97 789 eorum
114 762 212 789 sentit
227 761 388 793 contraria,
403 761 451 788 vel
466 761 620 797 praedicat.
636 761 702 797 ipso
716 762 783 796 jure
797 760 833 789 sit

0 805 286 839 ixcommunicatus
302 813 370 834 cum
390 805 457 833 aliis
471 805 618 838 haereticis
633 807 662 833 et
675 805 747 833 olim
763 813 833 833 con~

0 850 157 878 damnatis.
178 850 255 878 Dicit
276 849 377 886 itaque
398 849 534 885 Cyrillus,
555 850 585 877 in
605 857 688 877 nono
702 849 833 886 capitulo
847 843 870 871 Β

0 896 216 933 praedictorum
234 895 418 928 duodecim:
441 907 452 920 ι
479 895 508 923 Si
531 895 600 931 quis
628 894 708 930 dicit,
738 902 834 922 unum

0 942 161 971 Dominum
193 942 297 969 Iesum
323 940 470 968 Christum
500 940 701 975 gloriﬁcatum
726 947 793 968 esse
817 947 835 968 a

0 986 116 1022 Spiritu,
134 988 289 1021 tanquam
301 984 400 1014 aliena
411 985 518 1012 virtute
533 984 572 1012 ah
587 984 653 1020 ipso
667 984 739 1012 data
750 986 835 1012 uten-

0 1034 53 1058 tem
79 1034 111 1058 et
145 1029 190 1058 ab
217 1029 285 1065 ipso
312 1028 516 1064 recipientem,
550 1030 583 1056 ut
604 1028 723 1064 operari
744 1027 836 1064 possit

0 1078 101 1103 contra
132 1074 263 1110 spiritus
290 1073 466 1101 immundos
480 1076 507 1101 et
519 1072 643 1109 implere
656 1073 686 1101 in
697 1073 836 1102 homines

0 1119 96 1147 divina
108 1119 206 1153 signa
220 1126 226 1151 ;
243 1117 407 1146 anathema
420 1119 497 1145 esto.
515 1128 529 1142 ›ι
545 1119 628 1145 Hunc
651 1119 750 1145 autem
766 1125 838 1145 ana-

0 1163 236 1192 thematismum
254 1162 318 1198 ipse
326 1162 407 1190 idem
416 1164 538 1189 sanctus
547 1163 632 1189 Pater
639 1161 838 1197 interprean

2 1208 41 1235 sic
65 1209 129 1236 ait:
149 1219 165 1232 ι‹
185 1208 282 1235 Homo
303 1206 401 1234 factus
427 1206 602 1241 Unigenitus
631 1206 681 1234 Dei
708 1205 838 1233 Verbum

4 1252 183 1288 permansit.
205 1254 234 1279 et
245 1251 321 1279 sicut
331 1252 408 1278 Deus
425 1251 529 1279 omnia
539 1250 687 1278 exsistens
696 1257 839 1286 quacun-

2 1305 55 1332 que
69 1299 97 1325 et
107 1298 209 1332 pater,
216 1298 323 1331 praeter
336 1295 435 1323 solum
448 1302 513 1323 esse
526 1295 623 1329 Pater,
641 1297 669 1322 et
683 1294 839 1330 proprium

3 1341 129 1374 habens,
149 1340 238 1377 quod
257 1348 293 1368 ex
319 1341 404 1368 Patre
424 1342 476 1372 est,
493 1342 522 1367 et
536 1339 731 1367 essentialiter
750 1339 841 1366 inhre-

5 1395 68 1414 rens
81 1386 127 1414 illi
142 1386 276 1422 Spiritus
292 1387 428 1418 sanctus,
445 1392 532 1419 signa
546 1384 593 1412 illa
609 1383 720 1411 divime
736 1386 840 1419 poten-

6 1431 47 1458 tire
71 1433 225 1468 operatus
249 1432 305 1457 est.
330 1440 344 1454 ιι
375 1429 463 1456 Istam
503 1429 593 1463 igitur
622 1428 841 1464 expositionem

879 227 998 263 .gesimo
1040 231 1158 264 quarto,
1198 227 1517 259 excommunicationis
1557 227 1705 255 sententia

882 274 987 299 contra
1011 279 1062 300 eos
1075 272 1104 299 in
1119 272 1193 300 urbe
1207 273 1289 307 regia
1302 271 1631 308 Constantinopolitana
1643 271 1706 298 lata

882 319 937 344 est.
955 317 987 344 Et
1008 324 1153 352 magnum
1168 317 1304 352 ejusdem
1320 317 1447 345 civitatis
1463 317 1594 345 ecclesiae
1614 315 1706 343 altare

883 361 962 389 hanc
974 361 1074 397 ipsam
1095 361 1227 390 continet
1239 362 1415 390 sententiam
1428 361 1611 398 impositam,
1636 359 1707 388 scri-

884 407 967 442 ptam
982 414 1000 433 a
1018 406 1099 434 sedis
1115 406 1287 442 apostolicis
1307 406 1424 441 legatis,
1443 409 1576 442 tempore
1603 405 1708 433 Leonis

883 457 972 486 papae
1000 451 1031 478 IX
1046 453 1078 478 ut
1105 451 1269 479 videndum
1292 451 1435 479 exhibent
1453 459 1522 487 quis
1545 449 1628 487 apud
1640 456 1709 477 eam

886 495 990 523 urbem
1014 497 1092 528 sunt,
1113 498 1175 523 tam
1192 496 1293 524 Graeca
1315 503 1410 532 quam
1426 496 1530 523 Latina
1553 495 1643 530 hujus
1667 494 1709 522 rei

885 543 1091 568 monumenta.

922 584 978 612 Sed
1007 585 1195 613 Innocentius
1221 593 1302 622 papa
1324 587 1368 620 111,
1401 585 1432 613 in
1460 585 1589 613 editione
1615 591 1709 620 quam

886 627 954 656 fecit
967 629 1120 656 catholicas
1130 629 1200 656 ﬁdei
1212 629 1397 665 temporibus
1412 629 1533 664 nostris,
1543 627 1709 664 przesidens

887 672 916 700 in
932 673 1063 707 generali
1076 673 1200 701 consilio
1217 673 1352 701 Laterani
1368 674 1528 707 celebrato,
1544 675 1574 700 et
1587 672 1708 700 dicens:

889 727 900 741 ι
914 717 1031 745 Patrem
1047 725 1065 744 a
1087 717 1181 749 nullo.
1197 717 1302 745 Filium
1323 725 1341 745 ει
1360 719 1443 745 Patre
1470 717 1545 750 solo,
1568 716 1708 753 Spiritum

888 763 1028 790 sanctum
1042 761 1082 789 ab
1099 765 1234 797 utroque,
1245 773 1255 785 ι
1266 770 1388 790 omnem
1404 761 1675 790 excommunicavit
1683 762 1713 789 et

888 805 1149 837 anathematizavit
1160 806 1504 839 hieresim,extollentem
1519 814 1552 833 se
1567 806 1712 834 adversus

889 857 955 878 eam
984 858 1078 886 quam
1097 851 1276 886 composuit,
1303 853 1440 879 sanctam
1467 850 1664 879 orthodoxam
1685 851 1714 877 et

885 893 1066 927 catholicam
1082 894 1184 923 ﬁdem.
1201 895 1258 923 Sed
1273 896 1392 923 Graecus
1404 895 1562 923 manifeste
1577 903 1609 922 se
1629 893 1714 929 erigit

889 941 994 966 contra
1009 938 1169 972 articulum
1184 939 1222 967 de
1238 939 1347 975 Spiritu
1360 941 1474 967 sancto.
1492 940 1578 973 Ergo,
1594 941 1650 966 etc.

926 984 998 1011 Item
1011 993 1021 1011 :
1033 983 1154 1012 Falsarii
1164 984 1382 1020 Scripturarum
1395 983 1635 1012 authenticarum
1645 985 1714 1010 sunt

891 1028 1142 1058 excommunicati
1166 1036 1219 1065 per
1237 1028 1383 1062 concilia;
1399 1028 1450 1057 sed
1474 1027 1532 1064 ipsi
1556 1027 1715 1055 falsiﬁcant

890 1072 1068 1108 Scripturas,
1096 1075 1125 1103 et
1148 1075 1272 1101 utuntur
1293 1073 1384 1105 falsis,
1412 1075 1440 1101 et
1462 1072 1598 1100 scienter.
1637 1073 1714 1106 Ergo

892 1117 1092 1145 anathematis
1117 1117 1219 1151 gladio
1246 1117 1381 1153 percussi
1408 1117 1550 1145 incedunt
1569 1123 1622 1153 per
1633 1115 1715 1144 viam

892 1160 1104 1190 damnationis.

929 1206 961 1232 Et
987 1205 1093 1234 beatus
1115 1206 1296 1238 Athanasius
1319 1206 1349 1234 in
1363 1205 1508 1242 Symbolo
1525 1207 1614 1233 rectae
1634 1203 1717 1245 ﬁdei,

894 1257 962 1278 cum
978 1249 1102 1279 dixisset
1115 1259 1121 1278 :
1138 1262 1148 1275 ι
1166 1251 1254 1280 Pater
1267 1259 1286 1279 a
1300 1250 1382 1279 nullo
1398 1253 1442 1278 est
1454 1251 1560 1284 factus,
1571 1257 1626 1278 nec
1637 1256 1718 1276 crea-

896 1296 953 1326 tus,
982 1302 1036 1322 nec
1052 1295 1191 1330 genitus:
1222 1296 1310 1324 Filius
1334 1303 1352 1324 a
1378 1296 1462 1324 Patre
1486 1295 1552 1323 solo
1577 1296 1630 1329 est,
1655 1300 1718 1321 non

895 1337 1001 1372 factus,
1018 1348 1073 1369 nec
1087 1343 1217 1370 creatus,
1231 1340 1284 1368 sed
1305 1340 1422 1374 genitus
1438 1349 1445 1375 ;
1463 1339 1588 1376 Spiritus
1602 1347 1621 1366 a
1635 1340 1718 1366 Patre

897 1388 926 1413 et
940 1385 1021 1414 Filio.
1037 1393 1098 1413 non
1114 1385 1220 1416 tactus,
1237 1393 1292 1413 nec
1306 1387 1434 1419 creatus,
1449 1392 1504 1412 nec
1523 1383 1650 1418 genitus,
1665 1382 1719 1411 sed

896 1429 1074 1467 procedens,
1092 1441 1102 1453 -
1117 1437 1148 1457 in
1163 1429 1221 1458 ﬁne
1235 1429 1303 1457 libri
1325 1429 1482 1464 subjunxit
1495 1431 1523 1456 et
1537 1429 1596 1456 ait:
1625 1439 1636 1452 ι
1653 1428 1719 1455 Haec

7 1476 118 1512 περὶ(
155 1474 245 1502 tertia
275 1473 421 1510 synodus,
450 1473 557 1509 quinta
591 1472 787 1507 οουῆνωδνίῑ,
814 1474 842 1499 et
857 1476 878 1504 C
897 1477 941 1503 est
950 1475 1025 1504 ﬁdes
1037 1473 1192 1508 catholica,
1204 1482 1295 1509 quam
1306 1473 1363 1501 nisi
1373 1473 1500 1509 quisque
1510 1471 1655 1500 ﬁdeliter:
1672 1471 1720 1498 ﬁr-

7 1519 251 1547 contradicentes
268 1517 560 1551 excommunicavit;
578 1516 709 1545 Ecclesia
723 1516 842 1543 univer-

10 1564 71 1591 salis
97 1566 194 1598 tenet,
211 1565 240 1591 et
268 1562 372 1594 tenuit,
398 1565 425 1590 et
450 1561 640 1598 approbavit.
668 1560 726 1588 Sed
753 1560 844 1588 σι’ωαὶ

10 1609 97 1636 nostri
115 1607 267 1644 temporis
295 1607 506 1634 contradicunt
526 1614 608 1634 nono
636 1604 769 1642 capitulo
796 1612 843 1632 ex—

11 1653 199 1689 positionum
220 1651 371 1686 ejusdem,
390 1654 418 1679 et
440 1651 572 1686 allegant
599 1658 654 1686 pro
674 1657 705 1678 se
736 1649 846 1684 scripta

11 1697 182 1725 Theodoriti
198 1696 340 1729 haeretici,
367 1699 395 1723 et
421 1704 474 1732 per
486 1695 647 1723 concilium
670 1701 845 1722 excommu-

12 1743 101 1770 nicati
115 1751 122 1772 :
134 1749 221 1776 ergo,
237 1740 403 1768 secundum
419 1741 478 1767 vim
490 1739 651 1775 propositte
665 1737 847 1766 deﬁnitionis

15 1786 147 1814 hieretici
157 1788 229 1814 sunt
247 1784 415 1820 judicandi.
428 1785 512 1812 Unde
533 1784 640 1811 beatus
663 1782 848 1818 Augustinus

14 1831 39 1857 in
51 1831 135 1859 libro
147 1831 192 1858 De
206 1831 268 1864 ﬁde
277 1830 318 1858 ad
327 1830 460 1862 Petrum,
470 1837 539 1856 eum
551 1828 580 1856 in
593 1830 701 1856 octavo
715 1826 849 1862 capitulo

15 1875 165 1909 ejusdem,
183 1874 327 1906 Spiritum
344 1875 482 1901 sanctum
500 1881 537 1900 ex
555 1874 638 1900 Patre
651 1875 680 1899 et
697 1871 767 1899 Filio
784 1878 849 1906 pro-

16 1920 121 1947 cedere
161 1919 313 1946 ﬁrmasset
340 1917 528 1950 testimoniis,
566 1916 596 1944 in
621 1916 680 1943 ﬁne
714 1915 850 1943 omnium

15 1963 223 2000 capitulorum
247 1963 305 1996 (t2)
326 1961 493 1997 subjunxu,
507 1964 535 1988 et
556 1961 597 1988 ait
623 1961 726 1988 Petro:
753 1971 767 1984 ι(
785 1960 851 1986 Haec

17 2008 135 2036 interim
144 2006 350 2044 quadraginta
359 2005 487 2041 capitula
497 2005 535 2032 ad
545 2004 681 2040 regulam
693 2012 771 2031 verae
782 2003 852 2031 ﬁdei

18 2052 192 2080 ﬁrmissime
221 2050 410 2087 pertinentia,
444 2049 569 2077 ﬁdeliter
595 2048 706 2081 crede;
741 2048 853 2075 fortiter

19 2101 98 2129 tene,
120 2095 248 2124 ﬁrmiter
273 2094 412 2122 defende.
433 2095 466 2121 Et
481 2093 608 2130 siquem
632 2092 783 2120 contraria
809 2092 852 2118 his

20 2140 228 2175 dogmatizare
244 2138 431 2173 cognoveris,
445 2141 591 2173 tanquam
604 2139 716 2173 pestem
733 2136 811 2171 fuge,
825 2138 854 2163 et

22 2190 170 2221 tanquam
196 2183 370 2211 hsereticum
390 2182 497 2217 abjice.
516 2193 529 2206 η
553 2183 594 2209 lta
610 2182 689 2210 enim
705 2181 761 2209 ista.
787 2188 854 2216 quin

25 2230 193 2265 posuimus,
215 2227 287 2256 ﬁdei
310 2227 465 2256 catholica:
492 2229 672 2261 congruunt,
696 2228 728 2254 ut
743 2226 766 2253 si
788 2225 856 2261 quis

26 2283 86 2302 non
103 2273 202 2302 solum
225 2272 379 2305 omnibus,
395 2271 447 2299 sed
463 2271 553 2299 etiam
581 2270 704 2305 singulis
730 2269 857 2298 voluerit

25 2318 185 2351 contraire,
202 2317 231 2345 in
246 2324 282 2344 eo
292 2316 375 2352 quod
387 2315 512 2350 singulis
521 2315 629 2343 horum
641 2315 857 2343 contumaciter

26 2365 186 2399 repugnat,
202 2365 231 2390 et
253 2361 300 2389 his
324 2361 474 2388 contraria
500 2359 610 2387 docere
640 2367 701 2387 non
728 2358 857 2392 dubitat,

26 2407 198 2440 haereticus,
214 2408 244 2434 et
260 2404 331 2432 ﬁdei
347 2404 522 2432 Christianae
539 2404 690 2435 inimicus,
713 2405 803 2439 atque
818 2404 858 2430 ob

28 2453 85 2480 hoc
107 2451 254 2480 omnibus
274 2449 428 2478 catholicis
448 2448 749 2476 anathematizandus
764 2455 858 2483 appa-

29 2500 102 2525 reat.

63 2542 186 2576 Propter
198 2538 338 2567 eamdem
356 2538 480 2573 insuper
496 2544 630 2571 causam,
648 2537 705 2564 hoc
718 2538 772 2569 est,
788 2535 860 2572 quia

31 2585 180 2612 obstinato
216 2583 320 2612 animo
343 2585 455 2617 negant
478 2581 703 2617 processionem
733 2581 859 2616 Spiritus

33 2631 125 2657 sancti
142 2637 159 2657 a
175 2629 256 2659 Filio.
278 2631 306 2655 et
321 2627 466 2663 plurimos
482 2627 572 2654 etiam
588 2626 662 2653 alios
677 2634 800 2660 errores,
829 2625 860 2652 in

33 2675 142 2710 quibus
161 2676 273 2701 sanctae
304 2673 447 2700 Romanre
478 2671 613 2698 Ecclesiae
651 2670 858 2703 adversantur,

68 2728 126 2761 (10)
143 2725 520 2761 Constantinopolitanum.

68 2764 127 2799 (11)
143 2764 231 2790 Deest
243 2761 370 2798 aliquid.

897 1521 1044 1556 miterque
1053 1518 1222 1551 crediderit,
1240 1518 1339 1546 salvus
1352 1526 1418 1546 esse
1430 1525 1492 1545 non
1506 1517 1622 1553 poterit.
1638 1527 1652 1541 »
1664 1515 1721 1543 Sed

898 1564 988 1593 ϐπ·ωοί
1003 1571 1063 1591 non
1079 1563 1286 1599 credunt,quee
1297 1563 1328 1590 in
1338 1570 1374 1590 eo
1385 1561 1576 1589 continentur
1589 1570 1595 1595 ;
1611 1559 1721 1587 salvari

899 1625 970 1652 ergo
985 1625 1045 1645 non
1060 1618 1197 1652 possunt.

935 1664 993 1690 Nos
1007 1664 1107 1689 autem
1124 1662 1298 1688 sanctorum
1315 1661 1485 1688 Graecorum
1502 1660 1531 1686 et
1551 1657 1724 1685 Latinorum

901 1705 1064 1734 sententias
1070 1704 1325 1737 secuti,credimus
1332 1703 1724 1737 etconﬁtemur,cantamus,

902 1754 931 1779 et
943 1750 1113 1783 scribimus,
1124 1751 1152 1777 et
1162 1748 1306 1776 docemus
1315 1749 1429 1776 Patrem
1443 1755 1460 1774 a
1471 1755 1512 1781 se,
1524 1754 1585 1774 non
1597 1745 1635 1774 ab
1646 1745 1705 1773 alio
1718 1754 1724 1773 :

903 1795 1009 1824 Filium
1026 1803 1044 1822 a
1056 1796 1138 1822 Patre
1153 1794 1217 1821 solo
1232 1793 1365 1828 genitum
1379 1801 1386 1819 :
1403 1792 1543 1828 Spiritum
1559 1792 1697 1818 sanctum
1710 1797 1729 1817 a

904 1841 987 1868 Patre
1013 1841 1043 1866 et
1064 1838 1135 1866 Filio
1156 1837 1312 1873 aequaliter
1323 1837 1548 1873 procedentem,
1567 1838 1596 1863 et
1618 1835 1730 1871 pariter

905 1886 963 1912 tres
975 1883 1098 1919 quidem
1114 1883 1269 1917 discretas,
1285 1881 1453 1913 distinctas,
1469 1883 1497 1908 et
1511 1879 1656 1916 perfectas
1671 1879 1729 1914 hy—

906 1931 1042 1966 postases
1061 1927 1134 1959 :sed
1155 1935 1249 1954 unam
1270 1926 1441 1959 essentiam,
1459 1933 1552 1952 unam
1578 1924 1730 1956 deitatem,

907 1981 999 2002 unam
1012 1975 1202 2009 potestatem.
1213 1980 1307 2000 unam
1320 1978 1444 2000 causam
1459 1979 1465 1998 :
1481 1978 1499 1998 θ.
1509 1977 1567 2006 quo
1582 1968 1694 2000 omnia,
1704 1969 1733 1996 et

906 2026 1070 2055 perquem,
1085 2020 1114 2045 et
1125 2018 1155 2045 in
1171 2025 1232 2054 quo
1244 2018 1313 2044 sunt
1323 2017 1426 2044 omnia
1439 2024 1446 2043 τ
1460 2015 1555 2051 etipsi
1571 2016 1614 2041 est
1626 2013 1731 2048 gloria,

908 2066 938 2091 et
963 2063 1071 2095 honor,
1100 2065 1129 2090 et
1155 2061 1316 2098 imperium
1341 2061 1372 2089 in
1398 2059 1510 2088 saecula
1539 2058 1731 2086 saeculorum.

867 2120 890 2149 Β
909 2111 1014 2136 Amen.

947 2151 1013 2181 Illos
1029 2159 1100 2179 vero
1114 2150 1166 2186 qui
1179 2149 1301 2178 dicunt:
1321 2148 1447 2182 Spiritus
1465 2149 1587 2175 sanctus
1600 2143 1735 2182 procedit

910 2195 1034 2232 quidem
1059 2203 1076 2223 a
1105 2195 1200 2228 Patre,
1227 2193 1280 2221 sed
1304 2201 1365 2221 non
1380 2200 1398 2220 a
1423 2191 1502 2227 Filio,
1528 2191 1574 2218 vel
1593 2190 1687 2223 aliter,
1707 2190 1735 2216 et

910 2240 979 2277 plus
1002 2248 1020 2268 δ.
1043 2241 1138 2270 Patre,
1161 2247 1254 2274 quam
1270 2246 1288 2266 a
1309 2237 1378 2266 Filio
1400 2245 1408 2264 :
1439 2239 1490 2264 aut
1506 2235 1589 2272 prius
1603 2242 1621 2262 a
1640 2235 1734 2267 Patre,

911 2293 1004 2322 quam
1020 2293 1038 2312 a
1051 2284 1130 2317 Filio.
1141 2283 1300 2315 etsimilia,
1313 2282 1427 2310 ratione
1444 2281 1512 2309 ﬁdei
1526 2279 1712 2308 adversantia
1727 2288 1734 2306 :

911 2332 940 2358 et
962 2330 1020 2358 hoc
1043 2327 1205 2356 asserenda
1221 2327 1355 2362 credunt,
1370 2325 1536 2362 praedicant
1547 2327 1576 2352 et
1592 2323 1735 2356 scribunt,

913 2374 988 2402 sicut
998 2374 1060 2407 iam
1074 2372 1192 2400 dudum
1205 2371 1361 2399 deﬁnitum
1372 2372 1419 2398 est
1431 2378 1449 2396 a
1464 2369 1575 2397 sanctis
1591 2367 1735 2400 Patribus,

914 2422 1058 2454 tanquam
1073 2417 1228 2445 haereticos
1236 2423 1254 2444 a
1268 2415 1415 2443 catholica
1424 2413 1553 2442 Ecclesia
1565 2412 1736 2447 abjicimus,

914 2466 942 2495 et
959 2464 1098 2493 vitamus,
1113 2460 1330 2495 maledicimus,
1345 2462 1374 2488 et
1386 2458 1594 2495 reprobamus.

1127 2523 1286 2551 Dixtine-tio
1296 2523 1332 2551 de
1345 2522 1513 2550 animabus.

949 2577 1092 2614 Expedito
1106 2577 1136 2604 in
1150 2576 1390 2612 praecedentibus
1415 2575 1513 2610 primo
1528 2571 1661 2603 articulo,
1677 2570 1734 2598 sci-

914 2623 982 2651 licet
1005 2623 1042 2650 de
1070 2621 1262 2658 processione
1293 2620 1418 2656 Spiritus
1435 2618 1529 2645 sancti
1557 2625 1574 2644 a
1604 2615 1684 2649 Filio,
1705 2615 1737 2642 in

914 2676 986 2705 quo,
1003 2670 1035 2695 ut
1050 2666 1174 2701 singulis
1190 2665 1314 2694 versutis
1329 2665 1499 2692 Graecorum
1520 2660 1739 2702 objectionibns

951 2721 1008 2757 (l2)
1023 2721 1097 2757 Cap.
1116 2721 1160 2758 44.
