1948 3079
238 99 287 127 511

236 160 460 198 respondimus,
475 164 504 192 et
518 163 600 200 ipsos
614 165 761 201 tanquam
775 163 907 192 veritatis
925 162 1062 192 falsarios
1079 162 1102 189 A

238 211 275 232 ex
287 205 370 234 libris
385 207 458 240 suis,
474 208 584 244 quibus
599 216 631 237 se
649 209 776 245 jactant,
793 211 821 237 et
835 210 939 237 contra
953 209 1063 236 Roma-

238 256 310 277 nam
322 250 439 285 erigunt
450 252 621 289 Ecclesiam,
634 261 696 282 non
706 253 805 282 solum
818 261 942 288 errasse,
956 260 1062 280 verum

239 294 328 323 etiam
338 295 369 323 in
385 296 538 325 Canonem
552 297 619 326 latae
632 299 785 327 sententiae
799 298 940 326 incidisse
950 297 1061 334 proba-

238 339 357 373 vimus;
373 339 475 369 forsan
488 341 555 378 plus
568 343 737 371 necessario
751 345 859 380 prmter
873 343 1061 379 propositum

238 383 345 420 prolixi
367 384 499 418 fuimus;
521 389 614 415 restat
638 395 718 416 nunc
743 388 845 416 videre
873 395 928 424 per
954 386 1062 415 eadem

239 428 419 463 testimonia,
428 429 481 458 ubi
492 431 601 459 animle
613 432 729 468 talium,
747 432 778 460 id
791 435 845 466 est,
856 431 1023 460 inﬁdelium
1033 433 1063 458 et

238 473 317 501 male
332 474 527 512 credentium,
544 479 686 505 exeuntes
700 485 719 506 a
733 485 857 514 corpore
869 477 1061 513 recipiuntur.

239 518 346 554 Opinio
356 519 437 547 enim
445 527 550 548 eorum
561 523 615 555 est,
626 521 702 550 sicut
709 522 841 550 diximus
853 531 860 551 :
874 521 956 559 quod
965 528 1062 557 neque

238 562 270 590 in
282 563 458 598 paradisum
468 564 567 601 bonae,
583 573 682 602 neque
696 567 727 595 in
738 566 889 594 infernum
901 568 970 594 ante
981 566 1062 593 diem

236 606 340 642 judicii
368 608 482 637 vadunt
508 610 617 638 animae
652 611 875 647 reproborum:
903 612 1062 647 sequentes

239 652 405 688 quemdam
410 653 501 689 hujus
507 654 857 691 haereseosinventorem,
866 655 1063 692 archiepisco-

238 704 313 732 pum
319 697 474 733 quondam
483 700 622 728 Caesareae
631 700 839 737 Cappadociae,
852 699 1003 728 Andream
1011 707 1064 728 no-

240 741 332 775 mine,
354 742 407 778 qui
435 743 506 772 dicit
533 745 656 780 propria
679 752 808 781 corpora
830 744 1006 782 praestolari,
1029 746 1063 773 ut

241 793 311 814 cum
326 786 378 819 eis,
391 795 460 816 cum
475 788 585 824 quibus
599 789 680 817 bona
694 789 739 817 vel
754 789 834 818 mala
847 789 1061 824 commiserint,

852 96 1094 130 PANTALEONIS
1112 94 1256 125 DIACONI
1275 93 1327 123 ΟΡ.
1908 86 1945 115 5

1165 159 1378 187 Verumtamen
1405 162 1442 184 ex
1465 153 1573 182 divinis
1598 151 1756 189 Scripturis
1782 151 1945 180 docemt

1117 203 1200 241 quod
1217 204 1410 239 peccatorum
1424 199 1534 228 animae
1559 198 1591 226 in
1602 197 1718 226 inferno
1741 198 1827 230 sunt,
1842 194 1945 223 subt

1116 256 1240 277 omnem
1255 249 1365 275 terram
1379 247 1408 273 et
1421 251 1515 276 mare,
1537 242 1622 276 sicut,
1652 242 1740 269 docet
1764 240 1945 268 Psalmisb

1115 294 1152 321 In
1170 292 1330 321 tenebrosis
1354 293 1384 319 et
1400 289 1507 317 umbra
1531 288 1646 321 mortis,
1673 289 1700 314 et
1725 287 1794 314 lacu
1826 285 1945 319 inferi

1115 338 1145 366 ri
1157 338 1193 366 δι.
1214 338 1248 364 Et
1262 336 1339 364 sicut
1353 334 1499 370 scriptum
1514 333 1546 360 in
1570 331 1644 360 Job:
1670 331 1705 358 In
1720 333 1838 359 terram
1873 332 1945 356 tm

1117 382 1235 410 brosam
1241 383 1268 409 et
1276 379 1492 411 turbulentam,
1499 377 1532 404 in
1539 379 1653 405 terram
1663 375 1862 403 tenebrarum
1871 376 1920 401 aet
1926 380 1945 401 ε

1115 434 1235 459 narum,
1252 425 1304 452 ubi
1328 431 1389 452 non
1410 427 1452 451 est
1465 421 1603 455 claritas,
1618 427 1673 448 nec
1686 419 1788 448 videre
1801 419 1907 446 vitam
1942 418 1945 434 ¹

1115 471 1266 499 Justorum
1290 470 1391 496 autem
1415 466 1524 495 animae
1548 467 1617 502 post
1640 464 1808 492 adventnm
1830 462 1945 491 Chiis

1117 515 1193 543 sicut
1206 514 1236 542 in
1251 513 1366 542 latrone
1381 511 1553 545 didicimus,
1572 509 1603 538 in
1626 508 1769 545 paradiso
1784 510 1874 535 sunt.
1891 508 1923 534 Ν
1931 514 1945 534 ε

1115 559 1197 587 enim
1209 560 1333 595 propter
1347 556 1482 585 animam
1498 554 1595 583 solam
1606 553 1730 581 latronis
1745 551 1891 580 Christus
1907 552 1945 578 Ι]

1117 603 1216 632 minus
1230 601 1408 639 paradisum
1425 599 1551 636 aperuit,
1569 597 1623 627 sed
1637 600 1666 626 et
1677 599 1801 633 propter
1815 595 1945 632 reliun

1116 649 1290 676 sanctorum
1305 646 1433 674 animas.

1152 694 1192 720 De
1215 693 1273 720 isto
1287 692 1410 727 insuper
1422 689 1538 718 latrone
1552 689 1682 716 Joannes
1697 686 1945 722 Chrysostomu,

1116 743 1271 773 exponens
1284 735 1358 764 illud
1369 734 1496 762 verbum
1509 733 1593 760 Lucae
1604 741 1610 760 :
1623 732 1717 759 Amen
1732 731 1800 758 dico
1818 729 1890 763 tibi,
1914 730 1945 757 ἡκ

1116 781 1165 810 die
1175 788 1289 810 mecum
1303 780 1361 809 eris
1375 779 1407 808 in
1417 777 1562 814 paradiso
1572 777 1606 810 ⁵⁵,
1620 776 1662 805 ita
1680 774 1832 812 loquitur:
1853 785 1869 799 α
1883 775 1912 807 Q
1921 783 1945 803 ι]

239 830 447 860 retributiones
484 820 618 862 similiter
649 833 797 863 factorum
827 834 980 870 recipiant.
1009 820 1065 867 Qui
1079 826 1099 853 Β
1117 825 1190 854 dam
1204 825 1309 853 dicunt
1321 824 1459 852 nondum
1472 824 1645 870 8§Secutum
1657 827 1724 849 esse
1735 820 1895 869 Ῑεξίΐσξπιεξη
1906 827 1945 870 ei

241 874 329 903 etiam
336 875 375 904 ad
381 876 620 907 conﬁrmandam
627 887 713 908 suam
719 879 892 916 opinionem
896 887 1051 908 erroneam
1056 899 1065 914 ,

241 920 448 949 auctoritatem
470 923 608 958 Apostoli
623 923 664 951 ad
688 923 828 952 Hebraeos
852 932 908 961 pro
923 932 954 952 se
972 924 1065 953 intro-

240 964 333 999 ducit,
357 973 419 1001 qua
433 965 560 995 dicitur:
577 968 616 996 Et
642 968 675 997 hi
689 976 788 998 omnes
806 969 971 998 testimonio
994 969 1067 1004 ﬁdei

237 1010 370 1044 probati,
387 1017 448 1038 non
463 1015 639 1046 receperunt
653 1014 911 1048 repromissionem
934 1014 995 1041 Deo
1007 1021 1065 1048 pro

241 1053 325 1081 nobis
338 1055 445 1083 melius
457 1056 576 1092 aliquid
588 1057 772 1092 providente.
789 1061 823 1085 ut
837 1066 898 1086 non
908 1059 972 1086 sine
982 1058 1065 1087 nobis

242 1103 523 1128 consummarentur
533 1102 567 1128 ει.

278 1142 330 1170 Cui
342 1143 467 1171 Andreae
490 1144 593 1173 obviat
608 1145 715 1174 beatus
736 1147 868 1175 Joannes
895 1147 1067 1183 Chrysosto«

241 1193 310 1213 mus
324 1186 354 1214 in
369 1187 554 1223 expositione
575 1190 712 1225 ejusdem
725 1191 870 1227 Epistolas,
887 1193 916 1220 et
937 1191 1007 1220 talia
1021 1194 1066 1220 te-

241 1232 348 1259 statur:
356 1243 369 1257 ι(
380 1233 703 1270 Perceperuntquidem
708 1236 795 1271 juxta
803 1244 930 1264 coronas
937 1236 1063 1265 debitas.

241 1274 269 1303 Si
284 1283 380 1304 unum
395 1284 505 1313 corpus
520 1286 624 1306 sumus
638 1287 753 1315 omnes,
766 1281 864 1316 major
881 1281 1006 1310 efﬁcitur
1016 1281 1065 1309 isti

242 1321 360 1356 corpori
376 1321 531 1350 delectatio
547 1323 606 1352 sive
619 1324 727 1359 fruitio,
752 1325 877 1362 quando
897 1327 1065 1355 communi-

241 1366 293 1396 ter,
306 1367 334 1393 et
344 1373 406 1394 non
416 1367 632 1402 particulariter
642 1373 834 1399 coronantur.
849 1371 961 1399 Etenim
974 1372 1065 1400 etiam

238 1409 313 1444 justi
327 1409 359 1437 in
368 1410 425 1439 hoc
436 1414 505 1440 sunt
515 1412 718 1448 admirabiles,
729 1416 802 1451 quia
812 1417 945 1451 gaudent
966 1417 1065 1445 frater-
1081 1424 1101 1452 α

241 1454 288 1481 nis
299 1454 387 1482 bonis
400 1457 545 1492 tanquam
555 1457 585 1485 in
595 1459 736 1495 propriis.
751 1461 853 1496 Itaque
861 1461 955 1489 ethoc
965 1462 1065 1498 ipsum

243 1499 411 1527 secundum
425 1500 610 1530 voluntatem
634 1511 739 1532 eorum
753 1507 809 1537 est.
835 1508 868 1533 ut
883 1506 971 1534 simul
996 1515 1065 1535 cum

241 1543 369 1579 propriis
389 1545 534 1574 membris
555 1550 753 1583 coronentur;
767 1557 839 1577 nam
855 1550 944 1578 simul
957 1551 1065 1586 gloriﬁ-

241 1588 302 1615 cari
319 1596 430 1624 magna
453 1592 497 1618 est
510 1591 536 1618 ei
547 1591 656 1620 fruitio.
674 1605 688 1618 υ
716 1595 805 1627 Quasi
831 1595 912 1624 dicat
932 1600 1063 1631 sanctus,

237 1632 324 1667 juxta
340 1633 414 1661 illud
426 1635 623 1672 Apocalypsis
635 1646 641 1665 :
660 1638 746 1667 Dalz
758 1643 828 1667 sunt
842 1641 971 1676 singulis
983 1642 1065 1670 stola

240 1677 319 1705 albae
329 1679 363 1713 εί,
376 1680 633 1714 prmtendentibus
642 1682 805 1712 vindictam
820 1685 933 1721 proprii
945 1688 1065 1721 sangui-

240 1721 297 1755 nis,
312 1722 343 1749 id
364 1726 417 1756 est,
434 1724 673 1754 desiderantibus
688 1729 883 1757 mutationem
899 1730 929 1758 in
958 1731 1065 1760 melius

242 1773 413 1812 corporum,
424 1767 553 1803 Singulae
566 1770 648 1798 stolae
659 1771 745 1806 albae,
762 1773 792 1800 id
802 1776 854 1807 est,
866 1775 965 1810 prima
976 1776 1062 1812 stola,

241 1816 310 1844 quae
325 1812 370 1837 est
385 1811 561 1845 glorificatio
583 1815 692 1843 animae
705 1824 712 1844 :
728 1817 767 1845 Et
780 1819 892 1847 dictum
906 1823 948 1848 est
961 1821 1010 1853 eis,
1033 1824 1064 1849 ut

240 1854 394 1889 quiescant
403 1856 504 1885 adhuc
512 1859 659 1888 modicum
668 1864 793 1897 tempus,
800 1864 893 1893 donec
902 1866 1066 1900 impleatur

240 1905 380 1927 numerus
390 1901 525 1933 fratrum
545 1906 710 1934 vestrorum
725 1907 749 1924 ⁵³
765 1917 772 1941 ;
790 1908 847 1936 hoc
868 1910 923 1938 erit
945 1910 976 1939 in
1004 1911 1064 1940 fine

241 1943 358 1976 mundi,
373 1946 497 1980 quando
507 1950 668 1985 resumptis
683 1953 858 1988 corporibus
869 1954 1017 1990 gloriosis,
1032 1955 1064 1984 in

241 1990 380 2036 utroque,
395 1993 422 2019 et
432 1991 470 2019 de
481 1994 608 2030 utroque
623 1996 808 2029 gaudebunt.
837 2000 918 2028 Tunc
939 2001 1063 2036 quidem

240 2032 396 2081 habebunt
408 2036 571 2071 perfectum
583 2040 727 2074 gaudium
740 2043 846 2078 sancti,
855 2044 906 2080 qui
917 2032 1064 2081 qdoniam

240 2078 452 2127 habentmodo
463 2082 562 2111 adhuc
576 2085 697 2113 oculum
711 2088 820 2115 mentis
835 2078 874 2116 ad
889 2078 999 2126 corpus
1013 2098 1065 2118 na-
1079 2099 1102 2127 Β

243 2123 346 2173 torale,
362 2133 471 2173 eorum,
480 2128 624 2162 gaudium
636 2130 844 2167 imperfectum
859 2123 961 2170 aliquo
972 2135 1064 2164 modo

240 2170 330 2197 etiam
346 2177 364 2198 a
379 2172 489 2200 sanctis
504 2174 616 2202 nostris
631 2175 805 2205 doctoribus
819 2179 982 2213 judicatur.

278 2214 385 2242 Beatus
395 2223 517 2253 quoque
527 2219 720 2254 Athanasius,
730 2222 760 2250 in
774 2222 850 2251 libro
862 2224 1064 2258 Qua'stionum

241 2265 375 2293 suarum,
385 2267 453 2288 cum
462 2261 661 2299 interrogatus
675 2265 788 2300 fuisset,
805 2268 857 2297 ubi
871 2272 970 2298 essent
984 2278 1066 2298 nunc

241 2304 350 2333 animus
357 2306 567 2338 defunctorum
576 2311 590 2338 ?
599 2312 754 2347 respondit
761 2314 906 2349 quaerenti
918 2323 924 2342 :
936 2326 950 2340 ‹‹
964 2316 1064 2343 Extra-

240 2358 299 2380 nea
313 2352 447 2388 quidem,
463 2357 492 2383 et
517 2356 680 2385 metuenda
695 2358 831 2394 quiestio,
848 2361 876 2387 et
890 2359 1066 2388 hominibus

241 2397 399 2426 occultata.
416 2400 479 2427 Non
493 2400 574 2428 enim
583 2402 721 2437 permisit
732 2403 887 2438 Dominus,
900 2404 1066 2439 quemlibet

240 2449 345 2471 eorum
358 2443 444 2477 solvi,
455 2445 506 2480 qui
519 2444 562 2474 ibi
577 2448 656 2482 sunt,
670 2449 699 2475 et
712 2447 751 2475 ad
766 2455 823 2475 nos
831 2448 941 2482 venire,
957 2449 1008 2477 ubi
1020 2449 1067 2477 vel

239 2488 396 2524 quomodo
425 2489 483 2518 sint
507 2493 737 2527 prmassumptte
764 2491 873 2520 animas
904 2492 1064 2522 defuncto-

240 2540 319 2561 rum.
338 2543 351 2558 ›)

276 2633 298 2651 ⁵⁸
325 2633 412 2671 Hebr.
450 2642 490 2670 x1,
523 2636 568 2663 39.
602 2635 625 2653 ⁵³
647 2636 740 2671 Apoc.
782 2643 821 2669 v1,
854 2638 896 2664 tl.
928 2636 952 2654 ⁵³
967 2636 1042 2666 ibid.

1119 869 1212 899 radisi
1226 869 1428 901 mansionem,
1453 866 1508 895 sed
1523 867 1645 902 propter
1666 864 1884 901 promissionis
1912 863 1945 892 ﬁ;

1119 915 1263 947 mitatem,
1293 915 1322 941 et
1345 910 1620 940 immutabilitatem
1646 909 1750 937 dicunt
1787 908 1945 937 dominui

1119 959 1250 987 dixisse:
1267 957 1364 986 Hodie
1376 963 1490 985 mecum
1504 956 1562 983 eris
1576 956 1607 982 in
1617 954 1774 989 paradiso.
1793 964 1804 977 ι
1821 953 1883 981 Alii
1899 961 1945 981 au

1119 1005 1190 1034 tem.
1229 1005 1256 1030 et
1285 1001 1325 1030 ad
1352 999 1534 1028 vocabulum
1562 999 1684 1034 cogunt.
1710 997 1818 1025 Dicunt
1845 997 1945 1026 enim

1120 1048 1242 1084 Oportet
1262 1054 1319 1075 nos
1347 1045 1486 1074 distincte
1509 1046 1537 1072 et
1557 1042 1724 1080 punctatim
1757 1042 1861 1077 legere
1887 1042 1945 1069 sic.

1118 1093 1214 1121 Amen
1221 1092 1285 1120 dico
1294 1091 1358 1124 tibi,
1368 1090 1455 1119 hodie
1461 1097 1574 1118 mecum
1584 1089 1641 1117 eris
1651 1088 1682 1116 in
1686 1087 1831 1122 paradiso
1844 1096 1853 1120 ;
1863 1094 1945 1123 quax

1119 1136 1151 1164 in
1173 1136 1308 1164 futurum
1332 1137 1450 1171 tempus
1476 1133 1624 1162 aestiment
1649 1132 1798 1168 respicere
1823 1132 1945 1168 promi1

1120 1180 1246 1209 sionem.
1254 1178 1442 1216 Impossibile
1452 1181 1506 1213 est,
1517 1177 1665 1214 inquiunt,
1678 1176 1779 1212 ipsum
1787 1183 1876 1204 nunc
1890 1184 1945 1204 ess

1119 1226 1150 1253 in
1174 1225 1328 1262 paradiso,
1352 1231 1423 1252 cum
1448 1222 1611 1260 Apostolus
1630 1221 1711 1249 dicat
1731 1220 1770 1248 de
1790 1221 1914 1249 sanctis
1934 1222 1945 1249 i

1120 1269 1251 1306 Epistola
1276 1269 1315 1298 ad
1330 1269 1469 1296 Hebraeos
1486 1278 1493 1296 :
1509 1268 1552 1295 Hi
1564 1274 1662 1294 omnes
1686 1273 1747 1293 non
1768 1273 1945 1300 receperun

1118 1315 1339 1349 promissiones,
1349 1316 1381 1341 ut
1392 1320 1452 1341 non
1462 1313 1526 1340 sine
1534 1312 1619 1339 nobis
1627 1311 1945 1339 consummarentur“

1121 1360 1154 1387 Et
1168 1362 1238 1395 post
1258 1366 1357 1395 pauca
1371 1356 1510 1392 adjungit
1524 1356 1604 1384 idem
1627 1358 1761 1385 sanctus,
1781 1354 1945 1390 reprobati

1120 1403 1246 1431 istorum
1261 1401 1465 1439 opinionibus,
1490 1401 1615 1429 dicens:
1631 1411 1645 1425 «
1667 1401 1701 1428 Et
1726 1399 1804 1427 latro
1825 1399 1945 1436 quidem

1120 1448 1296 1485 paradisum
1311 1447 1456 1483 possidet,
1473 1446 1535 1473 sive
1550 1446 1705 1473 assecutus
1716 1447 1773 1473 est.
1789 1443 1857 1472 Non
1875 1445 1945 1472 enim

1121 1492 1238 1519 mentiri
1254 1492 1360 1527 potest,
1372 1490 1424 1526 qui
1436 1489 1525 1518 dicit:
1546 1489 1640 1517 Hodie
1654 1496 1768 1516 mecum
1781 1489 1841 1516 eris
1857 1489 1892 1516 in
1907 1496 1945 1523 pa

1121 1536 1230 1565 radiso.
1244 1547 1258 1561 »

1158 1583 1229 1608 Item
1244 1581 1275 1608 in
1288 1580 1432 1617 praedicto
1440 1578 1517 1607 libro
1533 1579 1747 1613 Quaestionum,
1761 1585 1831 1606 cum
1843 1578 1945 1606 iterum

1120 1625 1231 1653 diceret
1245 1629 1426 1661 quaerensz'cr
1445 1623 1598 1660 Numquid
1611 1631 1673 1651 non
1690 1630 1842 1650 memores
1870 1630 1945 1652 erui]

1120 1670 1230 1698 animae
1242 1671 1481 1706 praeassumptaa,
1501 1669 1577 1696 sicut
1587 1667 1685 1703 angeli
1696 1675 1852 1695 memores
1862 1672 1938 1696 sunt

1120 1717 1293 1743 sanctorum
1308 1713 1431 1750 quidem
1445 1713 1555 1741 animae
1566 1719 1691 1748 prorsus
1702 1719 1857 1740 memores
1866 1715 1942 1740 sunt

1118 1760 1312 1796 peccatorum
1326 1765 1398 1786 vero
1427 1757 1536 1785 animae
1548 1764 1619 1784 cum
1632 1757 1689 1784 sint
1703 1756 1734 1783 in
1749 1755 1887 1790 inferno,
1904 1764 1945 1784 ne

1118 1811 1178 1840 que
1195 1803 1254 1836 Dei,
1273 1810 1371 1838 neque
1385 1801 1478 1830 nostri
1494 1808 1643 1829 memores
1660 1802 1738 1828 sunt.
1752 1812 1767 1825 »
1784 1801 1819 1828 Et
1834 1801 1945 1831 addidi

1119 1847 1213 1876 David
1223 1847 1372 1875 dicentem
1383 1846 1422 1875 ad
1436 1845 1597 1874 Dominum
1610 1854 1617 1873 :
1630 1845 1777 1879 Quoniam
1790 1852 1854 1873 non
1870 1850 1915 1874 est
1926 1846 1945 1873 ii

1118 1895 1213 1920 morte
1225 1892 1277 1928 qui
1285 1899 1397 1919 memor
1407 1891 1443 1918 sit
1457 1891 1510 1923 tui,
1525 1892 1556 1918 in
1570 1890 1687 1925 inferna
1695 1892 1796 1918 autem
1808 1891 1945 1925 quisron

1117 1937 1252 1971 ﬁtebitur
1265 1936 1319 1964 tibi
1331 1935 1379 1963 =9?
1394 1935 1559 1963 Etiterum:
1577 1935 1644 1962 Non
1652 1935 1766 1962 mortui
1776 1934 1945 1963 laudabun,

1119 1985 1155 2014 te,
1174 1982 1306 2013 Domine,
1323 1987 1417 2016 neque
1433 1987 1533 2008 omnes
1545 1979 1598 2015 qui
1612 1978 1798 2007 descendunt
1814 1979 1846 2007 in
1862 1980 1945 2015 infer

1120 2034 1192 2054 num
1209 2027 1244 2054 δ’).

1155 2071 1238 2098 Idem
1252 2071 1375 2098 sanctus
1390 2069 1420 2097 in
1435 2068 1578 2106 praedicto
1590 2067 1679 2102 libro,
1693 2068 1733 2096 ad
1760 2067 1856 2096 aliam
1871 2076 1945 2105 qure

1120 2115 1248 2143 stionem
1264 2114 1322 2142 sibi
1334 2114 1446 2142 factam
1460 2122 1466 2141 :
1482 2113 1569 2147 Quid,
1585 2112 1705 2146 scilicet,
1731 2113 1772 2140 ibi
1790 2116 1945 2149 operentur

1119 2167 1202 2188 nunc
1214 2159 1324 2187 animae
1340 2160 1577 2195 praeassumptee,
1598 2157 1772 2193 respondit:
1787 2169 1803 2183 ‹‹
1819 2158 1945 2186 Anima:

1120 2211 1245 2240 corpore
1259 2203 1367 2236 soluta,
1383 2211 1439 2231 nec
1450 2202 1575 2235 bonum,
1587 2209 1643 2230 nec
1657 2201 1772 2230 malum
1784 2202 1867 2230 valet
1883 2210 1945 2238 ope

1120 2249 1259 2285 rari(13).
1276 2250 1350 2277 Nam
1376 2247 1514 2280 visiones,
1535 2254 1613 2283 quas
1638 2245 1742 2274 vident
1770 2246 1902 2282 quidam
1918 2247 1945 2274 de

1121 2293 1167 2321 his
1181 2293 1234 2329 qui
1244 2292 1447 2326 mortui'snut,
1459 2291 1683 2328 dispensatione
1696 2291 1842 2319 Dominus
1854 2294 1945 2320 osten‘

1120 2338 1163 2366 dit
1173 2337 1213 2365 ad
1223 2340 1358 2366 nostram
1369 2336 1537 2365 utilitatem.
1552 2336 1634 2364 Sicut
1643 2336 1724 2364 enim
1739 2335 1808 2372 lyra
1827 2344 1893 2365 non
1905 2337 1945 2364 ha

1121 2382 1196 2410 bens
1211 2382 1394 2419 pulsantem,
1406 2382 1503 2409 otiosa
1512 2381 1592 2417 jacet
1602 2383 1630 2409 et
1640 2380 1758 2417 absque
1782 2388 1875 2417 opere
1888 2391 1894 2409 :
1912 2381 1945 2419 sic

1123 2416 1228 2455 anima
1238 2428 1269 2455 et
1281 2434 1392 2463 corpus
1404 2426 1443 2454 ab
1452 2416 1581 2454 invicem
1590 2416 1729 2462 separata
1741 2416 1816 2453 nihil
1835 2416 1945 2462 operari

1123 2474 1248 2509 queunt.
1267 2473 1445 2501 Sanctorum
1460 2473 1562 2499 autem
1574 2471 1683 2499 animae
1694 2478 1712 2497 a
1724 2471 1836 2507 Spiritu
1849 2472 1945 2500 sancta

1122 2517 1260 2553 impulsae
1276 2517 1338 2545 sive
1363 2517 1450 2544 tactae
1465 2524 1536 2544 cum
1563 2515 1676 2551 angelis
1698 2515 1730 2543 in
1750 2517 1830 2544 terra
1854 2516 1945 2544 viven-

1121 2562 1197 2590 tium
1212 2561 1374 2591 Dominum
1388 2560 1527 2595 laudant,
1537 2562 1567 2589 et
1580 2559 1740 2588 exsultant.
1754 2571 1768 2585 ››

1082 2637 1204 2668 “Psal.
1236 2645 1341 2672 Lxxvn,
1376 2639 1405 2667 7.
1446 2635 1541 2666 “Job
1577 2644 1607 2672 x,
1648 2636 1692 2664 2i.
1721 2637 1745 2654 ⁵⁸
1761 2636 1833 2665 Luc.
1871 2642 1945 2668 xxm,

242 2670 284 2697 43.
314 2670 336 2687 ⁵⁷
354 2670 444 2705 Hebr,
473 2679 511 2703 χι,
537 2672 582 2704 40,
610 2671 633 2688 ⁵⁸
649 2670 727 2700 Psal.
749 2679 787 2705 v1,
812 2673 839 2700 6.
870 2673 985 2702 “Psal.
1017 2681 1038 2702 c:

277 2731 334 2766 (t3)
352 2732 495 2761 Meritorie
508 2732 629 2767 scilicet,
643 2733 689 2763 vel
703 2733 903 2765 demeritorie.
