1948 3079
0 128 23 156 [3

9 191 84 217 Ecce
100 187 258 216 habemus
271 194 308 215 ex
321 185 369 214 his
381 184 503 221 magnis
534 182 656 212 duobus
681 180 807 210 testibus
820 178 852 216 AI

1 233 143 262 thanasio
149 235 180 261 et
184 232 410 268 Chrysostomo,
416 229 500 267 quod
507 230 681 257 sanctorum
688 226 808 260 animos,

0 278 150 307 mundum
165 276 262 305 ﬁdem
287 278 316 304 et
330 283 416 312 spem
433 276 577 303 Romanis
597 271 746 305 Ecclesiae,
763 277 812 298 re-

0 326 70 351 nant
81 323 177 351 etiam
208 328 291 350 nunc
313 327 382 349 cum
395 318 529 352 Christo;
544 316 654 345 anima:
670 314 812 351 reprobo-

0 376 55 401 ω,
71 367 228 395 factorum
242 373 367 394 suorum
391 364 513 399 dignam
542 360 714 390 mercedem
742 358 814 387 reci-

0 413 104 445 ientes,
130 410 306 439 cruciantur
335 409 366 437 in
394 408 510 436 inferno
536 407 567 434 in
598 404 709 433 seeoula
726 411 814 432 sescu-

0 465 88 485 )rum.

13 500 102 534 Quod
110 499 250 528 similiter
258 499 300 528 ita
306 498 361 527 fuit
368 497 440 526 olim
449 498 564 525 certum
591 493 727 523 Ecclesiae
738 493 813 521 ϐιω-

0 553 94 580 orum,
118 544 205 581 quod
234 552 297 572 non
322 543 422 572 solum
437 542 468 570 in
484 541 580 575 libris,
606 546 712 567 verum
723 537 814 566 etiam

0 590 147 618 arietibus
177 589 375 618 ecclesiarum
404 595 539 620 suarum,
569 583 685 620 antiqui
715 584 815 611 Patres

0 635 149 664 ianifestis
164 634 289 662 indiciis
301 633 473 669 imprimere
499 631 690 659 curaverunt.
706 629 738 656 In
751 626 815 664 qui-

0 679 109 708 usdam
131 679 217 707 enim
241 678 377 714 picturis,
402 676 526 712 angelos
553 674 629 703 lucis
649 673 814 702 deterentes

0 728 153 753 auctorum
169 723 294 752 animas
315 722 347 751 in
362 721 454 750 caelos
468 719 684 756 conspicimus.
698 719 730 746 in
743 724 816 745 non-

0 769 67 797 milis
82 776 157 797 vero
174 770 297 797 Satanas
311 766 433 802 angelos
442 774 477 794 ex
490 764 667 801 corporibus
687 762 816 791 morien'

0 814 53 842 ium
67 813 287 850 reproborum,
315 819 386 839 cum
407 810 543 847 quadam
561 808 704 837 violentia
719 809 814 836 extra-
829 834 853 862 Β

0 860 83 886 tentes
98 858 236 891 animas,
247 859 276 885 et
285 856 316 884 in
327 858 440 884 tartara
451 862 556 882 secum
569 853 695 882 ferentes
706 851 815 887 reperi-

0 912 57 931 nus.
76 902 161 931 Unde
172 901 332 938 quomodo
347 908 430 929 nunc
449 899 489 928 ad
498 901 617 927 tantam
631 897 816 926 dementiam

0 948 171 976 levenerunt
186 949 222 974 ut
236 946 347 979 dicant,
361 945 518 973 defunctos
531 951 586 971 nec
602 941 734 979 paradisi
749 948 816 977 per-

0 992 41 1020 i-ui
49 992 185 1027 gaudiis,
198 999 258 1019 nec
269 990 418 1019 cruciatus
440 988 601 1017 infernales
611 995 666 1024 pro
675 986 816 1015 varietate

0 1037 163 1066 neritorum
185 1035 345 1068 sustinere,
362 1034 525 1068 nescimus,
539 1032 593 1061 sed
605 1032 704 1060 solum
714 1029 818 1059 mirari

0 1089 156 1110 iossumus.
172 1079 342 1109 Prassertim
352 1087 421 1108 cum
436 1078 474 1106 de
483 1078 541 1106 hoc
553 1076 658 1114 populi
673 1083 761 1104 aures
773 1082 817 1103 re-

0 1126 85 1155 >leant
98 1127 133 1154 in
143 1125 282 1154 ecclesiis
304 1124 335 1152 in
358 1123 458 1152 ofﬁcio
483 1130 538 1151 suo
557 1122 759 1157 frequentato.
774 1119 817 1147 Di-

0 1169 383 1205 :untenimdemurtyribus
395 1168 452 1196 sic:
467 1179 481 1193 ιι
499 1165 818 1200 Εδωοεὶεεὶωἱωᾶηγα

46 1223 99 1243 vos
110 1218 190 1244 terra
200 1221 265 1242 non
272 1212 437 1246 absorbuit,
444 1212 490 1241 vel
499 1211 637 1243 occultat,
647 1209 699 1238 sed
707 1208 817 1237 coelum

0 1260 126 1296 iuscepit,
145 1262 176 1288 et
190 1259 274 1287 intus
297 1258 472 1286 exsistentes
497 1256 580 1291 ligno
597 1255 664 1283 vitae
678 1261 817 1282 remune-

0 1305 39 1332 τιῖὶ
64 1305 159 1333 estis:
186 1303 273 1340 apud
300 1303 448 1331 Christum
476 1300 658 1332 intercedite,
687 1301 721 1327 ut
731 1298 819 1326 detur

0 1349 71 1377 nobis
87 1357 150 1385 pax
162 1351 191 1377 et
201 1356 316 1384 magna
329 1347 545 1376 misericordia.
562 1356 576 1370 ››

26 1395 142 1422 [temch
160 1393 235 1427 Vos,
264 1393 317 1429 qui
342 1400 397 1429 pro
418 1391 515 1420 Verbo
540 1390 622 1427 passi
637 1389 706 1418 estis
721 1395 818 1424 usque

0 1438 28 1465 ad
43 1441 186 1472 mortem,
217 1437 361 1475 athletaa,_
376 1436 494 1465 animas
515 1435 639 1472 quidem
654 1432 773 1462 habetis
787 1432 818 1460 in

0 1483 68 1511 striis
82 1483 115 1511 in
128 1490 226 1511 manu
239 1481 300 1517 Dei,
317 1485 345 1510 et
354 1489 409 1518 per
422 1481 597 1509 universum
608 1478 713 1507 orbem
723 1478 819 1506 hono-
833 1490 853 1517 ρ

0 1528 105 1556 ramini.
122 1529 246 1556 Vestras
258 1526 399 1563 reliquias
412 1525 583 1554 sacerdotes
599 1526 628 1552 et
645 1531 731 1558 reges
746 1522 818 1550 ado-

0 1575 64 1606 rant,
74 1575 104 1601 et
112 1580 224 1601 omnes
235 1571 340 1608 populi
349 1570 534 1599 exsultantes
548 1568 660 1597 assueti
670 1568 816 1596 clamant:

0 1617 115 1645 Somnus
131 1617 287 1654 pretiosus
303 1618 347 1645 est
360 1616 392 1644 in
424 1616 588 1651 conspectu
603 1613 720 1642 Domini
735 1620 819 1641 mors

0 1665 163 1691 sanctorum
183 1661 264 1697 ejus.
284 1673 295 1685 ι

26 1708 92 1735 Item
102 1707 134 1735 in
149 1706 261 1735 eodem
271 1705 371 1734 ofﬁcio
387 1704 458 1733 talia
475 1705 655 1733 cantantur:
674 1713 688 1728 «
705 1701 818 1730 Chorus

0 1755 160 1781 sanctorum
173 1751 292 1780 invenit
300 1750 414 1779 fontem
437 1750 516 1783 vitae,
530 1749 658 1785 januam
673 1746 816 1784 paradisi.

0 1796 141 1825 Inveniam
150 1799 180 1825 et
193 1804 252 1831 ego
262 1796 383 1824 veniam
394 1803 449 1832 per
460 1793 668 1831 paenitentiam
678 1801 684 1825 ;
697 1792 761 1820 ovis
774 1799 818 1819 er-

0 1841 126 1870 rabunda
140 1849 200 1878 ego
214 1849 303 1869 sum:
329 1848 437 1869 revoca
451 1847 509 1875 me,
531 1838 676 1872 Salvator,
692 1839 721 1866 et
734 1836 818 1865 salva

0 1892 47 1914 me.
63 1897 77 1911 η

27 1931 113 1960 Item:
131 1943 147 1957 κ
166 1933 223 1960 Per
248 1939 304 1959 vos
320 1953 328 1966 ,
350 1931 403 1967 qni
424 1929 620 1966 praedicantes
633 1929 752 1962 Agnum
765 1926 816 1955 Dei

0 1977 77 2004 occisi
92 1977 164 2005 estis
180 1978 215 2004 ut
239 1983 324 2007 oves,
340 1978 369 2004 et
394 1975 434 2004 ad
447 1975 542 2003 vitam
556 1980 625 2009 quae
645 1972 708 2000 sine
732 1971 815 2000 senio

0 2023 44 2053 est,
58 2021 315 2057 etsempiternam
342 2019 516 2056 transpositi
539 2018 620 2046 estis.
636 2017 720 2044 Hunc
735 2015 815 2044 enim

0 2068 106 2100 Agnum
119 2065 265 2094 attentius
280 2067 427 2100 martyres
442 2063 539 2100 petite,
554 2062 725 2092 debitorum
738 2060 815 2090 solu-

0 2109 98 2138 tionem
112 2110 204 2139 nobis
218 2109 376 2138 donantes.
395 2121 406 2134 ι

29 2155 94 2183 Item
111 2156 144 2183 in
158 2154 264 2183 Ofﬁcio
288 2156 476 2182 mortuorum
500 2152 571 2181 talia
590 2160 646 2188 pro
665 2151 815 2180 defunctis

0 2203 76 2227 orant
83 2209 90 2227 :
98 2211 112 2225 ι(
121 2201 209 2228 Dona
218 2199 455 2236 requiem,Deus,
464 2197 585 2227 famulis
595 2197 663 2232 tuis,
672 2199 700 2225 et
709 2195 817 2224 ordina

1 2250 44 2271 eos
50 2244 80 2272 in
89 2244 246 2280 paradiso,
255 2243 308 2272 ubi
315 2244 399 2272 chori
410 2245 585 2271 sanctorum
593 2244 673 2274 sunt,
680 2241 815 2274 Domine,

2 2291 23 2313 et
34 2288 103 2322 justi
123 2288 242 2324 fulgent
268 2288 299 2316 in
311 2287 416 2323 gloria,
435 2298 449 2312 «
465 2287 514 2315 His
528 2287 569 2315 ita
581 2294 612 2314 se
624 2285 816 2318 habentibus,

1 2332 59 2366 quis
73 2340 178 2362 eorum
193 2334 293 2370 potest
306 2332 442 2361 excusari
454 2331 492 2360 de
504 2330 697 2367 ignorantia?

98 2441 141 2469 De
151 2445 282 2477 quatuor
292 2439 484 2475 receptaculis
494 2438 717 2474 defunctorum.

30 2538 83 2566 Sed
98 2538 161 2567 etsi
175 2538 244 2576 plus
269 2538 382 2575 aliquid
408 2538 483 2566 scire
514 2537 639 2573 cupiunt
663 2537 755 2565 Greeci
779 2536 816 2564 de

2 2582 150 2612 animabus
162 2584 384 2616 defunctorum,
394 2582 496 2619 legant
509 2581 712 2617 etintelligant
723 2581 816 2610 libros

2 2635 73 2663 suos,
89 2631 116 2657 et
128 2629 281 2657 invenient
302 2630 431 2664 quatuor
458 2626 648 2663 receptacula
662 2626 817 2654 defuncto-

2 2678 72 2705 rum,
85 2673 193 2702 scilicet
204 2673 313 2701 caelum
324 2680 512 2710 empyreum,
521 2671 605 2708 quod
619 2673 648 2700 et
657 2671 816 2707 paradisus

681 116 820 148 CONTRA
839 117 995 146 GRAECOS.

1637 126 1694 157 514

866 179 1025 253 Satorum
1053 181 1169 217 dicitur,
1196 183 1359 220 infernum,
1390 186 1518 217 limbum
1539 190 1568 218 et
1581 197 1690 226 purga-

900 233 989 253 rium.

879 232 978 253 ortum
983 247 989 254 .

902 271 942 298 De
957 271 1056 307 primo
1070 274 1098 301 et
1114 274 1247 304 secundo
1259 276 1340 306 dicta
1354 277 1513 307 sufﬁciant.

902 315 1244 365 Detertio‘respondebit
1261 321 1441 351 Athanasius
1453 323 1517 351 vice
1530 326 1642 353 nostra.
1659 324 1692 352 In

867 360 1010 396 prmdicto
1023 361 1172 398 siquidem
1182 363 1258 393 libro
1271 366 1473 400 Quaestionum
1484 376 1619 402 suarum,
1629 376 1692 397 mo-

867 406 1065 436 veturiterum
1075 416 1093 436 a
1109 413 1260 445 quaerente
1272 413 1398 447 quaestio
1410 413 1492 441 talis:
1509 414 1572 447 Ubi,
1582 422 1690 450 quaeso,

868 454 949 486 sunt,
957 453 1187 487 velperveniunt
1190 457 1282 489 pueri
1295 457 1441 493 defuncti,
1449 459 1494 487 vel
1500 459 1532 486 in
1539 459 1692 487 tormentis

869 496 916 524 vel
926 497 958 524 in
974 500 1087 532 regno?
1113 499 1147 526 Et
1161 498 1213 528 ubi
1232 499 1398 530 inﬁdelium
1422 502 1527 538 pueri?
1539 503 1591 531 Ubi
1602 502 1692 531 etiam

868 548 930 569 non
954 541 1108 578 baptizati,
1133 546 1161 572 et
1179 545 1311 574 defuncti
1332 547 1345 573 ‘I
1374 555 1444 575 cum
1475 547 1616 576 ﬁdelibus
1645 547 1693 576 vel

868 585 1063 616 inﬁdelibus?
1089 588 1135 616 Ad
1157 589 1213 617 has
1231 590 1333 627 itaque
1360 592 1542 628 quaestiones
1566 593 1694 622 breviter

871 631 1056 661 satisfaciens
1072 634 1215 669 quaerenti
1227 637 1381 672 respondit
1394 645 1401 664 :
1417 649 1430 663 «
1448 639 1574 666 Domino
1589 640 1693 667 nostro

870 677 986 706 dicente
999 685 1005 705 :
1019 677 1115 707 Sinite
1124 680 1271 713 parvulos
1286 682 1387 710 venire
1398 682 1439 710 ad
1452 691 1509 717 me,
1525 684 1635 712 talium
1651 685 1693 711 est

871 730 997 758 regnum
1008 723 1147 751 cazlorum
1159 724 1183 742 ⁶⁰
1192 733 1201 759 ;
1218 724 1386 762 iterumque
1400 727 1543 763 Apostolo
1558 728 1673 756 dicente
1685 736 1692 755 :

871 768 955 795 Nunc
975 771 1075 796 autem
1101 769 1162 803 ﬁlii
1184 771 1277 798 vestri
1296 772 1396 799 sancti
1406 775 1475 800 sunt
1490 774 1523 808 ιι,
1537 773 1695 801 manifeste

872 814 996 848 constat,
1013 813 1096 849 quod
1121 815 1268 851 tanquam
1292 816 1429 845 mundati
1439 819 1466 845 et
1479 816 1593 852 ﬁdeles,
1606 817 1637 845 in
1652 825 1694 846 re-

871 863 967 891 gnum
993 857 1106 886 intrant
1130 859 1366 889 Christianorum
1394 860 1447 889 ﬁlii
1459 862 1612 898 baptizati.
1630 863 1694 890 Non

870 901 1011 950 baptizati
1026 905 1137 950 autem,
1151 906 1180 932 et
1195 904 1283 933 etiam
1308 905 1464 940 gentilium
1485 906 1579 942 pueri,
1596 914 1695 942 nequc

871 947 902 973 in
917 953 1045 981 regnum
1055 947 1175 983 intrant,
1191 956 1290 985 neque
1304 949 1410 978 iterum
1427 949 1466 978 ad
1482 952 1630 979 tormenta
1643 958 1696 979 va-

871 991 963 1020 dunt:
994 994 1064 1019 sunt
1089 992 1169 1020 enim
1193 996 1328 1029 expertes
1350 995 1464 1030 peccati
1491 994 1559 1031 (14).
1581 1005 1595 1019 ››
1620 995 1695 1023 Cum

869 1036 959 1072 igitur
973 1036 1060 1065 Pater
1079 1039 1201 1066 sanctus
1209 1038 1372 1067 asserenda
1386 1039 1475 1074 dicat,
1491 1040 1610 1068 animas
1624 1047 1695 1076 pue-

870 1089 973 1110 rorum
986 1089 1049 1110 non
1059 1082 1279 1119 baptizatorum
1288 1091 1344 1112 nec
1352 1084 1486 1120 paradisi
1499 1084 1609 1121 perfrui
1623 1092 1695 1120 gau-

871 1126 939 1162 diis,
953 1134 1051 1163 neque
1065 1127 1173 1156 iterum
1184 1128 1334 1157 cruciatus
1346 1128 1465 1164 inferni,
1477 1137 1547 1157 cum
1562 1129 1620 1157 sint
1631 1129 1696 1157 sino

871 1171 1039 1200 actualibus
1053 1172 1195 1208 peccatis,
1227 1173 1381 1207 sustinere,
1407 1173 1525 1210 reliquit
1538 1174 1569 1202 in
1593 1175 1697 1202 nostra.

870 1216 1063 1251 intelligentia
1072 1216 1173 1245 locum
1181 1217 1311 1252 tertium,
1323 1218 1374 1246 ubi
1385 1218 1494 1247 animas
1508 1218 1622 1254 talium,
1635 1218 1696 1246 Deo

869 1260 1003 1296 jubente,
1019 1263 1089 1296 post
1100 1261 1180 1289 hanc
1192 1261 1287 1290 vitam
1309 1262 1502 1298 recipiuntur,
1525 1262 1556 1291 in
1569 1270 1628 1298 quo
1643 1262 1696 1290 sci-

870 1304 939 1332 licet
950 1312 1005 1333 nec
1032 1305 1105 1334 boni
1123 1307 1326 1342 praesentiam,
1349 1315 1405 1336 nec
1429 1306 1501 1336 mali
1525 1307 1697 1335 sensibilem

872 1357 995 1385 pinnam
1021 1349 1155 1386 aliquam
1183 1351 1384 1387 experiantur.
1410 1351 1445 1379 Et
1458 1352 1528 1380 licet
1546 1351 1616 1380 huic
1629 1351 1697 1380 loco

872 1395 956 1422 Pater
964 1397 1085 1423 sanctus
1096 1403 1208 1424 nomen
1217 1403 1280 1424 non
1290 1396 1475 1432 imposuerit,
1489 1397 1585 1425 sancti
1597 1398 1697 1425 tamen

873 1439 976 1472 Latini,
992 1442 1025 1468 ut
1033 1441 1227 1475 Augustinus.
1245 1442 1402 1477 Gregorius
1417 1443 1446 1470 et
1459 1441 1568 1476 caeteri,
1584 1442 1697 1478 quippe

873 1484 925 1520 qui
940 1483 1047 1512 eodem
1062 1484 1166 1521 spiritu
1187 1485 1292 1521 repleti
1317 1485 1446 1519 fuerunt,
1463 1486 1696 1514 determinantes

873 1529 910 1556 de
925 1528 1048 1557 nomine
1059 1529 1128 1564 loci,
1139 1529 1219 1558 hunc
1229 1530 1330 1558 locum
1352 1531 1450 1558 sinum
1476 1531 1619 1563 Abrahae,
1637 1530 1696 1558 sive

872 1572 1001 1602 limbum
1025 1574 1269 1609 nominaverunt,
1285 1574 1315 1602 in
1334 1582 1426 1611 quem
1450 1577 1519 1603 ante
1534 1574 1697 1603 adventum

874 1617 978 1646 Christi
986 1618 1079 1647 sancti
1086 1620 1185 1647 Patres
1191 1618 1425 1647 descendebant.
1433 1620 1516 1647 Nunc
1522 1626 1593 1646 vero
1599 1617 1695 1654 pueri,

872 1663 925 1699 qui
939 1662 1055 1700 absque
1068 1663 1220 1700 baptismo
1242 1663 1402 1700 decedunt,
1425 1663 1491 1692 sine
1503 1671 1595 1700 poena
1606 1662 1697 1692 sensi-

871 1706 932 1743 bili,
948 1710 981 1737 ut
994 1707 1107 1737 dictum
1121 1710 1174 1744 est,
1197 1708 1375 1745 detinentur,

1024 1799 1175 1836 Probatio,
1192 1800 1272 1836 quod
1285 1800 1325 1828 sit
1337 1800 1559 1836 purgaton'um.

906 1904 946 1932 De
961 1905 1070 1940 quarto
1093 1902 1171 1936 loco,
1192 1901 1223 1929 id
1245 1903 1289 1929 est
1310 1900 1497 1937 purgatorio,
1518 1898 1613 1928 multa
1632 1906 1699 1928 san.

870 1950 986 1977 ctorum
999 1950 1121 1977 Patrum
1134 1946 1305 1975 testimonia
1319 1946 1496 1982 reperimus.
1511 1946 1545 1974 Et
1554 1944 1652 1981 primo
1666 1944 1698 1972 in

869 1993 1002 2030 Epistola
1026 1993 1065 2022 ad
1083 1991 1260 2023 Corinthios,
1282 1990 1334 2018 ubi
1347 1990 1479 2026 loquitur
1505 1989 1664 2026 Apostolus
1691 2004 1700 2024 ε

867 2039 1110 2068 Fundamentum
1119 2037 1205 2066 aliud
1213 2044 1297 2065 nemo
1304 2038 1399 2071 potest
1412 2042 1531 2070 ponere,
1545 2037 1657 2069 praeter
1666 2033 1699 2061 id

832 2099 856 2126 Β
870 2085 949 2120 quod
962 2084 1089 2119 positum
1104 2085 1156 2115 est,
1173 2082 1252 2118 quod
1264 2083 1305 2109 est
1320 2080 1458 2109 Christus
1477 2081 1572 2108 Jesus.
1585 2078 1618 2106 Si
1632 2079 1697 2114 quis

870 2130 968 2157 autem
983 2127 1204 2163 superadiﬁcat
1218 2133 1310 2161 supra
1330 2125 1561 2160 fundamentum
1577 2122 1699 2156 ltoc,au-

871 2182 949 2207 rum,
960 2175 1130 2209 argentum,
1143 2171 1289 2206 pretiosos
1301 2169 1423 2205 lapides,
1436 2170 1563 2204 lignum,
1571 2168 1697 2203 fumum,

870 2218 1014 2253 stipulam
1022 2225 1028 2244 :
1037 2216 1273 2250 uniuscujusque
1279 2222 1351 2249 opus
1360 2214 1551 2248 manifestum
1558 2212 1698 2241 erit.Dies

872 2263 949 2291 enim
964 2261 1085 2290 Domini
1098 2259 1278 2295 declarabit,
1292 2260 1344 2295 qui
1360 2259 1392 2286 in
1411 2259 1477 2293 igne
1493 2257 1697 2290 revelabitur;

873 2309 900 2336 et
910 2307 1146 2342 uniuscujusque
1154 2313 1237 2340 opus,
1250 2304 1339 2340 quale
1349 2305 1397 2338 sit,
1407 2303 1488 2338 ignis
1499 2302 1650 2337 probabit.
1667 2301 1700 2330 Si

871 2353 1036 2387 cujusopus
1057 2349 1299 2386 manserit,quod
1316 2347 1577 2383 supertediﬁcavit,
1591 2354 1700 2375 merce-

872 2397 937 2425 dem
946 2396 1090 2431 accipiet;
1098 2396 1200 2429 siopus
1209 2393 1540 2428 arseril,detrimentum
1545 2392 1699 2427 patietur;

871 2445 1038 2478 ipseautem
1045 2442 1146 2470 salvus
1162 2440 1218 2468 erit
1230 2439 1285 2473 ;sic
1297 2441 1396 2466 tamen
1411 2437 1697 2473 quasiperiynem“.

873 2489 947 2518 Cum
958 2487 1084 2524 quidam
1094 2486 1251 2513 doctorum
1266 2491 1391 2512 suorum
1402 2482 1479 2510 inter
1493 2489 1544 2509 eos
1557 2480 1697 2508 attentius

870 2533 1131 2562 utdictumlocum
1140 2531 1312 2566 exponeret,
1327 2527 1452 2563 adjecit:
1466 2528 1593 2560 «Ignem
1606 2525 1698 2552 istum

871 2578 1019 2607 credimus
1038 2577 1224 2614 καθάρτήριον,
1240 2574 1271 2602 id
1296 2575 1338 2602 est
1357 2569 1644 2604 mundiﬁcatorium,
1666 2569 1697 2597 in

870 2631 932 2661 quo
947 2623 1056 2651 animo:
1069 2621 1280 2649 defunctorum
1294 2617 1462 2655 probantur
1475 2618 1620 2651 tanquam
1643 2621 1696 2643 au-

869 2677 938 2698 rum
951 2667 984 2697 in
997 2667 1128 2698 fornace.
1148 2677 1162 2692 ›ι

33 2735 53 2752 ⁸ο
68 2735 162 2765 Matth.
178 2744 206 2769 x,
221 2737 268 2765 13.
283 2736 305 2754 σι
320 2734 332 2763 I
349 2736 414 2765 Cor.
434 2742 486 2770 vn,
500 2735 547 2765 14.
559 2735 583 2754 ⁸³
598 2735 620 2764 Ι.
636 2735 701 2765 Cor.
718 2741 760 2771 ui,
778 2734 876 2772 11-45.

35 2799 85 2834 (tt)
99 2797 233 2830 Actualis
248 2796 368 2828 scilicet.
