1948 3079
253 114 308 144 m5

866 109 1108 144 PANTALEONlS
1125 111 1270 144 nucem
1289 115 1339 143 ορ·
1916 106 1926 143 t

255 179 364 206 Sancta
376 184 498 214 quoque
525 175 664 211 Macrine,
689 180 774 206 soror
787 177 867 206 beati
881 177 986 210 Basilii,
1003 183 1073 206 cum
1088 180 1112 206 Α
1130 186 1184 214 per
1197 178 1320 206 beatum
1338 177 1526 213 Gregorium,
1542 176 1595 213 qui
1611 176 1764 212 Dialogus
1785 175 1901 208 dicitur,
1916 176 1926 205 f

254 224 333 250 esset
344 222 518 250 liberalibus
532 221 637 250 studiis
649 221 767 250 imbuta
778 224 806 250 et
834 222 943 257 Spiritu
972 224 1075 251 sancto

255 265 376 301 repleta,
390 266 466 294 inter
480 265 539 293 alia
550 272 619 301 quas
629 265 667 293 de
687 265 780 293 sacris
804 265 1022 293 eruditionibus
1035 266 1077 294 di-

254 310 770 346 vinarumScripturarumcxposuit,
780 310 892 346 deigne
905 311 1077 346 purgatorio

255 355 326 384 talia
339 357 446 383 testata
468 357 515 383 est
534 355 655 383 dicens:
669 366 683 380 ι(
705 356 824 391 Oportet
845 355 979 383 animam
990 355 1029 383 ad
1041 356 1077 383 si—

254 399 454 428 militudinem
466 399 518 427 Dei
532 399 654 432 factam,
666 399 705 427 ad
717 399 818 436 ipsum
833 399 928 428 redire
941 409 947 434 ;
961 408 1022 428 non
1033 408 1077 428 re-

255 443 298 472 dit
310 446 411 472 autem
420 444 477 471 nisi
493 446 638 479 purgata;
653 446 800 480 purgatur
813 451 887 472 vero
897 452 950 480 per
964 445 1077 480 ignem,

254 488 412 524 posthanc
432 488 525 516 vitam
536 490 687 524 paratum.
704 499 718 514 n

289 532 371 560 Istud
385 532 588 560 testimonium
602 532 748 568 reperitur
773 532 804 560 in
831 532 1007 560 tractatibus
1028 533 1080 570 qui

254 577 395 605 Macrino
413 577 617 605 nominantur.
640 577 698 604 Sed
724 577 825 605 forsan
847 577 946 605 dicent
970 577 1079 606 nobis:

255 623 314 649 Nos
338 621 542 649 testimonium
557 621 717 649 mulierum
738 629 800 649 non
815 621 977 650 credimus.
989 623 1058 650 Esto
1072 622 1078 649 ε

254 665 384 693 Audiant
397 665 486 700 igitur
501 665 621 693 fratrem
640 665 776 700 ejusdem
790 665 913 700 virginis
934 673 1080 700 magnum

255 710 408 738 doctorem
422 709 557 737 Ecclesiae
567 709 689 737 beatum
710 709 885 744 Gregorium
898 711 1078 746 Nyssenum,

255 761 335 790 qua,
353 756 381 781 et
394 753 498 789 qualia
512 753 542 780 in
558 761 709 787 sermone,
726 753 778 789 qui
791 754 821 781 in
833 755 931 790 primo
949 754 1081 782 Sabbato

255 797 557 835 postPentecostenin
564 798 851 826 commemoratione
859 798 1080 831 defunctorum,

256 843 375 878 legitur,
402 842 439 870 de
475 842 545 876 igne
568 842 742 877 purgatorio
773 842 880 870 referat
900 843 1079 871 testimonia.

259 887 332 916 Dicit
347 887 428 915 enim
453 895 489 913 ει(
509 886 537 913 Si
562 886 730 914 humanam
751 890 890 914 naturam
914 887 1082 915 voluntarie

255 932 342 967 juxta
350 931 435 959 liberi
444 930 558 958 arbitrii
569 932 685 958 motum
694 930 817 966 quidem
827 931 997 959 indecenter
1006 939 1082 968 pras-

258 975 430 1011 cipitantem
445 982 486 1009 se,
500 974 642 1002 violenter
653 982 688 1002 ac
700 978 803 1002 coacto
816 975 853 1002 ad
882 983 972 1003 suum
992 976 1082 1004 bene-

257 1019 401 1055 placitum
412 1021 630 1054 transponeret,
643 1018 675 1046 id
690 1021 743 1051 est,
760 1019 798 1046 ad
810 1027 841 1047 se
852 1020 980 1048 traheret
995 1022 1080 1053 Deus,

257 1063 303 1091 vel
318 1063 481 1096 induceret,
496 1062 607 1090 ablatio
619 1065 699 1091 esset
716 1063 781 1090 haec
793 1063 895 1099 utique
908 1064 1081 1099 prezhabitas

257 1107 397 1136 bonitatis
410 1110 438 1135 et
462 1107 679 1143 mquipollentis
698 1107 749 1135 Dei
770 1107 922 1142 dignitatis
942 1108 1078 1143 privatio.

258 1151 384 1188 JEquale
399 1151 451 1178 Dei
465 1153 508 1179 est
521 1151 648 1178 liberum
663 1151 833 1180 arbitrium.
852 1153 886 1179 Ut
898 1160 969 1187 ergo
986 1156 1015 1180 et
1027 1161 1080 1189 po-

258 1198 349 1224 testas
363 1198 498 1224 maneret
512 1199 638 1230 naturae,
654 1198 682 1223 et
697 1195 812 1223 malum
823 1196 1001 1231 aboleretur,
1024 1198 1081 1225 hoc

258 1241 370 1269 invenit
380 1241 430 1268 Dei
451 1239 597 1275 sapientia
611 1240 778 1273 consilium,
795 1240 943 1269 dimittere
973 1241 1082 1270 scilicet

257 1286 413 1317 hominem
426 1285 457 1312 in
471 1285 528 1318 his,
544 1284 574 1311 in
588 1285 701 1320 quibus
713 1285 808 1313 voluit
821 1294 899 1319 esse,
913 1289 944 1314 ut
957 1287 1081 1321 gustatis

259 1330 356 1363 malis,
372 1338 441 1366 quas
453 1331 595 1365 operatus
602 1331 656 1363 est,
668 1337 773 1357 rursus
788 1330 890 1358 redeat
905 1339 958 1366 per
968 1331 1082 1359 deside-

256 1375 334 1404 rium
350 1373 551 1402 voluntarium
565 1373 604 1401 ad
613 1373 771 1409 pristinam
780 1374 1004 1410 beatitudinem,
1021 1383 1085 1403 om-

259 1427 357 1456 neque
368 1418 508 1446 vitiosum
521 1420 550 1446 et
571 1417 774 1446 irrationabile
786 1419 943 1454 quoddam
963 1420 1084 1456 pondus

258 1466 454 1500 postponens,
466 1464 494 1490 et
510 1470 670 1490 removens
684 1470 703 1490 a
717 1466 835 1499 natura,
865 1464 927 1492 sive
942 1464 1084 1500 praesenti
1099 1475 1118 1502 C

258 1510 317 1537 vita
330 1516 383 1545 per
402 1508 553 1536 orationes
575 1510 603 1535 et
625 1508 848 1536 observantiam
869 1510 1084 1537 mandatorum

258 1553 429 1590 expleatur:
447 1552 495 1580 vel
507 1555 574 1588 post
596 1552 675 1580 hanc
686 1552 776 1580 vitam
802 1554 923 1589 penitus
950 1561 1002 1590 per
1015 1561 1085 1590 pur-

260 1597 368 1634 gatorii
380 1597 458 1633 ignis
470 1596 684 1625 conﬂationem
696 1600 857 1632 purgetur.
877 1608 892 1623 η

296 1645 368 1671 Item
390 1642 498 1670 beatus
527 1641 662 1673 Basilius,
696 1641 891 1670 introducens
920 1649 1085 1678 personam

259 1686 392 1716 defuncti
411 1686 586 1722 loquentem
612 1685 643 1713 in
668 1685 771 1714 Oﬁicio
798 1689 988 1715 mortuorum
1014 1687 1086 1715 talia

261 1731 350 1759 dicit:
367 1742 381 1755 ‹‹
397 1731 500 1764 Imago
513 1738 580 1757 sum
598 1729 757 1757 inetfabilis
780 1729 882 1764 gloriae
904 1734 971 1758 ture.
998 1732 1031 1759 Et
1060 1731 1085 1758 si

262 1776 403 1810 stigmata
411 1774 458 1802 vel
465 1774 643 1810 punctiones
651 1776 738 1809 porto
746 1774 934 1810 delictorum,
946 1775 1086 1803 miserere

261 1822 321 1848 tuas
336 1818 555 1855 plasmationis,
571 1818 703 1851 Domine,
726 1821 754 1846 et
779 1826 877 1854 purga
900 1827 953 1855 per
972 1820 1086 1848 viscera

262 1863 475 1892 misericordias
485 1866 558 1891 tum:
571 1865 599 1890 et
624 1862 855 1891 desiderabilem
878 1864 1086 1899 paenitentiam

262 1908 394 1938 concede
404 1908 488 1942 mihi,
499 1907 634 1943 paradisi
644 1907 740 1935 civem
752 1915 857 1935 rursus
872 1908 985 1937 faciens
997 1918 1055 1937 me.
1070 1921 1085 1934 υ

284 1955 357 1982 Item
364 1951 615 1986 Damascenus,in
625 1959 763 1980 sermone
774 1956 973 1987 mortuorum,
982 1954 1086 1982 volens

262 1997 390 2035 probare
399 1997 482 2034 quod
492 1996 702 2032 eleemosynae,
721 1999 749 2025 et
757 1998 918 2032 orationes,
932 2001 960 2026 et
968 1999 1026 2026 alia
1034 1999 1086 2027 be-

262 2042 370 2071 neﬁcia
380 2041 516 2070 Ecclesiae
525 2041 640 2077 prosint
648 2040 807 2074 defunctis,
816 2041 987 2076 introducit,
1002 2043 1087 2071 verbi

263 2087 369 2124 gratia,
378 2086 561 2121 exemplum,
570 2086 652 2122 quod
660 2085 691 2113 in
699 2086 768 2114 Vitis
777 2088 897 2114 Patrum
906 2087 943 2115 de
951 2088 1087 2124 quodam

263 2132 412 2168 discipulo
427 2130 585 2166 cujusdam
596 2129 689 2158 Patris
712 2130 828 2167 legitur,
840 2133 869 2160 et
883 2131 954 2160 dicit
966 2141 973 2160 :
986 2143 1000 2158 ι(
1012 2133 1086 2160 Cum

263 2178 364 2204 autem
377 2175 535 2203 defunctus
545 2177 623 2203 esset
631 2174 796 2211 discipulus
807 2176 884 2212 ejus,
900 2176 974 2204 scire
985 2176 1087 2204 volens

264 2227 363 2255 senex,
376 2227 443 2256 quae
454 2221 482 2247 et
496 2219 597 2255 qualia
607 2220 764 2248 meruisset
776 2220 807 2248 in
830 2220 892 2248 vita
905 2229 959 2249 sua
970 2221 1088 2256 juvenis

262 2264 503 2299 ille,coepitaures
509 2263 626 2292 Domini
632 2264 801 2292 orationum
809 2264 950 2293 instantia
956 2265 1086 2301 pulsare.

265 2309 397 2345 Cumque
421 2308 477 2337 ista
500 2315 554 2344 per
572 2308 674 2344 aliqua
701 2308 845 2336 horarum
863 2309 960 2344 spatia
972 2309 1088 2345 ﬁerent,

263 2353 337 2382 vidit
352 2360 442 2381 senex
453 2353 628 2389 praedictum
637 2353 779 2388 juvenem
792 2353 823 2381 in
835 2353 929 2382 ﬂuvio
941 2354 1030 2389 igneo
1041 2363 1090 2382 us-

264 2406 323 2435 que
331 2398 369 2426 ad
376 2398 480 2433 gulam
490 2397 676 2426 demersum.
688 2399 762 2426 Cum
771 2405 840 2426 vero
847 2398 973 2426 orationi
982 2399 1090 2427 anxius

263 2444 461 2478 incumberet,
467 2443 620 2480 prospexit
627 2442 768 2471 eumdem
774 2450 871 2479 usque
878 2443 917 2470 ad
923 2443 1088 2478 cingulum.

266 2488 373 2517 Ultimo
383 2490 484 2517 autem
498 2487 641 2516 orationis
654 2486 801 2516 beneﬁcio
811 2495 847 2516 ex
859 2489 922 2516 toto
929 2487 1089 2516 liberatum

264 2533 391 2570 aspexit.
408 2543 423 2558 η

301 2578 359 2606 Sed
371 2578 472 2606 dicent
485 2576 587 2604 forsan
607 2575 715 2604 Grmci:
728 2586 742 2600 ‹‹
759 2576 862 2611 Ignem
885 2576 976 2604 istum
996 2576 1090 2604 credi-

264 2631 333 2650 mus
341 2623 442 2658 ignem
453 2621 639 2654 infernalem‘,
649 2627 667 2649 θ.
675 2627 737 2657 quo
746 2620 837 2648 etiam
846 2620 972 2656 quidam
982 2621 1090 2649 virtute

265 2666 409 2696 orationis
423 2665 598 2698 liberantur,
614 2667 646 2694 ut
674 2664 821 2700 Traianus
837 2664 1012 2701 imperator,
1038 2664 1091 2702 qui

302 2765 328 2802 9'
340 2766 352 2793 I
366 2766 432 2795 Cor.
449 2773 491 2800 ui,
509 2767 552 2794 tt.

1131 225 1324 251 sustentatus.
1339 222 1419 250 »Sed
1434 224 1538 250 contra
1547 222 1654 250 beatus
1673 220 1808 249 Basilius
1825 221 1856 248 iu
1867 221 1926 250 Otﬁe

1130 269 1328 300 mortuorum,
1337 267 1373 294 de
1380 267 1563 295 infructuosa
1570 266 1753 302 pcem'tentia
1761 265 1926 294 exsistentiu

1131 311 1162 339 in
1173 311 1288 339 inferno
1300 312 1368 339 talia
1379 312 1502 339 fatetur:
1517 320 1530 335 ‹‹
1548 310 1624 344 Quid
1636 310 1775 338 turbaris
1788 310 1926 346 importur

1132 364 1150 384 o
1163 357 1276 384 homo?
1289 364 1348 384 una
1361 356 1442 389 hora,
1459 358 1488 383 et
1502 355 1606 383 omnia
1620 355 1829 391 praetereunt:
1846 362 1903 382 nou
1921 362 1926 383 4

1133 401 1162 429 in
1176 400 1292 429 inferno
1303 400 1475 437 poenitentia
1489 409 1496 434 ;
1508 408 1563 428 nec
1578 399 1671 428 estibi
1699 400 1840 435 requies.
1854 399 1892 426 Ibi
1905 407 1926 427 γε

1133 446 1201 481 mis,
1214 446 1266 482 qui
1278 454 1338 473 non
1352 445 1472 481 dormit,
1488 445 1530 473 ibi
1546 448 1623 473 terra
1646 444 1789 472 obscura
1804 446 1834 472 et
1846 446 1904 472 tota
1916 452 1926 472 ι]

1132 490 1252 519 bulosa.
1272 502 1286 515 ››

1170 535 1243 563 Item
1259 535 1364 563 beatus
1379 533 1569 568 Athanasius,
1581 541 1651 561 cum
1659 534 1856 570 quaereretur
1864 541 1881 560 θ.
1888 541 1926 568 qui

1135 579 1216 612 dam,
1229 587 1296 616 quae
1307 583 1406 606 essent
1414 578 1464 606 illa
1473 581 1607 613 peccata,
1619 585 1689 614 quas
1700 585 1759 613 per
1768 577 1921 610 orationes,

1135 624 1195 652 alia
1209 623 1365 657 beneﬁcia,
1381 626 1409 650 ct
1420 623 1565 659 suffragia
1580 622 1738 650 diiuentur
1752 624 1825 658 post
1836 625 1926 649 morte!

1135 668 1289 704 respondit
1300 668 1336 695 de
1346 668 1391 695 his
1402 675 1407 694 :
1419 678 1434 692 (ι
1447 668 1573 702 Magnus
1594 666 1764 702 Dionysius
1782 666 1825 693 sic
1841 665 1919 693 dicit:

1136 712 1258 749 quidem
1267 712 1345 739 levia
1354 715 1383 739 et
1391 711 1513 739 subtilia
1521 711 1668 738 exsistunt
1676 713 1812 746 peccata
1821 710 1926 738 defunct

1136 765 1213 787 rum.
1226 756 1394 792 percipiunt
1410 756 1564 783 utilitatem
1580 755 1617 783 de
1641 754 1818 787 beneﬁciis,
1838 762 1898 790 quae
1911 762 1926 790 ρ

1136 802 1177 829 eis
1188 801 1296 829 fuerint
1307 809 1312 827 :
1324 801 1348 828 si
1359 808 1427 828 vero
1438 800 1543 834 gravia
1555 799 1601 827 vel
1613 800 1716 836 turpia
1729 799 1842 827 fuerint
1852 807 1926 835 pecca

1136 846 1277 878 hominis,
1294 845 1440 873 conclusit
1456 847 1562 872 contra
1576 852 1656 878 eum,
1669 844 1720 871 vel
1742 844 1884 871 adversus
1897 851 1924 870 eu

1137 893 1223 919 Deus.
1239 892 1344 918 Verum
1361 892 1460 918 tamen
1482 891 1599 925 oportet
1621 897 1678 916 nos
1690 896 1802 916 curam
1817 892 1926 922 gereret

1136 935 1264 971 propriis
1272 934 1443 968 animabus,
1451 937 1478 961 et
1487 941 1548 961 non
1557 927 1680 968 sperare
1688 936 1761 968 post
1776 937 1894 960 mortem
1907 939 1926 967 p4

1135 980 1209 1008 alias
1216 979 1383 1007 oblationes
1392 978 1535 1014 consequi
1543 977 1662 1005 veniam
1674 977 1868 1005 delictorum.
1877 988 1887 999 ιι
1896 977 1926 1003 lla

1135 1027 1163 1052 et
1175 1025 1221 1052 his
1233 1024 1341 1051 similia
1356 1023 1385 1050 in
1400 1023 1470 1050 Vitis
1486 1024 1616 1055 Patrum,
1644 1024 1672 1049 et
1688 1022 1721 1049 in
1743 1021 1866 1056 Dialogo
1887 1020 1926 1047 bra

1135 1069 1275 1104 Gregorii,
1301 1075 1390 1104 quem
1417 1067 1551 1094 similiter
1576 1066 1739 1102 recipiunt,
1755 1066 1794 1093 de
1810 1066 1926 1093 animabl

1135 1114 1344 1142 defunctorum
1360 1112 1548 1147 reperiuntur
1559 1110 1737 1138 testimonia
1751 1118 1758 1137 :
1775 1118 1841 1146 quas
1855 1115 1926 1145 purga

1135 1159 1244 1187 torium
1263 1158 1362 1185 locum
1377 1159 1445 1193 post
1460 1159 1586 1183 mortem
1603 1163 1667 1183 esse
1691 1154 1873 1182 sufﬁcienter
1886 1152 1926 1180 ind

1132 1206 1211 1235 cant,
1225 1203 1279 1230 etsi
1303 1201 1412 1230 Paulus
1434 1200 1583 1229 tacuisset.
1598 1200 1692 1227 Graeci
1709 1199 1807 1227 nostri
1820 1196 1926 1233 tempori

1135 1251 1319 1276 terrenarum
1332 1253 1431 1273 rerum
1444 1245 1653 1278 sollicitudine,
1686 1252 1752 1272 non
1769 1247 1832 1271 tam
1849 1250 1896 1278 pro
1914 1250 1926 1267 Si

1134 1301 1228 1330 quam
1244 1290 1450 1327 prouxoribus
1470 1289 1532 1317 suis
1543 1287 1926 1324 etﬁliisoccupati,tenentt

1135 1339 1205 1366 bros
1222 1336 1363 1373 pulchros
1371 1335 1495 1371 quidem
1511 1337 1539 1362 et
1552 1341 1648 1368 veros,
1662 1334 1722 1361 nisi
1737 1341 1816 1369 quos
1830 1336 1926 1366 corrupt

1136 1384 1215 1416 runt,
1240 1381 1368 1414 clausos,
1383 1379 1456 1415 quin
1475 1381 1502 1406 et
1518 1378 1574 1406 sibi
1597 1378 1720 1414 penitus
1736 1378 1867 1412 ignotos;
1883 1373 1926 1402 und

1137 1427 1224 1455 nobis
1239 1425 1405 1457 veritatem,
1422 1431 1516 1460 quam
1527 1425 1637 1457 tenent,
1651 1425 1680 1450 et
1698 1423 1846 1458 ignorant,
1861 1418 1926 1456 praedi

1139 1471 1288 1504 cantibus,
1295 1469 1384 1506 quasi
1390 1468 1518 1498 falsariis
1526 1468 1760 1504 Scripturarum,
1769 1465 1926 1495 etnovainar

1139 1517 1202 1544 dita
1210 1513 1483 1550 dogmatizantibus
1495 1512 1701 1541 contradicere
1714 1520 1776 1540 non
1786 1512 1913 1539 verentur.

1175 1560 1229 1588 Alii
1243 1566 1313 1588 vero
1325 1558 1457 1587 obducto
1471 1557 1633 1593 supercilio
1648 1557 1782 1592 grandia
1805 1555 1886 1583 verba
1896 1556 1926 1580 tru

1140 1605 1279 1638 tinantes,
1299 1603 1507 1631 auctoritatem
1530 1601 1664 1638 Apostoli
1690 1602 1732 1630 ad
1745 1598 1896 1629 Corinthios
1907 1601 1926 1623 re

1140 1651 1337 1686 pugnantem,
1359 1655 1414 1684 pro
1441 1655 1472 1675 se
1501 1653 1651 1683 exponere
1675 1648 1833 1674 conantur.
1858 1642 1926 1670 Dicun

1140 1694 1220 1722 enim
1234 1702 1241 1721 :
1255 1693 1500 1721 Fundamentum
1523 1690 1611 1719 aliud
1626 1697 1714 1719 nemo
1742 1695 1848 1725 ponere
1865 1688 1926 1721 pom

1138 1741 1250 1774 prwter
1262 1736 1390 1773 id,quod
1403 1737 1530 1772 positum
1547 1738 1599 1769 est,
1616 1736 1697 1771 quod
1713 1737 1756 1764 est
1772 1733 1894 1762 Christus
1906 1729 1926 1755 Jt

1140 1791 1189 1811 sus
1201 1783 1234 1810 ⁸³.
1245 1782 1487 1810 Fundamentum
1496 1788 1602 1815 unum,
1614 1780 1690 1808 sicut
1692 1780 1759 1815 jam
1772 1777 1897 1806 diximus,
1906 1779 1926 1799 et

1140 1828 1187 1856 ille
1200 1827 1276 1864 lapis
1290 1826 1444 1862 angularia
1457 1825 1603 1860 Christus,
1619 1832 1714 1861 super
1727 1831 1817 1861 quem
1828 1818 1926 1864 aediﬁcat

1141 1875 1211 1900 sunt
1225 1871 1353 1908 apostoli
1368 1873 1396 1898 et
1405 1870 1569 1907 prophetas,
1581 1871 1610 1897 et
1620 1869 1672 1905 qui
1688 1877 1744 1906 pro
1765 1871 1885 1902 tempore
1892 1863 1926 1890 ind

1141 1919 1210 1945 runt
1216 1918 1314 1944 Patres
1324 1915 1449 1952 Spiritus
1456 1915 1506 1942 Dei
1516 1914 1607 1951 pleni.
1615 1918 1732 1942 Aurum
1739 1921 1817 1946 vero,
1825 1913 1850 1939 et
1858 1914 1926 1943 argeﬂ

1142 1964 1218 1995 tum,
1229 1964 1257 1988 et
1269 1960 1386 1996 lapides
1402 1959 1525 1996 pretiosi
1541 1958 1794 1995 suntevangelica
1807 1955 1926 1992 princepla

1143 2009 1171 2034 et
1177 2005 1300 2033 altitudo
1307 2005 1479 2033 divinorum
1485 2004 1674 2039 dogmatum,
1690 2005 1794 2031 contra
1799 2007 1861 2037 quae
1866 1998 1926 2034 porta

1143 2050 1229 2079 inferi
1241 2057 1302 2078 non
1318 2051 1444 2085 possunt
1462 2048 1636 2085 praevalere.
1663 2047 1764 2077 Conati
1778 2048 1843 2073 sunt
1854 2039 1926 2087 αἰξίξο

1144 2095 1244 2123 minus
1251 2102 1341 2130 super
1346 2093 1418 2121 illud
1425 2093 1657 2121 fundamentum
1664 2090 1826 2124 immobile,
1840 2085 1926 2115 malitia

1144 2139 1169 2167 si
1183 2140 1354 2171 sectatores,
1361 2137 1568 2165 haeresiarchas
1574 2137 1652 2171 dico,
1659 2136 1854 2165 adulterantes
1860 2132 1883 2157 et
1891 2133 1926 2154 cor

1141 2185 1315 2219 rumpentes
1333 2189 1503 2210 sermonem
1519 2181 1659 2216 veritatis,
1689 2179 1850 2209 aedificare?
1870 2173 1893 2201 id
1904 2177 1926 2197 ⁸⁵

1143 2235 1266 2257 omnem
1277 2227 1434 2255 materiam
1447 2234 1549 2262 pravas
1564 2225 1709 2254 doctrinae
1725 2220 1926 2260 superindut‘ftre

1143 2275 1296 2310 putantes,
1305 2271 1538 2305 utitadicamus,
1549 2270 1579 2298 in
1590 2270 1648 2298 hoc
1659 2278 1690 2298 se
1699 2265 1868 2310 obsequium
1880 2266 1926 2310 Pii”

1143 2307 1221 2346 stare
1235 2318 1304 2345 Deo.
1320 2316 1376 2344 Sed
1386 2315 1484 2343 veniet
1504 2315 1655 2343 secundus
1670 2313 1785 2343 Domini
1805 2307 1926 2354 adventui;

1145 2362 1208 2390 sive
1218 2360 1377 2398 apparitio,
1404 2362 1433 2388 et
1457 2359 1571 2388 inutilia
1594 2359 1737 2395 quaedam
1760 2352 1926 2385 aedificatiomi

1143 2397 1416 2444 operacaeterorum
1423 2405 1581 2432 doctorum
1589 2412 1657 2432 cum
1673 2397 1926 2444 detrimentocons‘lt1

1144 2435 1272 2483 mentur,
1289 2450 1352 2478 sive
1382 2449 1612 2482 comburentur;
1633 2449 1688 2484 ipsi
1716 2450 1811 2476 autem
1826 2435 1926 2487 sicnslalfi

1144 2497 1240 2529 erunt,
1251 2480 1339 2530 quasi
1354 2501 1406 2530 per
1416 2494 1529 2528 ignem,
1551 2480 1817 2528 inesstinguibilem
1839 2480 1926 2530 scilicet:

1144 2527 1313 2569 Salvabitur
1332 2527 1402 2573 ergo
1432 2527 1706 2572 talis,rsanabitur,
1736 2527 1926 2573 ςθνυαὺίιιινρεξ

1143 2586 1245 2621 ignem
1256 2584 1333 2612 sicut
1342 2583 1478 2616 adamas,
1489 2583 1541 2619 qui
1550 2570 1707 2619 nunquam
1717 2570 1926 2621 consumit???

1144 2614 1255 2664 ignem.
1272 2627 1318 2656 Sic
1333 2628 1362 2656 et
1373 2626 1432 2663 ipsi
1447 2614 1576 2654 haeretici
1600 2614 1635 2654 et
1647 2622 1785 2654 malitiosi
1805 2614 1926 2664 sectatofff

1144 2657 1351 2708 s‘alvabuntur,
1359 2657 1421 2701 non
1431 2671 1471 2701 ad
1481 2670 1684 2708 purgandum,
1705 2669 1757 2699 sed
1766 2665 1803 2698 ad
1815 2657 1926 2692 crut’iaius
