1948 3079
0 138 56 165 τ5ί7
695 128 816 159 ΟΟΝΊἮΑ

896 128 1000 160 [E605

1638 132 1693 161 5i8

13 201 115 227 aternos
127 197 324 231 sustinendos,
339 196 407 224 Haec
427 197 481 230 est,
502 194 653 231 inquiunt,
665 193 810 230 expositio
825 195 848 221 Α
863 193 975 228 Incipit
989 194 1079 222 tertia
1103 193 1265 223 distinctio.
1287 194 1331 222 De
1353 197 1541 222 sacramento
1561 195 1684 224 altaris.

11 250 75 276 vera,
88 244 113 270 et
126 241 172 270 hic
187 249 293 269 sensus
309 243 477 269 auctorum.

39 287 75 315 Ad
85 287 172 323 quod,
184 286 252 314 licet
269 286 406 322 superius
425 285 498 313 satis
520 284 751 313 determinatam
762 284 808 317 sit,

14 332 144 368 dupliciter
153 331 382 367 respondemus.
393 330 503 363 Primo,
512 337 564 366 per
571 330 708 357 virtutem
716 329 808 362 verbi,

15 376 79 413 quod
95 376 205 410 dicitur,
225 375 410 404 satvabz‘tur.
427 375 510 402 Istud
526 381 659 410 namque
684 373 809 401 verbum

17 422 83 453 σωζω,
95 420 172 456 quod
187 420 291 447 Latine
306 419 467 454 redditum,
480 422 577 452 sonat,
588 419 679 453 solvo,
691 418 731 446 ita
744 425 810 454 pro-

16 467 62 501 prie
83 465 223 499 signiﬁcat
249 464 385 499 salutem,
411 464 442 491 id
471 466 523 496 est,
543 463 751 491 liberationem
771 463 811 491 ab

16 509 229 537 omnimolestia:
243 508 709 544 quodnunquam,etmaximein
720 515 811 543 paena

15 554 252 581 conservationem.
270 554 301 580 Et
323 561 392 580 cum
415 552 681 581 abundantissime.
700 554 729 580 et
756 560 811 580 co-

15 598 158 634 piosissima
170 598 295 626 exsistat
308 598 412 633 lingua
426 599 539 631 Graeca,
556 597 596 625 ita
610 597 810 633 appropriatas

16 647 66 670 sunt
81 643 234 670 verborum
248 643 481 678 signiﬁcationes
498 643 559 670 suis
574 642 707 670 terminis
721 642 811 678 :quia

15 695 151 723 nunquam,
163 690 214 714 aut
220 688 384 720 rarissime,
398 687 549 723 praecipue
561 687 591 714 in
603 695 689 714 sacra
699 687 811 722 pagina

15 733 109 767 ponitur
122 740 214 759 unum
224 739 281 767 pro
289 732 414 767 reliquo.
427 732 510 759 Unde
525 731 610 759 aliter
618 731 809 766 deﬁnierunt,

16 776 142 809 custodire,
155 776 238 804 aliter
248 783 434 808 conservare,
447 775 530 803 aliter
542 783 660 803 sanare.
681 777 810 803 Primum

899 238 981 266 Dicto
994 238 1131 274 superius
1145 238 1183 266 de
1211 238 1400 274 processione
1426 238 1550 274 Spiritus
1582 240 1687 274 sancti,

863 289 957 317 quam
978 283 1069 311 Graeci
1082 285 1194 317 negant
1203 285 1231 310 et
1245 283 1282 310 de
1293 283 1446 319 paradiso,
1458 285 1486 310 et
1497 283 1624 318 inferno,
1639 291 1695 312 nec

863 335 925 355 non
941 329 969 354 et
989 327 1027 354 de
1046 327 1229 363 purgatorio,
1253 327 1290 354 de
1316 327 1426 363 quibus
1455 326 1587 355 similiter
1618 327 1696 356 male

864 372 1009 399 sentiunt:
1027 378 1108 398 nunc
1135 371 1172 399 de
1193 373 1381 399 sacramento
1404 370 1565 406 charitatis,
1593 371 1624 399 id
1652 379 1697 406 est;

865 415 1068 448 Eucharistiee,
1080 417 1298 451 consequenter
1309 415 1477 442 videamus.
1492 415 1600 443 Verum
1623 415 1696 452 quia

865 458 1015 496 quasdam
1030 458 1151 487 frivolas
1161 458 1292 487 rationes
1306 458 1442 487 videntur
1454 459 1639 495 praetendere
1663 460 1695 487 in

865 510 953 530 suam
966 502 1171 531 defensionem
1195 502 1241 530 sui
1262 503 1382 536 erroris,
1412 502 1462 530 illa
1484 503 1696 539 postponenda

865 550 946 581 sunt,
960 552 1028 583 quae
1043 547 1100 575 sub
1115 550 1259 584 praetextu
1274 547 1392 584 pietatis
1409 555 1507 576 errore
1522 547 1696 583 hujusmodi

864 593 1008 626 nutriunt,
1026 594 1058 620 ut
1067 599 1128 619 non
1142 591 1240 619 solum
1254 592 1324 619 visis
1340 592 1506 619 rationibus
1525 595 1554 620 et
1568 592 1696 620 auctori-

865 636 984 672 tatibus,
1001 637 1215 672 reprcbentur:
1232 644 1335 664 verum
1352 636 1442 671 unde,
1465 639 1492 664 et
1511 644 1529 665 a
1554 644 1615 673 quo
1640 637 1697 665 ha-

864 681 993 709 buerunt
1020 681 1166 716 originem
1193 680 1390 716 declarenius,
1418 684 1450 708 ut
1482 689 1551 708 cum
1581 681 1697 717 absque

864 725 973 755 robore
987 725 1146 759 ﬁrmitatis,
1162 725 1242 753 velut
1269 728 1379 752 domus
1396 725 1458 753 sine
1487 725 1695 759 fundamento,

866 771 1068 806 apparuerint,
1078 770 1117 797 ad
1128 770 1281 798 modicum
1292 770 1455 806 impulsum
1470 769 1616 805 fidelium,
1634 777 1697 798 om—

17 828 119 856 namque
133 821 235 848 dicunt
246 821 382 856 quidam,
400 820 568 848 secundum
585 824 669 856 τηρῶ,
690 821 810 848 tertium

899 825 913 842 s
932 822 1037 842 eorum
1055 817 1202 842 structura
1223 814 1375 850 nequitiae,
1397 814 1491 842 ruinae
1514 817 1696 850 exponetur.

19 866 82 896 τωζω,
96 865 172 900 quod
182 864 324 898 salutem,
339 865 369 892 id
385 868 438 898 est,
454 864 662 892 liberationem
674 865 714 892 ab
728 865 812 892 omni

18 908 191 942 incommodo,
206 909 291 944 quod
304 912 348 936 est
358 909 536 936 electorum:
557 917 618 944 quo
633 909 724 936 verbo
741 917 812 936 usus

20 956 51 979 est
59 953 202 988 Apostolus
212 953 244 980 in
260 953 417 988 praemissa
426 953 611 985 auctoritate,
622 953 811 980 deﬁnierunt.

21 999 53 1023 Sic
71 997 145 1031 σώζω,
171 997 253 1025 unde
272 1000 389 1033 σωτηρία
413 997 505 1030 salus,
526 1000 553 1025 et
579 1000 676 1034 σωτὴρ,
702 997 732 1024 id
759 1001 812 1031 est,

20 1040 134 1068 Salvator.
144 1041 224 1069 Unde
235 1042 292 1069 iste
301 1049 335 1069 ex
340 1041 450 1077 positor
459 1042 622 1077 praemissa».
632 1041 815 1069 auctoritatis

21 1085 123 1119 Apostoli
135 1089 186 1113 aut
203 1086 344 1114 virtutem
373 1086 535 1114 verborum
561 1086 730 1121 ignoravit:
751 1087 813 1117 aut,

21 1130 80 1164 quod
97 1131 187 1166 magis
202 1130 448 1166 praesumendum
458 1133 512 1162 est,
528 1131 625 1158 sciens
640 1134 668 1158 et
683 1130 815 1166 prudens

23 1174 144 1202 veritatem
158 1175 227 1203 ﬁdei
243 1174 392 1203 malitiose
407 1175 576 1204 abscondit.

46 1265 162 1293 Secundo
181 1266 416 1301 respondemus,
439 1266 522 1301 quod
539 1265 713 1302 praepositio
732 1265 814 1292 verbi

22 1308 162 1344 hujus,per,
169 1310 359 1337 sumituraut
365 1310 816 1344 cansative,autinstruementa—

22 1352 75 1380 liter.
87 1354 263 1391 Quocunque
279 1355 405 1382 istorum
413 1355 573 1382 modorum
584 1358 729 1388 sumatur,
739 1361 815 1381 nus—

23 1405 91 1432 quam
102 1399 221 1427 adamas
232 1399 368 1428 salvetur
378 1399 544 1427 secundum
553 1407 604 1427 e0s
626 1407 679 1435 per
689 1399 788 1433 ignem
807 1406 813 1430 ;

24 1441 75 1476 quia
85 1450 138 1470 nou
151 1443 241 1472 habet
259 1444 315 1472 hoc
331 1444 370 1472 ab
383 1444 462 1479 igne,
477 1447 509 1471 ut
530 1447 721 1472 conservetur
740 1443 817 1479 lapis

24 1485 174 1521 illesus,sed
184 1488 286 1523 potiur»
296 1496 314 1516 a
324 1491 433 1516 natura
439 1488 536 1516 taliter
543 1488 600 1516 sibi
613 1496 630 1516 a
641 1489 699 1516 Deo
716 1488 817 1523 insita,

25 1534 47 1557 ut
56 1531 147 1560 scilicet
160 1532 198 1560 ab
210 1533 360 1561 elemento
374 1533 452 1567 ignis
465 1540 526 1561 non
546 1533 640 1568 possit
654 1533 816 1568 corrumpi.

24 1575 131 1604 Similiter
145 1578 274 1606 ethomo
287 1577 488 1614 corruptibilis
507 1586 577 1606 cum
592 1578 639 1610 sit,
650 1586 711 1605 non
726 1578 818 1605 habe-

27 1619 55 1647 bit
65 1620 112 1649 hoc
122 1622 158 1650 ab
172 1623 241 1657 igne
260 1623 321 1650 sive
342 1623 439 1658 gratia
460 1623 548 1658 ignis,
575 1626 606 1651 ut
623 1623 654 1650 in
672 1626 818 1651 aeternum

26 1664 70 1692 sive
92 1666 185 1694 vivens
207 1667 237 1695 in
259 1667 328 1702 igne
341 1668 505 1701 crucietur;
523 1668 575 1695 sed
601 1669 660 1696 Deo
681 1668 817 1703 jubente,

27 1716 95 1744 supra
106 1714 240 1739 neutram
250 1712 289 1740 ad
302 1712 416 1740 malum
430 1720 529 1748 suum,
543 1712 601 1740 tale
608 1712 683 1749 quid
695 1715 763 1748 post
772 1720 818 1740 re-

26 1755 206 1784 surrectionem
219 1756 352 1792 recipiet,
369 1759 399 1784 ut
413 1757 450 1784 sit
473 1757 505 1784 in
527 1759 672 1785 aeternum
700 1757 817 1791 vivens,

26 1804 71 1825 Sine
80 1798 130 1826 ﬁne
141 1808 190 1836 per
204 1801 318 1836 ignem,
333 1804 363 1829 et
379 1801 410 1829 in
424 1801 504 1837 igne,
521 1808 581 1829 non
593 1801 659 1837 jam
678 1801 818 1835 salvetur,

26 1840 48 1867 id
58 1845 102 1876 est,
115 1849 300 1873 conservetur
311 1846 479 1873 secundum
492 1846 622 1881 Grmcos,
643 1846 696 1873 sed
720 1846 819 1881 potius

28 1886 152 1916 crucietur.
166 1889 280 1918 Salvari
301 1897 372 1924 ergo
386 1890 541 1918 hominem
563 1891 702 1922 dicimus.
718 1898 787 1918 cum
801 1898 820 1918 δ.

27 1935 186 1963 peccatorum
204 1934 364 1963 venialium
380 1935 516 1966 maculis,
531 1935 680 1963 mediante
690 1935 820 1969 illoigne

29 1977 155 2011 temporali
164 1982 190 2007 et
204 1981 388 2016 purgatorio,
399 1981 592 2009 liberabitur:
604 1983 637 2008 ut
656 1981 697 2008 sic
716 1980 820 2008 videli-

29 2022 60 2046 cet
71 2021 158 2050 anima
167 2026 305 2059 purgata,
315 2032 368 2052 seu
375 2025 534 2061 puriﬁcata
544 2025 672 2061 propriis
681 2024 819 2058 maculis,

30 2062 99 2097 digna
110 2069 275 2104 conspectui
284 2068 393 2104 judicia
407 2069 593 2106 quandoque
612 2071 818 2105 praesentetur.

903 862 986 886 Anno
1005 859 1105 894 itaque
1121 859 1159 886 ab
1174 858 1377 886 incarnatione
1397 859 1515 886 Domini
1538 858 1696 886 millesimo

867 903 1117 939 quinquagesimo
1134 903 1372 938 tertio,tempore
1389 903 1492 930 Leonis
1503 910 1589 938 papae
1613 903 1696 936 noni,

867 948 921 974 fuit
931 947 1055 982 quidam
1071 946 1242 982 patriarcha
1252 946 1282 973 in
1298 946 1370 973 urbe
1386 946 1468 980 regia
1489 946 1696 974 Constantino-

868 992 938 1028 poli,
960 991 1082 1019 nomine
1102 990 1406 1018 MichaelCircularios
1428 989 1628 1027 [Cerularius.]
1645 990 1698 1018 Hic

868 1037 892 1064 si
905 1036 1027 1072 quidem
1039 1038 1157 1063 secutus
1168 1043 1220 1070 per
1228 1035 1330 1062 omnia
1343 1034 1594 1070 praedecessorem
1608 1042 1697 1063 suum

871 1080 1007 1108 Photium
1028 1079 1239 1116 patriarcham,
1257 1079 1308 1115 qui
1324 1078 1406 1115 prius
1424 1078 1586 1114 superbam
1606 1079 1697 1107 cervi-

868 1132 933 1153 cem
946 1132 1033 1152 suam
1048 1127 1153 1152 contra
1167 1132 1321 1151 summum
1336 1123 1507 1159 pontiﬁcem
1522 1124 1634 1158 erigere
1652 1126 1698 1152 at-

869 1170 1002 1204 tentavit,
1014 1169 1096 1197 nisus
1106 1172 1150 1197 est
1164 1171 1313 1205 quantum
1327 1168 1431 1204 potuit,
1444 1167 1499 1195 etsi
1513 1175 1575 1196 non
1598 1175 1697 1204 quan—

869 1219 933 1243 tum
938 1215 975 1242 lic
980 1214 1030 1248 uit,
1039 1214 1167 1247 Latinos,
1175 1221 1228 1249 qni
1235 1213 1265 1240 in
1272 1212 1378 1241 eadem
1385 1213 1459 1240 urbe
1464 1215 1535 1240 tunc
1555 1213 1698 1248 temporis

869 1259 925 1289 sub
938 1259 1118 1295 imperatore
1133 1259 1233 1286 Graeco
1249 1257 1408 1293 degebant,
1425 1257 1465 1285 ad
1476 1258 1646 1285 Graecorum
1659 1257 1698 1285 ri-

872 1307 929 1336 tus,
946 1306 974 1331 et
990 1303 1140 1339 praecipue
1156 1303 1195 1331 ad
1209 1301 1443 1330 sacriﬁcandum
1455 1301 1487 1329 in
1508 1301 1698 1336 fermentata,

868 1348 991 1376 tandem
1004 1356 1057 1383 per
1070 1354 1229 1375 censuram
1240 1346 1472 1374 ecclesiasticam
1486 1346 1619 1374 invitare.
1641 1345 1698 1374 Sed

870 1393 942 1429 quia
955 1395 1072 1420 tantum
1085 1393 1169 1419 nefas
1192 1392 1245 1419 diu
1266 1392 1434 1419 Romanam
1464 1391 1580 1418 curiam
1607 1390 1698 1419 latere

872 1445 933 1465 non
943 1437 1047 1473 potuit,
1064 1436 1149 1464 missi
1164 1438 1233 1463 sunt
1247 1443 1264 1463 a
1274 1435 1414 1471 pontiﬁce
1427 1443 1547 1463 summo
1556 1435 1644 1469 legati
1658 1435 1698 1463 ad

833 1487 854 1515 (ζ,
871 1482 1047 1519 praedictam
1055 1481 1215 1513 civitatem,
1229 1480 1282 1516 qui
1291 1479 1466 1514 hujusmodi
1473 1479 1634 1508 furentium
1642 1480 1698 1507 im-

872 1529 975 1563 petum
987 1533 1038 1561 per
1048 1524 1254 1553 auctoritatem
1268 1524 1348 1552 sedis
1361 1523 1533 1559 apostolicae
1547 1523 1698 1552 refrenan-

873 1575 925 1606 tes,
943 1579 1012 1598 eum
1028 1573 1055 1598 et
1065 1577 1210 1605 sequaces
1223 1569 1287 1601 ejus
1303 1567 1501 1596 auathematis
1517 1567 1618 1602 gladio
1633 1574 1698 1603 per-

873 1618 1039 1650 cusserunt,
1052 1622 1089 1642 ex
1108 1616 1178 1642 tunc
1196 1613 1296 1649 itaque
1323 1612 1414 1640 Graeci
1434 1612 1560 1647 majoris
1576 1611 1698 1640 invidiae

874 1659 999 1688 stimulis
1012 1659 1124 1694 agitati,
1140 1665 1232 1694 quam
1251 1657 1351 1694 plures
1371 1656 1474 1691 libros,
1491 1662 1544 1685 seu
1557 1658 1699 1684 tractatus

873 1706 904 1733 in
927 1704 1134 1733 confusionem
1163 1703 1304 1730 Romanae
1320 1701 1456 1729 Ecclesia;
1478 1701 1645 1734 ediderunt,
1670 1701 1703 1729 et

874 1749 936 1777 suis
956 1748 1083 1785 posteris
1103 1747 1258 1782 legendos,
1285 1749 1430 1782 tanquam
1452 1745 1648 1779 authenticos,
1671 1746 1701 1773 et

873 1793 943 1821 ﬁdei
957 1792 1110 1821 catholicae
1122 1791 1293 1820 ﬁrmitatem
1307 1790 1462 1826 habentes,
1475 1789 1605 1818 distriote
1616 1796 1701 1817 man-

873 1838 1038 1872 daverunt;
1055 1845 1106 1865 eos
1121 1844 1202 1870 vero,
1217 1835 1270 1872 qui
1282 1835 1313 1863 in
1327 1835 1374 1863 his
1389 1835 1538 1863 contraria
1549 1833 1701 1869 dogmati-

873 1891 941 1911 zare
950 1883 1176 1919 praesumerent,
1185 1880 1377 1909 annuatimin
1383 1879 1525 1915 ecclesiis,
1540 1886 1614 1907 voce
1625 1885 1702 1914 pras-

874 1928 968 1963 conis,
980 1927 1064 1964 quod
1079 1934 1174 1962 usque
1196 1925 1285 1953 hodie
1306 1925 1336 1952 in
1354 1932 1458 1952 eorum
1474 1923 1607 1952 ecclesiis
1631 1930 1702 1951 con-

874 1971 1065 2000 ventualibus
1076 1971 1260 2005 observatur,
1274 1968 1429 1997 haereticos
1443 1968 1664 1997 denuntiarent.

910 2018 993 2045 Hunc
1013 2016 1103 2051 igitur
1122 2014 1293 2042 Michaelem
1309 2013 1402 2042 Graeci
1427 2020 1523 2049 usque
1550 2012 1639 2040 hodie
1659 2019 1702 2039 se-

874 2064 1010 2099 quentes,
1027 2060 1146 2088 Latinos
1162 2059 1317 2094 Azymz'tas
1330 2066 1404 2086 voce
1422 2057 1545 2094 publica.
1567 2063 1701 2085 asserere

31 2107 149 2144 Scriptum
160 2101 206 2140 est
217 2101 299 2140 enim
312 2114 399 2142 Nihil
410 2101 633 2149 coinquinatum
648 2114 773 2142 intrabit
788 2114 819 2141 in
834 2121 858 2149 ι)
875 2114 936 2135 non
955 2107 1102 2133 verentur.
1130 2103 1213 2149 unde
1231 2104 1262 2130 in
1275 2105 1396 2149 tantum
1418 2101 1649 2149 excaecationem
1673 2102 1702 2128 et

31 2157 76 2180 eam
87 2154 106 2170 “
112 2161 122 2189 ;
130 2156 178 2183 sed
186 2158 286 2185 anima
295 2161 393 2193 portat
405 2158 634 2194 inquinamenta
647 2158 820 2190 venialium,

31 2199 55 2223 ut
69 2205 145 2234 supra
162 2204 318 2230 ostensum
342 2206 387 2231 est
413 2211 467 2239 per
494 2203 576 2231 illam
607 2203 819 2240 antiphonam:

33 2240 344 2282 'mayosumineﬂ‘abilis,
353 2250 382 2276 et
391 2251 507 2276 caetera.
517 2250 602 2284 Ergo,
609 2256 672 2276 non
682 2248 739 2276 nisi
748 2256 822 2284 pur-

33 2288 92 2330 gata.
101 2289 128 2316 Et
138 2290 210 2319 sicut
223 2292 371 2320 habemus
383 2292 519 2321 dedivite
540 2296 568 2321 et
591 2294 709 2326 Lazaro,
739 2291 824 2328 quod

32 2330 239 2367 1rl'ttlx'agabiliter
248 2344 428 2373 responsum
434 2338 558 2374 accepit,
567 2338 650 2373 quod
656 2345 717 2366 non
724 2339 826 2373 posset

33 2374 133 2421 transire
146 2379 247 2416 aliquis
257 2389 276 2410 a
286 2381 353 2410 loco
368 2385 595 2418 tormentorum,
611 2383 701 2417 igitur
715 2389 825 2418 purga-

33 2416 94 2463 bilm‘
103 2422 174 2451 alibi.
186 2426 276 2454 Istum
288 2426 386 2455 locum
395 2426 525 2455 dicimus
538 2416 638 2455 locum
649 2416 826 2463 purgatorii,

35 2462 64 2489 ad
75 2471 152 2500 quem
166 2471 315 2499 transeunt
329 2473 449 2503 animai.
463 2480 532 2508 qua:
544 2472 618 2500 dum
633 2462 734 2500 adhuc
747 2473 827 2501 vive-

35 2511 92 2553 rent,
99 2510 131 2539 de
145 2514 202 2542 suis
212 2516 382 2544 excessibus
393 2517 526 2553 plenarie
536 2524 597 2545 non
609 2517 825 2547 satisfecerunt.

36 2550 157 2599 hebenus
169 2557 255 2593 igitur
268 2568 305 2588 ex
318 2550 480 2597 praemissis
494 2566 626 2598 quatuor
639 2564 827 2599 receptacula

37 2593 221 2642 (imitatorum,
227 2604 258 2632 id
263 2608 315 2639 est,
321 2606 499 2642 paradisum
504 2593 667 2642 bonorum,
674 2608 704 2636 in
708 2593 826 2637 ternum

38 2637 227 2682 damnatorum,
244 2637 382 2686 lymbum
400 2658 564 2687 puerorum
578 2660 641 2681 non
660 2637 825 2689 baptizato-

39 2689 99 2720 rum,
108 2691 134 2717 et
142 2694 341 2728 purgatorium
350 2695 566 2732 paenitendum.

66 2755 87 2792 f‘
97 2759 205 2799 Apocal.
215 2773 271 2803 ιιι,
283 2767 329 2796 27.

875 2152 1081 2186 contemptum
1096 2148 1179 2184 apud
1191 2155 1242 2175 eos
1266 2147 1386 2175 devenit
1402 2146 1579 2183 mysterium
1599 2151 1702 2173 sacra-

876 2195 980 2229 menti,
997 2196 1029 2222 ut
1042 2200 1104 2221 non
1119 2192 1218 2220 solum
1233 2192 1264 2220 in
1275 2191 1379 2220 mortis
1393 2190 1518 2219 articulo
1537 2198 1574 2218 ex
1597 2197 1633 2218 eo
1655 2197 1704 2217 su-

877 2248 959 2269 mere
973 2240 1122 2272 recusent,
1138 2244 1240 2265 verum
1255 2236 1346 2264 etiam
1368 2235 1500 2263 incendii
1520 2234 1704 2271 supplicium

878 2285 979 2322 potius
994 2283 1105 2318 eligant
1118 2282 1236 2314 sentire,
1253 2288 1346 2317 quam
1363 2280 1538 2316 simpliciter
1557 2278 1702 2308 conﬁteri.

879 2329 991 2358 Probat
1005 2328 1063 2356 hoc
1074 2326 1208 2363 Cyprius,
1216 2326 1268 2361 qui
1278 2325 1387 2353 nostris
1396 2324 1582 2360 temporibus
1591 2323 1705 2351 duode-

879 2375 938 2403 cim
951 2372 1118 2401 monachos
1133 2372 1260 2406 Graecos,
1273 2370 1329 2398 isto
1340 2376 1438 2398 errore
1451 2369 1634 2402 laborantes,
1650 2375 1705 2396 no-

879 2427 934 2448 vos
947 2417 1060 2446 diaboli
1074 2418 1231 2452 martyres,
1248 2423 1302 2451 per
1310 2414 1451 2444 ﬂammas
1465 2414 1543 2449 ignis
1553 2412 1705 2449 produxit.

882 2464 1024 2494 Dicebant
1044 2462 1124 2490 enim
1146 2460 1281 2497 praedicti
1301 2459 1462 2488 monachi:
1479 2460 1706 2487 Sacramentum

882 2509 1054 2538 Latinorum
1079 2506 1175 2534 lutum
1202 2512 1278 2540 esse,
1297 2508 1325 2533 et
1346 2512 1408 2533 non
1422 2502 1707 2532 sacramentummt

881 2553 963 2591 quod
980 2550 1194 2584 sacriﬁcantes,
1209 2550 1256 2578 vel
1268 2552 1420 2578 sumentes
1434 2555 1470 2576 ex
1484 2555 1530 2582 eo,
1542 2552 1625 2574 more
1636 2551 1706 2580 gen-

881 2599 978 2628 tilium
991 2595 1150 2625 dmmoniis
1158 2595 1357 2623 immolarent.
1372 2592 1510 2621 Rationes
1518 2592 1619 2619 autem
1629 2596 1712 2626 quasi

882 2645 987 2672 contra
1001 2640 1120 2670 Latinas
1135 2639 1277 2676 allegant,
1290 2641 1319 2668 et
1334 2637 1445 2674 quibus
1464 2643 1496 2665 se
1510 2634 1585 2665 tueri
1603 2633 1707 2664 videns

881 2691 939 2725 tur,
950 2690 1020 2718 sunt
1027 2689 1093 2718 ista:
