1948 3079
194 134 246 163 519

805 121 1044 155 PANTALEONIS
1063 122 1205 152 DIACONI
1224 122 1278 152 ΟΡ.

1869 122 1932 151 520

192 196 332 225 Rationes
340 193 514 223 Graecorum
520 194 627 221 contra
636 190 759 220 Latinos
765 189 794 218 in
800 196 904 225 azyma
928 195 1025 218 ροηδε·
1039 187 1064 214 Δ
1119 185 1460 222 ldemsuperloannem:
1474 186 1646 222 «Nonergo,
1656 184 1934 222 utaliteropinan-

530 239 648 265 orantes
653 257 658 264 .

229 310 325 340 Primo
340 309 454 344 dicunt,
466 307 550 345 quod
562 306 709 336 Dominus
723 308 834 342 noster,
854 305 950 342 quiin
979 304 1025 333 sui

193 355 372 384 memoriam
387 354 444 383 hoc
458 353 523 381 ﬁeri
538 351 703 386 mandavit,
718 359 780 380 non
790 351 821 380 in
837 358 954 387 azymo,
971 349 1025 378 sed

192 399 371 429 fermentato
384 406 463 435 pane
477 397 598 426 tradidit
619 396 775 433 discipulis
802 395 874 424 suis.
904 397 1027 424 Constat

193 445 272 474 enim
277 466 284 479 ,
291 444 372 481 quod
380 443 547 472 secundum
557 442 656 478 legem
678 441 779 478 Moysi,
793 443 901 477 quarta
907 440 1026 469 decima

192 489 266 518 luna
271 487 533 517 ﬁebatimmolatio
539 487 610 523 agni
618 489 646 515 et
660 494 729 515 esus
737 493 925 522 azymorum,
950 485 1027 513 sicut

193 533 337 570 scriptum
350 535 394 561 est
405 531 523 560 Levitici
536 539 595 564 xm,
608 539 677 567 quae
695 530 760 558 dies
774 529 890 558 Pascha
906 528 1026 566 proprie

193 579 368 607 vocabatur.
379 577 436 605 Sed
444 576 588 605 Dominus
591 576 601 611 j
607 578 677 604 uxta
687 574 882 610 Evangelium
888 574 1024 607 Joannis,

193 623 345 652 antediem
351 623 459 657 festum
467 621 612 650 Paschw“
620 621 642 638 ⁸⁵
649 619 819 648 celebravit.
828 620 950 647 Cinnam
956 627 1026 647 cum

193 667 346 704 discipulis
360 667 432 701 suis,
446 669 475 695 et
489 665 666 702 mysterium
675 664 809 700 corporis
825 667 854 692 et
869 664 1026 698 sanguinis

195 713 241 741 sui
251 711 381 741 tradidit.
396 712 425 740 Si
437 711 467 739 in
482 710 534 739 tali
557 710 614 745 die,
633 710 685 746 qui
708 711 772 738 erat
794 709 878 738 tertia
908 708 1026 737 decima

193 757 276 792 luna,
299 756 459 785 celebravit
487 755 610 786 Pascha,
625 757 695 782 tunc
715 754 874 782 utebantur
894 753 1024 782 fermen-

194 804 255 831 tato
267 811 274 836 ;
288 809 359 836 ergo
374 800 411 828 de
424 800 600 828 fermentato
611 798 732 827 tradidit
745 806 854 834 corpus
870 805 969 833 suum,

230 847 304 875 Item
316 855 322 874 :
332 846 400 874 Non
411 845 593 873 introierunt
601 844 789 890 praetorium,
805 847 908 871 utnon
920 846 1023 871 conla-
1039 864 1062 890 Β

195 892 396 925 minarentur,
409 889 461 918 sed
471 889 687 918 manducarent
698 887 813 916 Pascha
829 889 862 915 ⁸⁷.
876 887 934 915 Sed
955 890 1026 915 tunc

195 936 250 966 fuit
263 935 336 964 luna
345 937 472 971 quarta:
495 933 613 962 decima
631 940 702 968 ergo
716 933 746 960 in
762 932 951 968 praecedenti,
972 933 1027 961 fuit

195 980 269 1008 luna
283 980 368 1008 tertia
381 978 509 1012 decima,
525 976 648 1014 quando
664 976 809 1005 Dominus
823 977 944 1006 tradidit
962 985 1025 1006 cor-

193 1033 252 1062 pus
266 1032 374 1058 suum,
390 1027 419 1052 et
427 1023 497 1052 inde
511 1026 542 1051 ut
553 1022 646 1059 prius.

232 1070 305 1098 Item
319 1076 389 1097 cum
404 1067 589 1103 evangelista
602 1067 640 1095 de
655 1066 781 1096 materia
790 1067 869 1095 illius
883 1067 970 1104 panis
983 1067 1025 1096 fa-

195 1116 274 1143 ceret
288 1113 482 1144 mentionem,
497 1119 558 1140 non
571 1111 646 1140 dixit
658 1120 664 1139 :
675 1113 759 1140 Jesus
774 1112 890 1148 accepit
907 1120 1025 1148 azyma,

198 1158 269 1186 sed:
286 1157 533 1193 Accipienslesus
548 1156 625 1193 ἄρτον
654 1157 689 1184 Et
707 1156 785 1193 ἄρτος
809 1156 952 1193 supponit
973 1164 1028 1193 pro

179 1226 186 1230 .
196 1204 384 1231 fermentato.
396 1202 482 1236 Ergo,
494 1203 550 1229 etc.

234 1248 305 1275 ltem
320 1254 390 1274 cum
405 1245 549 1281 scriptum
563 1244 609 1280 sit,
623 1244 707 1281 quod
718 1245 826 1274 stando
846 1248 874 1274 et
889 1253 960 1274 cum
983 1246 1029 1275 la-

197 1293 291 1324 ctucis
319 1290 487 1327 agrestibus
513 1292 541 1317 et
564 1289 737 1318 festinanter
765 1290 887 1319 deberet
912 1292 1030 1321 comedi

198 1346 296 1374 agnus
310 1334 476 1373 paschalis,
491 1334 608 1362 nullum
632 1334 689 1362 tale
717 1334 792 1370 quid
814 1335 845 1363 in
869 1336 1029 1371 Evangelia

198 1381 353 1419 reperitur.
370 1379 451 1408 Unde
462 1381 589 1412 constat,
611 1378 694 1415 quod
718 1379 769 1408 illa
790 1387 877 1408 omna
900 1388 962 1409 non
975 1381 1031 1416 fuit

199 1427 314 1457 Pascha
341 1420 524 1459 Judmorum,
551 1423 604 1452 sed
627 1424 726 1460 potius
754 1432 841 1453 coena
865 1427 895 1453 et
913 1426 1027 1454 Pascha

200 1471 444 1504 Christianorum,
451 1471 550 1498 etnon
557 1476 626 1497 cum
632 1468 755 1505 azymis,
766 1469 818 1497 sed
825 1477 894 1497 cum
901 1470 1026 1498 fermen-

199 1519 261 1546 tato
271 1523 360 1553 pane,
375 1513 459 1551 quod
466 1513 615 1548 signiﬁcat
623 1513 728 1542 Christi
741 1513 965 1550 perfectionem,
973 1515 1028 1544 fuit
1042 1523 1062 1551 ο

199 1561 392 1590 celebratum.
413 1559 487 1587 Nam
508 1558 639 1587 Christus
659 1560 759 1586 noster
783 1559 927 1588 Dominus
950 1560 1028 1588 duas

199 1609 322 1635 naturas
333 1605 365 1634 in
379 1612 473 1632 unam
482 1611 647 1640 personam
662 1603 720 1631 sibi
736 1603 840 1639 univit,
853 1606 881 1632 et
893 1603 969 1633 sicut
983 1604 1027 1632 di-

198 1651 271 1679 vina
285 1652 329 1678 est
344 1648 575 1685 simplicissima,
588 1648 630 1676 ita
638 1648 775 1676 humana
796 1651 841 1676 est
860 1649 1028 1686 composita

199 1703 236 1724 ex
254 1695 358 1723 anima
375 1695 404 1721 et
421 1700 554 1728 corpore,
575 1693 637 1720 sive
656 1700 755 1720 carne.
791 1693 871 1721 Sicut
897 1701 969 1728 ergo
997 1693 1028 1721 in

200 1739 314 1769 Christo
328 1738 421 1766 fuitet
436 1739 482 1765 est
493 1736 644 1770 divinitas,
661 1738 772 1772 anima,
788 1740 816 1765 et
828 1745 937 1774 corpus
951 1747 957 1766 :
987 1739 1030 1767 ita

199 1783 230 1812 in
245 1781 387 1818 mysterio
406 1781 585 1809 sacramenti
604 1781 708 1815 nostri,
725 1781 810 1817 quod
833 1790 870 1809 ex
897 1782 1029 1818 perfecto

199 1834 288 1864 pane,
303 1825 334 1854 id
349 1828 394 1853 est
417 1826 604 1858 fermentato,
629 1826 790 1860 perficitur,
813 1826 947 1855 similiter
972 1827 1029 1856 tria

198 1871 396 1908 reperiuntur,
417 1869 526 1898 scilicet
539 1869 649 1903 forma,
665 1869 855 1905 fermentum,
886 1874 915 1900 et
935 1880 1029 1909 aqua.

199 1917 336 1945 Vestrum
347 1917 447 1943 autem
459 1916 684 1942 sacramentum
701 1921 763 1942 non
777 1915 874 1944 solum
899 1924 961 1945 non
985 1921 1032 1948 est

199 1968 304 1989 verum
319 1960 553 1993 sacramentum,
569 1958 623 1986 sed
635 1966 691 1986 nec
715 1963 938 1989 sacramentum
964 1962 1031 1998 qui-

200 2005 280 2040 dem,
293 2003 377 2041 quod
392 2006 509 2031 tantum
525 2002 673 2039 discrepat
687 2011 706 2032 a
729 2004 862 2033 veritate.
886 2007 935 2034 Hae
962 2009 1033 2035 sunt

198 2050 340 2084 rationes,
352 2056 430 2085 quas
443 2047 474 2075 in
485 2055 590 2076 eorum
600 2047 684 2075 libris
701 2056 749 2076 me
760 2048 910 2078 invenisse
920 2051 1030 2087 recolo,

199 2097 228 2123 et
243 2094 283 2123 ab
298 2101 348 2122 ore
362 2093 497 2129 ipsorum
510 2091 660 2120 audivisse
674 2092 704 2120 in
719 2093 929 2130 disputatione.

340 2137 501 2171 Responsio
515 2136 555 2165 ad
567 2138 698 2166 rationes
713 2138 893 2168 Grtecorum.

1081 229 1161 259 tibus
1170 230 1270 259 visum
1280 232 1335 264 est,
1347 230 1491 259 Dominus
1506 230 1653 264 Salvator,
1665 230 1719 267 qui
1733 232 1763 258 et
1774 230 1847 267 ipse
1856 230 1908 258 ait
1922 238 1929 256 :

1079 276 1146 304 Non
1161 276 1231 304 veni
1245 276 1358 304 solvere
1371 276 1474 311 legem,
1493 276 1546 304 sed
1559 276 1726 311 adimplere
1743 276 1779 311 ⁸⁸,
1797 275 1930 304 Pascha

1080 328 1169 348 suum
1182 319 1378 356 anticipavit:
1397 319 1450 348 sed
1466 322 1610 356 tempore,
1639 322 1669 348 et
1689 319 1785 348 modo
1809 319 1929 347 debito

1079 367 1187 394 cuncta
1199 364 1429 393 consummavit.
1445 375 1459 390 »
1470 365 1547 393 Fecit
1557 373 1627 400 ergo
1638 364 1754 393 Pascha
1763 364 1928 393 Dominus

1079 417 1149 437 cum
1175 409 1331 445 discipulis
1363 409 1435 442 suis,
1460 409 1536 438 sicut
1561 409 1746 445 evangelista
1772 411 1925 441 testatur,

1079 454 1204 490 quando
1218 454 1288 482 fecit
1300 462 1371 482 cum
1384 453 1499 490 azymis
1511 456 1540 484 et
1549 462 1630 491 agno
1646 454 1862 488 immaculato,
1891 455 1928 482 ut

1079 499 1111 527 in
1121 498 1186 534 lege
1198 499 1343 535 scriptum
1358 501 1411 527 est.

1117 545 1189 572 item
1198 543 1448 580 Theophylactus,
1462 543 1608 580 Bulgaria
1622 544 1794 581 episcopus,
1817 551 1925 580 expo-

1080 596 1156 617 nens
1167 587 1241 616 illud
1250 588 1334 624 quod
1344 588 1451 624 legitur
1462 588 1503 617 ad
1524 588 1690 617 Corinthios
1702 597 1709 616 :
1734 589 1927 616 Convenien-

1082 634 1161 662 ttbus
1176 633 1256 661 vobis
1268 634 1300 661 in
1313 634 1445 666 unum“,
1462 636 1517 662 etc.
1529 633 1570 662 ita
1583 634 1670 662 dicit:
1683 645 1698 660 ‹‹
1708 634 1774 662 Non
1782 641 1924 669 possum

1081 686 1142 706 non
1149 677 1323 712 concedere,
1335 677 1459 714 quando
1466 677 1531 714 ipse
1544 678 1688 706 Dominus
1695 686 1808 715 corpus
1821 685 1924 706 suum

1080 730 1116 751 ex
1128 730 1217 758 pane,
1228 730 1320 758 quem
1334 722 1477 755 habebat,
1494 722 1604 751 scilicet
1614 730 1732 759 azyma,
1757 731 1831 750 cum
1851 722 1925 750 dies

1080 769 1179 796 essent
1188 770 1380 803 Azymorum,
1394 767 1515 796 tradidit
1529 768 1684 804 discipulis
1711 768 1783 802 suis,
1809 767 1836 795 si
1868 775 1924 795 se-

1080 811 1215 840 cundum
1226 811 1386 847 Evangelia
1392 814 1420 840 et
1427 815 1601 840 sanctorum
1608 813 1728 840 Patrum
1735 811 1921 845 sententias,

1080 856 1243 884 celebravit
1256 856 1401 884 Dominus
1415 859 1549 892 tempore
1562 856 1664 885 debito
1676 857 1790 884 Pascha
1803 865 1809 889 ;
1832 856 1920 884 unde

1081 903 1151 929 tunc
1179 900 1374 929 fermentatus
1396 901 1536 937 apparuit
1557 903 1662 930 contra
1681 900 1806 936 legem?
1834 901 1921 929 Sicut

1080 945 1161 974 enim
1176 945 1322 981 scriptum
1351 945 1440 974 estin
1467 945 1570 974 Exodo
1601 953 1639 973 xu
1664 946 1784 980 Septem
1808 945 1921 974 diebus

1079 991 1292 1024 fermentatum
1308 998 1368 1018 non
1391 990 1548 1025 apparebit
1569 991 1601 1018 in
1615 990 1750 1018 domibus
1762 990 1920 1018 vestris”.

1082 1035 1168 1068 Quod
1183 1035 1209 1063 si
1223 1034 1375 1063 credimus
1395 1034 1495 1063 verbis
1525 1035 1660 1063 Veritatis
1683 1035 1831 1063 dicentis:
1847 1035 1921 1063 Non

1081 1080 1150 1108 vent
1161 1080 1274 1108 solvere
1289 1080 1392 1115 legem,
1407 1081 1480 1113 etc.,
1497 1079 1683 1108 credendum
1693 1082 1748 1113 est,
1760 1081 1791 1108 et
1804 1080 1921 1117 praedi-

1082 1124 1225 1158 candum,
1233 1125 1394 1153 Dominum
1401 1125 1564 1153 Jesumnec
1572 1132 1667 1152 unum
1675 1124 1746 1157 iota,
1753 1132 1811 1153 nec
1819 1133 1921 1153 unum

1084 1169 1200 1205 apicem
1212 1169 1286 1205 legis
1298 1169 1484 1205 praeteriisse,
1500 1171 1528 1198 et
1540 1171 1573 1198 ut
1595 1169 1687 1198 totius
1701 1170 1921 1205 transgressio-

1083 1213 1130 1243 nis
1141 1214 1319 1249 immunem,
1332 1213 1443 1242 dixisse
1456 1213 1681 1242 insidiatoribus
1696 1214 1757 1242 suis
1769 1223 1776 1241 :
1793 1214 1868 1248 Quis
1880 1222 1921 1242 ea:

1084 1259 1165 1288 vobis
1179 1261 1283 1295 arguet
1294 1266 1340 1287 me
1349 1259 1386 1288 de
1398 1259 1577 1294 pecccato“?
1590 1258 1703 1295 alioqui
1717 1266 1773 1287 nec
1787 1262 1920 1295 peccata

1083 1303 1248 1333 multorum
1262 1304 1385 1338 tulisset,
1399 1311 1455 1332 nec
1468 1311 1523 1340 pro
1538 1303 1809 1339 transgressoribus
1830 1311 1919 1332 oras-

1085 1352 1131 1378 set
1145 1352 1177 1378 ut
1190 1357 1252 1377 non
1267 1350 1407 1385 perirent,
1417 1356 1473 1377 nec
1485 1356 1541 1385 pro
1551 1348 1637 1377 nobis
1648 1356 1767 1384 passus,
1782 1348 1839 1377 sed
1859 1357 1918 1385 pro

1085 1402 1142 1422 sua
1156 1393 1493 1430 praevaricationejuste
1504 1394 1629 1428 punitus
1640 1394 1665 1411 ⁷³
1694 1393 1809 1428 fuisset,
1837 1401 1917 1430 praes

1085 1439 1186 1467 sertim
1197 1437 1281 1475 quod
1292 1445 1354 1466 non
1366 1438 1463 1466 solum
1478 1440 1681 1474 transgressor
1689 1438 1763 1473 legis
1773 1437 1918 1466 inventus

1082 1486 1161 1512 esset
1170 1483 1316 1512 fermento
1328 1485 1398 1511 tunc
1407 1482 1490 1519 apud
1503 1491 1535 1511 se
1548 1485 1682 1519 reperto;
1715 1482 1768 1511 sed
1787 1483 1919 1519 insuper

1081 1528 1193 1557 multos
1206 1527 1369 1564 discipulos
1376 1535 1444 1556 reos
1455 1527 1560 1556 mortis
1572 1527 1727 1561 effecisset,
1742 1527 1851 1556 cibans
1862 1536 1917 1556 eos

1080 1573 1268 1606 fermentata,
1285 1574 1313 1601 et
1324 1572 1355 1600 in
1368 1572 1509 1608 injuriam
1522 1572 1630 1601 divinae
1641 1572 1734 1608 legis;
1750 1572 1836 1609 quod
1866 1576 1915 1601 est

1081 1617 1277 1654 impossibile.
1292 1628 1307 1642 ››

1119 1663 1201 1691 Unde
1213 1670 1352 1699 quamvis
1369 1662 1519 1699 principes
1529 1662 1719 1691 sacerdotum
1747 1662 1862 1691 falsum
1874 1666 1916 1691 te-

1083 1707 1257 1736 stimonium
1263 1706 1441 1743 quaesissent
1447 1707 1592 1735 adversus
1598 1715 1678 1739 eum,
1686 1709 1719 1735 ut
1737 1715 1807 1735 eum
1823 1709 1915 1737 morti

1082 1753 1242 1783 traderent,
1250 1752 1367 1780 nullum
1373 1754 1475 1780 tamen
1481 1752 1538 1780 tale
1551 1752 1624 1788 quid
1631 1752 1816 1788 objecerunt,
1824 1753 1915 1788 quale

1084 1798 1176 1827 Graeci
1188 1805 1268 1825 nunc
1283 1796 1434 1832 objiciunt.
1446 1796 1533 1830 Quod
1543 1796 1569 1825 si
1579 1796 1684 1826 fuisset
1700 1797 1917 1833 objectum,so-

1083 1842 1147 1871 lum
1162 1841 1328 1870 suffecisset
1339 1841 1379 1869 ad
1389 1841 1575 1878 perdendum
1591 1848 1672 1870 eum.
1690 1843 1747 1869 Nec
1762 1842 1856 1870 Pilato
1872 1842 1915 1870 di-

1085 1889 1168 1915 cente
1179 1895 1185 1914 :
1193 1886 1398 1920 Accipiteeum
1404 1893 1463 1921 vos,
1472 1889 1498 1914 et
1504 1886 1668 1914 secundum
1676 1886 1767 1921 legem
1784 1890 1912 1915 vestram

1081 1931 1219 1967 judicate
1228 1938 1305 1964 eum,
1317 1929 1481 1958 dixissent:
1491 1931 1558 1958 Non
1570 1931 1638 1959 licet
1649 1930 1733 1958 nobis
1746 1931 1913 1965 interﬁcere

1087 1974 1460 2012 quemquam",quiaipsi
1474 1977 1625 2010 praecepto
1650 1975 1724 2009 legis
1746 1975 1911 2003 interfecis-

1087 2023 1154 2049 sent
1163 2020 1333 2048 fermentati
1340 2019 1525 2056 participem,
1535 2019 1715 2048 etdixissent
1728 2028 1735 2047 :
1745 2019 1808 2047 Nos
1820 2020 1910 2055 legem

1088 2065 1240 2095 habemus,
1252 2068 1278 2093 et
1289 2064 1451 2093 secundum
1477 2065 1570 2099 legem
1593 2064 1677 2092 debet
1699 2064 1821 2097 mori“,
1841 2064 1912 2100 quia

1086 2110 1297 2138 fermentatum
1303 2108 1432 2137 comedit
1437 2108 1467 2137 in
1474 2109 1597 2142 Pascha,
1605 2110 1657 2137 aut
1662 2111 1739 2136 certe
1746 2108 1830 2144 apud
1840 2116 1909 2138 eum

1083 2154 1233 2191 apparuit.

727 2188 947 2235 mpmfdemtfs
963 2185 1005 2235 si?
1019 2194 1026 2213 ³
1043 2200 1065 2227 D
1085 2180 1177 2228 wsrewd
1186 2180 1264 2228 forte
1273 2198 1345 2227 dicit
1357 2199 1475 2227 Graecus
1487 2208 1493 2228 :
1506 2200 1570 2227 Non
1593 2198 1624 2226 in
1639 2198 1770 2235 publico,
1799 2198 1851 2227 sed
1877 2199 1906 2227 in

199 2225 286 2259 Quod
299 2225 367 2253 fecit
377 2225 521 2254 Dominus
536 2226 649 2255 Pascha
664 2229 797 2263 tempore
810 2230 838 2256 et
860 2229 952 2257 modo
978 2230 1029 2258 de-

198 2270 270 2306 bito,
295 2273 347 2298 aut
364 2277 437 2299 non.
466 2270 495 2298 Si
522 2270 632 2305 dicant,
655 2279 740 2300 non:
771 2276 874 2302 contra
898 2275 1027 2304 Joannes

199 2315 440 2351 Chrysostomus,
457 2314 581 2343 homilia
597 2316 782 2352 octagesima
802 2320 910 2353 quarta
938 2327 1028 2355 super

198 2360 379 2394 Matthusum,
394 2360 436 2388 ita
446 2359 536 2388 dicit:
554 2371 568 2385 ‹‹
588 2362 652 2388 Non
673 2360 754 2389 enim
779 2361 910 2390 Christus
934 2366 1028 2392 trans-

197 2404 331 2440 greditur
345 2404 467 2434 Pascha:
480 2407 609 2441 tempus,
637 2405 691 2433 sed
718 2405 822 2440 Judaei,
849 2407 901 2443 qui
925 2408 1028 2437 omnia

197 2452 395 2486 prtesumunt,
407 2449 556 2478 Christum
565 2449 742 2478 conculcant
751 2453 779 2479 et
786 2450 867 2486 leges
879 2462 886 2485 ;
902 2453 974 2488 quia
983 2453 1028 2481 di-

195 2494 321 2530 ligenter
335 2494 492 2523 fervebant
505 2494 615 2529 furore,
626 2496 655 2522 et
671 2502 750 2530 saepe
772 2499 914 2524 conantes
937 2497 1028 2526 inter-

196 2539 292 2574 ficere,
303 2547 365 2568 non
379 2539 538 2567 valuerunt
552 2547 559 2566 :
572 2540 642 2567 tunc
657 2539 837 2575 accipientes
863 2540 964 2576 ipsum
991 2551 1027 2571 ex

195 2583 359 2620 insperato,
374 2583 533 2612 voluerunt
547 2583 639 2611 etiam
653 2583 766 2612 Pascha
785 2584 943 2621 dimittere,
971 2596 1027 2624 pro

195 2626 349 2655 homicida
362 2635 418 2655 sua
438 2626 587 2655 voluntate
611 2625 774 2662 implenda.
802 2628 925 2665 Propter
943 2631 1027 2666 quod

196 2671 369 2707 congregati
383 2673 455 2700 sunt
467 2679 583 2706 omnes,
595 2682 610 2696 »
623 2673 679 2700 etc.

1081 2243 1196 2273 occulto
1207 2243 1264 2272 hoc
1277 2243 1346 2278 egit.
1362 2242 1462 2271 Absit!
1475 2243 1550 2276 Quia
1560 2250 1621 2270 non
1647 2243 1747 2270 solum
1768 2242 1806 2270 de
1820 2243 1906 2271 factis

1081 2289 1153 2322 suis,
1167 2288 1220 2316 sed
1231 2287 1320 2316 etiam
1333 2287 1371 2315 de
1381 2287 1468 2315 dictis
1493 2287 1533 2316 ait
1543 2287 1601 2323 ipsi
1617 2294 1738 2315 summo
1754 2287 1904 2322 pontifici:

1080 2334 1145 2368 Ego
1149 2333 1251 2368 palam
1264 2333 1379 2361 loculus
1387 2340 1453 2360 sum
1463 2331 1585 2365 mundo,
1596 2335 1622 2360 et
1636 2332 1668 2359 in
1679 2331 1852 2360 abscondito
1864 2332 1906 2359 to-

1081 2381 1166 2406 cutus
1175 2386 1240 2406 sum
1248 2377 1337 2405 nihil.
1348 2377 1427 2410 Quid
1433 2384 1480 2405 me
1496 2377 1666 2412 interrogas
1674 2378 1688 2404 7
1695 2377 1847 2412 interroga
1857 2385 1905 2406 eos

1081 2424 1134 2459 qui
1145 2423 1307 2451 audierunt
1316 2421 1412 2450 “.Sed
1428 2422 1519 2450 etiam
1527 2421 1677 2458 numquid
1683 2421 1842 2450 dominum
1849 2422 1905 2450 do-

1081 2476 1160 2500 mus,
1172 2467 1202 2495 in
1214 2475 1276 2504 qua
1288 2466 1404 2495 Pascha
1418 2466 1589 2499 celebravit,
1604 2466 1714 2494 latuit?
1729 2468 1780 2494 aut
1794 2469 1871 2495 certe
1881 2467 1905 2495 si

1081 2512 1147 2548 ipse
1161 2511 1322 2544 consensit,
1338 2510 1488 2547 numquid
1497 2510 1640 2539 etludam
1649 2510 1827 2546 complicem
1841 2519 1906 2539 ma-

1080 2556 1231 2591 lignorum
1247 2555 1339 2583 latere
1359 2555 1474 2591 potuit?
1492 2555 1544 2592 qui
1565 2555 1647 2589 iuxta
1666 2554 1829 2583 Psalmista:
1848 2563 1904 2584 vo-

1082 2608 1163 2629 cem:
1175 2601 1247 2628 Dux
1258 2607 1338 2628 meus
1348 2603 1375 2628 et
1390 2602 1477 2627 notus
1487 2607 1567 2628 meus
1580 2599 1738 2627 vocatur“
1750 2607 1757 2632 ;
1780 2606 1904 2635 praeser-

1080 2645 1134 2675 tim
1149 2653 1219 2673 cum
1229 2644 1317 2673 fuerit
1326 2643 1527 2680 dispensator,
1539 2651 1631 2681 quem
1642 2643 1786 2672 Dominus
1796 2643 1902 2673 dilecto

233 2738 294 2774 ⁸⁵.ξέ
307 2736 393 2774 -Ιοωι,
422 2745 482 2773 xm,
512 2738 538 2764 i.
564 2737 586 2754 ⁸⁷
603 2736 678 2774 {pan
705 2744 784 2771 xvm,
813 2737 859 2766 28.
888 2739 911 2756 ⁵⁸
928 2740 1029 2769 Matth.
1058 2749 1091 2770 v.
1122 2742 1167 2769 l7.
1187 2741 1210 2758 ⁸⁷
1228 2740 1238 2767 Ι
1261 2740 1326 2768 Cor.
1342 2747 1375 2773 lt,
1393 2741 1435 2774 18,
1451 2739 1476 2758 7°
1488 2738 1581 2768 Exod.
1596 2747 1646 2772 ιιι,
1663 2740 1707 2767 20.
1725 2738 1748 2756 ⁷ι
1765 2739 1837 2767 toan
1851 2746 1899 2767 vui

195 2773 242 2804 46.
270 2773 293 2793 ⁷³
308 2772 364 2805 lsa.
379 2782 440 2809 Lm,
457 2771 479 2804 ι’
496 2779 582 2809 seqq.
604 2771 726 2804 “Joan.
756 2781 834 2810 xviu,
863 2775 909 2805 3i.
936 2775 1061 2808 7"Joan.

1088 2784 1147 2811 xu,
1174 2779 1202 2806 7.
1227 2775 1350 2807 7‘Joan.
1377 2783 1456 2812 πίνω,
1483 2777 1528 2810 20,
1556 2775 1602 2805 2t.
1626 2774 1739 2806 “Psal.
1769 2782 1825 2811 1.1V,
1848 2775 1892 2803 t4.
