1948 3079
16 102 52 131 521

691 100 832 130 CONTRA
847 100 1010 130 GRIECOS.

1651 109 1702 136 522

16 163 168 192 suoloanni
177 163 824 199 demonstransaitzlpseest,cuiintinctum
839 163 864 192 Α
879 171 1011 200 azymos.
1032 163 1124 199 Unde,
1148 163 1216 192 licet
1243 162 1388 192 Dominus
1415 163 1521 194 dixerit
1549 166 1702 205 discipulis

15 209 304 244 panemporrexerero77
317 217 322 242 ;
331 211 359 237 et
368 218 374 236 :
383 209 440 243 Qui
450 216 565 237 meeum
571 209 693 244 intingit
702 216 825 237 manum

16 255 38 280 in
50 253 214 288 paropside,
229 254 280 282 hi:
293 261 337 282 me
358 254 455 282 tradet
467 254 500 280 ⁷⁸.
517 254 601 286 Quod
612 254 635 281 si
644 253 685 282 ita
693 256 747 288 est,
757 261 825 290 quae

15 307 51 326 res
64 298 213 334 prohibuit
225 298 374 326 infelicem
386 299 507 331 ludam,
525 298 562 326 de
579 301 744 326 memorato
769 298 824 326 fer-

15 345 129 371 mentato
136 342 239 379 ipsum
252 343 377 379 prodere
386 343 566 378 sanguinem
578 344 695 380 justum
710 343 823 379 palam,

16 396 90 424 quem
99 388 244 416 omnibus
254 388 352 416 modis
362 387 516 424 quzerebat
525 388 651 424 prodere
661 388 739 415 clam
749 388 762 415 ?
773 389 826 415 aut

15 432 74 469 quid
83 440 199 460 necesse
211 432 321 460 habuit
332 432 429 460 dicere
441 441 448 460 :
467 433 595 461 Peccavi
622 432 743 460 tradens
756 440 824 460 san-

16 478 115 511 guinem
123 477 242 511 justum
256 477 281 494 7°
293 485 299 510 ;
311 485 380 505 cum
396 477 542 505 tradendo
571 480 824 512 transgressorem

16 521 83 556 legis,
98 520 230 549 avertita
248 529 281 548 se
296 523 324 549 et
338 530 355 549 a
371 521 482 558 populo
493 515 635 550 turorem
651 521 778 557 Domini,
797 522 825 549 et

17 566 123 600 gratiam
145 565 343 601 promeruit?
369 566 449 594 Sicut
473 566 553 594 enim
578 566 721 602 scriptum
737 566 824 594 estin

19 610 229 637 Uenteronomio
238 618 245 637 :
255 610 289 638 St
296 610 442 644 propheta
450 610 584 646 quilibet,
596 611 736 644 autﬁtius
744 613 822 643 tuus,

18 658 56 681 aut
68 655 136 688 ﬁlia,
151 661 203 682 seu
219 662 313 688 uxor,
331 658 358 682 et
369 655 483 684 amicus
492 662 578 690 quem
599 655 699 689 diligis
714 657 747 682 ut
761 655 824 683 ani-

19 706 77 726 mam
87 702 177 732 tuam,
185 700 390 727 volucreclam
397 700 578 734 persuadere
590 699 654 735 tibi,
664 702 696 727 ut
707 702 823 728 averta-

18 744 48 770 ris
59 751 74 771 a
87 745 271 772 rteremoniis
284 745 370 779 teges,
383 752 444 772 non
458 746 628 780 acquiescas
645 745 695 778 eis,
710 752 763 773 nec
774 752 823 773 au-

19 787 84 815 dias:
99 796 149 816 nec
160 792 276 823 parcat
287 790 313 817 ei
325 789 428 817 oculus
445 792 524 822 tuus,
538 796 592 817 nec
603 789 783 824 miserearis,
797 792 823 817 et

20 834 125 861 occultes
133 841 211 868 eum,
220 836 248 862 et
263 835 366 862 statim
371 833 488 868 prodito
492 834 604 868 populo
615 834 825 867 interﬁciesmt
839 851 859 879 Β

19 881 150 905 avertatur
164 879 239 906 Dom
244 879 314 906 inus
320 878 358 907 ab
367 879 414 907 ira
427 879 543 914 furoris
551 879 607 912 sui,
615 881 641 907 et
648 879 825 908 misereatur

20 923 59 952 uti.
72 923 309 959 multiplicatque
324 926 351 951 te
364 924 398 958 ⁸ο,
415 926 469 952 etc.

45 966 90 994 Sed
116 967 223 994 iterum
245 967 352 996 dicunt
372 968 479 996 Grzeci:
497 967 525 996 Si
545 967 675 996 creditur
689 967 826 1004 omnipo-

17 1011 73 1041 lens,
84 1010 289 1047 potuitutique
295 1011 394 1039 subito
405 1011 617 1040 fermentatum
624 1011 825 1048 undecunque

18 1054 142 1086 exhibere,
156 1057 209 1083 aut
225 1057 306 1084 certe
321 1056 422 1092 ipsum
451 1064 592 1092 azymum
619 1055 826 1084 benedicendo

18 1099 180 1129 fermentare.
193 1100 285 1133 Quod
296 1109 388 1137 quam
398 1101 434 1129 sit
444 1100 591 1135 frivolum,
603 1109 694 1129 nemo
707 1104 762 1136 est,
773 1101 826 1138 qui

20 1144 206 1180 nonintelligat
217 1153 223 1172 :
241 1145 316 1182 quia
327 1153 506 1182 quocunque
517 1145 609 1174 modo
617 1145 698 1182 apud
713 1153 782 1174 eum
796 1147 826 1174 in

20 1188 69 1223 ipsa
83 1189 269 1218 solemnitate
294 1190 506 1218 fermentatum
533 1190 731 1226 apparuisset,
753 1190 826 1226 legis

22 1236 194 1268 transgressor
210 1234 306 1268 ﬁeret,
323 1237 350 1262 et
375 1238 463 1270 plane
479 1235 590 1270 dignus
604 1235 713 1271 puniri,
731 1235 782 1271 qui
795 1235 826 1264 in

21 1281 106 1306 sancite
118 1278 189 1314 legis
203 1279 420 1307 contumeliam
435 1279 646 1307 fermentatum
660 1282 824 1308 tractasset.

21 1322 63 1349 Sed
71 1325 95 1350 et
103 1323 125 1351 si
134 1324 275 1360 quolibet
285 1323 377 1352 modo
393 1326 509 1352 tantum
522 1324 701 1352 miraculum
713 1324 825 1353 factum

21 1366 110 1400 luisset,
117 1367 221 1405 a!iquis
227 1368 484 1403 evangelistarum
492 1371 650 1403 narrasset;
659 1377 728 1397 cum
735 1370 824 1397 etiam

21 1411 135 1445 quit}de
146 1413 288 1447 minima,
299 1420 354 1440 nec
368 1413 540 1441 narratione
547 1413 623 1441 adeo
629 1413 731 1448 digna,
740 1416 772 1441 ut
787 1413 823 1442 de

22 1457 183 1485 contentione
199 1457 433 1494 discipulorum,
463 1457 619 1492 diligenter
634 1457 743 1486 fuerint
757 1465 823 1486 nar-

21 1506 76 1527 rata.
84 1501 185 1529 Omnia
194 1509 272 1537 ergo
283 1504 342 1529 tam
352 1501 502 1530 obstinato
513 1502 628 1530 silentio
645 1502 824 1530 reticuerunt

22 1546 479 1581 necessariisaeramontiinitium,
488 1546 571 1582 quod
583 1547 670 1575 totius
686 1547 823 1575 Ecclesiae

23 1590 121 1618 eXsistat
133 1591 465 1619 fundamentum.Unde
481 1591 621 1628 quamvis
636 1592 673 1620 sit
688 1592 824 1628 omnipo-

25 1636 79 1664 lens.
92 1635 166 1663 istud
181 1636 284 1664 facere
308 1643 368 1663 non
389 1635 494 1671 potuit,
519 1636 590 1672 quia
608 1636 711 1664 noluit.
728 1637 824 1669 Quare

24 1678 115 1707 noluit?
128 1680 201 1712 Quia
214 1680 387 1715 transgredi
400 1681 498 1715 legem
513 1681 618 1709 noluit.
632 1681 716 1708 [inde
727 1681 740 1708 '?
757 1681 823 1709 Non

25 1725 75 1750 real
86 1725 191 1753 solvere
203 1726 310 1760 legem,
336 1725 386 1753 sed
399 1725 564 1759 adimplere
578 1726 611 1753 θ’,
625 1726 710 1758 Quod
724 1729 823 1754 autem

24 1768 214 1804 omnipotentia
245 1778 304 1798 sua
328 1769 435 1804 ligetur
457 1770 571 1798 ratione
598 1770 766 1798 necessaria
796 1772 824 1798 et.

26 1813 80 1847 utili,
89 1814 228 1849 probatur
238 1822 294 1851 per
304 1814 519 1849 evangelistam
530 1814 708 1850 Matthaeum,
725 1815 825 1843 dicen-

26 1859 68 1883 tem
79 1857 111 1885 de
123 1859 217 1894 patria
233 1859 340 1886 Christi
352 1867 358 1886 :
374 1859 441 1886 Non
452 1859 547 1893 potuit
558 1860 599 1887 ibi
611 1862 735 1888 virtutes
749 1861 824 1888 mul-

25 1902 166 1936 tas/acere,
182 1906 312 1938 propter
326 1904 570 1932 incredulitatem
585 1912 685 1932 eorum
701 1905 734 1932 ⁸³.

123 1962 285 1996 Responsio
298 1961 339 1990 ad
350 1963 559 1990 auctoritatem
575 1963 708 1990 Joannis.

51 2016 86 2043 .td
99 2019 264 2047 secundum
280 2019 430 2054 olijectum
444 2019 480 2047 de
494 2020 668 2048 auctoritate
684 2021 824 2049 Joannis:

28 2060 133 2093 ipsinon
145 2065 325 2092 introierunt
337 2064 370 2095 ⁸³,
381 2066 447 2099 etc.,
459 2064 600 2099 dicimus,
614 2065 696 2101 quod
712 2066 827 2094 Pascha

28 2106 200 2143 multipliciter
214 2109 389 2144 accipiatur.
407 2109 577 2145 Aliquando
595 2111 674 2138 enim
691 2113 736 2138 est
763 2111 827 2139 dies

29 2149 233 2181 immolationis:
253 2153 332 2181 unde
353 2153 468 2182 Levitici
488 2163 493 2183 :
516 2154 634 2182 Decimo
660 2159 767 2191 quarto
780 2156 827 2185 die

28 2197 158 2232 mensisad
167 2205 321 2233 vesperam
332 2198 448 2226 Pascha
457 2199 575 2226 Domini
584 2203 626 2227 est
634 2200 657 2216 ⁸³
667 2209 673 2233 ;
685 2203 712 2227 et
724 2201 753 2228 in
761 2202 825 2229 Mat-
842 2201 864 2229 Ι)

30 2238 105 2267 timeo:
121 2242 208 2270 Scitis
221 2243 295 2278 quia
305 2245 370 2277 post
383 2243 504 2270 biduum
522 2243 638 2271 Pascha
651 2245 701 2278 ﬁet
719 2245 753 2272 ⁵⁵.
770 2245 826 2274 Ali-

29 2286 130 2318 quando
143 2295 240 2322 agnus
257 2288 440 2321 immolatus,
455 2290 505 2315 ut:
525 2289 608 2317 Unde
630 2290 671 2317 vis
686 2298 827 2324 paremus

31 2328 180 2360 ttbzI’ascha
190 2334 213 2349 ⁸ο
220 2333 233 2360 ?
240 2332 427 2368 Quandoque
435 2341 504 2360 vero
511 2333 576 2361 dies
583 2335 828 2370 azymorum,sic-

32 2375 53 2399 ut
65 2372 178 2404 habetur
192 2377 223 2404 in
245 2377 367 2405 Actibus
389 2377 595 2413 apostolorum
608 2378 646 2406 de
661 2380 762 2407 Petro:
784 2381 830 2408 Vo-

31 2416 376 2455 Ienspostproducereeum
385 2423 507 2456 populo;
515 2425 600 2450 erant
607 2424 683 2451 enim
691 2424 755 2452 dies
761 2432 829 2459 azy—

30 2464 161 2492 morum“.
171 2465 339 2502 Aliquando
349 2469 446 2494 autem
454 2474 548 2502 panes
559 2467 666 2504 azymi,
683 2468 827 2497 sicuthic:

30 2504 81 2533 Non
95 2509 270 2538 introierunt
288 2512 319 2539 in
333 2511 557 2545 prtetoriztm,ut
569 2520 628 2539 non
644 2514 828 2550 contamina,

32 2554 126 2586 rentur,
133 2554 181 2582 sed
188 2557 218 2582 ut
230 2555 613 2590 manducarentPase/ia“8,
629 2556 720 2593 idest,
734 2566 827 2594 panes

879 209 941 236 suis
955 218 960 237 :
975 209 1065 237 Scitis
1080 209 1152 244 quia
1160 212 1226 244 post
1245 209 1367 238 biduum
1384 209 1505 239 Pascha
1516 211 1568 245 ﬁet
1584 213 1618 246 ⁸⁸,
1633 216 1700 247 etc.,

879 253 1032 282 Matthmus
1047 256 1148 282 tamen
1162 254 1255 290 ipsius
1270 253 1338 286 diei,
1352 253 1383 282 in
1393 255 1479 289 cujus
1493 263 1629 292 vespera,
1643 265 1704 293 qua

880 298 993 327 Pascha
1007 298 1110 332 ﬁebat,
1124 299 1306 327 mentionem
1322 299 1435 327 faciens
1452 300 1511 328 ait:
1536 301 1633 329 Primo
1657 303 1705 330 die

879 350 1051 378 azymorum
1059 347 1244 372 accesserunt
1257 344 1400 379 discipuli
1409 345 1444 377 ⁸⁵,
1453 347 1508 372 etc.
1521 345 1570 373 Cui
1582 354 1704 374 concor-

878 387 956 415 duns
969 389 1082 415 Marsus
1099 387 1157 416 ait:
1177 388 1252 416 Erat
1275 391 1372 416 autem
1400 388 1517 416 Pascha
1549 392 1575 417 et
1597 397 1704 425 azyma

876 435 943 466 post
950 431 1071 460 biduum
1079 432 1113 460 ³ο.
1126 433 1348 468 EtpOStpauca:
1361 433 1459 461 Prima
1465 433 1512 460 die
1521 441 1705 470 azymorum,

877 477 998 511 quando
1015 477 1128 504 Pascha
1140 477 1334 505 immolabant
1349 477 1384 512 ιη,
1397 480 1452 506 etc.
1470 478 1499 506 Si
1511 478 1600 513 igitur
1627 479 1708 507 vide-

877 523 958 548 retur
971 529 1033 549 non
1043 521 1252 557 accipiendum
1262 522 1378 550 Pascha
1389 524 1416 549 et
1431 529 1549 558 azyma,
1571 525 1604 551 ut
1614 523 1706 552 modo

877 565 1001 599 Pascha,
1015 573 1069 602 pro
1085 565 1159 594 festo
1173 574 1359 603 azymorum,
1370 568 1398 594 et
1412 566 1504 595 modo
1517 567 1625 596 festum
1640 576 1706 604 azy-

877 617 997 637 morum
1010 610 1190 645 intelligatur
1200 619 1254 646 pro
1265 610 1398 644 Pascha;
1415 611 1570 647 quomodo
1592 612 1682 641 stabit
1698 622 1705 641 :

877 654 954 682 Erat
971 654 1089 683 Pascha
1105 658 1133 682 et
1146 663 1254 690 azyma
1267 658 1333 690 post
1353 655 1474 684 biduum
1486 658 1500 682 Ζ)
1524 656 1582 684 Sed
1600 656 1707 685 beatus

879 699 972 727 Lucas
988 707 1111 726 omnem
1125 699 1242 727 solvens
1257 699 1378 728 haeresis
1392 701 1625 729 controversiam
1648 702 1704 730 ait:

877 744 1148 779 Appropinquabat
1157 744 1462 780 diesa:ymorum,qui
1472 745 1582 774 dicitur
1592 746 1707 775 Pascha

878 789 913 822 9’;
922 789 1100 825 etquiacum
1108 796 1154 823 eo,
1161 788 1211 824 qui
1221 789 1338 825 proprie
1346 789 1628 824 Paschadicebatur,
1636 790 1706 819 sub-

879 834 1037 868 sequentes
1051 840 1173 869 quoque
1186 832 1249 861 dies
1264 841 1440 870 azymorum
1453 833 1577 862 abusive
1590 842 1705 863 nuncu~

879 879 989 913 pantur
1002 877 1126 911 Pascha,
1150 885 1241 914 quem
1257 878 1338 906 diem
1362 878 1449 906 vellet
1461 878 1594 914 intelligi,
1610 879 1640 907 in
1656 888 1704 908 se-

879 921 1041 957 quentibus
1067 922 1198 950 ostendit
1208 922 1309 950 dicens
1324 931 1329 949 :
1350 923 1433 950 Venit
1451 925 1549 951 autem
1559 923 1620 951 dies
1633 932 1704 959 azy-

880 974 996 994 morum
1012 966 1044 994 in
1057 974 1117 1002 qua
1131 974 1245 994 necesse
1259 970 1323 995 erat
1337 967 1433 995 occidi
1442 967 1554 995 Pascha
1567 968 1603 996 Ν.
1618 968 1704 1000 Quod

879 1010 968 1046 plane
984 1010 1014 1038 in
1030 1011 1147 1039 decima
1162 1013 1270 1047 quarta
1284 1011 1358 1039 luna
1372 1011 1464 1039 fiebat
1478 1011 1516 1040 ad
1531 1019 1703 1048 vesperum,

880 1055 1002 1090 quando
1017 1063 1114 1090 agnus
1129 1055 1340 1089 occidebatur;
1366 1063 1459 1092 quem
1482 1056 1573 1084 etiam
1590 1056 1706 1086 Pascha.

880 1099 949 1133 dici,
966 1099 1150 1135 evangelista
1166 1099 1208 1128 sic
1230 1100 1390 1136 perhibuit,
1418 1102 1451 1128 ut
1465 1101 1496 1128 in
1511 1100 1576 1136 ipso
1589 1101 1705 1129 Pascha

880 1143 1078 1172 occidendum
1092 1144 1212 1172 diceret.

915 1190 1015 1221 Porro,
1026 1188 1286 1225 qualiterintelligi
1297 1189 1415 1224 debeat,
1429 1189 1511 1226 quod
1526 1189 1584 1218 ait:
1600 1190 1635 1218 Ut
1644 1198 1705 1218 non

880 1235 1168 1270 contaminarentur,
1178 1235 1230 1263 sed
1236 1238 1267 1263 ut
1277 1235 1496 1263 manducarent
1508 1235 1620 1263 Pascha
1627 1236 1660 1262 9‘.
1669 1237 1703 1264 π’.

879 1278 970 1306 Paulo
981 1281 1048 1314 post
1059 1278 1099 1307 ait
1110 1287 1116 1305 τ
1127 1279 1205 1306 Erat
1216 1281 1315 1307 autem
1327 1280 1485 1308 Parasceve
1496 1279 1617 1307 Paschze
1631 1280 1704 1308 hora

880 1324 966 1359 quasi
982 1327 1068 1351 sexta
1092 1325 1111 1351 ‘.
1141 1324 1302 1351 Parasceve
1317 1323 1445 1356 Paschae,
1457 1324 1636 1360 praeparatio
1654 1325 1704 1352 Pa-

881 1368 961 1396 schae
973 1368 1198 1404 interpretatur:
1214 1368 1338 1404 quando
1348 1368 1413 1403 jam
1428 1369 1665 1404 praeparabatur,
1676 1371 1706 1397 et

879 1412 1169 1441 instabatcelebritas
1176 1413 1344 1447 dieimagni
1353 1412 1486 1446 Sabbati,
1494 1413 1547 1449 qui
1560 1413 1705 1442 celebrior

879 1457 993 1485 cunctis
1005 1457 1112 1484 diebus
1136 1459 1206 1485 tunc
1230 1457 1399 1485 habebatur
1413 1457 1606 1493 paschalibus
1621 1457 1704 1494 apud

878 1502 995 1529 Judaeos
1009 1501 1100 1529 :adeo
1112 1503 1143 1529 ut
1156 1501 1346 1529 observantia
1369 1501 1434 1537 ejus
1446 1501 1563 1536 gentilis
1571 1502 1702 1530 hominis

879 1545 1109 1580 cohabitutione,
1123 1546 1211 1574 veluti
1225 1546 1345 1574 introitu
1357 1546 1497 1582 praetorii,
1510 1546 1700 1582 pollueretur.

879 1591 888 1618 Ι
893 1592 971 1626 gitur
982 1592 1041 1619 :Ne
1047 1592 1077 1619 in
1086 1599 1172 1619 cruce
1180 1594 1370 1619 remanerent
1381 1598 1509 1625 corpora
1520 1591 1550 1618 in
1561 1591 1701 1625 Sabbato,

879 1638 1026 1671 rogarunt
1040 1636 1179 1669 Pilatum,
1196 1639 1229 1663 ut
1245 1636 1424 1663 tollerentur
1435 1636 1457 1663 ⁵.
1473 1634 1589 1663 Pascha
1600 1635 1701 1669 igitur,

878 1681 909 1708 in
921 1680 1077 1716 prmmissa
1087 1679 1419 1716 auctoritate,accipitur
1430 1687 1484 1716 pro
1498 1679 1613 1715 azymis
1625 1688 1630 1705 :
1640 1687 1702 1714 quo

878 1725 1047 1753 necessario
1055 1732 1207 1758 concesso,
1214 1727 1309 1752 cessat
1315 1723 1556 1753 adversariorum
1561 1723 1701 1759 objectio.

1119 1783 1236 1811 Solutio
1251 1783 1292 1811 ad
1308 1783 1438 1811 tertiam.

914 1841 957 1868 Ad
969 1841 1095 1873 tertiam,
1107 1841 1190 1877 quod
1207 1840 1320 1875 dicunt,
1337 1840 1420 1877 quod
1434 1842 1510 1877 ipso;
1523 1840 1703 1877 supponitur

879 1893 932 1922 pro
946 1886 1133 1919 fermentata,
1149 1886 1288 1920 dicimus,
1300 1885 1383 1921 quod
1396 1885 1525 1913 multum
1536 1885 1705 1922 discrepant

879 1939 898 1959 a
910 1931 1030 1959 veritate
1046 1939 1052 1958 ε
1069 1931 1141 1966 quia
1160 1931 1238 1966 ipso;
1251 1931 1282 1958 in
1306 1939 1392 1958 sacra
1415 1930 1566 1966 Scriptura
1584 1938 1644 1959 nou
1659 1939 1706 1959 s0-

880 1976 941 2004 lum
951 1984 1006 2011 pro
1017 1983 1133 2011 azymo,
1147 1983 1251 2003 verum
1261 1975 1349 2003 etiam
1360 1983 1414 2011 pro
1426 1974 1559 2011 quolibet
1570 1983 1647 2011 pane
1658 1983 1705 2003 su-

881 2021 980 2054 mitur,
1003 2022 1090 2056 prout
1106 2020 1137 2047 in
1155 2020 1348 2055 sequentibus
1363 2019 1530 2056 apparebit.
1557 2019 1705 2055 Scriptum

881 2068 925 2093 est
939 2065 970 2093 in
987 2066 1076 2099 Luca,
1091 2064 1173 2100 quod
1202 2073 1271 2092 cum
1301 2065 1444 2092 Dominus
1469 2064 1657 2101 apparuisset
1675 2065 1706 2092 in

882 2110 980 2146 specie
993 2109 1150 2146 peregrini,
1169 2111 1291 2137 coactus
1304 2109 1358 2137 fuit
1368 2117 1386 2137 a
1408 2109 1527 2137 duobus
1542 2108 1704 2145 discipulis,

881 2157 914 2182 ut
934 2154 1145 2187 discumberet,
1170 2155 1198 2180 et
1221 2154 1435 2189 postzaccepit
1459 2154 1547 2190 ἄρτον,
1574 2155 1599 2180 et
1625 2153 1707 2181 bene-

882 2199 969 2232 dixit,
986 2200 1013 2226 et
1027 2206 1094 2234 qua:
1107 2200 1272 2233 sequuntur
1287 2198 1307 2224 ³.
1325 2197 1383 2224 Sed
1395 2199 1523 2230 constat,
1548 2196 1631 2233 quod
1643 2197 1708 2224 lirec

881 2244 961 2272 facta
995 2245 1063 2270 sunt
1082 2242 1113 2269 in
1124 2242 1172 2269 die
1194 2242 1436 2273 Rcsurrectionis,
1466 2242 1524 2269 hoc
1548 2244 1601 2274 est,
1616 2242 1647 2269 iu
1660 2242 1708 2270 die

883 2296 1069 2324 azymorum,
1085 2287 1138 2323 qui
1153 2294 1206 2322 per
1221 2289 1334 2322 septem
1350 2286 1413 2314 dics
1429 2285 1596 2314 secundum
1611 2286 1708 2321 legem

883 2332 1262 2368 durabant,inquibusnon
1283 2331 1380 2358 solum
1396 2339 1456 2359 non
1466 2331 1593 2366 comedi,
1604 2338 1709 2359 verum

885 2386 938 2407 nec
950 2378 979 2405 in
990 2375 1143 2410 domibus,
1159 2376 1252 2403 necin
1264 2375 1374 2403 limbus
1385 2375 1440 2403 illis
1453 2375 1605 2410 omnibus,
1622 2376 1709 2412 panis

883 2423 1080 2451 fermentatus
1095 2422 1212 2457 poterat
1230 2420 1369 2448 inveniri.
1391 2422 1510 2448 Constat
1527 2428 1607 2454 ergo,
1625 2419 1709 2456 quod

883 2468 934 2496 illc
967 2467 1064 2504 ponis,
1087 2466 1140 2502 qui
1165 2465 1331 2493 secundum
1360 2466 1473 2493 Graecos
1489 2466 1566 2501 ἄρτος
1591 2465 1709 2496 dicitur.

884 2520 946 2541 non
975 2511 1030 2539 fuit
1062 2510 1266 2546 fermentatus,
1294 2509 1346 2538 sed
1367 2517 1502 2545 azymus.
1521 2509 1614 2546 "Apro;
1637 2516 1708 2542 ergo

891 2556 1036 2593 supponit
1049 2563 1104 2592 pro
1116 2563 1232 2591 azymo.

61 2639 78 2654 π
91 2641 172 2681 «toan.
185 2652 240 2677 xui,
254 2647 297 2673 ‘26.
336 2647 370 2673 '78
383 2645 482 2673 Matth.
500 2654 574 2681 xvri,
588 2648 632 2673 '23.
661 2647 685 2663 ⁷ο
700 2647 799 2675 Matth.
815 2654 900 2678 xxvu,
918 2648 944 2674 li.
970 2646 1001 2667 ν⁸⁰
1017 2646 1097 2672 Deut.
1116 2644 1174 2675 xui,
1190 2646 1266 2671 6-H).
1301 2642 1437 2681 lf‘ltmtth.
1454 2650 1481 2681 vi
1501 2644 1543 2681 t7.
1575 2642 1598 2659 ⁸³
1612 2642 1710 2681 Matth.

36 2679 132 2716 531558.
167 2680 251 2708 Marc.
266 2689 305 2708 vi.
343 2682 367 2698 ³³
382 2682 469 2709 Joan.
486 2679 621 2716 “111,28.

66 2711 136 2753 toan:
151 2722 225 2753 xvtll,
248 2718 286 2744 l8.
316 2717 339 2733 ⁸⁹
355 2717 453 2745 Matth.
467 2725 522 2749 μη,
549 2709 575 2746 ἐ.
609 2718 634 2735 υο
649 2709 810 2753 Μαιλοίχὶὲ,
826 2709 848 2745 l.

37 2751 98 2783 mn,
109 2750 148 2777 28.
186 2751 192 2768 ¹
207 2752 290 2779 Joan.
307 2760 361 2787 nx,
376 2753 420 2780 lli.
459 2754 470 2770 '
486 2753 560 2782 lbid.
575 2754 618 2782 31.

190 2787 308 2816 PATROL.
328 2788 379 2817 GR.
401 2788 476 2818 CXL.

661 2683 685 2700 ⁸⁵
703 2683 795 2710 Exod.
810 2691 859 2716 xu,
876 2683 917 2709 18.

957 2683 980 2699 ⁸⁵
997 2681 1094 2709 Matth.
1109 2688 1183 2714 xxvr,
1195 2683 1221 2708 εὶ.
1253 2681 1276 2696 δα
1293 2679 1365 2706 Ibid.
1386 2681 1426 2706 l7.
1454 2679 1481 2714 7‘”
1498 2680 1560 2706 Act.
1577 2686 1626 2711 xu,
1643 2681 1669 2710 3,
1685 2679 1712 2705 4-

884 2719 905 2736 ⁹¹
924 2717 997 2746 Ibid.
1015 2718 1057 2745 12.
1091 2718 1114 2734 ³³
1129 2717 1198 2744 Luc.
1214 2723 1283 2750 XXII,
1303 2717 1327 2743 i.
1360 2716 1384 2732 93
1398 2713 1472 2742 ibid.
1486 2717 1512 2742 7.
1547 2714 1614 2734 ενδ-νε
1629 2715 1715 2743 toan.

1472 2789 1502 2816 ι’]

658 2754 669 2771 ³
687 2755 756 2783 Luc.
772 2761 853 2791 xxtu,
873 2756 914 2783 t3.
