1948 3079
238 103 290 131 523

850 98 1060 127 PANTALEON‘

1125 99 1253 128 HACONI
1274 101 1326 129 (ΖΡ.
1888 104 1930 130 524

272 167 367 201 Atque
381 164 439 192 hoc
464 163 567 200 ipsum
580 161 730 190 habemus
745 160 774 188 in
791 161 926 193 Levitico,
940 162 992 190 ubi
1003 163 1064 190 Mo-
1081 165 1104 190 Α
1119 170 1212 198 quam
1226 164 1469 199 praevaricatores
1483 163 1566 198 legis.
1593 163 1693 191 Primo
1710 163 1802 197 igitur
1815 163 1861 191 die
1877 172 1931 200 azy-

238 217 285 237 ses
294 209 333 236 de
346 208 478 245 panibus
492 205 707 243 pr0positionis
719 205 786 232 fecit
802 206 995 239 mentionem,
1012 207 1065 242 qui

237 253 335 289 azymi
360 255 455 284 erant,
478 251 644 280 secundum
672 250 770 285 legem
794 250 814 276 ‘.
831 252 911 283 Item,
939 251 990 278 ubi
1008 252 1063 279 ait:

240 298 405 328 Comedetis
411 304 504 331 panes
513 303 631 331 azymos
647 302 714 322 cum
731 295 857 322 lactucis
872 296 1063 330 aqrestibus‘,

237 342 355 370 habens
364 342 394 369 in
409 343 519 371 Grmco.
531 339 692 368 comedetis
707 342 792 375 ᾱρτον.
813 339 885 367 item
898 339 929 367 in
945 340 1065 376 Sapienv

239 387 288 420 tia,
303 387 354 415 ubi
370 387 518 422 scriptura
532 385 570 413 de
597 392 676 421 pane
691 384 812 418 caelesti,
834 384 864 411 id
883 387 925 412 est
940 393 1065 420 manna,

236 434 381 467 paratum
396 431 433 459 de
447 432 520 459 calo
536 431 557 462 ⁸,
575 433 641 462 etc.,
656 429 727 456 dicit
741 429 870 459 Graecus,
887 430 974 465 ἄρτον.
995 430 1066 458 item

240 476 405 507 Psalmista,
417 475 468 503 ubi
479 483 535 503 nos
545 474 674 502 dicimus
687 482 693 500 :
704 473 813 501 Panem
819 475 995 508 angelorum
1007 475 1016 491 τ
1026 474 1067 508 ,in

239 521 341 550 Graeco
378 520 504 548 habetur
529 520 605 556 ἄρτον
637 518 757 554 ἀγγέλων.
789 518 861 546 item
892 518 1032 546 Salomon
1058 527 1065 546 :

239 565 348 593 Suavis
360 567 402 592 est
414 565 502 599 panis
528 563 708 592 mendacii”.
725 563 798 590 Ecce
825 563 983 590 manifesto
998 571 1065 590 con-

241 612 308 643 stat,
320 608 403 645 quod
411 609 468 636 hoc
478 616 590 636 nomen
595 608 684 642 panis
702 607 905 634 indifferenter
911 607 1066 643 accipitur,

241 655 304 682 tam
331 661 387 689 pro
413 661 531 689 azymo,
557 661 647 688 quam
663 659 718 688 pro
743 651 940 681 fermentato:
958 655 986 680 et
1005 655 1066 680 tam

241 698 278 726 de
295 706 330 726 eo
345 698 427 734 quod
442 698 536 734 replet
547 699 692 731 ventrem,
704 704 796 729 quam
812 704 867 732 pro
879 704 915 724 eo
923 697 1005 732 quod
1022 706 1067 725 sa-

242 743 295 770 tiat
306 744 449 775 mentem,
462 742 521 769 hoc
531 743 583 776 est,
601 740 783 768 desiderium
806 741 946 774 hominis,
961 742 1020 769 sive
1036 742 1066 770 in

240 787 334 821 bono,
348 786 411 814 sive
425 787 456 814 in
469 785 561 814 malo.

278 832 336 860 Sed
359 831 428 859 dicit
446 831 554 859 iterum
581 831 717 858 Graecus:
734 830 846 858 Veritas
869 830 959 858 debet
971 839 1065 859 corre-
1083 839 1102 865 Β

242 876 392 913 spondere
407 875 532 904 umbrae.
545 874 602 903 Sed
613 876 720 911 quarta
734 874 851 902 decima
865 875 937 902 luna
948 875 987 903 ad
1002 884 1067 903 ves-

241 929 347 958 peram
358 919 572 948 immolabatur
586 926 684 954 agnus
694 919 905 955 typicusﬁrgo
916 920 945 947 in
960 920 1007 948 die
1015 922 1067 948 Pa-

241 973 361 994 rasceve
376 965 431 993 fuit
443 965 517 992 luna
527 967 634 1000 quarta
649 963 775 991 decima.
792 964 864 999 quia
874 967 982 1000 quarta
992 965 1069 993 deci-

241 1009 375 1038 maluna
389 1009 562 1037 immolatus
586 1007 641 1036 fuit
667 1011 768 1043 Agnus
785 1016 883 1036 verus.
901 1010 976 1044 Ergo
1000 1009 1068 1037 etin

241 1054 348 1090 quinta
362 1053 436 1081 feria.
450 1052 630 1089 praecedenti
654 1051 708 1080 fuit
721 1052 795 1080 luna
807 1052 892 1080 tertia
903 1053 1030 1086 decima,
1042 1056 1070 1082 et

242 1100 313 1126 tunc
328 1097 396 1125 fecit
410 1098 543 1125 Christus
558 1096 674 1124 Pascha
685 1097 865 1131 suum.Ergo
879 1097 1010 1125 Christus
1019 1105 1068 1126 co-

243 1142 336 1169 medit
349 1149 457 1177 azyma.
467 1141 594 1168 Pascha.

278 1185 410 1213 Dicimus
425 1185 509 1221 quod
523 1184 632 1212 veritas
655 1184 819 1220 respondet
840 1185 967 1217 umbris,
996 1187 1068 1222 quia

243 1230 274 1258 in
280 1229 397 1257 Pascha
406 1229 508 1266 typico
522 1228 684 1261 erantduo,
694 1228 804 1256 scilicet
813 1230 883 1264 agni
890 1229 1067 1265 immolatio,

244 1277 273 1303 et
293 1274 445 1303 comestio.
467 1276 568 1309 Agnus
605 1273 722 1310 typicus
752 1273 967 1302 immolabatur
999 1276 1069 1302 luna

244 1320 354 1355 quarta
367 1318 478 1346 dicima
496 1327 503 1352 ;
527 1320 556 1345 et
583 1317 749 1345 immolatio
761 1317 823 1345 veri
838 1319 912 1353 Λευὶ
928 1319 1068 1347 inchoata

244 1366 288 1392 est
300 1363 374 1391 luna
385 1362 503 1391 decima
515 1362 701 1398 quarta,'qua
715 1365 820 1397 captus
835 1365 898 1390 erat
912 1364 1065 1391 Dominus.

244 1409 277 1436 Et
291 1407 457 1436 immolatio
485 1407 647 1443 respondet
675 1406 886 1434 immolationi.
921 1408 1068 1437 Comestio

244 1455 345 1481 autem
356 1452 531 1480 comestioni
551 1451 677 1480 totaliter
690 1451 852 1487 respondet
864 1461 870 1485 ;
884 1452 956 1488 quia
971 1460 1068 1487 agnus

245 1497 362 1533 typicus
376 1496 591 1525 comedebatur
601 1498 709 1531 quarta
737 1495 855 1524 decima
880 1496 961 1529 luna,
974 1499 1003 1525 et
1016 1497 1069 1525 Do-

244 1541 345 1569 minus
359 1540 444 1568 dedit
457 1547 566 1576 corpus
582 1547 671 1567 suum
682 1539 838 1575 discipulis
855 1540 925 1568 suis.

281 1585 310 1613 Si
320 1587 420 1613 autem
435 1584 593 1620 objiciatur
618 1583 656 1611 de
677 1583 862 1618 mulieribus,
878 1585 963 1620 quod
982 1593 1069 1620 para-

246 1630 353 1656 verunt
367 1630 513 1661 aromata,
529 1627 612 1664 quod
626 1634 689 1655 non
712 1626 852 1655 fecissent
871 1627 900 1655 in
914 1627 961 1655 die
975 1629 1048 1656 festo
1061 1638 1067 1656 :

246 1672 408 1701 dicendum
423 1675 478 1704 est,
491 1671 576 1708 quod
585 1679 679 1708 opera
698 1671 912 1699 misericordiae
927 1680 989 1700 non
1004 1681 1070 1709 pro-

245 1717 436 1750 hibebantur,
448 1716 500 1744 sed
514 1718 632 1744 tantum
650 1723 744 1751 opera
764 1715 893 1750 servilia,
910 1716 986 1744 sicut
999 1717 1071 1745 dixit

247 1761 393 1789 Dominus
403 1761 440 1788 de
454 1760 644 1795 Magdalena:
659 1760 753 1788 Sinite
781 1760 878 1793 illam,
894 1764 926 1788 ut
946 1762 979 1789 in
993 1762 1069 1790 diem

246 1806 412 1840 sepultura
427 1812 497 1832 mea
509 1807 603 1832 servet
619 1805 698 1831 ίιιιιει
713 1805 733 1831 ⁸.
751 1805 833 1837 item,
859 1805 1070 1835 circumcidere

245 1849 355 1878 licebat
368 1849 398 1877 in
413 1849 462 1876 die
474 1848 614 1882 Sabbato,
630 1848 702 1884 quia.
729 1848 787 1876 hoc
803 1852 867 1877 erat
888 1857 964 1886 opus
987 1851 1070 1886 spiri-

247 1894 336 1933 tuale,
350 1901 412 1921 non
423 1893 537 1925 servile,
554 1892 743 1920 sicutdicitur
763 1893 861 1920 Matth.
879 1902 928 1928 xu,
945 1897 958 1921 ‘a'
973 1904 979 1922 ε
996 1896 1070 1923 Sab-

249 1939 324 1966 batis
330 1938 493 1966 sacerdotes
502 1938 533 1965 in
540 1938 649 1972 templo
656 1937 819 1965 Sabbatum
827 1939 940 1966 violant
947 1939 1071 1968 circum-

246 1982 372 2011 cidendo
386 1982 552 2013 hominem,
569 1984 597 2009 et
611 1982 674 2009 sine
688 1982 812 2009 crimine
829 1986 908 2010 sunt.

282 2027 311 2056 Si
321 2035 390 2056 vero
405 2026 599 2064 opposuerint
613 2026 701 2054 nobis
716 2026 753 2054 de
767 2026 815 2054 die
829 2027 952 2056 Sabbati
970 2037 976 2043 '
995 2029 1070 2062 Quia

1120 214 1249 241 morum,
1266 209 1317 244 qui
1328 211 1391 236 erat
1404 209 1477 242 dies,
1490 208 1623 235 fecerunt
1637 207 1790 235 Christum
1805 208 1902 236 occidi.

1369 277 1528 311 Responsio
1543 276 1583 304 ad
1598 276 1694 304 aliud.

1156 343 1199 370 Ad
1216 343 1255 378 id,
1279 343 1362 378 quod
1384 343 1528 379 sequitur,
1551 342 1697 378 quoniam
1722 342 1774 370 illa
1797 343 1859 375 tria,
1877 352 1930 379 qua

1121 388 1231 415 suntin
1248 387 1373 421 Christo,
1403 387 1513 415 scilicet
1533 395 1652 423 corpus,
1673 390 1703 414 et
1723 387 1836 419 anima,
1851 392 1876 415 et
1900 389 1931 415 (li-

1122 432 1236 463 vinitas,
1255 431 1276 459 si
1291 431 1347 459 ista
1360 431 1462 459 fabula
1473 432 1574 467 aliquo
1598 431 1690 458 modo
1706 431 1802 465 digna
1815 434 1886 460 esset
1901 441 1931 459 re-

1122 476 1292 512 sponsione,
1309 484 1472 512 possumus
1487 476 1594 510 dicere,
1604 475 1689 511 quod
1702 478 1812 511 praeter
1822 475 1868 504 illa
1880 478 1929 507 tria,

1122 521 1186 548 aliae
1200 521 1268 548 dum
1281 521 1476 556 proprietates
1491 523 1611 556 possent
1639 521 1669 547 in
1698 528 1757 548 suo
1775 521 1930 549 fermentata

1122 565 1281 600 assignari.
1298 566 1345 592 Est
1355 565 1434 592 enim
1447 565 1476 592 in
1491 563 1587 592 farina
1598 565 1780 592 fermentata
1794 564 1846 592 sal.
1857 574 1929 601 aqua.

1122 612 1150 637 et
1169 609 1255 643 ignis,
1281 609 1345 636 sine
1371 617 1432 644 quo
1457 617 1592 644 unquam
1620 609 1710 644 panis
1722 609 1762 636 ad
1792 610 1928 637 essentiam

1122 662 1209 681 suam
1227 656 1322 689 potest
1344 654 1507 690 pervenire.
1524 655 1555 680 Et
1570 653 1611 681 ita
1634 661 1696 681 non
1733 654 1883 685 ternarias,
1908 659 1929 682 ut

1121 699 1178 734 ipsi
1192 698 1384 729 mentiuntur,
1400 698 1452 725 sed
1470 698 1680 734 quaternarius
1689 700 1720 725 et
1730 698 1879 734 quinarius
1888 706 1927 726 nu-

1122 751 1222 770 merus
1237 742 1267 769 in
1280 750 1358 778 pane
1369 742 1519 770 invenitur
1530 742 1718 770 fermentato.

1158 788 1187 813 ln
1203 788 1305 813 nostro
1317 794 1386 813 vero
1402 789 1600 817 sacramento,
1617 786 1647 812 in
1666 794 1731 821 quo
1754 786 1826 813 nihil
1845 789 1883 813 est
1893 795 1926 813 su-

1121 830 1281 866 perﬂuum,
1292 830 1381 858 etiam
1388 830 1554 857 secundum
1561 830 1879 864 signiﬁcationessuas.
1886 830 1926 857 tria

1122 878 1237 903 tantum
1248 875 1446 910 reperiuntur,
1462 874 1572 902 scilicet
1587 874 1695 908 farina,
1707 882 1791 910 aqua
1809 877 1836 901 et
1848 875 1924 909 ignis;

1122 919 1272 947 mediante
1283 927 1344 955 quo
1355 918 1453 947 farina
1462 922 1490 946 et
1503 926 1582 954 aqua
1593 919 1829 954 coniunguntur.
1843 919 1925 946 Farina

1122 964 1265 999 supponit
1280 970 1334 999 pro
1349 971 1439 990 carne
1456 971 1462 996 ;
1478 970 1568 999 aqua,
1586 970 1640 998 pro
1653 963 1759 991 anima
1771 971 1777 995 ;
1787 963 1859 997 ignis
1872 970 1924 989 vero

1123 1015 1176 1044 pro
1191 1007 1343 1035 divinitate
1356 1016 1362 1039 ;
1378 1015 1446 1043 quae
1472 1010 1599 1042 utraque
1627 1008 1797 1043 assumpsit
1810 1007 1838 1034 in
1852 1007 1924 1034 unita-

1122 1055 1182 1081 tem
1197 1059 1345 1088 personae.
1361 1052 1418 1080 Sed
1433 1051 1507 1087 quid
1520 1051 1607 1079 nobis
1619 1051 1656 1079 de
1671 1052 1737 1079 istis
1750 1051 1854 1079 fabulis
1865 1055 1924 1078 vetu-

1122 1096 1220 1124 larum
1235 1096 1249 1122 ‘?
1261 1096 1392 1123 Audiant
1407 1095 1498 1123 Graeci
1527 1103 1619 1131 super
1630 1095 1690 1123 hoc
1701 1096 1824 1123 beatum
1839 1096 1923 1129 Grego-

1121 1141 1200 1168 rium
1216 1141 1245 1167 in
1263 1139 1400 1175 Dialogis,
1426 1148 1505 1176 quae,
1525 1143 1554 1167 et
1577 1139 1681 1176 qualia
1697 1142 1876 1167 sacramento
1888 1139 1923 1165 de-

1123 1185 1308 1213 trahentibus
1331 1185 1517 1221 responderit
1543 1185 1646 1212 Graeco
1657 1192 1808 1218 sermone,
1835 1184 1921 1211 cumin

1123 1230 1235 1258 Graecia
1260 1229 1492 1263 translegatione
1520 1229 1704 1264 fungeretur.
1742 1229 1814 1256 Dicit
1839 1228 1920 1255 enim:

1122 1286 1136 1300 ‹‹
1163 1274 1241 1302 Solet
1265 1274 1353 1310 plane
1380 1273 1494 1300 moveri
1525 1273 1661 1309 quaestio,
1678 1273 1804 1309 quodin
1817 1272 1920 1300 Ecclesia

1123 1319 1171 1347 alii
1182 1319 1392 1346 fermentatum
1402 1317 1531 1345 offerunt
1544 1327 1550 1351 ;
1563 1318 1611 1346 alii
1627 1326 1724 1354 panes
1735 1325 1859 1353 azymos.
1871 1318 1920 1344 Esse

1122 1371 1254 1399 namque
1267 1362 1428 1390 Ecclesiam
1440 1361 1613 1389 distinctam
1629 1364 1763 1398 quatuor
1781 1360 1918 1391 ordinibus,

1123 1408 1275 1439 novimus,
1288 1407 1398 1434 scilicet
1424 1407 1638 1438 Romanorum,
1663 1406 1918 1435 Alexandrinorum,

1124 1452 1474 1488 Hierosolymitanorum,
1504 1454 1533 1479 et
1573 1451 1821 1479 Antiocheuorum
1844 1459 1850 1477 :
1870 1456 1919 1485 que

1124 1497 1261 1524 Ecclesiae
1277 1496 1452 1531 generaliter
1462 1498 1688 1532 nuncupantur,
1721 1504 1788 1523 cum
1802 1502 1880 1522 unam
1893 1497 1918 1520 te-

1123 1544 1214 1569 neant
1229 1540 1407 1568 catholicam
1436 1539 1538 1573 ﬁdem,
1563 1540 1689 1568 diversis
1715 1543 1811 1568 tamen
1823 1540 1918 1566 utuntur

1123 1585 1291 1613 ofﬁciorum
1307 1585 1469 1621 mysteriis.
1487 1584 1569 1612 Unde
1588 1584 1631 1616 tit,
1655 1588 1689 1613 ut
1706 1586 1834 1612 Romana
1848 1582 1918 1609 Eccle-

1124 1630 1168 1657 sia
1181 1629 1285 1657 offerat
1304 1637 1398 1665 panes
1411 1637 1544 1665 azymos.
1558 1632 1681 1665 propter
1695 1628 1777 1665 quod
1793 1629 1860 1655 Deus
1873 1626 1917 1652 sine

1125 1674 1185 1702 ulla
1200 1674 1406 1701 commistione
1421 1681 1542 1701 carnem
1559 1673 1700 1709 suscepit.
1718 1673 1854 1707 Scriptum
1871 1672 1915 1697 est:

1130 1718 1255 1747 Verbum
1264 1726 1335 1746 caro
1341 1718 1459 1752 factum
1469 1720 1522 1751 est,
1533 1721 1560 1745 et
1572 1717 1720 1746 habitavit
1730 1719 1761 1745 in
1770 1717 1845 1744 nobis
1852 1716 1856 1732 '
1863 1717 1877 1740 '.
1885 1714 1915 1740 Sic

1125 1772 1194 1798 ergo
1207 1771 1286 1799 pane
1301 1771 1408 1799 azymo
1418 1762 1542 1790 efﬁcitur
1555 1770 1665 1798 corpus
1679 1761 1791 1790 Christi.
1802 1762 1865 1788 Nam
1878 1766 1916 1785 cm-

1125 1811 1192 1836 terae
1205 1808 1384 1844 supradictae
1413 1806 1549 1834 Ecclesiae
1574 1807 1704 1835 otferunt
1727 1806 1915 1834 fermentatum:

1125 1861 1180 1889 pro
1199 1860 1244 1883 eo,
1260 1851 1342 1888 quod
1355 1851 1482 1879 Verbum
1494 1851 1586 1879 Patris
1595 1851 1736 1879 indutum
1747 1853 1789 1878 est
1802 1855 1884 1880 carne,
1897 1848 1916 1872 et

1125 1899 1169 1925 est
1183 1904 1269 1924 verus
1283 1897 1393 1929 homo;
1423 1896 1465 1923 ita
1494 1895 1577 1932 quod
1597 1896 1805 1923 fermentatum
1818 1889 1915 1920 commi-

1125 1943 1243 1969 sceatur
1258 1941 1370 1976 farinae,
1384 1944 1411 1968 et
1426 1940 1571 1968 efﬁciatur
1583 1948 1693 1976 corpus
1712 1938 1823 1967 Domini
1847 1933 1915 1963 nostri

1124 1987 1195 2013 Jesu
1221 1985 1325 2012 Christi
1348 1993 1461 2013 verum.
1481 1985 1536 2012 Sed
1557 1987 1619 2012 tam
1652 1986 1784 2012 Romana
1806 1979 1914 2009 Ecclesia.

1124 2038 1216 2066 quam
1234 2029 1383 2066 praedicta:
1399 2037 1453 2065 pro
1477 2028 1622 2056 ineﬂ'abiii
1639 2028 1787 2065 mysterio,
1802 2029 1855 2054 tam
1878 2022 1915 2049 fer-

246 2074 312 2101 erat
333 2079 445 2107 magna
461 2071 518 2098 illa
543 2070 604 2098 dies
619 2070 641 2087 ¹⁰
656 2079 663 2103 ;
689 2070 852 2098 dicendum
865 2073 991 2108 estquia
1005 2073 1069 2100 dies
1087 2082 1107 2108 ι)
1125 2077 1301 2108 mentatum,
1317 2082 1410 2109 quam
1423 2081 1574 2109 azymum,
1591 2073 1665 2101 dum
1677 2073 1829 2101 sumimus,
1845 2073 1914 2096 unum

244 2115 366 2145 Sabbati
377 2123 506 2150 magnus
516 2114 681 2147 dicebatur,
693 2115 764 2150 quia
772 2117 835 2143 erat
846 2115 909 2143 dies
935 2117 1068 2152 Sabbati,

245 2163 274 2188 et
297 2160 421 2195 insuper
449 2159 558 2187 festum
586 2166 781 2194 azymorum;
807 2167 869 2187 non
893 2160 966 2196 quia
992 2165 1070 2190 esset

243 2205 360 2241 primus
381 2203 658 2240 azymorum;quia
681 2211 787 2231 omnes
808 2203 872 2231 dies
896 2204 937 2232 illi
953 2208 1068 2242 septem

243 2250 330 2277 erant
352 2248 472 2283 magni;
494 2248 610 2284 primus
637 2249 738 2275 tamen
749 2250 777 2275 et
802 2247 924 2276 ultimus
935 2250 1066 2285 majores

243 2294 337 2320 erant.
361 2292 410 2320 Hic
434 2294 535 2320 autem
561 2291 715 2319 dicebatur
741 2299 871 2326 magnus
893 2300 969 2327 esse,
985 2295 1065 2330 quia,

244 2337 321 2365 sicut
334 2337 447 2365 dictum
459 2339 511 2369 est,
529 2336 591 2363 duo
615 2336 844 2370 concurrebant,
862 2337 974 2366 scilicet
993 2339 1066 2367 Sab-

241 2381 358 2414 batum,
373 2384 400 2409 et
414 2381 523 2409 festum
537 2382 730 2416 Azymorum,
760 2380 790 2408 id
803 2383 847 2408 est
874 2389 934 2410 una
946 2383 1010 2411 dies
1029 2383 1066 2412 de

241 2428 356 2462 septem
371 2425 489 2454 diebus.
506 2426 545 2452 De
564 2424 622 2452 hoc
647 2432 728 2458 vero,
744 2425 827 2461 quod
845 2425 939 2454 Judaei
954 2427 1066 2456 clama-

239 2473 364 2499 verunt:
381 2471 449 2498 Non
462 2471 493 2497 in
514 2469 562 2497 die
585 2469 663 2504 festo
679 2478 686 2503 ',
701 2476 772 2503 ergo
782 2477 844 2497 non
868 2473 931 2499 erat
945 2470 1065 2506 festum,

237 2515 362 2552 quando
377 2513 534 2543 cruciﬁxus
545 2515 608 2541 erat
622 2513 775 2546 Dominus,
791 2513 921 2542 dicimus
941 2517 1023 2552 quod
1034 2517 1066 2545 li-

238 2562 284 2588 cet
302 2560 520 2594 clamaverunt,
534 2560 634 2586 tamen
657 2557 791 2586 fecerunt
817 2562 921 2587 contra
941 2568 982 2595 se,
1000 2565 1064 2590 tan-

1124 2127 1233 2155 corpus
1249 2118 1342 2146 nostri
1360 2118 1522 2146 Salvatoris
1539 2118 1674 2146 efﬁcitur.
1688 2130 1702 2142 »
1723 2117 1788 2144 Haec
1799 2115 1859 2141 sunt
1871 2117 1914 2137 ver-

1123 2163 1163 2191 ba
1187 2163 1328 2198 Gregorii,
1345 2170 1413 2199 quas
1437 2163 1468 2190 in
1484 2162 1548 2190 Vita
1566 2162 1660 2198 ipsius
1689 2163 1786 2190 Graeco
1804 2160 1913 2186 sermone

1122 2207 1311 2244 reperiuntur
1328 2208 1395 2242 ('15).
1866 2244 1878 2245 η
1893 2242 1902 2245 ..

1159 2242 1215 2281 Sed
1231 2253 1360 2280 Joannes
1382 2251 1624 2287 Chrysostomus,
1641 2259 1711 2279 cum
1724 2244 1880 2284 huiusmodi

1122 2300 1182 2326 tem
1192 2297 1278 2324 vellet
1290 2296 1327 2323 de
1339 2285 1611 2328 medio'removere,
1627 2296 1658 2323 in
1668 2294 1796 2332 quadam
1812 2285 1911 2326 ρΡῙεῐοῙε

1121 2349 1187 2375 sua,
1203 2349 1296 2377 quam
1314 2340 1420 2368 Graecis
1436 2340 1474 2368 de
1490 2343 1679 2368 sacramento
1695 2342 1722 2367 et
1743 2337 1803 2365 aliis
1813 2335 1911 2375 consut-

1121 2376 1276 2412 tudinibus
1292 2385 1464 2412 Latinorum
1480 2384 1696 2418 dubitantibus,
1722 2383 1758 2411 de
1775 2376 1910 2420 Constaull‘

1120 2429 1223 2466 nopoli
1245 2430 1420 2464 transmisit,
1449 2430 1489 2457 ita
1519 2429 1610 2457 dicit:
1629 2440 1642 2451 υ
1671 2418 1910 2456 Volentibusnobis

1121 2475 1235 2510 aliquid
1262 2475 1360 2502 dicere
1373 2475 1410 2502 de
1433 2482 1520 2502 sacra
1543 2474 1765 2502 communione.
1789 2471 1872 2496 utrum
1884 2467 1909 2489 ει

1121 2526 1238 2554 azyma,
1268 2519 1316 2546 vel
1330 2519 1508 2546 fermentato
1530 2518 1559 2545 in
1585 2526 1670 2546 sacra
1690 2513 1832 2545 Dominica
1845 2510 1909 2554 00:03

1122 2550 1201 2591 facta
1212 2563 1300 2591 fuerit
1315 2572 1322 2590 :
1340 2563 1481 2598 longioris
1505 2563 1660 2598 temporis,
1677 2565 1703 2590 et
1719 2560 1802 2589 etiam
1823 2550 1907 2590 Perfec'

272 2623 284 2661 ξ’
298 2621 389 2650 Levit.
406 2630 458 2662 xy,
532 2657 540 2662 I
563 2620 574 2637 ⁸
588 2619 679 2647 Exod.
693 2627 746 2662 Xalt,
759 2622 775 2647 8
786 2621 898 2662 ;”N_um.
915 2623 940 2657 9,
954 2625 1017 2662 illi
1045 2625 1056 2642 θ

1125 2635 1140 2652 ι.
1157 2633 1214 2660 xw,
1231 2627 1276 2654 20.
1322 2627 1332 2643 ⁷
1352 2625 1427 2654 Psal.
1449 2633 1553 2661 Lxxvn,
1567 2627 1611 2659 24,
1625 2626 1669 2653 25.
1709 2625 1719 2641 ⁸
1734 2625 1810 2651 Prov.
1824 2623 1863 2648 XX,
1875 2610 1904 2638 17·

237 2658 248 2674 ⁸
260 2658 345 2685 Ioan.
361 2665 408 2692 xu,
422 2657 449 2685 7.
490 2657 513 2674 ¹⁰
527 2657 689 2688 Joan.x1x,
704 2658 748 2683 3t.
788 2656 810 2674 “
826 2657 932 2685 Joann.
951 2661 972 2691 t,
989 2660 1034 2687 14.

272 2718 421 2760 (ξΰλνιᾱθ
444 2719 473 2747 S.
497 2718 644 2746 Thomam
662 2724 768 2753 opusc.
785 2719 927 2755 extremo,
945 2720 982 2749 de
996 2729 1087 2751 error.
1112 2723 1251 2758 Graecam;
1273 2724 1409 2753 Gennad.
1433 2723 1561 2752 scholar.
1583 2731 1638 2760 pro
1660 2721 1760 2752 concil.
1773 2709 1900 2748 itione-2v

237 2756 310 2783 sect.
327 2755 356 2782 8.
