1948 3079
34 117 68 143 25
717 114 856 143 CONTRA
879 114 1034 143 GRAECOS.

1676 119 1728 150 52.6

19 178 97 205 tioris
125 178 283 214 scriptoris
302 178 474 213 indigemus
512 177 625 213 spatio.
659 177 716 205 Sed
745 177 848 205 multis
864 178 887 204 Α
906 180 974 206 cant
988 177 1112 213 Eloquia
1128 185 1214 205 sacra
1230 186 1236 204 :
1253 178 1312 206 Sed
1328 186 1416 213 super
1427 179 1473 206 his
1491 180 1626 208 omnibus
1638 181 1728 208 tertin

18 223 146 252 omissis.
163 223 193 249 id
206 222 287 258 quod
301 223 369 250 utile
380 225 409 249 et
424 222 582 258 paciﬁcum
608 225 661 252 est,
678 222 740 249 imo
764 224 795 248 ut
810 221 850 248 ita.

18 267 127 298 dicam,
135 267 220 302 quod
230 267 327 301 magis
336 267 551 294 estsecundum
560 266 814 301 dispensationem
822 267 851 293 et

18 311 236 343 necessarium,
258 314 286 338 et
307 311 384 346 quod
409 311 506 346 magis
529 311 661 338 continet
682 309 848 341 veritatem,

18 355 182 383 dicendum
205 359 250 382 est
277 365 283 384 :
310 356 395 391 panis
425 358 589 391 antequam
611 357 811 387 consecretur,
823 356 852 382 et

19 400 209 427 conﬁciatur.
228 400 291 428 sive
305 408 439 435 azymns,
466 400 528 426 sive
541 399 736 426 fermentatus
754 398 849 432 fuerit,

19 444 227 472 indifferenter
241 445 329 480 panis
350 448 393 471 est
411 447 440 471 et
461 443 569 479 dicitur
593 451 685 470 sacris
709 443 848 478 Eloquiis,

18 492 103 523 prout
119 489 322 524 pestmodum
347 489 549 516 ostendemus.
571 488 734 523 Postquam
748 495 850 515 conse-

18 538 114 560 cratus
132 533 235 565 fuerit,
257 540 355 569 neque
382 541 507 568 azymus
533 540 630 568 neque
657 532 851 559 fermentatus

17 578 132 610 dicitur,
164 577 213 605 vel
234 581 296 609 est;
323 577 375 605 sed
400 585 510 612 corpus
535 580 565 604 et
579 585 648 604 caro
663 576 788 611 Domini,
803 584 850 604 ea—

18 622 83 649 dem
116 630 177 649 nec
195 621 266 654 alia,
293 629 386 657 quam
398 629 466 656 quin
481 621 521 649 ab
545 621 717 656 incorrupta
733 621 850 654 Virgine

19 675 34 693 a
50 666 146 694 Verbo
170 667 222 694 Dei
246 669 413 701 assumpta,
436 668 464 693 et
479 666 509 693 in
525 666 647 693 dextera
661 665 815 695 collocata.
833 673 852 693 a

18 711 101 738 nobis
113 711 299 739 orthodoxts
328 713 356 738 et
380 710 535 738 catholicis
566 710 689 745 mystice
712 710 849 740 sumitur,

18 757 136 791 Propter
159 755 248 791 quod
270 757 298 783 et
317 755 503 791 mysterium,
530 755 587 782 hoc
615 757 667 790 est,
694 754 851 782 abscondi—

19 804 76 827 tum
93 801 287 828 nominatur.
312 801 345 827 Et
362 799 429 827 ideo
447 799 599 827 nonnullis
619 802 665 826 est
684 800 851 835 incompre-

905 222 967 250 (lies
978 225 1031 254 est,
1043 229 1100 257 quo
1111 222 1175 249 lucc
1184 223 1269 256 facta
1284 226 1353 250 sunt
1367 224 1397 256 1*,
1412 223 1489 252 infra
1503 227 1603 251 autem
1614 227 1728 259 septem

905 267 978 294 dies.
1005 270 1067 294 crat
1092 267 1155 294 dies
1185 267 1244 294 illa.
1271 266 1365 304 “Apro;
1385 276 1456 302 ergo
1478 271 1612 301 vocatur,
1628 271 1659 296 ut
1681 277 1727 297 os-

905 314 1022 339 tensum
1035 314 1087 343 est,
1103 319 1238 346 azymus.
1256 313 1330 339 Nam
1340 312 1397 339 hoc
1417 320 1528 340 nomen
1543 314 1619 349 ἄρτος
1634 321 1729 347 genus

905 358 949 383 est
973 356 1139 383 fermentati
1163 358 1316 391 etazymi;
1334 359 1362 384 et
1385 356 1422 384 de
1447 357 1599 384 ambobus
1623 357 1729 392 preedi-

905 403 998 430 catur,
1023 399 1098 428 sicut
1124 400 1161 427 de
1180 400 1348 435 speciebus.
1373 402 1413 428 Ex
1428 401 1474 428 his
1487 408 1558 435 ergo
1574 401 1680 433 verbis,
1697 404 1730 429 ut

905 443 1017 471 dictum
1032 447 1087 478 est,
1101 444 1313 480 Chrysostomi,
1330 447 1358 472 et
1376 444 1441 472 aliis
1457 453 1511 480 pro
1535 445 1591 473 ista
1605 446 1730 473 materia

905 488 1049 522 allegatis,
1075 488 1147 516 satis
1171 488 1325 516 manifeste
1354 489 1510 523 colligitur,
1540 490 1623 525 quod
1633 489 1729 518 sancti

905 533 1006 561 Patres
1026 533 1152 569 antiqui,
1168 535 1230 560 tam
1247 533 1349 566 Grmci,
1373 542 1467 573 quam
1494 534 1597 567 Latini,
1614 536 1675 562 tam
1690 534 1728 562 de

905 577 1215 609 sacramentoaltaris,
1241 585 1333 612 quam
1359 578 1396 605 de
1425 578 1490 606 aliis
1505 578 1575 606 ﬁdei
1585 578 1727 613 articulis,

906 622 982 649 sicut
996 621 1124 649 Ecclesia.
1139 623 1284 650 Romana.
1300 621 1443 649 catholice
1460 624 1487 649 et
1503 626 1603 650 sancte
1628 631 1728 651 sense-

905 668 983 693 runt.
999 666 1128 694 Moderni
1144 673 1213 693 vero
1242 666 1333 693 Graeci
1347 666 1418 702 quia
1431 667 1539 701 jugum
1552 667 1728 695 obcdientiaa

906 713 1106 738 sacrosancta:
1123 709 1208 738 dictae
1223 711 1366 738 Romanae
1390 710 1526 739 Ecclesiae
1541 719 1559 739 a
1573 711 1649 739 collo
1672 720 1727 740 suo

905 754 1038 782 indebite
1052 757 1190 782 excutere
1202 754 1367 787 voluerunt,
1377 754 1477 782 multis
1487 756 1727 784 eaminvolutam

906 807 971 826 esse
986 799 1137 826 erroribus
1153 799 1317 834 praedicare
1345 807 1407 826 non
1432 803 1581 828 verentur.
1598 801 1673 833 Quia
1686 804 1726 829 ta-

18 845 167 873 hensibile
189 846 248 873 hoc
262 847 484 873 sacramentum
497 854 503 877 ;
519 847 737 872 transmutatur
749 848 849 873 autem
870 851 890 878 Β
905 851 973 870 men
990 843 1137 878 ipsisuam
1154 842 1345 871 rebellionem
1353 844 1726 880 pertinacemquibusdam

17 891 117 917 divina
146 891 260 917 virtute
274 898 292 916 a
314 889 423 924 Spiritu
439 893 544 916 sancto
568 889 598 916 in
620 897 730 924 corpus
743 892 771 917 et
782 897 850 917 san-

19 936 139 969 guinem
154 936 228 962 Jesu
259 935 374 968 Christi,
394 934 560 961 secundum
585 934 667 969 quod
688 934 754 969 ipsa
765 942 851 962 sacra

19 983 132 1008 secreta
148 980 276 1009 indicat.
293 979 415 1007 etetiam
428 979 606 1007 manifestat.
617 979 829 1007 Dicimusenim
841 988 847 1006 :

18 1026 51 1052 Te
59 1032 224 1060 rogamus,
241 1025 347 1052 Sancte
359 1026 542 1058 sanctorum,
554 1026 587 1050 ut
593 1023 781 1059 beneplacito
791 1026 849 1051 tuas

18 1069 162 1097 bonitatis
187 1068 290 1096 veniat
309 1067 434 1103 Spiritus
445 1070 567 1094 sanctus
594 1070 662 1094 tuus
678 1075 769 1102 super
782 1075 848 1101 nos,

18 1118 42 1139 et
50 1121 146 1149 super
157 1113 266 1141 omnia
273 1113 337 1140 haec
345 1116 397 1139 tua
407 1112 571 1146 dona(sive
583 1112 753 1145 munera)et
764 1112 850 1140 bene-

17 1158 102 1191 dicat,
119 1161 152 1185 et
168 1157 345 1187 sanctiticet,
357 1159 386 1183 et
408 1156 547 1183 Ostendat
567 1156 690 1191 quidem
705 1156 786 1184 hunc
798 1164 848 1192 pa-

21 1211 85 1229 nem
107 1203 218 1238 ipsum
234 1201 399 1236 pretiosum
424 1207 534 1236 corpus
548 1194 664 1228 Do'mini
675 1203 705 1228 et
720 1201 769 1228 Dei
790 1200 849 1228 Sal-

19 1246 128 1274 vatoris
142 1246 243 1273 nostri
256 1247 325 1273 lesn
335 1244 455 1273 'Christi.
474 1255 488 1269 n

50 1292 78 1320 Si
106 1291 204 1323 igitur
236 1290 336 1317 divina
360 1289 462 1321 virtus,
489 1289 549 1316 sive
572 1289 651 1317 Deus
671 1291 850 1318 transmutat

18 1336 176 1372 proposita
201 1335 283 1362 dona
314 1335 344 1362 in
380 1342 490 1370 corpus
520 1336 549 1362 et
576 1335 755 1369 sanguinem
781 1336 851 1362 Jesu

19 1381 135 1412 Christi,
148 1379 339 1415 superﬂuum
355 1381 399 1406 est
412 1379 599 1410 contendere,
620 1382 719 1406 utrum
730 1386 765 1406 ex
781 1387 850 1414 azy-

20 1425 82 1456 mis,
106 1425 176 1452 sive
199 1423 351 1451 fermentis
380 1422 476 1456 fuerit,
505 1422 566 1450 sive
592 1422 705 1457 album,
720 1423 781 1450 sive
800 1431 850 1451 ru-

19 1470 106 1497 brum
119 1469 255 1497 forsitan
269 1468 384 1501 vinum,
400 1470 428 1494 et
437 1467 769 1503 hujnsmodiquasdam
781 1467 850 1496 stul—

19 1520 59 1541 tas
80 1514 277 1541 curiositates
292 1512 329 1540 de
340 1511 508 1540 metuendis
521 1515 549 1539 et
564 1512 724 1540 tremendis
739 1515 850 1548 myste-
867 1524 887 1553 α

19 1560 65 1586 riis
80 1557 281 1594 perscrutari.

50 1604 131 1636 Quia
143 1609 219 1629 vero
233 1601 358 1637 quidam
374 1608 478 1628 eorum
488 1600 592 1629 volunt
608 1609 643 1629 ex
659 1601 723 1629 sola
733 1604 849 1637 etymo-

18 1648 96 1684 logia
110 1646 260 1680 nominis,
285 1653 424 1680 azymum
449 1653 510 1673 non
539 1653 605 1673 esse
632 1646 719 1682 οῖρτον,
748 1646 778 1673 id
793 1648 848 1680 est,

20 1699 143 1727 panem,
169 1691 218 1718 eia
235 1689 273 1717 de
297 1690 354 1717 hoc
376 1689 505 1717 breviter
519 1689 758 1726 disputabimus:
778 1702 788 1715 ε
804 1690 849 1718 Di-

17 1737 92 1764 citur
117 1736 203 1764 euim
230 1735 308 1771 ἄρτος
330 1733 369 1761 ab
385 1735 492 1770 σῖρθεως,
519 1734 551 1762 id
574 1737 630 1766 est,
644 1735 847 1769 perfectione:

17 1788 147 1816 azymus
181 1782 284 1807 autem
314 1786 375 1806 non
399 1781 443 1806 est
466 1779 614 1814 perfectus
637 1788 644 1807 :
667 1779 739 1815 quia
769 1781 851 1807 caret

18 1830 40 1851 et
54 1826 226 1852 fermento:
248 1830 319 1857 ergo
340 1830 401 1849 non
428 1826 471 1850 est
487 1823 574 1859 ἄρτος.
592 1823 738 1851 Dominus
748 1826 850 1851 autem

18 1871 95 1905 πῐρτον
110 1867 277 1896 benedixit.
290 1877 305 1893 ι
321 1866 398 1894 Talis
413 1869 457 1895 est
471 1867 619 1894 mirabilis
633 1876 738 1896 eorum
762 1867 850 1903 syllo~

17 1915 146 1948 gismus.
161 1913 223 1940 N05
238 1919 309 1939 vero
326 1911 366 1938 ad
392 1911 558 1948 syllogismi
583 1912 675 1947 huius
692 1912 847 1940 machina-

18 1960 168 1987 mentum.
179 1964 251 1984 cum
263 1955 373 1983 nullius
386 1955 494 1983 valoris
508 1956 554 1988 sit,
580 1956 745 1991 inﬁrmum,
760 1959 788 1984 et
799 1957 847 1984 de-

18 2004 87 2031 bile.
96 2001 213 2029 nullam
222 2000 369 2028 faciamus
378 2001 608 2035 responsionem
618 2010 624 2033 ;
633 2009 671 2029 ne
677 2001 846 2034 videamus,

16 2048 54 2075 ad
71 2047 279 2074 ostensionem
296 2045 372 2080 ejus,
390 2053 458 2081 quas
474 2045 504 2073 in
530 2045 618 2074 nobis
638 2049 681 2074 est
696 2046 848 2074 rationalis

15 2092 163 2122 scientiae,
195 2089 291 2117 multa
315 2089 399 2125 loqui
420 2092 449 2117 et
471 2090 655 2118 inutiliter.A
682 2091 791 2118 sanctis
806 2094 847 2118 ta-

17 2144 88 2164 men
105 2134 273 2169 Evangeliis
288 2135 365 2171 οἰρτον
384 2137 522 2162 vocatum
539 2142 607 2162 esse
622 2143 765 2170 azymum
781 2143 848 2171 pro-

905 888 967 915 suis
978 887 1144 916 rationibus
1155 887 1276 923 palliare
1289 896 1350 915 non
1364 892 1500 916 verentur
1514 897 1520 916 τ
1537 889 1610 925 quid
1623 898 1726 918 eorum

903 932 970 960 libri
986 935 1091 960 contra
1104 932 1243 966 clament,
1260 941 1296 960 ex
1310 932 1411 960 multis
1427 941 1525 968 pauca
1546 934 1579 962 in
1592 934 1727 962 medium

904 977 1100 1013 proferemus.

905 1051 1017 1084 Quarta
1029 1050 1190 1078 distinctio.
1203 1050 1238 1078 In
1250 1057 1309 1086 qua
1317 1050 1480 1078 ostenditur
1494 1051 1572 1086 quod
1590 1058 1672 1086 papa
1684 1055 1724 1079 est

1187 1098 1277 1130 caput
1294 1095 1446 1124 Ecclesz‘te.

940 1156 1099 1185 Sciendum
1112 1164 1192 1189 vero,
1209 1157 1293 1192 quod
1307 1156 1347 1185 ad
1369 1156 1562 1193 probandam
1582 1157 1727 1186 obedien-

903 1201 975 1229 tiam
988 1203 1017 1229 et
1040 1200 1173 1229 debitam
1198 1201 1396 1230 reverentiam
1423 1200 1559 1230 Ecclesiae
1584 1203 1726 1230 Romanis

903 1247 1019 1279 oportet
1029 1253 1085 1273 nos
1093 1252 1227 1281 querere
1241 1245 1338 1281 primo
1351 1248 1401 1273 :uA
1411 1254 1472 1282 quo
1482 1245 1587 1274 habuit
1598 1246 1728 1275 Ecclesia

904 1290 990 1318 istam
1001 1292 1179 1326 potestatem
1190 1289 1204 1316 ?
1213 1289 1356 1321 secundo,
1368 1290 1492 1325 quando
1501 1291 1514 1318 ?
1527 1291 1610 1319 tertio
1625 1299 1665 1319 an
1678 1300 1727 1320 su-

903 1342 956 1370 per
971 1342 1077 1362 omnes
1092 1334 1307 1367 universaliter,
1323 1342 1363 1362 an
1376 1335 1592 1370 particulariter
1602 1335 1616 1362 ‘1
1630 1346 1644 1360 »

940 1379 1090 1411 Quantum
1100 1378 1139 1405 ad
1149 1378 1225 1414 prim
1231 1378 1463 1413 um,distingue:
1484 1379 1730 1411 Quiaauthabuit

905 1431 923 1451 a
939 1425 1008 1455 Deo,
1019 1423 1169 1450 mediante
1185 1423 1280 1454 Petro,
1293 1425 1345 1451 aut
1354 1431 1372 1451 a
1381 1423 1567 1459 principibus
1577 1424 1730 1453 saeculari-

905 1468 962 1495 bus
975 1476 982 1501 ;
999 1470 1051 1495 aut
1064 1466 1155 1494 simul
1169 1466 1208 1494 ab
1222 1466 1285 1494 istis
1296 1467 1410 1500 tribus;
1426 1471 1477 1495 aut
1492 1476 1510 1496 a
1532 1468 1666 1497 conciliis
1681 1477 1729 1504 ge-

904 1511 1073 1545 neralibus;
1091 1510 1242 1539 autsimul
1267 1511 1306 1539 ab
1330 1511 1395 1539 istis
1411 1511 1519 1548 tribus;
1546 1515 1599 1540 aut
1612 1521 1631 1540 a
1646 1514 1729 1542 nullo

904 1557 1029 1584 istorum
1046 1565 1052 1584 :
1069 1555 1122 1584 sed
1132 1559 1279 1591 usurpato
1294 1556 1351 1584 sibi
1366 1556 1479 1584 honore
1495 1557 1586 1585 utitur
1599 1557 1731 1586 Ecclesia

904 1601 1045 1629 violenter
1059 1603 1087 1628 et
1099 1600 1231 1635 indigne.
1246 1602 1279 1628 Et
1291 1600 1380 1628 istam
1393 1600 1531 1629 ultimam
1559 1602 1730 1631 concedunt

904 1645 1006 1677 Graeci.
1024 1646 1056 1672 Et
1070 1644 1174 1673 dicunt
1198 1644 1282 1680 quod
1304 1644 1405 1672 nullus
1431 1645 1638 1681 apostolorum
1673 1646 1730 1675 fuit

904 1689 1001 1724 major
1026 1688 1139 1716 altero:
1180 1688 1230 1716 sed
1252 1696 1360 1716 omnes
1387 1688 1507 1717 fuerunt
1538 1689 1670 1725 aequales
1699 1693 1729 1719 et

904 1733 1018 1767 fratres,
1044 1733 1130 1768 juxta
1167 1732 1257 1761 illud:
1288 1733 1393 1761 Omnes
1421 1736 1521 1762 autem
1548 1742 1598 1762 vos
1617 1735 1728 1770 fratres

904 1778 983 1811 estis,
998 1781 1024 1805 et
1039 1780 1157 1812 patrem
1170 1777 1263 1805 nolite
1279 1785 1387 1806 vocare
1403 1777 1483 1806 vobis
1498 1785 1590 1813 super
1604 1782 1727 1813 terram,

904 1824 973 1858 quia
984 1831 1062 1850 unus
1075 1823 1165 1850 Pater
1177 1826 1273 1850 vester
1283 1823 1408 1851 celestis
1421 1826 1463 1850 est
1480 1823 1513 1849 ’⁵.

938 1867 982 1895 Ad
995 1867 1077 1903 quod
1087 1867 1303 1903 respondentes
1326 1867 1466 1900 dicimus,
1484 1868 1567 1904 quod
1584 1869 1727 1897 Dominus

903 1912 950 1940 hic
962 1920 1021 1940 non
1037 1914 1171 1939 removet
1182 1911 1315 1939 officium
1330 1911 1520 1947 praelationis,
1535 1920 1604 1940 cum
1616 1913 1728 1942 Paulus

903 1956 1058 1992 apostolus
1065 1956 1145 1983 dicat
1154 1965 1160 1983 :
1169 1956 1458 1990 Obedz‘teprcepositt's
1468 1958 1581 1990 vestris,
1589 1961 1615 1985 et
1627 1958 1728 1992 subjw

901 2005 960 2029 cete
974 2001 1013 2029 eis
1040 2001 1072 2033 ‘6,
1089 1999 1142 2027 sed
1170 2000 1326 2028 libidinem
1345 2001 1532 2029 dominandi.
1563 2002 1645 2029 Unde
1664 2010 1727 2030 non

901 2046 975 2073 dixit
1001 2053 1007 2071 :
1039 2044 1132 2072 Nolite
1161 2046 1290 2072 statuere
1316 2053 1323 2071 :
1370 2045 1471 2073 Nolite
1509 2047 1725 2074 vocarizunde

902 2098 971 2118 cum
981 2097 1036 2117 nos
1046 2088 1184 2123 eligimus
1194 2091 1347 2124 pastorem
1359 2089 1574 2122 Ecclesiae,non
1585 2090 1724 2125 eligimus

902 2134 990 2162 nobis
1003 2135 1130 2169 patrem,
1148 2132 1193 2159 vel
1208 2135 1334 2161 matrem
1351 2133 1534 2169 simpliciter,
1551 2135 1604 2162 sed
1628 2136 1728 2171 potius

16 2181 175 2210 Dabimus,
192 2179 256 2207 sive
286 2179 490 2213 ostendemus,
523 2182 552 2207 ct
575 2180 706 2207 mendax
721 2180 848 2208 istorum
865 2191 887 2218 Ι)
905 2178 1050 2206 vicarium
1065 2177 1156 2204 Patris
1165 2177 1258 2204 nostri
1269 2177 1328 2204 veri
1348 2179 1375 2205 et
1395 2178 1532 2214 Magistri,
1549 2179 1601 2215 qui
1615 2179 1646 2207 in
1667 2188 1727 2208 coe-

16 2223 205 2260 etymologia
215 2223 382 2258 apparebit.
397 2225 429 2251 1n
443 2225 521 2251 Luca
535 2223 614 2251 enim
631 2223 775 2260 scriptum
789 2227 832 2252 est
844 2238 851 2257 ;

15 2270 53 2296 Et
67 2269 189 2302 factum
203 2269 255 2297 est,
269 2267 471 2296 discumbente
484 2275 516 2296 eo
540 2275 606 2296 cum
620 2269 660 2296 eis
679 2269 710 2296 ¹².
729 2269 760 2296 Et
785 2272 853 2304 post

15 2321 138 2349 pauca:
155 2313 370 2346 Cognoverant
394 2319 460 2340 eum
490 2312 521 2340 in
544 2313 695 2347 fractione
719 2314 799 2350 ἄρτου
817 2313 850 2340 ⁸³.

17 2359 102 2391 Ecce,
116 2356 160 2384 ibi
179 2363 324 2391 azymum
342 2356 420 2393 iprav
442 2357 621 2384 nominavit.
652 2358 736 2389 Quod
751 2360 850 2385 autem

16 2408 145 2437 azymus
160 2399 380 2435 fueritille.qui
406 2403 476 2429 tunc
501 2401 532 2428 in
554 2402 697 2429 Emmaus
713 2401 849 2436 Cleophas

16 2450 45 2474 et
59 2443 281 2473 concomitanti
300 2444 356 2472 sibi
370 2445 458 2473 datus
480 2447 534 2478 est,
556 2446 626 2473 hinc
655 2449 699 2473 est
721 2445 849 2474 manife-

17 2494 109 2518 stum.
127 2490 198 2517 Post
212 2488 449 2518 immolationem
465 2489 535 2524 agni
551 2492 665 2526 septem
680 2490 788 2518 diebus
803 2498 850 2518 co-

19 2533 187 2562 medebant
195 2532 289 2560 Judaei
298 2541 414 2569 azyma,
422 2534 533 2570 quibus
541 2534 647 2562 diebus
656 2534 850 2563 fermentatus

17 2577 108 2614 panis
118 2584 182 2604 non
195 2575 401 2606 inveniebatur
412 2578 494 2614 apud
507 2587 569 2607 eos.
582 2578 662 2607 intra
671 2581 772 2606 autem
786 2587 851 2614 sep-

20 2627 80 2650 tem
105 2621 183 2654 dies,
216 2620 367 2649 benedixit
391 2623 532 2650 Dominus
562 2631 674 2659 panem
697 2623 800 2656 istum,
813 2617 850 2651 de

20 2675 82 2703 quo
96 2665 280 2694 memoriam
305 2667 440 2702 fecimus,
456 2667 486 2695 in
514 2669 664 2701 Emmaus,
689 2668 764 2696 sicut
776 2667 852 2696 indi-

56 2734 81 2751 ¹²
99 2733 170 2760 Luc.
186 2739 264 2764 xxiv,
280 2731 324 2758 30.
378 2730 401 2748 ³³
415 2730 490 2758 Ibid.
507 2732 551 2759 35.
602 2732 624 2749 ιδ
639 2730 712 2759 Ibid.
729 2733 772 2759 2t.

23 2769 45 2785 *⁵
58 2767 164 2796 Matth.
185 2775 267 2795 mu.
282 2768 309 2796 9.

822 2732 846 2750 ¹⁵
861 2731 962 2760 Matth.
978 2738 1058 2762 xxut,
1075 2731 1103 2764 8,
1123 2731 1150 2757 9.

905 2223 940 2251 lis
946 2225 1000 2258 est,
1010 2223 1071 2254 sed,
1080 2229 1133 2249 nec
1139 2229 1229 2257 quem
1237 2221 1345 2256 eligere
1353 2222 1492 2250 volumus
1502 2231 1568 2258 nos,
1577 2224 1628 2252 sed
1636 2232 1728 2260 quem

906 2269 984 2295 Deus
990 2267 1072 2297 dare.
1079 2266 1088 2301 j
1095 2268 1165 2294 uxta
1172 2266 1340 2293 sanctiones
1348 2268 1375 2294 et
1383 2274 1515 2294 canones
1522 2268 1729 2302 apostolorum

907 2319 1042 2341 suorum,
1059 2309 1211 2338 constituit
1224 2312 1252 2337 et
1262 2309 1419 2343 ordinavit,
1444 2311 1530 2346 juxta
1554 2311 1647 2340 illud:
1671 2314 1729 2341 Nc-

904 2355 1263 2385 mosumitsibihonorem,
1272 2355 1330 2382 nisi
1343 2358 1465 2382 vocatus
1479 2363 1497 2383 a
1506 2356 1573 2390 Deo,
1585 2359 1730 2393 tanquam

904 2401 1009 2429 Aaron
1025 2401 1056 2426 Π.
1072 2399 1153 2427 Unde
1167 2398 1270 2426 Glossa
1280 2406 1368 2434 super
1383 2398 1467 2426 illum
1481 2399 1597 2427 locum:
1613 2401 1729 2429 Patrem

904 2446 997 2473 nolite
1007 2445 1087 2472 vobis
1098 2451 1204 2472 vocare
1218 2451 1309 2478 super
1326 2446 1437 2472 terram
1469 2444 1502 2478 ³⁸,
1517 2444 1558 2471 sic
1574 2444 1628 2472 ait:
1643 2445 1729 2477 Quod

905 2489 964 2517 Deo
978 2489 1114 2519 debetur,
1133 2487 1220 2515 vobis
1243 2495 1306 2515 non
1328 2488 1518 2524 praesumatis
1545 2495 1551 2520 ;
1583 2496 1638 2516 nec
1653 2489 1728 2516 alios

905 2533 999 2562 Rabbi
1014 2532 1135 2566 vocetis,
1147 2540 1202 2560 nec
1221 2532 1355 2560 divinum
1384 2532 1531 2560 honorem
1553 2532 1727 2560 hominibus

904 2578 1053 2606 deieratis.
1072 2588 1085 2602 ››
1099 2578 1170 2605 Item
1185 2576 1242 2604 alia
1253 2576 1371 2605 Glossa:
1388 2588 1402 2603 ‹‹
1423 2577 1499 2604 Deus
1521 2577 1627 2605 dicitur
1643 2578 1727 2605 Pater

905 2625 932 2650 et
958 2622 1100 2657 Magister,
1131 2629 1203 2649 nam
1227 2621 1413 2656 indulgentia
1445 2622 1538 2654 Pater,
1564 2624 1595 2649 ut
1630 2621 1729 2650 honor

906 2667 985 2695 iactati
1000 2667 1158 2700 deferatur,
1175 2673 1236 2693 non
1250 2669 1354 2694 auctor
1368 2668 1434 2694 Vitae
1450 2665 1614 2694 habeatur:
1633 2667 1730 2702 magi—

1211 2731 1233 2747 ¹⁶
1247 2728 1321 2758 Heb.
1340 2737 1401 2764 xui,
1419 2732 1462 2759 l7.
1502 2731 1523 2748 ¹⁷
1541 2729 1628 2758 Hebr.
1646 2738 1676 2766 v,
1692 2732 1723 2761 4.
