1948 3079
230 115 281 144 527

841 112 1082 142 PANTALEONIS
1101 113 1245 142 DIACONI
1263 113 1316 142 CI’.

1883 117 1936 143 328

228 180 297 206 ster.
312 184 349 205 ex
361 176 512 205 consortio
523 176 585 205 veri
595 175 723 211 Magistri
737 176 885 211 tanquam
896 175 962 211 ejus
977 182 1052 203 nun-
1067 196 1092 222 Α
1105 175 1231 204 omnino
1246 175 1348 209 tacuit,
1363 177 1415 204 aut
1436 175 1474 204 de
1501 183 1557 204 suo
1578 176 1813 212 superaddendo
1827 185 1939 205 verum

228 222 297 256 tius,
313 224 342 250 et
360 229 416 258 pro
430 221 596 250 reverentia
611 221 687 256 ejus,
715 219 768 257 qui
795 219 929 254 mittitur,
960 220 1053 249 hono-

226 269 318 294 ratur.

262 311 364 340 Petrus
373 310 820 346 autemhabuitprierogativaln
836 308 989 344 dignitatis
1003 316 1052 336 su-

225 363 279 391 per
302 355 464 392 apostolos,
486 357 514 383 et
537 354 753 391 plenitudinem
778 353 934 391 potestatis
962 361 1053 389 super

225 407 332 428 omnes
347 400 497 428 homines.
513 399 599 432 Quod
613 399 760 436 probatur
773 399 815 427 sic
827 407 834 426 :
847 400 879 426 ln
894 397 1051 432 Evangelio

224 444 359 478 Joannis,
385 452 455 472 cum
482 444 627 472 Dominus
652 446 695 472 ter
720 443 895 480 requisisset
922 450 940 470 a
967 444 1052 470 Petro

226 489 416 525 singulariter
449 491 478 517 et
510 489 688 526 specialiter,
717 496 757 517 an
777 489 878 525 ipsum
906 487 1052 522 diligeret,

225 534 459 562 audivitzPasce
482 541 549 562 oves
563 541 643 562 meas
659 535 691 560 ’³.
719 534 814 569 Super
841 540 933 569 quem
952 532 1053 560 locum

225 578 300 606 dixit
313 578 445 606 Joannes
461 578 694 613 Cbrysostomus
709 585 715 605 :
730 589 743 603 «
773 577 850 610 Quia
870 577 959 611 igitur
983 575 1051 604 ﬁnis

224 625 289 651 erat
301 623 408 656 Crenas,
436 621 521 651 Petro
547 623 778 659 praeposituram
805 622 886 650 orbis
915 621 1053 650 omnium

223 667 392 703 committit,
405 675 465 696 non
479 667 564 695 alteri
575 667 636 701 dat,
647 667 699 694 sed
714 666 784 695 huic
794 669 924 695 tantum.
936 666 1053 698 Quare?

224 711 299 745 Quia
312 712 448 740 omnium
457 711 629 748 praecipuus
643 714 672 740 et
693 713 784 747 caput
795 711 887 739 totius
914 710 1007 738 chori.
1021 710 1055 738 Et

222 755 290 784 ideo
305 756 406 790 etiam,
422 759 454 784 ut
466 755 608 784 ostendat
620 756 655 791 ei,
668 756 752 792 quod
778 757 877 792 potest
890 755 1050 787 conﬁdere,

222 803 369 837 tanquam
378 800 536 835 negatione
546 799 715 828 oblitterata
725 808 732 833 ;
743 799 816 836 quia
826 800 852 828 ei
861 807 959 836 neque
969 799 1051 828 illam

221 845 416 882 improperat,
427 853 483 873 nec
494 845 606 881 profert
617 844 648 872 in
658 844 792 872 medium
805 854 810 873 :
829 844 881 872 sed
893 854 901 872 :
913 844 941 872 Si
950 844 1051 879 diligis

221 898 282 923 me,
293 893 419 926 praeesto
430 889 581 925 fratribus,
592 891 620 917 et
632 889 794 917 ferventem
803 897 949 922 amorem,
958 897 1051 925 quem

221 934 251 962 in
266 942 315 962 me
326 934 439 962 habere
454 934 578 962 dicebas
605 934 645 962 ita
657 936 688 962 ut
711 934 788 962 mori
815 933 907 962 velles
921 941 976 970 pro
991 942 1050 962 me,

220 986 301 1006 nunc
315 978 450 1006 ostende.
480 979 644 1013 Interrogat
655 979 755 1006 autem
782 985 852 1006 eum
882 980 934 1011 ter,
961 978 1052 1007 simul

220 1026 368 1059 quantam
377 1030 481 1051 curam
488 1022 641 1051 habeatde
648 1022 756 1050 ovibus
771 1022 829 1050 sibi
841 1022 1019 1050 commissis.
1035 1034 1049 1048 ιι

221 1067 256 1094 Et
270 1069 337 1102 post
351 1066 454 1102 aliqua
467 1066 538 1095 dicit
553 1067 580 1095 ei
593 1076 602 1096 ς
617 1067 746 1102 Sequere
767 1074 812 1095 me
839 1067 876 1094 ὀ.
894 1066 1050 1094 Commisit

220 1110 345 1147 quidem
351 1111 436 1140 Petro
446 1111 650 1147 praelationem
660 1111 798 1139 omnium
813 1110 958 1139 ﬁdelium.
972 1111 1049 1144 Quia

220 1156 274 1184 etsi
295 1156 425 1184 Jacobus
443 1155 746 1192 Hierosolymitanam
772 1156 875 1184 sedem
903 1156 1045 1192 suscepit,

221 1202 322 1229 Petrus
336 1203 437 1229 tamen
451 1201 541 1229 totius
552 1201 649 1229 orbis:
680 1201 768 1237 quasi
791 1201 894 1229 dicat:
921 1202 1047 1229 Sanctus

218 1248 342 1274 vocatus
353 1246 534 1274 estJacobus
550 1245 580 1274 in
596 1245 731 1281 partibus
746 1245 1022 1282 Hierosolymitanis
1037 1253 1044 1279 ;

217 1290 270 1318 sed
285 1290 427 1318 Petrusin
439 1290 622 1327 plenitudine
633 1290 798 1327 potestatis.
811 1290 896 1318 Unde
911 1290 942 1318 in
961 1298 1046 1318 man-

215 1335 301 1364 dato:
312 1335 376 1364 Tibi
380 1335 457 1364 dabo
464 1335 657 1370 claves",tibi
667 1335 823 1363 discretive
829 1335 916 1371 quasi
923 1334 963 1363 ab
969 1335 1044 1370 aliis,

215 1379 296 1408 dabo
312 1380 446 1408 claves.»
464 1382 558 1416 Super
572 1387 635 1416 quo
664 1380 795 1408 Joannes
815 1379 1046 1416 Chrysostomus

214 1426 276 1453 ita:
294 1437 308 1450 «ι
327 1425 407 1453 Sicut
423 1427 507 1453 Pater
517 1424 599 1452 dedit
617 1424 672 1452 tibi
692 1424 907 1452 revelationem
933 1424 1047 1452 contes-

215 1469 308 1498 sionis
320 1477 396 1497 verae
406 1469 475 1498 ﬁdei
488 1479 494 1504 ;
508 1469 549 1497 sic
560 1476 616 1504 ego
624 1469 706 1497 dabo
718 1469 769 1497 tibi
786 1469 886 1497 claves
900 1469 1044 1505 cmlestes_

214 1514 388 1542 Divinorum
410 1521 482 1549 ergo
501 1514 660 1550 dignitates
669 1513 790 1542 tradidit
810 1515 902 1546 Preto,
917 1516 1046 1550 potesta-

215 1559 275 1588 tive
287 1559 318 1587 in
333 1559 417 1587 terris
429 1559 586 1593 exsistens,
602 1561 630 1587 et
643 1558 950 1587 ccelestibusintraus.
967 1570 981 1583 »ι

251 1605 322 1632 Item
337 1603 586 1640 Chrysostomus:
605 1604 665 1631 «Et
679 1603 804 1639 quidem
827 1603 902 1630 alios
928 1605 1044 1639 praeter-

214 1649 345 1682 mittens,
362 1649 442 1683 huic,
459 1648 489 1675 id
508 1650 564 1683 est,
581 1649 677 1682 Petro,
702 1647 739 1675 de
765 1647 871 1675 ovibus
900 1647 1043 1683 disponit,

214 1702 285 1721 cum
303 1694 339 1721 sit
347 1693 490 1730 princeps
499 1692 717 1728 apostolorum,
732 1694 760 1719 et
771 1694 862 1728 caput
872 1691 965 1720 chori.
977 1693 1044 1720 Pro-

215 1740 279 1774 pter
294 1737 378 1774 quod
392 1737 502 1765 Paulus
527 1736 662 1764 ascendit
695 1736 943 1772 Hierosolymam,
971 1738 1043 1764 tunc

215 1782 317 1810 videre
332 1781 433 1818 ipsum
443 1789 504 1817 prae
518 1781 644 1809 cateris.
664 1792 678 1805 »
691 1780 759 1808 Haec
768 1783 837 1808 sunt
847 1780 939 1808 verba
951 1780 1042 1816 Chry-

218 1826 352 1856 sostomi.

254 1877 285 1904 In
294 1874 478 1912 quibusdam
487 1877 587 1903 tamen
597 1873 752 1902 codicibus
763 1873 960 1910 reperiuntur,
973 1881 1040 1910 quee

218 1919 357 1948 videntur
365 1927 480 1955 sapere,
496 1918 580 1955 quod
591 1926 651 1946 non
663 1918 762 1945 solum
774 1919 868 1952 Petro,
882 1918 935 1946 sed
951 1918 1042 1946 etiam

219 1964 364 2001 apostolis
377 1963 576 1992 communiter
594 1962 734 1990 eamdem
763 1962 883 1990 tradidit
899 1962 1043 1990 Dominus

218 2011 406 2046 potestatem.
422 2009 517 2044 Super
526 2015 587 2044 quo
601 2007 752 2035 voluimus
772 2006 961 2035 admonitum
976 2015 1042 2034 esse

219 2055 417 2088 lectorem,ut
436 2052 557 2085 habeat,
578 2059 640 2088 quo
663 2051 770 2079 debeat
793 2051 974 2079 adversariis
999 2059 1041 2078 re-

219 2099 378 2136 spondere,
386 2098 483 2134 siquia
491 2096 718 2125 inveniunturin
727 2096 830 2124 Glossa
838 2096 1041 2132 tibrysostomi

219 2144 327 2181 posita,
347 2151 415 2179 quae
439 2141 540 2170 dicunt
563 2141 780 2178 plenitudinem
805 2141 958 2177 potestatis
979 2148 1042 2168 non

220 2196 284 2218 esse
306 2187 446 2215 traditam
472 2188 587 2214 tantum
608 2187 701 2218 Petro,
732 2186 785 2214 sed
807 2185 949 2213 omnibus
966 2185 1040 2221 aliis,

219 2234 335 2269 absque
346 2231 529 2259 dubitatione
544 2230 645 2267 aliqua
654 2230 732 2264 dicit,
741 2230 914 2266 quicunque
928 2230 1040 2265 legerit,

219 2277 302 2314 quod
313 2276 365 2304 illa
379 2284 441 2304 non
456 2278 525 2303 sunt
534 2275 627 2303 verba
638 2275 852 2310 Chrysostomi,
876 2274 929 2302 sed
943 2274 1042 2311 potius

219 2321 441 2358 Theophylacti,
458 2319 674 2356 archiepiscopi
689 2318 894 2354 Bulgarorum,
907 2319 959 2355 qui
972 2321 1042 2346 mis-

220 2376 271 2396 sus
281 2369 325 2395 est
337 2374 355 2394 a
369 2366 483 2399 Photio,
493 2367 626 2401 tempore
638 2364 808 2392 schismatis
818 2363 849 2392 in
861 2363 1041 2399 Bulgariam,

219 2415 251 2441 ut
261 2412 342 2448 ipsos
350 2410 502 2445 Bulgaros,
513 2411 585 2437 tunc
595 2409 737 2445 temporis
753 2408 890 2437 Ecclesire
901 2410 1042 2436 Romana:

217 2457 343 2486 devotOs
361 2457 389 2484 et
402 2454 584 2489 obedientes,
598 2454 637 2483 ad
652 2454 818 2481 Grmcorum
833 2453 907 2481 ritus
932 2456 959 2481 et
971 2454 1043 2481 obe-

218 2501 362 2530 dientiam
373 2501 534 2528 revocaret.
547 2499 631 2532 Quod
645 2501 672 2526 et
684 2499 796 2527 factum
807 2501 862 2526 est.
874 2499 930 2526 Iste
942 2497 1042 2535 itaque

216 2545 465 2582 Theophylactus,
482 2551 552 2571 cum
562 2551 660 2571 omnia
670 2543 729 2571 fere
739 2542 849 2578 scripta
861 2542 942 2570 beati
955 2544 1044 2571 Joan-

216 2591 264 2619 nis
281 2589 484 2626 Cbrysostomi
499 2596 555 2616 suo
578 2587 699 2622 ingenio
724 2586 940 2621 abbreviasset,
956 2587 1043 2623 quid-

215 2635 288 2672 quid
299 2643 355 2672 pro
368 2634 539 2662 Latinorum
554 2632 682 2661 Ecclesia
692 2632 789 2661 facere
806 2631 974 2668 videbatur,
990 2635 1042 2662 aut

253 2713 275 2730 η
291 2711 378 2740 Joan.
391 2719 452 2746 χχι,
469 2711 512 2738 -17,
551 2710 575 2728 ²⁰
591 2708 665 2738 Ibid.
681 2710 727 2738 22.
765 2709 786 2727 ³⁸
803 2709 902 2738 Matth.
917 2717 975 2745 xw,
992 2711 1034 2738 t9.

251 2783 309 2822 (16)
330 2784 424 2813 Locus
438 2783 606 2818 corruptus.

1104 219 1285 248 intellectum
1301 220 1444 256 corrupit.
1465 221 1660 250 Inveniuntur
1674 224 1775 249 tamen
1789 222 1940 258 quaedam

1105 264 1262 299 originalia
1287 264 1491 300 Chrysostomi
1520 265 1619 294 adhuc
1635 264 1727 294 illaesa
1743 266 1775 294 in
1794 267 1939 295 armariis

1104 309 1357 338 monasteriorum
1376 311 1557 339 Graecorum.

1140 354 1213 382 item
1229 354 1321 382 Grmci
1334 354 1365 382 in
1380 353 1479 382 ofﬁcio
1495 362 1550 382 suo
1571 355 1610 382 de
1637 354 1780 391 apostolis
1806 356 1893 384 Petro
1908 358 1939 384 et

1104 398 1195 427 Paulo
1209 398 1279 427 talia
1294 401 1449 432 testantur,
1466 399 1587 427 cuilibet
1609 399 1731 428 laudem
1758 403 1936 428 cantantes:

1105 443 1231 476 «Petro,
1255 443 1308 479 qui
1328 443 1415 471 divisi
1445 446 1516 472 sunt
1533 451 1657 479 corpore
1671 445 1740 479 (16),
1763 445 1838 472 uniti
1865 447 1939 473 sunt

1106 488 1222 524 spiritu.
1236 488 1408 516 Divinorum
1422 488 1652 524 praedicatorum
1667 489 1866 525 praepositos;
1882 491 1939 517 Pe-

1106 534 1183 560 trum
1196 532 1319 569 quidem
1344 535 1490 568 tanquam
1515 533 1720 569 apostolorum
1747 533 1937 570 principem;

1105 577 1231 605 Paulum
1251 585 1321 604 vero
1338 579 1484 613 tanquam
1500 584 1561 613 pra
1576 577 1690 605 caeteris
1700 577 1908 606 laborantem.
1926 590 1936 602 ι

1141 623 1212 650 Item
1230 622 1372 649 Dominus
1382 621 1413 649 in
1427 621 1588 657 Evangelio
1603 621 1641 650 de
1654 621 1756 650 Petro:
1777 622 1822 650 Tu
1845 630 1938 651 voca-

1107 665 1182 694 beris
1197 666 1354 702 Cephas“,
1375 666 1458 702 quod
1485 666 1515 694 in
1548 666 1650 694 Latino
1677 666 1828 695 redditum
1845 671 1938 696 sonat

1106 714 1216 746 caput;
1234 713 1265 739 ut
1275 719 1312 739 ex
1325 710 1392 747 ipsa
1412 710 1605 747 impositione
1623 711 1756 739 nominis
1778 716 1870 747 caput
1886 714 1939 740 Ec-

1106 755 1202 784 clesia:
1217 755 1359 783 eumdem
1379 754 1610 784 demonstraret.
1627 755 1712 788 Quod
1732 756 1810 784 sacri
1825 759 1938 785 tracta-

1105 801 1185 828 tores
1194 799 1265 828 ﬁdei
1276 799 1513 833 considerantes,
1522 799 1695 836 ubicunque
1705 800 1743 828 de
1754 802 1838 828 Petro
1851 809 1937 829 men-

1107 846 1218 874 tionem
1234 845 1367 881 aliquam
1380 844 1524 879 fecerunt,
1547 849 1687 882 κορυφαῖον
1703 849 1753 871 τῶν
1769 845 1936 881 ἀποστόλων,

1106 890 1137 918 id
1151 894 1206 925 est,
1217 891 1308 926 caput
1316 889 1362 918 vel
1371 889 1509 917 verticem
1520 889 1734 926 apostolorum,
1748 890 1797 919 vel
1815 891 1937 928 apicem

1104 935 1345 963 nominaverunt.
1361 935 1455 966 Quam
1465 935 1696 970 praerogativam
1710 935 1845 963 nominis
1860 943 1938 965 nun-

1104 987 1198 1016 quam
1213 979 1284 1007 alibi
1294 978 1546 1014 legi.Quanquam
1556 979 1721 1007 Germanus
1736 981 1876 1009 Nicaanus
1892 990 1937 1009 ar-

1104 1024 1322 1060 chiepiscopus,
1348 1024 1403 1051 iste
1430 1022 1558 1058 scilicetr
1577 1023 1629 1060 qui
1650 1031 1748 1060 nuper
1772 1024 1936 1053 defunctus

1103 1071 1157 1103 est,
1173 1068 1203 1096 in
1215 1067 1398 1104 quibusdam
1415 1067 1477 1095 suis
1493 1067 1607 1099 litteris,
1628 1076 1705 1104 quas
1733 1072 1840 1098 contra
1857 1070 1937 1098 Lati-

1102 1121 1211 1142 norum
1221 1113 1313 1141 tidem
1334 1120 1432 1149 nuper
1456 1113 1628 1147 transmisit,
1654 1113 1744 1142 etiam
1760 1115 1935 1150 apostolum

1101 1158 1225 1186 Paulum
1238 1161 1378 1196 κορυφαῖον
1402 1161 1452 1183 τῶν
1478 1156 1628 1183 ἀποστόλων
1651 1158 1830 1187 nominavit.
1856 1160 1935 1192 Quia.

1101 1206 1202 1231 autem
1214 1202 1338 1239 quidam
1355 1203 1530 1231 Grmcorum
1538 1202 1697 1238 episcopus
1713 1210 1876 1240 nunquam
1895 1207 1934 1232 ta-

1099 1247 1157 1276 lem
1173 1246 1351 1275 abusionem
1367 1254 1398 1274 se
1411 1246 1561 1274 audivisse
1589 1249 1713 1275 testatus
1729 1250 1782 1283 est,
1800 1249 1883 1276 unde
1899 1252 1927 1276 et

1098 1291 1201 1320 derisit
1218 1291 1383 1320 hominem.
1406 1290 1464 1319 Sed
1476 1293 1549 1319 esto.
1566 1290 1641 1323 Quid
1653 1290 1693 1319 ad
1703 1299 1766 1320 rem
1781 1293 1794 1319 τ
1818 1293 1927 1321 Roma-

1099 1345 1156 1364 nus
1171 1344 1304 1372 namque
1315 1335 1457 1372 pontifex,
1473 1343 1534 1363 non
1547 1335 1645 1363 solum
1660 1335 1748 1370 Petri,
1762 1337 1816 1365 sed
1834 1338 1927 1366 etiam

1099 1380 1181 1409 Pauli
1205 1380 1314 1408 meruit
1341 1388 1407 1408 esse
1433 1387 1598 1407 successor.
1630 1381 1711 1408 Petro
1735 1382 1880 1409 successit
1897 1382 1926 1409 in

1100 1427 1245 1461 potestate
1259 1424 1399 1459 clavium,
1413 1423 1504 1452 Paulo
1514 1424 1544 1452 in
1555 1423 1740 1453 discussione
1751 1433 1926 1454 causarum.

1101 1471 1174 1498 Nam
1189 1470 1264 1498 sicut
1275 1470 1376 1497 Petrus
1391 1469 1598 1496 auctoritatem
1621 1468 1735 1504 ligandi
1758 1473 1850 1506 atque
1866 1471 1926 1498 sol-

1099 1514 1189 1542 vendi
1218 1514 1331 1550 accepit
1366 1521 1384 1541 a
1420 1513 1556 1546 Domino,
1587 1513 1628 1541 ita
1656 1514 1764 1542 Paulus
1795 1515 1925 1543 scientiis

1061 1546 1081 1572 ί)
1100 1546 1326 1596 plenitudinem.
1349 1559 1381 1586 Et
1394 1558 1461 1585 licet
1485 1565 1591 1585 omnes
1615 1559 1744 1594 apostoli
1767 1559 1884 1594 ligandi
1900 1563 1926 1588 et

1100 1604 1234 1632 solvendi
1249 1603 1348 1631 claves
1361 1611 1379 1630 a
1395 1602 1522 1630 Domino
1538 1604 1730 1639 susceperint,
1754 1604 1856 1632 nullus
1885 1609 1924 1633 ta-

1100 1657 1169 1676 men
1185 1647 1375 1685 plenitudinis
1390 1649 1569 1683 potestatem
1587 1647 1644 1675 sibi
1663 1648 1767 1684 aliquo
1789 1651 1924 1686 tempore

1101 1693 1271 1721 vindicavit.
1288 1693 1361 1721 Sunt
1374 1699 1444 1719 vero
1466 1691 1564 1719 vocati
1581 1691 1612 1719 in
1638 1695 1753 1728 partem
1780 1693 1924 1722 sollicitu-

1097 1737 1187 1771 dinis,
1202 1737 1278 1765 sicut
1292 1735 1509 1772 archiepiscopi
1524 1744 1542 1764 θ.
1554 1743 1645 1772 papa.
1661 1737 1796 1774 episcopi
1811 1738 1853 1766 ab
1876 1747 1923 1767 ar-

1096 1782 1304 1818 chiepiscopis,
1329 1783 1357 1809 et
1378 1781 1417 1808 ab
1450 1780 1599 1817 episcopis
1625 1782 1806 1810 sacerdotes.
1841 1784 1922 1812 Unde

1096 1827 1207 1855 factum
1216 1828 1271 1859 est,
1287 1827 1319 1854 ut
1334 1833 1524 1853 successores
1550 1825 1676 1854 aliorum
1701 1827 1922 1862 apostolorum,

1095 1878 1158 1899 non
1171 1871 1282 1898 summi
1296 1869 1464 1906 pontiﬁces,
1475 1869 1527 1897 sed
1543 1869 1783 1906 archiprmsules,
1808 1871 1855 1899 vel
1873 1879 1923 1900 ar-

1097 1914 1280 1951 chiepiscopi
1294 1915 1674 1950 nuncupentur.Romanus
1689 1923 1761 1942 vero
1777 1916 1923 1951 pontifex,

1097 1960 1169 1996 quia
1179 1960 1276 1994 Petro,
1290 1959 1321 1987 id
1347 1961 1401 1993 est,
1426 1958 1531 1986 Christi
1546 1958 1658 1986 vicario
1685 1961 1840 1994 successit,
1861 1969 1924 1989 non

1096 2005 1244 2033 immerito
1255 2012 1392 2033 summus
1407 2003 1540 2040 pontifex
1555 2006 1583 2032 et
1596 2012 1686 2040 papa,
1701 2004 1759 2033 hoc
1770 2008 1825 2040 est,
1839 2007 1924 2035 Pater

1096 2051 1234 2083 Patrum,
1251 2049 1439 2085 singulariter
1452 2052 1656 2086 nuncupatur.

1132 2096 1265 2124 Aliorum
1279 2095 1367 2123 etiam
1377 2095 1513 2123 locorum
1522 2095 1665 2131 episcopi,
1682 2096 1712 2124 in
1726 2096 1840 2132 quibus
1857 2098 1923 2135 ipse

1096 2140 1292 2177 personaliter
1307 2139 1432 2176 praefuit,
1457 2142 1490 2167 ut
1515 2140 1688 2175 Antiochiae,
1704 2140 1748 2169 vel
1773 2141 1814 2170 ad
1829 2151 1922 2178 quam

1097 2185 1241 2213 vicarium
1255 2192 1343 2212 suum
1363 2183 1453 2217 misit,
1478 2185 1510 2212 ut
1528 2185 1659 2212 Marcum
1684 2185 1922 2221 Alexandrim,et

1096 2230 1166 2258 item
1179 2230 1320 2257 Caesareae
1337 2228 1511 2262 Palaestinae,
1522 2228 1574 2256 ubi
1590 2228 1749 2257 concilium
1760 2231 1921 2265 ordinavit,

1097 2277 1125 2304 et
1144 2275 1168 2303 ei
1182 2275 1261 2302 vices
1286 2281 1356 2301 suas
1380 2273 1539 2306 commisit,
1555 2276 1676 2310 propter
1692 2274 1769 2302 Petri
1780 2283 1921 2305 reveren-

1097 2319 1170 2348 tiam
1186 2318 1336 2353 singulare
1352 2317 1540 2353 privilegium
1553 2319 1582 2346 et
1608 2318 1768 2352 dignitates
1790 2327 1854 2356 thB
1871 2329 1922 2349 cae-

1097 2365 1165 2393 teris
1177 2363 1311 2391 Ecclesiis
1323 2364 1504 2396 meruerunt,
1518 2364 1551 2390 ut
1562 2361 1709 2390 dictarum
1721 2364 1921 2393 Ecclesiarum

1097 2407 1241 2445 episcopi,
1251 2415 1311 2435 non
1320 2406 1416 2434 solum
1426 2406 1561 2442 episcopi
1569 2407 1617 2435 vel
1629 2407 1859 2445 archiepiscOpi,
1872 2409 1921 2438 sed

1098 2451 1354 2490 patriarcliaa,hoc
1365 2453 1418 2486 est,
1440 2450 1590 2487 principes
1619 2453 1749 2487 Patrum,
1782 2453 1831 2482 vel
1846 2455 1922 2490 prin-

1098 2498 1221 2534 cipales,
1235 2496 1428 2533 appropriato
1442 2495 1602 2530 vocabulo,
1619 2504 1636 2525 a
1651 2497 1766 2525 cunctis
1781 2499 1921 2527 nomina-

1097 2545 1208 2572 rentur.

1135 2587 1163 2616 Si
1175 2594 1245 2615 vero
1258 2585 1411 2622 quaeritur,
1425 2585 1506 2614 Unde
1535 2593 1606 2621 ergo
1618 2586 1786 2615 Jerusalem
1808 2590 1835 2616 et
1850 2588 1923 2617 Con-

1098 2631 1306 2668 stantinopolis
1315 2630 1427 2660 habent
1442 2631 1644 2667 patriarcham
1655 2631 1669 2659 ?
1685 2632 1920 2668 respondemus:

1074 2710 1096 2728 ⁵³
1112 2710 1197 2738 Joan.
1215 2709 1297 2744 1,42.
