1948 3079
40 122 104 149 529

763 123 902 152 CONTRA
924 123 1079 152 GRAECOS.

1719 122 1772 151 530

38 183 77 210 lu
102 183 213 220 primo
228 184 361 220 generali
375 184 510 221 concilio,
523 184 625 213 Patres
641 185 745 221 sancti,
762 185 814 222 qui
826 186 895 215 ade-
909 188 932 214 Α
948 186 1097 222 ριέξᾱὶοιιξ
1113 185 1241 214 civitatis
1259 185 1412 222 episcopo,
1439 184 1549 221 petenti
1568 185 1769 214 conﬁrmatio-

37 231 136 262 rant,
148 229 379 257 considerantes
392 229 449 257 loci
464 230 671 263 reverentiam,
681 231 718 258 de
728 231 893 259 Jerusalem

37 273 178 307 scilicet,
194 282 293 310 quam
308 274 488 311 Redemptor
512 275 649 303 omnium
664 283 719 304 sua
734 277 894 311 praesentia

38 320 75 346 et
107 326 168 346 suo
196 326 308 347 cruore
328 318 463 356 piissime
479 319 621 355 dignatus
639 322 684 347 est
703 327 889 352 consecrare,

36 363 208 392 honorem
245 364 429 400 hujusmodi,
460 366 489 393 et
509 365 728 401 patriarchatus
741 365 891 401 ejusmodi

36 407 110 436 loci
126 409 277 445 episcopo
290 408 492 446 dispensative
503 413 725 438 concesserunt.
749 410 891 439 Dixerunt

37 453 154 481 enim:
182 464 198 478 ι(
222 454 398 486 Statuimus,
424 456 457 482 ut
478 454 559 482 [Elite
583 455 742 491 episcopus
767 457 889 491 propter

35 498 258 526 reverentiam
288 498 413 534 Domini,
430 499 688 534 praeminentium
711 499 756 527 vel
777 507 888 536 praero-

38 543 186 577 gativam
219 543 369 570 honorem
398 543 619 578 patriarchatus
646 543 776 572 habeat:
805 543 888 573 salvo

37 587 119 622 jure
150 589 181 614 et
214 587 382 615 reverentia
416 587 600 623 metropolis,
629 598 643 613 ιν
672 588 729 616 hoc
759 590 814 622 est,
840 597 887 617 ar-

38 630 245 667 chiepiscopi
269 631 431 659 Palaestinae
448 632 601 660 Caesarem.
622 631 707 665 Quod
733 631 801 660 ideo
825 632 886 660 fac-

40 678 117 703 tum
152 678 210 710 est,
244 675 318 711 quia
354 675 507 704 Cornelius
537 677 680 709 centurio,
704 677 780 704 sicut
810 677 886 706 dixi-

38 728 131 753 mus,
147 728 167 748 θ.
182 721 269 748 Petro
285 720 422 756 apostolo
437 720 596 756 episcopus
605 721 716 748 ibidem
728 721 886 750 ordinatus

38 764 132 792 vices
144 765 248 799 ipsius
262 764 391 800 apostoli
405 764 611 800 apostolorum
626 765 770 802 principis
784 765 814 794 in
826 766 890 794 vita"

39 817 106 837 sua
123 809 264 844 gerebat.
282 809 434 836 Distinctio
450 809 638 844 sexagesima
660 810 766 846 quinta
779 811 820 839 ita
834 810 886 839 ha-

947 239 1017 259 nem
1033 239 1095 259 suae
1120 230 1282 266 dignitatis,
1298 231 1326 258 et
1340 230 1476 267 querenti
1499 229 1536 257 de
1557 229 1662 264 legatis
1688 230 1768 258 sedis

947 275 1128 312 apoatolicre,
1143 283 1179 303 eo
1191 274 1274 311 quod
1289 282 1350 302 non
1374 277 1592 303 consenserunt
1618 273 1768 310 praedictae

946 320 1135 353 ordinationi,
1151 320 1191 348 ita
1205 319 1275 348 dicit
1291 328 1297 347 :
1315 330 1329 344 «
1345 319 1403 347 Sed
1427 318 1617 355 temetipsum
1632 326 1768 352 accusas,

945 364 1030 401 quod
1055 365 1097 393 eis
1117 364 1244 400 (legatis)
1269 371 1374 400 parere
1401 363 1542 396 nolueris,
1574 363 1648 391 dum
1669 363 1770 390 illicita

944 410 1075 442 moliris;
1099 409 1250 445 superflue
1277 416 1340 437 non
1358 408 1552 437 concedenda
1574 410 1719 444 appetens
1740 410 1770 435 et

943 454 1133 483 insalubriter
1148 453 1294 482 contraria
1315 453 1543 489 concupiscens,
1560 460 1627 489 quae
1650 452 1768 480 nullum

942 507 1079 535 unquam
1093 499 1254 535 potuerunt
1265 500 1404 526 nostrum
1419 497 1552 526 obtinere
1567 504 1762 526 consensum.

942 544 1025 572 Absit
1038 544 1117 571 enim
1133 551 1151 571 a
1165 542 1347 571 conscientia
1366 549 1443 576 mea,
1460 544 1492 570 ut
1504 544 1566 570 tam
1577 549 1672 578 prava
1684 542 1766 578 cupi-

942 589 1020 617 ditas
1041 589 1115 617 meis
1137 587 1243 616 studiis
1267 588 1466 622 adjuvetur,»
1488 589 1542 615 etc.
1569 587 1636 614 Haec
1661 588 1766 616 autem

942 635 1052 671 scripta
1063 636 1131 662 sunt
1139 634 1167 662 in
1182 633 1272 669 gestis
1284 633 1383 669 quarti
1392 632 1519 668 concilii,
1532 631 1569 660 de
1577 640 1638 668 quo
1650 632 1764 669 praefati

941 687 1047 707 sumus
1054 700 1059 707 .

976 723 1032 752 Sed
1041 723 1199 758 Gregorius
1209 722 1349 757 Dialogus
1355 722 1531 759 episcopum
1539 721 1675 757 ejusdem
1681 721 1764 749 urbis

940 767 1213 803 Eleemosynarium
1219 766 1451 803 reprehendens,
1459 773 1494 794 eo
1500 765 1583 802 quod
1590 765 1646 793 tale
1652 773 1764 794 nomen

939 811 1050 840 habere
1065 812 1301 848 praesumpserit,
1316 811 1357 839 ita
1371 810 1472 838 scribit
1483 810 1513 838 in
1529 818 1583 837 suo
1606 810 1737 845 Registro
1754 819 1761 838 :

37 854 107 888 bet,
125 861 227 889 quam
244 861 311 881 mos
328 853 470 890 antiquus
485 856 513 881 et
527 856 646 882 vetusta
661 854 779 882 traditio
805 855 884 883 obti—
899 863 920 890 Β
940 869 953 883 υ
971 857 1054 893 Papa
1065 857 1189 892 insuper
1209 858 1362 884 Romanus
1377 863 1446 883 cum
1465 854 1599 883 oblatum
1615 857 1691 882 esset
1703 855 1729 883 ei
1744 863 1762 883 a

37 898 125 931 nuit,
139 899 176 925 ut
200 897 336 929 rEliaa.id
357 900 411 930 est,
436 898 599 926 Jerusalem
620 898 761 934 episcopo
786 899 884 927 honor

38 942 218 977 deferatur,
247 941 359 969 habeat
390 945 608 978 consequenter
631 943 789 977 honorem,
819 951 883 971 ma-

35 990 138 1015 nente
164 989 270 1015 tamen
286 986 524 1022 metropolitanaa
547 986 671 1015 civitatis
694 988 817 1024 propria
840 987 883 1016 di-

38 1032 176 1066 gnitate.

80 1077 220 1104 Constan
226 1075 616 1112 tinopoliswropriesedem
626 1085 680 1104 non
686 1077 774 1105 habet
786 1086 792 1112 ;
804 1088 817 1102 ››
829 1078 883 1105 sed

40 1119 243 1148 Theodosius
262 1119 425 1155 imperator
437 1120 468 1147 in
484 1120 619 1148 secundo
633 1121 759 1149 concilio
787 1122 884 1157 coegit

40 1167 175 1192 centum
187 1164 410 1203 quinquaginta
426 1165 534 1199 Patres,
552 1164 630 1192 clam
644 1173 763 1194 summo
789 1166 884 1194 Ponti-

40 1209 113 1244 ﬁce,
137 1209 208 1237 sine
233 1209 320 1244 cujus
342 1216 492 1236 consensu
507 1208 570 1237 ﬁeri
585 1217 647 1237 non
672 1210 778 1246 potuit,
794 1213 883 1246 prout

35 1253 219 1288 legentibus
233 1253 316 1280 hunc
329 1253 462 1281 libellum
479 1253 601 1289 patebit,
624 1256 656 1282 ut
674 1255 882 1282 Constantino-

33 1298 119 1334 polis
136 1298 244 1326 sedem
262 1297 469 1329 sublimarent,
485 1306 597 1326 nomen
613 1299 639 1326 ei
660 1299 880 1334 patriarchatus

34 1343 258 1376 attribuentes,
278 1342 362 1378 quod
388 1344 456 1370 ante
480 1351 542 1370 non
571 1343 712 1371 habebat.
740 1345 881 1372 Processu

34 1395 112 1415 vero
129 1387 291 1423 temporis,
305 1390 454 1415 crescente
469 1389 636 1415 Graecorum
651 1388 774 1423 malitia,
791 1391 819 1417 et
829 1396 880 1424 po.

33 1432 133 1460 tentia
150 1431 368 1464 invalescente,
395 1432 507 1465 Patres,
536 1432 586 1468 qui
618 1435 820 1461 convenerant
847 1433 878 1461 in

31 1479 149 1512 quarto
166 1475 305 1508 concilio,
319 1483 411 1504 suasu
423 1476 564 1512 principis
576 1477 721 1511 Martiani,
735 1477 877 1513 quaedam

30 1521 200 1556 privilegia
218 1522 360 1548 Romanae
387 1521 467 1548 sedis
493 1521 614 1555 similia,
641 1523 669 1549 et
693 1522 749 1550 hoc
766 1530 876 1550 nomen

33 1566 222 1601 οἱκηυμτνικὸς
249 1565 430 1601 patriarcha,
455 1565 538 1601 quod
565 1568 661 1597 sonat,
686 1566 874 1600 orbicularis,

34 1611 101 1638 sive
110 1609 293 1637 universalis
303 1610 482 1644 patriarcha,
495 1610 591 1638 eidem
604 1611 877 1647 Constantinopoli-

34 1658 112 1682 tano
124 1655 283 1690 episcopo,
299 1654 574 1683 contradicentibus
602 1655 774 1691 apostolicae
796 1657 875 1684 sedis

34 1699 158 1734 legatis,
183 1699 384 1726 contulerunt.
415 1700 457 1730 Et,
493 1702 524 1727 ut
544 1699 656 1728 haheat
680 1700 811 1735 primum
831 1701 875 1728 lo-

35 1752 110 1771 cum
119 1746 190 1779 post
199 1751 326 1778 papam:
335 1751 402 1770 cum
411 1743 478 1770 Alex
484 1744 627 1771 andrinus
633 1745 876 1781 archiepiscopus

35 1788 186 1824 primitus
203 1795 271 1815 eam
288 1787 465 1822 dignitatem
490 1787 640 1823 habuerit,
666 1790 696 1816 in
722 1790 830 1825 primo,
847 1792 875 1818 et

36 1832 193 1866 secundo,
211 1835 238 1860 et
264 1832 350 1860 tertio
366 1832 505 1866 concilio,
530 1836 651 1868 propter
676 1835 873 1862 reverentiam

34 1877 122 1905 beati
150 1876 249 1907 Marci.
274 1875 412 1912 discipuli
434 1876 514 1904 beati
538 1878 623 1906 Petri.
663 1879 873 1906 Verumtamen

35 1922 113 1957 quia
127 1929 165 1949 ea
185 1920 408 1948 deﬁniebantur
421 1920 451 1948 in
476 1921 608 1949 conciliis
635 1922 697 1949 sine
724 1930 872 1951 consensu

34 1973 140 2001 papze.
158 1965 206 1992 vel
220 1964 388 1999 legatorum
404 1965 509 2001 ipsius.
532 1965 624 1993 robur
642 1966 791 1994 ﬁrmitatis
821 1967 873 1996 ha-

34 2010 109 2037 bere
124 2017 188 2037 non
203 2011 353 2045 poterant,
370 2009 439 2036 dicti
460 2010 558 2037 Patres
574 2018 598 2036 IV
621 2010 739 2038 concilii
753 2014 870 2046 cuncta,

35 2062 107 2090 quae
125 2055 260 2088 egerant,
278 2052 317 2081 ad
330 2053 429 2089 ipsum
446 2054 688 2084 transmittentes.
702 2058 807 2091 petunt
818 2056 872 2084 hu-

37 2099 149 2126 militer
164 2097 344 2126 eorumdem
359 2098 629 2126 conﬁrmationem.
647 2100 704 2127 Sed
717 2101 788 2136 quia
814 2100 872 2128 tale

36 2143 216 2171 ambitionis
231 2150 344 2170 nomen
351 2145 377 2170 et
388 2145 564 2178 potestatem
572 2146 749 2180 usurpatam
759 2145 872 2173 indebi-

39 2190 77 2219 te,
95 2195 160 2215 non
172 2188 236 2215 sine
245 2195 358 2222 magna
368 2187 476 2222 injuria
488 2187 615 2215 aliorum
631 2189 871 2224 patriarcharum

39 2235 68 2260 et
79 2233 212 2260 maxime
225 2231 383 2268 papie,sibi
391 2234 607 2266 arrogaverunt
615 2233 716 2265 Grmci;
725 2233 793 2262 ideo
804 2234 873 2262 bea-

39 2280 88 2305 tus
105 2279 164 2305 Leo
180 2284 262 2313 papa
275 2277 408 2312 petitioni
421 2277 537 2309 concilii
559 2277 640 2305 nullo
655 2278 746 2306 modo
774 2287 874 2307 assen-

41 2330 109 2349 sum
120 2321 258 2357 praebere
267 2321 369 2353 voluit,
381 2321 433 2348 sed
442 2321 559 2357 scripsit
567 2321 607 2349 eis
615 2322 687 2357 sic(t
696 2325 722 2358 7)
734 2334 763 2353 ;‹‹
774 2323 813 2351 De
824 2331 873 2352 ne-

40 2366 129 2400 gotiis
145 2365 216 2393 ﬁdei
231 2364 384 2401 synodum
395 2365 572 2400 congregari
586 2367 787 2402 permisimus,
801 2371 829 2395 et
843 2371 875 2396 ut

40 2413 217 2438 sanctorum
234 2410 357 2437 Patrum
371 2417 503 2437 canones
521 2413 745 2444 conserventur,
762 2420 829 2448 quae
845 2412 873 2440 in

41 2455 159 2483 Nicmna
175 2453 296 2490 synodo
310 2454 496 2482 inconcussis
510 2453 704 2489 dogmatibus
719 2456 798 2485 edita
812 2457 871 2484 fue.

39 2502 118 2527 runt.
138 2499 339 2534 Quapropter,
357 2498 493 2534 inquam,
511 2499 749 2528 consideratione
766 2503 872 2530 vestrae

42 2543 208 2571 sanctitatis
224 2543 390 2575 innotesco,
407 2543 490 2579 quod
502 2543 712 2577 Ecclesiarum,
729 2549 818 2581 prout
833 2546 872 2574 ab

42 2588 95 2616 illis
119 2586 262 2615 trecentis
287 2586 390 2614 decem
421 2589 449 2615 et
472 2590 540 2615 octo
569 2589 707 2616 Patribus
731 2589 872 2618 divinitus

43 2632 196 2668 inspiralis
211 2631 293 2659 edita
308 2634 387 2664 sunt,
404 2631 544 2660 volumus
561 2635 592 2660 ut
608 2637 824 2669 permaneant;
841 2637 873 2664 ut

43 2677 82 2705 nil
92 2674 301 2704 inverecunda
310 2675 433 2704 ambitio
443 2675 604 2706 desideret.
622 2690 635 2703 ›ι
654 2677 724 2706 inde
735 2679 872 2708 Anatolio

78 2766 133 2801 (Π)
149 2766 180 2794 S.
197 2764 259 2793 Leo
275 2763 314 2793 ad
328 2764 488 2794 concilium
503 2773 533 2794 iv

939 901 1071 930 conciliis
1082 908 1193 929 nomen
1204 900 1286 933 illud,
1299 907 1457 935 nunquam
1469 899 1560 926 voluit
1573 899 1732 935 suscipere:
1747 911 1760 924 ››

938 947 972 974 Et
999 948 1067 982 post
1081 953 1199 982 pauca:
1217 956 1231 970 (ι
1249 945 1388 978 Sufﬁciet,
1405 944 1511 980 inquit.
1542 943 1604 977 tibi,
1622 944 1704 979 quod
1720 944 1762 971 di-

937 990 1081 1026 gnitatem
1097 990 1335 1026 patriarcharum
1359 988 1498 1016 dedimus
1521 987 1582 1022 tibi,
1613 996 1681 1015 cum
1700 995 1761 1016 non

936 1035 1050 1063 habeas
1074 1034 1186 1062 sedem.
1203 1043 1218 1060 ›
1235 1034 1342 1062 Sedem
1357 1035 1443 1061 vocat
1469 1033 1673 1060 auctoritatem
1688 1033 1761 1061 Petri

936 1079 1090 1107 videlicet:
1113 1079 1214 1106 locum
1229 1086 1320 1114 quem
1336 1085 1387 1113 per
1401 1085 1442 1109 se,
1454 1076 1501 1104 vel
1516 1084 1569 1112 per
1583 1076 1675 1104 alium
1688 1084 1760 1112 prte-

938 1123 1065 1151 sidendo
1090 1122 1329 1151 auctorisabilem
1347 1124 1375 1150 et
1401 1121 1596 1149 reverendam
1620 1120 1759 1153 reddidit,

938 1170 970 1196 ut
981 1168 1087 1196 merito
1103 1167 1190 1196 sedes
1206 1166 1373 1203 apOStotica
1383 1165 1563 1194 nominetur.
1576 1166 1636 1192 Hoc
1643 1173 1763 1201 semper

937 1212 1208 1248 Constantinopolis
1228 1211 1354 1240 curavit.
1381 1212 1502 1246 Propter
1525 1209 1608 1246 quod
1635 1211 1663 1237 et
1685 1210 1761 1238 inter

937 1257 1023 1285 sedes
1038 1257 1218 1293 apostolicas
1230 1263 1292 1284 non
1305 1257 1480 1284 numeratur
1495 1254 1542 1282 vel
1558 1257 1759 1290 computatur.

975 1301 1057 1328 Unde
1073 1303 1128 1329 Leo
1152 1308 1234 1337 papa
1248 1300 1279 1328 in
1308 1308 1333 1328 IV
1362 1299 1488 1327 concilio
1515 1298 1554 1326 ad
1585 1298 1761 1327 Martianum

936 1345 1159 1381 imperatorem,
1174 1345 1211 1372 de
1221 1344 1368 1375 Anatolio,
1383 1343 1514 1379 praefatae
1525 1342 1607 1370 urbis
1618 1342 1760 1378 episcopo

938 1392 1047 1418 temere
1060 1392 1223 1426 usurpante
1235 1389 1284 1424 jus
1297 1396 1358 1416 non
1369 1388 1426 1416 sibi
1435 1395 1625 1421 concessum,
1640 1388 1681 1415 ita
1691 1387 1759 1415 scri-

936 1434 1000 1462 bit:
1020 1446 1030 1459 ι
1049 1434 1182 1462 Sufﬁciat
1204 1433 1356 1470 praedicto,
1374 1433 1485 1460 scilicet
1506 1431 1653 1465 Anatolio,
1678 1432 1761 1468 quod

936 1481 994 1507 tum
1018 1479 1136 1515 pietatis
1162 1478 1272 1506 auxilio
1285 1480 1313 1506 et
1345 1476 1444 1505 studio
1468 1484 1521 1504 seu
1550 1476 1759 1509 sollicitudine,

935 1526 1039 1551 nostro
1055 1531 1181 1551 assensu
1203 1524 1291 1550 tantae
1316 1521 1440 1549 civitatis
1464 1520 1670 1556 episcopatum
1686 1521 1760 1549 obti-

933 1568 1015 1596 nuit:
1031 1575 1085 1596 nec
1108 1567 1266 1602 indignum
1283 1574 1313 1594 se
1337 1565 1426 1594 faciat
1439 1564 1551 1592 habere
1570 1564 1702 1598 regalem
1717 1565 1757 1592 ci-

932 1613 1072 1640 vitatem:
1091 1620 1183 1648 quam
1199 1611 1322 1648 quidem
1346 1609 1543 1646 apostolicum
1568 1608 1681 1644 locum,
1697 1609 1757 1636 sive

932 1657 1033 1685 sedem
1050 1657 1146 1684 facere
1161 1664 1222 1684 non
1238 1655 1353 1692 poterit.
1377 1654 1434 1682 Sed
1463 1661 1518 1681 nec
1543 1653 1643 1689 aliquo
1662 1652 1755 1680 modo

931 1703 1038 1737 speret,
1051 1702 1134 1737 quod
1144 1700 1325 1728 ottendendo
1335 1699 1419 1734 alios,
1432 1698 1600 1735 possitipse
1612 1705 1754 1725 crescere.

931 1747 1004 1774 Nam
1014 1746 1216 1781 praerogativm
1223 1745 1374 1773 honorum
1382 1746 1555 1771 sanctarum
1562 1742 1754 1770 ecclesiarum

930 1792 1047 1819 Patrum
1058 1789 1237 1823 canonibus,
1247 1792 1275 1816 ct
1285 1787 1462 1816 venerabilis
1474 1786 1582 1823 synodi
1593 1786 1698 1814 Nicaeae
1708 1794 1754 1814 ce-

928 1835 1050 1862 lebratis
1063 1835 1197 1869 decretis,
1213 1834 1382 1868 constituta,
1406 1832 1489 1860 nulla
1512 1834 1638 1868 possunt
1662 1833 1754 1859 teme-

928 1879 1022 1907 ritatis
1037 1879 1164 1907 audacia
1178 1879 1301 1912 moveri,
1312 1886 1367 1905 nec
1392 1878 1481 1905 etiam
1498 1876 1598 1912 aliqua
1623 1876 1753 1903 novitate

931 1924 1047 1952 mutari.
1067 1936 1080 1948 η
1099 1924 1179 1952 Unde
1201 1924 1308 1951 beatus
1324 1922 1482 1957 Gregorius
1508 1920 1646 1955 Dialogus
1671 1919 1752 1952 dicit,

927 1977 997 1996 cum
1013 1968 1050 1996 de
1061 1968 1182 1996 sedibus
1199 1967 1389 2002 generalibus
1419 1966 1529 1994 faceret
1556 1964 1749 1997 mentionem,

928 2013 1005 2041 sicut
1020 2020 1110 2048 supra
1121 2013 1150 2040 in
1163 2014 1288 2040 tractatu
1299 2011 1336 2039 de
1352 2012 1541 2039 sacramento
1561 2009 1751 2037 Eucliaristim

927 2059 1080 2085 ostensum
1097 2059 1149 2088 est,
1164 2056 1323 2083 Ecclesiam
1339 2057 1470 2090 quatuor
1484 2053 1641 2081 ordinibus
1653 2052 1752 2080 distri-

926 2101 1031 2129 butam
1045 2108 1119 2134 esse,
1132 2100 1161 2128 id
1175 2103 1227 2131 est.
1241 2102 1454 2131 Romanorum,
1466 2097 1749 2133 Hierosolymorum,

926 2144 1205 2175 Alexandrinorum.
1219 2147 1247 2171 et
1274 2143 1529 2170 Antiochenorum
1551 2150 1557 2169 :
1583 2141 1635 2178 qui
1663 2149 1752 2177 gena.

925 2190 1036 2222 raliter,
1048 2189 1183 2225 inquam.
1203 2187 1330 2215 Ecclesia
1352 2187 1533 2214 nominetur.

963 2235 1012 2262 llic
1025 2241 1056 2262 se
1068 2234 1108 2261 sic
1120 2233 1310 2266 habentibus,
1327 2231 1457 2259 multum
1472 2231 1591 2259 videtur
1602 2231 1751 2267 oppositio

926 2278 1130 2316 quorumdam
1152 2278 1325 2306 Latinorum
1347 2276 1504 2309 infirmari,
1531 2275 1614 2312 quod
1637 2276 1750 2307 dicunt,

926 2324 1008 2360 quod
1023 2323 1210 2360 patriarchiw
1235 2322 1320 2349 dictae
1349 2322 1428 2355 sunt,
1455 2320 1527 2357 quia
1552 2320 1584 2347 in
1609 2320 1656 2348 his
1677 2320 1751 2348 locis

926 2367 1052 2405 apostoli
1065 2367 1281 2404 praesederunt.
1291 2365 1348 2394 Sed
1361 2373 1407 2400 eo,
1416 2364 1499 2401 quod
1512 2364 1667 2400 apostolus
1676 2372 1751 2400 prae-

927 2414 1014 2448 sidet,
1030 2413 1060 2441 id
1075 2415 1119 2441 est
1142 2414 1253 2446 Petrus,
1279 2411 1327 2439 vel
1342 2419 1394 2448 per
1410 2418 1451 2444 se,
1485 2410 1533 2437 vel
1561 2417 1650 2436 suum
1672 2410 1751 2437 vica-

925 2458 1014 2490 rium,
1029 2458 1141 2486 valeret
1162 2457 1243 2494 quod
1269 2456 1386 2484 dicitur.
1414 2455 1442 2483 Si
1472 2453 1645 2491 simpliciter
1668 2453 1751 2482 intel-

924 2502 976 2538 ligi
992 2502 1104 2536 volunt,
1119 2501 1275 2539 quomodo
1288 2503 1367 2529 stare
1388 2500 1483 2537 possit
1505 2506 1567 2527 non
1590 2497 1748 2526 videmus:

925 2547 1070 2584 quoniam
1086 2549 1184 2575 essent
1198 2546 1309 2583 plures,
1321 2553 1414 2583 quam
1423 2544 1497 2572 hmo.
1509 2545 1567 2571 Nec
1582 2542 1686 2570 omnia
1703 2550 1749 2570 su-

925 2599 980 2628 pra
987 2591 1143 2620 nominata
1152 2591 1220 2620 loca
1230 2589 1431 2627 patriarchali,
1440 2589 1554 2616 honore
1562 2588 1749 2615 ornarentur.

924 2635 1029 2664 Nullus
1045 2635 1125 2663 enim
1143 2634 1350 2671 apostolorum
1376 2633 1462 2661 sedit.
1481 2630 1751 2668 Constantinopoli,

925 2680 972 2708 vel
984 2679 1180 2714 Alexandriae,
1196 2679 1254 2708 nisi
1277 2678 1351 2708 Petri
1366 2677 1516 2714 dicipulus
1543 2678 1664 2705 sanctus
1679 2677 1753 2705 Mar-
