1948 3079
200 133 247 160 531

808 129 1051 159 PANTALEONIS
1072 128 1215 156 DIACONI
1236 129 1289 156 (ΖΡ.

1852 127 1915 153 532

198 201 262 221 cus.
278 193 358 222 Sedit
370 194 449 221 enim
465 193 620 221 Mediolani
634 193 797 227 Barnabas,
813 193 922 221 electus
952 199 1023 228 apo-
1038 194 1061 219 Α
1079 191 1211 222 tentiam,
1223 192 1385 226 antequam
1394 198 1429 218 ea
1439 198 1507 226 quae
1517 192 1600 224 gesta
1610 191 1689 221 sunt,
1702 197 1772 217 cum
1781 189 1921 216 veritate

199 239 292 266 stolus
308 239 441 273 gentium
453 246 521 266 cum
533 238 619 265 beato
632 237 737 267 Paulo.
748 240 776 265 et
787 237 879 273 aliqui
893 237 930 264 de
944 244 1019 272 apo-

200 283 282 311 stolis
307 283 490 318 quibusdam
513 282 686 317 regionibus
709 281 874 318 specialiter
897 280 1023 317 praefue-

199 330 279 355 runt.
297 327 352 355 Sed
369 327 393 354 si
417 327 622 363 quorumdam
638 326 854 362 apostolorum,
880 329 908 353 et
935 325 1022 352 disci-

198 372 339 408 pulorum
357 372 473 399 Domini
489 372 581 399 sessio
592 371 702 399 faceret
714 370 835 398 sedem:
852 370 1022 398 necessario

200 419 287 450 esset,
304 416 380 444 sicut
405 416 546 449 diximus,
566 416 650 451 quod
673 418 772 443 essent
795 415 906 451 plures,
929 421 1021 449 quam

199 461 332 496 quinque
348 460 524 496 patriarchas
537 461 567 487 in
583 459 708 487 mundo.
735 459 792 487 Sed
807 459 952 495 quoniam
963 458 1021 485 hoc

197 512 259 532 non
275 505 419 539 videmus,
437 505 578 540 sequitur,
595 503 678 540 quod
694 504 791 538 gratia
810 503 885 531 Petri
913 502 1021 539 praedi-

198 552 313 577 ctarum
329 549 482 577 civitatum
497 549 584 577 sedes
599 549 747 576 honorem
761 547 938 584 hujusmodi
959 554 1021 583 prae

197 594 310 622 caeteris
329 593 465 621 Ecclesiis
493 595 680 621 meruerunt.
708 593 843 628 Suscepit
865 593 968 620 Petrus
991 591 1020 618 in

196 638 381 674 plenitudine
393 638 673 674 potestatis,eteam
688 638 813 674 posteris
829 637 890 664 suis
905 643 1022 664 sacces—

196 683 261 710 sivo
272 683 338 718 jure
353 682 484 716 dimisit;
501 685 532 710 ut
547 682 598 718 qui
614 682 644 709 in
659 690 695 709 ea
709 682 789 715 sede,
814 689 918 717 quam,
935 683 967 708 ut
981 680 1022 708 ita

196 726 306 762 dicam,
323 727 468 763 martyrio
482 727 578 755 crucis
607 727 794 754 consecravit
806 734 860 762 pro
884 725 1019 756 Domino,

195 770 281 807 isque
305 772 473 799 secundum
488 779 636 799 canonem
652 771 740 798 fuerit
765 771 886 803 electus,
917 769 1021 797 Christi

197 815 324 843 vicarius
339 823 400 844 non
416 816 566 844 immerito
578 819 787 850 cognoscatur.
809 815 894 848 Quod
917 817 950 842 ut
968 822 1019 841 ne-

1077 235 1250 269 audiamus,
1267 246 1281 259 υ
1295 237 1350 262 etc.

1115 280 1195 308 [dem
1207 281 1263 307 Leo
1283 287 1363 315 papa
1375 279 1430 310 his,
1452 279 1503 315 qui
1516 279 1545 306 in
1557 279 1684 306 concilio
1709 277 1817 314 Ephesi
1832 277 1922 305 cele-

1076 324 1163 352 brato
1178 326 1272 355 erant.
1286 324 1324 351 ita
1339 324 1461 351 scribit:
1479 334 1492 347 ι(
1505 326 1606 359 itaque
1629 323 1668 350 ad
1689 323 1920 358 perfectionem

1076 368 1220 396 divinitus
1246 371 1425 396 statutorum
1455 367 1626 403 apostolicae
1650 367 1801 395 cathedrae
1822 366 1920 401 petiit

1076 413 1239 449 imperator
1255 413 1368 448 apponi
1395 412 1654 440 conﬁrmationem
1676 415 1824 448 tanquam
1838 418 1860 438 ε,
1871 411 1912 437 Β-

1076 459 1160 486 Petro
1175 457 1263 485 fuerit
1277 457 1364 485 facta.
1381 468 1395 482 n

1110 503 1184 530 Item
1198 502 1350 539 principes
1366 502 1418 538 qui
1434 502 1595 529 intererant
1615 501 1743 529 concilio
1768 501 1839 528 loco
1857 500 1918 528 im-

1075 549 1233 584 peratoris,
1249 547 1286 574 de
1308 555 1388 583 papa
1403 547 1443 575 ita
1468 546 1652 583 loquuntur:
1670 559 1680 571 ι
1711 546 1789 579 Quia
1816 546 1921 580 igitur

1075 591 1152 620 lecta
1165 594 1210 619 est
1235 592 1361 628 epistola
1377 591 1490 619 domini
1513 592 1605 618 nostri
1632 591 1726 618 sancti
1753 591 1851 618 Patris
1867 598 1919 617 ar-

1075 636 1259 672 chiepiscopi
1273 636 1385 669 Leonis,
1401 636 1451 672 qui
1464 635 1639 663 cathedram
1651 635 1853 671 apostolicam
1867 642 1918 662 or-

1075 684 1137 713 nat,
1152 681 1266 717 expedit
1285 681 1374 708 etiam
1401 684 1433 707 ut
1454 680 1531 707 beati
1559 679 1656 716 Cyrilli
1672 679 1810 715 epistola,
1839 687 1919 715 quae

1075 728 1179 753 contra
1192 725 1358 753 Nestorium
1375 725 1497 760 scripta,
1512 725 1641 759 legatur.
1658 735 1671 748 η

1111 769 1181 797 Item
1193 769 1263 797 dicti
1280 769 1384 797 Leonis
1396 776 1483 805 papte
1498 768 1655 805 epistolam
1674 768 1712 796 de
1722 768 1847 796 duabus
1860 776 1918 795 na—

1075 813 1148 841 turis
1163 813 1193 841 in
1209 814 1333 845 Christo,
1350 813 1471 849 plenam
1491 813 1583 840 ﬁdem
1612 813 1818 841 continentem
1846 815 1918 840 tota

194 860 356 888 scientibus
370 861 510 896 antiquas
531 860 672 888 historias
696 860 872 891 innotescat,
896 867 1020 895 quoquo
1037 867 1057 893 Β
1075 859 1206 894 perfecta
1218 858 1354 894 synodus
1367 858 1473 885 devote
1495 858 1662 894 suspiciens
1675 861 1703 885 et
1716 856 1914 893 approbatis,

195 904 288 932 modo
303 904 341 932 de
355 904 456 932 multis
472 912 568 941 pauca
585 905 614 932 in
626 903 761 932 medium
775 904 964 931 adducimus.

229 949 335 977 Scribit
345 949 426 976 enim
442 951 497 977 Leo
515 957 596 985 papa
612 949 669 984 (i8)
696 948 884 983 congregatis
910 947 1020 975 sanctis

192 993 328 1021 Patribus
342 994 372 1022 in
387 997 496 1029 quarto
511 994 638 1021 consilio
659 994 717 1021 sic:
734 1004 747 1018 «
765 993 840 1020 Misit
863 992 951 1020 nobis
968 992 1021 1019 im—

191 1040 320 1074 perator,
337 1040 369 1066 ut
381 1038 542 1066 venerabili
552 1038 669 1074 synodo
679 1040 813 1065 nostram
829 1039 1018 1072 praesentiam

191 1082 412 1118 praeberemus;
427 1083 509 1118 quod
525 1082 649 1118 quidem
664 1090 719 1109 nec
732 1082 895 1109 necessitas
908 1084 1020 1116 tempo-

191 1127 242 1159 ris,
258 1135 313 1154 nec
330 1127 392 1154 ulla
416 1127 603 1154 consuetudo
628 1129 744 1162 poterat
767 1126 947 1162 permittere.
964 1126 1020 1152 Ta-

192 1178 263 1198 men
279 1170 310 1198 in
323 1170 369 1198 his
388 1170 529 1198 fratribus
545 1170 726 1198 Paschasino
749 1172 778 1197 et
801 1169 938 1197 Lucentio
955 1169 1019 1204 epi-

193 1215 302 1250 scopis,
332 1214 485 1242 Bonifacio
509 1217 537 1242 et
563 1214 671 1242 Basilio
691 1214 884 1250 presbyteris,
907 1214 959 1250 qui
981 1213 1020 1241 ab

193 1258 359 1295 apostolica
384 1258 456 1286 sede
479 1259 583 1286 directi
607 1262 687 1289 sunt.
708 1267 757 1286 me
777 1258 894 1294 synodo
921 1261 1020 1285 vestra

193 1303 364 1331 fraternitas
378 1303 524 1330 existimet
542 1303 703 1338 praesidere
717 1312 723 1330 :
740 1310 796 1331 nec
821 1303 988 1338 sejunctam
1003 1311 1021 1330 a

193 1347 280 1375 vobis
295 1348 486 1384 praesentiam
503 1356 604 1375 meam
620 1347 762 1378 conﬁdat,
776 1348 827 1384 qui
837 1355 917 1375 nunc
933 1347 963 1374 in
976 1347 1018 1374 vi-

194 1392 281 1420 cariis
291 1392 367 1419 meis
379 1392 499 1426 adsum,
515 1392 689 1426 etjamdum
700 1392 770 1420 fidei
782 1391 936 1419 catholica
947 1400 1019 1427 prte-

193 1436 343 1465 dicatione
352 1444 413 1464 non
424 1436 544 1465 desum.
558 1448 572 1461 ››
587 1439 640 1464 etc.
653 1437 707 1469 Qui
716 1437 803 1471 legati
813 1437 1019 1464 auctoritatem

193 1481 306 1509 summi
328 1480 479 1517 pontiﬁcis
507 1481 610 1514 functi,
651 1481 693 1508 sic
713 1481 744 1508 in
769 1480 894 1508 concilio
929 1480 1020 1508 locuti

193 1528 264 1554 sunt
275 1533 282 1553 Ζ

229 1600 244 1614 ‹‹
260 1590 283 1616 Α
297 1584 473 1617 beatissimo
491 1590 519 1615 et
533 1587 698 1624 apostolico
716 1587 859 1624 episcopo
872 1589 1017 1622 Romano,

192 1633 244 1670 qui
254 1635 298 1661 est
308 1631 542 1669 caputomnium
553 1631 761 1664 Ecclesiarum,
774 1631 918 1659 mandata
929 1631 1019 1659 habe-

192 1686 273 1712 mus,
285 1680 317 1705 ut
325 1677 496 1710 Dioscorus,
512 1676 684 1712 patriarcha
697 1676 895 1708 Alexandrite,
909 1676 939 1703 in
950 1684 1020 1703 con-

193 1722 260 1750 cilio
272 1729 332 1749 non
340 1721 453 1749 sedeat.
467 1721 554 1753 Quod
566 1721 588 1748 si
601 1720 713 1754 sedeat,
725 1720 900 1755 expellatur.
913 1731 920 1743 α
936 1722 1016 1754 Item,

193 1765 281 1800 legati
296 1765 367 1793 dant
382 1767 486 1792 contra
498 1765 672 1791 Dioscorum
687 1764 873 1795 sententiam,
891 1764 987 1798 rogati
1001 1772 1019 1791 a

193 1810 320 1838 concrlio
333 1809 390 1837 sic:
411 1821 420 1833 ι
439 1811 590 1844 Rogamus
605 1809 791 1836 sanctitatem
807 1811 947 1838 vestram.
967 1809 1019 1845 qui

191 1854 292 1882 locum
307 1853 446 1881 obtinetis
459 1852 637 1880 sanctissimi
669 1853 887 1888 archiepiscopi
904 1853 1018 1885 Leonis,

193 1901 226 1926 ut
235 1899 397 1926 sententias
412 1900 519 1925 contra
531 1905 610 1929 eum,
627 1899 654 1924 et
668 1905 773 1933 pmnas
799 1905 865 1933 quae
888 1897 917 1924 in
933 1906 1020 1925 cano-

192 1943 281 1971 nibus
290 1943 487 1977 continentur,
499 1941 681 1969 deﬁniatisin
694 1942 803 1977 ipsum.
828 1942 929 1969 Omnis
941 1942 1019 1969 enim

192 1990 220 2016 et
234 1989 295 2016 tota
310 1986 489 2015 universalis
509 1985 645 2022 synodus
672 1988 776 2013 vestrm
793 1986 945 2014 sententias
961 1995 1021 2014 non

199 2031 398 2061 discordabit.
409 2043 422 2056 n
432 2030 669 2064 Quideﬁnientes
680 2030 817 2058 dixerunt
830 2040 835 2057 :
849 2031 1023 2059 «Manifesta.

191 2078 268 2105 fiant
282 2076 423 2104 omnibus
443 2083 479 2103 ea
491 2083 557 2111 quae
572 2075 653 2110 dixit
678 2075 851 2102 Dioscorus.
868 2087 880 2099 η
903 2076 934 2102 Et
954 2070 1024 2111 post

192 2130 291 2158 pauca
305 2120 484 2149 sententiam
502 2110 624 2152 dantes,
642 2120 847 2155 deposuerunt
875 2110 961 2147 eum;
972 2110 1023 2147 Cu1

193 2166 344 2193 sententia:
364 2165 552 2192 concordans
565 2165 737 2200 patriarcha
753 2164 1020 2201 Constantinopoli-

1074 903 1105 930 in
1118 903 1267 939 episcopis
1283 902 1419 937 singulis,
1435 905 1465 930 et
1478 910 1530 938 per
1553 902 1688 936 singulos
1712 902 1783 929 dicit
1799 911 1806 929 :
1825 913 1839 926 «
1860 903 1918 929 Fa-

1075 950 1138 975 teor
1153 947 1311 984 epistolam
1326 947 1525 983 archipiscopi
1543 947 1637 975 nostri
1653 947 1759 974 Leonis
1785 951 1916 982 θροεῖς»

1073 992 1138 1020 licae
1162 992 1241 1019 sedis
1272 991 1462 1028 patriarcha.
1491 999 1656 1019 consonam
1684 999 1751 1019 esse
1780 991 1915 1018 editioni

1075 1039 1274 1064 trecentorum
1297 1037 1400 1064 decem
1428 1039 1457 1064 et
1483 1039 1551 1064 octo
1575 1037 1705 1069 Patrum,
1734 1036 1786 1072 qui
1807 1035 1840 1063 in
1867 1037 1917 1063 ΝΡ

1075 1088 1169 1115 caena,
1191 1084 1220 1108 et
1235 1083 1355 1108 centum
1370 1080 1604 1116 quinquaginta,
1622 1080 1674 1116 qui
1690 1080 1720 1107 in
1736 1080 1917 1107 Constanti-

1075 1125 1262 1160 nopolitana,
1277 1133 1332 1152 nec
1347 1132 1408 1152 non
1428 1125 1458 1152 in
1474 1125 1548 1160 ejus,
1565 1132 1633 1160 quae
1649 1124 1679 1151 in
1706 1123 1826 1160 Epheso
1851 1124 1916 1151 sub

1075 1170 1105 1196 Β.
1122 1169 1230 1204 Cyrillo
1244 1169 1300 1196 fuit
1314 1169 1476 1197 celebrata.
1491 1170 1523 1197 Et
1540 1169 1638 1196 eidem
1666 1168 1803 1204 epistola
1828 1175 1911 1195 con-

1075 1214 1170 1241 sentio
1183 1216 1212 1240 et
1226 1213 1394 1241 subscribo.
1411 1224 1425 1238 n

1110 1276 1163 1304 Alii
1178 1278 1279 1304 autem
1295 1285 1331 1304 ex
1344 1277 1417 1313 ipsis
1427 1279 1537 1305 vocant
1552 1284 1621 1304 eum
1648 1277 1821 1310 episcopum
1848 1284 1901 1304 om

1075 1322 1158 1348 nium
1179 1321 1396 1349 Ecclesiarum.
1413 1320 1562 1349 Nonnulli.
1578 1328 1700 1355 papam,
1728 1321 1837 1355 plures
1852 1328 1913 1355 pa-

1075 1369 1149 1394 trem
1165 1374 1251 1393 suum
1263 1374 1274 1394 .“
1287 1367 1343 1394 alii
1353 1366 1562 1400 patriam/tam
1574 1366 1796 1394 recumenirum.
1809 1365 1840 1392 id
1852 1369 1913 1397 est,

1075 1411 1285 1438 uniuersalem.
1299 1410 1427 1443 Quidam
1437 1419 1505 1437 vero
1519 1410 1670 1437 dominum
1682 1418 1781 1443 suum,
1792 1409 1915 1437 adden-

1074 1457 1120 1482 tes
1133 1455 1246 1491 plures,
1262 1455 1465 1489 apostolorum
1478 1455 1540 1482 sedi
1549 1454 1770 1489 prwsz’dentem,
1786 1457 1816 1481 et
1828 1455 1914 1481 simi-

1074 1496 1124 1531 lia,
1141 1508 1208 1535 quae
1224 1507 1317 1527 causa
1333 1499 1489 1526 brevitatis
1499 1499 1548 1527 hic
1562 1507 1623 1526 non
1637 1498 1789 1534 ponimus.
1808 1499 1842 1526 Et
1865 1501 1915 1526 ta-

1038 1539 1057 1566 C
1074 1551 1144 1571 men
1159 1544 1183 1571 si
1198 1543 1235 1571 de
1251 1543 1375 1578 singulis
1392 1543 1484 1571 velint
1499 1543 1655 1576 veriticari,
1667 1542 1769 1577 legant
1779 1543 1915 1570 concilia

1074 1587 1234 1622 generalia,
1252 1591 1280 1616 et
1296 1588 1426 1616 maxime
1442 1591 1583 1624 quartum
1605 1586 1777 1620 concilium,
1792 1588 1915 1615 Graeco—

1072 1641 1140 1660 rum
1163 1632 1307 1660 Chronica
1327 1631 1499 1668 inspiciam,
1515 1632 1567 1660 ubi
1591 1631 1739 1659 dictorum
1767 1632 1913 1659 omnium

1073 1676 1188 1712 absque
1200 1676 1293 1704 dubio
1313 1676 1461 1712 reperient
1476 1676 1643 1703 veritatem.

1098 1721 1346 1756 lte.npatriarcha
1355 1720 1706 1756 Constantinopolitanus
1714 1719 1752 1747 ad
1761 1720 1911 1747 eumdem

1072 1774 1185 1802 papam
1202 1767 1327 1793 Leonem
1343 1765 1528 1801 pontiﬁcem,
1540 1765 1592 1792 illa
1607 1764 1724 1792 scribit:
1744 1774 1757 1788 ι‹
1777 1765 1907 1793 Sanctis-

1074 1810 1150 1837 simo
1161 1813 1188 1837 et
1202 1809 1376 1837 beatissimo
1388 1809 1474 1843 Patri,
1492 1812 1567 1838 »etc.
1580 1810 1709 1837 Narratis
1725 1809 1784 1843 his,
1794 1817 1865 1845 quas!
1880 1811 1909 1837 in

1074 1854 1200 1881 concilio
1214 1857 1296 1888 gesta
1312 1853 1441 1886 fuerunt,
1457 1853 1543 1881 dicit:
1559 1866 1573 1879 «
1590 1855 1711 1890 Oportet
1725 1853 1791 1881 haec
1802 1854 1911 1881 omnia

1074 1899 1111 1926 ad
1125 1899 1261 1926 notitiam
1277 1898 1441 1926 sanctitatis
1464 1901 1520 1926 tuae
1548 1899 1712 1934 pervenire,
1734 1899 1912 1926 necessario

1075 1944 1195 1971 mittens
1208 1952 1242 1971 ea
1256 1943 1323 1971 illuc
1340 1951 1392 1979 per
1403 1943 1504 1977 talem,
1529 1946 1557 1970 et
1572 1943 1660 1970 talem
1686 1943 1881 1979 episcopum,
1899 1955 1911 1966 ιι

1076 1990 1132 2015 etc.
1154 1989 1184 2014 Et
1204 1987 1298 2015 infra:
1315 1999 1327 2012 ιι
1343 1989 1412 2020 Qum
1436 1995 1488 2023 per
1510 1995 1561 2015 eos
1589 1987 1747 2014 manifesta
1764 1987 1913 2017 facimus.

1075 2035 1216 2067 optamus
1231 2034 1262 2059 ut
1277 2040 1329 2067 per
1351 2040 1529 2068 prosperam
1546 2031 1787 2067 responsionem,
1814 2040 1914 2067 quam

1076 2084 1129 2102 vos
1144 2075 1237 2107 decet,
1255 2077 1310 2103 Meti
1327 2077 1363 2103 ad
1374 2084 1429 2103 nos
1438 2077 1572 2110 redeant,
1588 2075 1747 2103 laudantes
1760 2077 1789 2103 in
1811 2077 1912 2104 omni-

1076 2119 1133 2147 bus
1146 2120 1319 2148 charitatem
1335 2123 1363 2147 et
1377 2121 1596 2156 providentiam
1625 2123 1731 2147 vestrae
1747 2120 1911 2148 beatitudi-

1075 2164 1131 2194 uis,
1147 2171 1237 2200 quam
1252 2172 1323 2199 erga
1340 2165 1443 2192 sedem
1459 2165 1549 2199 hujus
1563 2165 1651 2200 regiae
1665 2164 1756 2199 urbis,
1779 2168 1912 2200 paterna

193 2214 292 2242 tauus,
310 2213 338 2238 et
353 2213 414 2237 tota
439 2208 593 2245 synodus:
611 2221 623 2233 ιι
645 2210 714 2244 Ego,
730 2212 779 2241 ait,
802 2217 847 2239 ea,
862 2217 929 2245 quis
945 2217 1020 2245 apo—
1037 2210 1059 2237 D
1076 2215 1194 2243 semper
1212 2209 1410 2236 consuevistis
1426 2208 1623 2236 sollicitudine
1637 2209 1759 2236 habere.
1777 2220 1790 2233 »ι
1817 2210 1850 2236 Et
1865 2210 1910 2237 in-

193 2253 317 2282 stolicus
335 2254 459 2282 thronus
475 2261 528 2290 per
541 2254 646 2281 omnia
659 2254 757 2287 sentit,
781 2254 882 2288 sentio,
895 2257 934 2284 .et
949 2261 1018 2281 con-

193 2298 289 2328 sentio
301 2298 423 2334 deponi,
443 2309 456 2323 »
469 2301 524 2326 etc.

228 2345 299 2371 ltem
316 2343 373 2370 Leo
388 2351 469 2381 papa
482 2343 561 2370 dicto
574 2342 752 2378 patriarehte
769 2343 809 2369 sic
828 2342 929 2370 scribit
944 2351 949 2369 :
962 2343 1018 2370 «De

191 2387 322 2424 Eutyche
336 2395 395 2415 non
412 2387 622 2422 cognovimus,
645 2395 706 2422 qua
720 2386 836 2422 justitia
852 2395 867 2414 a
883 2395 1019 2414 comnm-

189 2433 278 2461 nione
291 2435 335 2460 est
347 2432 706 2468 separatus.Quapropter
720 2439 904 2465 cognnsccre
925 2431 1021 2458 volen—

186 2481 230 2507 tes
237 2477 273 2506 de
280 2476 529 2510 causa,volumus
542 2476 583 2503 tui
595 2475 663 2503 facti
675 2475 822 2502 rationem
829 2483 1021 2509 cognoscere»

187 2526 221 2552 ut
233 2522 338 2551 omnia
353 2520 590 2558 suspendantur,
606 2528 701 2555 usque
724 2520 761 2547 ad
788 2522 921 2547 nostram
948 2520 1017 2547 noti-

187 2569 268 2596 tiam.
281 2566 432 2600 Quoniam
451 2574 518 2597 nos,
536 2565 589 2600 qui
604 2564 743 2592 volumus
761 2563 951 2591 sacerdotum
967 2565 1021 2591 Uo-

187 2611 351 2648 minijusta
367 2618 434 2638 esse
447 2608 574 2644 judicia,
592 2615 651 2635 non
666 2614 832 2643 possumus
842 2615 901 2634 non
919 2608 1021 2643 cogni-

187 2656 223 2684 tis
237 2654 370 2683 rebusin
385 2652 598 2691 prtejudicium
615 2651 741 2687 alicujus
759 2651 852 2688 partis
866 2651 941 2679 ferre
953 2658 1021 2679 sen‘

221 2784 278 2820 (18)
293 2784 375 2820 Epist
389 2785 433 2818 47,
448 2783 486 2811 ad
502 2782 654 2818 synodum
670 2781 960 2809 Chalcedonensem.

1074 2252 1164 2280 iram
1188 2253 1300 2280 Etenim
1324 2254 1409 2280 sedes
1437 2254 1770 2289 Constantinopolitana
1786 2257 1908 2289 patrem

1073 2296 1164 2325 habet
1174 2298 1371 2332 apostolicum
1385 2298 1526 2325 thronum
1537 2301 1680 2325 vestrum.
1696 2298 1777 2325 Unde
1790 2306 1909 2334 eaquae

1074 2342 1102 2369 in
1114 2345 1218 2369 sancta
1227 2343 1344 2378 synodo
1354 2343 1541 2370 consecutive
1551 2346 1635 2376 gesta
1645 2345 1713 2370 sunt
1722 2342 1910 2371 conﬁrmare

1074 2386 1258 2419 dignemini:
1274 2395 1327 2413 nec
1340 2395 1398 2414 non
1413 2386 1589 2420 deﬁnitioni,
1601 2387 1637 2414 de
1649 2395 1710 2422 qua
1722 2387 1839 2414 dictum
1851 2391 1909 2421 est,

1075 2430 1166 2466 hujus
1183 2430 1518 2467 Constantinopolitanm
1535 2432 1625 2459 sedis.
1641 2441 1655 2457 ἰ

1112 2476 1144 2502 Et
1159 2475 1217 2502 ﬁne
1232 2475 1321 2502 totius
1344 2475 1412 2503 dicti
1442 2476 1559 2503 concilii
1589 2484 1625 2503 ex
1654 2479 1737 2512 parte
1764 2477 1907 2504 omnium

1076 2519 1229 2551 scribunt;
1245 2520 1287 2547 sic
1303 2520 1340 2547 ad
1355 2521 1494 2548 eumdem
1513 2523 1679 2554 narrantes,
1696 2529 1763 2556 quin
1780 2521 1808 2548 ἱι.
1835 2531 1907 2549 mu-

1075 2564 1141 2592 cilio
1157 2567 1240 2599 gesta
1253 2567 1332 2597 sunt,
1348 2567 1376 2592 et
1391 2565 1649 2592 confirmationem
1661 2565 1838 2592 eorumdem
1855 2575 1895 2601 [ιο

1075 2608 1230 2636 stulantes.
1248 2609 1353 2636 Dicunt
1377 2617 1447 2643 ergo
1462 2618 1468 2636 :
1486 2623 1498 2634 (ι
1527 2610 1699 2637 Beatissimo
1724 2613 1753 2636 et
1778 2612 1894 2638 sanctis

1075 2653 1161 2688 simo,
1182 2664 1195 2677 η
1210 2656 1265 2681 etc.
1281 2655 1312 2680 Et
1341 2656 1425 2689 post:
1443 2665 1456 2678 α
1488 2654 1642 2690 Repletum
1665 2657 1708 2681 est
1730 2655 1844 2689 gaudio
1869 2664 1904 2682 os
