1948 3079
23 142 64 168 533

699 135 838 163 CONTRA
856 135 1017 165 GRECOS.

1657 137 1714 166 53‘

22 204 150 231 nostrum,
166 201 195 227 et
209 199 313 234 lingua
341 199 444 226 nostra
472 197 681 225 exsultatiOne.
696 208 710 221 υ
735 198 769 224 Et
788 198 834 225 in-
848 200 872 226 Α
890 199 1108 234 ambigutatem
1120 200 1262 229 immisit:
1288 203 1389 229 utrum
1409 201 1547 229 videlicet
1564 203 1616 229 tua
1638 201 1714 229 bea-

22 248 70 274 fra:
81 257 93 269 α
105 246 199 277 Quam
213 243 307 271 ﬁdem
323 245 354 271 tu
367 243 458 270 veluti
473 250 603 270 aureum
611 242 724 270 flumen
737 250 835 278 usque

23 291 54 318 ad
63 297 113 317 nos
123 290 275 324 praecepto
293 287 454 315 conditoris
476 287 642 315 deductum
667 287 834 321 custodisti,

22 334 144 362 omnibus
152 333 233 360 beati
251 334 324 360 Petri
338 332 493 367 interpres,
523 331 571 359 vel
589 331 741 366 expositor
767 339 836 359 con-

24 380 133 407 stitutus.
146 378 230 405 Unde
243 384 300 404 n0s
314 380 340 404 te
350 379 496 412 tanquam
518 377 672 403 auctorem
697 375 768 403 boni
779 395 783 398 .
796 375 836 404 ad

25 423 158 451 utilitatem
179 424 307 453 utentes,
320 423 430 448 sortem
450 420 584 448 veritatis
604 419 672 447 ﬁliis
697 420 834 448 Ecclesia:

25 468 264 495 demonstramns.
279 476 289 490 ι
308 465 398 492 Infra:
416 478 428 491 ι
444 465 471 492 Si
484 464 564 492 enim
579 464 631 491 ubi
661 467 732 492 sunt
761 465 832 499 duo,

24 512 61 539 vel
69 515 120 538 tres
130 510 307 545 congregati
322 510 352 536 in
373 510 494 537 nomine
508 509 584 544 ejus,
601 508 631 535 id
645 511 699 543 est,
719 508 780 541 Dei,
794 508 835 536 ibi

25 556 85 584 dixit
96 563 124 583 se
137 563 203 583 esse
218 555 251 582 in
278 554 387 588 medio,
415 556 560 589 quantam
585 555 674 588 putas
689 553 768 580 circa
782 553 836 580 du-

26 604 106 628 centos
115 599 217 635 viginti
225 601 400 627 sacerdotes
408 598 658 626 inhabitationem
666 597 832 632 ostendere,

27 649 47 672 et
68 644 304 679 familiaritatem,
325 651 392 679 quae
422 643 510 670 etiam
551 643 588 675 (9)
619 642 781 677 patientiae.
807 645 835 670 et

26 689 114 723 labori,
126 689 303 723 cognitioni,
320 696 386 723 quae
403 687 432 714 in
449 687 636 715 confessione
651 686 746 722 ipsius
761 694 835 722 praa-

27 736 178 770 posnerunt,
192 733 308 769 quibus
324 735 355 760 tu
370 733 471 768 utique
481 734 514 759 ut
526 735 617 767 caput
627 731 834 759 membrorum

27 778 187 814 praesidebas
195 778 209 805 ?
221 787 237 803 ›

54 824 80 850 Et
90 822 205 850 infra:«
220 821 357 849 Dioscori
369 820 556 848 Alexandriae
575 820 707 856 praesulis
727 827 835 847 causas

890 243 995 275 titudo,
1011 251 1046 271 ea
1059 252 1127 279 quae
1143 244 1173 272 in
1188 245 1306 280 synodo
1323 248 1429 274 sancta
1439 245 1518 273 edita
1533 248 1612 278 sunt,
1642 253 1713 273 con-

889 287 1061 316 ﬁrmaverit.
1075 289 1107 316 Et
1118 291 1240 324 propter
1252 289 1317 318 hinc
1334 292 1432 318 vestra
1446 289 1613 317 reverentia
1637 289 1713 316 litte-

888 339 938 359 ras
954 331 1228 368 mitteredignetur,
1239 341 1293 369 per
1314 342 1392 370 quas
1413 333 1554 362 omnibus
1579 333 1712 361 ecclesiis

889 378 918 403 et
929 376 1048 411 populis
1063 379 1169 404 notum
1184 377 1230 410 sit,
1243 378 1394 412 universa,
1408 386 1476 414 quae
1491 379 1522 405 in
1535 380 1642 406 sancta
1663 385 1713 413 sy-

889 421 970 448 nodo
981 423 1066 455 gesta
1090 425 1170 456 sunt,
1191 430 1209 450 a
1232 425 1284 450 tua
1307 423 1493 451 beatitudine
1517 430 1582 450 esse
1606 421 1714 450 conﬁr-

889 468 979 494 mata.
998 465 1073 494 Illud
1085 469 1196 500 tamen,
1213 470 1245 495 ut
1259 467 1386 496 decebat
1407 468 1582 504 episcopum
1595 469 1714 503 aposto-

887 509 952 537 licae
967 510 1058 544 sedis,
1081 513 1133 538 tua
1159 512 1302 540 sanctitas
1324 512 1499 540 excellenter
1520 512 1604 547 dixit,
1629 511 1714 548 quod

889 555 1108 584 ecclesiasticos
1122 564 1254 584 canones
1271 565 1464 590 conservans,
1481 557 1554 585 nihil
1577 557 1616 584 ab
1638 557 1713 584 anti-~

888 607 950 635 qua
976 600 1191 628 consuetudine
1214 601 1243 628 in
1266 601 1453 629 ordinatione
1475 601 1546 629 olim
1574 601 1666 634 edita,
1685 603 1714 629 et

888 643 1046 677 immobili,
1061 652 1156 680 usque
1173 645 1264 673 hodie
1290 645 1499 681 perseveranti,
1527 645 1641 682 aliquid
1661 653 1714 681 pa.-

888 687 1017 716 tiebatur
1027 688 1171 716 diminui:
1189 701 1202 713 ››
1218 691 1251 718 Et
1266 689 1394 724 infra:,«
1418 692 1491 719 Cum
1517 693 1618 718 autem
1643 697 1701 718 con

887 731 1050 760 ﬁrmaverit
1059 733 1236 762 catholicam
1245 734 1335 762 fidem
1346 737 1374 762 et
1385 743 1489 763 veram
1500 734 1710 770 orthodoxam,

887 777 1030 805 noveritis
1046 778 1288 807 Chalcedonense
1302 779 1473 815 concilium,
1486 779 1628 808 omnibus
1652 779 1712 816 epi-

889 822 987 858 scopis
1008 823 1278 858 consentientibus,
1300 824 1393 852 fnisse
1423 827 1566 853 secutam.
1591 826 1713 860 Propter

28 867 198 902 depositionis
209 868 397 901 exponentes
411 865 486 893 inter
497 865 591 892 multa
613 864 777 892 intulerunt
797 864 835 891 de
850 872 870 899 Β
888 866 956 900 hoc,
969 867 1052 902 quod
1067 870 1095 895 et
1110 871 1161 895 tua
1184 869 1404 904 venerabilitas,
1432 870 1571 905 proprias
1590 872 1619 897 et
1646 876 1710 905 spe-

28 912 95 938 vinea
109 910 233 945 Domini,
250 913 281 938 et
293 910 414 937 custode
429 909 506 944 ejus.
527 911 653 944 Insuper
674 908 832 944 inquiunt:

29 958 114 983 Contra
128 956 227 991 ipsum
245 955 344 982 vineae
373 954 539 988 custodem,
565 953 616 989 qui
640 961 658 980 a
681 952 834 980 Salvatore

27 1001 162 1036 deputatus
176 1002 223 1027 est
236 1001 350 1030 custos,
367 998 517 1026 insaniam
530 1005 617 1025 suam
633 996 772 1030 ostendit,
789 996 833 1024 di-

29 1045 103 1071 cimus
114 1044 219 1071 scilicet
237 1043 429 1070 sanctitatem
450 1045 533 1070 tuam
544 1045 573 1069 et
596 1041 834 1069 incommunica~

28 1089 96 1115 bilem
111 1097 176 1115 eum
187 1088 241 1124 qui
253 1095 365 1123 cat-pus
380 1086 514 1114 Ecclesia:
524 1086 607 1113 unire
621 1085 764 1113 sollicitus
777 1089 830 1119 est,

29 1134 163 1162 meditatus
176 1133 232 1161 fuit
257 1133 364 1160 facere.
383 1144 396 1157 η
416 1131 537 1160 Etinfra
549 1140 555 1158 :
568 1143 581 1156 ιι
598 1133 635 1158 Ea
650 1131 748 1166 igitur,
764 1139 832 1167 quae

27 1179 161 1206 deﬁnimus
175 1178 215 1205 ad
233 1177 430 1205 remotionem
453 1176 543 1204 totius
574 1175 768 1208 confusionis,
793 1175 832 1202 ad

28 1224 98 1250 robur
107 1231 173 1250 vero
196 1221 410 1249 ecclesiasticae
432 1219 630 1248 ordinationis
655 1220 777 1255 propria
803 1222 832 1247 et

28 1268 179 1300 amicabilia,
188 1267 225 1295 ad
234 1267 376 1295 decorem
385 1273 528 1299 congrua,
537 1265 671 1292 stabilire
686 1264 829 1298 digneris,

29 1313 189 1340 sanctissime
204 1315 233 1340 et
247 1312 420 1339 beatissime
434 1312 526 1337 Pater.
553 1311 628 1337 Nam
642 1309 683 1343 hi,
710 1308 762 1344 qui
784 1308 830 1336 lo—

29 1361 161 1384 cumtuum
171 1357 312 1385 obtinent
321 1355 502 1383 sanctissimi
512 1353 830 1390 episcopiPaschasius

29 1404 47 1427 et
60 1402 212 1435 Lttcentius,
225 1405 255 1428 et
271 1400 311 1434 hi,
328 1400 379 1436 qui
395 1407 462 1427 cum
476 1399 518 1426 eis
529 1398 632 1425 directi
652 1397 829 1433 presbyteri,

30 1446 169 1474 Bonifacius
182 1449 211 1474 et
228 1445 364 1479 Basilius,
382 1444 469 1471 dictis
494 1442 721 1471 definitionibus
751 1442 828 1470 forti-

30 1492 59 1516 ter
68 1491 239 1520 assisterunt.
255 1489 390 1517 volentes
405 1496 540 1524 prorsus,
557 1490 588 1514 ut
603 1487 659 1515 hoc
675 1487 791 1514 bonum
810 1495 828 1513 a

29 1538 104 1562 vestra
123 1534 312 1570 providentia
340 1532 509 1568 incipiatur,
539 1543 553 1556 ››
584 1534 637 1558 etc.
662 1532 694 1558 Et
715 1531 745 1558 in
769 1531 827 1558 ﬁne

30 1578 137 1611 ejusdem
152 1580 192 1606 sic
221 1578 399 1614 quuitur:«
423 1578 456 1604 Ut
476 1578 576 1603 autem
608 1575 720 1608 sciatis,
745 1574 828 1610 quod

31 1630 73 1650 non
86 1623 118 1650 ad
132 1624 268 1658 gratiam.
288 1625 339 1650 aut
352 1622 388 1649 ad
400 1621 503 1649 odium
515 1620 674 1647 fecerimus
689 1619 828 1654 alicujus,

30 1668 66 1694 sed
88 1672 223 1704 tanquam
239 1668 343 1696 divino
360 1669 433 1694 nutu
449 1665 607 1700 gubernati
622 1667 649 1692 et
663 1664 764 1692 directi
781 1671 828 1691 su-

31 1719 88 1741 inus.
98 1716 197 1741 cuncta
212 1712 301 1740 vobis
317 1713 467 1746 gestarum
480 1717 580 1736 rerum
598 1712 669 1736 nota
688 1708 827 1742 facimus,

30 1759 77 1783 uta
90 1757 176 1788 vobis,
191 1765 261 1793 qua:
278 1759 364 1791 gesta
381 1756 460 1784 sunt;
473 1756 653 1787 statuantur,
679 1752 827 1780 roboren—

31 1803 70 1828 tur.
87 1804 110 1828 et
127 1802 338 1829 concedantur.
358 1812 372 1824 ι»
393 1798 504 1826 Pariter
523 1797 665 1834 quaedam
686 1796 827 1824 consimi-

30 1844 64 1875 Ita,
75 1848 121 1873 etc.

56 1889 231 1926 Imperatores
248 1898 318 1918 vero
335 1889 409 1916 I’etri
431 1888 636 1915 auctoritatem
663 1889 690 1914 et
714 1893 829 1913 succes-

30 1941 106 1961 sorum
121 1936 180 1971 ejus
191 1943 252 1963 non
268 1935 451 1969 ignorantes,
465 1932 503 1960 ad
523 1931 665 1958 eumdem
699 1932 824 1957 Leonem

31 1976 58 2003 ita
70 1980 205 2007 scribunt:
220 1991 232 2004 «
250 1979 380 2006 Victores
404 1976 637 2007 Valentinianus,
660 1978 688 2002 et
707 1974 827 2002 Marcia-

29 2028 78 2051 nus.
104 2023 219 2057 gloriosi
250 2023 491 2059 triumphatores,
537 2027 656 2055 semper
689 2020 825 2052 Augusti,

30 2068 184 2097 sanctissimo
226 2068 302 2096 Patri
342 2070 369 2095 et
394 2065 555 2094 venerabili
597 2064 826 2100 archiepiscopo

30 2108 111 2139 Leoni:
127 2114 338 2141 Beatitudinem
351 2116 433 2140 tuam
448 2110 572 2146 syllabis
587 2112 695 2136 nostrae
719 2109 826 2136 sereni-

30 2155 79 2181 tatis
111 2157 290 2185 velocissime
315 2157 410 2184 valere
436 2158 595 2190 optamus:
630 2153 824 2189 inquirentes,

30 2203 121 2228 Ulcura
145 2202 356 2238 omnipotentis
376 2200 434 2229 Dei.
452 2202 619 2227 vestrarum
644 2197 823 2233 precumin-

30 2246 132 2272 tet-ventu
148 2247 230 2274 nobis
241 2245 434 2278 concedatur,
447 2245 487 2272 ita
514 2246 545 2271 ut
571 2243 620 2278 pia
649 2245 677 2269 et
696 2241 824 2277 pacifica

30 2294 70 2314 sua
85 2291 302 2324 magnificentia,
317 2290 421 2318 omnia
446 2295 594 2324 prospera
617 2289 644 2314 et
658 2289 760 2322 optata
772 2294 824 2313 no-

30 2336 73 2358 stro
89 2334 201 2369 imperio
220 2335 384 2363 concedere
404 2334 552 2365 dignetur.
571 2331 709 2359 Miramur
730 2331 822 2358 maxi-

30 2379 153 2411 mhquod
166 2383 232 2415 pOst
243 2379 393 2415 synodum
413 2376 699 2408 Chalcedonenscm,
727 2377 755 2402 et
776 2374 822 2402 Iit-

29 2422 86 2447 teras
103 2424 306 2451 venerabilium
326 2424 549 2459 episcoporum,
570 2420 618 2456 qui
641 2420 679 2447 ad
694 2422 777 2447 tuam
790 2419 820 2447 in

29 2461 73 2490 Deo
85 2468 230 2496 amicitiam
253 2469 351 2496 missae
381 2470 460 2500 sunt,
485 2474 538 2502 per
563 2473 639 2501 quas
666 2464 769 2492 otnnia
789 2464 818 2491 in

29 2506 76 2540 ipsa
89 2510 165 2544 facta,
180 2514 263 2540 vobis
275 2513 499 2540 nuntiaverunt:
517 2517 711 2546 nequaquam
724 2517 741 2535 a
769 2511 819 2536 tua

31 2554 155 2583 sanctitate
168 2557 237 2584 tales
244 2557 345 2585 litterae
355 2557 452 2584 missae
464 2559 542 2589 sunt,
553 2563 621 2591 quae
642 2551 777 2581 videlicet
787 2553 816 2580 in

30 2598 191 2628 sanctissimis
205 2601 335 2629 ecclesiis
359 2600 443 2627 lectie
466 2598 504 2626 ad
521 2598 658 2625 omnium
680 2596 815 2624 notitiam

31 2643 193 2676 ptrt‘euirent,
223 2653 274 2681 pro
302 2643 505 2681 quorumdam
539 2642 712 2671 animabus,
747 2648 814 2675 quae

32 2682 166 2718 Em.VChetis
187 2696 306 2724 pravam
329 2689 428 2717 adhuc
452 2687 625 2724 opinionem
653 2689 813 2717 sectantur,

56 2777 100 2810 ιω)
110 2780 192 2809 Locus
205 2786 368 2819 corruptus.

889 911 978 939 ciales
994 911 1180 939 velocissime
1193 913 1299 946 mittat,
1314 920 1366 948 per
1376 921 1453 949 quas
1467 913 1645 942 conﬁrmare
1657 921 1709 942 ves

887 956 995 992 ipsam,
1011 964 1078 992 quae
1093 957 1124 984 in
1140 957 1375 985 Chalcedonensi
1388 958 1536 986 celebrata
1549 960 1603 992 est,
1619 966 1710 994 syno-

888 1000 960 1028 dum
988 1001 1232 1029 manifestissime
1253 1002 1433 1030 ostendatis:
1458 1005 1490 1030 ut
1511 1010 1566 1030 nec
1589 1002 1641 1036 illi,
1657 1002 1710 1038 qui

887 1045 1067 1079 desiderant,
1078 1045 1314 1080 ignominiosam
1324 1047 1440 1082 possint
1450 1047 1562 1075 habere
1575 1047 1710 1083 aliquam

887 1089 1090 1124 suspicionem
1106 1089 1144 1117 de
1151 1090 1264 1125 judicio
1281 1093 1336 1118 tum
1359 1091 1520 1119 sanctitatis
1546 1091 1649 1125 gloria,
1680 1091 1710 1119 id

887 1137 941 1167 est,
951 1135 1032 1170 quod
1043 1138 1092 1162 tua
1101 1134 1244 1163 sanctitas
1253 1135 1290 1163 de
1298 1136 1355 1170 his,
1362 1144 1430 1171 quae
1438 1135 1711 1171 actasunt,jndicat

886 1187 952 1206 esse
966 1179 1139 1206 tenendum.
1152 1190 1167 1204 »
1179 1181 1239 1207 Hoc
1256 1181 1358 1208 autem
1365 1180 1444 1213 dicit,
1451 1180 1524 1216 quia
1533 1180 1596 1208 sine
1603 1180 1710 1209 conﬁr-

886 1224 1019 1252 matione
1030 1231 1128 1260 papre,
1143 1224 1186 1252 vel
1194 1224 1363 1259 legatorum
1372 1224 1449 1260 ejus,
1464 1225 1608 1253 infectum
1619 1232 1710 1260 nego-

886 1268 958 1296 tium
973 1268 1149 1296 habebatnr.
1160 1269 1219 1297 Ista
1229 1271 1330 1297 autem
1336 1277 1405 1306 quas
1411 1269 1552 1306 diximus,
1564 1269 1710 1305 colligun-

887 1314 932 1340 tur
947 1321 982 1340 ex
999 1314 1031 1340 IV
1045 1313 1181 1341 concilio

923 1356 979 1384 Sed
987 1364 1024 1384 ne
1036 1356 1188 1392 aliquibus
1200 1357 1347 1390 videatur,
1360 1358 1444 1394 quod
1454 1361 1576 1395 propter
1597 1358 1709 1388 dictam

885 1401 1100 1434 definitionem,
1114 1402 1226 1429 editam
1240 1402 1271 1430 in
1286 1405 1454 1431 memorato
1477 1403 1612 1439 concilio,
1634 1403 1709 1440 quid

885 1445 1021 1473 videatur
1031 1445 1224 1474 imminutum
1235 1446 1272 1474 de
1285 1449 1431 1482 potestate
1443 1455 1540 1483 papa,
1557 1447 1595 1475 de
1605 1455 1709 1476 conse—

883 1490 1045 1526 quentibus
1053 1490 1196 1523 conciliis,
1204 1499 1272 1527 qua;
1279 1491 1373 1519 multo
1380 1492 1604 1527 postcelebrata
1628 1495 1707 1526 sunt,

846 1549 866 1576 Ο
885 1535 985 1570 aliqua
999 1542 1217 1571 proponamus.
1236 1536 1268 1562 In
1284 1538 1367 1563 sexta
1393 1536 1474 1564 enim
1497 1537 1615 1572 synodo
1640 1537 1707 1572 (21)),

883 1587 952 1615 qua
964 1579 1020 1606 sub
1029 1587 1109 1615 papa
1117 1579 1281 1615 Agathone,
1292 1582 1425 1616 tempore
1436 1580 1621 1608 Constantini
1628 1581 1708 1616 prin-

885 1624 970 1659 cipis,
986 1627 1013 1651 et
1033 1623 1166 1656 Ileraclii,
1194 1626 1222 1651 et
1246 1624 1351 1652 Tiberii
1370 1624 1496 1652 fratrum
1520 1632 1654 1658 suorum,
1677 1625 1709 1653 in

884 1669 957 1696 urbe
966 1668 1231 1704 Constantinopoli,
1240 1671 1343 1697 contra
1349 1669 1552 1697 Monothelitas
1558 1669 1708 1698 celebrata

882 1715 935 1745 est,
952 1714 1048 1740 Patres
1063 1713 1115 1748 qui
1130 1715 1340 1746 convenerant,
1350 1714 1558 1742 auctoritatem
1566 1714 1708 1750 principis

884 1757 1092 1793 apostolorum
1100 1765 1161 1785 non
1169 1758 1351 1793 ignorantes,
1362 1758 1398 1786 de
1406 1758 1595 1786 successione
1601 1759 1706 1795 ipsius,

883 1802 911 1829 in
923 1805 1030 1830 octava
1050 1802 1182 1830 sessione
1197 1802 1262 1838 ejus
1272 1802 1339 1830 libri
1354 1802 1426 1831 talia
1437 1803 1568 1831 fatentur
1587 1806 1616 1832 et
1638 1804 1706 1832 scri-

882 1847 968 1875 bunt.
1003 1847 1167 1874 Demetrius
1181 1846 1351 1884 [Domitius]
1368 1848 1530 1884 episcopus
1562 1848 1708 1877 Phisiadis

884 1891 1068 1927 [PrusiadOs]
1085 1891 1209 1920 civitatis
1232 1892 1273 1920 ita
1290 1892 1375 1920 dicit:
1392 1902 1407 1919 ‹
1421 1892 1623 1921 Relationibus
1634 1893 1707 1921 mis-

883 1936 924 1963 sis
949 1936 988 1964 ab
1012 1935 1178 1972 apostolica
1198 1939 1225 1964 et
1250 1936 1408 1972 principali
1434 1937 1504 1965 sede
1530 1937 1708 1974 antiquioris

882 1982 993 2013 Romae,
1009 1980 1038 2008 id
1052 1984 1095 2008 est
1110 1980 1276 2014 Agathone,
1294 1981 1332 2009 ad
1351 1989 1369 2009 a
1396 1983 1455 2009 Deo
1477 1985 1655 2010 coronatum
1679 1985 1708 2011 et

881 2025 1074 2053 mitissimum
1083 2025 1240 2052 dominum
1251 2028 1388 2053 nostrum
1401 2033 1546 2060 magnum
1560 2026 1706 2055 Victorem

880 2070 1103 2106 imperatorem,
1112 2072 1257 2104 tanquam
1273 2077 1290 2097 a
1306 2070 1415 2105 Spiritu
1426 2072 1529 2097 sancto
1540 2069 1637 2102 editis,
1651 2078 1705 2106 per

881 2122 914 2141 os
931 2114 1034 2146 sancti,
1051 2116 1080 2140 et
1101 2113 1245 2148 principis
1269 2113 1476 2149 apostolorum
1497 2113 1583 2147 Petri,
1605 2116 1635 2142 et
1651 2122 1705 2150 per

880 2158 1006 2192 digitum
1017 2157 1049 2184 B.
1063 2157 1212 2184 benedicti
1223 2165 1320 2193 papae,
1331 2157 1495 2192 Agathonis
1506 2157 1634 2194 scriptis,
1647 2166 1703 2194 ego

879 2202 1034 2235 assentior,
1049 2204 1077 2230 et
1091 2202 1133 2229 sic
1152 2202 1250 2235 credo,
1280 2204 1309 2229 et
1327 2202 1369 2230 sic
1395 2201 1500 2235 sentio,
1522 2202 1598 2231 istas
1624 2203 1703 2232 duas

879 2250 997 2274 ucstras
1011 2246 1180 2274 voluntates
1194 2245 1225 2274 in
1241 2246 1353 2274 Christo
1369 2246 1468 2274 unitas
1482 2254 1629 2282 personis,
1642 2251 1699 2277 etc.

914 2291 1182 2324 ltem,Theodorus
1206 2291 1367 2327 episcopus
1395 2291 1570 2319 Berissensis
1599 2293 1702 2322 Arme-

876 2335 947 2363 nias:
961 2347 974 2360 ‹‹
987 2337 1045 2371 Ego
1056 2335 1181 2363 audiens
1189 2335 1348 2364 relationes
1360 2335 1469 2363 missas
1483 2335 1523 2363 ad
1537 2335 1700 2366 Dominum

877 2383 1012 2408 nostrum
1024 2380 1288 2414 benignissimum,
1306 2388 1324 2408 a
1337 2380 1422 2408 Patre
1434 2382 1548 2413 nostro,
1565 2382 1700 2410 Romano

875 2433 957 2461 papa
967 2425 1131 2460 Agathone,
1144 2427 1173 2453 et
1181 2424 1391 2453 auctoritatum
1400 2432 1468 2460 quae
1478 2424 1509 2452 in
1518 2424 1593 2460 ipsis
1602 2425 1699 2453 ferun-

875 2472 931 2501 tur,
942 2469 1137 2497 intentionem
1151 2469 1292 2504 capiens;
1314 2469 1414 2502 credo,
1429 2468 1505 2496 sicut
1519 2468 1613 2496 credit
1634 2469 1698 2504 ipse

874 2513 959 2541 Pater
974 2517 1074 2541 noster
1096 2522 1175 2550 papa
1203 2514 1379 2550 antiquioris
1405 2515 1517 2541 Romae.
1537 2524 1551 2538 ››
1562 2515 1593 2541 In
1615 2513 1697 2541 hunc

872 2558 997 2585 modum
1013 2566 1119 2586 omnes
1143 2558 1276 2594 episcopi
1296 2560 1512 2593 consurgentes
1538 2557 1695 2586 dixerunt:

872 2614 886 2627 (ι
901 2605 958 2631 Nos
969 2611 1074 2630 omnes
1086 2603 1136 2630 illa
1146 2603 1307 2636 credimus,
1320 2606 1348 2631 et
1357 2603 1439 2631 illam
1448 2603 1538 2630 fidem
1547 2606 1694 2637 tenemus,

871 2650 899 2675 et
912 2647 999 2675 istam
1016 2648 1179 2683 sequimur,
1195 2658 1205 2671 ›
1223 2650 1278 2675 etc.
1295 2649 1327 2675 Et
1341 2648 1467 2683 peractis
1478 2647 1531 2675 rite
1553 2647 1695 2675 omnibus

870 2691 1029 2719 referentes
1047 2693 1104 2720 IIeo
1116 2692 1236 2726 gratias,
1254 2694 1387 2728 etpapaa,
1400 2691 1451 2728 qui
1466 2699 1517 2719 eos
1532 2691 1638 2720 direxit
1655 2691 1694 2720 ad

904 2781 962 2815 (20)
982 2782 1060 2808 Conc
1076 2782 1106 2807 VI
1124 2783 1182 2808 act.
1197 2783 1223 2807 8.
