1948 3079
215 136 266 165 535

818 133 1057 163 PANTALEONIS
1076 133 1218 164 DIACONI
1238 136 1291 165 ΟΡ.

1891 144 1948 171 53E

213 199 332 227 bonum
354 198 386 227 in
407 198 529 227 laudem
555 197 659 234 ipsius,
684 199 780 226 totum
798 197 958 226 concilium
984 197 1042 225 ista
1056 197 1080 224 A
1097 199 1162 225 tur:
1178 199 1323 235 «Propter
1335 207 1429 236 quam
1442 209 1567 232 causam
1577 203 1667 232 nobis
1678 204 1874 238 necessario,
1887 203 1948 232 fra:

215 244 354 280 scripsit:
371 255 385 268 ‹‹
411 243 606 271 Sanctissimo
630 245 659 271 et
681 243 894 277 beatissimo,»
931 245 987 270 etc.
1010 244 1042 270 Et

216 288 310 316 infra:
327 299 342 314 «
359 288 441 316 Unde
455 290 483 315 et
496 295 552 316 nos
563 295 668 316 omnes
685 288 747 321 tibi,
760 290 906 324 tanquam
932 287 1040 323 princi-

216 333 278 369 pali
292 333 356 361 sedi
371 332 506 360 Ecclesia:
516 332 606 360 totius
621 332 711 365 orbis,
738 332 821 368 quod
844 334 961 367 gestum
986 333 1038 365 est,

217 377 416 410 attribuimus,
424 377 471 405 vel
477 377 692 405 committimus
699 377 915 413 supraﬁrmam
922 379 1039 414 petram

215 422 286 450 ﬁdei
300 422 398 455 stanti,
414 421 578 458 litterisque
588 429 607 450 a
620 424 713 450 vestra
721 422 903 450 beatitudine
919 422 957 450 ad
968 422 1040 458 piis-

216 467 329 495 simum
348 467 561 502 imperatorem
576 466 685 499 missis,
713 466 743 494 in
759 467 868 503 quibus
881 474 952 494 vera
971 475 1040 495 con-

214 512 304 540 fessio
315 511 492 545 continetur,
509 511 635 539 libenter
651 512 868 545 consensimus,
880 520 949 548 quae
978 514 1040 540 tan-

214 564 309 593 quam
325 556 540 593 summolapice
555 556 760 592 apostolorum
771 557 933 591 enuntiata,
950 565 1041 593 agne-

215 601 337 630 scimus.
352 612 368 627 κ

253 650 323 675 item
339 649 478 681 Joannes,
500 647 662 683 episcopus.
682 648 1038 684 Constantinopolitanus,

217 692 412 720 Constantino
427 700 515 728 papae
525 692 566 720 ita
577 692 695 720 scribit:
709 704 723 717 «
737 694 939 726 Sanctissimo,
954 705 968 718 ››
983 696 1038 722 etc.

218 736 251 764 Et
266 736 359 764 infra:
373 748 388 761 ‹‹
403 736 480 765 Licet
499 745 560 764 suae
578 737 739 765 divinitatis
761 740 788 765 et
812 738 950 774 potentiae
965 739 1040 766 indi-

219 780 299 809 cium
309 781 409 816 ipsam
419 781 659 815 magnitudinem
674 781 841 815 ereationis,
853 791 920 818 quae
929 783 958 810 in
974 783 1039 810 visi-

217 826 329 854 bilibus
342 827 394 858 est,
410 826 510 862 posuit
525 827 601 854 Deus
615 835 620 853 :
633 826 782 862 praecipue
801 829 901 855 tamen
926 828 955 855 in
977 835 1040 864 pre-

219 870 382 898 tiosissima
401 870 534 898 sensibili
557 872 701 904 creatura,
727 871 785 898 hoc
807 874 860 901 est.
886 871 914 899 in
937 874 1040 900 nostro
1056 874 1075 900 Β

217 915 373 951 plasmate,
388 915 448 947 illa,
460 923 527 951 quas
541 923 602 942 suae
617 915 719 950 glorise
736 918 764 943 et
784 916 937 952 sapientiae
958 920 1037 950 sunt,

216 959 442 987 demonstravit.
457 961 497 987 Ex
513 967 574 996 quo
583 959 671 987 etiam
691 959 902 988 admirandam
913 969 978 989 esse
991 962 1040 990 Dei

215 1004 396 1040 sapientiam
411 1004 560 1040 Propheta
575 1004 754 1033 exclamavit
766 1005 841 1041 ipse.
863 1007 966 1042 Itaque
986 1015 1038 1034 no-

215 1051 283 1076 sine
294 1051 408 1076 naturze
425 1048 565 1076 Conditor
576 1049 709 1084 diligenti
725 1050 898 1085 operatione
910 1051 960 1078 toti
977 1059 1038 1079 cor~

215 1093 280 1129 pori
297 1095 386 1129 caput
399 1093 574 1129 praeposuit,
592 1093 622 1121 in
642 1101 704 1129 quo
723 1094 946 1129 perfectionem,
977 1096 1038 1123 sive

215 1138 414 1173 integritatem
430 1145 573 1165 sensuum
593 1146 760 1174 apponens,
779 1139 841 1166 sive
861 1140 1036 1174 attribuens,

215 1189 338 1210 omnem
353 1182 422 1209 inde
442 1181 626 1218 reliquorum
650 1182 855 1210 membrorum
875 1186 990 1212 motum
1012 1187 1039 1213 et

214 1226 428 1262 perfectionem
440 1226 503 1253 fieri
519 1228 547 1254 et
565 1226 734 1254 conservari
750 1227 826 1258 fecit,
839 1227 880 1255 ita
895 1231 927 1255 ut
942 1228 965 1255 si
988 1229 1040 1256 lio-

213 1278 281 1298 rum
288 1271 412 1307 aliquod
420 1270 532 1298 offendi
539 1270 702 1305 contigerit.
714 1271 927 1299 autaliomoio
936 1272 1038 1307 affligi,

213 1322 276 1343 non
297 1315 360 1342 sine
377 1314 530 1351 provisine
551 1323 655 1342 eorum
685 1323 757 1342 cura
786 1316 822 1343 sit
849 1317 956 1352 posita,
986 1317 1040 1345 sed

214 1359 305 1388 etiam
317 1357 537 1394 innovissimis,
554 1359 707 1393 membris,
720 1359 781 1387 sive
791 1359 901 1388 viribus
920 1363 1040 1390 natura-

214 1404 274 1432 lem
288 1404 529 1440 compassionem
550 1404 687 1436 ostendit,
701 1412 754 1440 per
765 1412 910 1432 manuum
928 1406 1039 1434 submi~

214 1448 421 1476 nistrationem
437 1450 465 1476 et
479 1448 635 1476 oculorum
655 1449 862 1484 pervisionem
882 1449 1038 1484 ducatum,

217 1495 351 1528 sanatur,
364 1493 446 1530 quod
462 1493 604 1521 afﬂictum
620 1495 663 1521 est
674 1496 701 1522 et
712 1494 810 1528 dolet;
835 1502 896 1522 non
918 1495 1038 1530 injuria-

217 1539 273 1572 tur,
287 1538 422 1575 despicit,
436 1541 486 1566 aut
501 1539 594 1574 rejicit
606 1538 715 1566 borum
735 1539 976 1576 cooperationem
994 1541 1040 1568 vel
1056 1547 1076 1574 ί]

217 1583 359 1615 officium,
376 1585 519 1619 tanquam
530 1583 641 1611 inutile.
655 1585 687 1611 Et
698 1584 744 1611 his
758 1584 869 1620 itaque,
886 1592 952 1620 quae
963 1586 1042 1613 circa

216 1630 347 1655 vestram
359 1628 551 1663 praesentiam
563 1630 643 1661 sunt,
652 1628 800 1656 habemus
814 1629 985 1664 parabolice
1000 1630 1040 1658 lo-

218 1672 280 1708 qui,
291 1680 308 1699 o
318 1672 516 1700 sanctissime.
529 1674 599 1700 Nam
608 1681 677 1700 cum
687 1674 950 1708 caputsacerdotii.
960 1675 1042 1710 quod

219 1716 249 1743 in
265 1716 378 1743 Christo
393 1719 445 1752 est,
463 1716 607 1744 canonice
618 1725 672 1744 vos
685 1725 749 1744 esse
764 1720 949 1752 reputamus,
972 1727 1042 1746 con-

220 1767 292 1793 grue
303 1760 466 1795 qumriinus
478 1768 532 1795 per
546 1769 599 1787 vos
613 1761 756 1788 auxilium
773 1761 879 1793 dolori,
900 1762 951 1797 qui
973 1771 1043 1790 con-

220 1804 315 1838 tingit,
327 1806 354 1831 et
368 1804 503 1832 tristitiae.
522 1804 724 1832 Ecclesiastico
738 1813 808 1840 ergo
818 1806 944 1841 corpori,
961 1807 1041 1842 quod

220 1848 251 1875 in
266 1848 354 1875 nobis
364 1851 417 1884 est,
433 1852 555 1884 propter
565 1849 754 1884 pestilentem
763 1853 790 1877 et
799 1851 968 1879 morbidum
978 1851 1041 1887 pla-

220 1901 291 1928 gam
307 1893 476 1921 animarum
497 1902 514 1921 a
545 1894 699 1929 tyrannica
721 1896 865 1930 potestate
888 1895 1040 1933 inflictam,

221 1937 456 1965 consolationem
475 1938 590 1966 mittite.
610 1940 731 1966 Prorsus
755 1939 834 1967 enim
846 1940 958 1968 ratione
974 1949 1043 1977 pro-

220 1982 354 2018 prietatis
368 1983 483 2018 capitis,
497 1983 734 2018 nosinconsulte,
749 1984 793 2011 vel
808 1992 867 2011 non
878 1985 1043 2013 voluntarie

219 2026 387 2054 infirmatos
411 2035 470 2054 non
493 2027 676 2062 despiciatis,
700 2036 796 2064 neque
817 2029 1001 2058 identitatcm
1027 2039 1045 2058 a

220 2073 330 2099 natura
344 2071 438 2107 obliti,
454 2071 602 2106 repellatis
618 2080 672 2099 nos
689 2072 753 2107 (2t),
768 2073 818 2100 sed
839 2074 934 2107 magis
946 2074 1043 2109 plagis

219 2116 329 2144 nostris
347 2116 540 2144 condoleatis.
555 2117 628 2145 Cum
640 2117 718 2145 enim
734 2119 849 2152 patitur
859 2127 949 2146 unum
959 2127 1044 2147 mem-

222 2161 352 2195 brorum,
379 2161 545 2188 secundum
575 2161 655 2189 Pauli
679 2170 793 2196 vocem,
823 2164 1045 2198 compatiuntur

1097 243 1156 270 tres
1170 242 1247 271 adeo
1259 243 1462 280 honorabiles,
1478 251 1657 284 praesentem
1672 249 1804 277 litteram
1826 249 1948 276 mani-

1095 286 1177 315 festa:
1192 288 1376 318 certitudinis
1387 291 1526 321 misimus
1543 293 1638 326 vobis,
1664 296 1691 321 et
1718 293 1948 327 Ostendimus,

1095 339 1187 367 quam
1199 332 1236 360 sit
1246 333 1437 369 importabile
1445 337 1565 371 pondus
1575 338 1683 374 plagae,
1695 340 1823 374 propter
1845 337 1948 374 quod

1094 378 1123 404 et
1136 385 1230 413 usque
1246 377 1285 406 ad
1299 381 1427 408 vestram
1436 382 1817 417 sanctitatem,secundum
1843 384 1948 418 quod

1095 421 1185 457 exigit
1199 423 1384 452 consuetudo
1396 425 1552 460 synodalis
1567 427 1774 461 attestationis,
1784 435 1846 455 seu
1864 436 1948 464 pro-

1095 466 1293 501 clamationis,
1310 467 1448 498 devenire
1463 471 1686 508 prohibeamur,
1702 472 1874 508 tyrannice
1887 473 1948 502 de-

1095 512 1176 545 tenti,
1189 523 1203 537 ›ι
1212 517 1267 544 etc,

1132 559 1226 592 Quem
1237 560 1267 588 in
1278 561 1412 591 favorem
1422 564 1557 592 Ecclesiae
1570 566 1746 601 ponendum
1764 566 1945 595 decretum

1096 603 1290 639 Constantini,
1305 608 1386 643 quod
1396 611 1464 644 post
1480 612 1632 646 receptam
1651 611 1780 646 gratiam
1802 611 1837 639 in
1856 611 1945 640 urbe

1096 649 1231 677 Romana
1246 650 1334 679 beato
1348 653 1432 680 Petro
1446 655 1474 681 et
1484 655 1571 690 Papte
1582 656 1813 684 successoribus
1826 656 1946 684 condi-

1096 692 1148 727 dit,
1165 696 1192 721 et
1204 696 1265 723 tam
1289 696 1396 724 Latinis
1426 706 1517 734 quam
1548 699 1654 728 Gl‘tEciS
1681 701 1784 729 litteris
1810 702 1945 729 cunctis

1095 737 1234 767 fidelibus
1246 740 1275 768 in
1291 743 1402 770 {eterna
1418 744 1562 772 memoria
1574 744 1701 781 reliquit.
1719 746 1834 774 Scribit
1850 747 1945 774 enim

1096 791 1156 811 Sic:

1273 839 1470 876 Privilcgz‘um
1486 842 1679 871 Constantini
1693 844 1763 879 (ἓέ).

1131 920 1144 933 ‹‹
1157 911 1361 939 Necessarium
1371 912 1542 947 jndicamus
1553 922 1623 942 cum
1638 915 1780 943 omnibus
1792 917 1941 952 satrapis

1094 955 1204 981 nostris
1216 957 1244 982 et
1257 958 1317 983 toto
1333 957 1480 993 consultu,
1494 960 1521 986 et
1532 959 1718 995 principibus
1735 962 1764 987 et
1794 961 1938 996 populo,

1094 998 1146 1034 qui
1161 1001 1204 1027 est
1215 999 1271 1027 sub
1285 1003 1429 1036 potestate
1449 1003 1591 1031 Romanae
1616 1003 1766 1038 Ecclesiae,
1793 1007 1830 1032 ut
1853 1005 1941 1033 sicut

1094 1045 1214 1070 sanctus
1228 1045 1328 1072 Petrus
1342 1053 1377 1073 ex
1391 1053 1519 1081 persona
1533 1047 1629 1075 ﬁdelis
1644 1049 1692 1075 Dei
1703 1050 1747 1076 est
1770 1048 1804 1076 in
1837 1051 1938 1081 terra,

1094 1087 1136 1114 sic
1147 1088 1280 1124 episcopi
1294 1092 1321 1116 et
1334 1098 1520 1118 successores
1535 1092 1678 1128 principis
1699 1092 1939 1128 apostolorum,

1094 1133 1270 1168 potestatem
1287 1134 1317 1161 in
1333 1137 1410 1162 terra
1423 1135 1555 1164 habeant
1577 1136 1684 1172 magis,
1708 1145 1807 1172 quam
1832 1138 1941 1174 impe-

1095 1176 1171 1203 rium
1183 1180 1320 1205 nostrum
1337 1178 1438 1212 glorise
1450 1182 1569 1208 nostrae.
1588 1182 1619 1208 Et
1639 1181 1696 1209 hoc
1711 1189 1908 1210 concessum
1923 1192 1942 1211 a

1094 1221 1194 1255 nobis,
1209 1224 1237 1249 et
1249 1221 1288 1250 ab
1304 1223 1430 1259 imperio
1446 1227 1549 1252 nostro
1563 1227 1591 1252 et
1602 1225 1741 1253 volumus
1755 1234 1814 1254 nos
1826 1227 1941 1263 ipsum

1094 1266 1261 1302 principem
1276 1268 1529 1303 apostolorum,et
1541 1278 1729 1298 successores
1738 1271 1807 1306 ejus
1818 1279 1856 1299 ex
1870 1280 1941 1308 per-

1096 1318 1168 1338 sona
1179 1311 1252 1346 ejus,
1269 1313 1383 1348 primos
1396 1313 1435 1341 ad
1450 1315 1543 1342 Deum
1559 1316 1659 1342 Patres
1674 1323 1739 1342 esse
1763 1318 1792 1343 et
1823 1317 1940 1344 defen~

1095 1363 1187 1384 sores.
1204 1358 1235 1384 Et
1251 1357 1325 1385 sicut
1340 1358 1503 1394 imperialis
1523 1362 1653 1395 potestas
1674 1363 1777 1388 nostra
1796 1361 1828 1388 in
1853 1364 1941 1390 terra

1094 1403 1250 1429 Veneratur
1266 1405 1294 1430 et
1308 1402 1536 1436 honoratur,sic
1549 1404 1706 1440 faciamus,
1721 1407 1753 1433 ut
1764 1409 1940 1435 veneretur

1094 1450 1122 1475 et
1136 1447 1298 1474 lionoretur
1314 1449 1448 1476 Romana
1460 1448 1597 1481 Ecclesia,
1611 1451 1638 1477 et
1649 1449 1747 1485 magis
1763 1458 1866 1486 quam
1881 1451 1939 1479 im—

1095 1492 1210 1528 perium
1220 1494 1367 1520 nostrum.
1382 1494 1412 1520 Et
1424 1495 1567 1521 aeternam
1594 1494 1695 1521 sedem
1712 1497 1856 1523 sanctam
1882 1505 1938 1524 ca-

1096 1537 1232 1564 thedram
1249 1537 1327 1564 beati
1344 1537 1417 1564 Petri
1434 1538 1576 1565 volumus
1603 1539 1763 1573 glorificari
1793 1544 1826 1567 et
1847 1541 1937 1568 exalo

1098 1581 1152 1609 tari
1166 1582 1286 1609 :dantes
1297 1581 1323 1608 ei
1337 1583 1524 1617 potestatem,
1537 1585 1565 1610 et
1576 1583 1677 1617 gloriae
1688 1583 1889 1618 dignitatem.
1914 1589 1943 1613 et

1099 1626 1300 1654 discernentes
1311 1627 1464 1654 sancimus
1477 1630 1508 1655 ut
1523 1627 1634 1655 habeat
1648 1630 1830 1663 potestatem
1851 1631 1941 1664 prin-

1100 1671 1237 1706 cipalem,
1255 1674 1282 1698 et
1296 1671 1331 1698 sit
1342 1672 1408 1706 ipsa
1423 1674 1512 1707 caput
1525 1674 1655 1708 quatuor
1674 1673 1806 1703 sedtum.
1820 1674 1943 1703 scilicet

1100 1715 1178 1742 sedis
1194 1715 1392 1749 Alcxaudrite,
1409 1716 1581 1750 Antiochiae,
1594 1715 1898 1754 Hierosolymorum,
1915 1722 1942 1747 et

1101 1760 1379 1796 Constantinopolis.
1394 1762 1426 1788 Et
1436 1761 1569 1788 similiter
1584 1761 1613 1789 in
1627 1761 1770 1789 omnibus
1787 1762 1942 1791 Ecclesiis

1100 1805 1190 1832 totius
1207 1805 1287 1832 orbis
1301 1805 1469 1841 episcopus,
1487 1806 1538 1841 qui
1553 1806 1639 1834 estin
1660 1810 1765 1834 sancta
1792 1808 1945 1836 Romana

1100 1849 1228 1877 Ecclesia
1241 1849 1380 1877 sacerdos
1391 1850 1504 1877 mutuli.
1518 1850 1703 1886 thuidquid
1716 1852 1760 1878 est
1767 1851 1809 1878 ad
1818 1854 1943 1881 sancti-

1099 1898 1200 1927 tttem,
1217 1894 1263 1921 vel
1283 1893 1436 1922 utilitatem
1453 1894 1555 1929 Dei,et
1575 1895 1802 1928 correctionem,
1835 1900 1869 1925 et
1894 1898 1946 1925 tir-

1100 1940 1233 1967 mitatcm
1249 1938 1316 1966 fidei
1329 1938 1575 1973 Christianorum,
1590 1942 1623 1966 ut
1635 1939 1674 1967 ab
1688 1939 1941 1976 ipsojudicetur.

1100 1985 1215 2011 Justum
1228 1985 1271 2010 est
1287 1983 1377 2017 enim,
1392 1984 1424 2010 ut
1438 1983 1478 2010 ibi
1491 1986 1597 2012 saneta
1610 1983 1779 2011 luxhabeat
1793 1990 1899 2021 caput
1913 1990 1939 2014 et

1100 2028 1291 2064 principium,
1303 2027 1355 2062 qui
1365 2030 1486 2054 sanctus
1501 2027 1672 2062 Legislator,
1685 2028 1714 2055 id
1726 2030 1780 2059 est,
1794 2029 1943 2058 Salvator

1100 2075 1201 2100 noster
1213 2073 1298 2099 Jcsus
1314 2071 1446 2099 Christus
1460 2072 1548 2099 beato
1565 2072 1749 2107 Petrojussit
1766 2076 1877 2102 tenere
1895 2084 1942 2103 ca—

1100 2117 1247 2147 thedram.
1264 2119 1292 2144 et
1307 2116 1395 2144 etiam
1411 2116 1462 2144 ubi
1478 2117 1649 2152 passionem
1665 2117 1810 2145 sustinuit
1822 2121 1940 2153 crucis,

1100 2165 1126 2190 et
1141 2162 1237 2189 beatze
1251 2161 1354 2189 mortis
1370 2161 1492 2188 calicem
1506 2161 1590 2196 bibit,
1609 2162 1703 2189 factus
1718 2161 1862 2191 imitator
1885 2167 1940 2193 Ma-

220 2205 327 2232 merito
340 2206 440 2232 omnia
450 2206 582 2237 membra
592 2207 625 2233 ⁵³.
641 2208 722 2233 Nunc
733 2207 821 2241 igitur
835 2210 862 2234 et
876 2216 1043 2241 recursum,
1063 2225 1084 2252 υ
1101 2207 1182 2241 gistri
1197 2209 1224 2233 et
1240 2205 1355 2233 Domini
1371 2205 1426 2240 sui,
1449 2209 1478 2232 et
1493 2208 1524 2232 ut
1536 2206 1647 2233 ibidem
1663 2209 1768 2241 gentes
1784 2207 1942 2236 inclinent

221 2249 323 2285 quoad
339 2250 496 2278 sanitatem
510 2251 557 2284 sit,
571 2250 611 2278 ad
633 2251 849 2279 restitutionem
879 2253 1043 2288 perfectam

219 2294 308 2322 nobis
320 2295 472 2322 concedite
483 2295 656 2330 justissime.
669 2297 700 2323 Et
710 2296 850 2329 maxime,
862 2297 985 2333 quando
1001 2298 1044 2326 in-

218 2340 345 2368 ﬁrmitas
359 2341 547 2368 occasionem
568 2349 628 2369 non
645 2341 708 2369 sine
724 2350 815 2370 causa
840 2343 972 2379 corporis
996 2345 1044 2372 sui

219 2384 452 2412 stabilimentum
460 2386 676 2421 acceperit,sed
688 2386 725 2414 ad
737 2387 921 2414 extrinsecus
940 2391 1043 2416 coacto

218 2431 247 2457 et
259 2429 641 2465 improvisoimpensa,sive
653 2438 758 2458 casum
770 2439 858 2459 suum
866 2432 1042 2467 acceperit.»

253 2474 361 2502 Postea
373 2476 470 2502 mutat
484 2482 654 2510 personam,
674 2475 746 2511 quia
760 2475 892 2512 loquitur
906 2476 1040 2510 concilio,

216 2520 298 2555 quod
312 2523 548 2554 congregaverat
564 2528 652 2556 papa,
673 2523 795 2556 propter
811 2520 948 2548 eamdem
973 2529 1042 2548 cau-

216 2571 292 2598 sam,
310 2563 346 2591 de
362 2571 423 2599 qua
437 2563 485 2591 hic
506 2564 604 2599 igitur.
621 2565 731 2592 scilicet
744 2567 865 2600 propter
880 2565 1040 2592 Iconoma-

215 2607 300 2643 chos,
310 2607 418 2637 scilicet
430 2607 655 2644 impugnatores
665 2609 842 2643 imaginum.
853 2609 921 2636 Inde
934 2609 1037 2637 subdi-

251 2724 275 2743 "
295 2723 379 2752 lCor.
393 2725 444 2757 xii,
460 2727 505 2753 29.

252 2785 308 2857 €21)
330 2787 422 2814 Locus
433 2786 581 2826 obscurus
597 2789 625 2815 et
638 2786 815 2815 mendosus.

264 2822 308 2857 22)
328 2822 592 2851 HaecConstanttni
607 2823 730 2852 donatio
744 2823 815 2852 ﬁdei

1100 2251 1198 2287 capita
1214 2258 1268 2278 sua
1288 2252 1410 2286 propter
1436 2249 1656 2278 confessionem
1686 2250 1824 2279 nominis
1856 2254 1942 2281 Cliri~

1100 2296 1148 2327 sti,
1176 2296 1226 2323 ubi
1248 2295 1352 2322 doctor
1375 2302 1479 2322 eorum
1506 2295 1613 2322 beatus
1633 2295 1745 2323 Paulus
1769 2299 1939 2332 apostolus

1099 2343 1221 2377 propter
1236 2340 1384 2367 Christum
1400 2339 1564 2367 extendens
1590 2341 1747 2373 cervicem,
1780 2349 1938 2371 coronam

1099 2384 1384 2421 martyriisuscepit,
1402 2386 1430 2412 et
1443 2392 1539 2420 usque
1554 2384 1582 2412 in
1599 2385 1690 2413 tinem
1705 2386 1815 2413 mundi
1835 2387 1884 2415 ibi
1897 2397 1941 2416 re-

1098 2430 1218 2466 quirant
1233 2429 1397 2463 doetorem,
1408 2428 1459 2456 ubi
1473 2431 1646 2458 sanctorum
1661 2430 1796 2466 reliquiae
1812 2433 1939 2469 requie~

1098 2476 1193 2502 scunt.
1205 2485 1220 2499 ››

1133 2521 1165 2547 Et
1178 2519 1253 2546 infra
1267 2528 1272 2546 :
1292 2530 1302 2543 ‹
1321 2520 1441 2554 Propter
1455 2518 1512 2546 hoc
1527 2519 1595 2546 utile
1610 2519 1811 2554 aestimamus,
1835 2521 1937 2558 impe-

1096 2565 1172 2592 rium
1182 2565 1316 2591 nostrum
1327 2566 1354 2590 et
1365 2564 1530 2599 potentiam
1543 2564 1658 2600 imperii
1672 2564 1709 2591 ad
1717 2566 1820 2600 partes
1833 2567 1937 2594 orien-

1096 2609 1168 2637 tules
1185 2608 1347 2641 transferri,
1368 2607 1440 2636 etin
1460 2608 1611 2643 regionem
1637 2609 1782 2645 Byzantii,
1811 2610 1839 2637 iu
1870 2611 1937 2639 loco

264 2822 308 2858 22)
328 2822 592 2851 HaecConstantini
607 2823 730 2852 donatio
744 2823 836 2852 ﬁdem
850 2831 912 2853 non
928 2826 1058 2854 meretur
1078 2826 1107 2854 et
1119 2832 1137 2853 a
1151 2823 1261 2853 criticis
1276 2823 1419 2852 omnibus
1432 2821 1622 2860 reprobatur.
