1948 3079
45 131 88 157 537
745 128 883 158 CONTRA
905 129 1060 158 GRECOS.

1700 131 1752 159 538

44 191 100 220 utili
114 190 275 219 civitatem
287 191 424 227 condere,
440 192 468 220 et
491 191 652 228 imperium
667 194 804 221 nostrum
818 193 871 221 ibi-
888 195 911 221 Α
926 192 1010 229 quod
1021 192 1112 228 legati
1127 192 1211 221 missi
1226 193 1265 221 ab
1280 200 1316 221 ea
1331 193 1617 230 Constantinopolim
1630 201 1751 222 summo

44 237 107 265 dem
122 235 291 264 collocare.
306 236 455 269 Quoniam
465 236 517 265 ubi
527 239 570 264 est
580 237 762 273 principium
777 245 872 266 sacer-

45 282 122 314 dotii,
139 283 166 308 et
183 283 284 317 caput:
294 281 465 309 Christiante
496 281 647 316 religionis
663 290 681 310 a
695 283 772 317 Rege
785 282 872 310 coelo-

46 334 106 354 rum
118 325 284 359 traditum,
294 325 454 361 indignum
464 327 517 360 est,
532 328 565 354 ut
590 325 632 354 ibi
659 334 712 355 rex
737 329 873 356 terrenus

46 370 150 399 habeat
164 372 365 406 potestatem.
379 381 393 395 »

78 416 140 443 Haec
156 416 185 443 et
200 414 254 442 his
273 414 386 443 slmilia
401 414 634 451 quamplurima
643 415 833 444 continentur
842 416 873 444 in

47 460 118 487 dicto
132 458 298 495 privilegio
313 459 505 494 Constantini,
520 460 603 496 quod
625 460 665 489 ad
685 460 832 489 honorem
845 462 873 489 et

46 503 240 533 reverentiam
257 506 458 532 sacrosanctae
480 506 624 533 Romamre
654 505 802 539 Ecclesiae,
822 505 872 534 illo

46 552 171 584 tempore
185 549 305 576 Graecis
320 551 349 577 et
360 549 479 582 Latinis,
491 551 523 577 ut
540 549 654 578 dictum
683 551 737 583 est,
767 550 872 578 litteris

47 593 257 630 promulgavit.
270 595 333 622 Hoc
346 596 445 622 tamen
456 602 474 622 a
484 594 644 630 semetipso
668 603 730 623 non
755 595 871 628 habuit,

47 639 92 666 sed
103 646 171 666 cum
182 641 268 666 esset
276 641 348 666 tunc
359 641 493 675 tempore
511 639 797 673 Christianissimus,
808 648 874 668 san-

47 686 152 711 ctorum
172 685 382 711 trecentorum
398 683 501 711 decem
518 685 546 711 et
560 683 757 717 octo;Patrum
778 684 875 712 conci-

46 728 231 755 liointeresse
247 729 360 756 meruit
374 727 420 755 vel
440 728 570 760 studuit;
592 730 620 756 et
631 729 737 756 eodem
766 729 875 765 Spiritu

47 780 99 807 quo
113 774 140 800 et
150 771 210 808 ipsi
239 771 335 808 pleni,
359 772 460 800 sedem
483 772 691 808 apostolorum
719 773 873 808 principis,

47 818 124 852 prout
139 817 170 844 in
187 817 357 851 Evangelio
371 825 389 845 a
403 816 531 845 Domino
547 817 703 852 didicerat,
716 817 746 845 in
761 817 874 845 honore

49 861 162 896 dignam
178 869 248 889 esse
265 862 408 890 decrevit.
418 862 460 889 lbi
476 862 555 890 enim
567 861 701 897 praedicti
713 862 809 890 sancti
825 863 874 890 Pa-
891 871 910 897 Β

47 909 96 933 tres
104 906 340 941 praerogativam
351 906 527 940 dignitatem
542 905 677 933 Ecclesiis
691 913 744 942 per
760 906 875 934 univer-

50 959 106 977 sum
125 951 235 978 orbem
272 951 491 986 dispensantes,
520 951 689 978 Romanam
715 950 875 979 Ecclesium

50 1002 105 1022 esse
112 996 205 1031 caput
213 995 358 1023 omnium
368 995 565 1023 Ecclesiarum
583 995 613 1022 in
625 995 686 1022 suis
696 995 876 1023 deﬁnierunt

50 1039 214 1073 sententiis;
230 1041 324 1075 prout
339 1039 369 1067 in
395 1039 593 1076 prreallegatis
622 1039 753 1067 conciliis
777 1047 876 1067 neces-

50 1083 116 1110 sario
129 1084 365 1120 comprobatur.

81 1128 131 1155 Sed
145 1131 173 1156 et
200 1128 314 1164 reliqui
336 1129 530 1165 imperatores
551 1128 709 1156 orthodoxi
734 1129 875 1157 thronum

52 1171 272 1200 Petriomnibus
285 1172 350 1200 aliis
361 1173 563 1209 praeferentes,
573 1173 648 1200 tales
671 1172 708 1200 de
718 1173 786 1208 ipsa
795 1173 875 1208 leges

52 1216 263 1245 condiderunt:
284 1217 464 1253 «Volumus,
489 1220 522 1246 ut
545 1217 644 1245 omnis
674 1217 756 1251 regio
784 1219 874 1246 eccle-

53 1261 160 1290 siastica
167 1263 406 1290 consuetudines
415 1264 554 1290 Romanis
565 1261 701 1290 Ecclesiae
710 1262 850 1291 imitetur.
859 1276 872 1289 υ

54 1306 78 1332 Et
91 1305 193 1334 iterum
207 1315 213 1334 :
230 1319 241 1331 ε
264 1307 378 1334 Dictam
393 1308 493 1334 sedem
507 1306 591 1335 omni
611 1306 725 1334 honore
749 1307 872 1341 dignam

55 1349 242 1385 decrevimus,
260 1352 334 1387 quia
361 1351 507 1388 quidquid
524 1352 560 1379 ad
576 1350 788 1379 correctionem
802 1352 873 1381 ﬁdei

55 1397 164 1429 spectat,
180 1397 222 1424 ab
238 1396 293 1424 illa
305 1397 375 1424 sede
391 1396 445 1424 fuit
457 1404 576 1432 semper
599 1397 762 1432 receptum,
780 1405 874 1426 corre-

57 1442 124 1467 ctum
134 1443 161 1468 et
175 1441 386 1469 emendatum.
402 1452 415 1465 υ

85 1485 147 1516 Quae
166 1489 282 1514 cuncta
317 1486 341 1513 si
356 1485 483 1520 diligens
507 1486 599 1514 lector
618 1487 764 1516 discutere
783 1487 873 1521 volet,

62 1528 178 1557 inveniet
202 1530 256 1558 illa
287 1530 352 1562 tr’ia,
377 1538 444 1566 quae
473 1531 503 1558 in
525 1531 672 1567 principio
687 1532 771 1560 istius
783 1531 875 1568 partis
890 1545 910 1572 ρ

61 1572 164 1602 fuerant
178 1574 319 1610 quaesita,
340 1582 404 1602 esse
431 1575 537 1603 soluta.
564 1576 705 1605 Videlicet
730 1585 791 1612 quo
803 1578 876 1604 tem-

61 1625 121 1652 pore
131 1619 270 1647 Romana
296 1619 424 1648 Ecclesia
448 1619 553 1648 habuit
578 1621 666 1649 istam
689 1623 874 1657 potestatem,

60 1661 98 1688 rel
109 1670 124 1689 ει
136 1671 207 1698 quo,
219 1666 249 1691 et
260 1665 361 1691 utrum
373 1671 463 1699 super
474 1672 581 1692 omnes
603 1665 817 1700 universaliter,
829 1664 877 1692 vel

61 1707 267 1740 particulariter
281 1715 372 1743 super
384 1707 513 1744 aliquos.
543 1710 629 1742 Quod
658 1710 766 1737 iterum
789 1717 875 1745 repe-

59 1751 143 1778 tentes
151 1751 283 1780 dicimus
298 1761 304 1780 :
318 1752 404 1785 Quod
413 1753 620 1781 auctoritatem
632 1754 738 1782 habuit
749 1753 878 1781 Ecclesia

61 1795 200 1831 aChristo,
217 1797 372 1825 mediante
388 1798 481 1831 Petro,
497 1798 545 1826 cui
561 1806 633 1827 cura
648 1798 785 1826 omnium
794 1797 876 1834 spiri-

62 1839 173 1868 tualium
193 1841 364 1877 specialiter
375 1837 623 1878 singularitcrque
635 1843 689 1871 fuit
699 1842 875 1871 commissa:

65 1885 274 1913 exsecutionem
284 1888 382 1913 tamen
406 1887 571 1922 potestatis,
584 1886 878 1915 velauctoritatisha-

63 1925 104 1954 bet
113 1929 238 1957 Ecclesia
249 1938 267 1957 a
278 1930 376 1965 primo
386 1930 511 1958 concilio
522 1932 623 1959 Nicmze
633 1931 781 1959 celebrato
806 1931 874 1965 (23):

64 1970 150 2007 inquo
161 1981 355 2010 unaquaeque
372 1974 456 2002 sedes
472 1975 640 2003 secundum
651 1976 719 2012 plus
728 1978 755 2003 et
766 1976 877 2010 minus,

64 2014 194 2045 honorem
212 2019 253 2046 ab
269 2019 415 2054 apostolis
430 2021 593 2054 receperat.
606 2023 634 2047 ct
645 2020 745 2047 minus
757 2020 809 2047 fuit
822 2020 878 2056 pri-

65 2058 186 2094 vilegiuta
203 2065 231 2090 et
261 2063 406 2091 exaltata:
436 2063 612 2099 dignitatem
640 2072 712 2091 vero
732 2066 760 2092 et
773 2066 876 2100 poten-

65 2103 126 2132 tiam
136 2107 330 2142 temporalem
339 2107 622 2144 recepitaﬁdelibus
635 2109 875 2144 imperatoribus,

65 2148 107 2182 qui
122 2152 281 2187 atempore
298 2153 326 2178 Β.
339 2151 489 2188 Sylvestri,
516 2160 571 2188 pro
585 2160 620 2180 ea
632 2152 771 2188 publicas
794 2153 876 2187 leges

67 2194 285 2238 promulgautes,
299 2196 325 2223 ei
339 2204 442 2232 pacem
460 2196 617 2225 dederunt.
640 2197 732 2233 Unde,
750 2200 778 2225 et
789 2197 876 2225 donis
892 2211 913 2238 ι)

67 2234 216 2271 largissime
227 2241 338 2272 dotata,
350 2240 399 2275 jus
414 2249 502 2268 suum
519 2241 609 2268 libere
621 2249 711 2277 super
721 2250 836 2276 omnes,
849 2244 877 2269 et

69 2280 163 2317 ubique
174 2291 209 2312 ex
219 2286 290 2312 tunc
306 2284 395 2320 cmpit
410 2285 579 2313 extendere.
596 2285 677 2314 Unde
694 2289 722 2314 et
733 2286 809 2314 duos
825 2295 875 2322 pa-

69 2324 194 2355 triarchas
209 2329 355 2362 l’hotium,
367 2332 393 2357 et
404 2329 569 2365 quemdam
593 2330 685 2358 alium
698 2331 752 2366 (24)
762 2331 792 2358 in
802 2330 875 2358 urbe

70 2369 380 2409 Constantinopolitano.
418 2372 597 2409 deposuisse
622 2373 818 2408 dignoscitur,
849 2375 877 2402 et

69 2415 202 2448 quosdam
213 2418 288 2446 alios
300 2418 591 2446 excom’municasse.
604 2420 666 2446 lmo
677 2418 706 2446 in
718 2421 826 2446 cuncta
834 2426 876 2445 re-

71 2460 183 2488 verentia
194 2461 298 2490 habita
308 2465 352 2490 est
363 2465 431 2490 ante
446 2462 580 2491 schisma
596 2464 682 2490 sedes
698 2463 874 2498 apostolica,

161 2545 305 2583 Hocsano
321 2555 410 2574 sensu
422 2547 517 2583 accipi
533 2547 631 2576 debet.
650 2550 738 2575 STEW.

101 2580 150 2612 (24)
168 2582 338 2619 ᾼνηὶὴὶωιιω
351 2580 532 2619 {orsum-al)
551 2586 682 2619 Agapeto
703 2584 874 2619 depositum

76 2611 240 2650 temporibus
250 2618 420 2650 Justiniani,
433 2611 527 2646 voluit
542 2611 685 2646 iudicare.
702 2611 784 2646 ΒΑὲΝ.

103 2650 148 2685 (23)
165 2653 285 2690 Romani
299 2654 455 2690 pontiﬁces
469 2655 724 2690 Constantinopoli
740 2663 810 2682 suos
824 2654 876 2682 ha-

76 2680 331 2723 hereresponsalés
339 2680 402 2716 sive
412 2680 418 2681 7
427 2680 657 2723 sanesane;
664 2680 730 2717 (sed
745 2680 791 2718 illi
800 2680 875 2717 ‘a’o‘a

77 2716 229 2760 {liceban‘tur
242 2724 339 2760 legati,
360 2732 415 2752 nec
441 2716 832 2759 fueruntrcardinalesfnec
841 2716 876 2753 id

78 2755 489 2797 illigttlporibusvconstantini.
514 2761 568 2797 sed
593 2755 749 2797 Iustiniani
764 2761 876 2797 potius

79 2792 232 2823 Institutum.
244 2797 301 2824 Nec
316 2798 386 2824 tunc
401 2796 545 2833 temporis
565 2796 712 2833 palatium
728 2792 787 2826 fuit.
811 2804 876 2824 car-

927 245 997 265 eum
1011 237 1126 266 honore
1136 240 1165 266 et
1176 238 1318 267 laudibus
1333 239 1544 275 reciperentur.
1561 238 1631 266 Inde
1654 241 1709 272 est,
1720 241 1753 267 ut

927 282 991 318 ipse
999 282 1161 318 imperator
1171 282 1208 310 de
1218 290 1296 319 equo
1308 283 1429 320 proprio
1440 283 1701 319 resiliens,equum
1714 283 1753 310 le-

927 328 1065 362 gatorum
1076 326 1213 363 pedester
1233 328 1360 357 traheret
1378 328 1434 364 (25)
1452 335 1549 364 usque
1560 327 1596 354 ad
1608 325 1752 362 palatium

927 371 1010 407 quod
1038 371 1243 400 Cardinalium
1267 372 1442 406 vocabatur,
1471 371 1617 400 imitando
1644 369 1754 398 scilicet

928 415 1132 444 Constantium
1163 417 1184 450 I,
1229 416 1466 445 Christianorum
1495 416 1674 452 principem,
1701 413 1754 450 qui

926 459 1015 488 beato
1031 460 1181 496 Sylvestro
1196 461 1286 490 talem
1301 462 1501 490 reverentiam
1518 459 1703 496 dignOScitur
1715 458 1754 486 fe-

928 504 1015 538 cisse,
1031 506 1120 540 prout
1132 504 1163 533 in
1177 505 1301 541 praefato
1315 505 1469 541 privilegio
1478 505 1645 534 continetur
1659 502 1754 531 mani-

927 549 1012 578 feste.
1028 549 1179 579 Aitenim:
1195 561 1208 575 ι(
1221 552 1393 578 Etteneutes
1408 550 1525 578 frenum
1541 550 1616 585 ejus,
1632 550 1754 584 propter

928 594 1064 622 timorem
1083 597 1111 622 et
1129 596 1328 623 reverentiam
1341 596 1373 624 B.
1398 596 1481 629 Petri,
1511 594 1644 623 stratoris
1655 592 1753 621 ofﬁcio

929 639 975 667 usi
988 647 1104 673 sumus,
1118 648 1171 675 per
1187 640 1366 676 scripturam
1376 640 1529 677 publicam
1541 639 1655 667 cunctis
1667 638 1753 666 inno-

928 685 1054 712 tescant.
1076 695 1085 710 I
1109 684 1191 712 Unde
1202 687 1283 713 tanta
1295 685 1411 713 caecitas
1424 684 1577 713 modernis
1592 683 1708 715 Grmcis,
1725 685 1754 710 et

929 729 1037 756 mentis
1053 729 1216 764 hebetudo,
1228 733 1260 758 ut
1274 730 1385 763 dicant,
1396 738 1427 758 se
1441 737 1502 758 non
1528 729 1618 758 teneri
1631 728 1670 756 ad
1684 727 1754 756 obe-

930 772 1072 801 dientiam
1089 773 1224 802 Ecclesiae
1240 774 1385 802 Romanae
1397 775 1410 802 ‘l

966 819 1036 845 item
1050 825 1232 853 quieramus,
1253 821 1281 846 et
1296 819 1354 855 ipsi
1375 818 1593 855 respondeant:
1619 818 1676 845 Aut
1687 817 1752 845 reli-

930 862 994 898 quit
1005 862 1124 890 Petrum
1137 865 1168 890 ut
1175 863 1320 890 vicarium
1331 863 1409 891 sedis
1423 871 1496 898 sum,
1510 864 1562 891 aut
1569 870 1640 890 non.
1656 862 1684 890 Si
1699 861 1751 896 sic,

930 906 1079 934 habemus
1092 907 1290 942 propositum,
1304 909 1333 935 et
1345 909 1444 936 cessat
1457 907 1556 935 omnis
1577 906 1713 943 quaestio,
1725 907 1754 933 et

931 959 1039 979 sumus
1055 951 1085 979 in
1098 959 1181 988 pace.
1195 952 1223 979 Si
1240 960 1318 980 non:
1344 952 1398 980 sed
1421 952 1528 980 eadem
1541 952 1666 985 ratione,
1680 951 1753 986 quia

931 996 1031 1024 Petrus
1044 1004 1104 1024 non
1118 996 1303 1033 relinquitur,
1314 1004 1370 1024 nec
1384 997 1530 1029 Andreas,
1543 1003 1598 1024 nec
1611 994 1750 1027 Jacobus,

931 1048 986 1068 nec
1001 1040 1111 1076 aliquis
1124 1040 1198 1068 alius
1212 1041 1375 1077 apostolus.
1391 1041 1472 1069 Unde
1488 1048 1558 1076 ergo
1574 1040 1605 1068 in
1623 1039 1753 1067 Ecclesia

932 1084 1090 1113 multitudo
1103 1085 1230 1117 sedium,
1248 1088 1276 1113 et
1288 1085 1467 1120 dignitatum
1479 1085 1646 1117 diversitas,
1676 1086 1704 1111 et
1718 1083 1752 1111 li—

931 1129 1022 1163 gandi
1035 1131 1124 1165 atque
1135 1129 1267 1157 solvendi
1282 1129 1398 1158 animas
1410 1132 1492 1158 tanta
1502 1131 1634 1165 potestas
1645 1128 1659 1155 ‘?
1671 1127 1753 1156 linde

930 1173 1019 1200 etiam
1036 1173 1364 1210 Constantinopolitano
1391 1173 1511 1210 praesuli
1528 1175 1610 1202 tanta
1627 1171 1673 1200 vel
1688 1171 1753 1200 talis

928 1220 1074 1253 potestas,
1091 1219 1170 1246 unde
1185 1218 1265 1246 dicat
1286 1226 1317 1246 se
1333 1219 1465 1254 primum
1480 1221 1547 1254 post
1570 1225 1693 1254 papam,
1709 1216 1754 1244 vel

929 1270 1019 1298 super
1047 1262 1122 1290 alios
1148 1263 1335 1299 patriarchas
1363 1264 1377 1291 ‘P
1399 1263 1455 1292 Sed
1483 1263 1595 1296 dicunt,
1625 1262 1708 1298 quod
1737 1269 1755 1289 a

929 1307 1073 1335 conciliis.
1090 1308 1148 1335 Sed
1157 1308 1284 1336 concilia
1308 1308 1410 1336 sedem
1437 1308 1522 1342 Petri,
1544 1309 1633 1344 prout
1655 1308 1755 1334 osten-

929 1359 997 1379 sum
1013 1353 1065 1385 est,
1081 1351 1144 1379 aliis
1160 1352 1330 1388 prteferunt.
1348 1352 1431 1381 Unde
1453 1353 1560 1380 beatus
1586 1351 1753 1387 Stephanus

928 1398 990 1430 νέος,
1012 1395 1043 1423 id
1062 1398 1117 1429 est,
1134 1404 1229 1424 novus
1248 1399 1362 1433 martyr
1377 1397 1507 1433 (supple,
1521 1397 1578 1431 his,
1595 1396 1648 1432 qui
1664 1402 1754 1424 voca-

928 1440 1002 1468 bant
1015 1448 1086 1468 eum
1100 1441 1138 1468 ad
1154 1441 1308 1477 quoddam
1325 1441 1435 1469 falsum
1451 1441 1619 1476 concilium)
1632 1447 1754 1476 respon-

929 1485 989 1513 dit:
1003 1497 1017 1511 α
1033 1486 1190 1518 Quomodo
1202 1489 1301 1514 vestra
1315 1486 1451 1522 synodus
1463 1485 1643 1514 universalis
1667 1492 1754 1513 voca-

929 1529 1061 1563 bitur,in
1083 1538 1143 1565 quo
1168 1531 1303 1557 Romano
1328 1538 1389 1558 non
1413 1530 1525 1566 placuit
1545 1529 1674 1565 praesuli,
1690 1530 1753 1555 sine

930 1582 991 1611 quo
1005 1574 1192 1610 impossibile
1206 1576 1250 1602 est
1260 1582 1394 1610 prorsus,
1410 1582 1457 1602 res
1472 1573 1689 1601 ecclesiasticas
1700 1580 1753 1600 ca-

930 1618 1062 1646 nonizari
1077 1619 1090 1646 :7
1107 1629 1120 1644 n
1136 1618 1217 1646 istud
1232 1618 1433 1646 testimonium
1448 1618 1595 1646 invenitur
1614 1616 1752 1653 passione

926 1671 986 1703 sua
997 1663 1185 1691 confirmare.
1200 1664 1233 1691 Et
1243 1663 1356 1699 alioqui
1382 1663 1533 1691 inﬁrmare
1553 1664 1620 1690 ante
1639 1662 1753 1696 legatos

930 1715 992 1736 non
1011 1710 1128 1744 poterat
1155 1708 1326 1742 concilium,
1346 1716 1401 1735 nec
1422 1707 1598 1743 congregari
1621 1705 1753 1734 similiter

933 1752 997 1780 sine
1013 1759 1161 1780 consensu
1177 1760 1276 1788 papae.
1294 1753 1369 1787 Ergo
1388 1754 1417 1780 et
1440 1753 1593 1779 Romanus
1620 1750 1753 1786 pontifex

930 1796 1022 1824 habet
1035 1797 1212 1832 potestatem
1225 1796 1358 1825 similiter
1368 1796 1563 1833 principalem
1571 1804 1590 1824 a
1601 1794 1732 1824 conciliis
1745 1803 1751 1828 ;

932 1843 960 1868 et
972 1841 1041 1869 inde
1051 1843 1083 1869 ut
1097 1841 1190 1877 prius.

969 1885 997 1914 Si
1012 1893 1082 1913 vero
1096 1886 1222 1913 dixerint
1235 1895 1241 1913 ι
1266 1887 1323 1913 Nos
1338 1887 1514 1922 reputamus
1539 1893 1619 1913 eum-
1636 1891 1754 1912 excom-

932 1930 1117 1957 municatum
1125 1930 1326 1958 ethaereticum
1339 1931 1424 1966 gqnia
1436 1930 1586 1958 addiditin
1593 1928 1752 1965 Symbolo:

934 1974 1086 2009 Filioque;
1100 1976 1126 2000 et
1138 1973 1204 2001 ideo
1216 1981 1276 2001 non
1292 1974 1468 2002 obediemus
1485 1974 1509 2002 ei
1526 1975 1593 2009 (26).

969 2019 1039 2045 Item
1053 2017 1196 2052 quzei'itur
1208 2017 1247 2044 ab
1272 2017 1328 2044 eis:
1356 2019 1387 2045 ln
1414 2025 1475 2053 quo
1499 2016 1636 2049 concilio,
1660 2015 1754 2043 autin

932 2069 993 2097 qua
1008 2061 1125 2097 synodo
1139 2063 1238 2088 tantus
1265 2063 1370 2097 pastor
1385 2063 1412 2089 et
1442 2063 1525 2089 Pater
1554 2059 1688 2088 Ecclesiae
1702 2059 1756 2086 fuit

932 2105 1085 2133 convictus
1097 2105 1133 2132 de
1145 2105 1303 2132 mendacio
1313 2107 1339 2132 et
1353 2105 1466 2137 hmrcsi,
1478 2103 1631 2132 communi
1640 2105 1755 2131 senten-

932 2150 971 2178 tia
984 2149 1218 2177 condcmnatus:
1233 2157 1301 2185 quae
1318 2157 1386 2176 cum
1401 2149 1557 2176 ostendere
1577 2156 1637 2176 non
1653 2151 1754 2184 potue-

931 2197 1009 2227 runt,
1025 2195 1098 2230 quia
1111 2201 1269 2229 nunquam
1293 2193 1405 2221 factum
1425 2195 1478 2226 est,
1506 2193 1642 2226 dicimus,
1672 2192 1756 2228 quod

932 2239 1046 2266 etiamsi
1062 2246 1166 2265 verum
1192 2239 1279 2270 esset,
1302 2237 1385 2273 quod
1410 2237 1436 2264 ei
1457 2237 1630 2274 imponitur,
1656 2239 1756 2265 tamen

931 2283 1040 2311 falsum
1047 2285 1099 2317 est,
1111 2282 1576 2318 sicutsuprademoustravimus.
1587 2284 1756 2318 Antequam

931 2329 1127 2355 convincatur
1155 2325 1358 2363 principaliter
1388 2334 1441 2362 per
1462 2326 1631 2359 concilium,
1654 2327 1757 2354 manet

932 2379 1150 2408 semperpenes
1165 2379 1235 2399 eum
1257 2371 1438 2403 auctoritas;
1465 2378 1520 2399 nec
1548 2370 1637 2398 debet
1658 2370 1755 2404 vitari,

933 2417 985 2445 sed
996 2425 1102 2444 omnes
1115 2418 1251 2444 tenentur
1277 2415 1303 2443 ei
1328 2415 1460 2450 obedire,
1488 2422 1654 2452 quousque,
1683 2415 1757 2442 sicut

931 2461 1072 2497 diximus,
1088 2461 1118 2489 in
1129 2469 1182 2488 sua
1193 2460 1352 2497 praesentia
1363 2463 1560 2495 cognoscatur
1572 2467 1674 2487 causa.
1695 2459 1756 2487 Hoc

931 2546 1094 2577 diualium;
1111 2546 1222 2582 quippe
1238 2554 1297 2573 non
1315 2546 1345 2573 in
1356 2545 1472 2573 (edibus
1493 2544 1632 2582 propriis,
1662 2544 1713 2572 sed
1725 2544 1756 2572 in

933 2582 1043 2618 palatio
1057 2582 1139 2616 regio
1151 2581 1329 2609 habitabant
1340 2581 1534 2617 apocrisiarii,
1562 2583 1594 2608 ut
1608 2582 1699 2618 patet
1721 2588 1755 2607 ex

931 2615 1057 2655 epistola
1068 2615 1172 2655 Phocus
1187 2617 1226 2645 ad
1242 2615 1414 2655 Gregorijim
1428 2618 1577 2655 Magnum.
1591 2615 1649 2643 Nec
1662 2615 1756 2655 ullum

931 2652 1058 2682 occurrit
1073 2653 1218 2688 palatium
1234 2652 1432 2680 cardinalium
1446 2652 1528 2688 apud
1550 2652 1757 2680 Constantino-

953 2689 1034 2717 olim.
1060 2687 1116 2716 Nec
1131 2688 1261 2724 denique
1270 2696 1335 2716 mos
1346 2687 1645 2724 fuitimperatoribus
1658 2690 1756 2716 tantos

941 2732 1060 2753 tonores
1075 2724 1180 2759 legatis
1194 2723 1356 2752 deferendi.
1375 2725 1457 2751 BASN.

967 2762 1026 2796 (26)
1036 2760 1122 2788 Deest
1130 2760 1299 2796 responsio.
