1948 3079
199 142 250 170 539

820 143 1062 171 PANTALEONIS
1081 144 1223 172 DlACONl
1242 145 1296 173 (ΞΡ.

1857 145 1916 171 540

198 203 455 238 docentconcilia,
471 204 547 232 ratio
574 204 661 232 docet
671 207 700 232 et
718 205 859 240 suggerit,
881 207 908 233 et
931 213 1020 233 cano-
1035 206 1058 232 Α
1075 209 1178 237 tassel,
1198 206 1371 242 compulsus
1391 208 1436 234 est
1459 206 1620 242 pradictus
1649 214 1730 242 papa
1752 213 1915 241 magnum

198 255 251 276 nes
266 248 461 284 compellunt.
474 248 556 276 Unde
581 249 610 276 in
625 251 732 285 quarto
748 249 874 277 concilio
897 250 1019 285 patriar—

198 295 255 322 cha
273 295 492 322 Alexandrinus
515 295 683 329 Dioscorus,
703 297 732 322 et
758 295 905 331 Eutyches
927 295 1020 323 archi-

198 339 359 375 mandrita,
382 347 450 366 cum
466 346 520 375 per
544 347 630 366 suam
653 339 856 367 facinorosam
882 339 1021 367 haeresim

198 383 296 412 forent
310 384 489 419 deponendi,
503 386 571 411 ante
586 386 687 411 tamen
698 383 789 411 latam
801 385 979 412 sententiam
995 387 1023 412 et

198 436 321 456 causam
333 428 495 463 cognitam,
508 428 665 456 manifeste
675 428 740 456 loca
754 437 809 456 sua
823 431 982 456 tenuerunt
993 429 1020 456 in

197 472 332 506 concilio,
348 476 376 500 et
387 480 507 508 semper
520 473 704 501 venerabiles
714 473 831 506 Patres,
858 475 884 501 et
897 477 1021 501 sanctis-

197 518 264 545 simi
276 517 474 545 vocabantur.

233 561 303 590 Cum
325 561 414 595 igitur
442 569 497 589 nec
517 561 547 589 in
569 561 626 589 hoc
655 569 687 589 se
731 562 850 598 possint
881 570 1023 590 excusare

197 606 298 637 Graeci,
324 606 403 633 unde
429 610 483 638 est,
513 606 597 642 quod
628 614 646 634 a
673 608 768 634 matre
790 606 918 634 Ecclesia
941 610 1023 635 tanto

200 653 336 687 tempore
364 651 547 685 recedentes,
568 651 662 678 redire
684 651 721 678 ad
744 651 946 679 obedientiam
963 654 1022 679 tam

200 695 351 723 obstinato
379 696 481 723 animo
516 695 689 723 recusant?
722 697 794 723 Puto
823 696 904 732 quod
931 695 1024 731 longi‘

197 741 324 768 turnitas
366 740 511 776 temporis
554 740 633 767 lianc
682 740 844 768 caecitatem
877 740 1024 768 interioris

201 784 681 812 hominisinduxiteis.Trsnsacti
707 787 778 812 sunt
801 784 880 812 enim
905 787 1023 820 trecenti

197 829 348 863 octoginta
373 829 443 856 anni
474 831 503 856 et
531 828 672 864 amplius,
709 831 742 856 ut
774 829 911 863 creditur,
942 829 1024 864 quod

195 873 274 900 istud
291 873 422 901 schisma
433 876 462 901 et
473 873 649 901 scandalum
671 873 760 908 coepit
775 873 856 901 oriri.
879 873 935 900 Sed
947 881 1023 901 nuu-

195 917 267 953 quid
282 921 401 953 tempus
413 918 588 954 prmjudicat
599 917 628 945 in
641 917 748 945 talibus
758 918 772 945 ἲ
781 917 842 945 imo
853 919 935 946 tanto
959 925 1019 946 ma-

195 961 242 997 gis
255 962 296 990 rei
312 961 490 995 schismatis,
510 962 593 995 apud
621 969 748 989 examen
764 962 868 990 aeterni
891 961 1014 993 Judicis,

195 1009 309 1042 quanto
334 1006 456 1034 indultae
495 1006 676 1042 paenitentiae
705 1006 890 1042 temporibus
909 1006 1018 1040 ingrati

195 1050 377 1084 abutuntur;
393 1051 559 1087 praesertim
570 1059 639 1078 cum
663 1050 835 1083 semei,bis.
863 1054 916 1082 ter,
945 1051 1020 1078 sicut

193 1095 224 1121 in
236 1095 342 1122 Grascis
354 1096 540 1130 reperiuntur
555 1094 693 1125 historiis,
706 1102 759 1129 per
770 1094 885 1128 legatos
910 1095 1018 1122 Roma-

194 1146 241 1165 nae
252 1139 350 1170 curiis,
363 1141 391 1166 et
411 1146 507 1174 nuper
530 1146 583 1174 per
605 1138 709 1166 fratres
727 1138 820 1165 nostri
842 1138 964 1171 ordinis,
991 1141 1019 1166 et

193 1182 310 1209 Fratres
326 1183 451 1209 Minores
464 1185 596 1218 tempore
612 1182 742 1216 Gregorii
765 1183 797 1209 IX
817 1190 913 1218 papas,
930 1190 944 1210 ε
963 1190 1018 1210 suo

193 1233 292 1254 errore
307 1227 415 1254 fuerint
430 1226 554 1254 dulciter
581 1226 729 1254 revocati:
748 1229 779 1254 ut
803 1227 935 1259 tandem,
951 1226 1018 1254 licet

193 1278 270 1304 sero,
291 1271 328 1298 ad
350 1270 449 1298 sinum
477 1271 580 1298 matris
610 1270 744 1298 Ecclesiae
768 1271 934 1304 redeuntes,
955 1278 1016 1299 uno

192 1322 254 1349 ore,
271 1315 408 1351 quamvis
419 1315 542 1342 diversis
553 1322 698 1342 sonorum
713 1315 847 1349 vocibus,
860 1315 1015 1343 benedice-

192 1366 294 1386 remus
305 1359 413 1395 pariter
431 1359 661 1395 Redemptorem
675 1362 810 1386 nostrum
821 1360 920 1387 Jesum
937 1360 1015 1387 Chri-

192 1405 281 1432 stum.
298 1404 349 1439 qui
364 1407 408 1431 est
430 1403 606 1431 benedictus
628 1403 657 1430 in
689 1403 799 1431 saecula
823 1403 1013 1431 saeculorum.

191 1451 296 1475 Amen.

229 1493 349 1520 Constat
363 1501 434 1527 ergo
448 1501 483 1520 ex
503 1493 549 1520 his
562 1501 630 1529 quas
641 1493 720 1521 dicta
746 1496 826 1522 sunt.
849 1493 931 1529 quod
956 1494 1014 1520 llo—

191 1545 301 1565 manus
313 1537 444 1574 pontifex
460 1540 550 1573 caput
568 1541 611 1565 est
639 1538 773 1565 omnium
804 1537 1014 1570 Ecclesiarum,

190 1581 252 1608 sive
283 1581 455 1609 universalis
478 1582 614 1609 Ecclesia:
642 1590 711 1609 cum
739 1589 801 1608 una
827 1582 874 1613 sit,
896 1584 925 1608 et
951 1589 1012 1608 non

191 1625 530 1662 plures.successorque
554 1626 629 1653 Petri
640 1629 668 1654 et
691 1626 818 1653 vicarius
849 1625 898 1653 Dei
914 1625 943 1652 in
961 1629 1013 1653 ter-

189 1669 244 1702 ris;
258 1672 287 1697 et
300 1670 326 1697 ei
338 1673 483 1706 tanquam
495 1670 549 1704 ipsi
565 1670 689 1698 Domino
710 1672 828 1705 oportet
852 1669 967 1703 ﬁdeles,
982 1670 1012 1697 in

189 1713 307 1750 hisqute
320 1715 484 1742 secundum
496 1716 589 1742 Deum
604 1718 682 1748 sunt,
693 1714 800 1742 devote
811 1717 839 1741 et
859 1714 1012 1741 humiliter

190 1758 321 1786 obedire.
338 1760 394 1786 Eos
410 1767 489 1791 vero,
506 1759 557 1794 qui
581 1759 796 1786 contumaciter
821 1759 1012 1794 impugnant,

190 1802 324 1838 etipsam
341 1803 441 1831 sedem
459 1804 593 1831 Ecclesiae
604 1811 663 1830 non
679 1806 814 1830 asserunt
829 1811 896 1830 esse
911 1807 1011 1839 caput,

191 1847 569 1883 sicutjamnpontiticibus
591 1848 724 1883 ejusdem
751 1847 829 1874 sedis
858 1848 1012 1875 decretum

190 1893 244 1923 est,
257 1891 455 1920 anathematis
471 1892 570 1927 gladio
586 1892 729 1928 percussi,
757 1899 825 1919 cum
856 1892 969 1920 Datlian
985 1897 1013 1920 et.

191 1935 301 1962 Abiron
311 1936 480 1964 schismatis
492 1937 666 1964 incursuros
676 1936 804 1963 dicimus
816 1936 1009 1972 dispendium

189 1979 392 2008 damnationis
405 1984 533 2009 reterns.

350 2038 392 2065 De
406 2040 537 2072 quatuor
550 2039 646 2065 causis
661 2037 838 2065 schismalis.

227 2095 339 2122 CaUsas
353 2103 422 2122 vero
437 2095 498 2122 sive
514 2095 719 2122 excusationes
735 2095 902 2123 scliismatis
918 2095 1010 2123 credi-

190 2146 257 2166 mus
271 2148 337 2166 esse
351 2143 490 2175 quatuor.
506 2139 600 2167 Prima
616 2140 668 2167 fuit
691 2140 797 2167 divisio
819 2140 947 2175 imperii.
966 2140 1009 2167 Li-

190 2186 235 2210 cet
250 2183 330 2210 enim
343 2184 547 2219 imperatores.
559 2184 608 2220 qui
625 2184 791 2218 regnabant
804 2184 1010 2212 Constantino-

189 2226 260 2262 poli,
277 2231 344 2263 post
358 2236 506 2256 recessum
524 2228 707 2256 Constantini
723 2224 762 2255 ab
777 2228 848 2255 urbe
865 2230 1008 2261 Romana,

188 2279 243 2307 pro
268 2279 303 2298 eo
321 2272 400 2308 quod
436 2275 530 2300 totum
563 2273 749 2300 contulerant
770 2272 914 2306 Ecclesiae,
936 2273 1011 2300 sicut

189 2323 280 2351 supra
294 2316 434 2348 diximus,
452 2317 623 2352 nullumjus
641 2317 780 2344 haberent
797 2317 825 2343 in
852 2316 943 2349 italia,
969 2317 1011 2344 in-

190 2359 306 2387 terdum
319 2363 416 2388 tamen
432 2362 543 2396 ubique
556 2363 764 2398 regnaverunt.
789 2360 843 2388 Sed
855 2369 923 2388 cum
935 2360 1011 2388 infra

190 2403 303 2432 italiam
321 2414 415 2441 usque
431 2406 467 2434 ad
486 2407 609 2434 Romam
624 2405 752 2433 barbara
772 2413 845 2439 gens
869 2405 1010 2435 irruisset.

187 2452 216 2476 et
231 2458 368 2477 summus
383 2451 513 2486 pontifex
527 2450 669 2478 auxilium
682 2449 870 2485 imperatoris
896 2450 1009 2482 Leonis,

187 2493 239 2529 qui
256 2497 318 2522 erat
343 2495 611 2530 Constantinopoli,
632 2494 817 2529 requisisset,
846 2497 874 2521 et
892 2493 939 2520 ille
962 2502 1011 2521 rie-

187 2538 330 2574 gligenter
341 2539 620 2574 agendo,auxilium
635 2543 776 2574 przestarc
788 2538 922 2566 Ecclesiae
933 2539 1010 2566 refu-

225 2597 249 2614 "
266 2597 353 2624 Prov.
372 2605 470 2630 xxvni,
487 2598 512 2624 9.
528 2597 552 2614 ’τ’
569 2598 622 2623 lsa.
639 2604 713 2628 xxn’,
730 2598 755 2623 ἓ.

221 2655 278 2689 (2'7)
291 2654 400 2682 Eadem
418 2663 541 2690 prorsus
561 2654 614 2682 fuit
641 2654 757 2681 Lutheri
776 2656 804 2681 et
828 2654 1009 2690 Lutlierano-

182 2698 254 2726 rum
269 2690 340 2726 olim
354 2689 612 2726 quei-ela.quando
620 2689 815 2726 defectionem
830 2689 868 2716 ab
880 2690 1008 2718 Ecclesia

186 2725 404 2762 moliebantur;
419 2725 521 2762 iniqua
538 2731 669 2761 prorsus,
692 2725 832 2759 mendax,
856 2726 1006 2754 ctcalum-

187 2761 274 2788 niosa
287 2760 453 2797 utrobique.
466 2760 555 2788 sim.

223 2797 280 2832 (28)
297 2796 346 2823 llic
369 2795 432 2825 erat
453 2797 522 2825 ﬁnis
550 2799 692 2825 tractatus
708 2795 850 2824 adversus
875 2796 1002 2830 Graecos,

1076 251 1214 278 Carolum
1226 251 1263 278 de
1277 250 1393 278 Gallicis
1414 251 1550 287 partibus
1572 259 1708 282 evocare,
1733 251 1802 278 etin
1821 251 1916 278 Italia

1076 295 1286 330 imperatorem
1302 296 1489 329 constituere,
1502 299 1529 323 et
1540 296 1675 323 Ecclesiae
1700 295 1916 323 defensorem.

1077 340 1187 367 Etenim
1211 343 1274 367 erat
1284 340 1332 367 ille
1352 341 1419 373 Leo,
1441 343 1474 368 ut
1498 340 1614 374 legitur.
1638 339 1726 367 valde
1746 340 1917 375 voluptuo-

1077 393 1137 418 sus,
1151 388 1178 412 et
1191 384 1257 412 ideo
1272 385 1302 412 in
1314 385 1456 419 regimine
1472 385 1588 421 imperii
1615 385 1661 412 sui
1688 384 1776 412 valde
1799 384 1916 411 remis—

1077 437 1137 456 sus.
1157 429 1237 456 Unde
1253 437 1307 456 suo
1332 433 1464 465 tempore
1492 430 1630 457 Saraceni
1660 429 1789 465 Syriam,
1819 429 1916 456 Turci

1077 481 1146 500 vero
1172 473 1396 509 Cappadociam
1422 473 1625 508 obtinuerunt,
1646 476 1675 501 et
1689 473 1731 501 sic
1753 473 1839 501 facta.
1867 475 1916 500 est

1077 517 1184 545 divisio
1199 518 1317 554 imperii
1330 517 1467 546 Romani.

1115 562 1252 590 Secunda
1268 562 1387 590 occasio
1400 562 1553 590 divisionis
1564 561 1628 595 fuit,
1653 562 1727 598 quia
1751 569 1815 590 non
1843 564 1914 589 tue-

1078 606 1251 634 runtvocati
1269 606 1307 634 ad
1326 606 1484 634 concilium
1494 606 1766 641 Ultramonianum,
1777 606 1914 642 quando

1078 650 1126 678 illa
1139 650 1246 679 dictio:
1274 651 1418 686 Filioque,
1438 651 1493 678 fuit
1511 651 1661 687 apposita.
1687 652 1806 684 Verum,
1835 651 1915 686 quia

1067 697 1214 732 superius
1225 703 1346 724 causam
1359 696 1552 730 signavimus,
1570 696 1617 723 hic
1634 695 1834 723 subticemus.

1113 742 1206 769 Tertia
1219 741 1340 769 occasio
1350 741 1411 774 fuit,
1435 749 1528 776 quam
1548 740 1605 776 ipsi
1627 740 1792 776 aliquando
1817 740 1915 768 nobis

1078 785 1108 812 in
1137 785 1274 814 familiari
1293 785 1443 821 colloquio
1461 785 1699 819 assignaverunt,
1719 785 1833 813 scilicet
1860 793 1912 812 su-

1078 829 1173 865 perba
1192 830 1280 858 nimis
1305 831 1420 858 exactio
1443 830 1608 865 legatorum
1633 837 1731 865 papa.
1758 829 1911 858 Dicebant

1044 873 1210 910 Etiamque
1237 875 1293 910 (27)
1325 875 1494 903 referentes.
1526 874 1609 910 quod
1644 873 1769 909 quando
1814 874 1912 909 legati

1078 920 1187 946 summi
1199 919 1346 955 pontiﬁcis
1354 919 1392 946 ab
1404 919 1468 955 ipsa
1480 919 1551 946 sede
1567 918 1734 954 apostolica
1744 919 1911 946 annuatim

1076 964 1364 1000 Constantinopolim
1377 963 1507 991 chrisma
1532 963 1717 996 deferebant,
1741 963 1800 990 nisi
1824 966 1909 991 octo-

1075 1008 1158 1041 ginta
1171 1007 1264 1036 libras
1278 1009 1343 1036 auri
1357 1016 1374 1036 a
1387 1008 1465 1036 clero
1490 1010 1518 1035 ct
1545 1007 1628 1034 urbis
1643 1007 1768 1043 populo,
1793 1011 1909 1043 preter

1074 1052 1132 1080 alia
1149 1053 1230 1080 dona
1245 1056 1273 1080 et
1301 1052 1481 1080 munuscula
1502 1052 1615 1080 eisdem
1644 1052 1907 1088 impenderentur,

1074 1105 1130 1124 non
1146 1097 1333 1125 recedebant.
1348 1098 1442 1124 Taceo
1453 1104 1519 1131 age,
1535 1097 1665 1129 aiebant,
1679 1096 1716 1124 de
1733 1104 1859 1132 pompa,
1879 1100 1908 1124 et

1073 1141 1226 1176 superbia,
1237 1149 1329 1177 quam
1351 1142 1407 1177 ipsi
1422 1141 1632 1169 ostendebant.

1108 1187 1218 1217 Quarta
1231 1194 1298 1213 vero
1314 1189 1341 1213 et
1354 1186 1682 1222 potissima.quantum
1706 1185 1746 1212 ad
1775 1185 1903 1213 clerum.

1071 1230 1124 1256 fuit
1137 1230 1283 1266 depositio
1299 1230 1390 1258 Photii
1405 1231 1594 1266 patriarchas,
1609 1233 1635 1257 et
1656 1230 1906 1257 excommunica-

1071 1274 1219 1309 tioipsius,
1241 1278 1268 1302 et
1288 1274 1414 1302 aliorum
1423 1274 1624 1310 prrelatorum,
1649 1278 1677 1302 et
1691 1274 1903 1310 quorumdam

1070 1318 1225 1346 abbatum.
1243 1319 1298 1347 Sed
1315 1319 1464 1355 numquid
1479 1319 1544 1347 hvec
1558 1318 1759 1346 sufﬁciuntad
1776 1326 1903 1346 excusa-

1070 1363 1181 1390 tionem
1196 1363 1266 1390 tanti
1283 1364 1462 1396 schismatis,
1480 1368 1507 1391 et
1522 1363 1720 1399 perditionem
1734 1365 1777 1390 tot
1785 1363 1904 1391 anima-

1068 1415 1134 1434 rum
1147 1408 1160 1434 τ’
1171 1408 1288 1435 Minime
1317 1408 1373 1436 Sed
1383 1420 1397 1432 ‹‹
1414 1408 1602 1435 occasionem
1618 1415 1672 1443 pro
1687 1407 1764 1435 facto
1779 1408 1901 1443 quaerit.

1068 1452 1120 1487 qui
1133 1452 1194 1479 vult
1209 1452 1346 1480 recedere
1377 1453 1415 1480 ab
1435 1453 1543 1480 amico.
1557 1464 1566 1476 ι
1584 1452 1640 1479 Sed
1664 1452 1738 1488 quid
1764 1452 1903 1488 sequitur

1069 1496 1096 1523 in
1110 1497 1283 1524 auctoritate
1293 1498 1307 1524 ?
1319 1497 1555 1531 Omnilempore,
1567 1495 1828 1532 inquitSalomon,
1844 1499 1901 1525 erit

1033 1543 1054 1571 C
1068 1541 1259 1569 exsecrabilis
1272 1542 1305 1573 ιι,
1322 1542 1352 1568 id
1366 1545 1418 1573 est,
1439 1541 1580 1569 vitandus
1605 1540 1644 1568 ab
1667 1541 1823 1574 omnibus,
1850 1548 1900 1569 oe-

1069 1590 1187 1621 spectus
1217 1589 1245 1613 et
1274 1586 1364 1620 vilis;
1391 1586 1474 1622 quod
1495 1594 1626 1622 premens
1648 1585 1712 1613 dies
1740 1586 1900 1614 indicatin

1068 1629 1200 1657 ecclesiis
1229 1632 1407 1658 Graecorum.
1449 1632 1522 1658 Nam
1546 1631 1771 1658 incarcerantur
1793 1638 1899 1658 eorum

1068 1674 1164 1702 clerici
1178 1678 1205 1702 et
1220 1676 1372 1708 monachi,
1389 1676 1463 1702 sicut
1482 1676 1579 1702 creteri
1595 1675 1706 1706 rustici.
1730 1677 1760 1702 et
1770 1675 1898 1710 popula-

1067 1727 1114 1746 res
1131 1721 1299 1747 exactiones
1311 1723 1338 1747 et
1351 1720 1479 1756 pedagia
1503 1720 1580 1748 fiunt
1605 1727 1694 1755 super
1716 1727 1779 1752 eos,
1794 1727 1897 1756 quem-

1067 1764 1232 1792 admodum
1245 1773 1335 1800 super
1354 1765 1459 1793 laicos.
1491 1767 1520 1792 ut
1546 1772 1650 1792 verum
1682 1764 1728 1796 sit,
1747 1764 1832 1800 quod
1845 1772 1897 1800 per

1068 1809 1245 1844 prophetam
1261 1809 1401 1845 scriptum
1413 1812 1475 1836 est:
1492 1809 1575 1837 Sicut
1587 1809 1727 1843 populus,
1743 1809 1786 1836 sic
1800 1816 1896 1836 sacer-

1067 1853 1119 1879 dos
1134 1854 1167 1880 ³⁵.
1185 1853 1336 1880 Translata
1347 1856 1390 1880 est
1400 1853 1513 1889 quippe
1522 1853 1617 1888 gloria
1632 1853 1670 1881 ab
1687 1853 1729 1880 eis
1754 1853 1895 1881 sacerdo-

1067 1897 1144 1932 talis,
1156 1898 1285 1932 dignitas
1296 1903 1325 1926 et
1342 1898 1544 1926 Ecclesiaslica
1572 1898 1692 1926 libertas
1707 1898 1737 1925 in
1763 1901 1896 1926 contem-

1066 1945 1150 1977 ptum
1167 1943 1296 1970 redacta.
1316 1945 1388 1971 Nam
1415 1952 1484 1978 quin
1510 1943 1573 1970 vult
1595 1943 1667 1978 ipse.
1691 1943 1744 1979 qui
1765 1943 1896 1979 imperat

1065 1987 1225 2029 instituere,
1240 1988 1380 2019 instituit;
1407 1992 1432 2015 et
1443 1995 1535 2024 quem
1552 1987 1614 2015 vult
1626 1987 1788 2023 deponere,
1812 1988 1891 2015 simi-

1064 2031 1129 2065 liter
1143 2032 1275 2067 deponit.
1288 2033 1319 2059 Et
1334 2032 1449 2060 merito.
1463 2033 1498 2059 Ut
1518 2032 1569 2067 qui
1597 2032 1722 2060 subesse
1756 2032 1895 2060 Ecclesia:

1064 2077 1207 2103 Romamn
1223 2077 1396 2112 etpersonis
1411 2076 1620 2104 ecclesiasticis
1636 2079 1893 2112 contempserunt,

1065 2120 1240 2155 subjaceant
1255 2129 1334 2148 nunc
1350 2121 1432 2148 laicis
1445 2121 1630 2157 principibus
1658 2123 1703 2148 vel
1730 2121 1825 2149 inviti.
1843 2123 1893 2150 Re-

1064 2169 1248 2198 cognoscant
1271 2165 1442 2193 distantiam
1469 2165 1629 2195 servitutis.
1647 2167 1675 2193 et
1698 2165 1892 2194 dominorum

1025 2215 1048 2243 ι)
1066 2209 1146 2236 orbis
1171 2212 1314 2237 teri-arum
1345 2213 1372 2237 et
1405 2213 1625 2242 convertantur,
1649 2213 1677 2237 et
1711 2209 1842 2238 clament
1853 2211 1891 2239 ad

1067 2254 1235 2286 Dominum,
1248 2258 1275 2281 et
1286 2263 1437 2281 summum
1450 2255 1632 2290 pontiﬁcem,
1644 2257 1670 2281 et
1681 2254 1786 2282 liberet
1797 2263 1856 2282 eos.

1103 2300 1166 2325 Haec
1178 2302 1277 2326 auten:
1286 2298 1395 2334 scripta
1408 2302 1476 2326 sunt
1487 2307 1566 2326 anno
1581 2299 1695 2326 Domini
1720 2299 1888 2333 millesimo,

1066 2342 1271 2370 ducentesimo
1285 2334 1536 2379 quinquagesimo
1552 2343 1685 2371 secundo
1715 2351 1745 2370 in
1773 2344 1889 2372 civitate

1066 2387 1347 2423 Constantinopolis,
1373 2396 1390 2415 a
1415 2388 1556 2415 fratribus
1583 2388 1838 2423 Praedicatoribus,
1850 2390 1888 2417 ad

1065 2431 1292 2459 tediiltfutioltetu
1311 2433 1454 2460 Ecclesiae.
1469 2435 1495 2459 ct
1518 2427 1682 2468 profectum
1707 2434 1884 2466 animarum,

1066 2476 1102 2503 ad
1118 2476 1237 2503 laudem
1254 2479 1281 2503 et
1307 2477 1430 2510 gloriam
1457 2477 1560 2511 Pati-is,
1575 2479 1602 2504 et
1616 2476 1685 2512 Filii,
1713 2478 1741 2504 et
1765 2477 1886 2513 Spiritus

1066 2521 1171 2548 sancti.
1186 2524 1279 2548 Amen
1295 2523 1360 2554 (28).

1063 2662 1153 2690 quem
1165 2657 1400 2689 composuerunt
1416 2655 1518 2682 fratres
1542 2654 1738 2682 Dominicani.
1757 2655 1827 2688 Quae
1842 2664 1883 2683 se-

1062 2693 1196 2727 quuntur
1212 2693 1280 2717 sunt
1309 2690 1430 2727 alterius
1450 2690 1749 2727 auctOi-iSLHugonjs
1777 2699 1882 2727 nempe

1061 2726 1249 2757 zEt/teriani,
1267 2726 1319 2761 qui
1332 2726 1492 2761 scripserat
1515 2733 1563 2753 an.
1596 2726 1674 2754 lt70.
1704 2725 1732 2753 id
1758 2730 1837 2761 patet
1847 2725 1880 2755 ex

1059 2761 1134 2823 ipsof
1155 2761 1260 2823 tliitulo:
1283 2762 1355 2795 (mw
1378 2762 1506 2789 admista
1528 2761 1693 2795 praedictis.
1722 2762 1791 2789 Vide
1817 2762 1879 2790 obs.

1059 2804 1120 2823 orae
1136 2817 1142 2823 .
1180 2804 1245 2823 ΑΒΝ.

1059 2798 1142 2832 praef.
1161 2798 1245 2824 BASN.
