1948 3079
36 148 73 173 5H

187 208 330 242 Quasdam
349 209 480 236 admista
491 207 657 242 pradicas.

61 262 164 290 Sicutin
179 262 328 297 prooemio
340 262 431 297 hujus
446 261 584 298 opusculi
600 261 697 289 testati
722 270 836 293 sumus,

35 308 181 334 Graecorum
196 306 329 334 Ecclesia
343 306 507 342 doctorque
522 306 593 334 olim
610 313 664 333 sua
681 309 837 334 venustate

34 359 108 387 quam
118 350 261 386 plurimos
277 350 315 378 ad
330 351 554 378 aemulationem
569 350 638 377 ﬁdei
653 351 838 386 provocabat

35 400 55 422 et
67 403 183 426 morum,
195 395 237 422 ita
253 397 284 422 et
298 402 378 422 nunc
393 395 500 422 erroris
511 395 639 429 caligine
651 394 837 428 obfuscatus,

35 440 99 476 quod
110 439 261 467 horrorem
271 447 326 467 sua
334 439 465 467 foeditate
476 439 690 475 aspicientibus
703 439 837 472 incutiat,

36 485 117 519 utjam
125 491 182 511 non
194 484 327 512 Ecclesia.
338 484 482 518 fidelium,
495 483 548 511 sed
561 484 660 520 potius
676 491 837 518 congrega-

37 529 65 556 tio
77 535 128 556 non
139 528 290 556 immerito
299 528 566 556 haeresiarcharum
573 528 667 564 possit
682 527 836 564 appellari.

35 573 111 605 Quod,
122 572 185 600 licet
192 573 259 608 jam
271 575 403 609 quatuor
412 572 499 600 dictis
513 572 645 600 articulis
655 572 839 600 demonstre-

35 620 78 649 tur,
87 619 177 644 tamen
188 617 291 644 adhuc
306 617 336 644 in
352 617 408 650 his,
424 625 492 653 quas
506 617 641 652 subjecta
653 619 721 643 sunt
740 619 838 643 osten-

35 661 104 688 ditur.
120 661 186 693 Qua:
202 669 239 688 ex
251 661 339 689 dictis
347 662 500 696 magistris
513 661 648 696 Huyonis
659 660 840 688 zEtheriani

35 712 110 740 nuper
128 707 271 738 extracta,
290 705 361 733 huic
388 705 471 741 operi
497 705 640 732 duximus
666 704 838 732 inserenda.

35 749 118 776 Dicunt
131 749 219 782 enim,
235 752 265 776 et
275 749 411 777 scribunt
425 749 462 777 de
474 748 583 777 Latinis
595 749 650 776 sic:

145 811 259 839 Contra
272 811 439 839 Romanum
458 812 614 846 poniﬁcem
627 811 695 846 (29).

59 864 195 892 Romanus
206 864 352 899 Pontifex,
363 868 392 892 et
411 873 517 893 omnes
530 864 662 901 partium
672 863 838 892 occidenta-

34 908 89 935 lium
110 908 274 944 Christiani,
300 909 469 938 sacerdotes
490 912 518 938 et
537 909 606 937 laici
629 912 737 945 praeter
755 908 838 936 Cala-

36 952 96 986 bros,
106 956 169 981 ante
184 953 282 981 multa
295 956 434 990 tempora
446 958 529 982 extra
548 953 728 981 catholicam
744 952 828 980 Eccle

38 998 94 1024 siam
103 1001 304 1033 pervagantur
313 999 566 1033 evangelistarum
575 998 841 1035 etapostolicarum

40 1041 207 1070 traditionum
231 1042 342 1078 ignari,
358 1046 386 1070 et
401 1051 419 1071 a
433 1043 492 1071 ﬁde
507 1043 607 1072 alieni.
623 1044 698 1071 Nam
718 1043 839 1070 Theolo-

40 1086 82 1113 uici
103 1087 154 1121 (30)
169 1095 187 1114 a
199 1087 308 1115 ritibus
323 1088 458 1123 gentium
473 1096 582 1123 parum
609 1087 793 1121 discordant,
809 1086 840 1114 in

39 1131 108 1157 Deum
131 1130 224 1167 impii;
257 1131 312 1159 sed
346 1131 472 1164 Calabri,
495 1135 523 1159 et
549 1131 647 1159 caeteri
670 1130 839 1164 orthodoxi,

37 1175 92 1202 sicut
105 1176 273 1211 antiquitus,
285 1178 315 1204 et
327 1176 511 1212 apostolicus,
527 1179 556 1204 et
569 1175 704 1204 Ecclesiae
730 1178 840 1203 nostra:

39 1218 128 1246 alumni
135 1220 195 1255 ejus
205 1220 345 1248 moribus
360 1220 513 1248 informati
523 1224 601 1248 sunt.
612 1219 715 1248 Crateri
734 1227 840 1247 omnes

38 1263 193 1296 exciderunt.
207 1265 321 1302 impios
333 1273 351 1292 a
371 1273 495 1301 corpore
508 1264 643 1292 Ecclesia:
664 1271 724 1291 non
741 1263 839 1291 solum

39 1314 113 1334 mores
123 1307 192 1336 alios
203 1312 232 1337 et
248 1309 369 1343 ignotos
381 1309 604 1345 amplectentes,
620 1316 723 1336 verum
740 1307 839 1343 ipsam

39 1349 179 1380 Tnnitatem
205 1356 345 1381 sanctam
367 1353 624 1388 blasphemantes.
651 1352 765 1380 Etenim
784 1360 840 1379 sua

42 1397 270 1433 concinnantes,et
286 1398 392 1426 alienis
403 1398 603 1430 adherentes,
616 1405 714 1433 neque
730 1396 838 1424 divinis

41 1441 168 1476 Scripturis
179 1443 432 1477 redarguentibus
456 1442 577 1470 illorum
587 1450 712 1473 errores,
740 1448 838 1477 neque

44 1484 92 1513 ιΠὶς,
102 1487 145 1522 qui
156 1495 206 1514 eos
221 1488 379 1520 miserunt,
404 1487 506 1515 volunt
517 1495 633 1515 morem
648 1494 761 1522 gerere.

66 1530 141 1565 Magis
152 1535 270 1560 sanctos
285 1534 384 1560 Patres
396 1535 514 1560 nostros
521 1534 549 1560 et
557 1531 706 1564 doctores,
717 1531 758 1558 sic
770 1539 838 1559 sen-

43 1575 207 1605 sisse.etinde
215 1586 246 1605 se
261 1577 374 1606 habere
391 1577 480 1605 talem
487 1577 677 1605 traditionem
692 1575 838 1605 mentiun—

43 1621 83 1646 tur.
94 1621 157 1649 Nam
167 1621 196 1649 in
208 1625 315 1650 sancto
331 1622 486 1658 Symbolo,
503 1621 586 1658 quod
602 1629 620 1648 a
637 1620 773 1648 Patribus
788 1627 838 1648 no-

44 1663 101 1698 stris,
113 1665 160 1700 qui
179 1666 261 1702 apud
277 1666 407 1694 Nicaeam
434 1667 646 1695 convenerant.
677 1663 839 1692 universali

853 891 875 917 B

854 1564 874 1591 C

47 1708 119 1741 Prima
127 1711 238 1745 synodo
244 1714 464 1747 consequenter
475 1710 629 1738 manifeste
640 1709 839 1737 sicdefinitum

43 1755 88 1778 est:
101 1764 113 1776 «ι
123 1755 150 1781 Et
160 1755 188 1782 in
204 1756 346 1791 Spiritum
357 1758 496 1783 sanctum
526 1755 696 1787 Dominum,
720 1756 748 1781 et
768 1753 839 1781 vivi-

44 1795 165 1831 ﬁcantem,
176 1808 210 1827 ex
222 1799 307 1828 Patre
319 1800 531 1836 procedentem
544 1822 550 1833 ,
563 1810 577 1824 n
594 1798 647 1826 sed
657 1799 725 1826 etin
734 1801 839 1826 sancto

44 1840 173 1875 Evzingelio
182 1836 333 1872 evidenter
344 1845 515 1872 clamitante
525 1844 562 1872 de
584 1843 693 1879 Spiritu
718 1845 837 1870 sancto:

44 1884 83 1915 (tua
97 1894 112 1913 α
122 1887 208 1916 Putre
220 1889 363 1923 procedit,
381 1897 473 1925 supra
491 1888 636 1916 nominati
657 1888 708 1914 viri
719 1886 841 1915 addide-

43 1931 142 1958 runtzEt
151 1940 186 1960 ea:
199 1934 290 1966 Filio,
304 1933 456 1966 fallaciter,
469 1936 497 1960 et
509 1933 548 1960 ad
558 1940 647 1960 suum
660 1931 838 1968 periculum.

43 1972 228 2010 Verumtamen,
253 1981 287 2006 ut
299 1978 406 2014 opinor
417 1985 470 2013 per
481 1976 651 2011 angustiam
663 1984 725 2003 suae
732 1975 841 2010 linguae

42 2015 100 2044 idem
110 2027 167 2047 esse
187 2022 319 2049 arbitrati
334 2025 413 2053 sunt,
429 2022 554 2057 Spiritus
568 2029 604 2048 ex
628 2022 710 2047 Patre
723 2027 840 2056 proces-

43 2060 176 2093 sionem,et
187 2073 313 2093 causam
324 2074 392 2102 quae
403 2074 454 2102 per
467 2065 573 2092 Filium
587 2065 634 2098 sit,
651 2065 689 2092 ad
700 2072 754 2092 nos
770 2064 840 2092 mis-

44 2104 131 2134 sionem
152 2107 277 2138 barbare
294 2113 322 2138 et
339 2110 585 2138 inconvenienter
618 2109 837 2136 intellexerunt.

70 2150 112 2178 Pro
125 2153 293 2183 fermentati)
305 2163 412 2191 azyma
430 2155 570 2186 offerunt,
583 2156 610 2181 et
620 2153 841 2181 calumniantur

46 2199 153 2224 sanctum
169 2198 297 2231 Petrum,
321 2204 348 2227 et
363 2203 483 2228 sancto:
494 2200 591 2226 Patres
602 2199 752 2226 Romanos
763 2205 839 2234 pon-

47 2237 116 2266 tifices
127 2245 256 2271 auctores
270 2245 395 2272 exstisse
424 2243 490 2271 talis
502 2243 676 2270 traditionis.

73 2283 224 2315 Sacerdotes
240 2288 388 2324 principes
402 2296 470 2316 cum
486 2287 570 2315 laicis
589 2287 627 2314 ad
646 2287 725 2314 bella
743 2286 838 2322 profi-

48 2325 167 2358 Ctscuntut‘
176 2334 289 2365 armati,
315 2336 342 2361 et
353 2333 383 2360 in
394 2333 456 2360 acie
472 2332 585 2359 bellant
597 2334 665 2359 ante
681 2331 755 2359 alios
771 2339 838 2366 gra-

49 2368 158 2402 dientes.
194 2377 333 2413 Jejunant
361 2378 391 2405 in
419 2376 569 2407 Sabbatis;
587 2377 651 2404 etsi
675 2376 748 2403 festa
774 2375 837 2403 dies

48 2412 179 2459 Salii-itatis
187 2412 231 2455 sit,
239 2422 284 2450 vel
295 2423 478 2459 Epiphaniae,
490 2429 550 2449 non
561 2420 836 2456 solvuntjejunium

49 2457 222 2494 Septimanam
231 2457 329 2494 edulio
338 2457 417 2494 casei
430 2466 561 2493 dicatum
568 2473 627 2493 non
639 2468 837 2499 agnoscentes

48 2508 128 2532 carnes
139 2509 301 2538 comedunt.
319 2511 458 2539 Secunda
468 2510 516 2538 dic
526 2510 606 2538 Jovis
620 2518 687 2540 ova,
701 2517 834 2543 caseum,

50 2547 112 2576 etlac
137 2554 352 2589 manducant,a
372 2554 483 2592 quibus
511 2554 645 2588 minimc,
658 2562 710 2590 per
741 2556 834 2582 totam

74 2610 92 2626 "
101 2614 153 2642 Act.
165 2623 208 2650 xv,
218 2618 262 2651 28,
272 2619 316 2646 29.

855 2241 876 2267 D

64 2690 302 2735 :99iﬁiqtandum,
328 2699 358 2726 in
369 2698 426 2726 hoc
451 2698 587 2734 sequenti
610 2697 757 2735 opusculo
772 2698 835 2735 plu-

53 2728 168 2769 fffnaldic‘i
190 2740 232 2769 ex,
248 2728 399 2762 auditione
416 2737 445 2762 et
469 2728 589 2761 riimore
616 2728 697 2768 v-ulgi
722 2728 836 2768 ignobi-
861 2740 867 2746 '

60 2765 124 2802 ἔδκθῑ
149 2765 244 2800 ignari.
255 2769 334 2802 ltem,
362 2778 399 2797 ex
425 2769 496 2797 odio
537 2772 566 2796 et
591 2765 704 2797 invidia
732 2765 836 2797 contra

54 2795 74 2819 δη
83 2795 141 2827 “om
147 2820 153 2827 .
159 2795 836 2841 “sedas;magna;pigraqaegasug'aah:

711 146 846 174 CONTRA
868 146 1025 175 GRAECOS.

852 216 876 240 Α
890 209 1155 245 quadragesimam
1165 218 1238 238 suos
1246 218 1355 246 pueros
1371 211 1538 247 prohibent.
1550 213 1712 241 nHistorias

1662 152 1714 180 542

892 257 1065 281 sanctorum
1080 257 1184 290 praater
1194 254 1368 290 passionem
1391 255 1506 290 Christi,
1519 256 1548 283 in
1578 257 1714 284 Ecciesiis

892 298 953 325 suis
969 306 1031 326 non
1055 298 1224 333 designant.
1236 309 1250 323 »
1267 300 1299 327 Et
1325 300 1422 335 ipsam
1434 308 1494 327 non
1518 300 1646 336 pictura,
1662 301 1715 329 sed

891 350 983 378 opere
995 343 1145 378 plumario
1156 344 1186 370 in
1205 343 1398 371 similitudine
1419 344 1613 380 sculptilium,
1633 347 1662 373 et
1684 345 1715 373 in

892 389 969 414 terra
983 387 1124 414 similium
1137 387 1295 423 [ﬁctilium]
1310 387 1432 416 faciunt.
1446 388 1477 416 in
1489 391 1591 417 sancta
1606 389 1717 425 templa

892 430 1090 465 ingredientes
1103 439 1193 468 super
1214 432 1385 467 pavimenta
1394 433 1506 461 cadunt
1519 433 1549 461 in
1561 433 1676 465 faciem,
1688 436 1717 461 et

892 475 990 510 primo
1006 479 1173 504 susurrant.
1196 476 1307 505 Deinde
1331 485 1451 505 crucem
1473 485 1535 505 uno
1555 477 1648 512 digito
1671 478 1716 506 in-

894 522 1050 554 surgentes
1059 520 1243 554 osculantur,
1255 524 1283 549 et
1297 521 1376 549 hanc
1389 522 1556 550 orationem
1572 530 1716 550 consum—

893 567 1011 591 mantes
1027 567 1164 599 surgunt,
1176 567 1204 593 et
1218 572 1320 593 sacras
1330 565 1477 600 imagines
1487 569 1618 594 renuunt
1629 574 1714 594 oscu-

892 607 957 636 lari.
983 609 1123 636 Sanctam
1148 609 1197 636 Dei
1221 609 1408 642 Genitricem,
1437 611 1558 638 Matrem
1598 610 1716 638 Domini

892 654 985 680 nostri
1017 653 1086 681 Jesu
1111 654 1226 684 Christi.
1242 657 1358 682 tantum
1375 658 1508 683 sanctam
1520 655 1651 683 Mariam
1668 663 1716 683 vo-

893 701 970 725 cant.
988 699 1078 725 Secus
1094 698 1186 726 altare
1200 698 1394 727 ecclesiarum
1422 699 1565 736 quaslibet
1590 698 1715 735 accedit,

893 741 1101 777 cujuscunque
1117 742 1154 769 sit
1167 742 1436 777 sexus,aetatis,vel
1463 743 1591 770 ordinis.
1624 744 1658 771 Et
1685 742 1716 770 in

893 785 1082 814 solemnitate
1096 786 1405 815 missarummulieres
1416 787 1517 815 sedere
1539 789 1675 823 possunt,
1691 786 1716 814 si

893 829 994 862 velint,
1009 830 1038 857 in
1054 830 1125 858 sede
1138 832 1340 860 sacerdotum.
1355 832 1401 860 Sic
1413 832 1510 860 sciunt
1534 832 1716 866 distinguere

893 874 968 902 inter
982 882 1067 902 sacra
1081 878 1109 903 et
1124 876 1267 911 profana!
1284 877 1446 905 comedunt
1458 877 1614 909 suﬂ'ocata,
1627 879 1717 912 capta

893 926 913 946 a
937 918 1051 952 bestiis,
1079 919 1238 948 morticina
1265 921 1456 955 sanguinem,
1485 929 1581 956 ursos,
1611 920 1714 955 fibrOs,

894 970 970 998 quos
980 966 1091 991 vocant
1101 965 1491 1001 castores,ericios,quaeque
1504 966 1550 993 his
1561 965 1716 1001 spurciora

894 1009 998 1035 contra
1013 1008 1212 1043 apostolicum
1224 1009 1377 1037 decretum
1390 1017 1396 1036 :
1408 1009 1484 1037 sicut
1497 1009 1593 1038 Lucas
1603 1010 1633 1037 in
1644 1017 1716 1045 apo-

895 1052 1041 1080 stolorum
1052 1052 1175 1081 historia
1183 1053 1271 1081 refert
1280 1054 1326 1082 his
1337 1054 1452 1082 verbis:
1463 1055 1562 1082 Visum
1571 1057 1614 1082 est
1637 1055 1716 1082 enim

895 1097 1022 1131 Spiritui
1029 1101 1173 1129 sancto,et
1185 1098 1270 1126 nobis
1275 1099 1362 1131 ,niliil
1371 1099 1453 1127 ultra
1462 1100 1612 1134 imponere
1624 1099 1714 1134 vobis,

894 1149 985 1176 quam
1000 1142 1062 1170 haec
1076 1144 1254 1175 necessaria,
1268 1146 1301 1170 ut
1313 1143 1485 1171 abstineatis
1498 1151 1547 1172 vos
1561 1143 1599 1172 ab
1614 1144 1717 1171 immo-

895 1186 966 1213 latis
984 1187 1226 1221 simulacrorum,
1241 1191 1269 1216 et
1284 1188 1441 1223 sanguine,
1471 1191 1501 1216 et
1520 1188 1674 1223 sit/foculo,
1689 1190 1718 1216 et

892 1230 1095 1264 fornicatione
1112 1232 1146 1259 ἐ.

931 1275 1280 1312 Sacerdotesetepiscopi
1291 1276 1493 1305 sacerdotales
1504 1277 1606 1310 stolas,
1617 1276 1648 1304 id
1661 1279 1715 1311 est,

894 1319 997 1348 casula
1012 1327 1073 1348 non
1086 1319 1123 1348 de
1142 1320 1221 1353 lana,
1238 1320 1291 1348 sed
1301 1321 1338 1348 de
1362 1320 1463 1349 sericis
1488 1324 1595 1349 natura
1618 1323 1716 1349 conte-

894 1367 996 1393 xentes
1011 1365 1054 1392 eis
1072 1366 1258 1400 operiuntur.
1274 1366 1432 1394 diuturnas
1444 1366 1501 1403 (3t)
1530 1366 1614 1402 ipsas
1640 1373 1716 1402 prie-

894 1411 1044 1445 parantes;
1061 1417 1129 1437 cum
1143 1410 1320 1445 hujusmodi
1333 1411 1418 1443 stola,
1432 1411 1462 1438 id
1478 1413 1531 1445 est,
1557 1410 1659 1438 casula
1668 1409 1716 1438 vel

893 1453 1013 1488 planeta
1020 1454 1266 1482 Christihabitum
1280 1457 1505 1490 repraesentant,
1513 1455 1716 1482 sivehabitum

893 1505 984 1533 quem
999 1497 1114 1530 habuit,
1127 1502 1251 1534 quando
1272 1500 1377 1526 exutus
1392 1499 1448 1526 fuit
1462 1499 1656 1533 vestimentis,
1685 1498 1715 1526 in

892 1541 983 1569 dutus
991 1545 1036 1570 est
1046 1542 1206 1578 chlamyde
1212 1543 1362 1575 coccinea.
1373 1551 1441 1579 quae
1450 1543 1488 1571 de
1496 1543 1567 1571 lana
1577 1545 1716 1571 contexta

893 1588 1039 1622 erat,qua
1059 1595 1115 1614 nos
1143 1587 1254 1614 utimur
1279 1587 1538 1622 Quadragesimali
1568 1589 1713 1622 tempore.

893 1632 925 1658 ln
940 1630 1044 1658 alienis
1058 1639 1130 1658 vero
1143 1631 1368 1659 diebusutimur
1386 1631 1474 1665 albis,
1490 1639 1526 1660 eo
1537 1631 1619 1667 quod
1636 1631 1716 1659 Chri-

893 1677 956 1702 stus
969 1682 1067 1709 agnus
1087 1675 1260 1703 immolatus
1274 1676 1399 1704 dicatur.
1413 1677 1446 1704 Et
1472 1675 1541 1703 ideo
1568 1683 1604 1703 ex
1629 1675 1715 1703 vesti-

893 1719 1001 1746 mentis
1015 1719 1118 1748 ovium
1139 1720 1227 1748 nobis
1241 1720 1345 1748 casula
1365 1728 1582 1756 praeparemus.
1618 1720 1650 1747 in
1679 1717 1715 1747 si;

893 1770 987 1797 gnum
994 1766 1105 1791 sanctae
1109 1764 1244 1792 Ecclesia:
1250 1764 1493 1800 desponsationis
1500 1772 1560 1792 ann
1565 1764 1629 1792 ulos
1648 1771 1717 1800 por-

894 1810 967 1842 tant,
992 1811 1022 1836 et
1034 1808 1232 1843 chirothecas,
1248 1809 1279 1837 in
1293 1809 1399 1838 dextra
1425 1809 1549 1845 quidem
1565 1809 1715 1837 scribunt:

893 1853 1014 1880 Domini
1026 1853 1145 1886 dextra,
1161 1853 1191 1881 in
1199 1854 1317 1882 sinistra
1329 1862 1410 1882 vero:
1424 1855 1529 1889 Agnus
1541 1854 1600 1882 Dei.
1615 1855 1717 1882 Sacer-

894 1896 980 1924 dotes
986 1897 1226 1925 eorumsolumin
1233 1905 1314 1934 aqua
1326 1898 1486 1934 baptizant,
1499 1901 1528 1926 et
1540 1897 1632 1926 salem
1640 1897 1670 1924 in
1680 1904 1716 1925 os

894 1941 1042 1969 mittentes
1048 1941 1207 1978 baptizand
1212 1942 1219 1969 i
1224 1942 1430 1978 ;baptizandos
1436 1945 1599 1978 postquam
1605 1943 1718 1977 spuunt

893 1985 924 2012 in
935 1986 1054 2013 sinistra
1062 1994 1155 2013 manu
1170 1986 1306 2014 etdextra
1317 1987 1474 2014 miscentes
1483 1987 1622 2014 salivam.
1631 1986 1717 2013 inun-

894 2034 978 2064 gunt.
988 2032 1148 2065 Postquam
1158 2030 1196 2058 ad
1202 2033 1319 2058 aetatem
1326 2029 1666 2066 pervenerunt,peccatis
1676 2029 1715 2056 ob

893 2074 999 2102 noxios
1014 2074 1080 2102 olco
1091 2075 1511 2110 perunguntinremissionem
1524 2076 1716 2110 peccatorum

892 2122 920 2146 et
934 2118 981 2146 bis
990 2118 1134 2154 baptizari
1146 2118 1294 2146 videntur.
1308 2119 1399 2146 iidem
1423 2119 1594 2146 sacerdotes
1626 2125 1716 2153 quas-

891 2163 963 2191 dam
990 2164 1183 2199 purgationes
1195 2163 1309 2191 faciunt
1319 2164 1436 2199 jugiter,
1453 2167 1482 2192 et
1496 2162 1715 2200 aspersionem,

891 2209 1002 2245 quibus
1026 2208 1186 2242 alligantur
1211 2208 1367 2244 culparum
1396 2209 1528 2237 Judaicis
1556 2207 1716 2236 servientes

892 2253 1153 2289 ritibuszquiuque
1167 2253 1267 2288 digitis
1294 2253 1450 2289 quomodo
1481 2253 1573 2290 aliqui
1592 2252 1716 2280 benedi-

892 2301 974 2332 cunt,
985 2302 1014 2326 et
1026 2306 1094 2326 cum
1109 2297 1213 2333 pollice
1225 2298 1332 2326 faciem
1349 2298 1479 2331 signant,
1495 2301 1641 2333 tanquam
1656 2298 1715 2325 Mo-

892 2343 1052 2370 nothelitee.
1069 2343 1142 2370 Cum
1161 2342 1251 2377 igitur
1275 2342 1405 2370 debeant
1428 2342 1547 2378 disponi
1575 2341 1659 2375 digiti
1684 2341 1715 2369 in

892 2387 1181 2422 consignationibus,
1190 2387 1271 2423 quod
1279 2395 1331 2423 per
1337 2395 1389 2414 eos
1395 2387 1462 2415 duae
1472 2389 1586 2414 natura)
1603 2385 1716 2420 signiﬁ-

891 2435 1040 2465 centur,et
1050 2435 1108 2459 tres
1129 2439 1276 2467 personae,
1296 2434 1384 2467 prout
1406 2431 1539 2459 Christus
1562 2433 1713 2457 monstra-

891 2477 938 2509 vit,
950 2476 1073 2512 quando
1088 2476 1119 2503 in
1128 2475 1237 2503 omium
1251 2483 1431 2503 ascensurus
1439 2473 1594 2508 discipulis
1617 2472 1714 2500 mani-

889 2525 947 2548 bus
978 2522 1108 2547 elevatus
1132 2519 1327 2548 benedixit.A
1350 2517 1578 2555 Septuagesima
1602 2524 1714 2552 usque-

888 2565 928 2593 ad
939 2565 1055 2593 Pascha
1064 2571 1125 2592 non
1136 2567 1258 2593 cantant
1266 2565 1411 2593 Alleluia.
1424 2563 1647 2592 At‘firmantnon
1660 2560 1712 2588 de-

924 2690 1058 2718 veniunt.
1079 2691 1170 2718 Srew.

926 2768 986 2802 (30)
1009 2767 1160 2795 Teutones.

926 2799 982 2838 (31)
992 2802 1111 2830 Videtur
1125 2801 1207 2830 locus
1219 2799 1394 2828 mendosus.
