1944 3084
218 100 268 129 527

829 98 1069 127 PANTALEONIS
1088 98 1232 127 DIACONI
1249 98 1302 127 (ΣΡ.

1868 102 1913 129 528

216 165 285 190 ster.
299 169 336 189 ex
349 160 498 190 consortio
510 159 709 195 veriMagistri
725 161 872 196 tanquam
884 160 949 195 ejus
964 167 1039 188 nun-
1054 180 1078 207 Α
1093 160 1218 188 omnino
1232 160 1335 194 tacuit,
1350 162 1403 189 aut
1423 159 1461 189 de
1488 168 1544 189 suo
1565 161 1799 197 superaddendo
1814 169 1916 191 verum

215 207 284 241 tius,
300 208 329 235 ct
348 214 403 242 pro
417 206 583 234 reverentia
598 206 674 242 ejus,
702 204 756 242 qui
783 204 916 239 mittitur,
947 205 1041 234 hono-

213 254 306 280 ratur.

249 295 352 324 Petrus
360 298 460 324 autem
467 294 807 331 habuitprterogativam
824 293 976 329 dignitatis
991 301 1039 321 su-

212 348 266 376 per
289 340 451 376 apost010s,
473 342 502 367 et
524 339 740 375 plenitudinem
765 338 922 375 potestatis
950 345 1040 373 super

212 392 319 412 omnes
334 384 484 412 homines.
499 384 586 416 Quod
600 383 747 420 probatur
761 384 802 412 sic
814 391 820 410 :
834 385 866 411 ln
880 382 1039 417 Evangelio

211 429 346 462 Joannis,
372 437 442 457 cum
469 428 614 457 Dominus
639 431 682 456 ter
707 428 882 464 requisisset
909 435 928 455 a
954 428 1039 455 Petro

213 474 404 509 singulariter
436 475 465 501 ct
497 473 674 510 specialiter,
705 481 744 501 an
764 473 865 509 ipsum
894 472 1039 507 diligeret,

212 518 446 546 audivit:Pasce
469 525 536 546 oves
551 525 630 546 meas
645 519 678 545 '9.
706 518 801 554 Super
828 524 920 553 quem
939 516 1040 544 locum

212 563 287 590 dixit
300 563 432 591 Joannes
447 562 681 598 Chrysostomus
696 570 702 590 :
717 573 731 587 ‹‹
760 561 837 594 Quia
857 561 947 596 igitur
970 560 1039 588 tinis

211 609 276 636 erat
287 608 395 641 Cinnae,
423 605 509 635 Petro
534 607 765 643 prmposituram
792 607 873 634 orbis
902 605 1040 634 omnium

210 652 379 687 committit,
392 659 452 680 non
467 651 551 680 alteri
561 651 623 686 dat,
634 651 686 679 sed
701 651 771 679 huic
782 653 911 679 tantum.
923 650 1040 683 Quare?

211 696 286 730 Quia
299 696 434 724 omnium
444 696 616 732 praecipuus
630 698 659 724 et
680 698 771 732 caput
782 696 874 724 totius
901 694 993 723 chori.
1008 694 1041 722 Et

209 740 277 769 ideo
292 741 393 774 etiam,
408 743 440 769 ut
453 740 595 768 ostendat
606 740 642 776 ei,
655 741 739 776 quod
765 741 863 777 potest
877 739 1037 772 conﬁdere,

209 788 355 821 tauquam
364 785 523 820 negatione
533 784 701 813 oblitterata
712 793 718 819 ;
730 784 803 821 quia
813 784 839 812 ei
848 791 946 820 neque
956 783 1038 812 illam

208 831 402 866 improperat,
415 838 470 857 nec
481 829 593 866 profert
604 829 634 857 in
645 829 779 857 medium
792 839 797 858 :
815 829 868 857 sed
880 839 887 857 :
900 829 927 857 Si
937 828 1038 864 diligis

208 883 269 908 me,
279 877 406 911 praeesto
416 873 568 910 fratribus,
579 876 606 902 et
619 873 781 902 ferventem
790 881 936 906 amorem,
945 881 1037 909 quem

207 919 238 947 in
253 926 302 948 me
313 919 425 947 habere
441 918 564 947 dicebas
591 918 632 947 ita
643 921 675 946 ut
697 918 775 947 mori
802 918 893 946 velles
908 926 963 954 pro
978 926 1037 946 me:

207 971 288 992 nunc
303 963 437 992 ostende.
467 964 630 998 interrogat
642 964 742 991 autem
769 971 839 991 eum
869 965 922 995 ter,
948 962 1038 991 simul

207 1011 354 1044 quantam
364 1006 628 1036 curamhabeatde
635 1007 743 1035 ovibus
758 1007 816 1035 sibi
828 1007 1006 1035 commissis.
1021 1018 1036 1032 »

208 1052 242 1079 Et
256 1054 325 1087 post
338 1052 441 1088 aliqua
455 1051 526 1079 dicit
541 1051 589 1081 ei;
605 1051 733 1087 Sequere
754 1058 799 1079 me
825 1052 862 1078 ὀ.
882 1051 1037 1079 Commisit

208 1095 332 1132 quidem
339 1096 424 1124 Petro
433 1095 638 1132 praelationem
648 1096 785 1123 omnium
800 1095 945 1124 fidelium.
959 1095 1035 1128 Quia

207 1140 261 1168 etsi
282 1140 412 1168 Iacobus
430 1140 733 1176 Hierosolymitanam
760 1140 862 1168 sedem
890 1140 1031 1176 suscepit,

208 1186 310 1213 Petrus
323 1187 424 1213 tamen
438 1185 528 1213 totius
540 1185 637 1213 orbis:
667 1185 755 1221 quasi
779 1185 881 1213 dicat:
908 1186 1034 1213 Sanctus

206 1231 330 1258 vocatus
340 1229 522 1258 estJacobus
538 1230 568 1257 in
583 1229 718 1265 partibus
734 1229 1009 1266 Hierosolymitanis
1024 1238 1031 1264 ;

204 1275 258 1303 sed
273 1274 415 1302 Petrusin
426 1274 610 1311 plenitudine
620 1274 785 1311 potestatis.
798 1274 883 1302 Unde
898 1275 929 1302 in
948 1282 1032 1302 man-

203 1320 288 1348 dato:
299 1319 444 1348 Tibidabo
451 1319 574 1348 claves"
580 1319 644 1354 ,tibi
654 1319 810 1347 discretive
817 1319 903 1355 quasi
910 1319 949 1348 ab
956 1319 1031 1354 aliis,

202 1364 283 1392 dabo
299 1364 433 1392 claves.»
451 1364 545 1400 Super
559 1371 622 1400 quo
651 1365 782 1392 Joannes
802 1363 1032 1400 Chrysostomus

201 1410 263 1437 ita:
282 1420 296 1434 α
315 1408 394 1437 Sicut
409 1411 494 1436 Pater
504 1408 586 1436 dedit
604 1408 659 1436 tibi
679 1408 893 1436 revelationem
919 1409 1033 1436 confes-

203 1453 296 1481 sionis
307 1461 383 1481 verse
393 1453 462 1482 fidei
475 1462 481 1488 ;
494 1453 536 1481 sic
547 1460 603 1488 ego
611 1452 692 1481 dabo
705 1453 756 1481 tibi
773 1453 872 1481 claves
886 1453 1030 1489 caelestes

200 1498 375 1526 Divinorum
397 1505 468 1533 ergo
487 1497 647 1533 dignitates
655 1497 776 1526 tradidit
796 1499 889 1530 l’reto,
903 1501 1032 1534 potesta-

202 1543 262 1571 tive
274 1543 305 1570 in
320 1543 403 1571 terris
416 1543 573 1576 exsistens,
588 1545 616 1570 et
629 1542 802 1570 coelestibus
813 1543 936 1571 intrans.
954 1554 968 1567 ιι

237 1589 309 1615 item
324 1587 573 1623 Chrysostomus:
592 1598 606 1612 ‹‹
617 1588 651 1615 Et
666 1587 790 1623 quidem
814 1587 888 1614 alios
914 1589 1031 1623 praeter-

201 1633 332 1666 mittens,
348 1632 428 1666 huic,
445 1631 476 1659 id
495 1633 550 1666 est,
568 1633 664 1665 Petro,
689 1631 726 1659 de
752 1631 858 1659 ovibus
886 1631 1029 1668 disponit,

201 1685 271 1705 cum
289 1678 326 1705 sit
333 1677 476 1714 princeps
485 1675 704 1713 apostolorum,
719 1678 747 1703 et
758 1678 849 1712 caput
859 1676 951 1704 chori.
964 1678 1030 1704 Pro-

201 1725 265 1758 pter
281 1722 364 1758 quod
380 1721 488 1750 Paulus
514 1720 648 1749 ascendit
681 1720 929 1756 Hierosolymam,
958 1722 1029 1748 tunc

201 1767 303 1795 videre
318 1766 419 1803 ipsum
429 1773 490 1802 prae
504 1765 630 1793 caeteris.
651 1775 664 1789 η
677 1764 745 1792 Haec
754 1767 824 1792 sunt
833 1765 925 1792 verba
938 1764 1028 1800 Chry-

204 1811 338 1840 sostomi.

239 1863 271 1888 In
280 1858 464 1897 quibusdam
473 1861 573 1888 tamen
584 1857 738 1886 codicibus
749 1857 947 1894 reperiuntur,
959 1865 1027 1894 quae

203 1903 343 1932 videntur
352 1911 466 1939 sapere,
483 1902 566 1938 quod
577 1909 637 1930 non
650 1901 748 1929 solum
760 1903 854 1936 Petro,
868 1901 922 1929 sed
937 1902 1028 1929 etiam

206 1948 350 1985 apostolis
364 1947 562 1976 communiter
581 1945 720 1974 eamdem
749 1946 870 1974 tradidit
885 1946 1029 1974 Dominus

204 1995 393 2030 potestatem.
409 1992 503 2027 Super
513 1999 573 2027 quo
588 1990 738 2018 voluimus
758 1990 947 2019 admonitum
963 1999 1029 2019 esse

205 2039 404 2071 lectorem,ut
423 2035 544 2069 habeat,
564 2043 625 2071 quo
650 2034 757 2062 debeat
780 2035 961 2063 adversariis
986 2042 1028 2063 re-

206 2083 364 2120 spondere,
373 2081 469 2117 siquae
477 2080 704 2108 inveniunturin
714 2080 817 2107 Glossa
824 2080 1028 2116 Chrysostomi

206 2128 313 2164 posita,
334 2134 402 2162 quas
425 2125 526 2153 dicunt
550 2124 767 2161 plenitudinem
791 2125 944 2160 potestatis
966 2132 1028 2152 non

206 2180 271 2201 esse
293 2170 433 2199 traditam
458 2171 573 2198 tantum
594 2171 688 2202 Petro,
719 2169 771 2197 sed
793 2169 935 2197 omnibus
952 2169 1027 2205 aliis,

205 2217 321 2252 absque
332 2214 515 2243 dubitatione
530 2214 632 2250 aliqua
640 2213 718 2248 dicit,
727 2214 900 2250 quicunque
914 2214 1027 2249 legerit,

206 2261 288 2298 quod
299 2260 351 2288 illa
365 2267 427 2287 non
443 2261 512 2287 sunt
521 2259 614 2287 verba
625 2258 838 2294 Chrysostomi,
863 2258 916 2286 sed
929 2259 1028 2294 potius

205 2304 428 2341 'l‘heophylacti,
444 2303 661 2340 archiepiscopi
675 2302 881 2338 Bulgarorum,
893 2303 946 2339 qui
958 2305 1029 2330 mis-

206 2359 257 2379 sus
268 2353 311 2378 est
324 2358 341 2378 a
356 2349 469 2384 Pliotio,
479 2351 612 2385 tempore
624 2348 795 2376 schismatis
805 2348 836 2375 in
847 2347 1027 2382 Bulgariam,

205 2398 238 2425 ut
247 2396 328 2432 ipsos
337 2394 488 2429 Bulgaros,
499 2395 571 2421 tunc
581 2392 723 2428 temporis
739 2392 877 2420 Ecclesiae
887 2393 1029 2420 Romanas

203 2441 329 2470 devotos
347 2441 375 2467 et
388 2438 570 2472 obedientes,
584 2437 624 2466 ad
638 2438 804 2465 Grzccorum
819 2437 894 2465 ritus
918 2439 946 2465 et
958 2437 1029 2465 obe-

203 2485 348 2514 dientiam
359 2484 521 2512 revocaret.
533 2482 618 2515 Quod
631 2484 658 2510 et
670 2482 783 2510 factum
793 2484 848 2509 est.
860 2483 916 2510 Iste
929 2481 1028 2518 itaque

202 2529 451 2566 Theophylactus,
469 2535 538 2554 cum
549 2534 646 2554 omnia
656 2526 716 2554 fere
726 2526 836 2562 scripta
847 2525 929 2554 beati
942 2528 1029 2555 Joan-

202 2575 250 2602 nis
267 2572 470 2609 Chrysostomi
486 2579 541 2599 suo
564 2571 685 2606 ingenio
710 2570 926 2605 abbreviasset,
942 2571 1029 2607 quid-

201 2619 275 2655 quid
285 2626 340 2655 pro
354 2617 524 2646 Latinorum
540 2615 668 2644 Esclesia
678 2615 775 2644 facere
792 2615 959 2652 videbatur,
976 2618 1027 2646 aut

239 2696 261 2713 η
277 2695 437 2729 Joan.xx1,
455 2693 498 2721 17.
537 2692 713 2722 “mare.
751 2693 772 2711 ιε
789 2693 888 2722 Matth.
902 2695 1021 2729 xw,i9.

237 2767 294 2806 (16)
316 2767 409 2796 Locus
424 2766 592 2802 corruptus.

1091 204 1273 233 intellectum
1287 205 1430 242 corrupit.
1452 206 1647 234 inveniuntur
1661 208 1762 234 tamen
1777 207 1917 242 quaedam

1091 249 1249 284 originalia
1274 249 1478 285 Chrysostomi
1506 250 1606 278 adhuc
1622 249 1714 279 illwsa
1730 251 1761 278 in
1781 252 1917 279 armariis

1091 294 1343 322 monasteriorum
1363 296 1544 324 Graecorum.

1128 338 1199 366 item
1216 339 1307 367 Graeci
1321 338 1352 366 in
1366 338 1466 367 ofﬁcio
1482 347 1537 367 suo
1559 339 1596 368 de
1624 339 1767 376 apostolis
1792 340 1881 368 Petro
1893 343 1917 369 et

1091 383 1182 412 Paulo
1195 383 1265 412 talia
1281 386 1435 417 testantur,
1452 383 1574 412 cuilibet
1596 384 1718 412 laudem
1745 387 1914 413 cantantes:

1092 439 1105 453 ‹‹
1123 428 1218 460 Petro,
1242 428 1294 463 qui
1315 427 1402 456 divisi
1432 430 1503 456 sunt
1520 436 1643 464 corpore
1658 430 1727 463 (16),
1749 430 1828 457 uniti
1855 432 1918 458 sunt

1093 472 1209 508 spiritu.
1223 473 1395 500 Divinorum
1409 472 1639 508 praedicatorum
1655 474 1856 510 prtepOSitos;
1872 475 1917 502 Pe-

1093 519 1170 545 trum
1183 517 1306 553 quidem
1331 519 1477 553 tanquam
1502 518 1707 554 apostolorum
1733 518 1916 554 principem;

1092 561 1218 590 Paulum
1238 569 1308 589 vero
1324 564 1471 597 tanquam
1487 569 1548 597 prae
1563 562 1676 590 caeteris
1687 561 1893 591 laborantem.
1908 575 1916 587 ι

1127 608 1199 634 Item
1216 606 1359 634 Dominus
1369 606 1400 634 in
1414 606 1575 641 Evangelio
1590 606 1628 634 de
1641 606 1743 635 Petro:
1764 607 1811 635 Tu
1836 615 1918 636 voca-

1093 651 1169 679 beris
1185 651 1341 687 Cephas”,
1362 650 1445 687 quod
1471 650 1502 679 in
1534 651 1637 679 Latino
1664 651 1818 680 redditum
1837 655 1918 681 sonat

1093 698 1203 730 caput;
1221 698 1252 723 ut
1262 703 1298 724 ex
1313 695 1379 731 ipsa
1398 695 1592 731 impositione
1610 696 1742 724 nominis
1765 701 1861 732 caput
1875 699 1918 725 Ec<

1093 740 1189 768 clesiue
1203 739 1345 768 eumdem
1366 739 1597 768 demonstraret.
1614 740 1700 773 Quod
1719 741 1797 768 sacri
1815 744 1918 770 tracta-

1092 786 1171 813 tores
1181 784 1252 812 ﬁdei
1262 784 1499 817 considerantes,
1509 783 1682 820 ubicunque
1692 785 1730 812 de
1740 786 1829 813 Petro
1841 794 1918 814 men-

1093 830 1204 858 tionem
1221 829 1354 865 aliquam
1367 829 1511 863 fecerunt,
1534 833 1674 866 κορυφαῖον
1691 834 1740 856 τῶν
1756 829 1917 865 ἀποστόλων,

1092 874 1124 903 id
1138 878 1192 909 est,
1204 876 1294 910 caput
1303 874 1349 902 vel
1358 873 1496 902 verticem
1507 874 1722 910 apostolorum,
1736 875 1784 903 vel
1803 876 1918 912 apicem

1091 919 1332 947 nominaverunt.
1348 919 1442 951 Quam
1452 919 1683 954 praerogativam
1698 919 1835 948 nominis
1851 928 1920 949 nun.

1091 971 1185 1000 quam
1200 964 1271 992 alibi
1280 963 1533 999 legi.Quanquam
1543 965 1708 992 Germanus
1723 966 1867 993 Nicaenus
1881 974 1920 994 ar-

1091 1009 1309 1044 chiepiscopus,
1335 1008 1390 1036 iste
1417 1007 1545 1043 scilicet,.
1563 1008 1616 1044 qui
1637 1016 1734 1044 nuper
1760 1009 1920 1038 defunctus

1090 1055 1144 1088 est,
1160 1053 1190 1080 in
1201 1052 1385 1089 quibusdam
1402 1052 1463 1079 suis
1480 1052 1594 1084 litteris,
1615 1061 1692 1089 quas
1720 1056 1831 1082 contra
1848 1055 1920 1082 Lati-

1089 1106 1198 1126 norum
1207 1097 1300 1125 ﬁdem
1321 1105 1419 1134 nuper
1443 1097 1615 1132 transmisit,
1641 1098 1731 1126 etiam
1747 1099 1919 1135 apostolum

1088 1142 1212 1171 Paulum
1225 1145 1365 1180 κορυφαῖον
1388 1146 1438 1168 τῶν
1464 1141 1614 1168 ἀποστόλων
1638 1143 1821 1171 nominavit.
1847 1145 1919 1177 Quia

1087 1190 1188 1216 autem
1201 1186 1325 1223 quidam
1342 1187 1517 1216 Graecorum
1525 1187 1684 1223 episcopus
1700 1195 1867 1224 nunquam
1882 1192 1920 1217 ta-

1085 1232 1144 1260 lem
1159 1231 1338 1259 abusionem
1354 1239 1385 1258 se
1398 1231 1547 1258 audivisse
1576 1233 1700 1259 testatus
1716 1235 1769 1268 est,
1788 1234 1873 1261 unde
1887 1236 1913 1261 et

1085 1276 1187 1304 derisit
1205 1275 1370 1305 hominem.
1393 1274 1451 1303 Sed
1463 1277 1536 1304 esto.
1552 1275 1628 1308 Quid
1640 1275 1679 1303 ad
1689 1284 1753 1304 rem
1768 1278 1782 1304 ?
1808 1278 1913 1306 Roma-

1085 1329 1143 1348 nus
1158 1328 1291 1356 namque
1302 1319 1444 1356 pontifex,
1459 1327 1520 1348 non
1533 1319 1631 1348 solum
1647 1320 1735 1355 Petri,
1749 1322 1804 1350 sed
1823 1323 1914 1351 etiam

1085 1365 1168 1393 Pauli
1192 1365 1301 1393 meruit
1328 1372 1394 1392 esse
1420 1372 1585 1392 successor.
1617 1366 1698 1393 Petro
1721 1367 1871 1394 successit
1886 1367 1914 1394 in

1086 1411 1231 1446 potestate
1246 1409 1386 1444 clavium,
1400 1408 1490 1436 Paulo
1500 1409 1531 1436 in
1541 1408 1727 1437 discussione
1738 1418 1913 1439 causarum.

1088 1456 1160 1482 Nam
1175 1454 1251 1482 sicut
1262 1455 1363 1481 Petrus
1378 1453 1584 1481 auctoritatem
1607 1453 1721 1488 ligandi
1745 1458 1840 1491 atque
1857 1455 1914 1483 sol-

1086 1498 1176 1526 vendi
1205 1498 1318 1534 accepit
1352 1506 1370 1526 a
1406 1498 1543 1531 Domino,
1574 1498 1615 1526 ita
1644 1498 1750 1526 Paulus
1782 1500 1913 1528 scientiae

1048 1530 1068 1556 (λ
1086 1530 1313 1580 plenitudinem.
1336 1543 1367 1570 Et
1381 1542 1448 1570 licet
1471 1550 1577 1570 omnes
1602 1543 1730 1579 apostoli
1753 1543 1874 1579 ligandi
1889 1547 1915 1573 et

1087 1588 1220 1616 solvendi
1236 1588 1335 1615 claves
1348 1595 1366 1615 a
1382 1587 1508 1615 Domino
1524 1589 1716 1624 susceperint,
1740 1589 1846 1617 nullus
1875 1594 1914 1618 ta-

1086 1641 1155 1660 men
1171 1632 1362 1668 plenitudinis
1376 1634 1556 1668 potestatem
1574 1632 1631 1660 sibi
1650 1633 1753 1669 aliquo
1776 1636 1914 1671 tempore

1087 1677 1258 1705 vindicavit.
1275 1678 1348 1705 Sunt
1361 1684 1431 1704 vero
1452 1676 1552 1704 vocati
1568 1676 1598 1703 in
1624 1680 1739 1713 partem
1767 1678 1913 1707 sollicitu-

1083 1721 1173 1756 dinis,
1188 1722 1265 1749 sicut
1278 1720 1496 1756 archiepiscopi
1510 1728 1529 1748 a
1541 1728 1632 1757 papa,
1648 1722 1783 1758 episcopi
1800 1723 1842 1751 ab
1867 1732 1913 1752 ar-

1082 1765 1290 1802 chiepiscopis,
1315 1767 1344 1793 et
1365 1765 1403 1793 ab
1436 1765 1585 1801 episcopis
1612 1767 1794 1794 sacerdotes.
1829 1769 1913 1797 Unde

1082 1811 1194 1839 factum
1203 1812 1258 1844 est,
1274 1812 1306 1837 ut
1321 1817 1510 1837 successores
1536 1809 1663 1838 aliorum
1687 1812 1913 1848 apostolorum,

1082 1862 1144 1883 non
1157 1854 1269 1882 summi
1283 1853 1450 1890 pontiﬁces,
1461 1854 1513 1881 sed
1529 1854 1770 1890 archipreesules,
1795 1856 1844 1884 vel
1863 1865 1914 1885 ar-

1083 1899 1266 1935 chiepiscopi
1280 1899 1660 1934 nuncupentur.Romanus
1676 1907 1747 1927 vero
1763 1901 1914 1936 pontifex,

1083 1944 1155 1980 quia
1165 1945 1262 1978 Petro,
1277 1943 1307 1971 id
1334 1946 1388 1977 est,
1413 1943 1517 1970 Christi
1533 1943 1644 1971 vicario
1672 1946 1828 1980 successit,
1851 1954 1916 1974 non

1083 1989 1231 2017 immerito
1241 1996 1379 2016 summus
1393 1988 1527 2024 pontifex
1542 1990 1570 2016 et
1583 1996 1672 2024 papa,
1687 1988 1745 2018 hoc
1756 1993 1813 2024 est,
1827 1992 1916 2020 Pater

1082 2036 1221 2068 Patrum,
1238 2033 1426 2069 singulariter
1439 2037 1642 2070 nuncupatur.

1119 2080 1251 2108 Aliorum
1265 2079 1353 2107 etiam
1364 2079 1500 2107 locorum
1508 2079 1652 2116 episcopi,
1668 2080 1698 2108 in
1712 2081 1827 2117 quibus
1846 2083 1915 2120 ipse

1083 2124 1278 2162 personaliter
1293 2124 1419 2160 praefuit,
1444 2127 1476 2152 ut
1501 2125 1675 2160 Antiochiae,
1690 2125 1735 2153 vel
1760 2126 1801 2154 ad
1816 2135 1916 2163 quam

1083 2169 1228 2197 vicarium
1241 2176 1330 2196 suum
1349 2168 1440 2202 misit,
1464 2170 1497 2196 ut
1515 2169 1645 2196 Marcum
1670 2169 1874 2206 Alexandriae,
1887 2175 1916 2201 et

1083 2214 1152 2242 item
1166 2215 1306 2242 Caesareus
1323 2212 1498 2246 Palaestinae,
1509 2212 1561 2240 ubi
1576 2213 1736 2242 concilium
1746 2215 1914 2250 ordinavit,

1083 2261 1112 2287 et
1130 2259 1155 2287 ei
1168 2259 1248 2286 vices
1273 2266 1342 2285 suas
1366 2257 1526 2291 commisit,
1541 2261 1662 2294 propter
1678 2258 1755 2287 Petri
1767 2267 1915 2289 reveren-

1083 2303 1156 2332 tiam
1172 2302 1323 2338 singulare
1339 2301 1527 2338 privilegium
1540 2304 1568 2330 et
1595 2302 1754 2337 dignitates
1776 2311 1841 2340 prae
1858 2314 1917 2334 ca:-

1083 2349 1151 2377 teris
1163 2347 1297 2375 Ecclesiis
1308 2348 1490 2380 meruerunt,
1505 2348 1537 2374 ut
1548 2346 1695 2375 dictarum
1707 2348 1916 2378 Ecclesiarum

1084 2392 1227 2429 episcopi,
1237 2399 1297 2419 non
1307 2391 1403 2419 solum
1413 2391 1546 2426 episcopi
1555 2391 1602 2418 vel
1615 2391 1847 2429 archiepiscopi,
1859 2395 1917 2423 sed

1084 2436 1271 2474 patriarchas,
1283 2436 1340 2463 hoc
1351 2437 1404 2470 est,
1426 2435 1576 2471 principes
1605 2437 1734 2472 Patrum,
1767 2438 1817 2465 vel
1833 2439 1919 2474 prin-

1084 2482 1207 2518 cipales,
1221 2480 1414 2517 appropriato
1429 2480 1588 2514 vocabulo,
1605 2489 1622 2509 a
1637 2482 1752 2509 cunctis
1767 2483 1919 2512 nomina-

1084 2530 1194 2555 rentur.

1121 2571 1149 2600 Si
1160 2579 1231 2599 vero
1244 2569 1397 2606 quauitur,
1411 2569 1492 2598 Unde
1521 2577 1592 2605 ergo
1604 2570 1772 2599 Jerusalem
1794 2574 1822 2600 et
1839 2573 1921 2602 Con-

1084 2615 1292 2652 stantinopolis
1301 2615 1413 2644 habent
1428 2615 1630 2652 patriarcham
1641 2615 1655 2643 ?
1671 2616 1900 2653 respondemus
1912 2628 1919 2648 :

1059 2694 1183 2722 23.10am.
1201 2700 1219 2728 ι,
1236 2693 1282 2720 42.
