1944 3084
43 111 112 138 529

763 111 903 140 CONTRA
924 111 1080 140 GR/ECOS.

1720 108 1773 137 530

42 171 84 199 In
111 171 214 209 primo
229 172 362 208 generali
376 172 510 209 concilio,
524 172 626 201 Patres
641 173 746 208 sancti,
763 173 816 209 qui
827 173 896 202 ade-
910 175 932 202 Α
948 173 1098 210 ριιωᾶὶοιω
1114 172 1241 201 civitatis
1260 171 1413 208 episcopo,
1440 171 1551 208 petenti
1570 171 1771 200 confirmatio-

41 220 138 251 rant,
150 217 380 246 considerantes
394 218 450 245 loci
465 217 672 251 reverentiam,
682 219 719 246 de
729 218 894 247 Jerusalem

42 262 181 295 scilicet,
195 270 294 299 quam
309 262 488 299 Redemptor
513 263 650 291 omnium
665 271 721 291 sua
735 264 894 299 praesentia

43 309 83 334 et
116 315 171 335 suo
199 315 309 335 cruore
329 307 464 343 piissime
480 307 622 343 dignatus
641 310 685 335 est
704 315 890 340 consecrare,

41 351 210 381 honorem
246 352 431 388 hujusmodi,
462 354 490 381 et
510 353 729 389 patriarchatus
742 353 892 389 ejusmodi

42 396 116 425 loci
129 397 277 433 episcopo
291 397 494 433 dispensative
504 400 726 426 concesserunt.
750 398 892 426 Dixerunt

42 442 159 469 enim:
186 453 199 466 α
224 442 399 474 Statuimus,
426 444 458 470 ut
480 441 560 470 Elim
584 442 744 479 episcopus
768 444 890 478 propter

41 486 259 514 reverentiam
289 486 414 521 Domini,
431 486 690 523 praeminentium
713 486 758 515 vel
779 494 890 523 praero-

43 531 189 566 gativam
222 531 370 558 honorem
400 531 621 566 patriarchatus
647 531 777 560 habeat:
806 531 890 560 salvo

41 576 122 610 jure
155 577 185 603 et
218 575 384 603 reverentia
417 575 602 611 metropolis,
631 587 645 600 »
674 575 731 604 hoc
761 578 815 609 est,
841 584 889 604 ar-

44 619 246 656 chiepiscopi
270 618 433 647 Palaestinae
450 620 603 647 Caesarem.
624 619 708 652 Quod
735 619 802 647 ideo
827 619 888 648 fac-

45 667 121 692 tum
157 666 214 698 est,
245 663 320 699 quia
356 663 508 691 Cornelius
539 665 683 697 centurio,
706 664 782 692 sicut
811 665 888 693 dixi-

43 716 136 742 mus,
153 716 172 736 a
186 709 270 736 Petro
286 708 423 744 ap0stolo
438 708 599 744 episcopus
607 708 718 736 ibidem
731 709 887 737 ordinatus

43 753 138 780 vices
150 753 249 787 ipsius
264 752 393 788 apostoli
407 752 613 788 apostolorum
629 753 772 789 principis
787 753 817 781 in
828 753 892 782 vita“

44 805 112 825 sua
129 797 266 832 gerebat.
284 796 436 825 Distinctio
451 797 641 832 sexagesima
662 797 768 833 quinta
781 798 822 826 ita
836 798 888 826 ha-

948 226 1018 246 nem
1034 226 1096 246 sua)
1121 217 1284 253 dignitatis,
1300 219 1327 245 et
1341 216 1478 253 querenti
1501 216 1538 244 de
1559 215 1664 250 legatis
1689 216 1769 244 sedis

948 262 1129 299 apostolicis,
1144 270 1180 290 eo
1192 261 1276 298 quod
1290 268 1352 289 non
1376 263 1594 289 consenserunt
1620 259 1769 296 przedictie

946 307 1137 340 ordinationi,
1152 307 1192 335 ita
1206 305 1276 334 dicit
1292 314 1298 334 :
1317 317 1331 331 ι(
1347 306 1404 334 Sed
1430 305 1619 341 temetipsum
1634 312 1769 338 accusas,

946 352 1031 388 quod
1057 352 1098 380 eis
1118 351 1246 387 (legatis)
1270 358 1376 387 parere
1403 350 1544 382 nolueris,
1576 349 1650 377 dum
1671 349 1772 377 illicita

945 397 1076 429 moliris;
1100 396 1250 432 superflue
1279 403 1342 423 non
1361 394 1554 423 concedenda
1576 396 1721 430 appetens
1742 396 1772 422 et

943 441 1135 470 insalubriter
1149 440 1296 468 contraria
1316 439 1545 476 concupiscens,
1562 447 1629 475 quae
1652 438 1770 466 nullum

943 494 1080 522 unquam
1095 486 1256 522 potuerunt
1267 486 1405 512 nostrum
1421 484 1554 512 obtinere
1569 491 1764 512 consensum.

943 531 1026 559 Absit
1039 531 1119 559 enim
1134 539 1153 558 a
1167 529 1349 558 conscientia
1368 536 1446 563 mea,
1462 531 1494 557 ut
1506 531 1568 557 tam
1579 536 1674 564 prava
1687 528 1768 564 cupi-

943 576 1022 604 ditas
1043 576 1117 604 meis
1139 575 1245 603 studiis
1269 574 1439 609 adjuvetur,
1454 585 1468 598 »
1490 575 1544 602 etc.
1571 573 1638 601 Hinc
1664 574 1768 602 autem

943 623 1054 658 scripta
1065 621 1170 649 suntin
1184 620 1274 656 gestis
1286 619 1385 656 quarti
1395 619 1521 654 concilii,
1534 618 1572 647 de
1580 626 1641 655 quo
1651 618 1767 655 praefati

943 675 1061 694 sumus.

978 711 1035 739 Sed
1043 710 1202 744 Gregorius
1211 709 1352 744 Dialogus
1358 709 1534 745 episcopum
1542 708 1678 743 ejusdem
1684 707 1767 736 urbis

942 753 1454 790 Eleemosynariumreprehendens,
1461 760 1496 780 eo
1502 752 1586 788 quod
1593 752 1649 780 tale
1656 759 1767 780 nomen

941 799 1052 827 habere
1067 798 1302 835 przesumpserit,
1318 798 1359 825 ita
1373 797 1475 824 scribit
1485 797 1516 824 in
1531 804 1586 824 suo
1608 796 1740 831 Hegistro
1757 805 1764 824 :

43 842 113 876 bet,
130 849 228 878 quam
247 849 314 869 mos
330 842 472 878 antiquus
488 844 515 869 et
529 844 648 870 vetusta
663 841 782 870 traditio
807 842 886 870 obti-
900 850 922 877 Β
941 856 955 870 ‹‹
973 844 1056 880 Papa
1067 844 1191 879 insuper
1212 844 1365 870 Romanus
1379 849 1449 870 cum
1467 841 1602 869 oblatum
1617 843 1693 869 esset
1705 841 1731 869 ei
1747 849 1764 869 a

42 887 130 920 nuit,
145 889 179 914 ut
204 886 338 917 .Elim,id
359 888 413 918 est,
438 885 601 914 Jerusalem
622 886 764 922 episcopo
788 886 887 915 honor

43 931 220 965 deferatur,
250 930 362 958 habeat
392 932 611 966 consequenter
634 930 790 964 honorem,
821 939 885 959 ma-

42 978 145 1003 nente
169 977 271 1003 tamen
289 974 526 1010 metropolitanaa
549 975 673 1003 civitatis
696 975 819 1012 propria
843 975 885 1003 di-

44 1020 180 1055 gnitate.

87 1066 222 1092 Constan
229 1063 368 1100 tinopolis
375 1064 618 1099 «propriesedem
628 1073 682 1092 non
688 1064 776 1092 habet
789 1074 794 1099 ;
807 1076 820 1089 ››
832 1065 885 1093 sed

45 1108 245 1136 Theodosius
265 1108 427 1143 imperator
439 1108 470 1135 in
487 1107 621 1136 secundo
636 1109 761 1136 concilio
790 1109 886 1144 coegit

46 1155 178 1181 centum
191 1152 412 1191 quinquaginta
427 1153 537 1186 Patres,
554 1152 632 1180 clam
646 1161 766 1181 summo
791 1153 886 1181 Ponti-

47 1198 119 1232 fice,
143 1197 210 1225 sine
235 1197 323 1232 cujus
344 1204 495 1224 consensu
509 1196 573 1225 ﬁeri
587 1204 649 1225 non
675 1197 781 1233 potuit,
796 1200 886 1233 prout

40 1241 221 1274 legentibus
236 1241 318 1268 hunc
331 1241 464 1269 libellum
481 1241 603 1277 patebit,
627 1243 659 1269 ut
677 1242 884 1270 Constantino-

40 1286 126 1322 polis
143 1286 247 1314 sedem
265 1285 472 1316 sublimarent,
488 1293 600 1313 nomen
615 1286 641 1314 ei
664 1286 883 1322 patriarchatus

40 1332 260 1364 attribuentes,
281 1330 364 1367 quod
391 1333 458 1358 ante
483 1338 545 1358 non
573 1331 715 1359 habebat.
742 1333 883 1359 Processu

40 1384 118 1403 vero
135 1375 294 1412 temporis,
307 1378 457 1402 crescente
472 1377 638 1403 Graecorum
653 1375 777 1410 malitia,
794 1378 821 1404 et
832 1384 883 1412 po-

40 1420 138 1448 tentia
156 1419 371 1451 invalescente,
398 1420 510 1453 Patres,
538 1420 590 1455 qui
620 1423 823 1448 convenerant
850 1421 881 1448 in

38 1467 153 1500 quarto
170 1463 308 1496 concilio,
323 1472 414 1491 suasu
425 1464 568 1500 principis
580 1465 724 1499 Martiani,
738 1464 880 1501 qumdam

38 1508 203 1545 privilegia
221 1510 363 1536 Romanis
390 1509 470 1536 sedis
496 1509 617 1543 similia,
643 1511 671 1536 et
695 1510 752 1537 hoc
768 1517 879 1538 nomen
902 1525 922 1552 ρ

39 1554 225 1589 ιίκουμενικὸς
252 1553 433 1588 patriarcha,
459 1553 541 1589 quod
568 1555 664 1584 sonat,
689 1553 877 1588 orbicularis,

40 1599 106 1626 sive
115 1597 296 1625 universalis
306 1597 485 1632 patriarcha,
497 1598 594 1626 eidem
607 1598 880 1634 Constantinopoli-

42 1646 117 1671 tano
128 1642 286 1678 episcopo,
303 1642 577 1670 contradicentibus
605 1643 776 1679 apostolicae
799 1644 878 1671 sedis

42 1687 161 1721 legatis,
186 1687 387 1714 contulerunt.
419 1688 460 1718 Et,
496 1690 527 1714 ut
547 1687 658 1715 habeat
683 1688 814 1723 primum
835 1688 878 1716 lo-

43 1740 114 1759 cum
124 1734 194 1767 post
202 1739 406 1767 papamrcum
414 1731 879 1768 Alexandrinusarchiepiscopus

44 1776 189 1812 primitus
206 1784 275 1803 eam
291 1775 469 1810 dignitatem
493 1775 643 1810 habuerit,
670 1777 699 1804 in
726 1777 833 1812 primo,
850 1780 878 1806 et

45 1820 196 1854 secundo,
214 1823 243 1848 et
269 1820 354 1847 terlio
369 1819 508 1854 concilio,
534 1823 655 1856 propter
680 1822 876 1850 reverentiam

44 1865 126 1893 beati
153 1864 254 1897 Marci,
277 1864 416 1900 discipuli
438 1864 516 1892 beati
541 1865 626 1894 Petri.
667 1867 876 1894 Verumtamen

44 1910 116 1945 quia
130 1917 168 1937 ea
188 1908 454 1936 definiebantnrin
480 1909 611 1936 conciliis
638 1909 701 1936 sine
728 1918 876 1938 consensu

43 1961 142 1990 papze,
162 1952 209 1980 vel
224 1953 392 1987 legatorum
408 1952 512 1988 ipsius,
536 1953 628 1981 robur
647 1954 794 1982 ﬁrmitatis
824 1954 876 1983 ha-

43 1998 113 2025 bere
127 2005 191 2025 non
207 1998 357 2033 poterant,
373 1997 443 2024 dicti
464 1998 562 2024 Patres
578 2005 602 2024 ιν
626 1998 742 2026 concilii
756 2001 874 2033 cuncta,

43 2050 110 2078 qua:
127 2043 264 2077 egerant,
282 2040 321 2069 ad
334 2041 434 2077 ipsum
450 2041 692 2072 transmittentes.
706 2046 810 2078 petunt
822 2043 875 2071 bu-

44 2087 152 2115 militer
167 2085 348 2114 eorumdem
363 2085 633 2114 conﬁrmationem.
651 2087 707 2115 Sed
720 2088 792 2123 quia
818 2088 876 2116 tale

43 2131 220 2159 ambitionis
235 2138 348 2158 nomen
355 2133 382 2158 et
392 2133 568 2166 potestatem
576 2133 752 2168 usurpatam
763 2132 876 2160 indebi-

45 2178 79 2209 te,
97 2184 162 2204 non
174 2175 240 2203 sine
250 2182 362 2210 magna
372 2174 481 2210 injuria
492 2174 619 2203 aliorum
635 2177 876 2212 patriarcharum

44 2224 70 2248 et
81 2221 217 2248 maxime
231 2219 387 2255 papze,sibi
395 2222 611 2254 arrogaverunt
619 2221 721 2252 Graeci;
729 2221 797 2249 ideo
807 2221 877 2249 bea-

44 2268 90 2294 tus
107 2267 166 2294 Leo
183 2272 266 2301 papa
279 2265 412 2301 petitioni
425 2264 542 2297 concilii
563 2265 645 2293 nullo
660 2266 750 2294 modo
777 2274 878 2295 assen-

44 2319 111 2338 sum
122 2309 262 2346 praebere
271 2308 373 2341 voluit,
384 2308 438 2336 sed
447 2309 563 2345 scripsit
571 2309 611 2336 eis
619 2310 661 2337 sic
670 2311 727 2345 (t7)
739 2321 767 2341 ;‹‹
778 2311 818 2338 De
828 2319 878 2339 ne-

45 2355 132 2389 gotiis
148 2353 221 2381 ﬁdei
235 2352 388 2389 synodum
400 2353 576 2388 congregari
591 2354 792 2389 permisimus,
805 2358 833 2383 et
847 2358 879 2383 ut

43 2402 221 2426 sanctorum
239 2398 361 2424 Patrum
375 2405 508 2424 canones
526 2401 749 2432 conserventur,
766 2407 834 2435 qum
849 2399 877 2427 in

45 2444 162 2471 Nicaena
179 2441 300 2478 synodo
314 2442 501 2469 inconcussis
514 2440 708 2476 dogmatibus
724 2443 803 2472 edita
816 2443 876 2472 {ue-

44 2491 121 2516 runt.
141 2488 344 2522 Quapropter,
362 2486 498 2522 inquam,
516 2487 754 2516 consideratione
770 2491 876 2517 vestrae

46 2531 212 2560 sanctitatis
229 2531 395 2562 innotesco,
413 2531 494 2566 quod
508 2531 716 2565 Ecclesiarum,
734 2536 822 2569 prout
837 2533 877 2562 ab

47 2577 98 2604 illis
123 2574 267 2604 trecentis
290 2575 395 2602 decem
426 2577 454 2602 et
477 2578 545 2603 octo
574 2576 711 2604 Patribus
735 2577 877 2606 divinitus

48 2620 200 2657 inspiralis
216 2619 298 2647 edita
313 2622 392 2652 sunt,
409 2619 549 2647 volumus
565 2622 597 2648 ut
613 2625 828 2657 permaneant;
845 2625 878 2652 ut

49 2665 86 2693 nil
97 2663 306 2693 inverecunda
314 2663 438 2692 ambitio
449 2663 609 2693 desideret.
627 2677 640 2691 ››
659 2666 729 2695 lude
739 2667 876 2696 Anatolio

82 2755 138 2790 (t7)
155 2754 186 2783 S.
202 2753 263 2782 Leo
278 2752 318 2782 ad
333 2752 494 2782 concilium
509 2761 538 2781 1v

941 888 1073 916 conciliis
1084 895 1195 916 nomen
1207 886 1288 919 illud,
1301 894 1459 922 nunquam
1470 885 1562 913 voluit
1575 885 1735 921 suscipere:
1749 897 1762 910 η

941 935 974 962 Et
1001 935 1069 970 post
1082 940 1201 969 pauca:
1219 943 1233 956 «ι
1252 931 1391 965 Sufﬁciet,
1407 930 1514 966 inquit,
1544 930 1606 964 tibi,
1624 930 1706 965 quod
1721 930 1765 957 di-

939 978 1083 1013 gnitatem
1099 976 1337 1013 patriarcharum
1361 975 1501 1003 dedimus
1522 974 1585 1007 tibi,
1616 982 1683 1001 cum
1702 982 1763 1002 non

938 1022 1052 1050 habeas
1075 1021 1188 1049 sedem.
1205 1029 1220 1047 ›
1237 1020 1344 1049 Sedem
1360 1021 1446 1047 vocat
1471 1019 1675 1047 auctoritatem
1690 1019 1764 1047 Petri

938 1066 1092 1094 videlicet:
1115 1066 1216 1093 locum
1231 1072 1322 1102 quem
1339 1071 1390 1100 per
1404 1071 1444 1096 se,
1456 1062 1504 1091 vel
1518 1071 1571 1099 per
1585 1062 1678 1090 alium
1690 1070 1763 1098 prae-

940 1110 1067 1139 sidendo
1091 1109 1332 1138 auctorisabilem
1349 1111 1378 1136 et
1403 1107 1598 1136 reverendum
1623 1106 1762 1139 reddidit,

940 1157 972 1183 ut
984 1155 1089 1183 merito
1105 1154 1193 1183 sedes
1208 1153 1376 1190 apostolica
1385 1152 1565 1180 nominetur.
1579 1153 1638 1179 Hoc
1646 1159 1765 1187 semper

939 1199 1211 1235 Constantinopolis
1231 1198 1357 1226 curavit.
1384 1198 1505 1232 Propter
1527 1195 1611 1232 quod
1637 1198 1666 1223 et
1688 1196 1764 1224 inter

939 1244 1025 1272 sedes
1040 1243 1220 1280 apostolicas
1233 1250 1294 1270 non
1307 1244 1483 1270 numeratur
1498 1240 1545 1268 vel
1560 1242 1762 1276 computatur.

976 1288 1059 1316 Unde
1076 1289 1131 1316 Leo
1155 1295 1237 1323 papa
1252 1287 1282 1315 in
1311 1295 1336 1314 iv
1365 1285 1491 1314 concilio
1518 1284 1557 1313 ad
1588 1284 1764 1313 Martiauum

939 1333 1162 1369 imperatorem,
1177 1331 1214 1359 de
1224 1331 1371 1363 Anatolio,
1386 1330 1516 1365 praefata:
1528 1328 1611 1356 urbis
1621 1329 1764 1364 episcopo

940 1379 1049 1405 temere
1063 1378 1226 1412 usurpante
1237 1376 1287 1411 jus
1300 1383 1361 1403 non
1372 1374 1628 1408 sibiconcessum,
1642 1373 1684 1401 ita
1695 1373 1762 1401 scri-

938 1421 1003 1450 bit:
1023 1433 1033 1446 ι
1052 1421 1184 1450 Sufficiat
1207 1420 1360 1457 praedicto,
1377 1419 1488 1446 scilicet
1509 1418 1656 1451 Anatolio,
1681 1417 1764 1454 quod

939 1469 997 1494 tua:
1021 1465 1139 1502 pietatis
1165 1464 1276 1493 auxilio
1288 1467 1316 1492 et
1348 1463 1448 1492 studio
1472 1471 1525 1490 seu
1553 1462 1762 1495 sollicitudine,

938 1513 1041 1538 nostro
1058 1517 1183 1538 assensu
1206 1511 1294 1537 tantae
1319 1508 1443 1536 civitatis
1467 1506 1673 1542 episcopatum
1689 1507 1763 1535 obti-

936 1556 1018 1583 nuit:
1034 1562 1088 1583 nec
1111 1554 1270 1588 indignum
1286 1560 1316 1580 se
1340 1552 1428 1580 faciat
1443 1551 1554 1579 habere
1573 1550 1705 1585 regalem
1720 1551 1760 1578 ci-

934 1599 1075 1628 vitatem:
1094 1607 1186 1635 quam
1202 1597 1325 1634 quidem
1349 1595 1546 1632 apostolicum
1571 1595 1684 1630 locum,
1700 1594 1760 1622 sive

935 1644 1036 1672 sedem
1054 1644 1149 1672 facere
1165 1651 1225 1671 non
1240 1642 1357 1678 poterit.
1381 1640 1438 1669 Sed
1466 1647 1521 1667 nec
1546 1639 1646 1675 aliquo
1666 1638 1759 1666 modo

934 1691 1042 1724 speret,
1054 1689 1137 1724 quod
1147 1687 1328 1715 oiiendendo
1339 1686 1422 1721 alios,
1435 1684 1604 1721 possitipse
1616 1691 1758 1711 crescere.

933 1734 1008 1761 Nam
1017 1732 1220 1768 praerogativae
1227 1732 1377 1760 honorum
1386 1733 1558 1758 sanctarum
1565 1728 1758 1756 ecclesiarum

933 1779 1050 1806 Patrum
1061 1776 1240 1809 canonibus,
1251 1779 1278 1803 et
1289 1774 1466 1803 venerabilis
1477 1773 1585 1809 synodi
1597 1773 1701 1800 Nicaeae
1712 1780 1758 1800 ce-

931 1822 1053 1850 lebratae
1067 1822 1201 1856 decretis,
1217 1820 1385 1854 constituta,
1410 1818 1493 1846 nulla
1515 1821 1642 1854 possunt
1666 1819 1757 1845 teme-

932 1866 1026 1894 ritatis
1041 1866 1168 1894 malacia
1181 1865 1305 1898 moveri,
1316 1873 1371 1892 nec
1395 1864 1484 1891 etiam
1501 1863 1602 1898 aliqua
1627 1862 1757 1889 novitate

934 1911 1051 1939 mutari.
1071 1923 1084 1935 ι)
1103 1911 1183 1938 Unde
1205 1911 1311 1938 beatus
1328 1908 1486 1943 Gregorius
1511 1907 1650 1941 Dialogus
1675 1906 1756 1937 dicit,

931 1964 1001 1983 cum
1017 1955 1054 1983 de
1065 1955 1186 1982 sedibus
1203 1953 1392 1990 generalibus
1423 1953 1533 1980 faceret
1560 1950 1753 1982 mentionem,

932 2000 1009 2028 sicut
1024 2007 1114 2036 supra
1125 2000 1155 2027 in
1167 2001 1292 2027 tractatu
1303 1998 1340 2026 de
1356 1998 1545 2025 sacramento
1565 1995 1755 2023 Eucliaristiae

930 2046 1084 2073 ostensum
1101 2047 1153 2076 est,
1168 2043 1326 2070 Ecclesiam
1343 2043 1474 2078 quatuor
1488 2039 1645 2068 ordinibus
1657 2038 1756 2065 distri-

930 2088 1034 2117 butam
1048 2095 1123 2122 esse,
1135 2087 1165 2114 id
1179 2090 1231 2119 est,
1245 2089 1458 2118 Romanorum,
1470 2083 1753 2119 Hicrosolymorum,

931 2131 1210 2161 Alexandrinorum.
1223 2135 1252 2158 et
1278 2130 1533 2158 Antioclienorum
1555 2137 1561 2156 :
1587 2127 1639 2164 qui
1667 2134 1756 2163 gene-

929 2177 1039 2209 raliter,
1052 2176 1187 2212 inquum,
1206 2175 1334 2202 Ecclesia
1357 2174 1538 2201 nominetur.

967 2222 1017 2249 llic
1029 2229 1060 2249 se
1072 2221 1112 2248 sic
1123 2220 1315 2253 habentibus,
1331 2218 1461 2246 multum
1476 2217 1595 2245 videtur
1605 2216 1755 2254 oppositio

930 2265 1134 2303 quorumdam
1156 2265 1329 2292 Latinorum
1352 2263 1508 2296 infirmari,
1535 2262 1618 2298 quod
1641 2262 1754 2293 dicunt,

930 2311 1013 2347 quod
1028 2310 1214 2347 patriai-clum
1239 2309 1325 2336 diclre
1354 2309 1432 2342 sunt,
1459 2307 1532 2344 quia
1557 2307 1588 2334 in
1614 2306 1660 2334 his
1682 2306 1755 2334 locis

930 2355 1057 2392 apostoli
1070 2354 1285 2391 praesederunt.
1296 2352 1352 2381 Sed
1366 2360 1411 2386 eo,
1421 2351 1503 2388 quod
1516 2351 1672 2386 apostolus
1681 2359 1756 2387 pra:-

931 2401 1018 2436 sidet,
1034 2400 1065 2428 id
1079 2402 1124 2428 cst
1147 2401 1257 2433 Petrus,
1284 2398 1332 2426 vel
1346 2405 1399 2434 per
1415 2404 1456 2430 se,
1490 2396 1537 2423 vel
1565 2403 1654 2423 suum
1677 2396 1755 2424 vica-

930 2446 1019 2477 rium,
1034 2445 1146 2473 valeret
1167 2444 1247 2481 quod
1274 2443 1390 2471 dicitur.
1418 2441 1446 2469 Si
1476 2440 1649 2477 simpliciter
1672 2440 1756 2468 intel-

929 2490 980 2525 ligi
996 2490 1109 2523 volunt,
1124 2489 1279 2526 quomodo
1293 2490 1371 2516 stare
1392 2486 1487 2523 possit
1509 2492 1571 2513 non
1595 2484 1753 2512 videmus:

929 2534 1074 2571 quoniam
1091 2536 1189 2562 essent
1203 2533 1313 2570 plures,
1325 2539 1418 2569 quam
1428 2530 1501 2558 haec.
1514 2531 1571 2557 Nec
1586 2528 1690 2556 omnia
1707 2537 1754 2556 su-

929 2587 985 2616 pra
992 2578 1148 2607 nominata
1157 2578 1225 2607 loca
1235 2575 1436 2614 patriai-cliuli,
1445 2575 1558 2603 honore
1566 2575 1753 2602 ornarentur.

929 2623 1034 2652 Nullus
1050 2622 1129 2650 enim
1147 2621 1355 2658 apostolorum
1380 2620 1467 2648 sedit.
1486 2616 1755 2654 Constantinopoli,

930 2667 977 2696 vel
989 2666 1185 2700 Alexandriae,
1201 2666 1258 2694 nisi
1282 2665 1356 2694 Petri
1371 2663 1521 2700 dicipulus
1547 2663 1668 2691 sanctus
1683 2662 1757 2690 Mar-
