1944 3084
220 128 268 155 531

827 126 1071 156 PANTALEONIS
1091 125 1235 154 DIACONI
1256 127 1309 154 ΟΡ.
1875 129 1919 154 532

218 197 282 216 eus.
297 190 377 217 Sedit
390 189 469 217 enim
485 189 639 217 Mediolani
653 190 816 224 Barnabas,
832 190 942 218 electus
971 197 1042 225 apo-
1058 192 1081 216 Α
1097 189 1231 220 tentiam,
1242 191 1405 224 antequam
1414 196 1449 216 ea
1459 196 1527 224 quae
1537 190 1621 222 gesta
1630 191 1712 221 sunt,
1726 196 1798 216 cum
1807 190 1921 216 veritate

219 234 312 261 stolus
328 234 461 268 gentium
472 242 541 261 cum
552 234 638 262 beato
652 234 757 265 Paulo,
767 237 795 262 et
806 234 898 270 aliqui
913 234 950 261 de
963 241 1039 269 apo-

219 278 301 306 stolis
327 278 509 314 quibusdam
532 278 705 312 regionibus
728 278 893 314 specialiter
916 278 1042 314 praefue-

218 324 298 350 runt.
317 322 372 350 Sed
389 322 412 350 si
436 323 641 359 quorumdam
657 323 873 358 apostolorum,
899 326 927 350 et
954 322 1041 350 disci-

218 367 358 402 pulorum
376 368 493 395 Domini
508 368 600 395 sessio
611 367 721 395 faceret
733 367 835 395 sedem
849 377 854 395 :
871 367 1041 395 necessario

219 413 306 445 esset,
323 411 399 439 sicut
424 411 565 444 diximus,
586 412 670 448 quod
692 415 791 439 essent
814 412 925 448 plures,
948 419 1040 447 quam

218 456 351 492 quinque
367 455 544 492 patriarchae
556 457 586 484 in
602 456 727 484 mundo.
754 455 810 484 Sed
826 456 971 492 quoniam
982 455 1040 482 hoc

217 507 279 528 non
294 500 439 535 videmus,
456 501 597 536 sequitur,
614 500 697 536 quod
713 501 810 535 gratia
830 501 904 528 Petri
931 500 1039 536 pradi-

217 547 332 572 ctarum
348 545 500 572 civitatum
516 545 603 573 sedes
618 545 765 573 honorem
780 545 957 580 hujusmodi
978 552 1040 580 prie

217 589 330 617 cieteris
348 589 484 617 Ecclesiis
512 592 699 617 meruerunt.
727 589 861 625 Suscepit
884 589 986 617 Petrus
1010 588 1038 616 in

215 633 400 669 plenitudine
412 634 691 670 potestatis,eteam
706 635 832 670 p05teris
847 634 908 661 suis
924 640 1040 661 succes-

215 678 280 705 sivo
290 678 356 713 jure
371 678 503 713 dimisit;
519 681 551 706 ut
565 679 616 714 qui
632 678 663 706 in
678 686 713 706 ea
727 678 807 713 sede,
832 686 937 714 quam,
954 680 986 705 ut
999 677 1040 705 ita

214 722 324 758 dicam,
341 723 486 759 martyrio
500 723 596 751 crucis
625 723 812 751 consecravit
824 731 879 759 pro
902 723 1037 754 Domino,

213 766 299 803 isque
324 768 491 795 secundum
506 775 654 795 eanonem
671 767 758 795 fuerit
783 767 905 799 electus,
935 766 1039 795 Christi

215 811 342 839 vicarius
357 820 418 840 non
434 811 584 840 immerito
596 815 805 847 cognOscatur.
826 812 912 845 Quod
935 814 968 839 ut
986 819 1037 839 ne-

1097 233 1269 267 audiamus,
1287 244 1301 257 »
1315 235 1369 260 etc.

1134 277 1214 305 ldem
1226 278 1282 305 Leo
1302 285 1383 313 papa
1395 277 1450 309 his,
1471 278 1522 313 qui
1536 278 1565 305 in
1577 278 1706 305 concilio
1733 277 1844 313 Ephesi
1857 278 1921 305 cele-

1095 321 1182 350 brato
1197 324 1291 353 erant,
1306 322 1344 349 ita
1358 323 1460 350 scribit
1474 331 1480 349 ε
1498 333 1512 346 ‹‹
1525 325 1625 358 Itaque
1649 322 1688 350 ad
1711 322 1920 358 perfectionem

1095 366 1239 394 divinitus
1265 369 1444 394 statutorum
1474 366 1646 402 apostolicae
1669 366 1828 394 cathedrae
1848 367 1920 401 petiit

1095 411 1259 447 imperator
1273 411 1387 447 apponi
1413 411 1673 439 conﬁrmationem
1697 414 1848 447 tanquam
1861 412 1915 438 aB.

1095 457 1179 483 Petro
1194 455 1282 483 fuerit
1296 455 1382 483 facta.
1400 466 1414 480 »

1129 500 1202 528 Item
1216 500 1370 537 principes
1385 500 1437 536 qui
1453 500 1614 528 intererant
1634 500 1769 528 concilio
1795 499 1861 528 loco
1874 500 1918 528 im-

1094 546 1251 581 peratoris,
1267 545 1304 572 de
1326 553 1407 581 papa
1421 546 1461 573 ita
1487 545 1671 581 loquuntur:
1690 557 1701 570 ι
1735 546 1815 578 Quia
1840 546 1919 580 igitur

1093 589 1170 617 lecta
1184 592 1228 618 est
1254 590 1379 625 epistola
1395 590 1509 617 domini
1531 591 1624 617 nostri
1651 590 1750 617 sancti
1779 590 1869 617 Patris
1882 599 1917 617 ar-

1094 633 1278 670 chiepiscopi
1291 635 1404 667 Leonis,
1419 634 1470 670 qui
1482 634 1657 662 cathedram
1670 634 1871 670 apostolicam
1881 642 1917 661 or-

1094 681 1156 711 nat,
1170 679 1285 714 expedit
1303 679 1392 706 etiam
1420 683 1452 705 ut
1473 679 1550 706 beati
1577 678 1675 714 Cyrilli
1691 679 1833 714 epistola,
1859 687 1916 714 quas

1093 725 1197 750 contra
1210 723 1375 751 Nestorium
1394 723 1515 759 scripta,
1531 723 1659 757 legatur.
1677 734 1690 748 η

1129 767 1199 795 Item
1211 767 1281 794 dicti
1299 767 1402 795 Leonis
1414 775 1501 803 papae
1516 767 1674 803 epistolam
1693 768 1735 795 de
1745 767 1864 795 duabus
1873 775 1915 794 na-

1093 811 1166 839 turis
1181 811 1211 838 in
1227 811 1352 843 Christo,
1368 811 1489 847 plenam
1509 812 1601 839 tidem
1630 813 1839 840 continentem
1864 815 1915 839 tota

212 855 374 884 scientibus
388 857 528 892 antiquas
549 857 690 884 historias
713 857 890 888 innotescat,
914 863 1038 892 quoquo
1055 864 1075 891 Β
1093 856 1223 892 perfecta
1236 856 1372 892 synodus
1385 856 1491 884 devote
1512 857 1680 892 suspiciens
1694 860 1725 884 et
1739 856 1912 892 approbans,

212 900 305 928 modo
321 900 358 927 de
372 900 474 928 multis
489 908 586 937 pauca
602 901 632 928 in
644 901 778 928 medium
793 901 982 928 adducimus.

247 945 353 972 Scribit
363 945 443 972 enim
459 946 515 973 Leo
533 953 614 982 papa
629 945 687 981 (t8)
713 945 902 980 congregatis
927 944 1038 972 sanctis

210 989 345 1017 Patribus
359 990 390 1017 in
404 992 513 1025 quarto
528 990 656 1018 consilio
676 990 734 1017 sic:
751 1001 765 1014 α
782 990 858 1017 Misit
881 989 969 1017 nobis
985 989 1039 1017 im-

209 1036 337 1069 perator,
354 1036 387 1061 ut
398 1034 559 1062 venerabili
569 1034 687 1070 synodo
696 1036 830 1062 nostram
846 1037 1037 1069 praesentiam

209 1078 430 1113 praeberemus;
444 1079 527 1114 quod
541 1078 666 1114 quidem
681 1086 736 1106 nec
749 1078 913 1106 necessitas
926 1081 1038 1113 tempo-

209 1123 259 1155 ris,
275 1130 330 1150 nec
347 1122 409 1150 ulla.
433 1123 620 1150 consuetudo
645 1125 761 1158 poterat
784 1123 964 1158 permittere.
981 1123 1037 1150 Ta-

209 1173 280 1193 men
297 1165 327 1193 in
340 1166 386 1193 his
405 1166 546 1194 fratribus
562 1167 743 1194 Paschasino
766 1169 795 1194 et
817 1167 956 1194 Lucentio
972 1166 1037 1202 epi-

210 1210 318 1246 scopis,
349 1210 502 1238 Bonifacio
526 1212 554 1238 et
581 1210 688 1238 Basilio
708 1210 902 1246 presbyteris,
924 1210 976 1247 qui
998 1211 1037 1238 ab

211 1254 376 1290 apostolica
401 1254 472 1282 sede
496 1255 600 1282 directi
624 1258 704 1285 sunt.
725 1263 774 1282 me
793 1255 911 1291 synodo
938 1258 1038 1283 vestra

210 1298 381 1326 fraternitas
395 1299 541 1326 existimet
559 1299 720 1335 praesidere
734 1308 740 1327 :
757 1307 813 1327 nec
837 1301 1005 1335 sejunctam
1019 1307 1038 1327 a

210 1343 296 1370 vobis
312 1343 502 1379 praesentiam
519 1352 620 1371 meam
636 1344 779 1375 conﬁdat,
792 1344 844 1380 qui
854 1352 934 1372 nunc
949 1345 980 1372 in
993 1344 1035 1371 vis

211 1387 298 1415 cariis
308 1387 383 1415 meis
396 1387 516 1421 adsum,
532 1388 706 1423 etjamdum
717 1388 787 1416 ﬁdei
798 1388 952 1416 catholicae
963 1397 1035 1425 pra:-

210 1431 359 1460 dicatione
369 1440 429 1460 non
440 1432 560 1462 desum.
574 1443 588 1457 ››
602 1435 656 1460 etc.
669 1433 724 1465 Qui
733 1433 819 1468 legati
829 1434 1035 1461 auctoritatem

210 1477 322 1504 summi
345 1476 495 1513 pontiﬁcis
523 1476 626 1511 functi,
666 1477 709 1505 sic
730 1477 760 1505 in
785 1477 911 1505 concilio
945 1477 1036 1505 locuti

210 1523 280 1549 sunt
291 1530 297 1548 :

246 1596 259 1608 ι(
276 1586 299 1611 Α
314 1583 488 1612 beatissimo
507 1586 535 1611 et
550 1583 714 1620 apostolico
732 1584 875 1620 episcopo
888 1586 1033 1619 Romano,

209 1629 260 1665 qui
270 1631 313 1656 est
324 1628 557 1664 caputomnium
569 1628 777 1661 Ecclesiarum,
790 1628 934 1656 mandata
944 1628 1035 1656 habe-

208 1681 288 1708 mus,
301 1673 512 1706 utDioscorus,
528 1673 699 1708 patriarcha
713 1672 911 1705 Alexandrina,
925 1673 954 1700 in
966 1681 1036 1700 con-

209 1717 276 1745 cilio
287 1725 347 1744 non
356 1716 468 1744 sedeat.
483 1716 570 1749 Quod
581 1717 605 1744 si
617 1717 729 1750 sedeat,
741 1717 916 1752 expellatur.
928 1729 936 1740 -
951 1719 1032 1752 item,

208 1760 296 1794 legati
311 1761 382 1788 dant
398 1763 501 1788 contra
514 1760 687 1787 Dioscorum
702 1761 889 1794 sententiam,
906 1761 1003 1795 rogati
1017 1770 1034 1789 a

208 1805 335 1832 conetlio
349 1805 405 1832 sic:
426 1817 435 1829 ι
454 1806 605 1840 Rogamus
621 1806 806 1832 sanctitatem
822 1807 962 1840 vestram,
982 1806 1034 1842 qui

206 1848 307 1876 locum
323 1849 460 1876 obtinetis
474 1849 654 1876 sanctissimi
684 1849 902 1885 archiepiscopi
919 1851 1033 1882 Leonis,

210 1896 240 1921 ut
251 1894 412 1921 sententias
428 1896 533 1921 contra
546 1901 625 1926 eum,
642 1896 669 1920 et
683 1901 789 1929 poenas
815 1902 880 1929 quae
902 1894 932 1921 in
948 1903 1036 1922 cano-

207 1938 296 1965 nibus
305 1938 502 1972 continentur,
513 1937 697 1965 deﬁniatisin
710 1938 818 1973 ipsum.
843 1939 944 1966 Omnis
956 1938 1034 1966 enim

207 1985 234 2010 et
249 1984 310 2010 tota
325 1982 504 2009 universalis
524 1981 660 2017 synodus
687 1984 790 2009 vestrm
807 1983 959 2011 sententiis
976 1991 1036 2011 non

214 2027 412 2055 discordabit.
423 2038 436 2051 n
447 2026 684 2059 Quideﬁnientes
694 2027 832 2055 dixerunt
845 2037 850 2054 :
863 2040 876 2052 α
887 2028 1037 2056 Manifesta

206 2073 282 2100 ﬁant
297 2071 438 2099 omnibus
458 2079 493 2098 ea
505 2079 572 2107 quas
587 2070 668 2106 dixit
693 2071 865 2100 Dioscorus.
882 2083 895 2097 ›ι
917 2074 949 2100 Et
969 2067 1038 2109 pos}

206 2125 306 2153 pauca
320 2115 498 2144 sententiam
521 2115 639 2149 dantes,
656 2116 862 2152 deposuerunt
889 2107 1037 2145 eumlCul

207 2161 358 2188 sententia:
379 2161 566 2188 concordans
579 2161 751 2196 patriarcha
767 2162 1034 2198 Constantinopoli—

1092 900 1122 928 in
1136 901 1285 936 episcopis
1301 900 1437 935 singulis,
1453 903 1483 929 et
1495 908 1548 936 per
1570 901 1708 936 singulos
1733 901 1827 928 dicit:
1845 912 1857 925 ι(
1873 902 1914 928 Fa-

1093 948 1156 973 teor
1171 945 1328 982 epistolam
1344 946 1543 982 archipiscopi
1561 946 1655 974 nostri
1672 946 1782 974 Leonis
1808 949 1913 981 aposto-

1091 989 1156 1017 licae
1180 990 1259 1017 sedis
1289 990 1480 1025 patriarchas.
1509 998 1674 1018 consonam
1703 998 1774 1018 esse
1803 989 1912 1017 editioni

1093 1037 1291 1062 trecentorum
1315 1034 1418 1062 decem
1446 1038 1475 1062 et
1500 1037 1568 1063 octo
1592 1036 1726 1069 Patrum,
1756 1035 1856 1070 quiin
1876 1034 1912 1061 Ni-

1093 1085 1186 1112 caena,
1209 1082 1237 1106 et
1252 1081 1371 1106 centum
1387 1079 1621 1115 quinquaginta,
1639 1079 1694 1115 qui
1709 1079 1741 1106 in
1759 1078 1911 1106 Constanti

1092 1122 1279 1158 nopolitana,
1293 1131 1349 1150 nec
1364 1131 1425 1150 non
1446 1123 1475 1150 in
1491 1123 1566 1158 ejus.
1582 1131 1651 1159 quas
1667 1123 1698 1150 in
1726 1123 1844 1159 Epheso
1864 1121 1910 1149 sub

1092 1167 1122 1194 Β.
1139 1166 1247 1202 Cyrillo
1261 1167 1317 1194 fuit
1331 1167 1493 1196 celebrata.
1508 1169 1540 1196 Et
1557 1168 1654 1195 eidem
1684 1167 1822 1204 epistolae
1844 1174 1905 1194 con-

1092 1211 1187 1238 sentio
1199 1213 1228 1238 et
1242 1211 1411 1239 subscribo.
1428 1222 1441 1236 ›ι

1127 1274 1180 1301 Alii
1195 1277 1296 1302 autem
1311 1283 1348 1302 ex
1361 1275 1433 1311 ipsis
1443 1278 1553 1303 vocant
1568 1283 1638 1303 eum
1665 1276 1836 1309 episcopum
1859 1282 1897 1302 om

1091 1319 1175 1346 nium
1196 1319 1413 1347 Ecclesiarum.
1431 1319 1579 1348 Nonnulli.
1595 1327 1719 1354 papam,
1749 1320 1850 1354 plures
1861 1325 1906 1352 pa-

1092 1367 1166 1391 trem
1182 1372 1267 1391 suum
1280 1372 1291 1391 .’
1303 1365 1359 1392 alii
1369 1364 1579 1399 patriam/tam
1591 1366 1814 1393 recumenirum.
1825 1363 1851 1391 id
1861 1365 1905 1393 est,

1091 1409 1301 1436 uniuersalem.
1316 1408 1444 1441 Quidam
1454 1417 1522 1436 vero
1536 1409 1686 1436 dominum
1700 1417 1800 1442 suum,
1811 1406 1907 1435 adden-

1091 1455 1136 1480 tes
1149 1453 1262 1488 plures,
1278 1454 1482 1487 apostolorum
1494 1454 1557 1480 selli
1565 1453 1789 1488 prmsz’denlem,
1805 1455 1831 1480 et
1841 1451 1906 1478 simi-

1090 1495 1140 1528 lia.
1157 1505 1225 1532 quae
1240 1505 1333 1525 causa
1349 1497 1505 1525 brevitatis
1517 1497 1564 1525 hic
1578 1505 1639 1525 non
1653 1498 1806 1533 ponimus.
1823 1497 1852 1523 Et
1870 1498 1907 1522 ta-

1053 1536 1073 1564 C
1090 1549 1160 1569 men
1175 1542 1199 1568 si
1214 1541 1251 1569 de
1267 1541 1392 1576 singulis
1409 1541 1500 1569 velint
1515 1542 1670 1575 verilicari,
1683 1541 1787 1576 legant
1796 1539 1906 1568 concilia

1090 1585 1249 1620 generalia,
1268 1589 1296 1614 et
1312 1586 1442 1614 maxime
1458 1589 1599 1622 quartum
1621 1586 1794 1618 concilium,
1808 1586 1905 1612 Graeco-

1088 1638 1156 1657 rum
1178 1630 1322 1658 Chronica
1343 1630 1515 1666 inspiciant,
1531 1630 1582 1658 ubi
1607 1631 1757 1658 dictorum
1783 1628 1904 1657 omnium

1088 1674 1204 1710 absque
1216 1674 1309 1702 dubio
1330 1674 1477 1710 reperient
1491 1675 1658 1702 veritatem.

1113 1719 1151 1746 lte
1157 1727 1184 1746 .n
1190 1719 1362 1754 patriarcha
1371 1719 1629 1755 Constantinopoli
1635 1722 1723 1747 tanus
1731 1719 1770 1746 ad
1777 1717 1901 1745 eumdem

1088 1771 1201 1799 papam
1217 1765 1343 1790 Leonem
1359 1764 1543 1799 pontiﬁcem,
1556 1764 1608 1791 illa
1623 1764 1741 1791 scribit:
1761 1774 1772 1787 ιι
1791 1761 1900 1791 Sanctis-

1090 1808 1165 1835 simo
1176 1811 1204 1835 et
1218 1807 1392 1835 beatissimo
1403 1808 1490 1842 Patri,
1507 1811 1582 1837 nete.
1595 1809 1725 1836 Narratis
1741 1808 1868 1842 his,quze
1879 1806 1901 1831 in

1089 1852 1215 1879 concilio
1229 1855 1311 1886 gesta
1328 1852 1456 1884 fuerunt,
1472 1852 1558 1880 dicit:
1575 1864 1588 1878 «
1605 1854 1727 1889 Oportet
1741 1852 1804 1880 htEC
1813 1849 1902 1878 omnia

1089 1896 1127 1923 ad
1141 1897 1275 1924 notitiam
1293 1897 1456 1924 sanctitatis
1479 1899 1535 1924 tuae
1563 1898 1728 1933 pervenire,
1751 1893 1903 1924 necessario

1089 1941 1209 1968 mittens
1223 1950 1257 1969 ea
1272 1941 1338 1968 illuc
1355 1950 1406 1977 per
1418 1941 1518 1975 talem,
1543 1945 1572 1969 et
1587 1941 1676 1970 talem
1701 1942 1878 1978 episcopum,
1892 1948 1902 1959 ι»

1090 1987 1147 2012 etc.
1169 1987 1199 2012 Et
1218 1984 1313 2013 infra:
1329 1996 1343 2010 ‹‹
1359 1987 1428 2018 Quae
1451 1994 1503 2021 per
1525 1994 1576 2013 eos
1604 1986 1763 2013 manifesta
1778 1984 1902 2012 facimus.

1090 2032 1230 2065 optamus
1247 2032 1277 2056 ut
1292 2038 1344 2065 per
1366 2038 1544 2066 prosperam
1560 2031 1799 2067 responsionem,
1823 2033 1902 2063 quam

1090 2081 1144 2100 vos
1158 2073 1252 2104 decet,
1269 2074 1325 2101 iiPlt
1342 2075 1378 2101 ad
1389 2082 1444 2102 nos
1453 2076 1587 2109 redeant,
1603 2075 1761 2102 laudantes
1774 2074 1802 2101 in
1822 2069 1902 2099 omni-

1090 2116 1147 2145 bus
1160 2117 1334 2146 charitatem
1350 2122 1377 2146 et
1392 2119 1610 2155 providentiam
1640 2122 1745 2146 vestra;
1761 2114 1900 2146 beatitudi-

1089 2161 1145 2193 nis.
1161 2170 1251 2198 quam
1266 2171 1337 2197 erga
1355 2163 1457 2190 sedem
1474 2163 1563 2198 hujus
1578 2164 1666 2199 regite
1680 2164 1770 2198 urbis,
1792 2163 1900 2197 paterna

207 2209 306 2237 tanus,
324 2209 352 2233 et
367 2208 428 2232 tota
453 2205 607 2241 synodus:
625 2217 637 2229 ιι
659 2207 728 2240 Ego,
744 2208 793 2238 ait,
816 2214 861 2237 ea,
876 2214 943 2242 quae
959 2215 1034 2242 apo—
1051 2208 1073 2234 D
1090 2213 1208 2242 Semper
1226 2208 1424 2235 consuevistis
1441 2206 1637 2235 sollicitudine
1651 2208 1772 2235 habere.
1789 2218 1801 2231 υ
1825 2205 1853 2231 Et
1865 2203 1898 2229 in-

207 2249 330 2277 stolicus
349 2250 473 2277 thronus
489 2258 542 2286 per
555 2249 659 2277 omnia
673 2250 771 2285 sentit,
795 2251 896 2286 sentio,
909 2254 948 2282 .et
963 2259 1033 2278 con-

207 2294 302 2322 sentio
316 2294 437 2330 deponi,
457 2305 470 2319 »
483 2298 538 2322 etc.

243 2340 313 2366 Item
330 2339 387 2366 Leo
402 2347 482 2377 papa
496 2339 575 2366 dicto
587 2339 766 2375 patriarchae
782 2339 823 2366 sic
842 2339 943 2367 scribit
957 2348 963 2366 :
976 2341 1032 2367 «De

205 2383 336 2419 Eutyche
349 2391 409 2411 non
425 2384 636 2418 cognovimus,
659 2391 720 2419 qua
734 2384 850 2419 justitia
865 2392 882 2411 a
896 2392 1032 2411 commu—

203 2429 292 2456 nione
305 2431 348 2455 est
361 2428 719 2464 separatus.Quapropter
734 2436 917 2459 cognoscere
939 2428 1034 2455 volen-

201 2476 244 2502 tes
251 2473 287 2501 de
294 2472 542 2506 causa,volumus
554 2472 596 2499 tui
608 2472 676 2500 facti
689 2473 835 2500 rationem
843 2480 1034 2506 cognoscere,

201 2521 234 2547 ut
248 2518 351 2546 omnia
366 2517 603 2554 suspendantur,
618 2525 714 2552 usque
737 2517 775 2544 ad
800 2520 934 2544 nostram
961 2517 1030 2544 noti-

200 2564 281 2591 tiam.
295 2562 445 2595 Quoniam
464 2570 530 2595 nos,
549 2561 601 2598 qui
618 2561 756 2589 volumus
774 2560 965 2588 sacerdotum
980 2562 1034 2588 Do-

201 2607 364 2642 minijusta
381 2614 447 2634 esse
461 2605 586 2640 judicia,
605 2613 664 2632 non
679 2612 845 2640 possumus
855 2612 914 2632 non
932 2605 1034 2640 cogni-

201 2651 236 2679 tis
251 2650 383 2678 rebusin
398 2649 611 2686 praajudicium
627 2648 754 2684 alicujus
771 2649 864 2684 partis
879 2648 954 2677 ferre
965 2655 1034 2677 sen‘

233 2780 290 2816 (18)
306 2779 387 2816 Epist
402 2781 446 2814 47,
460 2779 500 2807 ad
515 2778 667 2815 synodum
683 2777 972 2807 Chalcedonensem.

1088 2250 1150 2278 ira:
1165 2263 1177 2275 υ
1202 2252 1315 2279 Etenim
1338 2252 1424 2279 sedes
1452 2253 1782 2288 Constantinopolitana
1797 2252 1896 2286 patrem

1087 2295 1178 2323 habet
1187 2296 1385 2331 apostolicum
1397 2297 1540 2324 thronum
1552 2300 1694 2324 vestrum.
1709 2296 1789 2325 Unde
1800 2301 1832 2321 ea
1840 2297 1896 2328 ῳιειῖ

1088 2340 1116 2367 in
1128 2343 1231 2368 sancta
1241 2341 1358 2376 synodo
1368 2341 1555 2369 consecutive
1565 2345 1649 2376 gesta
1659 2345 1727 2369 sunt
1736 2339 1896 2369 conﬁrmare

1088 2383 1271 2417 dignemini:
1287 2393 1341 2412 nec
1354 2393 1412 2412 non
1427 2385 1602 2419 deﬁnitioni,
1615 2386 1651 2413 de
1662 2394 1724 2422 qua
1736 2385 1841 2413 dictum
1851 2381 1896 2411 est,

1088 2427 1179 2464 hujus
1195 2429 1532 2465 Constantinopolitanee
1549 2431 1639 2458 sedis.
1655 2440 1670 2457 ›

1125 2474 1230 2500 Etiine
1245 2473 1334 2501 totius
1357 2474 1426 2502 dicti
1455 2475 1572 2502 concilii
1603 2484 1638 2502 ex
1668 2478 1750 2511 parte
1775 2470 1894 2501 omnium

1089 2517 1242 2550 scribunt;
1258 2519 1300 2545 sic
1316 2519 1353 2546 ad
1368 2519 1508 2547 eumdem
1526 2522 1693 2553 narrantes,
1709 2527 1774 2556 quis
1789 2517 1814 2544 in
1836 2521 1892 2539 ιόῐι·

1088 2562 1154 2589 cilio
1170 2565 1253 2597 gesta
1266 2566 1345 2595 sunt,
1362 2567 1389 2591 et
1404 2563 1662 2591 conﬁrmationem
1674 2563 1838 2591 eoruuulem
1854 2564 1883 2592 ρο

1088 2606 1243 2634 stulantes.
1261 2607 1366 2635 Dicunt
1390 2616 1460 2642 ergo
1476 2617 1481 2636 :
1499 2622 1510 2633 ‹‹
1541 2609 1712 2636 Beatissimo
1737 2611 1764 2635 e-t
1786 2606 1882 2632 sanctu

1087 2651 1174 2686 simo,
1195 2662 1208 2676 ››
1223 2654 1278 2679 etc.
1295 2653 1325 2680 Et
1354 2655 1438 2688 post:
1456 2664 1470 2677 «
1502 2653 1655 2689 ltcpletum
1678 2657 1722 2680 est
1743 2649 1843 2688 gaudio
1863 2652 1890 2671 οδ
