1944 3084
26 136 66 163 533
695 129 836 158 CONTRA
854 129 1014 159 GBECOS.

1654 129 1711 158 534

24 199 148 225 nostrum,
164 196 192 222 et
206 194 313 228 lingua
340 194 443 221 nostra
471 192 707 220 exsultatione.»
733 192 767 219 Et
786 192 832 219 in-
846 194 870 220 Α
887 193 1105 228 ambigutatem
1117 193 1260 221 immisit:
1286 195 1386 222 utrum
1406 193 1544 222 videlicet
1561 195 1613 222 tua.
1634 194 1711 221 bea-

24 242 70 270 ira:
81 251 93 265 α
104 241 196 272 Quam
210 238 307 266 ﬁdem
322 241 353 265 tu
366 237 458 265 veluti
473 245 600 266 aureum
608 236 721 264 ﬂumen
734 244 832 272 usque

24 286 110 313 adnos
121 285 271 319 praecepto
293 282 454 310 conditoris
475 282 639 310 deductum
665 281 832 315 custodisti,

23 328 142 358 omnibus
150 327 230 355 beati
246 328 322 354 Petri
337 326 493 362 interpres,
522 326 568 354 vel
588 326 739 361 expositor
765 333 834 353 con-

23 375 131 402 stitutus.
143 373 227 400 Unde
240 379 299 399 nos
312 374 339 399 te
349 373 495 406 tauquam
518 372 670 398 auctorem
695 370 780 397 boni.
794 369 833 398 ad

24 418 156 446 utilitatem
176 419 306 449 utentes,
319 418 430 443 sortem
450 415 583 443 veritatis
602 414 670 442 filiis
695 414 832 442 Ecclesiae

23 463 260 490 demonstramus.
276 472 288 484 ι
307 460 397 487 Infra:
416 472 427 485 ς
443 459 470 487 Si
483 459 564 486 enim
579 459 629 486 ubi
659 461 729 486 sunt
760 459 831 493 duo,

23 507 59 534 vel
68 510 118 534 tres
128 505 306 540 congregati
321 505 351 532 in
372 504 493 531 nomine
507 503 583 538 ejus,
599 503 629 530 id
643 505 697 537 est,
716 503 778 536 Dei,
792 502 832 530 ibi

23 551 82 578 dixit
94 558 122 577 se
134 558 200 577 esse
215 550 247 577 in
275 549 386 583 medio,
413 550 561 584 quantam
584 550 672 583 putas
687 547 766 574 circa
780 547 833 574 du-

24 599 105 623 centos
113 594 215 630 viginti
222 597 398 621 sacerdotes
407 592 657 621 inhabitationem
665 591 830 626 ostendere,

25 644 44 668 et
66 639 303 673 familiaritatem,
324 646 391 674 qua:
421 638 508 665 etiam
549 638 587 670 (9)
618 636 780 672 patientiae,
806 639 833 663 et

25 685 112 718 labori,
125 683 302 718 cognitioni,
319 691 386 718 quae
402 682 431 709 in
448 681 635 709 confessione
650 680 745 717 ipsius
760 688 834 716 prae-

26 731 175 766 posuerunt,
190 728 308 763 quibus
323 730 354 755 tu
369 727 470 762 utique
480 729 513 754 ut
525 729 616 761 caput
626 725 832 752 membrorum

25 773 185 809 praesidebas
193 773 207 800 ?
219 782 235 798 ›

52 819 78 845 Et
89 817 202 845 infrazu
218 816 356 844 Dioscori
368 815 555 843 Alexandriae
574 813 706 851 praesulis
726 822 833 842 causas

887 237 993 271 titudo,
1008 245 1044 265 ea
1057 245 1125 273 quas
1140 238 1171 265 in
1186 238 1303 274 synodo
1321 241 1426 267 sancta
1436 238 1516 266 edita
1530 240 1608 270 sunt,
1639 245 1710 265 con-

886 281 1059 309 ﬁrmaverit.
1073 282 1104 309 Et
1116 284 1237 318 propter
1250 282 1315 310 haec
1330 285 1429 310 vestra
1444 282 1610 310 reverentia
1634 281 1710 309 litte-

886 333 936 353 ras
952 325 1226 361 mitteredignetur,
1237 335 1290 362 per
1312 335 1390 363 quas
1410 326 1553 355 omnibus
1577 325 1710 354 ecclesiis

887 372 916 397 et
926 370 1046 406 populis
1061 373 1166 398 notum
1182 371 1228 404 sit,
1241 371 1391 406 universa,
1406 379 1474 407 quae
1489 371 1519 398 in
1533 372 1639 398 sancta
1660 378 1711 405 sy-

887 414 968 442 nodo
979 417 1064 449 gesta
1088 418 1167 449 sunt,
1188 423 1206 442 a
1230 418 1282 443 tua
1305 415 1491 444 beatitudine
1515 423 1580 443 esse
1603 414 1712 442 conﬁr-

886 462 978 487 mata.
996 459 1071 487 illud
1083 462 1193 493 tamen,
1210 463 1243 488 ut
1257 461 1383 489 decebat
1405 461 1580 497 episcopum
1593 461 1712 495 aposto-

886 503 950 531 licae
966 504 1056 538 sedis,
1079 506 1131 532 tua
1157 505 1300 533 sanctitas
1321 505 1497 533 excellenter
1518 504 1602 540 dixit,
1627 503 1712 540 quod

887 549 1106 577 ecclesiasticos
1121 557 1251 578 canones
1269 558 1462 583 conservans,
1479 549 1553 578 nihil
1575 549 1614 577 ab
1636 549 1711 577 antii-

886 600 948 628 qua
974 593 1189 621 consuetudine
1211 594 1242 621 in
1264 594 1451 622 ordinatione
1472 594 1544 622 olim
1572 593 1664 627 edita,
1684 595 1713 621 et

887 637 1044 670 immobili,
1060 646 1155 674 usque
1172 638 1262 666 hodie
1288 638 1498 674 perseveranti,
1525 638 1639 674 aliquid
1660 645 1712 674 pa-

886 681 1016 710 tiebatur
1025 682 1170 710 diminui:
1186 694 1200 707 »
1216 684 1249 711 Et
1265 683 1342 711 infra
1355 692 1392 717 :.«
1417 685 1490 712 Cum
1517 685 1617 711 autem
1642 690 1700 710 con

885 725 1049 754 ﬁrmaverit
1057 727 1235 755 catholicam
1244 727 1334 756 ﬁdem
1344 730 1373 755 et
1384 736 1487 756 veram
1499 727 1708 762 orthodoxam,

886 771 1028 799 noveritis
1045 771 1287 800 Chalcedonense
1301 772 1472 808 concilium,
1485 772 1627 801 omnibus
1650 771 1711 808 epi-

887 815 986 852 scopis
1007 816 1277 852 consentientibus,
1300 817 1392 845 fuisse
1421 820 1564 846 secutam.
1589 818 1711 852 Propter

26 862 196 897 depositionis
207 862 396 896 exponentes
411 860 486 887 inter
497 859 590 886 multa
612 858 776 886 intulerunt
796 857 833 885 de
849 866 868 892 Β
887 860 954 894 hoc,
969 860 1051 896 quod
1066 864 1094 888 et
1109 864 1160 889 tua
1183 862 1404 897 venerabilitas,
1431 862 1570 898 proprias
1589 865 1618 890 et
1645 869 1710 898 spe—

26 907 93 934 vinea
107 905 230 940 Domini,
249 907 279 932 et
293 904 414 932 custode
429 904 506 939 ejus.
527 905 653 939 Insuper
673 902 831 938 inquiunt:

27 953 112 978 Contra
126 951 226 986 ipsum
244 950 344 976 vineae
372 948 538 982 custodem,
564 947 616 984 qui
639 955 657 974 ξι
680 946 833 974 Salvatore

25 995 160 1030 deputatus
175 996 221 1021 est
233 996 351 1025 custos,
367 992 518 1020 insaniam
530 1000 616 1019 suam
632 991 771 1024 ostendit,
789 990 832 1018 di-

26 1040 101 1066 cimus
112 1039 218 1066 scilicet
236 1038 429 1065 sanctitatem
451 1040 533 1064 luam
544 1039 572 1063 et
596 1035 834 1063 incommunica-

26 1083 95 1110 bilem
109 1091 175 1111 eum
186 1083 239 1119 qui
251 1090 365 1117 carpus
380 1081 514 1109 Ecclesiae
524 1081 606 1107 nnire
620 1079 763 1107 sollicitus
777 1082 830 1113 est,

27 1129 161 1156 meditatus
175 1128 230 1156 fuit
256 1128 365 1155 facere.
384 1138 397 1152 ››
416 1128 449 1154 Et
460 1126 537 1154 infra
549 1134 555 1153 :
568 1137 581 1150 ι(
596 1127 635 1153 Ea
649 1125 748 1161 igitur,
763 1132 831 1161 quae

26 1174 160 1200 deﬁnimus
175 1173 214 1200 ad
231 1172 431 1200 remotionem
453 1170 544 1198 totius
573 1169 767 1202 confusionis,
793 1169 831 1196 ad

26 1218 172 1245 roburvero
195 1216 410 1244 ecclesiasticas
433 1214 630 1242 ordinationis
655 1213 777 1250 propria
803 1217 832 1241 et

27 1262 179 1295 amicabilia,
188 1262 225 1290 ad
234 1262 376 1290 decorem
385 1267 529 1294 congrua,
538 1259 671 1287 stabilire
686 1258 828 1292 digneris,

26 1308 188 1335 sanctissime
204 1310 233 1334 et
246 1306 420 1334 beatissime
435 1306 526 1331 Pater.
554 1305 628 1332 Nam
642 1303 683 1336 hi,
709 1303 762 1338 qui
784 1302 830 1330 lo-

27 1360 78 1379 cum
86 1355 161 1380 tuum
172 1352 313 1379 obtinent
322 1349 502 1378 sanctissimi
513 1347 829 1384 episcopiPaschasius

27 1399 46 1422 et
59 1397 212 1430 Lucentius,
225 1399 255 1423 et
271 1395 313 1428 bi,
329 1395 380 1431 qui
396 1402 463 1422 cum
477 1393 519 1420 eis
530 1392 633 1420 directi
652 1391 829 1428 presbyteri,

29 1441 169 1468 Bonifacius
182 1444 211 1468 et
227 1440 365 1474 Basilius,
382 1438 469 1466 dictis
495 1437 721 1465 deﬁnitionibus
751 1436 828 1463 forti-

28 1488 58 1511 ter
66 1486 238 1515 assisterunt,
255 1484 391 1512 volentes
407 1490 541 1518 prorsus,
558 1485 588 1508 ut
603 1481 660 1508 hoc
676 1481 791 1508 bonum
810 1489 828 1507 a

28 1533 103 1557 vestra
123 1529 314 1565 providentia
341 1527 510 1563 incipiatur,
541 1537 554 1550 ››
584 1529 638 1553 etc.
662 1526 694 1552 Et
716 1525 746 1552 in
769 1524 828 1552 ﬁne

28 1573 137 1606 ejusdem
152 1575 192 1601 sic
221 1573 401 1609 loquiturzu
424 1572 457 1598 Ut
477 1572 577 1598 autem
609 1569 721 1601 sciatis,
746 1568 828 1604 quod

28 1625 72 1644 non
85 1618 118 1646 ad
132 1619 272 1653 gratiam.
290 1620 341 1645 aut
353 1617 389 1644 ad
402 1615 504 1643 odium
517 1614 675 1641 fecerimus
690 1613 828 1648 alicujus,

28 1663 66 1689 sed
88 1667 224 1699 tauquam
239 1663 345 1690 divino
361 1664 434 1688 nutu
450 1659 607 1694 gnbernati
623 1661 650 1686 et
663 1658 765 1686 directi
782 1666 829 1684 su—

29 1711 198 1736 mus.cuncta
212 1706 303 1735 vobis
318 1708 469 1740 gestarum
482 1711 581 1731 rerum
599 1706 670 1730 nota
690 1701 828 1735 facimus,

29 1754 77 1778 uta
90 1751 177 1783 vobis,
193 1760 264 1788 quae
280 1753 365 1785 gesta
382 1751 461 1779 sunt,
474 1750 654 1781 statuantur,
680 1746 828 1773 roboren—

29 1798 69 1824 tur.
86 1799 110 1823 et
127 1797 340 1824 concedantur.
360 1806 373 1818 n
394 1793 506 1820 Pariter
525 1791 667 1827 quaedam
687 1790 828 1818 consimi»

28 1839 63 1871 lia,
75 1843 122 1868 etc.

55 1884 231 1920 Imperatores
250 1893 320 1912 vero
336 1883 411 1911 l'etri
433 1881 637 1909 auctoritatem
664 1882 691 1907 et
715 1887 830 1907 succes~

29 1936 108 1956 sorutn
121 1931 182 1966 ejus
193 1937 255 1958 non
270 1930 453 1964 ignorantes,
467 1926 505 1954 ad
525 1925 667 1952 eumdem
700 1925 826 1951 Leonem

28 1971 57 1999 ita
69 1975 206 2002 scribunt:
222 1986 233 1999 ε
254 1974 382 2001 Victores
407 1970 639 2001 Valentinianus,
662 1973 689 1996 et
708 1968 828 1996 Marcia-

28 2024 77 2046 nus.
104 2018 221 2052 gloriosi
253 2017 492 2053 triumphatores,
539 2021 658 2048 semper
690 2013 826 2046 Augusti,

27 2063 186 2091 sanctissimo
227 2063 303 2091 Patri
344 2065 371 2089 et
397 2059 558 2088 venerabili
598 2058 827 2093 archiepiscopo

28 2104 111 2134 Leoni:
129 2108 340 2136 Beatitudinem
353 2109 436 2134 tuam
450 2103 574 2141 syllabis
589 2106 698 2130 nostra:
721 2102 828 2129 sereni-

27 2151 77 2176 tatis
111 2152 292 2180 velocissime
317 2151 412 2179 valere
438 2152 597 2184 optamus:
632 2146 826 2182 inquirentes,

28 2197 50 2220 ut
61 2203 121 2223 cura
146 2196 358 2233 omnipotentis
379 2194 436 2223 Dei.
453 2195 621 2221 vestrarum
645 2199 766 2227 precum
778 2190 825 2218 in-

27 2240 133 2268 tet-ventu
148 2241 232 2269 nobis
244 2240 436 2271 concedatur,
449 2239 489 2266 ita
516 2240 548 2264 ut
572 2237 622 2272 pia
651 2238 679 2262 et
698 2235 826 2271 paciﬁca

27 2290 69 2310 sua
84 2286 304 2319 magniﬁcentia,
319 2284 423 2312 omnia
449 2289 596 2319 prospera
619 2283 647 2307 et
661 2283 762 2316 optata
774 2287 826 2306 no-

27 2330 72 2354 stro
88 2331 202 2364 imperio
222 2329 386 2358 concedere
406 2328 554 2358 dignetur.
573 2325 711 2353 Miramur
732 2324 823 2351 maxi-

27 2374 152 2407 maquorl
168 2378 234 2410 post
246 2373 395 2409 synodum
416 2370 701 2402 Chalcedonenscm,
729 2371 757 2396 et
779 2368 824 2396 lit-

26 2416 85 2443 teras
102 2419 308 2446 venerabilian
329 2418 552 2453 episcoporum,
572 2413 621 2450 qui
644 2413 681 2441 ad
696 2415 779 2441 tuam
792 2413 822 2440 in

26 2457 71 2486 Deo
83 2463 232 2490 amicitiam
255 2464 353 2491 missa:
383 2464 462 2494 sunt,
487 2468 540 2496 per
565 2467 641 2495 quas
669 2458 772 2485 omnia
791 2458 820 2484 in

26 2502 76 2536 ipsa
88 2505 166 2539 facta,
181 2509 265 2535 vobis
277 2507 502 2535 nuntiaverunt:
520 2511 714 2539 nequaquam
726 2511 743 2529 a
772 2505 821 2529 tua

27 2550 155 2578 sanctitate
168 2552 348 2580 taleslitteras
358 2551 455 2578 missae
467 2553 544 2582 sunt,
556 2556 624 2584 qua:
643 2545 779 2574 videlicet
790 2547 818 2573 in

28 2593 192 2623 sanctissimis
206 2595 337 2624 ecclesiis
362 2594 445 2622 lectae
468 2592 506 2620 ad
523 2592 661 2619 omnium
683 2590 817 2617 notitiam

27 2638 195 2672 pervenirent,
225 2648 277 2676 pro
305 2638 508 2675 quorumdam
542 2635 715 2665 animabus,
749 2641 817 2669 quae

30 2678 167 2714 E“‘i'Chetis
188 2692 310 2719 pravam
332 2683 431 2711 adnuo
455 2681 629 2717 opinionem
656 2682 816 2709 sectantur,

55 2773 99 2806 (19)
110 2776 192 2805 Locus
206 2780 373 2813 corruptus.

888 904 977 932 ciales
993 905 1180 933 velocissime
1192 906 1298 939 mittat,
1313 914 1366 941 per
1375 914 1452 942 quas
1466 906 1645 934 conﬁrmare
1656 913 1707 934 vos

887 949 994 986 ipsam,
1010 958 1077 986 quin
1093 950 1123 977 in
1139 950 1374 979 Chalcedonensi
1386 951 1535 979 celebrata
1548 953 1602 984 est,
1618 958 1709 986 syno-

887 994 959 1022 dum
987 994 1230 1022 manifestissime
1253 995 1432 1023 ostendatis:
1457 998 1490 1023 ut
1511 1003 1565 1023 nec
1589 994 1640 1029 illi,
1656 994 1709 1030 qui

886 1039 1067 1073 desiderant,
1077 1039 1313 1073 ignominiosam
1323 1040 1439 1075 possint
1449 1039 1561 1068 habere
1574 1039 1709 1076 aliquam

887 1083 1090 1118 suspicionem
1105 1083 1143 1110 de
1151 1083 1263 1118 judicio
1279 1086 1335 1111 tuae
1358 1084 1520 1112 sanctitatis
1545 1084 1649 1118 gloria,
1679 1083 1710 1111 id

887 1130 940 1161 est,
951 1128 1032 1164 quod
1042 1131 1092 1156 tua
1100 1128 1244 1156 sanctitas
1252 1128 1289 1156 de
1297 1128 1354 1163 his,
1361 1136 1429 1164 qua:
1437 1131 1504 1156 acta
1511 1128 1710 1164 sunt,judicat

886 1180 952 1200 esse
965 1172 1139 1200 tenendum.
1152 1184 1166 1198 ››
1179 1174 1238 1201 Hoc
1256 1172 1523 1208 autemdicit,quia
1532 1172 1710 1201 sineconﬁr-

885 1217 1018 1245 matione
1030 1225 1127 1254 papas,
1142 1217 1186 1245 vel
1194 1217 1363 1253 legatorum
1371 1217 1448 1253 ejus,
1463 1217 1608 1246 infectum
1619 1225 1710 1252 nego—

885 1262 958 1289 tium
973 1262 1148 1290 habebatur.
1159 1262 1218 1290 Ista
1228 1265 1329 1290 autem
1336 1270 1404 1298 quae
1411 1262 1552 1298 diximus,
1564 1261 1710 1297 colligun-

886 1308 932 1334 tur
946 1314 982 1333 ex
998 1307 1031 1333 ιν
1044 1306 1180 1334 concilio-

922 1349 978 1378 Sed
987 1358 1024 1377 ne
1035 1350 1188 1385 aliquibus
1200 1350 1347 1383 videatur,
1360 1351 1443 1387 quod
1454 1353 1576 1388 propter
1597 1351 1709 1380 dictam

885 1395 1101 1427 deﬁnitionem,
1114 1395 1226 1423 editam
1240 1395 1271 1422 in
1286 1398 1454 1424 memorato
1477 1395 1612 1431 concilio,
1635 1395 1709 1432 quid

884 1439 1021 1466 videatur
1031 1439 1224 1467 imminutum
1235 1439 1272 1467 de
1285 1442 1431 1475 potestate
1443 1448 1541 1475 papa,
1557 1440 1595 1468 de
1605 1447 1709 1468 conse-

883 1484 1045 1520 quentibus
1053 1483 1196 1517 conciliis,
1204 1492 1272 1520 quse
1279 1484 1373 1512 multo
1379 1485 1604 1520 postcelebrata
1629 1487 1707 1518 sunt,

846 1543 866 1570 ε
884 1528 985 1564 aliqua
1000 1536 1218 1564 proponamus.
1236 1529 1268 1556 In
1284 1531 1367 1556 sexta
1393 1529 1474 1556 enim
1498 1529 1616 1564 synodo
1641 1529 1707 1565 (20),

883 1581 952 1609 quae
965 1573 1020 1600 sub
1029 1581 1109 1609 papa
1117 1573 1282 1608 Agathone,
1292 1575 1425 1608 tempore
1436 1572 1621 1601 Constantini
1629 1573 1709 1609 prin-

885 1618 970 1653 cipis,
986 1621 1013 1645 et
1033 1617 1167 1649 lleraclii,
1195 1620 1223 1644 et
1246 1617 1352 1645 Tiberii
1370 1617 1497 1645 fratrum
1521 1625 1655 1650 suorum,
1678 1617 1709 1645 in

885 1662 958 1689 urbe
966 1661 1231 1697 Constantinopoli,
1240 1664 1344 1690 contra
1350 1661 1552 1690 Monothelitas
1559 1661 1709 1690 celebrata

883 1709 936 1737 est,
952 1707 1049 1734 Patres
1063 1706 1115 1741 qui
1131 1708 1341 1743 convenerant,
1351 1706 1558 1734 auctoritatem
1566 1707 1709 1742 principis

884 1751 1092 1786 apostolorum
1101 1758 1162 1778 non
1169 1750 1352 1786 ignorantes,
1362 1751 1399 1778 de
1406 1751 1596 1779 successione
1602 1751 1707 1787 ipsius,

883 1795 912 1823 in
924 1798 1031 1824 octava
1051 1795 1182 1823 sessione
1198 1795 1263 1830 ejus
1272 1795 1339 1823 libri
1355 1795 1427 1823 talia
1438 1795 1569 1824 fatentur
1588 1799 1617 1824 et
1639 1796 1708 1824 scri~

883 1841 970 1869 bunt.
1005 1841 1168 1868 Demetrius
1181 1840 1352 1877 [Domitius]
1368 1841 1530 1876 episcopus
1563 1841 1709 1869 Phisiadis

885 1885 1069 1920 [Prusiados]
1086 1884 1210 1912 civitatis
1233 1885 1274 1913 ita
1290 1885 1376 1913 dicit:
1393 1894 1408 1911 ‹
1422 1885 1625 1913 Relationibus
1635 1886 1708 1913 mis-

884 1929 925 1956 sis
950 1929 989 1957 ab
1013 1929 1179 1964 apostolica
1199 1931 1227 1957 et
1251 1929 1410 1965 principali
1435 1929 1505 1957 sede
1531 1929 1709 1966 antiquioris

883 1975 994 2006 Romae,
1010 1974 1040 2001 id
1053 1976 1096 2001 est
1111 1973 1277 2008 Agathone,
1296 1974 1333 2002 ad
1351 1982 1370 2001 a
1398 1975 1456 2002 Deo
1478 1977 1656 2002 coronatum
1680 1977 1709 2003 et

883 2018 1075 2046 mitissimum
1084 2018 1241 2046 dominum
1253 2021 1389 2046 nostrum
1403 2026 1547 2053 magnum
1560 2019 1708 2047 Victorem

882 2063 1104 2098 imperatorem,
1113 2066 1258 2098 tanquam
1274 2071 1291 2090 a
1308 2063 1417 2098 Spiritu
1427 2065 1531 2090 sancto
1541 2062 1638 2096 editis,
1652 2071 1706 2099 per

882 2115 916 2134 οδ
932 2107 1036 2138 sancti,
1053 2109 1082 2133 et
1102 2106 1247 2142 principis
1271 2107 1478 2143 apostolorum
1499 2107 1585 2141 Petri,
1607 2110 1636 2135 et
1652 2115 1706 2143 per

882 2151 1008 2186 digitum
1019 2150 1051 2177 B.
1064 2150 1214 2178 benedicti
1225 2158 1322 2186 papae,
1333 2151 1498 2186 Agathonis
1508 2151 1636 2188 scriptis,
1648 2159 1704 2187 ego

881 2195 1036 2228 assentior,
1051 2197 1079 2223 et
1093 2195 1134 2222 sic
1153 2194 1252 2227 credo,
1282 2197 1310 2223 et
1329 2195 1371 2223 sic
1396 2196 1502 2232 sentio,
1525 2196 1600 2224 istas
1626 2196 1705 2225 duas

881 2243 999 2268 uestras
1013 2239 1182 2267 voluntates
1196 2238 1227 2266 in
1243 2238 1355 2267 Christo
1370 2240 1470 2268 unitas
1484 2248 1631 2276 personas,
1644 2244 1701 2269 etc.

916 2285 998 2317 item,
1011 2284 1184 2312 Theodorus
1208 2283 1369 2320 episcopus
1398 2284 1572 2313 Berissensis
1601 2287 1704 2314 Arme-

879 2329 949 2356 niae:
963 2340 976 2353 α
988 2330 1047 2363 Ego
1058 2327 1183 2355 audiens
1191 2327 1350 2356 relationes
1361 2328 1471 2356 missas
1485 2329 1525 2356 ad
1539 2329 1702 2358 Dominum

879 2377 1014 2401 nostrum
1026 2372 1290 2407 beniguiSsimum,
1308 2380 1326 2400 a
1339 2372 1424 2400 Patre
1436 2375 1550 2406 nostro,
1566 2374 1703 2403 Romano

877 2426 958 2454 papa
969 2418 1134 2453 Agathone,
1146 2419 1175 2445 et
1182 2416 1393 2444 auctoritatum
1401 2425 1470 2452 quae
1480 2417 1511 2444 in
1520 2417 1595 2453 ipsis
1604 2418 1701 2446 ferun-

876 2465 933 2494 tur,
945 2462 1139 2489 intentionem
1153 2461 1293 2497 capiens;
1316 2461 1415 2494 credo,
1431 2461 1507 2488 sicut
1521 2461 1615 2489 credit
1636 2462 1700 2497 ipse

876 2507 961 2534 Pater
976 2509 1076 2534 noster
1098 2514 1177 2542 papa
1205 2505 1381 2542 antiquioris
1406 2507 1519 2533 Romae.
1539 2515 1553 2530 »
1563 2507 1595 2532 In
1617 2505 1699 2534 hunc

874 2551 1000 2578 modum
1016 2559 1122 2578 omnes
1146 2550 1278 2587 episcopi
1298 2552 1514 2585 consurgentes
1540 2549 1697 2578 dixerunt:

875 2607 888 2620 α
904 2597 961 2623 Nos
971 2603 1077 2623 omnes
1088 2595 1138 2623 illa
1149 2595 1310 2629 credimus,
1322 2598 1350 2623 et
1359 2595 1441 2623 illam
1450 2595 1541 2622 ﬁdem
1549 2598 1696 2628 tenemus,

873 2643 901 2668 et
915 2641 1001 2667 istam
1019 2641 1182 2676 sequimur,
1198 2651 1208 2664 ιδ
1226 2643 1280 2668 etc.
1297 2641 1329 2667 Et
1343 2640 1470 2676 peractis
1481 2639 1534 2667 rite
1556 2639 1698 2667 omnibus

873 2684 1032 2712 referentes
1050 2686 1107 2712 Deo
1119 2685 1239 2719 gratias,
1257 2687 1390 2720 etpapae,
1403 2684 1453 2721 qui
1468 2692 1520 2712 eos
1535 2684 1641 2712 direxit
1658 2684 1697 2712 ad

907 2773 965 2805 (20)
985 2775 1063 2801 Couc
1080 2774 1110 2800 Vl
1127 2776 1186 2801 act.
1200 2776 1226 2800 8.
