1944 3084
211 128 262 158 535

813 120 1053 152 PANTALEONIS
1072 120 1214 150 DIACONI
1233 122 1287 151 CP.

1893 124 1944 151 534

210 192 327 219 bonum
351 190 383 218 in
403 188 526 218 laudem
552 187 655 224 ipsius,
681 188 776 216 totum
795 186 955 215 concilium
980 185 1038 213 ista.
1053 184 1076 211 Α
1093 185 1158 212 tur:
1174 185 1320 221 «Propter
1331 192 1425 222 quam
1439 194 1564 216 causam
1574 186 1662 216 nobis
1673 185 1876 220 necessario,
1889 184 1944 213 fra

212 236 350 272 scripsit:
367 247 381 260 ‹‹
408 233 603 263 Sanctissimo
627 235 655 261 et
677 232 891 265 beatissimo,»
929 233 984 258 etc.
1007 232 1039 258 Et

213 280 307 309 intra:
324 291 339 305 «
356 279 438 308 Unde
452 281 479 306 et
493 286 549 306 n05
559 285 665 305 omnes
682 277 744 310 tibi,
757 279 904 313 tanquam
929 275 1037 312 princi-

212 325 274 362 pali
289 324 353 353 sedi
369 323 502 352 Ecclesiae
513 322 603 351 totius
618 321 709 355 orbis,
735 321 818 358 quod
842 322 959 356 gestum
983 321 1035 352 est,

214 369 413 401 attribuimus,
421 367 690 396 velcommittimus
696 366 913 402 supraﬁrmam
920 366 1037 402 petram

212 414 284 442 ﬁdei
297 413 396 446 stanti,
412 412 575 448 litterisque
586 419 605 440 a
617 413 711 439 vestra
720 410 901 439 beatitudine
917 410 955 438 ad
967 409 1037 445 piis-

214 459 326 487 simum
347 458 559 493 imperatorem
574 455 683 488 missis,
711 455 742 483 in
757 455 866 492 quibus
879 462 950 482 vera
969 462 1038 482 con-

212 504 302 533 fessio
313 503 491 536 continetur,
507 501 633 529 libenter
649 500 866 533 consensimus,
879 508 947 536 quae
977 502 1038 528 tan-

213 556 308 586 quam
323 547 539 584 summolapice
554 546 759 583 apostolorum
769 545 933 579 enuntiata,
949 552 1040 581 agne-

214 593 337 622 scimus.
351 603 367 619 ι

252 642 322 667 item
338 640 477 672 Joannes,
499 637 662 674 episcopus.
681 637 1038 672 Constantinopolitanus,

217 683 412 712 Constantino
426 691 514 719 papas
524 683 565 710 ita
576 682 676 710 scribit
689 691 694 709 :
709 693 722 706 ‹‹
736 682 938 714 Sanctissimo,
954 692 967 706 ››
983 683 1037 709 etc.

217 729 251 757 Et
265 728 386 756 infra:«
403 727 479 756 Licet
499 735 560 754 sum
577 727 739 755 divinitatis
761 730 788 754 et
812 726 950 763 potentiae
965 726 1039 754 indi.

218 773 298 801 cium
309 773 408 808 ipsam
419 771 659 807 magnitudinem
674 770 841 803 creationis,
853 779 920 806 quae
929 771 958 798 in
974 770 1040 798 visi-

217 818 329 846 bilibus
342 818 394 849 est,
409 817 510 853 posuit
525 818 601 844 Deus
615 825 620 843 :
633 816 782 852 praecipue
801 818 901 844 tamen
927 816 955 843 in
977 823 1040 852 pre-

1093 230 1152 256 tres
1167 229 1243 257 adeo
1256 229 1459 265 honorabiles,
1475 235 1654 268 prmsentem
1668 231 1800 260 litteram
1823 230 1944 258 maui‘

1092 273 1174 302 festas
1189 274 1372 303 certitudinis
1385 276 1523 304 misimus
1540 277 1634 310 vobis,
1660 279 1688 304 et
1714 275 1939 304 ostendimus

1092 325 1185 354 quam
1196 318 1233 347 sit
1243 319 1434 355 importabile
1443 321 1562 356 pondus
1572 321 1680 357 plagte,
1691 323 1820 357 propter
1847 318 1944 356 quod

1092 365 1120 391 et
1133 371 1228 399 usque
1243 363 1282 392 ad
1297 366 1424 393 vestram
1434 366 1632 400 sanctitatem,
1642 366 1816 393 secundum
1844 363 1944 400 quod

1092 408 1183 443 exigit
1196 408 1382 436 consuetudo
1393 409 1550 445 synodalis
1565 410 1772 443 attestationis,
1782 417 1848 437 seu
1867 417 1944 445 pro<

1093 452 1291 487 clamationis,
1308 453 1446 482 devenire
1460 455 1683 491 prohibeamur,
1700 454 1876 491 tyranuice
1890 454 1944 482 de-

1093 498 1175 531 tenti,
1188 509 1201 523 n
1211 504 1265 530 etc,

1131 545 1225 578 Quem
1235 546 1266 574 in
1277 547 1411 576 favorem
1420 548 1556 576 Ecclesiae
1568 549 1744 585 ponendum
1763 548 1944 576 decretum

1095 590 1289 624 Constantini,
1303 593 1385 628 quod
1395 596 1463 629 post
1479 596 1630 629 receptam
1650 593 1779 629 gratiam
1802 593 1839 621 in
1858 593 1944 621 urbe

1095 635 1231 663 Romana
1245 635 1333 664 beato
1348 638 1430 665 Petro
1445 640 1473 666 et
1483 639 1570 674 Papae
1581 638 1814 666 successoribus
1827 637 1944 665 condb

1095 679 1148 714 dit,
1165 683 1192 708 et
1204 682 1265 709 tam
1288 682 1396 710 Latinis
1425 690 1517 718 quam
1547 683 1654 711 Graecis
1681 683 1784 711 litteris
1811 683 1944 711 cunctis

1094 724 1234 753 ﬁdelibus
1246 726 1275 754 in
1291 729 1402 756 aeterna
1417 728 1562 756 memoria
1574 728 1701 764 reliquit.
1720 728 1836 757 Scribit
1853 728 1944 756 enim

1096 778 1137 797 ste
1149 778 1156 798 Ζ

1273 825 1470 861 Privilcgz’um
1486 826 1680 854 Constantini
1694 826 1764 861 (‘22).

219 863 383 890 tiosissima
402 861 533 889 sensibili
557 862 702 893 creatura,
728 861 785 888 hoc
807 863 860 892 est,
886 859 915 888 in
938 862 1040 888 nostro
1057 861 1075 887 Β

218 907 374 944 plasmate,
389 906 448 939 illa,
460 914 528 942 quae
541 913 603 933 suae
618 905 719 940 gloria:
737 907 765 933 et
785 905 938 941 sapientiae
959 907 1038 938 sunt,

217 951 443 979 demonstravit.
459 952 498 978 Ex
514 958 575 987 quo
584 950 672 978 etiam
691 949 903 978 admirandam
914 957 979 977 esse
992 949 1041 977 Dei

217 995 397 1032 sapientiam
412 995 560 1031 Propheta
576 994 755 1022 exclamavit
768 994 843 1030 ipse.
865 996 968 1030 Itaque
987 1002 1040 1022 no-

217 1043 285 1068 stra
296 1042 410 1068 naturae
426 1039 567 1068 Conditor
578 1039 710 1074 diligenti
727 1039 899 1074 operatione
912 1039 963 1066 toti
979 1047 1040 1066 cor-

217 1085 283 1121 pori
299 1086 389 1120 caput
401 1084 576 1120 praeposuit,
594 1083 624 1111 in
644 1091 706 1119 quo
725 1083 948 1119 perfectionem,
978 1083 1040 1111 sive

217 1130 417 1165 integritatem
432 1136 575 1156 sensuum
596 1135 763 1164 apponens,
781 1128 843 1155 sive
864 1127 1039 1161 attribuens,

217 1182 341 1202 omnem
356 1173 425 1201 inde
444 1172 629 1208 reliquorum
652 1171 858 1199 membrorum
877 1175 992 1199 motum
1015 1175 1042 1200 et

216 1218 431 1254 perfectionem
443 1217 506 1244 ﬁeri
522 1219 550 1244 et
568 1215 737 1244 conservari
752 1215 829 1244 fecit.
842 1215 882 1243 ita
898 1219 930 1243 ut
945 1216 967 1243 si
991 1216 1042 1244 ho-

217 1270 284 1290 rum
292 1262 415 1298 aliquod
424 1261 705 1294 otfendicontigerit.
717 1260 832 1288 autalio
839 1268 888 1288 mo
896 1259 930 1287 io
939 1260 1041 1295 afﬂigi,

217 1314 280 1335 non
301 1306 364 1334 sine
382 1305 533 1342 provisine
555 1313 658 1332 eorum
689 1312 760 1332 cura
789 1305 825 1332 sit
853 1305 959 1340 posita,
989 1305 1044 1332 sed

218 1351 309 1380 etiam
321 1351 352 1379 in
360 1349 542 1384 novissimis,
558 1349 711 1383 membris,
723 1349 785 1377 sive
795 1348 905 1376 viribus
924 1350 1043 1377 natura-

219 1397 279 1424 lem
293 1394 533 1431 compassionem
554 1394 692 1426 ostendit,
705 1402 759 1429 per
770 1401 914 1421 manuum
932 1394 1043 1421 submi-

219 1440 426 1468 nistrationem
441 1442 469 1467 et
483 1439 639 1467 oculorum
660 1446 713 1474 per
723 1438 866 1466 visionem
887 1437 1042 1472 ducatum,

222 1486 356 1519 sanatur,
369 1484 450 1521 quod
466 1484 608 1512 afflictum
626 1483 815 1516 estetdolet;
840 1491 901 1511 non
923 1483 1044 1517 injuria-

1131 907 1145 920 «ι
1158 897 1362 924 Necessarium
1372 897 1544 933 jndicamus
1554 906 1624 926 cum
1639 897 1782 925 omnibus
1794 897 1941 933 satrapis

1095 941 1206 968 nostris
1217 943 1245 969 et
1257 944 1318 969 toto
1334 942 1482 977 consultu,
1495 944 1522 970 et
1534 942 1719 979 principibus
1737 945 1766 970 et
1796 942 1939 978 populo.

1095 985 1147 1021 qui
1163 988 1206 1013 est
1216 985 1273 1013 sub
1286 989 1431 1022 potestate
1450 987 1592 1014 Romanae
1617 987 1768 1020 Ecclesiae,
1795 989 1834 1014 ut
1857 987 1940 1014 sicut

1096 1032 1216 1057 sanctus
1230 1031 1330 1057 Petrus
1344 1038 1379 1058 ex
1392 1038 1521 1066 persona
1534 1030 1631 1058 ﬁdelis
1646 1031 1694 1058 Dei
1705 1033 1749 1058 est
1773 1030 1807 1058 in
1841 1033 1938 1061 terra,

1096 1074 1137 1101 sic
1149 1074 1282 1110 episcopi
1296 1077 1323 1102 et
1335 1083 1522 1103 successores
1537 1075 1680 1111 principis
1702 1074 1939 1111 apostolorum,

1096 1120 1272 1154 potestatem
1289 1119 1319 1146 in
1335 1122 1412 1147 terra
1425 1119 1558 1148 habeant
1579 1119 1686 1155 magis,
1711 1127 1810 1155 quam
1838 1119 1939 1155 impe-

1096 1163 1174 1190 rium
1186 1166 1322 1191 nostrum
1339 1163 1440 1198 gloriae
1452 1166 1571 1192 nostrae.
1590 1165 1622 1191 Et
1641 1164 1698 1191 hoc
1714 1171 1910 1191 concessum
1924 1172 1940 1191 a

1097 1207 1197 1242 nobis,
1212 1210 1240 1235 ct
1253 1207 1291 1235 ab
1307 1208 1433 1244 imperio
1449 1211 1552 1236 nostro
1566 1211 1594 1236 et
1605 1208 1744 1236 volumus
1758 1216 1819 1236 nos
1832 1210 1940 1245 ipsum

1097 1252 1264 1288 principem
1279 1254 1533 1289 apostolorum,et
1544 1261 1733 1281 successores
1742 1253 1811 1289 ejus
1823 1261 1860 1281 ex
1873 1261 1938 1290 per-

1099 1305 1171 1325 sona
1182 1298 1256 1332 ejus,
1272 1298 1386 1334 primos
1399 1298 1436 1326 ad
1453 1300 1546 1326 Deum
1563 1300 1662 1326 Patres
1677 1306 1742 1325 esse
1767 1300 1796 1326 et
1829 1298 1938 1326 defen-

1099 1350 1191 1370 sores.
1207 1344 1239 1370 Et
1254 1343 1329 1370 sicut
1343 1343 1507 1379 imperialis
1527 1345 1657 1379 potestas
1677 1345 1781 1371 nostra
1800 1343 1832 1370 in
1857 1346 1937 1370 terra

1099 1390 1255 1416 veneratur
1270 1390 1298 1415 et
1312 1388 1539 1419 honoratur,sic
1553 1387 1710 1421 faciamus,
1726 1389 1757 1415 ut
1769 1390 1938 1415 veneretur

1099 1436 1126 1462 et
1141 1433 1303 1461 honoretur
1318 1434 1453 1460 Romana
1464 1432 1601 1465 Ecclesia,
1615 1434 1642 1460 et
1653 1432 1751 1467 magis
1767 1440 1870 1468 quam
1882 1432 1936 1459 im-

1099 1479 1214 1515 perium
1226 1479 1372 1505 nostrum.
1387 1479 1417 1505 Et
1429 1479 1571 1505 aeternam
1598 1477 1700 1504 sedem
1716 1479 1861 1504 sanctam
1885 1485 1935 1504 ea-

222 1533 278 1564 tur,
293 1529 427 1566 despicit,
441 1532 491 1557 aut
506 1529 599 1564 rejicit
612 1529 721 1556 horum
740 1528 981 1564 cooperationem
998 1528 1045 1556 vel
1061 1534 1081 1561 ρ
1101 1523 1237 1551 thedram
1254 1523 1332 1550 beati
1348 1522 1423 1549 Petri
1439 1522 1580 1549 volumus
1608 1521 1769 1566 gloriticari
1798 1526 1830 1549 et
1851 1521 1933 1549 exal-

222 1575 365 1607 otﬁcium,
381 1577 525 1610 tanquam
536 1573 646 1601 inutile.
661 1575 692 1600 Et
704 1573 749 1600 his
762 1573 874 1608 itaque,
891 1581 957 1608 quae
968 1573 1047 1600 circa

222 1623 353 1648 vestram
366 1619 556 1655 praesentiam
569 1617 806 1651 sunt,habcmus
819 1617 990 1653 parabolice
1006 1617 1046 1645 lo-

224 1665 286 1701 qui,
296 1672 314 1692 0
324 1663 522 1691 sanctissime,
534 1665 605 1690 Nam
614 1671 683 1689 cum
693 1661 956 1697 caputsacerdotii.
966 1661 1048 1697 quod

225 1709 254 1736 in
271 1708 385 1736 Christo
399 1710 451 1742 est,
470 1707 613 1734 canonice
625 1715 678 1733 vos
691 1714 755 1733 esse
771 1708 955 1741 reputemus,
978 1714 1048 1732 con-

227 1760 298 1786 grue
310 1752 473 1787 qum-rimus
485 1759 538 1786 per
553 1759 606 1778 vos
620 1750 762 1777 auxilium
779 1749 886 1782 dolori,
907 1749 958 1785 qui
979 1758 1050 1777 con-

226 1796 322 1831 tingit,
333 1798 361 1823 et
376 1795 509 1823 tristitiae.
529 1794 731 1822 Ecclesiaslico
745 1801 815 1829 ergo
824 1794 951 1829 corpori,
968 1793 1048 1829 quod

227 1841 258 1868 in
273 1840 360 1868 nobis
371 1842 423 1875 est,
441 1842 563 1875 propter
573 1839 761 1875 pestilentem
769 1841 798 1865 et
806 1838 975 1866 morbidum
985 1838 1048 1874 pia-

227 1893 298 1921 gam
314 1885 484 1912 animarum
505 1892 522 1911 a
551 1883 707 1919 tyrannica
728 1885 873 1918 potestate
895 1883 1048 1919 inﬂictam,

228 1929 464 1958 consolationem
484 1928 598 1956 mittite.
618 1930 739 1955 Prorsus
763 1928 842 1955 enim
853 1928 966 1955 ratione
982 1936 1050 1964 pro—

227 1974 362 2011 prietatis
376 1973 491 2009 capitis,
504 1972 743 2006 nosinconsulte,
756 1972 801 1999 vel
815 1980 876 1999 non
886 1972 1050 2000 voluntarie

228 2019 395 2047 inﬁrmalos
419 2026 478 2045 non
501 2017 685 2052 dcspiciatis,
708 2025 805 2052 neque
826 2017 1010 2044 identitaiem
1035 2025 1053 2045 a

228 2066 338 2091 natura
353 2062 447 2097 obliti,
462 2061 611 2097 rcpcllatis
627 2069 681 2088 nos
697 2061 761 2096 ('21),
777 2061 828 2088 sed
847 2062 943 2095 magis
955 2061 1051 2097 plagis

228 2109 338 2137 nostris
355 2107 549 2135 condoleaiis.
564 2107 637 2134 Cum
650 2106 727 2134 enim
743 2107 858 2140 pati/ur
867 2114 958 2133 unum
968 2115 1053 2134 mem-

231 2153 362 2187 brorum,
387 2151 554 2179 secundum
584 2151 665 2178 l’auli
688 2159 803 2184 vocem,
832 2151 1055 2185 comminuitur

230 2197 336 2226 merito
350 2197 450 2224 omnia
460 2196 591 2224 membra
602 2196 635 2222 ³³.
650 2197 732 2223 Nunc
743 2195 831 2229 igitur
844 2198 872 2222 ct
885 2203 1052 2227 recursum,

230 2241 333 2277 quoad
349 2241 506 2269 sanitatem
520 2241 567 2274 sit,
581 2240 621 2268 ad
643 2240 859 2268 restitutionem
889 2240 1053 2276 perfectam

229 2286 318 2314 nobis
330 2285 482 2313 concedite
493 2285 666 2320 justissime.
680 2285 860 2316 Etmaxime,
872 2285 995 2320 quando
1011 2285 1054 2312 in-

229 2332 356 2360 ﬁrmitas
369 2331 558 2360 occasionem
579 2339 639 2359 non
656 2331 719 2358 sine
735 2339 826 2358 causa
851 2330 983 2366 corporis
1007 2330 1054 2358 sui

230 2376 463 2405 stabilimentum
471 2376 626 2412 acceperit,
635 2375 687 2402 sed
699 2375 736 2403 ad
748 2375 932 2402 extrinsecus
951 2377 1054 2402 coacto

229 2423 258 2449 et
270 2420 652 2457 improvisoimpensa,sive
665 2427 769 2447 casum
782 2427 870 2446 suum
877 2418 1053 2453 acceperit.»

264 2467 373 2494 Postea
385 2467 482 2493 mutat
495 2472 665 2501 personam,
686 2464 758 2499 quia
771 2462 903 2499 loquitur
917 2462 1052 2496 concilio,

227 2512 310 2548 quod
324 2513 560 2545 congregaverat
576 2517 665 2545 papa,
685 2510 807 2544 propter
822 2507 960 2535 eamdem
985 2515 1053 2534 cau-

227 2564 304 2590 sam,
322 2555 359 2582 de
375 2563 436 2591 qua
450 2554 498 2582 hic
519 2554 617 2588 igitur,
634 2553 743 2580 scilicet
756 2554 877 2588 propter
893 2552 1051 2579 Iconoma-

227 2600 313 2635 chos,
322 2599 430 2627 scilicet
442 2598 668 2635 impugnatores
677 2596 854 2630 imaginum.
864 2596 934 2623 inde
946 2595 1049 2623 subdi-

264 2716 288 2734 "
308 2716 392 2744 lCor.
407 2715 457 2747 xii,
474 2716 518 2742 29.

265 2778 322 2849 iiii

343 2778 436 2805 Locus
447 2776 595 2805 obscurus
611 2777 639 2803 et
651 2774 828 2803 mendosus.

1103 1568 1158 1596 tari
1171 1576 1176 1594 :
1187 1567 1291 1595 dantes
1302 1566 1327 1594 ei
1342 1567 1529 1602 potestatem,
1542 1568 1570 1594 et
1581 1566 1682 1601 gloriae
1693 1565 1890 1600 dignitatem.
1913 1568 1939 1592 et

1105 1613 1306 1640 discernentes
1317 1611 1469 1638 sancimus
1483 1614 1514 1639 ut
1528 1611 1639 1638 habeat
1653 1613 1835 1646 potestatem
1855 1611 1937 1646 prin-

1106 1657 1243 1693 cipalem.
1261 1659 1288 1684 et
1302 1656 1338 1683 sit
1348 1657 1414 1691 ipsa
1428 1658 1517 1692 caput
1531 1658 1661 1692 quatuor
1680 1655 1811 1686 sedium,
1825 1655 1939 1683 scilicet

1106 1701 1185 1729 sedis
1201 1700 1397 1733 Alexandriae,
1416 1700 1587 1733 Antiochiae,
1600 1697 1898 1735 Hierosolymorum,
1912 1701 1938 1726 et

1107 1745 1386 1781 Constantinopolis.
1400 1746 1432 1772 Et
1443 1745 1575 1772 similiter
1590 1745 1619 1772 in
1633 1743 1777 1772 omnibus
1794 1744 1938 1772 Eeclesiis

1107 1791 1197 1818 totius
1213 1790 1294 1817 orbis
1308 1790 1476 1826 episcopus,
1494 1789 1545 1824 qui
1560 1789 1646 1816 estin
1666 1791 1772 1816 sancta
1799 1790 1941 1816 Romana

1107 1835 1236 1863 Ecclesia
1248 1834 1388 1862 sacerdos
1398 1833 1511 1861 mundi.
1525 1833 1710 1869 thuidquid
1723 1835 1767 1861 est
1774 1832 1815 1860 ad
1824 1833 1938 1861 sancti—

1107 1884 1207 1913 tttem,
1224 1879 1271 1907 vel
1290 1878 1444 1906 utilitatem
1461 1878 1522 1913 Dei,
1534 1881 1562 1906 et
1582 1877 1808 1910 correctionem,
1840 1880 1872 1905 et
1894 1878 1940 1904 tir~

1108 1925 1241 1954 mitalem
1256 1923 1323 1951 ﬁdei
1337 1923 1582 1955 Christianorum,
1597 1925 1630 1950 ut
1643 1922 1681 1949 ab
1695 1921 1936 1958 ipsojudieetur.

1108 1972 1223 1997 Justum
1237 1970 1279 1995 est
1295 1968 1385 2001 enim,
1400 1969 1432 1994 ut
1446 1967 1486 1994 ibi
1498 1969 1604 1994 sancta
1618 1966 1787 1994 luxbabeal
1801 1970 1897 2002 caput
1910 1968 1934 1992 ct

1108 2013 1300 2050 principium,
1311 2011 1362 2047 qui
1373 2013 1494 2038 sanctus
1509 2011 1680 2045 Legislator,
1693 2010 1723 2037 id
1734 2012 1788 2043 est,
1802 2010 1938 2038 Salvator

1109 2062 1210 2087 noster
1221 2059 1307 2085 .lcsus
1322 2055 1455 2084 Christus
1469 2056 1556 2083 beato
1573 2054 1758 2090 Petrojussit
1774 2058 1878 2083 tenere
1894 2063 1937 2082 ca-

1109 2103 1256 2133 tlicdram,
1273 2104 1301 2129 et
1315 2101 1403 2128 etiam
1420 2100 1471 2128 ubi
1487 2100 1658 2136 passionem
1673 2099 1817 2127 sustinuit
1829 2100 1934 2132 crucis,

1109 2151 1136 2176 et
1151 2148 1246 2176 beatae
1261 2146 1364 2174 mortis
1379 2145 1502 2172 calicem
1515 2145 1600 2180 bibit,
1617 2145 1712 2172 factus
1727 2144 1866 2172 imitator
1885 2146 1935 2172 Ma.

1073 2212 1093 2238 Ι)
1110 2193 1191 2228 gistri
1206 2194 1234 2219 et
1250 2190 1365 2218 Domini
1381 2190 1436 2224 sui,
1459 2192 1487 2216 et
1502 2191 1534 2216 ut
1545 2189 1656 2216 ibidem
1673 2191 1777 2223 gentes
1793 2189 1935 2216 inclinent

1110 2237 1207 2273 capita
1223 2243 1278 2263 sua
1297 2236 1419 2271 propter
1445 2233 1666 2261 confessionem
1695 2233 1831 2260 nominis
1861 2233 1935 2260 Chri-

1111 2282 1158 2313 sli,
1187 2281 1236 2308 ubi
1258 2280 1362 2307 doctor
1385 2287 1489 2306 eorum
1516 2278 1623 2306 beatus
1643 2277 1754 2306 Paulus
1779 2278 1933 2314 apostolus

1109 2328 1231 2363 propter
1247 2325 1394 2352 Christum
1410 2323 1574 2351 extendens
1601 2323 1757 2355 cervicem,
1790 2330 1933 2350 coronam

1110 2370 1243 2406 martyrii
1255 2369 1395 2405 suscepit,
1412 2371 1440 2396 et
1454 2376 1549 2404 usque
1565 2368 1593 2395 in
1610 2368 1701 2395 tinem
1715 2367 1823 2395 mundi
1844 2368 1886 2396 ibi
1897 2375 1934 2395 re-

1109 2416 1229 2452 quirant
1244 2414 1408 2447 doctorem,
1419 2412 1471 2441 ubi
1484 2415 1657 2441 sanctorum
1672 2412 1805 2448 reliquiae
1822 2412 1933 2448 requie-

1109 2461 1204 2488 scunt.
1216 2470 1231 2484 ι)

1144 2506 1176 2533 Et
1189 2504 1284 2532 infra:
1304 2515 1313 2527 ι
1333 2505 1452 2539 Propter
1466 2503 1523 2530 hoc
1538 2502 1607 2529 utile
1621 2501 1822 2536 instituamus,
1845 2502 1932 2537 impc-

1108 2550 1184 2578 rium
1194 2550 1328 2577 nostrum
1338 2551 1366 2575 et
1377 2547 1543 2584 potentiam
1555 2547 1671 2583 imperii
1684 2546 1721 2574 ad
1728 2548 1832 2582 partes
1844 2547 1931 2574 oricu-

1109 2595 1180 2623 talcs
1196 2593 1359 2626 transferri,
1381 2592 1453 2620 etin
1472 2592 1623 2627 regionem
1649 2590 1794 2628 Byzantii,
1821 2591 1850 2619 in
1873 2591 1931 2618 loco

342 2811 606 2841 Haec-Constantini
620 2811 744 2840 donatio
758 2810 849 2839 ﬁdem
863 2818 926 2840 non
941 2811 1071 2840 meretur
1091 2811 1120 2839 et
1132 2817 1150 2840 a
1165 2808 1274 2838 criticis
1290 2807 1433 2837 omnibus
1445 2805 1635 2844 reprobatur.
