1944 3084
44 120 86 147 537
747 119 885 148 CONTRA
906 118 1062 148 GRAECOS.
1701 121 1753 148 538

43 181 97 209 utili
112 180 274 208 civitatem
287 181 426 216 condere,
442 182 470 209 et
492 181 654 218 imperium
668 183 806 210 nostrum
819 182 872 210 ibi-
890 185 913 210 A
928 182 1011 218 quod
1024 181 1113 217 legati
1128 181 1213 210 missi
1228 182 1267 211 ab
1282 189 1317 211 ea
1332 182 1619 219 Constantinopolim
1632 190 1752 211 summo

44 226 106 255 dem
121 225 292 254 collocare.
310 225 456 259 Quoniam
467 225 518 254 ubi
529 228 572 254 est
582 226 764 263 principium
779 235 874 255 sacer-
930 235 998 255 cum
1013 227 1127 255 honore
1138 229 1166 255 et
1178 227 1320 256 laudibus
1334 228 1545 264 reciperentur.
1562 228 1632 256 Inde
1656 230 1710 262 est,
1721 231 1754 256 ut

45 271 121 304 dotii,
137 272 165 298 et
181 272 284 306 caput
296 270 467 299 Christianae
498 270 650 306 religionis
664 279 682 300 ιι
697 273 774 307 Rege
787 272 874 300 ccelo-
929 271 1163 308 ipseimperator
1173 272 1209 300 de
1220 280 1298 309 equo
1309 272 1430 309 proprio
1441 272 1702 308 resiliens,equum
1715 272 1754 299 le-

46 323 105 344 rum
118 315 283 348 traditum,
297 314 456 350 indignum
466 317 519 350 est,
534 318 567 344 ut
591 315 633 344 ibi
661 323 714 344 rex
740 318 874 345 terrenus
929 318 1067 351 gatornm
1077 316 1214 352 pedester
1234 317 1362 345 traheret
1379 318 1435 353 (25)
1454 325 1551 354 usque
1561 316 1598 344 ad
1610 315 1754 352 palatium

46 360 148 388 habeat
164 361 366 395 potestatem.
381 371 395 385 ι)
929 360 1012 396 quod
1040 360 1244 389 Cardinalium
1268 362 1444 395 vocabatur,
1472 361 1618 389 imitando
1646 358 1756 387 scilicet

78 405 140 432 Haec
155 406 185 432 et
199 403 254 432 his
273 403 387 432 similia
402 404 635 441 quamplurima
645 405 834 434 continentur
844 405 874 434 in
930 405 1133 433 Constantium
1165 406 1185 440 l,
1230 406 1467 435 Christianorum
1497 405 1675 442 principem,
1703 402 1755 439 qui

928 449 1017 478 beato
1033 449 1183 485 Sylvestro
1198 450 1288 479 talem
1302 452 1502 479 reverentiam
1519 449 1705 485 dignoscitur
1716 448 1756 475 fe«

929 494 1016 527 cisse,
1033 496 1122 530 prout
1134 494 1164 522 in
1178 495 1302 531 praefato
1316 495 1471 531 privilegio
1479 494 1646 523 continetur
1660 492 1755 520 mani-

929 538 1014 567 feste.
1030 539 1181 569 Aitenim:
1196 550 1209 564 ‹‹
1223 541 1255 567 Et
1265 542 1395 568 tenentes
1410 540 1527 568 frenum
1543 539 1618 574 ejus,
1635 539 1755 574 propter

929 584 1066 612 timorem
1084 586 1112 612 et
1131 585 1329 613 reverentiam
1343 585 1374 613 Β.
1400 585 1482 619 Petri,
1513 584 1646 612 stratoris
1656 581 1755 611 otticio

930 629 976 656 usi
989 636 1106 663 sumus,
1120 637 1172 665 per
1188 630 1367 666 scripturam
1377 630 1531 666 publicam
1542 628 1656 657 cunctis
1668 627 1755 655 inno-

930 675 1055 701 tescant.
1078 684 1087 699 1
1111 673 1192 702 Unde
1203 677 1285 702 tanta
1296 674 1413 703 cmcitas
1426 673 1579 702 modernis
1594 672 1710 705 Graecis,
1726 674 1755 700 et

931 718 1039 746 mentis
1055 718 1217 753 hebetndo,
1230 721 1261 747 nt
1275 719 1387 753 dicant,
1398 728 1428 747 se
1443 727 1504 748 non
1528 718 1620 747 teneri
1632 717 1672 746 ad
1685 717 1755 745 obe-

931 762 1074 790 dientiam
1090 763 1226 791 Ecclesiae
1242 764 1411 792 Romana?

967 808 1037 834 item
1051 815 1234 842 quaeramus,
1255 810 1283 836 et
1298 808 1356 844 ipsi
1377 808 1594 844 respondeant:
1620 806 1754 834 Antreli-

931 852 995 887 quit
1006 851 1126 879 Petrum
1138 852 1322 880 utvicarium
1333 853 1410 880 sectis
1424 861 1498 887 suae,
1511 853 1563 880 aut
1570 859 1641 880 non.
1658 851 1686 879 Si
1701 851 1753 885 sic,

47 449 117 477 dicto
132 448 301 484 privilegio
314 449 507 484 Constantini,
522 449 604 485 quod
626 449 667 478 ad
687 450 834 478 honorem
847 452 875 478 et

46 493 241 522 reverentiam
257 495 460 522 sacrosanctae
482 495 626 522 Romanae
656 494 804 528 Ecclesiae,
824 495 874 524 illo

47 540 171 574 tempore
184 538 306 566 Graecis
321 540 350 566 et
362 538 481 572 Latinis,
493 541 525 567 ut
542 538 656 567 dictum
685 541 739 573 est,
769 539 873 568 litteris

46 583 258 619 promulgavit.
271 584 334 611 Hoc
347 585 447 612 tamen
458 591 476 611 a
486 584 646 620 semetipso
670 592 731 612 non
757 584 873 618 habuit,

47 628 92 656 sed
102 636 170 656 cum
182 630 269 656 esset
277 630 350 656 tunc
361 630 495 665 tempore
513 629 798 662 Christianissimus,
810 637 876 658 san-

47 675 152 700 ctorum
172 674 384 700 trecentorum
400 672 502 700 decem
520 674 548 701 et
562 673 759 707 octo;Patrum
779 674 877 702 conci-

47 717 79 745 lio
88 717 231 745 interesse
247 718 362 745 meruit
376 717 422 745 vel
442 717 572 750 studuit;
594 720 622 745 et
632 718 739 746 eodem
768 719 876 754 Spiritu

47 769 99 796 quo
113 763 140 789 et
151 761 211 797 ipsi
240 761 336 797 pleni,
360 761 462 790 sedem
485 761 693 797 apostolorum
721 762 874 798 principis,

48 808 124 842 prout
140 806 171 834 in
187 806 359 841 Evangelio
373 814 391 834 a
405 806 532 834 Domino
549 806 704 841 didicerat,
717 807 747 834 in
763 807 876 835 honore

49 851 162 885 dignam
179 859 249 878 esse
266 851 409 880 decrevit.
420 851 463 879 lbi
478 851 557 879 enim
569 851 702 887 praedicti
715 852 810 879 sancti
827 853 876 879 Pa-
893 860 912 886 Β

49 896 342 930 trespraerogativam
353 895 529 930 dignitatem
544 895 679 923 Ecclesiis
693 903 746 931 per
762 896 877 923 univer-

49 947 106 966 sum
125 940 237 967 orbem
274 940 494 976 dispensantes,
522 941 690 968 Romanam
717 940 876 968 Eeclcsiam

51 991 106 1011 esse
114 986 206 1020 caput
215 984 360 1012 omnium
370 984 567 1012 Ecclesiarum
584 985 615 1012 in
626 985 688 1012 suis
698 984 878 1013 definierunt

50 1029 215 1063 sententiis;
231 1031 327 1064 prout
341 1029 371 1056 in
396 1028 595 1065 prmallegatis
623 1029 754 1056 conciliis
779 1036 878 1057 neces-

51 1072 117 1100 sario
131 1073 367 1109 comprobatur.

81 1117 174 1145 Sedet
202 1118 316 1154 reliqui
338 1118 532 1154 imperatores
553 1117 711 1146 orthodoxi
735 1118 877 1146 thronum

53 1161 117 1189 Petri
125 1162 274 1190 omnibus
286 1162 352 1190 aliis
362 1163 565 1199 praeferentes,
576 1162 650 1190 tales
673 1162 709 1190 de
720 1162 877 1198 ipsaleges

52 1205 264 1235 condiderunt:
286 1207 465 1242 «Volumus,
492 1209 524 1235 ut
547 1207 646 1235 omnis
675 1207 758 1240 regio
786 1208 876 1236 eccle-

54 1250 162 1279 siastica
169 1252 408 1280 consuetudines
416 1254 557 1280 Romanae
567 1251 703 1279 Ecclesiae
711 1251 852 1281 imitetur.
861 1266 874 1278 ι)

54 1295 79 1321 Et
92 1295 215 1323 iterum:
232 1308 242 1320 α
265 1297 381 1324 Dictam
394 1297 496 1324 sedem
509 1296 593 1324 omni
613 1296 727 1323 honore
751 1296 874 1331 dignam

55 1338 244 1375 decrevimus,
261 1342 336 1377 quia
362 1341 510 1377 quidquid
525 1341 562 1368 ad
578 1339 790 1368 correctionem
804 1342 875 1371 ﬁdei

56 1386 166 1419 spectat,
182 1386 224 1413 ab
239 1386 295 1414 illa
308 1386 377 1413 sedc
393 1386 446 1414 fuit
459 1393 578 1422 semper
601 1387 764 1421 receptum,
782 1394 876 1415 corre-

57 1432 125 1456 ctum
135 1433 162 1457 et
177 1431 387 1458 emendatum.
405 1442 417 1455 ιι

87 1474 149 1506 0οω
168 1477 284 1503 cuncta
319 1475 342 1503 si
358 1475 484 1510 diligens
509 1475 601 1504 lector
619 1477 766 1505 discutere
785 1476 874 1510 volet,

63 1518 180 1546 inveniet
204 1519 258 1548 illa
289 1519 353 1552 tria,
379 1527 446 1555 quae
474 1520 505 1548 in
528 1521 674 1557 principio
689 1522 773 1549 istius
785 1521 877 1557 partis
892 1534 912 1562 Ο

64 1561 167 1591 fuerant
181 1564 322 1600 quaesita,
342 1571 406 1592 esse
433 1564 539 1593 soluta.
567 1566 706 1594 Videlicet
732 1574 792 1602 quo
805 1568 878 1593 tem-

63 1609 272 1641 poreRomana
299 1608 426 1637 Ecclesia
450 1609 555 1638 habuit
580 1610 668 1638 istam
690 1612 876 1646 potestatem,

63 1650 100 1678 vel
112 1659 127 1679 a
139 1659 209 1687 quo,
222 1655 252 1680 et
262 1654 364 1680 utrum
375 1661 465 1688 super
476 1661 582 1682 omnes
604 1655 819 1689 universaliter,
831 1653 879 1681 vel

63 1696 268 1729 particulariter
284 1705 374 1733 super
386 1697 515 1733 aliquos.
545 1699 631 1731 Quod
659 1699 767 1727 iterum
791 1706 877 1734 repe—

64 1739 147 1767 tentes
155 1741 285 1769 dicimus
300 1749 306 1768 :
321 1741 406 1774 Quod
415 1742 622 1771 auctoritatem
634 1743 740 1771 habuit
750 1741 880 1770 Ecclesia

63 1784 203 1820 aChristo,
219 1786 374 1814 mediante
391 1788 483 1821 Petro,
499 1787 547 1815 cui
562 1796 635 1816 cura
649 1788 786 1816 omnium
796 1786 878 1823 spiri-

66 1828 176 1857 tualium
196 1830 366 1866 specialiter
377 1826 584 1868 singulariterq
590 1840 625 1860 ne
636 1833 690 1860 fuit
701 1831 877 1860 commissa:

67 1874 277 1902 exsecutionem
286 1877 385 1902 tamen
408 1877 573 1911 potestatis,
585 1877 630 1904 vel
638 1876 821 1904 auctoritatis
828 1876 880 1904 ha-

67 1914 107 1943 bet
116 1918 241 1946 Ecclesia
251 1927 270 1946 a
280 1919 379 1954 primo
388 1920 513 1947 concilio
525 1921 624 1948 Niczeaa
635 1921 782 1948 celebrato
807 1920 876 1954 (23):

67 1959 153 1996 inquo
163 1970 357 1999 unaquaeque
374 1964 458 1991 sedes
473 1965 642 1992 scentulum
654 1965 721 2001 plus
730 1968 756 1992 et
768 1965 878 1999 minus,

67 2003 197 2034 honorem
214 2007 254 2035 ab
271 2009 417 2044 apostolis
432 2012 595 2044 receperat,
608 2012 636 2037 et
647 2009 746 2036 minus
758 2009 811 2037 fuit
822 2009 880 2045 pri-

67 2047 189 2083 vilegiuta
205 2054 234 2080 et
264 2052 408 2080 exaltata:
438 2053 615 2088 dignitatem
643 2062 714 2081 vero
734 2056 762 2082 et
776 2056 879 2090 poten-

68 2091 129 2120 tiam
139 2096 332 2131 temporalem
341 2097 624 2133 recepitaﬁdelibus
637 2097 877 2133 imperatoribusI

69 2137 111 2171 qui
125 2141 282 2176 atempore
300 2142 328 2167 li.
342 2141 491 2177 Sylvestri,
519 2150 573 2177 pro
587 2150 622 2169 ea
635 2142 773 2177 publicas
796 2142 878 2176 leges

69 2183 287 2227 pl‘omulgnntes,
301 2185 327 2212 ei
341 2193 445 2221 pacem
462 2186 620 2215 dederunt.
642 2187 734 2223 Unde,
752 2189 779 2214 et
791 2187 878 2214 donis
893 2200 915 2227 ι)

70 2223 219 2260 largissime
230 2230 341 2262 dotata,
353 2229 402 2264 jus
416 2238 505 2257 suum
521 2230 611 2258 libere
623 2239 713 2266 super
723 2239 838 2265 omnes,
851 2234 879 2258 et

72 2268 166 2306 ubique
177 2280 211 2300 ex
223 2276 293 2301 tunc
308 2274 398 2310 cmpit
413 2275 582 2302 extendere.
598 2275 679 2303 Unde
696 2278 724 2303 ct
735 2275 812 2303 duos
827 2283 878 2311 pa-

72 2313 198 2344 triarchas
212 2318 357 2351 [‘hotium,
369 2321 396 2346 et
406 2319 571 2354 quemdam
595 2319 687 2347 alium
700 2321 754 2354 (2t)
764 2320 794 2348 in
805 2320 877 2347 urbe

73 2358 382 2398 Constantinopolitano.
420 2362 599 2399 deposuisse
624 2363 820 2398 dignoscitur,
851 2364 879 2391 et

74 2404 205 2436 quosdam
216 2407 290 2435 alios
302 2407 593 2435 exeom‘municasse.
607 2409 668 2436 lmo
678 2408 709 2435 in
720 2410 828 2435 cuncta
835 2415 878 2435 re-

74 2449 186 2477 verentia
197 2450 300 2479 habita
310 2454 355 2479 est
365 2454 433 2480 ante
448 2452 581 2480 schisma
598 2453 684 2480 sedes
700 2451 877 2488 apostolica,

163 2534 219 2562 Hoc
233 2543 307 2564 sano
323 2544 412 2564 sensu
424 2536 519 2572 accipi
535 2536 633 2565 debet.
652 2538 740 2564 Srew.

106 2569 154 2601 (24)
171 2571 340 2608 anthimum
365 2572 477 2606 forsan,
490 2569 534 2599 ’ἰὼ
553 2575 684 2608 Agapeto
705 2572 877 2608 depositum

79 2600 242 2640 tengporibus
252 2607 422 2640 Justiniani,
434 2600 529 2635 voluit
544 2600 687 2635 indicare.
704 2600 786 2635 B.\;N.

106 2639 151 2673 (‘25)
168 2642 286 2679 Romani
301 2639 457 2679 pontifices
471 2643 726 2679 Constantinopoli
742 2651 812 2671 suos
826 2643 878 2671 ha.

79 2669 405 2712 saejespoa's’aés’sv'a
413 2669 421 2670 ί
429 2669 658 2712 abbatissae;
667 2669 731 2706 ‘s‘e’a
748 2669 793 2706 illi
801 2669 877 2706 ﬁt

80 2705 231 2749 {litteban‘tur
244 2713 341 2749 legati,
357 2705 417 2741 inec
431 2705 833 2748 rtrnernntrcard'inales,inec
843 2705 878 2742 id

82 2744 491 2785 {temporibusVCohstantinL
516 2749 570 2777 sed
595 2744 752 2778 Justiniani
779 2749 878 2785 potius

82 2781 234 2812 Institutnm.
246 2786 303 2813 Nec
319 2787 388 2813 tunc
402 2785 547 2821 temporis
567 2784 714 2821 palatium
730 2781 789 2813 fuit
812 2793 877 2814 car-

932 895 1080 924 habemns
1093 897 1292 932 propositum,
1305 899 1334 925 et
1347 899 1445 925 cessat
1459 897 1557 924 omnis
1579 895 1714 932 quaestio,
1727 897 1755 922 et

933 949 1040 968 sumus
1056 941 1087 968 in
1100 949 1183 977 pace.
1196 941 1225 969 Si
1242 949 1320 969 non:
1346 942 1399 970 sed
1423 941 1529 970 eadem
1542 941 1668 974 ratione,
1682 940 1755 975 quia

933 986 1033 1013 Petrus
1046 993 1106 1013 non
1120 985 1305 1022 relinquitur,
1316 994 1372 1014 nec
1386 986 1531 1018 Andreas,
1544 993 1599 1013 nec
1613 983 1752 1017 Jacobns,

933 1037 988 1057 nec
1003 1030 1112 1066 aliquis
1125 1029 1200 1058 alius
1214 1030 1377 1066 apostolus.
1392 1030 1474 1058 Unde
1489 1037 1560 1065 ergo
1576 1030 1606 1057 in
1624 1028 1754 1057 Ecclesia

933 1073 1092 1102 multitudo
1105 1074 1231 1106 sedium,
1250 1077 1277 1102 et
1289 1074 1468 1110 dignitatum
1480 1074 1647 1106 diversitas,
1678 1075 1706 1100 et
1719 1072 1754 1100 1i-

933 1118 1023 1152 gandi
1037 1120 1126 1154 atque
1137 1119 1269 1146 solvendi
1283 1119 1400 1147 animas
1411 1121 1494 1147 tanta
1503 1120 1635 1154 potestas
1647 1117 1660 1144 εἶ
1672 1117 1755 1144 Unde

932 1162 1021 1190 etiam
1037 1163 1365 1199 Constantinopolitano
1393 1162 1512 1199 praesuli
1529 1164 1611 1190 tanta
1629 1161 1675 1190 vel
1689 1160 1755 1189 talis

930 1209 1076 1243 potestas,
1092 1209 1172 1236 unde
1187 1207 1267 1236 dicat
1287 1216 1319 1236 se
1335 1208 1466 1244 primum
1481 1210 1549 1244 post
1572 1214 1694 1243 papam,
1710 1205 1756 1234 vel

931 1259 1021 1287 super
1049 1252 1124 1280 alios
1149 1253 1337 1288 patriarchas
1366 1253 1379 1280 ?
1400 1253 1457 1281 Sed
1485 1253 1597 1286 dicunt,
1626 1251 1710 1288 quod
1738 1258 1756 1278 a.

931 1296 1075 1324 conciliis.
1092 1297 1149 1325 Sed
1159 1297 1286 1325 concilia
1310 1297 1412 1325 sedem
1439 1297 1524 1332 Petri,
1545 1298 1634 1333 prout
1656 1297 1756 1323 osten-

931 1349 998 1368 sum
1015 1343 1067 1375 est,
1082 1341 1146 1369 aliis
1162 1342 1332 1377 praeferunt.
1350 1341 1432 1370 Unde
1455 1342 1562 1370 beatus
1587 1340 1754 1377 Stephanus

930 1388 992 1420 νέος,
1013 1385 1045 1413 id
1065 1388 1119 1418 est,
1136 1394 1231 1414 novus
1249 1388 1364 1422 martyr
1379 1386 1508 1422 (supple,
1523 1386 1580 1420 his,
1596 1385 1649 1421 qui
1666 1391 1756 1412 voca-

930 1429 1004 1457 bant
1017 1437 1087 1457 eum
1101 1431 1140 1458 ad
1155 1431 1310 1466 quoddam
1326 1431 1437 1459 falsum
1452 1431 1621 1465 concilium)
1634 1436 1755 1465 respon-

931 1475 990 1502 dit:
1005 1486 1018 1500 α
1035 1476 1192 1507 Quomodo
1203 1478 1302 1503 vestra
1317 1475 1452 1511 synodus
1465 1475 1645 1504 universalis
1669 1481 1756 1502 voca-

930 1518 1019 1552 bitur,
1032 1519 1062 1546 in
1084 1527 1145 1555 quo
1170 1520 1305 1547 Romano
1330 1527 1391 1547 non
1415 1519 1527 1555 placuit
1547 1518 1676 1554 praesuli,
1692 1518 1754 1544 sine

931 1571 992 1600 quo
1007 1563 1193 1599 impossibile
1209 1566 1395 1599 estprorsns,
1412 1571 1460 1591 res
1474 1561 1691 1591 ecclesiasticas
1702 1569 1755 1589 ca—

932 1607 1064 1636 nonizari
1079 1609 1092 1635 ?
1108 1619 1122 1633 ››
1139 1607 1218 1635 istud
1234 1607 1435 1636 testimonium
1450 1607 1597 1635 invenitur
1615 1605 1754 1642 passione

928 1660 988 1692 sua
999 1652 1187 1680 conﬁrmare.
1202 1654 1234 1680 Et
1245 1652 1358 1689 alioqui
1384 1652 1535 1680 inﬁrmare
1555 1653 1623 1679 ante
1641 1651 1754 1685 legatos

932 1705 994 1725 non
1013 1700 1129 1734 poterat
1157 1697 1327 1731 concilium,
1348 1705 1402 1725 nec
1424 1696 1600 1732 congregari
1623 1694 1755 1723 similiter

935 1742 999 1769 sine
1015 1749 1164 1769 consensu
1178 1749 1278 1777 papae.
1296 1742 1371 1776 Ergo
1390 1743 1419 1769 et
1443 1742 1595 1769 Romanus
1622 1739 1755 1775 pontifex

933 1785 1024 1814 habet
1037 1786 1214 1821 potestatem
1226 1785 1359 1814 similiter
1369 1784 1565 1822 principalem
1573 1793 1591 1813 a
1603 1783 1734 1813 conciliis
1746 1792 1753 1816 ;

934 1832 962 1858 et
974 1830 1043 1858 inde
1054 1832 1085 1858 nt
1100 1830 1192 1866 prius.

971 1875 999 1902 Si
1014 1882 1084 1902 vero
1098 1875 1224 1902 dixerint
1237 1884 1243 1902 :
1268 1876 1325 1902 Nos
1340 1876 1515 1910 reputemus
1541 1882 1621 1902 eum-
1637 1880 1756 1901 excom-

934 1919 1119 1947 municatum
1127 1919 1328 1946 etheereticum
1341 1919 1426 1955 gqnia
1438 1918 1587 1947 addiditin
1595 1917 1754 1954 Symbolo:

936 1963 1088 1998 Filioque;
1102 1966 1128 1990 et
1140 1963 1206 1990 ideo
1218 1970 1278 1990 non
1293 1963 1470 1991 obediemns
1487 1963 1512 1990 ei
1528 1964 1595 1998 (26).

970 2009 1041 2034 ltem
1055 2006 1198 2042 quaeritur
1210 2006 1249 2033 ab
1273 2007 1331 2034 eis:
1359 2008 1389 2034 ln
1416 2014 1477 2043 quo
1501 2005 1637 2038 concilio,
1662 2007 1714 2032 aut
1725 2004 1756 2032 in

934 2059 995 2087 qua
1010 2051 1127 2086 synodo
1141 2053 1240 2078 tantus
1267 2053 1373 2086 pastor
1387 2053 1415 2078 et
1444 2052 1527 2079 Pater
1556 2048 1690 2077 Ecclesia:
1704 2048 1758 2076 fuit

934 2095 1088 2122 convictus
1099 2094 1135 2122 de
1147 2094 1305 2122 mendacio
1315 2097 1342 2122 et
1355 2095 1469 2127 litercsi,
1480 2093 1633 2122 communi
1642 2095 1757 2120 senten-

934 2139 973 2167 tio.
987 2139 1220 2166 condemnatus:
1235 2147 1303 2174 quae
1321 2147 1389 2166 cum
1403 2139 1559 2167 ostendere
1579 2146 1639 2165 non
1654 2140 1756 2173 potue-

933 2186 1011 2216 runt,
1028 2184 1101 2219 quia
1113 2191 1271 2218 nunquam
1296 2183 1407 2211 factum
1428 2186 1480 2216 est,
1508 2183 1645 2216 dicimus,
1674 2181 1758 2218 quod

934 2228 1048 2256 etiamsi
1064 2235 1168 2254 verum
1194 2229 1281 2259 esset,
1305 2227 1388 2263 quod
1411 2227 1438 2254 ei
1459 2227 1632 2263 imponitur,
1658 2229 1757 2254 tamen

933 2272 1042 2300 falsum
1049 2275 1101 2306 cst,
1113 2272 1578 2307 sicutsnpradcmonstravimns.
1590 2274 1757 2307 Antequam

933 2319 1129 2345 convincatur
1157 2315 1361 2351 principaliter
1390 2323 1444 2351 per
1464 2316 1633 2349 concilium,
1657 2317 1760 2343 manet

934 2369 1152 2397 semperpenes
1167 2368 1236 2388 eum
1259 2360 1440 2392 auctoritas;
1467 2368 1522 2388 nec
1550 2360 1639 2388 debet
1661 2359 1757 2394 vitari,

934 2406 987 2434 sed
999 2414 1104 2434 omnes
1116 2407 1253 2433 tenentur
1279 2405 1305 2432 ei
1330 2404 1462 2439 obedire,
1489 2412 1656 2441 quousque,
1685 2405 1759 2432 sicut

933 2451 1074 2486 diximus,
1090 2451 1120 2478 in
1131 2458 1184 2477 sna
1195 2449 1354 2486 praesentia
1365 2452 1563 2484 cognoscatur
1574 2457 1676 2477 causa.
1698 2450 1758 2477 Hoc

933 2536 1096 2567 dinalinm;
1113 2535 1224 2571 quippe
1240 2543 1299 2562 non
1317 2535 1346 2562 in
1358 2533 1474 2562 {edibus
1495 2533 1633 2571 propriis,
1664 2534 1715 2561 sed
1727 2534 1758 2562 in

935 2571 1045 2607 palatio
1060 2570 1141 2605 regio
1153 2570 1536 2605 habitabantapocrisiarii,
1564 2571 1701 2607 ntﬂpatet.
1723 2577 1757 2597 ex

933 2603 1060 2644 cpistola
1070 2603 1174 2644 Phocea
1189 2607 1228 2634 ad
1244 2603 1416 2644 Gregorium
1431 2607 1579 2644 Magnum.
1593 2603 1650 2644 Nec
1664 2603 1758 2644 ullum

933 2639 1060 2670 o'ccnrrit
1075 2642 1220 2678 palatium
1236 2642 1434 2678 cardinalinm
1448 2639 1530 2677 apud
1552 2639 1758 2678 constantino-

955 2678 1036 2706 olim.
1061 2675 1118 2706 Nec
1133 2677 1263 2713 denique
1272 2685 1338 2705 mos
1349 2675 1646 2713 fuitimperatoribus
1660 2678 1757 2704 tantos

955 2687 1036 2706 oum.
1061 2687 1118 2706 nec
1133 2687 1263 2713 (lemque
1272 2687 1338 2705 [Ποὸ
1349 2687 1403 2705 ῐυιι
1412 2687 1459 2712 IIII:

932 2687 1062 2742 Ronores
1077 2713 1182 2748 legatis
1197 2713 1358 2741 deferendi.
1378 2715 1459 2741 BASN.

969 2751 1028 2785 (26}
1037 2749 1123 2777 Deest
1133 2749 1302 2784 responsio.
