1944 3084
191 133 241 162 539

811 134 1052 163 PANTALEONIS
1072 135 1213 164 DlACONl
1233 137 1286 164 ΟΡ.

1859 134 1936 160 540

190 196 299 225 docent
310 196 446 231 concilia,
462 196 538 224 ratio
564 196 652 224 docet
662 199 690 224 et
709 197 850 232 suggerit,
871 199 899 225 et
922 204 1011 224 cano-
1025 197 1049 223 Α
1065 200 1168 229 tasset,
1188 197 1362 233 compulsus
1381 199 1427 225 est
1450 197 1610 234 praedictus
1639 205 1721 234 papa
1745 203 1934 232 magnum

190 248 243 268 nes
257 240 452 276 compellunt.
464 241 546 268 Unde
571 241 600 268 in
615 244 723 277 quarto
738 241 864 268 concilio
888 242 1011 277 patriar-

189 287 246 314 cha
264 287 482 314 Alexandrinus
506 287 674 320 Dioscorus,
694 289 723 314 et
749 287 896 323 Eutyches
918 287 1011 314 archi-

189 331 350 367 mandrita,
373 339 441 358 cum
457 338 511 367 per
534 339 621 358 suam
644 331 847 358 facinorosum
873 331 1012 358 hmresim

190 376 286 403 forent
300 375 480 411 deponendi,
494 379 562 403 ante
577 378 678 404 tamen
689 375 779 403 latam
792 377 969 404 sententiam
986 378 1014 404 et

190 428 312 448 causam
324 420 486 454 cognitam,
499 420 655 448 manifeste
665 420 731 448 loca
745 429 800 448 sua
815 423 973 448 tenuerunt
983 421 1012 448 in

189 464 324 497 concilio,
339 468 367 492 et
378 472 497 500 semper
511 465 695 493 venerabiles
705 466 822 498 Patres,
849 467 875 493 et
887 468 1012 493 sanctis-

188 510 255 537 simi
268 510 465 537 vocabantur.

225 554 296 582 Cum
317 554 405 588 igitur
433 561 488 581 nec
508 554 538 581 in
560 553 617 581 hoc
647 561 678 581 se
722 554 840 589 possint
872 561 1014 582 excusare

189 598 290 629 Graeci.
315 598 394 626 unde
421 602 475 629 est,
505 598 588 634 quod
619 606 637 626 ἃ
664 601 760 626 matre
781 598 909 626 Ecclesia
932 602 1014 626 tanto

192 645 327 679 tempore
356 643 538 677 recedentes,
558 643 653 671 redire
675 643 712 670 ad
735 643 937 670 obedientiam
955 646 1014 671 tam

192 687 343 715 obstinato
371 688 473 715 animo
508 687 680 715 recusant?
712 689 786 715 Puto
813 688 895 724 quod
921 687 1016 722 longi-

189 733 316 760 turnitas
358 732 502 768 temporis
545 732 624 760 hanc
673 732 835 759 cmcitatem
868 732 1014 759 interioris

192 776 672 804 hominisinduxiteis.Transacti
699 779 769 804 sunt
792 777 871 804 enim
896 779 1015 812 trecenti

188 821 340 855 octoginta
365 821 435 848 anni
466 823 495 848 et
522 820 663 856 amplius,
701 823 733 848 ut
766 820 902 855 creditur,
933 820 1014 856 quod

186 865 266 893 istud
283 865 413 893 schisma
425 868 453 893 et
464 865 641 893 scandalum
662 865 752 900 cmpit
766 865 848 893 oriri.
871 865 926 892 Sed
938 872 1014 893 nun—

186 910 258 945 quid
274 913 392 946 tempus
404 910 579 946 praajudicat
591 910 619 937 in
632 909 740 937 talibus
749 909 833 937 ?imo
845 911 927 937 tanto
949 917 1011 937 ma-

187 953 233 989 gis
246 954 288 982 rei
303 953 482 987 scbismatis,
502 954 584 987 apud
612 961 740 981 examen
756 953 859 982 (sterni
882 953 1005 985 Judicis,

186 1001 300 1034 quanto
326 998 447 1026 indultre
486 998 667 1034 paenitentiae
696 998 881 1034 temporibus
901 998 1009 1032 ingrati

186 1042 368 1076 abutuntur;
385 1043 550 1079 praesertim
561 1051 630 1070 cum
654 1042 826 1075 semel,bis.
855 1045 908 1074 ter,
937 1042 1012 1070 sicut

185 1086 216 1114 in
227 1087 334 1114 Graecis
345 1087 531 1122 reperiuntur
546 1086 685 1115 historiis,
697 1093 750 1121 per
762 1085 876 1120 legatos
901 1087 1009 1113 Itoma-

185 1137 232 1157 naa
243 1131 342 1162 curias,
355 1133 381 1157 et
401 1138 498 1166 nuper
521 1138 574 1166 per
597 1130 700 1157 fratres
718 1129 812 1157 nostri
833 1129 956 1162 ordinis,
982 1132 1010 1157 et

185 1174 301 1201 Fratres
318 1174 442 1201 Minores
455 1177 588 1209 tempore
603 1174 733 1208 Gregorii
756 1175 789 1200 lx
809 1181 904 1209 papae.
921 1182 935 1201 υ
954 1181 1009 1201 suo

185 1225 284 1245 errore
298 1218 407 1245 fuerint
421 1217 546 1245 dulciter
572 1217 720 1245 revocati:
740 1221 770 1246 ut
794 1217 927 1250 tandem,
942 1218 1009 1246 licet

184 1269 262 1295 sero,
282 1262 319 1289 ad
342 1262 440 1289 sinum
468 1262 571 1289 matris
601 1261 736 1290 Ecclesiae
759 1262 926 1295 redeuntes,
947 1268 1007 1290 uno

184 1314 245 1340 ore,
262 1306 400 1342 quamvis
410 1306 534 1334 diversis
545 1314 689 1334 sonorum
705 1306 838 1340 vocibus,
851 1306 1006 1334 benedice-

183 1358 285 1378 remus
297 1350 404 1386 pariter
423 1350 652 1386 Redemptorem
667 1353 802 1378 nostrum
813 1351 912 1378 Jesum
929 1352 1007 1379 Chri-

183 1397 272 1424 stum.
290 1396 399 1431 quiest
421 1395 597 1422 benedictus
620 1395 648 1422 in
681 1395 791 1422 saecula
815 1395 1004 1423 saeculorum.

182 1443 287 1467 Amen.

220 1485 341 1512 Constat
355 1493 425 1519 ergo
439 1492 474 1512 ex
494 1485 541 1512 bis
554 1493 622 1521 qute
633 1485 711 1512 dicta
737 1487 817 1514 sunt.
840 1485 923 1520 quod
948 1486 1005 1512 lto-

183 1537 292 1557 manus
305 1529 435 1565 pontifex
451 1532 541 1565 caput
560 1533 603 1557 est
630 1530 765 1557 omnium
795 1529 1005 1561 Ecclesiarum,

181 1573 243 1601 sive
274 1573 446 1601 universalis
470 1574 606 1601 Ecclesia:
634 1581 702 1601 cum
730 1581 792 1600 una
819 1574 866 1603 sit.
888 1576 916 1600 et
943 1581 1004 1600 non

182 1617 522 1654 plures,successorque
546 1618 620 1645 Petri
632 1621 660 1645 et
683 1618 810 1645 vicarius
841 1617 890 1645 Dei
905 1617 936 1644 in
952 1619 1005 1644 ter-

180 1661 236 1694 ris;
250 1664 278 1689 et
292 1662 317 1689 ei
330 1665 474 1698 tanquam
486 1662 541 1696 ipsi
556 1662 680 1689 Domino
702 1664 820 1697 oportet
844 1661 958 1694 ﬁdeles,
974 1661 1003 1688 in

181 1704 299 1741 hisqme
312 1706 476 1734 secundum
487 1708 580 1734 Deum
595 1709 674 1740 sunt,
685 1706 792 1733 devote
803 1708 831 1733 et
851 1705 1004 1733 humiliter

181 1749 312 1776 obedire.
331 1751 386 1777 Eos
402 1759 481 1782 vero,
498 1751 549 1786 qui
572 1750 787 1778 contumaciter
813 1750 1003 1785 impugnant,

181 1793 316 1829 etipsam
333 1794 433 1822 sedem
451 1795 584 1822 Ecclesiae
596 1802 655 1822 non
670 1797 806 1822 asserunt
820 1802 888 1821 esse
904 1798 1002 1830 caput,

183 1838 561 1874 sicutjamapontiticibus
582 1839 716 1874 ejusdem
743 1838 821 1866 sedis
849 1839 1003 1866 decretum

182 1884 235 1914 est,
249 1883 446 1910 anathematis
462 1883 562 1917 gladio
577 1882 721 1919 percussi,
749 1890 817 1910 cum
847 1883 961 1910 Dathan
977 1888 1004 1911 et

183 1926 293 1953 Abiron
303 1927 472 1954 schismatis
483 1928 657 1954 incursuros
667 1927 796 1954 dicimus
807 1927 1000 1963 dispendium

181 1970 383 1999 damnationis
397 1975 525 2000 teternte.

341 2029 384 2055 De
398 2031 529 2063 quatuor
542 2030 638 2056 causis
653 2028 830 2056 schismatis.

218 2085 331 2113 Causas
344 2094 414 2114 vero
429 2086 490 2113 sive
505 2086 710 2114 excusationes
727 2086 895 2114 scitis-matis
910 2087 1002 2114 credi-

181 2137 250 2156 mus
263 2139 328 2157 esse
343 2134 481 2166 quatuor.
496 2130 592 2158 Prima
608 2131 660 2158 fuit
683 2130 789 2158 divisio
811 2131 939 2166 imperii.
958 2131 1001 2158 Li-

182 2177 227 2200 cet
242 2174 322 2201 enim
335 2175 539 2210 imperatores.
550 2174 600 2211 qui
617 2175 783 2209 regnabant
796 2175 1002 2202 Constantino—

181 2217 252 2252 poli,
269 2221 335 2253 post
351 2226 497 2246 recessum
516 2219 699 2247 Constantini
715 2215 754 2247 ali
769 2219 840 2246 urbe
858 2220 1000 2252 Romana,

180 2269 236 2298 pro
260 2270 295 2289 eo
312 2263 392 2298 quod
428 2265 522 2291 totum
555 2263 741 2291 contulerant
761 2263 906 2298 Ecclesiae,
927 2264 1003 2291 sicut

181 2314 272 2342 supra
285 2307 426 2340 diximus,
443 2308 615 2343 nullumjus
632 2308 772 2336 haberent
788 2309 817 2335 iu
844 2307 934 2340 Itali-'1,
961 2308 1003 2335 in-

182 2350 243 2378 terd
250 2359 298 2378 um
310 2353 408 2379 tamen
425 2353 535 2387 ubique
547 2354 756 2388 regnaverunt.
781 2351 836 2380 Sed
847 2360 915 2379 cum
927 2352 1003 2380 infra

182 2395 294 2423 Italiam
313 2405 407 2432 usque
423 2397 459 2425 ad
478 2398 600 2425 Romam
614 2397 743 2424 barbara
764 2405 837 2431 gens
861 2397 1002 2427 irruisset,

179 2443 208 2468 et
223 2449 360 2468 summus
375 2442 505 2477 pontifex
519 2442 661 2469 auxilium
674 2440 861 2476 imperatoris
888 2441 1002 2472 Leonis,

179 2484 231 2520 qui
248 2487 311 2513 erat
335 2486 602 2521 Constantinopoli,
624 2485 809 2520 requisisset.
838 2487 866 2512 et
884 2485 931 2512 ille
954 2493 1003 2512 ne-

179 2529 323 2565 gligenter
333 2530 612 2565 agendo,auxilium
627 2534 768 2566 praestare.
780 2529 914 2557 Ecclesiae
925 2530 1002 2557 refu-

201 2599 202 2603 π
217 2588 241 2605 ³⁸
258 2588 345 2615 Prov.
364 2596 462 2622 xxvut,
479 2590 504 2615 9.
520 2589 543 2605 ³⁵
560 2589 614 2615 lsa.
631 2595 705 2619 xxtv,
721 2590 747 2614 εὶ.

214 2645 270 2679 (27)
284 2645 392 2673 Eadem
409 2653 532 2681 prorsus
553 2645 606 2672 fuit
632 2645 749 2672 Lutberi
768 2647 797 2672 et
819 2645 1001 2681 Lutherano-

175 2687 246 2717 rum
262 2681 332 2717 olim
346 2679 604 2717 quei~cla.quando
612 2681 808 2717 defectionem
821 2679 860 2707 ab
873 2681 1000 2709 Ecclesia

179 2715 396 2752 moliebantur;
410 2715 512 2752 iniqua
529 2723 661 2752 prorsus,
684 2715 824 2749 mendax,
847 2717 998 2744 etcalum-

180 2750 267 2778 niosa
280 2751 445 2787 utrobique.
458 2750 547 2779 Sravv".

215 2787 272 2822 (28)
289 2786 338 2814 llic
361 2786 424 2815 erat.
445 2787 513 2815 ﬁnis
542 2789 683 2815 tractatus
700 2786 842 2814 adversus
867 2787 994 2821 Graecos,

1066 242 1205 269 Carolum
1216 242 1254 269 de
1268 242 1384 269 Gallicis
1404 242 1541 278 partibus
1563 250 1699 273 evocare.
1725 242 1795 269 etin
1812 240 1935 268 Italia

1066 287 1277 322 imperatorem
1292 287 1480 321 constituere,
1492 290 1520 314 et
1530 287 1666 314 Ecclesiae
1691 286 1916 314 defensorem
1926 306 1934 310 .

1068 332 1178 358 Etenim
1201 334 1265 358 erat
1275 331 1322 359 ille
1343 332 1410 364 Leo,
1432 334 1464 359 ut
1489 331 1605 366 legitur.
1630 331 1717 359 valde
1738 331 1935 366 voluptuo—

1068 385 1128 404 sus.
1141 379 1169 403 et
1181 376 1248 403 ideo
1262 377 1293 404 in
1305 376 1447 410 regimine
1463 376 1579 411 imperii
1606 376 1652 403 sui
1678 375 1768 404 valde
1792 374 1934 403 remis-

1068 429 1128 448 sus.
1147 420 1227 448 Unde
1243 429 1297 448 suo
1322 424 1456 456 tempore
1483 421 1620 448 Saraceni
1651 420 1782 456 Syriam,
1812 420 1932 447 Turci

1068 472 1137 492 vero
1164 464 1387 500 Cappadociam
1413 465 1616 498 obtinuerunt,
1637 467 1666 492 et
1680 465 1722 492 sic
1745 464 1830 492 facta
1871 465 1934 490 est

1068 509 1174 536 divisio
1189 509 1307 545 imperii
1321 509 1458 537 Romani.

1105 553 1242 581 Secunda
1259 554 1378 581 occasio
1391 553 1544 581 divisionis
1555 553 1619 586 fuit,
1645 554 1717 589 quia
1743 561 1808 581 non
1835 555 1930 580 tue-

1069 597 1242 625 runtvoeati
1260 597 1298 625 ad
1316 597 1475 625 concilium
1485 597 1759 632 Ultramontanum,
1770 597 1929 633 quando

1069 642 1117 669 illa
1130 641 1236 671 dictio:
1264 643 1409 678 Filioque,
1429 642 1483 670 fuit
1501 643 1652 678 apposita.
1677 643 1800 675 Verum,
1827 642 1931 678 quia

1070 688 1205 723 superius
1216 694 1337 715 causam
1350 687 1543 721 signavimus,
1561 687 1608 714 hic
1625 687 1826 714 subticemus.

1104 733 1198 760 Tertia
1210 732 1330 760 occasio
1341 732 1402 765 fuit,
1426 740 1519 768 quam
1539 731 1596 768 ipsi
1618 731 1785 767 aliquando
1810 731 1927 759 nobis

1069 777 1099 804 in
1128 777 1265 805 familiari
1285 776 1434 812 colloquio
1451 777 1690 811 assignaverunt,
1709 775 1825 804 scilicet
1858 784 1923 803 su-

1069 821 1164 857 perba
1183 822 1272 849 nimis
1296 822 1412 849 exactio
1434 821 1600 856 legatorum
1624 828 1722 856 papae.
1750 820 1920 848 Dicebant

1035 865 1200 902 Bnamque
1228 867 1284 900 (27)
1316 866 1485 894 referentes.
1517 865 1599 901 quod
1635 865 1762 900 quando
1807 865 1922 900 legati

1069 911 1179 937 summi
1191 910 1337 946 pontiﬁcis
1345 910 1384 937 ab
1395 911 1460 946 ipsa
1471 910 1542 937 sede
1558 909 1725 946 apostolica
1735 910 1918 937 annuatim

1067 955 1355 991 Constantinopolim
1368 955 1498 982 chrisma
1523 954 1708 988 deferebant,
1732 954 1793 981 nisi
1816 957 1917 981 octo-

1066 1000 1149 1033 ginta
1163 999 1255 1027 libras
1269 1001 1333 1027 auri
1348 1007 1365 1027 a
1377 999 1456 1027 clero
1481 1002 1510 1026 ct
1536 999 1619 1026 urbis
1635 998 1760 1034 populo,
1785 1001 1917 1034 praeter

1065 1044 1123 1072 alia
1141 1044 1222 1072 dona
1237 1047 1264 1072 et
1292 1043 1472 1071 munuscula
1493 1044 1606 1071 eisdem
1635 1043 1913 1079 impenderentur,

1065 1096 1121 1115 non
1136 1089 1324 1116 recedebant.
1339 1090 1433 1116 Taceo
1444 1095 1510 1122 age,
1526 1087 1657 1118 aiebant.
1671 1088 1708 1115 de
1724 1095 1855 1123 pompa,
1878 1091 1914 1115 et

1064 1133 1217 1168 superbia,
1228 1140 1320 1169 quam
1343 1133 1399 1168 ipsi
1413 1132 1623 1160 Ostendebant.

1099 1178 1209 1208 Quarta
1222 1185 1290 1204 vero
1305 1180 1333 1204 et
1345 1177 1513 1212 potissima,
1524 1179 1672 1212 quantum
1697 1176 1736 1204 ad
1766 1176 1906 1204 clerum.

1062 1221 1116 1248 fuit
1128 1221 1274 1256 depositio
1291 1221 1382 1249 Photii
1396 1222 1585 1257 patriarchae,
1600 1224 1626 1249 et
1648 1221 1911 1248 excommunica-

1063 1265 1211 1300 tioipsius,
1232 1270 1260 1293 et
1280 1266 1405 1294 aliorum
1414 1266 1616 1301 prrelatorum,
1641 1269 1668 1293 et
1683 1265 1906 1301 quorumdam

1061 1310 1216 1337 abbatum.
1235 1310 1289 1338 Sed
1306 1311 1456 1346 numquid
1471 1311 1536 1338 hiec
1550 1310 1701 1337 sufﬁciunt
1712 1309 1750 1337 ad
1767 1318 1906 1337 excusa-

1062 1355 1173 1382 tionem
1186 1355 1258 1382 tanti
1274 1355 1453 1387 schismatis,
1471 1358 1498 1382 et
1513 1354 1711 1390 perditionem
1725 1355 1906 1382 totanima-

1061 1406 1126 1426 rum
1139 1399 1151 1425 ‘2
1163 1399 1280 1426 Minime
1309 1399 1364 1427 Sed
1375 1411 1388 1423 ‹‹
1405 1399 1594 1426 occasionem
1610 1407 1664 1434 pro
1678 1399 1755 1426 facto
1770 1399 1902 1434 qumrit,

1060 1443 1185 1479 quivult
1200 1444 1338 1471 recedere
1369 1444 1407 1471 ab
1427 1445 1534 1471 amico.
1548 1455 1558 1467 »
1575 1443 1631 1470 Sed
1656 1443 1729 1479 quid
1755 1444 1902 1479 sequitur

1060 1487 1088 1514 iu
1101 1489 1275 1516 auctoritate
1285 1489 1298 1516 ?
1310 1488 1397 1515 0mm“
1406 1492 1546 1522 tempore,
1558 1488 1654 1524 inquit
1663 1487 1819 1522 Salomon,
1836 1489 1900 1516 erit

1025 1535 1045 1562 C
1059 1533 1251 1560 exsecrabilis
1264 1533 1297 1564 ⁸⁸,
1314 1533 1343 1559 id
1357 1536 1410 1565 est,
1431 1532 1571 1560 vitandus
1596 1532 1635 1559 ab
1658 1532 1814 1565 omnibus,
1843 1539 1899 1560 ae—

1061 1581 1179 1612 spectus
1208 1580 1237 1604 et
1266 1577 1355 1611 vilis;
1382 1577 1465 1614 quod
1487 1585 1618 1613 prtesens
1639 1576 1703 1604 dies
1731 1577 1849 1605 indicat
1865 1578 1898 1605 in

1060 1621 1191 1648 ecclesiis
1221 1623 1399 1649 Graecorum.
1440 1623 1513 1649 Nam
1538 1622 1762 1649 incarccrantur
1783 1629 1896 1649 eorum

1060 1666 1156 1692 clerici
1169 1669 1197 1692 et
1211 1667 1363 1698 monachi,
1380 1666 1455 1694 sicut
1474 1667 1570 1694 ueteri
1587 1666 1697 1698 rustici,
1722 1668 1750 1693 et
1760 1666 1896 1701 popula—

1059 1718 1105 1737 res
1123 1712 1291 1738 exactiones
1303 1714 1329 1739 et
1343 1711 1471 1747 pedagia
1494 1711 1571 1738 ﬁunt
1596 1718 1686 1746 super
1707 1718 1770 1743 eos,
1784 1718 1894 1746 quem-

1059 1755 1223 1782 admodum
1237 1764 1326 1792 snper
1346 1757 1450 1784 laicos.
1482 1758 1511 1783 ut
1538 1763 1641 1783 verum
1673 1755 1720 1787 sit,
1738 1755 1823 1791 quod
1837 1763 1894 1791 per

1059 1800 1237 1834 prophetam
1252 1800 1393 1836 scriptum
1404 1803 1467 1827 est:
1484 1800 1567 1828 Sicut
1578 1801 1718 1834 populus,
1734 1800 1777 1826 sic
1790 1807 1893 1827 sacer-

1058 1844 1110 1870 dos
1126 1845 1159 1870 ³³.
1176 1844 1326 1872 Translata
1339 1848 1382 1871 est
1392 1844 1504 1880 quippe
1514 1844 1608 1879 gloria
1623 1844 1662 1872 ab
1679 1844 1721 1871 eis
1745 1843 1892 1871 sacerdo-

1060 1888 1136 1923 talis,
1148 1889 1276 1923 dignitas
1288 1895 1315 1917 et
1333 1889 1535 1917 ecclesiastica
1563 1889 1683 1916 libertas
1699 1889 1728 1916 in
1754 1891 1892 1916 contem—

1058 1935 1141 1968 ptum
1159 1934 1288 1962 redacta.
1307 1937 1379 1962 Nam
1407 1942 1475 1969 quas
1501 1934 1564 1961 vult
1586 1934 1659 1969 ipse,
1683 1934 1736 1970 qui
1757 1933 1892 1969 imperat

1057 1978 1217 2020 instituere,
1231 1979 1371 2011 instituit;
1397 1983 1526 2014 etquem
1543 1978 1606 2006 vult
1617 1978 1779 2014 deponere,
1803 1978 1886 2005 simi-

1056 2022 1121 2056 liter
1135 2023 1266 2058 deponit.
1280 2025 1311 2051 Et
1325 2023 1440 2051 merito.
1455 2023 1490 2050 Ut
1509 2023 1561 2058 qui
1588 2023 1713 2050 subesse
1746 2023 1889 2050 Ecclesia!

1057 2068 1198 2093 ltomame
1215 2068 1387 2103 etpersonis
1403 2067 1612 2095 ecclesiasticis
1627 2070 1887 2102 contempserunt,

1057 2111 1232 2146 subjaceant
1247 2121 1325 2139 nunc
1342 2113 1424 2140 laicis
1437 2111 1622 2147 principibus
1649 2114 1694 2138 vel
1722 2112 1817 2140 inviti.
1836 2113 1887 2140 Re-

1056 2159 1240 2188 cognoscant
1262 2156 1433 2184 distantiam
1460 2156 1620 2185 servitutis.
1639 2159 1666 2183 et
1689 2156 1885 2185 dominorum

1017 2207 1040 2234 ι)
1057 2199 1138 2226 orbis
1162 2203 1305 2228 terrarum
1336 2205 1364 2228 et
1397 2203 1617 2233 convertantur,
1641 2204 1669 2228 et
1703 2200 1835 2229 clament
1846 2201 1885 2229 ad

1059 2246 1227 2276 Hominum,
1240 2250 1267 2272 et
1278 2253 1429 2272 summum
1441 2245 1624 2280 pontiﬁcem,
1636 2248 1662 2272 et
1673 2245 1777 2272 liberet
1788 2253 1850 2273 eos.

1095 2291 1158 2316 Haec
1170 2293 1268 2316 autem
1278 2290 1387 2325 scripta
1400 2293 1468 2317 sunt
1479 2298 1558 2317 anno
1573 2289 1687 2317 Domini
1712 2289 1883 2323 millesimo,

1057 2333 1263 2361 ducetdesimo
1277 2325 1528 2370 quinquaéesimo
1544 2334 1677 2361 secundo
1707 2342 1735 2361 in
1764 2334 1883 2362 civitate

1058 2378 1338 2414 Constantinopolis,
1365 2387 1382 2405 ει
1407 2379 1548 2406 fratribus
1575 2378 1883 2413 Priedicatoribus,ad

1057 2422 1284 2450 aedificationem
1303 2424 1445 2452 Ecclesiae.
1461 2426 1487 2450 ct
1508 2418 1674 2458 profectum
1699 2424 1880 2456 animarum,

1058 2467 1094 2494 ad
1110 2467 1229 2494 laudem
1246 2470 1273 2494 et
1299 2467 1422 2502 gloriam
1448 2467 1552 2501 Patris,
1567 2469 1594 2494 et
1608 2467 1676 2502 Filii,
1705 2469 1733 2494 et
1756 2467 1881 2504 Spiritus

1057 2512 1162 2540 sancti.
1178 2515 1270 2538 Amen
1287 2514 1352 2545 (28).

1055 2654 1144 2681 quem
1156 2648 1391 2680 composuerunt.
1408 2646 1510 2673 fratres
1535 2645 1730 2673 Dominicani.
1748 2646 1820 2678 Ome
1835 2654 1878 2674 se-

1054 2684 1187 2718 quuntur
1204 2684 1272 2708 sunt
1301 2681 1422 2710 alterius
1442 2681 1741 2718 auctot'is,rHugonjs
1768 2689 1876 2718 nempe

1052 2717 1240 2748 (Et/teriam,
1259 2717 1311 2752 qui
1324 2717 1484 2752 scripserat
1507 2724 1555 2744 an.
1588 2717 1666 2745 1170,
1696 2716 1724 2744 Id
1749 2716 1875 2752 patetex

1051 2751 1127 2814 ipsof
1147 2752 1230 2814 tli‘tulo
1247 2761 1252 2779 :
1270 2751 1346 2786 ’Quw
1370 2751 1498 2781 admisla
1519 2753 1686 2787 praedictis.
1713 2751 1783 2780 Vide
1810 2752 1873 2781 obs.

1051 2795 1133 2814 ωδε.
1172 2795 1237 2814 ASN.

1051 2795 1133 2822 pNEI.
1153 2795 1224 2815 UASN
1231 2809 1237 2814 .
