1944 3084
24 149 62 174 5H

183 210 330 243 Quaedam
349 210 480 238 admixta
491 209 656 244 praedictis.

50 262 121 291 Sicut
128 262 158 290 in
174 263 328 299 prooemio
341 263 431 298 hujus
447 262 584 299 opusculi
600 262 696 290 testati
721 271 836 293 sumus,

23 309 177 335 ﬁriecorum
193 307 329 335 Ecclesia.
343 308 507 343 doctorque
522 307 593 335 olim
610 315 664 334 sua
682 310 837 335 venustate

22 360 100 387 quam
110 351 262 387 plurimos
277 352 315 379 ad
331 352 554 380 aemulationem
569 351 638 378 ﬁdei
653 351 838 387 provocabat

23 400 44 423 et
56 403 179 427 morum,
191 397 236 424 ita
253 399 284 424 et
298 403 378 424 nunc
393 396 500 424 erroris
511 396 639 430 caligine
651 395 837 429 obfuscatus,

22 441 90 476 quod
101 440 262 468 horrorem
272 449 326 468 sua
334 440 466 468 foeditate
477 440 690 476 aspicientibus
703 440 837 473 incutiat,

23 489 47 512 ut
53 485 109 520 jam
117 492 179 512 non
190 485 327 513 Ecclesia
338 485 482 518 ﬁdelium,
496 484 549 512 sed
561 485 660 521 potius
677 492 838 519 congrega-

24 530 54 556 tio
67 537 121 556 non
132 529 290 557 immerito
300 529 567 558 haeresiarcharum
574 529 667 565 possit
682 528 837 565 appellari.

22 573 102 606 Quod.
113 573 181 601 licet
189 574 260 608 jam
272 576 404 610 quatuor
413 573 499 601 dictis
514 573 645 601 articulis
655 573 839 600 demonstre-

22 622 67 650 tur,
77 620 173 645 tamen
185 617 292 645 adhuc
306 618 336 645 in
353 618 409 651 his,
425 626 493 654 quae
506 618 642 653 subjecta
654 620 722 644 sunt
741 620 839 644 osten-

22 662 96 689 ditur.
112 662 183 694 Quae
199 670 239 689 ex
251 662 339 690 dictis
348 663 500 697 magistris
514 662 649 696 Hugonis
660 661 840 689 zElheriani

21 713 101 741 nuper
120 709 271 739 extracta,
291 706 361 734 huic
389 707 473 743 operi
498 707 641 734 duximus
667 705 838 733 inserenda.

22 750 110 778 Dicunt
124 750 218 784 enim,
235 753 266 778 et
275 751 412 778 scribunt
425 750 463 778 de
475 749 584 778 Latinis
595 750 652 777 sic:

852 216 875 241 A

139 812 260 840 Contra
273 813 440 840 Romanum
459 813 615 848 poniﬁcem
628 812 696 848 (29).

48 866 193 893 Romanus
204 865 353 901 Pontifex,
364 869 393 894 et
412 874 518 894 omnes
531 865 663 902 partium
673 865 839 893 occidenta—

22 909 79 937 lium
102 910 276 945 Christiani,
301 910 470 938 sacerdotes
490 913 519 939 et
538 910 606 939 laici
630 913 738 946 printer
756 909 839 938 Cala-

22 954 87 987 bros,
98 957 165 982 ante
181 955 284 982 multa
297 957 435 991 tempora
447 958 530 983 extra
549 955 729 982 catholicam
745 953 828 982 Eccle

25 998 85 1026 siam
95 1003 305 1035 pervagantur
313 999 567 1034 evangelistarum
577 999 841 1036 etapostolicarum

854 891 876 918 Β

28 1042 206 1071 traditionum
231 1044 343 1079 ignari,
359 1047 387 1072 et
402 1052 420 1072 a
434 1044 493 1072 ﬁde
508 1043 608 1073 alieni.
625 1045 700 1072 Nam
719 1044 840 1071 Theoto-

27 1087 73 1114 uici
95 1088 150 1123 (30)
165 1096 184 1116 a
197 1088 309 1117 ritibus
324 1089 458 1125 gentium
474 1097 583 1125 parum
611 1088 794 1122 discordant,
810 1087 841 1115 in

26 1132 100 1159 Deum
125 1132 224 1168 impii;
259 1133 312 1160 sed
346 1133 473 1165 Calabri,
497 1135 524 1160 et
551 1132 648 1160 caeteri
671 1131 840 1165 orthodoxi,

25 1176 85 1204 sicut
97 1178 276 1213 antiquitus,
287 1179 315 1205 et
327 1177 512 1213 apostolicae,
528 1180 557 1205 et
571 1176 706 1205 Ecclesiae
731 1179 840 1204 nOStras

26 1220 194 1256 alumniejus
205 1221 346 1249 moribus
361 1221 513 1249 informati
524 1225 603 1249 sunt.
613 1220 716 1249 Crateri
735 1227 841 1248 omnes

26 1264 192 1298 exciderunt,
207 1266 322 1302 impios
334 1274 352 1294 a
372 1273 497 1302 corpore
508 1265 644 1294 Ecclesiae
665 1272 725 1292 non
742 1264 840 1292 solum

27 1316 107 1336 mores
117 1309 191 1337 alios
203 1313 233 1338 et
250 1311 371 1344 ignotos
382 1309 605 1346 amplectentes,
622 1317 725 1337 verum
741 1309 840 1344 ipsam

27 1351 178 1381 Trinitatem
205 1357 347 1382 sanctam
368 1354 626 1390 blasphemantes.
653 1353 766 1381 Etenim
785 1360 841 1380 sua

31 1398 274 1434 concinnantes,et
288 1399 393 1427 alienis
405 1399 604 1431 adhmrentes,
618 1406 716 1434 neque
731 1397 840 1425 divinis

30 1442 166 1477 Scripturis
178 1443 433 1478 redarguentibus
458 1443 578 1471 illorum
589 1451 713 1473 errores,
742 1449 840 1478 neque

33 1485 84 1515 illis.
94 1488 141 1524 qui
153 1496 206 1516 eos
221 1489 380 1521 miserunt,
405 1488 507 1516 volunt
519 1495 634 1516 morem
650 1495 762 1522 gerere.

57 1532 138 1567 Magis
149 1537 273 1561 sanctos
287 1535 385 1561 Patres
397 1536 515 1561 nostros
523 1535 551 1560 et
559 1532 708 1564 doctores,
719 1532 760 1559 sic
771 1539 839 1559 sen-

32 1566 207 1609 sisse,7etinde
215 1587 248 1606 se
265 1578 376 1606 habere
391 1577 678 1606 talemtraditionem
693 1576 840 1606 mentiun-
856 1566 875 1592 (ἶ

32 1623 75 1648 tur.
86 1623 154 1650 Nam
165 1623 196 1651 in
208 1626 316 1651 sancto
331 1623 487 1659 Symbolo,
504 1622 588 1658 quod
604 1630 622 1649 a
638 1621 774 1649 Patribus
789 1628 840 1648 no-

32 1666 95 1700 stris,
108 1667 158 1702 qui
177 1667 263 1703 apud
280 1667 407 1696 Nicaeam
436 1668 648 1695 convenerant.
678 1664 841 1693 universali

36 1710 114 1743 prima
122 1713 240 1748 synodo
247 1714 465 1748 consequenter
476 1711 631 1740 manifeste
641 1710 841 1738 sicdeﬁnitum

33 1756 80 1781 Est:
95 1766 108 1778 «
119 1757 148 1783 Et
158 1757 187 1784 in
204 1757 347 1793 Spiritum
359 1759 497 1784 sanctum
528 1755 698 1788 Dominum,
721 1756 750 1782 et
769 1754 840 1782 vivi—

33 1797 163 1833 ﬁcantem,
175 1809 211 1829 ex
223 1801 308 1829 Patre
320 1801 532 1837 procedentem
545 1822 552 1834 ,
564 1811 579 1825 ››
595 1799 648 1827 sed
659 1802 688 1826 et
697 1800 726 1826 in
736 1801 841 1826 sancto

33 1842 172 1877 Evangelio
181 1837 335 1874 evidenter
345 1846 517 1874 clamitante
527 1845 563 1872 de
586 1844 696 1880 Spiritu
719 1845 839 1870 sancto:

34 1886 76 1917 Qui
91 1895 107 1915 α
118 1889 209 1918 Patre
222 1890 364 1925 procedil,
382 1898 474 1926 supra
492 1889 638 1917 nominati
658 1888 710 1915 viri
721 1887 842 1916 addide-

33 1933 139 1960 ruutzEl
149 1942 186 1962 ex
200 1935 290 1967 Filio,
306 1934 457 1967 fallaciter,
470 1937 499 1961 et
511 1933 551 1961 ad
560 1941 649 1960 suum
662 1932 840 1968 periculum.

32 1974 229 2012 Verumtamen,
256 1982 288 2007 ut
300 1979 407 2015 opinor
418 1986 471 2014 per
483 1977 654 2012 angustiam
665 1985 726 2004 sua:
733 1976 843 2011 lingua

32 2018 95 2046 idem
106 2029 167 2049 esse
187 2023 321 2051 arbitrati
335 2026 414 2054 sunt.
430 2022 556 2058 Spiritus
571 2029 607 2048 ex
630 2023 711 2048 Patre
724 2028 842 2056 proces-

33 2062 140 2094 sicnem.
149 2070 175 2094 et
187 2075 314 2095 causam
325 2075 393 2103 quae
404 2075 456 2103 per
468 2066 575 2094 Filium
589 2066 636 2099 sit,
653 2065 691 2093 ad
701 2073 756 2093 nos
771 2065 842 2092 mis-

35 2106 128 2136 sionem
150 2110 279 2139 barbare
296 2115 324 2139 et
341 2111 586 2140 inconvenienter
620 2109 838 2138 intellexerunt.

62 2153 107 2180 Pro
121 2155 295 2184 fermentata
307 2164 414 2192 azyma
432 2156 571 2187 offerunt,
584 2157 612 2182 et
621 2154 843 2182 calumniantur

37 2200 152 2226 Sanctum
169 2200 298 2233 Petrum,
323 2205 350 2229 et
365 2204 484 2228 sanctOs
496 2201 593 2227 Patres
604 2201 754 2226 Romanos
765 2206 840 2234 pon-

38 2240 112 2268 lilices
123 2248 258 2273 auctores
272 2246 397 2273 eXStisse
426 2245 492 2272 talis
503 2244 678 2272 traditionis.
857 2241 877 2268 ι)

67 2286 225 2317 Sacerdotes
242 2290 389 2326 principes
404 2297 472 2317 cum
488 2289 572 2316 laicis
591 2288 629 2316 ad
649 2287 727 2316 bella
745 2287 839 2323 profi—

39 2327 166 2360 ciscuntur
175 2335 290 2366 armati,
317 2337 344 2362 et
355 2334 384 2362 in
396 2334 458 2361 acie
474 2333 586 2360 bellant
598 2335 666 2360 ante
683 2332 757 2359 alios
773 2339 839 2367 gra-

40 2372 135 2403 dientes
150 2399 156 2404 .
193 2379 335 2414 Jejunant
363 2379 392 2406 in
421 2378 571 2408 Sabbatis;
589 2378 652 2405 etsi
676 2377 750 2404 festa
775 2376 839 2404 dies

39 2415 177 2460 {Vativitatis
187 2425 232 2456 sit,
240 2424 285 2451 vel
296 2424 480 2460 Epiphaniae.
492 2430 551 2450 non
563 2421 838 2457 solvuutjejunium

41 2459 222 2496 sePlimauam
232 2468 331 2495 edulio
340 2459 418 2495 casei
432 2467 562 2494 dicatum
570 2474 629 2494 nou
641 2469 838 2499 agnoscentes

39 2511 124 2535 carnes
136 2511 303 2540 comedunt.
321 2511 459 2540 Secunda
469 2511 517 2539 die
528 2511 607 2538 Jovis
621 2519 689 2542 ova,
703 2517 836 2544 caseum,

41 2549 108 2579 etlac
134 2557 354 2590 manducaut,a
374 2556 485 2593 quibus
513 2555 647 2588 minime,
659 2563 712 2591 per
742 2557 836 2583 totam

67 2613 87 2629 “
96 2617 150 2645 Act.
163 2626 207 2653 xv,
218 2619 263 2652 28,
274 2621 318 2647 29.

57 2692 300 2736 ερθδφῒᾶηάυω,
330 2700 359 2727 in
371 2699 428 2727 hoc
453 2699 588 2735 sequenti
612 2698 759 2736 opusculo
773 2698 837 2736 plu—

44 2733 104 2769 rima
114 2731 164 2769 dici
187 2743 223 2762 ex
248 2731 401 2763 auditione
418 2738 446 2763 et
470 2731 591 2762 rumore
617 2731 699 2769 v'ulgi
723 2731 838 2769 ignobi—
862 2741 869 2747 ν

44 2759 119 2804 lis_et
145 2759 401 2804 ignii'ii.ii}iﬁ',"2£
420 2759 706 2798 Βάῖὅ-ἑὶἷηῆἷὰῖὲ
723 2759 838 2798 satis;

46 2798 67 2823 δη
77 2798 273 2834 Βοηῖηὼω.
288 2798 485 2835 Novatoribus
498 2805 643 2842 pleraque
655 2805 754 2841 potius
767 2813 837 2834 con-

711 147 846 175 CONTRA
867 147 1025 176 GRAECOS.

1663 152 1714 179 542

890 210 1155 246 quadragesimam
1166 218 1238 238 suos
1245 218 1356 246 pueros
1371 211 1538 247 prohibent.
1551 223 1564 237 »
1572 213 1713 241 Historias

892 257 1066 282 sanctorum
1080 257 1184 290 printer
1194 255 1368 290 passionem
1392 255 1506 291 Christi,
1519 256 1549 284 in
1579 257 1715 285 Ecclesiis

892 299 953 325 suis
969 307 1031 326 non
1055 299 1224 334 designant.
1236 309 1250 323 »
1268 301 1299 327 Et
1326 300 1422 336 ipsam
1433 308 1494 328 non
1518 300 1646 336 pictura,
1663 301 1716 329 sed

892 351 983 378 opere
995 343 1145 379 plumario
1156 344 1187 371 in
1206 343 1398 372 similitudine
1420 345 1613 380 sculptilium,
1633 347 1662 373 et
1685 345 1716 373 in

892 390 969 414 terra
984 387 1124 415 similium
1137 387 1296 424 [ﬁctilium]
1311 388 1432 416 faciunt.
1447 388 1477 416 ln
1489 392 1592 417 sancta
1605 389 1718 425 templa

892 431 1091 466 ingredientes
1103 440 1194 468 super
1214 432 1386 468 pavimenta
1394 433 1507 461 cadunt
1519 434 1549 461 in
1560 433 1677 465 faciem,
1688 435 1718 461 et

892 476 991 512 primo
1006 479 1174 504 susurrant.
1197 476 1308 505 Deinde
1332 485 1451 505 crucem
1473 485 1535 505 uno
1555 477 1649 512 digito
1672 478 1716 505 in-

894 523 1050 555 surgentes
1060 521 1243 554 osculantur,
1256 524 1284 549 et
1297 521 1377 549 hanc
1389 522 1556 550 orationem
1572 529 1716 550 consum-

893 567 1011 592 mantes
1028 567 1165 599 surgunt,
1176 568 1205 593 et
1219 573 1320 593 sacras
1331 566 1478 600 imagines
1488 568 1618 594 renuunt
1629 573 1714 594 oscu-

893 608 957 637 lari.
984 610 1123 637 Sanctam
1149 610 1197 637 Dei
1221 610 1409 641 Geuitricem.
1437 611 1559 638 Matrem
1599 610 1716 638 Domini

893 655 985 681 nostri
1018 654 1086 681 Jesu
1112 655 1226 684 Christi.
1244 657 1359 682 tantum
1375 658 1509 683 sanctam
1521 655 1652 683 Mariam
1669 662 1717 682 vo-

893 702 971 725 cant.
989 700 1079 726 Secus
1094 698 1186 726 altare
1201 698 1394 727 ecclesiarum
1423 699 1566 736 qualibet
1590 699 1716 734 accedit,

893 741 1101 778 cujuscunque
1117 743 1154 770 sit
1168 743 1437 777 sexus,aatatis,vel
1464 743 1591 770 ordinis.
1625 744 1659 770 Et
1685 742 1717 770 in

894 785 1082 814 solemnitate
1097 786 1260 815 missarum
1267 787 1406 815 mulieres
1417 787 1518 815 sedere
1540 789 1675 823 possunt,
1692 786 1716 814 si

893 830 994 863 velint,
1009 831 1039 858 in
1055 831 1126 859 sede
1139 832 1341 860 sacerdotum.
1355 832 1402 860 Sic
1414 832 1511 860 sciunt
1535 832 1716 866 distinguere

894 875 969 903 inter
982 883 1068 903 sacra
1082 879 1110 903 et
1125 876 1268 911 profana!
1285 877 1447 905 comedunt
1459 877 1614 910 suffocata,
1628 879 1718 912 capta

894 927 913 946 θ.
938 919 1052 952 bestiis,
1080 920 1238 948 morticina
1266 921 1457 955 sanguinem,
1485 929 1582 956 ursos,
1612 920 1715 955 libros,

895 971 972 999 quos
982 966 1092 992 vocant
1101 965 1492 1001 castores.ericios,quaeque
1505 965 1551 992 his
1562 965 1718 1001 spurciora

895 1010 999 1036 contra
1014 1008 1212 1044 apostolicum
1225 1009 1378 1037 decretum
1391 1017 1397 1036 :
1409 1009 1486 1037 sicut
1498 1009 1594 1037 Lucas
1605 1009 1634 1036 in
1646 1016 1718 1044 apo-

897 1053 1042 1080 stolorum
1052 1052 1177 1080 historia
1184 1053 1272 1081 refert
1281 1053 1327 1081 his
1338 1053 1453 1081 verbis:
1464 1054 1563 1081 Visum
1573 1056 1616 1082 est
1639 1053 1717 1081 enim

896 1098 1023 1132 Spiritui
1030 1101 1174 1130 sancl0,et
1187 1099 1363 1130 nobismiliil
1372 1098 1454 1127 ultra
1463 1099 1614 1134 imponere
1625 1098 1716 1133 vobis,

895 1149 986 1177 quam
1002 1143 1063 1170 haec
1077 1145 1255 1175 necessaria,
1269 1146 1302 1171 ul
1314 1143 1486 1171 abstineam
1499 1151 1548 1171 vos
1562 1143 1600 1171 ab
1614 1143 1718 1171 immo-

897 1187 966 1214 latis
985 1187 1227 1221 simulacrorum,
1242 1191 1269 1216 el
1285 1188 1442 1223 sanguine,
1472 1191 1502 1216 et
1520 1188 1675 1223 sti/focam,
1690 1190 1719 1216 et

893 1231 1096 1265 fornicatione
1113 1233 1147 1259 ³⁸.

933 1276 1281 1312 Sacerdotesetepiscopi
1293 1276 1493 1305 sacerdotales
1505 1277 1607 1310 stolas,
1618 1276 1649 1304 id
1662 1278 1716 1310 est,

895 1320 999 1348 casula
1013 1328 1074 1348 non
1087 1320 1125 1348 de
1143 1320 1222 1353 lana,
1239 1320 1292 1348 sed
1302 1321 1339 1348 de
1363 1321 1464 1349 sericis
1489 1324 1595 1349 netura
1619 1322 1718 1348 conte-

894 1368 997 1393 xentes
1013 1366 1055 1393 eis
1073 1367 1258 1401 operiuntur.
1275 1366 1433 1394 diuturnas
1445 1367 1503 1403 (3t)
1532 1366 1615 1402 ipsas
1641 1373 1716 1402 prie-

895 1412 1046 1446 parantes;
1063 1418 1130 1438 cum
1145 1410 1321 1446 hujusmodi
1334 1411 1420 1443 stola,
1433 1411 1463 1438 id
1479 1413 1532 1444 est,
1558 1410 1660 1438 casula
1669 1409 1717 1437 vel

894 1454 1014 1489 planeta
1021 1454 1124 1482 Christi
1131 1454 1267 1482 habitum
1281 1457 1506 1491 repraesentant,
1515 1454 1716 1482 sivehabitum

893 1505 986 1534 quem
1001 1498 1115 1531 habuit,
1129 1503 1252 1535 quando
1273 1501 1379 1526 exutus
1393 1499 1449 1527 fuit
1463 1499 1658 1533 vestimentis,
1685 1499 1716 1526 in

893 1542 984 1570 dutus
993 1546 1038 1571 est
1047 1543 1207 1579 chlamyde
1214 1544 1363 1576 coccinea.
1374 1552 1443 1580 quas
1453 1544 1490 1572 de
1498 1543 1569 1572 lana
1579 1546 1718 1572 contexta

894 1589 1040 1623 erat,qua
1061 1595 1117 1615 nos
1144 1588 1255 1615 utimur
1281 1588 1539 1623 Quadragesimali
1570 1590 1714 1623 tempore.

895 1632 926 1658 in
941 1631 1046 1659 alienis
1059 1639 1131 1659 vero
1145 1631 1369 1660 diebusutimur
1387 1632 1476 1665 albis.
1491 1640 1528 1660 eo
1539 1631 1621 1668 quod
1638 1631 1717 1659 Chri-

895 1678 957 1703 stus
970 1683 1068 1710 agnus
1088 1676 1262 1704 immolatus
1276 1677 1401 1704 dicatur.
1415 1678 1448 1704 Et
1474 1677 1542 1704 ideo
1570 1684 1606 1704 ex
1630 1676 1717 1704 vesti-

894 1720 1002 1747 mentis
1017 1720 1120 1748 ovium
1141 1720 1229 1748 nobis
1243 1721 1346 1749 casula
1366 1729 1584 1757 prmparamus.
1619 1720 1652 1748 In
1681 1720 1717 1748 si-

894 1770 988 1798 gnum
995 1764 1246 1793 sanctreEcclesiie
1252 1765 1494 1801 desponsationis
1502 1764 1630 1793 annulos
1650 1772 1718 1800 por-

895 1811 968 1842 tant,
994 1812 1023 1836 et
1035 1809 1233 1843 chirothecas,
1250 1810 1281 1838 in
1293 1810 1400 1838 dextra
1426 1810 1551 1846 quidem
1566 1809 1716 1837 scribunt:

894 1854 1015 1880 Domini
1027 1853 1146 1886 dextra,
1162 1854 1193 1882 in
1201 1854 1318 1882 sinistra
1331 1863 1412 1882 vero:
1425 1856 1530 1890 Agnus
1543 1855 1602 1883 Dei.
1617 1855 1718 1882 Sacer-

895 1897 981 1925 dotes
987 1898 1191 1926 eorumsolum
1199 1898 1228 1926 in
1235 1906 1315 1935 aqua
1327 1899 1488 1935 baptizant,
1501 1901 1530 1926 et
1541 1898 1673 1926 salemin
1681 1905 1717 1925 os

896 1941 1043 1969 mittentes
1049 1942 1431 1979 baptizandi;baptizandos
1437 1945 1600 1979 postquam
1606 1944 1719 1978 spuunt

894 1986 925 2013 in
936 1986 1056 2014 sinistra
1064 1995 1157 2014 manu
1171 1987 1308 2015 etdextra
1318 1988 1476 2015 miscentes
1485 1987 1623 2015 salivam.
1633 1987 1718 2014 inun-

895 2034 980 2065 gunt.
988 2033 1150 2066 Postquam
1159 2031 1197 2058 ad
1204 2034 1320 2059 aetatem
1328 2029 1668 2067 pervenerunt,peccatis
1677 2029 1717 2057 ob

893 2075 1001 2102 noxios
1016 2075 1082 2102 olco
1092 2076 1299 2111 perunguntin
1305 2076 1513 2104 remissionem
1526 2076 1718 2110 peccatorum

893 2123 922 2147 et
936 2119 982 2147 bis
992 2120 1136 2155 baptizari
1148 2119 1296 2147 videntur.
1310 2119 1400 2147 lidem
1425 2119 1596 2147 sacerdotes
1627 2124 1717 2152 quas-

893 2164 964 2192 dam
992 2165 1185 2200 purgationes
1197 2164 1310 2192 faciunt
1320 2165 1438 2199 jugiter,
1455 2167 1483 2191 et
1497 2162 1716 2199 aspersionem,

893 2210 1004 2246 quibus
1028 2209 1188 2243 alligantur
1213 2209 1369 2245 culparum
1397 2208 1530 2236 Judaicis
1558 2207 1717 2235 servientes

893 2254 1154 2290 ritibuszquinque
1170 2254 1269 2289 digitis
1296 2253 1451 2290 quomodo
1482 2253 1574 2290 aliqui
1593 2251 1718 2280 benedi-

893 2302 976 2333 cunt,
987 2304 1015 2327 et
1028 2307 1096 2327 cum
1111 2299 1215 2335 pollice
1227 2299 1334 2326 faciem
1351 2298 1480 2332 signant,
1496 2301 1643 2333 tanquam
1658 2298 1716 2325 Mo-

894 2344 1053 2372 nothelitae.
1072 2345 1144 2371 Cum
1164 2343 1253 2378 igitur
1277 2343 1406 2371 debeant
1429 2343 1549 2379 disponi
1577 2341 1661 2376 digiti
1686 2342 1717 2369 in

893 2388 1183 2423 consignationibus,
1192 2387 1273 2424 quod
1281 2396 1333 2424 per
1339 2396 1390 2416 eos
1397 2388 1465 2416 duae
1474 2390 1588 2415 naturai
1605 2386 1717 2421 signifi-

893 2436 1110 2466 ceutur,ettres
1131 2440 1278 2468 personae,
1297 2435 1386 2468 prout
1408 2433 1541 2461 Christus
1565 2434 1715 2459 monstra-

893 2478 940 2510 vit,
951 2477 1075 2513 quando
1090 2477 1120 2504 iu
1129 2476 1239 2504 coelum
1253 2484 1433 2504 ascensurus
1441 2474 1596 2510 discipulis
1619 2473 1716 2501 mani-

890 2525 949 2549 bus
979 2523 1110 2548 elevatus
1133 2521 1328 2549 benedixit.A
1352 2519 1579 2556 Septuagesima
1604 2524 1715 2552 usque-

890 2566 930 2594 ad
940 2565 1057 2594 Pascha
1066 2573 1127 2593 non
1137 2568 1260 2594 cantant
1269 2566 1412 2594 Alleluia.
1425 2564 1648 2592 Afﬁrmantnon
1661 2561 1714 2588 de-

926 2691 1060 2719 veniunt.
1081 2692 1172 2719 STEW.

927 2769 987 2804 (30)
1011 2768 1162 2804 Teutones.

928 2799 952 2835 (3
960 2805 983 2839 ι)
993 2803 1113 2831 Videtur
1127 2802 1210 2830 locus
1221 2799 1396 2829 mendosus.
