1944 3084
211 145 260 173 543

209 206 280 235 bere
291 206 355 234 aliis
365 206 474 241 linguis
489 206 649 235 Dominum
664 207 810 240 venerari,
824 201 881 235 nisi
894 207 957 236 istis
979 208 1031 236 tri-
1050 209 1073 236 A

209 251 277 284 bus,
289 251 398 278 scilicet
424 251 557 285 Hebraea,
579 252 686 287 Graeca,
700 253 727 279 et
767 251 880 280 Latina.
906 254 1034 280 Mortuos

209 294 355 330 sepeliunt
368 295 510 323 manibus
521 304 626 323 eorum
639 303 896 332 nequaquaquam
929 297 1035 325 consti-

210 339 279 367 tutis
302 339 332 366 in
348 340 474 368 modum
490 341 596 376 crucis,
617 341 671 368 sed
683 340 824 369 deorsum
840 341 941 369 missis
957 342 1035 370 circa

209 383 349 412 inferiora
371 385 579 413 instrumenta.

245 429 353 457 Omnia
363 437 430 458 cera
440 430 584 466 oppilant.
599 430 774 458 Sacerdotes
782 432 824 458 ter
832 431 975 467 quaterin
989 431 1037 459 die

209 472 361 501 celebrant
381 481 471 510 super
491 483 550 502 uno
569 475 667 508 altari,
689 475 859 511 ubicunque
870 476 1037 511 contigerit.

213 517 330 545 Utunus
338 519 475 547 sacerdos
482 519 699 555 ter,velquater
708 519 982 555 celebratquaterin
991 520 1038 547 die

213 562 361 591 cumfelix
380 564 427 598 sit,
439 565 489 600 qui
505 572 600 592 unam
611 564 700 600 digne
711 564 805 600 possit
820 566 950 593 cantare.
969 565 1037 593 'l‘ra‘

211 605 287 633 dunt
314 607 390 635 tilias
414 616 483 636 suas
508 609 615 644 nuptui
655 608 836 644 accipientes
869 609 1038 636 consororis

210 649 303 679 ﬁliam
316 651 378 679 ﬁlio
392 660 457 687 suo,
486 655 538 680 aut
565 653 657 683 fratri,
679 655 730 680 aut
751 654 983 688 consanguineo.
1011 655 1039 684 Si

214 694 281 730 quis
292 697 459 724 monachus
470 697 500 725 in
511 697 684 733 episcopum
695 700 914 733 promoveatur,
934 706 1038 725 carnes

210 740 375 768 manducet
386 741 543 778 intrepide.
554 743 586 769 Et
594 742 736 769 monachi
746 750 841 777 parva
851 742 946 769 vexati
971 742 1042 776 regri

210 784 314 812 tudine
343 786 482 814 carnibus
511 789 681 815 vescuntur.
705 786 908 814 Communiter
932 790 1031 815 autem

211 835 315 856 omnes
329 830 510 865 pinguedine
520 831 643 866 porcina
664 833 795 858 utuntur.

246 873 451 902 Venerabitem
462 875 584 911 quidem
606 883 724 902 crucem
749 875 780 902 in
793 875 859 902 aliis
876 875 982 902 diebus
998 875 1027 902 in
1056 889 1075 915 Β

212 917 444 946 ecclesiavident
455 923 482 947 et
497 919 670 951 adorant;in
680 922 782 947 sancta
806 920 1040 954 Quadragesima

211 961 509 995 vetantsindonibus,
530 972 597 991 cum
610 972 671 1000 qua
682 966 709 992 et
729 964 879 991 occultant
894 965 1038 1001 Alleluia.

212 1007 244 1034 Et
258 1006 289 1034 in
304 1010 407 1035 sancto
421 1017 532 1043 magno
549 1008 680 1037 Sabbato
697 1008 733 1035 de
748 1008 949 1044 penetralibus
968 1009 1038 1036 edu-

214 1053 313 1079 centes
327 1052 437 1088 ipsam,
451 1055 596 1088 tanquam
609 1053 645 1080 de
670 1053 806 1088 sepulcro
832 1055 1038 1087 resurgentem

212 1095 418 1124 demonstrant
433 1098 555 1133 populo;
569 1100 597 1124 et
607 1098 644 1124 de
657 1097 754 1124 subito
767 1105 835 1124 cum
853 1105 965 1131 magno
981 1097 1035 1124 cla-

212 1148 296 1167 more
305 1143 436 1168 cantant:
451 1142 597 1174 Alleluia,
609 1144 637 1168 et
647 1141 808 1172 multoties.
821 1143 847 1168 et
862 1149 916 1177 per
927 1141 1036 1169 multas

213 1184 304 1211 horas
316 1185 525 1218 vociferantur,
535 1185 794 1221 quemadmodum
822 1185 953 1213 Christus
972 1194 1034 1213 sur-

213 1228 296 1255 rexit.
316 1230 388 1256 Cum
409 1230 508 1256 missae
527 1230 714 1257 celebrantur
725 1232 752 1257 et
777 1230 921 1265 mysteria
945 1230 1035 1257 conti-

211 1275 337 1306 ctuntur,
351 1273 483 1309 plerique
503 1274 705 1301 assistentium
732 1274 915 1304 laicorum,si
940 1275 1034 1309 placet

211 1316 474 1352 eis,loquunturet
497 1319 609 1346 sedent.
638 1318 900 1354 Participationem
924 1321 1033 1346 sanctis

211 1362 517 1395 communionis,non
537 1363 669 1390 similiter
683 1365 715 1390 ut
739 1370 794 1390 nos
817 1363 919 1395 Graeci,
945 1363 1032 1398 perﬁ-

212 1405 355 1433 ciuntsed
376 1407 571 1443 dicuntquod
581 1408 634 1443 qui
654 1408 779 1435 missam
803 1407 1034 1435 celebratsacer-

210 1450 431 1484 dos,oscnlatur
438 1452 584 1479 volentem
592 1452 1032 1487 communicare,promotiones

211 1494 421 1530 episcoporum
429 1496 605 1524 etlaicorum
612 1505 672 1523 non
679 1505 732 1532 per
739 1505 827 1523 omne
836 1499 951 1532 tempus
958 1497 1032 1532 perii

211 1540 291 1567 ciunt
300 1540 453 1572 antistites,
465 1542 517 1569 sed
527 1544 645 1570 tantum
656 1543 684 1569 in
696 1550 776 1569 anno
805 1544 958 1577 quater,et
982 1550 1034 1577 per

210 1583 427 1613 observabilem
438 1586 528 1613 diem.
552 1588 626 1614 Nam
637 1594 705 1613 eum
722 1587 792 1613 anni
813 1588 941 1621 quatuor
963 1588 1034 1613 tem<

210 1636 285 1664 pora
296 1631 375 1663 sunt,
394 1631 505 1659 scilicet
524 1640 585 1661 ver.
607 1634 704 1666 testas,
728 1634 901 1661 autumnus,
927 1630 1033 1659 hiems.

210 1672 320 1701 horum
341 1677 511 1710 temporum
532 1676 625 1705 initia,
655 1676 751 1711 primo
768 1683 835 1702 eum
855 1675 910 1709 (3'2)
941 1675 1035 1701 mensi

210 1717 301 1745 Martii
316 1718 435 1752 scilicet,
451 1722 477 1747 et
493 1720 581 1753 Junii,
592 1719 782 1754 Septembris,
800 1722 889 1753 atque
919 1719 1035 1745 Decem-

209 1761 271 1788 bris
292 1762 461 1792 observant.
473 1766 502 1791 tn
517 1764 621 1800 primis
639 1762 883 1790 hebdomadibus
904 1762 1033 1791 clericos.

210 1807 239 1833 et
253 1806 405 1842 diaconos,
428 1809 629 1843 presbyteros,
648 1808 816 1843 episcopos.
837 1810 1034 1841 promovent:

210 1850 290 1878 male
303 1852 470 1885 sentientes,
489 1856 517 1880 ct
538 1852 704 1883 barbarico.
722 1851 885 1878 adventum
914 1852 1036 1886 Spiritus

211 1895 304 1922 sancti
316 1904 375 1923 non
388 1897 553 1923 secundum
563 1896 701 1923 virtutem
715 1895 919 1930 promoveatis
929 1898 956 1922 et
967 1904 1037 1931 pro—

210 1939 282 1966 moti
298 1940 474 1967 arbitrantes
491 1940 672 1967 descendere
690 1949 695 1973 ;
715 1938 766 1966 sed
785 1939 813 1965 in
838 1939 944 1966 diebus
969 1948 1037 1975 qiu-

209 1982 339 2012 i)usdam
356 1986 461 2020 putant
475 1985 555 2011 hunc
571 1984 678 2014 venire,
699 1985 730 2011 ut
759 1983 944 2018 insipientes.
975 1986 1035 2010 Non

209 2028 364 2063 patiuntur
375 2029 543 2056 sacerdotes
558 2029 667 2056 habere
678 2035 809 2057 uxorem.
823 2031 850 2055 et
866 2036 1037 2055 sacramen-

210 2074 308 2101 torum
323 2081 465 2109 peragere
482 2073 636 2108 mysteria.
650 2074 729 2100 Duos
739 2073 842 2099 fratres
856 2073 975 2100 duabus
990 2081 1037 2100 so-

210 2117 328 2145 roribus
356 2117 513 2145 carnaliter
539 2118 673 2154 copulari
700 2117 889 2153 permittunt.
920 2117 1038 2145 ltadunt

209 2162 321 2189 barbas
341 2161 508 2197 presbyteri
525 2170 606 2190 more
630 2171 751 2191 suorum
770 2163 910 2194 militum,
934 2164 1040 2197 rirretei‘

210 2206 406 2241 apostolicam
422 2207 651 2234 institutionem.
667 2209 808 2237 Sanctum
823 2206 1038 2234 tiucharistiam

210 2251 467 2285 negligentissime
483 2254 616 2287 spectant
628 2262 633 2280 ί
646 2261 717 2280 nam
732 2254 768 2281 ad
782 2260 877 2286 (egros
887 2251 1041 2286 prolicien-

211 2298 254 2322 tes
269 2295 331 2322 sine
345 2294 458 2323 lumine
471 2296 568 2332 ipsam
584 2297 721 2324 deferunt
732 2300 759 2325 et
776 2296 924 2324 tribuunt.
942 2297 973 2322 Et
989 2298 1040 2331 qui

211 2342 307 2368 castra
319 2344 494 2377 sequuntur,
515 2342 543 2369 in
555 2342 716 2377 marsupio
734 2343 860 2378 ponunt,
875 2343 902 2367 et
922 2343 1042 2375 portant

209 2385 240 2412 in
259 2385 404 2418 vestibus,
421 2387 450 2413 in
473 2386 575 2422 pileis.
591 2386 692 2414 Clerici
720 2394 824 2413 eorum
849 2387 876 2412 et
891 2385 957 2412 laici
977 2393 1038 2411 non

210 2432 281 2457 sunt
296 2430 441 2463 distincti;
458 2431 549 2458 altare
570 2431 667 2458 velato
680 2430 775 2466 capite
788 2429 948 2457 accedunt.
967 2430 1038 2456 Sun-

210 2475 263 2502 ctis
276 2483 311 2502 ac
333 2475 515 2502 terribilibus
526 2475 599 2502 locis
615 2475 728 2502 nullam
746 2477 796 2503 aut
819 2474 968 2501 modicam
985 2481 1035 2500 cx-

208 2519 311 2547 hibent
326 2520 539 2547 reverentiam.
570 2519 613 2546 Ad
644 2522 762 2555 tempus
788 2527 896 2546 sonum
911 2525 1036 2544 renascu-

210 2564 301 2592 tando
313 2564 341 2591 in
349 2566 435 2591 nocte
445 2563 609 2591 Nativitatis
622 2564 748 2596 Domini,
760 2562 905 2591 Matutiuze
912 2563 1036 2588 cantan-

210 2611 267 2643 tur;
284 2609 398 2637 vesicas
426 2608 546 2643 explodi
571 2609 745 2644 permittunt
767 2609 846 2635 circa
875 2606 978 2639 altare,
1004 2607 1035 2633 ut

208 2654 343 2681 habeant
353 2653 428 2681 risus
440 2653 607 2681 materiam.
630 2655 660 2681 ln
674 2653 780 2681 diebus
795 2650 952 2685 Passionis,
966 2658 1033 2677 cuin

823 2714 846 2730 ²⁹
863 2712 971 2748 Ephes.
989 2722 1014 2748 γ,
1034 2715 1062 2744 4.

1057 2238 1078 2264 Ι)

245 2716 266 2732 ⁵⁷
290 2715 364 2743 Psal.
381 2723 447 2749 LVII,
463 2716 490 2744 4.
529 2716 552 2733 ²⁸
574 2717 659 2743 Prov.
678 2723 723 2746 xx,
740 2715 785 2740 2t.

246 2794 301 2830 (32)
321 2795 413 2823 Locus
428 2795 608 2827 mendosus;
624 2793 698 2822 forte
714 2801 824 2822 eorum.

825 144 1065 173 PANTALEONI’S
1085 143 1227 172 DIACONI
1247 143 1298 172 ΟΡ.

1877 142 1944 169 544

1089 206 1247 235 ambulant
1261 205 1398 234 extinctis
1410 205 1577 233 luminibus
1600 206 1631 233 in
1647 204 1792 237 ecclesiis,
1815 205 1944 232 terrae—

1089 254 1190 279 motus
1206 250 1329 283 faciunt,
1342 250 1439 283 sedes,
1460 249 1588 284 tabulas,
1602 249 1731 286 parietes
1746 248 1944 285 percutiunt

1089 295 1236 324 malleolis
1251 297 1279 323 et
1287 294 1411 330 lagenas
1426 294 1635 329 confringunt;
1652 296 1758 321 etcum
1769 293 1941 321 deberent

1089 340 1212 375 vigilare
1224 339 1254 367 in
1281 338 1478 368 orationibus.
1495 339 1544 367 alii
1559 339 1590 367 in
1615 340 1769 374 stuporem
1795 336 1938 370 mentis,

1091 384 1139 413 alii
1154 384 1184 412 in
1203 383 1297 412 risum
1319 385 1543 417 convertuntur,
1560 384 1588 411 et
1602 382 1660 411 alia
1674 382 1817 419 quaedam
1828 381 1866 409 in
1886 381 1941 416 ip-

1091 429 1132 458 sis
1147 428 1275 457 tenebris
1299 428 1387 463 ﬁunt,
1404 436 1472 464 quae
1493 435 1549 456 nec
1573 428 1637 456 fatu
1654 427 1748 462 digna.
1768 426 1936 462 judicavi.

1091 475 1199 502 Verum
1211 474 1268 501 hac
1283 472 1321 500 de
1336 472 1490 507 grecogiee
1504 472 1560 508 (33)
1571 472 1716 500 laicorum
1731 471 1857 507 lapsum
1874 478 1937 498 ex-

1092 518 1198 555 cerpsi,
1214 519 1247 546 ut
1260 517 1285 545 si
1298 517 1423 553 quando
1438 516 1478 544 ad
1498 524 1586 545 aures
1608 524 1713 544 eorum
1729 515 1935 549 devenerint,

1092 563 1132 592 ad
1147 571 1179 591 se
1193 562 1306 591 reversi
1320 561 1554 590 correctionibus
1568 563 1684 590 vacent.

1244 635 1413 663 Graecorum
1429 635 1516 662 malai
1532 633 1767 662 consuetudines.

1129 699 1297 726 Graecorum
1305 697 1499 725 intolerabilis
1506 695 1934 732 est,redargutio,Vulcanum

1093 741 1249 775 imitando,
1265 741 1317 777 qui
1330 741 1422 769 altero
1437 741 1514 777 pede
1525 741 1650 769 claudus
1664 740 1782 768 dicitur.
1794 742 1933 769 Matrem

1095 794 1183 814 suam
1195 786 1305 814 scilicet
1320 785 1423 813 sedem
1448 785 1520 813 Petri
1537 785 1742 821 apostolorum
1758 785 1931 820 principis,

1094 833 1197 859 contra
1220 830 1332 858 faciens
1364 830 1536 863 contemnit,
1562 831 1590 857 et
1618 829 1797 857 abhonorat.
1828 830 1931 857 Porro

1094 875 1215 903 stultam
1230 874 1297 902 fecit
1310 875 1388 902 Dens
1405 874 1507 902 talium
1523 874 1712 910 sapientiam.
1736 875 1811 901 Nam
1834 873 1932 901 vani-

1094 920 1160 947 tatis
1175 919 1315 955 opinionc
1339 919 1427 955 pleni,
1454 927 1556 954 poma,
1574 920 1606 946 ut
1628 918 1780 952 Tantalus,
1797 918 1932 952 fugacia

1093 964 1262 1000 quaeritant.
1274 964 1311 990 At
1322 971 1393 991 vero
1402 963 1516 991 munda
1526 963 1590 991 vult
1601 962 1710 998 [debet]
1721 970 1786 990 esse
1794 970 1929 993 manus,

1093 1016 1160 1045 qua:
1174 1008 1248 1035 alias
1264 1007 1473 1042 dcbettergere
1486 1008 1600 1035 sordes.
1616 1008 1711 1039 Quare
1725 1006 1852 1042 collyrio
1864 1007 1930 1042 pri-

1092 1061 1176 1080 mum
1184 1053 1332 1087 inungant
1341 1052 1445 1079 oculos
1455 1060 1537 1086 suos,
1547 1051 1711 1079 abstersuri
1720 1051 1827 1079 saltem
1836 1051 1928 1078 dein-

1092 1105 1161 1133 ceps
1175 1096 1384 1133 lippitudinem
1399 1097 1572 1132 aliquando,
1588 1099 1617 1124 et
1630 1096 1756 1124 aliorum
1772 1096 1847 1124 vitia
1864 1104 1926 1123 ne-

1090 1142 1219 1178 quibunt
1231 1142 1400 1169 discernere
1413 1141 1568 1169 subtiliter.
1584 1143 1615 1169 ln
1632 1140 1776 1168 scatebris
1791 1140 1925 1176 quidem

1090 1186 1302 1220 temeritatum,
1310 1187 1341 1213 in
1349 1185 1593 1221 praesumptionis
1604 1185 1719 1217 aculeo,
1730 1185 1759 1212 in
1769 1184 1925 1219 jactantia

1090 1230 1258 1259 amaritiam
1283 1230 1472 1266 proferendo,
1495 1230 1579 1265 quod
1600 1230 1683 1265 prius
1700 1229 1838 1257 auditum
1854 1237 1922 1257 non

1090 1278 1144 1309 est,
1158 1275 1299 1311 Spiritum
1312 1277 1450 1302 sanctum
1463 1274 1573 1302 scilicet
1585 1283 1621 1302 ex
1637 1275 1700 1302 solo
1712 1275 1794 1302 Patre
1809 1282 1921 1310 proce-

1089 1320 1169 1353 dere,
1199 1319 1348 1355 talparum
1376 1319 1630 1355 formicarumque
1654 1318 1808 1346 cuniculos
1834 1318 1921 1347 male

1088 1363 1178 1392 fortes
1189 1366 1408 1392 exstruxerunt.
1424 1363 1563 1391 Dividunt
1576 1363 1694 1399 utrique
1708 1371 1778 1391 cum
1790 1363 1863 1390 Ario
1876 1362 1922 1390 di-

1088 1409 1190 1437 vinam
1210 1408 1422 1437 substantiam.
1439 1410 1514 1436 Nam
1530 1417 1565 1436 ex
1580 1416 1685 1436 eorum
1700 1408 1922 1444 disputatione,

1088 1455 1173 1481 Patre
1188 1453 1287 1481 minor
1307 1453 1476 1480 necessario
1498 1453 1587 1480 Filius
1600 1452 1757 1488 reperitur.
1787 1453 1924 1481 Confun-

1088 1497 1164 1525 dunt
1177 1497 1328 1525 nascentis
1352 1500 1380 1525 et
1404 1497 1594 1533 procedentis
1617 1497 1829 1532 differentiam,
1852 1505 1924 1533 quae

1088 1542 1118 1569 in
1137 1542 1195 1569 hoc
1222 1543 1323 1569 tamen
1347 1542 1423 1569 bene
1448 1541 1644 1576 dignoscitur,
1661 1541 1744 1577 quod
1765 1540 1857 1569 Filius
1885 1550 1922 1569 ex

1088 1593 1148 1613 uno
1165 1585 1238 1618 solo,
1256 1585 1381 1621 Spiritus
1397 1593 1468 1613 vero
1484 1593 1519 1612 ex
1534 1584 1655 1613 duobus
1675 1585 1823 1621 provenit.
1839 1586 1920 1613 Nam

1089 1638 1157 1657 cum
1173 1629 1296 1665 Spiritus
1311 1630 1412 1664 imago
1429 1629 1489 1657 Filii
1504 1629 1541 1657 sit
1556 1629 1741 1664 naturaliter,
1758 1629 1835 1657 sicut
1850 1637 1917 1657 ma-

1090 1681 1167 1708 gnus
1179 1673 1315 1708 Basilius,
1332 1673 1500 1708 Theologus
1514 1674 1681 1708 Gregorius,
1704 1676 1794 1709 atque
1809 1673 1922 1701 Dama-

1090 1726 1197 1746 scenus
1213 1718 1342 1753 tradunt,
1367 1726 1488 1746 necesse
1504 1720 1548 1746 est
1562 1718 1675 1746 habere
1688 1718 1726 1746 de
1752 1718 1820 1754 ipso
1835 1717 1920 1746 exsi-

1090 1763 1240 1798 stentiam,
1256 1766 1284 1791 et
1297 1763 1470 1798 procedere.
1491 1765 1649 1799 Propterea
1662 1763 1736 1791 liber
1752 1762 1808 1790 sub
1822 1763 1920 1798 impe-

1089 1808 1134 1835 rio
1146 1808 1285 1835 Manuelis
1294 1807 1400 1840 editus,
1410 1815 1501 1843 quem
1512 1808 1555 1836 De
1565 1808 1731 1837 immortali
1741 1815 1833 1835 causa
1840 1815 1919 1843 prae-

1091 1852 1188 1886 signat
1200 1851 1309 1883 titulus,
1323 1852 1369 1879 cui
1380 1852 1471 1879 Grreei
1484 1851 1688 1880 contradicere
1702 1859 1762 1879 non
1775 1855 1918 1887 possunt,

1090 1896 1200 1923 scilicet
1216 1896 1356 1931 Spiritum
1370 1903 1405 1924 ex
1419 1897 1539 1924 duobus
1555 1896 1665 1932 pariter
1680 1896 1856 1932 procedere,
1874 1897 1919 1923 in-

1091 1941 1345 1977 expugnabilibus
1384 1942 1568 1976 argumentis
1606 1942 1802 1969 demonstrat.
1840 1943 1920 1975 Ergo

1092 1986 1183 2013 Graeci
1199 1986 1291 2013 locuti
1304 1989 1372 2013 sunt
1385 1986 1479 2020 falsa,
1503 1989 1529 2013 et
1545 1989 1724 2014 erraverunt
1744 1986 1782 2013 ab
1798 1988 1885 2014 utero
1898 1987 1919 2003 ³⁷

1092 2030 1196 2058 matris
1207 2038 1268 2057 suae
1282 2030 1427 2064 Ecclesiae,
1441 2038 1534 2065 quam
1551 2030 1685 2058 Christus
1700 2030 1730 2057 in
1745 2030 1879 2066 synodo,
1895 2032 1923 2058 et

1092 2074 1289 2110 imperatores
1302 2074 1438 2101 omnium
1451 2074 1649 2102 Ecclesiarum
1664 2074 1832 2110 principem
1850 2082 1922 2102 con-

1094 2119 1259 2146 stituerunt.
1274 2118 1360 2147 Obliti
1377 2122 1447 2146 sunt
1460 2119 1534 2146 illud
1549 2119 1717 2147 Salomonis
1732 2127 1738 2146 :
1755 2119 1919 2151 Conserva,

1092 2163 1139 2197 ﬁli
1152 2163 1203 2196 mi,
1216 2164 1313 2198 patris
1334 2164 1549 2198 luz‘prmcepta,
1567 2166 1593 2191 et
1617 2171 1653 2191 ne
1677 2163 1810 2191 dimittas
1826 2164 1920 2198 legem

1093 2208 1199 2235 matris
1214 2210 1286 2235 tnz.
1303 2208 1378 2243 Liga
1389 2215 1452 2236 eam
1468 2208 1499 2235 in
1513 2208 1601 2236 corde
1617 2211 1666 2236 tuo
1677 2209 1804 2243 jugiter,
1819 2211 1848 2236 et
1863 2209 1920 2236 cir-

1093 2259 1236 2286 cumponc
1250 2252 1367 2287 gutturi
1381 2255 1430 2280 tuo
1446 2252 1480 2286 9“,
1501 2256 1591 2288 atque
1604 2259 1622 2279 α
1636 2252 1782 2284 stultitiis,
1795 2260 1864 2288 quae
1879 2252 1919 2280 ad

1093 2304 1154 2324 rem
1170 2304 1229 2324 non
1241 2297 1400 2331 pertinent,
1422 2299 1556 2324 avertere
1573 2298 1607 2324 ’9.
1637 2295 1763 2324 Arefacti
1776 2296 1914 2324 conversi

1093 2343 1162 2369 sunt
1182 2341 1212 2368 in
1235 2341 1358 2368 arbores
1373 2341 1561 2369 autumnales
1575 2341 1710 2377 expositi,
1731 2349 1793 2369 non
1816 2342 1916 2369 solum

1093 2385 1202 2412 scilicet
1216 2385 1245 2412 in
1258 2385 1358 2420 rebus,
1374 2393 1476 2413 verum
1491 2386 1581 2413 etiam
1603 2385 1633 2413 in
1647 2385 1797 2421 plerisque
1813 2385 1915 2413 fructi-

1091 2429 1148 2456 bus
1162 2429 1304 2461 veritatis,
1320 2430 1403 2466 quod
1416 2437 1452 2458 ex
1465 2432 1588 2458 tractato
1602 2429 1732 2466 capitulo
1747 2432 1776 2458 et
1794 2429 1916 2467 reliquis

1090 2481 1159 2509 quae
1173 2473 1413 2509 subscribuntur,
1430 2476 1523 2510 patet.

1126 2519 1235 2546 Contra
1246 2518 1472 2546 instructionem
1485 2518 1589 2546 Christi
1616 2518 1788 2552 Salvatoris,
1810 2519 1914 2552 nostri,

1090 2560 1266 2590 fermentata
1272 2562 1484 2598 offerunt,cum
1492 2563 1651 2599 supercilio
1661 2563 1741 2591 enim
1764 2562 1913 2597 ignorant,

1089 2606 1157 2642 quis
1172 2606 1234 2634 dux
1250 2606 1335 2635 fuerit
1347 2607 1427 2635 illius
1442 2607 1629 2642 traditionis;
1646 2608 1761 2636 Christo
1775 2607 1807 2635 in
1828 2608 1915 2636 Cinna

1089 2650 1285 2679 benedicente
1301 2659 1419 2688 azyma,
1444 2652 1528 2688 quod
1548 2652 1639 2681 trium
1662 2651 1913 2687 exangelistarum

1122 2795 1178 2831 (33)
1197 2796 1361 2824 Monstrum
1375 2794 1469 2824 verbi.
