1944 3084
29 86 64 95 νιν

28 96 66 113 ὖάῧ

747 76 883 112 CONTRA
902 78 1057 113 Cuiatis.

1695 87 1746 116 546

26 147 148 174 ﬁrmatur
162 145 372 175 testimonio.
390 146 502 181 Dicunt,
518 147 547 174 et
577 145 660 182 quod
675 152 869 182 nequaquam
885 146 908 173 Α
924 148 1016 174 tatem
1036 145 1205 179 obtinuerit,
1234 147 1516 183 excommunicetur,
1539 149 1567 176 et
1581 151 1744 185 separetur,

29 191 108 218 relatu
119 190 258 224 dignum
270 194 372 225 esset,
383 190 531 227 nisiquod
554 190 580 218 ei
591 197 709 223 omnes,
724 193 870 226 tanquam

29 243 125 270 magno
155 236 400 272 propugnatori
426 235 602 268 innituntur,
632 237 800 263 asserentes
816 235 870 262 fer-

28 280 136 308 mentati
148 280 247 315 panis
262 281 370 308 vitam
389 282 416 308 et
427 279 641 308 animationem
653 279 799 313 conferre,
814 279 869 307 Sed

28 332 103 353 omne
126 331 246 360 corpus
275 324 391 359 articii,
415 324 491 352 sicut
517 332 552 351 ex
569 331 600 351 se
615 323 709 351 simile
723 331 784 350 non
805 331 871 359 pro-

30 369 107 404 ducit,
123 369 167 396 ita
184 369 254 396 vita
272 372 365 398 caret
381 371 409 397 et
422 368 616 396 animatione.
645 367 788 396 Nimirum
803 375 871 395 cau-

29 423 83 441 sam
92 413 296 441 extrinsecus
308 414 404 442 habet
414 411 597 446 moventem,
613 414 643 440 ut
658 415 811 446 stannum,
821 412 872 439 do-

28 467 93 491 mus,
104 466 189 491 arca,
202 457 420 486 fermentatus
433 458 532 494 panis,
548 461 576 486 et
593 457 787 489 similia.Qute
803 463 872 484 vero

30 504 200 530 intrinsecus
225 503 355 531 habent
372 505 539 530 moventem
564 510 698 533 causam,
723 500 873 529 naturalia

32 551 98 578 sunt,
116 550 148 575 ut
163 555 316 583 quaeque
333 547 476 576 animata.
491 548 554 575 Non
569 549 670 574 autem
686 548 731 573 est
749 546 778 573 in
794 547 873 581 pane

29 593 64 619 vis
75 593 354 627 sanctiﬁcationis,
367 592 416 620 sed
432 593 462 620 in
475 591 578 620 verbo.
591 592 672 619 Unde
684 599 746 618 non
756 590 874 618 videtur

29 636 86 664 ﬁdei
96 637 282 665 consentire
300 636 481 672 hujusmodi
495 644 600 664 eorum
614 636 725 664 tactum
738 637 766 663 et
779 642 872 663 asser-

30 682 70 715 tio,
81 690 148 717 quaa
157 682 341 718 penuriam
357 684 524 709 monstrare
538 680 681 713 volentes,
695 682 726 708 ut
739 679 869 713 Armeui,

30 725 120 761 quinil
135 727 235 763 aquei
252 726 362 755 laticis
384 734 446 754 suae
474 725 674 753 immolationi
702 726 868 761 apponunt,

31 771 164 806 superﬂui
196 771 421 799 inveniuntur.
443 772 517 799 Nam
532 770 621 798 simul
636 770 786 805 frigidam,
803 769 871 797 cali-

31 815 152 852 damque
167 815 298 849 denuo,
319 816 407 852 quasi
419 815 588 843 benedictio
602 814 752 850 impotens
780 814 871 842 conti-

31 859 115 887 ciendi
130 860 238 893 fuerit,
254 860 419 889 Dominico
432 859 572 895 sanguini
584 859 623 887 ad
638 859 870 887 consummatio-

32 911 90 931 nem
106 905 306 933 admiscent.

60 948 166 976 Diebus
181 948 397 985 paschalibus
412 957 482 977 cum
493 948 623 984 populus
636 947 871 975 communicatu<

33 1000 74 1020 rus
87 993 171 1021 aride
186 995 386 1029 praeparant,
404 993 526 1029 insuper
545 991 765 1020 abundantiam
780 991 871 1019 conti-

33 1036 102 1064 ciunt
111 1037 142 1064 in
155 1038 366 1066 Dominicum
374 1046 493 1074 corpus,
502 1039 604 1073 etpost
618 1036 868 1068 distributionem,

1 1116 2 1121 η
36 1080 227 1117 reliquiarum
256 1090 398 1116 acervos,
414 1082 486 1118 quia
500 1081 635 1109 durabilc
646 1089 708 1109 non
724 1083 775 1113 est,
788 1088 869 1116 sepe-

36 1124 400 1155 liunt.Communicandis
408 1134 518 1163 panem
525 1125 680 1153 intinctum
688 1127 868 1161 praeparant.

37 1172 59 1197 et
69 1171 294 1199 accedentibus
306 1171 382 1199 ollas
395 1171 551 1207 porrigunt
573 1173 654 1198 tcum
682 1169 867 1198 cochlearto:

33 1214 104 1249 quod
120 1215 264 1244 Christus
282 1223 478 1252 nequaquam
495 1215 602 1243 fecisse
615 1214 733 1249 legitur.
749 1214 871 1242 Diaconi

35 1265 125 1287 eorum
136 1259 191 1295 qui
205 1260 251 1288 ad
267 1260 406 1296 aliquem
416 1259 637 1296 promotionem
652 1258 806 1291 incedunt,
823 1266 872 1286 ac-

35 1302 136 1338 cipiunt
147 1313 283 1339 uxores,
297 1313 335 1333 ne
345 1305 475 1333 honores
488 1304 625 1340 perdant,
649 1303 732 1340 quod
752 1305 869 1332 contra-

36 1347 100 1376 rium
107 1351 151 1377 est
161 1349 295 1378 decimo
308 1350 417 1377 canoni
425 1349 551 1377 Niceense
560 1349 678 1384 synodi.
697 1348 870 1376 Sacerdotes

37 1398 128 1420 eorum
137 1392 169 1421 in
178 1393 343 1430 plerisque
354 1394 438 1429 locis,
453 1393 506 1421 viri
523 1393 707 1428 sanguinum
714 1392 868 1424 exsistunt,

38 1438 60 1462 et
79 1437 209 1466 inferunt
223 1439 286 1473 (34)
302 1439 425 1467 sacratis
441 1438 582 1466 manibus
595 1447 603 1473 ς
627 1437 709 1473 quod
739 1437 869 1473 propriis

38 1481 118 1509 oculis
123 1482 352 1519 imperatorem
359 1483 514 1519 sequendo
521 1490 573 1518 per
581 1481 803 1518 Cappadociam
813 1482 869 1522 (35)

40 1525 253 1564 Persarumque
262 1527 412 1563 regiones,
431 1527 555 1555 intuitus
565 1535 643 1554 sum.
660 1526 870 1555 Sacerdotibus

42 1568 164 1599 debitum
185 1572 343 1601 honorem
383 1572 604 1606 subtrahentes,
632 1571 707 1599 inter
733 1571 871 1599 convivi).

43 1613 90 1642 Silii
108 1616 258 1645 assistere
278 1617 399 1645 faciunt.
418 1618 471 1644 Pro
482 1616 560 1645 facili
577 1616 743 1648 occasione,
771 1615 868 1652 pmnis

45 1659 68 1685 et
78 1659 201 1694 ﬂagellis
218 1661 395 1689 sacerdotes
403 1663 432 1689 et
439 1661 560 1689 clericos
572 1660 665 1688 instar
678 1668 870 1696 paganorum

3 1710 4 1714 η
47 1702 184 1738 afﬂigunt.
196 1707 233 1734 Et
246 1708 281 1734 ut
295 1706 426 1734 habeant
446 1705 564 1733 ridendi
583 1705 752 1740 materiam,
773 1705 803 1732 in
818 1713 870 1733 ca-

47 1745 145 1780 pitibus
166 1757 279 1779 eorum
303 1750 396 1786 pileos
417 1751 526 1786 pugnis
553 1751 773 1786 conquassant:
799 1757 869 1777 cum

47 1791 182 1828 scriptum
195 1795 236 1823 sit
247 1795 304 1831 (36)
317 1804 323 1823 2
344 1806 354 1820 ι
365 1795 391 1823 Si
406 1795 474 1830 quis
485 1802 611 1822 manum
626 1794 656 1822 in
672 1793 813 1822 clericum
824 1794 868 1829 je-

3 1859 5 1870 ,
49 1836 118 1870 cerit,
130 1841 182 1866 aut
203 1840 270 1868 sine
287 1847 380 1868 causa
401 1847 454 1867 seu
477 1838 653 1873 contingens
668 1838 868 1872 occasionem,

2 1878 4 1890 i

48 1881 201 1912 anathema
215 1886 293 1912 esto.
312 1895 325 1908 ›ι

81 1925 108 1952 In
119 1929 198 1956 sorte
212 1928 344 1957 Simonis
357 1928 432 1963 Magi
446 1927 556 1963 dejurc
567 1926 700 1963 ponendi
715 1928 783 1954 sunt
796 1928 871 1955 Gree-

4 2000 5 2009 γ
51 1975 142 1998 corum
156 1973 327 2007 pontiﬁces,
344 1974 395 2009 qui
408 1972 497 2000 nullis
512 1971 653 2000 ecclesias
669 1971 731 1999 sine
743 1972 872 2008 pecunia

3 2082 8 2098 1

52 2010 217 2048 largiuntur.
237 2018 318 2050 Quos
337 2025 404 2046 vere
433 2017 527 2052 tangit
555 2016 628 2044 illud
662 2016 870 2052 apostolicum:

53 2056 168 2089 Pecunia
182 2065 237 2090 tua
252 2065 348 2090 tecum
363 2063 400 2090 sit
408 2063 439 2089 in
446 2061 644 2097 perditionem
661 2061 694 2087 ³ο.
716 2061 819 2088 Sacr0s
827 2069 873 2088 or-

56 2099 138 2137 dines,
154 2106 207 2141 qui
222 2107 314 2141 gratis
329 2106 439 2134 dedent
452 2106 528 2139 dari,
556 2105 612 2133 nisi
631 2113 740 2133 manus
767 2112 872 2133 eorum

57 2152 105 2174 me
119 2153 289 2184 graventur,
301 2159 363 2179 non
378 2150 522 2184 tribuunt;
540 2149 708 2185 sepulturas
721 2149 752 2177 in
763 2157 872 2177 caeme-

58 2190 125 2219 teriis
135 2201 194 2222 non
209 2195 330 2230 faciunt,
345 2195 403 2223 nisi
419 2198 542 2231 accepta
556 2194 693 2230 pecunia,
715 2202 733 2222 a
747 2193 872 2230 quibus-

58 2232 127 2271 libet,
143 2246 265 2274 prorsus
280 2239 422 2267 inﬁciunt.
440 2239 615 2267 Patriarchee
631 2246 746 2273 eorum,
767 2240 795 2266 et
824 2246 872 2266 ar-

59 2278 240 2320 chiepiscopi,
256 2286 284 2312 et
307 2284 560 2315 archimandritze,
601 2282 768 2311 secundum
790 2281 873 2318 quod

61 2322 211 2360 aliquando
223 2329 277 2357 fuit
290 2329 320 2357 in
333 2328 483 2365 primitiva
499 2327 632 2356 Ecclesia
653 2327 870 2362 haereticorum,

61 2367 93 2395 ad
104 2370 278 2402 obtinendos
291 2374 433 2406 honores,
453 2373 652 2407 celsitudines,
666 2380 683 2400 a
697 2372 780 2400 laicis
803 2380 871 2408 pro-

62 2419 213 2446 moventur.
225 2419 310 2451 Quod
320 2426 442 2455 prorsus
453 2419 510 2446 hoc
522 2419 548 2446 in
562 2420 696 2454 tempore
707 2417 873 2445 tricesimus

61 2461 252 2491 apostolorum
259 2463 478 2491 canoninhibet
488 2463 560 2496 ﬁeri,
571 2463 621 2499 qui
630 2461 871 2497 esthujusmodi:

64 2510 75 2522 (λ
85 2502 176 2539 Siquis
184 2508 345 2544 episcopus
356 2515 409 2544 per
420 2507 593 2536 mundanas
604 2506 754 2543 principes
775 2506 873 2542 digni-

64 2574 83 2591 ³⁸³
95 2578 148 2614 λεὶ,
161 2590 222 2619 vni,
235 2585 279 2612 20.

69 2640 273 2713 (13:21:?ch
288 2646 391 2676 deesse
406 2647 515 2677 vocula
529 2650 663 2682 mortem,
691 2648 742 2675 aut
770 2645 874 2674 similis

83 2702 233 2748 Ltifﬂiiéc
254 2725 315 2746 non
343 2719 524 2748 conveniunt
538 2719 688 2748 Fratribus
701 2718 875 2747 Prwdicato-

70 2745 150 2786 “bus,
165 2753 223 2787 sed,
240 2745 876 2792 atteram'ﬁa'instituissem

924 194 952 219 et
965 199 1070 219 omnes
1085 192 1150 227 ejus
1166 194 1348 220 consortes.»
1370 192 1427 220 Sed
1455 193 1565 221 etenim
1594 195 1622 221 et
1644 193 1744 222 tertius

924 244 1021 264 canon
1035 236 1153 272 synodi,
1168 244 1261 272 quam
1275 236 1365 264 Graeci
1377 236 1535 273 septimam
1545 241 1665 272 vocant,
1679 246 1745 274 pro-

925 281 1041 308 nuntiat
1055 288 1177 308 omnem
1193 281 1366 309 electionem
1388 290 1406 309 a
1433 282 1618 317 principibus
1646 283 1747 311 saeculi

924 325 1036 353 factam
1047 325 1108 353 fore
1118 325 1347 354 irritam.Unum
1358 325 1455 354 solum
1473 326 1648 361 Sabbatum,
1664 327 1747 363 quod

926 377 981 397 nos
997 372 1134 397 sanctum
1145 378 1298 405 vocamus,
1317 378 1370 406 pro
1386 370 1539 407 sepultura
1554 371 1670 399 Domini
1685 372 1747 400 Sal—

927 413 1036 441 vatoris
1059 414 1172 448 jejunio
1199 414 1508 443 commendaverunt:
1536 415 1651 451 reliqua
1676 423 1748 444 vero

927 458 999 485 anni
1009 457 1257 493 Sabbata,epulm,
1269 457 1386 491 balnea,
1401 461 1429 487 et
1440 459 1564 492 ludicra,
1573 459 1749 495 etquaelibet

927 510 1019 538 penes
1029 502 1095 530 illos
1109 503 1301 530 celeberrima
1316 511 1381 531 esse
1410 504 1608 540 praetendunt.
1623 505 1681 532 Sed
1703 513 1748 532 er-

927 555 993 575 rore
1007 547 1078 575 satis
1089 547 1224 582 jucundo
1234 547 1599 584 traducuntur,quomodo
1606 549 1748 584 apostolis

928 592 1075 620 sancitum
1085 600 1151 620 esse
1160 592 1215 620 sub
1227 592 1415 621 anathemate
1423 594 1594 621 mentiendo
1602 598 1745 631 astruant,

927 636 1102 664 dicentibus:
1119 637 1301 671 Maledictus,
1312 637 1363 673 qui
1375 637 1406 665 in
1419 637 1746 674 Sabbatojejunaverit,

926 684 1032 717 praeter
1046 689 1152 709 unum.
1167 683 1241 709 Nam
1257 681 1280 708 si
1295 683 1416 718 propter
1434 681 1616 718 singularem
1632 683 1749 712 Domini

925 725 1171 753 resurrectionem
1186 733 1291 753 omnes
1306 726 1369 753 dies
1383 726 1526 754 Dominici
1551 727 1632 755 cultu
1657 727 1748 762 digno

925 772 1114 804 venerantur,
1130 772 1159 798 et
1174 772 1294 806 propter
1309 770 1491 805 singularem
1507 773 1645 806 mortem,
1665 775 1749 802 sexta

892 814 1008 849 Bferia,
1026 822 1127 842 nonne
1140 817 1168 842 et
1193 817 1314 850 propter
1342 815 1525 850 singularem
1553 815 1746 852 sepulturam,

927 858 1053 894 singulis
1068 858 1216 894 Sabbatis,
1234 859 1290 886 nisi
1304 859 1478 887 solemnitas
1493 860 1635 894 inhibeat,
1654 869 1672 889 a
1686 869 1748 897 qua

927 906 954 932 et
966 903 1126 939 jejunium,
1137 906 1164 931 et
1181 904 1293 932 tristitia
1304 903 1484 933 abducenda
1494 905 1621 934 nonsint
1641 906 1748 934 beatus

927 948 1075 984 Sylvester
1089 948 1229 976 asseruit?

962 994 1071 1020 Natura
1086 992 1208 1028 quidem
1229 992 1359 1021 hominis
1375 1001 1393 1021 a
1421 993 1568 1030 principio
1581 994 1612 1022 in
1628 994 1747 1023 ruinam

925 1037 1022 1074 posita
1037 1039 1094 1070 est,
1109 1045 1213 1065 verum
1229 1038 1398 1066 Graecorum
1411 1038 1482 1073 gula
1502 1046 1571 1066 cum
1585 1046 1622 1067 ea
1647 1041 1746 1073 certet,

925 1090 992 1118 quae
1010 1090 1025 1109 e
1041 1082 1210 1117 corruptine
1225 1082 1302 1110 inest
1328 1082 1450 1110 malitia.
1469 1083 1542 1111 Nam
1557 1091 1618 1111 non
1648 1083 1746 1112 solum

924 1126 980 1158 bis,
992 1125 1288 1162 sedquotiescunque
1295 1126 1610 1163 opportunitasaliqua
1623 1127 1746 1163 prtebet,

925 1170 1066 1198 alimenta
1077 1170 1121 1198 ori
1133 1171 1308 1199 immittunt.
1324 1171 1395 1199 Hinc
1409 1174 1453 1199 est
1467 1171 1550 1207 quod
1569 1172 1600 1199 in
1623 1171 1748 1208 quibus-

924 1215 996 1243 dam
1011 1215 1118 1243 diebus
1140 1215 1450 1252 Veneris,postposita
1468 1215 1747 1251 omniverecundia,

926 1260 1066 1288 carnibus
1081 1263 1251 1293 vescuntur;
1268 1263 1382 1296 septem
1396 1260 1468 1288 solis
1486 1261 1592 1288 diebus
1614 1261 1645 1289 in
1667 1269 1747 1290 anno

922 1305 1070 1340 jejunant:
1087 1305 1219 1341 quinque
1235 1313 1288 1341 pro
1305 1305 1654 1341 totaQuadragesima,in
1666 1307 1748 1342 prin-

925 1349 1003 1385 cipio
1026 1357 1087 1377 sua:
1115 1349 1233 1377 illorum
1260 1349 1446 1385 septimanae,
1474 1349 1604 1378 Sabbato
1634 1353 1745 1386 sancto,

924 1394 955 1421 in
971 1393 1071 1428 vigilia
1084 1393 1256 1429 Epiphaniae
1272 1393 1398 1421 Domini.
1415 1394 1530 1422 Etenim
1544 1402 1599 1430 per
1626 1403 1748 1423 omnem

925 1446 1068 1473 magnam
1076 1438 1343 1472 Quadragesimam
1356 1445 1441 1466 coena
1449 1439 1571 1466 minime
1587 1439 1748 1475 abstinent,

889 1500 908 1526 Ο
925 1482 977 1510 sed
992 1482 1088 1518 posito
1102 1481 1294 1517 persingulos
1307 1482 1575 1517 semelcomedunt;
1584 1491 1637 1511 nec
1644 1492 1750 1512 secun-

925 1527 999 1554 dum
1014 1526 1187 1562 opinionem
1201 1534 1286 1554 suam
1301 1527 1571 1561 Quadragesimam
1586 1527 1748 1564 celebrant,

926 1580 995 1599 cum
1012 1571 1248 1606 Quadragesima
1260 1571 1409 1606 jejunium
1420 1571 1622 1607 quadraginta
1633 1573 1751 1601 dierum

926 1615 1080 1650 signiticet.
1089 1615 1224 1651 lpsivero
1233 1615 1380 1650 majorem
1391 1615 1591 1651 septimanam
1599 1623 1750 1645 anumero

926 1660 1169 1695 Quadragesimm
1185 1659 1371 1688 secludentes
1386 1668 1437 1687 sex
1451 1659 1651 1689 hebdomadis
1676 1662 1750 1694 Qua-

924 1705 1129 1739 dragesimam
1144 1704 1298 1732 claudunt.
1313 1705 1367 1732 Tot
1383 1704 1461 1732 enim
1475 1708 1544 1732 sunt
1555 1713 1574 1733 a
1593 1705 1691 1741 prima
1701 1714 1750 1734 eo-

924 1758 990 1778 rum
1007 1750 1175 1785 septimana
1189 1757 1284 1785 usque
1299 1750 1338 1777 a-l
1345 1749 1521 1782 Sabbatum,
1538 1750 1621 1786 quod
1630 1751 1745 1786 palma-

923 1803 991 1823 rum
1007 1795 1209 1830 arborumque
1216 1802 1317 1822 ramos
1325 1794 1476 1830 prmeedit,
1488 1794 1518 1822 in
1529 1802 1590 1830 quo
1600 1795 1751 1824 universa-

923 1840 988 1869 liter
1003 1839 1042 1868 ab
1053 1839 1108 1867 illis
1121 1841 1283 1867 cantatum»
1300 1840 1371 1872 Quae
1385 1839 1493 1867 animus
1503 1839 1582 1867 utilis
1597 1842 1650 1873 est,
1668 1849 1751 1869 com-

925 1884 1043 1921 plemus
1053 1884 1374 1919 Quadragesimam,»a
1383 1883 1494 1920 quibus
1506 1885 1748 1920 sexseptimanis,

927 1929 952 1957 si
965 1937 1015 1957 sex
1026 1929 1090 1957 dies
1100 1928 1245 1957 Dominici
1261 1937 1330 1956 cum
1344 1928 1466 1956 totidem
1476 1928 1614 1956 Sabbatis
1632 1929 1750 1958 subtra-

925 1975 1044 2009 hantur,
1058 1973 1176 2009 triginta
1192 1974 1290 2001 solum
1305 1973 1368 2001 dies
1383 1973 1578 2001 invenientur.
1592 1975 1631 2002 De
1653 1974 1750 2002 Domi-

926 2019 1001 2046 nicis
1017 2026 1086 2046 vero
1101 2017 1207 2045 diebus
1222 2025 1441 2053 supervacuum
1468 2019 1512 2045 est
1538 2017 1692 2045 disserere:
1719 2019 1750 2046 in

926 2063 1037 2100 quibus
1052 2062 1224 2090 Christianis
1240 2062 1380 2089 omnibus
1395 2061 1568 2098 prohibetur
1589 2061 1747 2097 jejunium.

927 2109 963 2135 At
978 2107 1066 2142 igitur
1076 2107 1100 2134 si
1116 2106 1207 2134 Graeci
1230 2106 1368 2142 jejunant
1393 2106 1423 2134 in
1449 2106 1555 2134 diebus
1589 2106 1749 2134 Dominicis

928 2154 1010 2187 (nam
1018 2151 1129 2180 eisdem
1137 2151 1256 2179 cibariis
1270 2151 1467 2178 vescunturin
1485 2150 1644 2186 Sabbatis),
1658 2159 1750 2180 anna-

928 2197 1064 2225 thematis
1079 2196 1121 2224 rei
1137 2198 1206 2223 sunt
1219 2195 1353 2227 canonis,
1365 2195 1563 2231 dicunturque
1577 2196 1747 2226 anathema:

927 2243 969 2270 sic
983 2242 1035 2279 qui
1047 2242 1077 2269 in
1093 2240 1428 2276 Sabbatisjejunaverit,
1445 2244 1550 2276 praeter
1565 2249 1659 2269 unum
1676 2244 1750 2270 Cum

926 2287 1015 2322 igitur
1023 2287 1069 2314 die
1076 2284 1317 2319 Sabbatorumjej
1324 2284 1400 2312 uniis
1415 2284 1603 2317 valetaciant,
1612 2288 1640 2314 et
1648 2286 1751 2315 omnia.

926 2332 976 2361 illa
991 2332 1028 2360 de
1043 2330 1197 2359 festivitate
1214 2329 1282 2365 (37),
1294 2328 1383 2356 etiam
1408 2329 1433 2356 si
1461 2329 1559 2364 major
1583 2330 1752 2365 septimana

927 2377 1047 2413 reliquis
1060 2377 1240 2409 numeretur,
1251 2372 1472 2401 evidentissime
1481 2375 1605 2407 constat,
1624 2382 1675 2402 eos
1688 2382 1751 2403 non

927 2422 1039 2451 habere
1051 2419 1332 2454 Quadragesimam.

963 2466 1097 2496 Monachi
1113 2469 1194 2493 extra
1210 2464 1374 2492 claustrum
1387 2464 1642 2499 pernoctantes,ut
1659 2470 1751 2498 pecu-

928 2513 993 2547 des,
1009 2510 1133 2546 singulis
1148 2509 1230 2538 horis
1251 2510 1280 2537 in
1300 2507 1404 2544 plateis
1431 2506 1488 2543 ipsi
1514 2506 1686 2539 comedunt,
1714 2509 1751 2536 de

928 2612 1149 2648 imperatorem,
1168 2608 1360 2645 sequebatur,
1376 2606 1450 2636 dum
1472 2605 1551 2636 bella
1579 2606 1693 2642 gereret
1721 2604 1752 2633 in

928 2657 1065 2692 Egypto,
1082 2655 1158 2690 Asia,
1172 2656 1227 2682 etc.
1240 2655 1324 2682 BASN.

966 2712 1018 2748 (36)
1032 2711 1102 2738 Can.
1119 2710 1218 2745 Apost.

967 2745 1024 2785 (37)
1040 2748 1133 2776 Locus
1145 2745 1313 2781 corruptus.
