1944 3084
161 73 212 101 547

774 55 1015 86 PANTALEONIS
1034 55 1174 84 DIACONI
1194 53 1244 82 CP.

1876 55 1931 81 548

162 133 240 165 sinu,
254 133 401 165 tanquam
410 134 448 154 ex
457 124 654 158 arcafructus,
668 121 715 150 vel
723 119 837 156 aliquid
845 118 984 147 vescibile
1009 121 1029 146 Α
1047 118 1266 147 ευίῖοοδωιιυω
1281 128 1336 148 nec
1343 121 1494 150 abstinent
1504 121 1682 157 sanguine
1697 128 1706 151 ;
1718 126 1804 147 nam
1814 117 1931 145 turbOs

161 176 360 207 extrahentes,
374 167 731 199 manducantJlecliuant
747 170 777 193 ut
798 166 993 200 caupones,et

162 222 259 252 calido
274 223 350 256 lyaeo
363 218 496 245 comesta
510 213 650 242 inferiora
664 211 732 240 cred
738 214 800 239 unt.

198 252 294 295 Penes
308 261 472 291 monachos
483 266 543 286 non
555 260 599 285 est
610 265 703 285 unum
718 254 918 290 marsupium.
937 252 990 280 sed

163 311 246 340 obliti
261 309 418 337 dicentem:
444 304 510 331 Nisi
529 303 593 338 quis
612 300 830 330 reuuntiavmit
845 297 989 329 omnibus,

164 364 230 393 quas
237 353 367 390 possidet
382 351 416 382 ³¹,
430 352 498 382 etc.,
509 346 618 381 singuli
630 346 742 373 habent
754 343 883 393 singula.
901 340 993 393 ρηλοί

164 387 359 436 nequaquam
382 395 558 421 venerantes
580 392 763 426 prmceptum
790 387 992 436 apostolicum

165 431 248 475 illud:
272 431 321 470 i’ir
332 442 357 469 si
371 446 485 468 comam
499 436 626 467 nutriat,
640 433 804 469 ignominia
816 434 859 460 est
885 431 935 458 illi
956 431 992 457 ³³.

167 492 277 520 Omnes
292 494 361 514 cum
377 482 511 512 maximo
526 479 624 508 studio
652 477 843 506 incrementis
867 482 993 511 operam

167 535 319 572 praestant.
331 529 424 563 Hujus
438 527 543 562 lapsus
558 523 656 552 clerici
669 522 800 550 maxime
811 523 851 572 rei
872 523 950 572 sunt,
965 521 995 572 et

168 564 267 609 etiam,
280 582 357 611 quOS
371 571 452 600 nullo
476 569 567 598 modo
582 568 667 596 decet
682 589 690 602 ,
701 565 839 595 monachi
849 564 993 611 nutriunt.

170 608 326 652 Etenimin
340 624 460 646 coronae
475 613 611 645 modum,
627 612 704 639 sicut
724 610 827 646 regula
851 608 993 645 principii,

170 672 325 697 tonsuram
340 660 518 697 capillorum
531 665 591 686 non
605 657 727 690 faciunt,
740 655 793 683 sed
803 656 916 690 pene'ut
932 661 998 681 mu-

170 711 296 741 lieresin
311 709 406 736 fronte
429 702 592 732 dividendo
619 700 838 734 discriminant,
875 697 998 726 servatis

172 756 305 791 undique
317 750 442 787 capillis,
456 751 487 776 ut
501 747 568 775 colli
578 746 671 780 nuda,
681 748 712 773 et
724 745 842 791 aurium
851 742 998 791 cartilagi-

173 809 226 830 nes
241 787 409 836 protegant.
424 793 556 822 Mulieres
571 791 689 836 deserto
705 788 833 836 naturali
847 787 929 836 cultu
948 794 997 814 ca-
1013 791 1035 817 Β

173 832 325 882 ρὶΙΙοῖὐω,
334 839 429 868 comis
440 839 627 865 mortuorum
638 833 824 862 densissimis
832 832 999 860 subornan-

175 876 233 924 tur,
249 889 353 916 contra
365 882 561 912 monitionem
577 879 655 907 beati
665 878 737 906 Petri
747 876 884 924 apOStoli,
900 876 999 903 dicen-

175 922 229 964 tiszi
238 929 414 961 Muneribus
428 934 488 955 non
503 926 540 952 sit
551 924 734 953 extrinsecus
745 922 1002 957 capillatura,aut

176 975 372 1010 circumstatio
377 973 510 1006 auri,aut
519 968 932 998 indumentivestimentorum
940 966 1009 993 cul-

177 1029 224 1054 tus
239 1024 275 1051 ³³.
286 1019 419 1049 Mulieres
433 1017 518 1044 fusco
533 1013 626 1051 [fuco]
643 1015 670 1041 et
685 1011 813 1048 puniceo
829 1011 918 1039 facies
934 1018 1005 1038 suas

177 1068 316 1106 pingunt,
330 1066 358 1092 et
371 1061 461 1090 variis
475 1058 625 1087 coloribus
641 1056 856 1105 insigniuntur.

213 1098 271 1140 Viri
284 1098 313 1138 et
333 1107 472 1136 mulieres
483 1104 705 1132 sacramentum
716 1099 848 1135 conjugii
864 1107 918 1133 pro
932 1098 1006 1127 futili

180 1157 330 1193 reputant.
348 1154 422 1181 Nam
437 1148 555 1185 quoties
567 1146 641 1193 alter
665 1144 828 1193 displicet,"
843 1144 890 1172 vel
915 1143 1008 1172 altera

181 1189 276 1231 alieri,
291 1204 392 1226 coram
406 1195 533 1230 praetore
545 1191 663 1218 urbano
674 1189 878 1217 voluntatibus
902 1196 1007 1216 eorum

181 1243 337 1282 expositis,
350 1236 556 1268 instrumentis
569 1238 596 1263 et
623 1233 750 1282 cingulis
779 1233 917 1281 praecisis,
945 1232 1008 1260 sine

182 1277 416 1319 contradictione
428 1281 483 1309 viri
496 1286 614 1314 uxores,
632 1281 660 1306 et
674 1277 814 1305 mulieres
845 1277 925 1304 viros
953 1284 1008 1313 pro

182 1334 267 1363 libitu
291 1327 451 1364 accipiunt,
474 1326 578 1352 contra
592 1322 782 1356 mandatum,
807 1321 890 1357 quod
915 1320 1007 1348 dicit:

185 1376 264 1414 Quod
275 1376 353 1403 Deus
366 1370 533 1406 conjunxit,
544 1367 628 1396 homo
640 1374 677 1394 ne
690 1369 806 1414 separet
821 1366 900 1414 “ein
913 1365 1010 1394 domi-

182 1410 241 1453 bus
251 1420 313 1448 suis
332 1413 558 1446 mansiunculas
573 1413 759 1445 construunt,
774 1411 805 1438 in
817 1410 927 1447 quibus
942 1418 1010 1439 san—

184 1471 301 1497 ctorum
316 1460 462 1496 imagines
471 1457 629 1489 collocant,
639 1456 717 1484 eteis
727 1463 817 1484 omne
830 1455 1011 1491 obsequium
1027 1465 1047 1490 ί)

186 1511 326 1542 exhibent
343 1503 569 1541 lampadarum,
590 1508 756 1533 cereorum,
787 1502 815 1528 et
826 1500 958 1532 incensi;
983 1501 1014 1527 et

187 1553 358 1594 synodales,
373 1557 451 1586 quas
465 1550 565 1584 patres
579 1554 683 1574 eorum
708 1548 946 1580 construxerunt,
968 1552 1015 1572 ec-

186 1589 306 1631 clesias,
322 1597 351 1624 in
369 1592 559 1622 solitudinem
569 1590 670 1618 sinunt
678 1592 706 1616 et
715 1589 745 1616 in
755 1591 961 1624 paupertatem
971 1595 1016 1616 re-

186 1645 268 1680 digi:
284 1645 312 1670 et
327 1646 404 1677 pene
414 1638 444 1665 in
460 1635 610 1664 cubitibus
626 1634 687 1680 suis
712 1633 825 1661 faciunt
852 1633 1014 1661 missarum

188 1677 335 1718 solemnia
343 1680 496 1713 celebrari,
511 1680 599 1707 beato
614 1677 764 1714 Sylvestro
780 1678 837 1704 hoc
849 1677 1012 1705 inhibente.

189 1735 259 1762 Can.
271 1742 285 1756 ι(
299 1728 401 1758 Nullus
413 1724 569 1761 presbyter
580 1722 730 1750 celebrare
761 1724 932 1756 praesumat,
958 1722 1003 1749 nis

189 1779 220 1806 in
232 1770 444 1803 sacratislocis,
452 1769 483 1796 in
490 1767 575 1800 villis,
585 1767 614 1794 in
624 1765 744 1801 oppidis
754 1765 987 1800 provinciarum.
998 1777 1011 1790 ››

191 1823 302 1850 Uxores
313 1815 515 1844 sacerdotum,
531 1811 657 1838 chorum
670 1809 879 1845 ingredientes,
896 1809 1012 1839 oblatoa

190 1871 286 1902 panes
296 1861 335 1890 de
347 1858 430 1888 altari
441 1856 558 1887 tollunt,
572 1857 604 1902 et
618 1854 801 1902 obsequium
812 1853 930 1882 diaconi
947 1862 1012 1902 per-

191 1898 324 1945 agentes,
347 1905 453 1932 cuncta
480 1908 548 1936 quas
570 1900 599 1926 in
618 1901 733 1927 cunctis
757 1898 819 1925 suis
845 1898 1014 1927 necessaria

192 1943 262 1982 sunt
271 1949 376 1980 ofﬁciis
397 1947 569 1976 missarum,
591 1945 771 1979 praeparant.
803 1943 918 1971 Missam
935 1943 1015 1971 circa

192 2000 299 2028 horam
313 1993 439 2025 tertiam,
455 1997 531 2026 pene
547 1987 645 2016 nullos
665 1987 816 2015 auditores
837 1987 951 2015 habens
969 1995 1015 2016 sa-

193 2042 298 2073 cerdos
306 2038 445 2068 celebrat.
453 2032 569 2070 thuod
578 2032 662 2060 nefas
668 2034 750 2068 puto,
765 2032 860 2065 uxori,
869 2032 915 2060 vel
923 2040 1016 2067 puero

194 2088 255 2116 ﬁlio
265 2083 442 2114 associatus,
453 2085 529 2115 quos
540 2084 601 2104 non
610 2076 701 2104 habet
711 2076 819 2111 socios,
836 2076 882 2104 vel
893 2077 1016 2104 comites

195 2128 355 2161 salutando
369 2125 440 2154 dicit
454 2132 460 2150 :
478 2133 493 2149 ‹
506 2124 565 2150 Pax
579 2121 676 2150 vobis.
691 2132 705 2146 »
727 2121 873 2149 Omnibus
894 2121 924 2149 in
941 2122 1017 2154 Qua-
1035 2139 1056 2166 ὓ

195 2171 388 2210 dragesimali
397 2172 531 2204 tempore
543 2166 690 2198 Sabbatis,
700 2167 727 2193 et
738 2166 898 2193 Dominicis
911 2165 1018 2194 diebus

196 2221 305 2250 missas
318 2214 478 2246 celebrant,
490 2214 518 2240 et
529 2210 717 2239 Dominicum
725 2217 835 2246 corpus
845 2210 1017 2238 conﬁciunt.

197 2262 326 2299 Reliquis
341 2267 409 2287 vero
417 2265 486 2286 cum
499 2255 596 2291 major
607 2254 754 2283 incumbit
767 2255 940 2289 necessitas,
952 2255 1020 2282 mis-

197 2317 299 2339 sarum
310 2303 510 2335 solemnitates
521 2308 644 2337 prorsus
654 2299 841 2331 abdicantes,
851 2299 1021 2336 prtesancti-

197 2353 293 2384 ﬂcatis
303 2352 436 2379 utuntur.
450 2349 480 2374 In
491 2344 731 2379 Quadragesima
744 2343 860 2372 silentio
871 2352 1023 2372 commen-

199 2401 289 2429 dant:
306 2397 383 2424 Deus
392 2392 546 2423 Dominus,
559 2393 585 2417 et
597 2389 698 2417 illuxit
710 2389 795 2416 nobis
812 2389 846 2421 ³⁵,
860 2389 944 2425 quod
960 2389 1024 2418 reli-

198 2444 266 2480 quis
277 2440 349 2470 anni
359 2435 545 2473 temporibus
554 2433 724 2461 decantant.
735 2433 910 2477 Sacerdotes
919 2442 1024 2461 eorum

198 2477 283 2519 more
295 2483 430 2516 Judaico,
445 2479 620 2516 promittunt
634 2477 756 2509 barbas,
765 2484 833 2513 quae
840 2480 911 2505 sunt
925 2479 1024 2506 Domi-

200 2535 268 2563 nico
293 2528 451 2564 sanguine,
472 2531 540 2552 cum
566 2521 605 2550 ab
624 2521 679 2548 illis
707 2520 831 2556 bibitur,
859 2522 1023 2550 madentes.

238 2620 259 2636 δι
279 2617 346 2644 Luc.
361 2620 421 2644 xw,
442 2610 485 2638 33.
525 2607 570 2635 “1
586 2607 650 2634 Cor.
664 2613 704 2641 x1,
723 2606 763 2633 14.
803 2607 827 2623 ³³
851 2608 950 2636 IPetr.
973 2616 1013 2642 ιιι,
1034 2609 1065 2637 3.

202 2663 243 2688 ιν,
263 2655 278 2680 5
315 2651 336 2668 ³⁷
364 2649 447 2676 lCor.
468 2652 499 2677 ιι,
518 2645 560 2672 14.

239 2723 297 2762 (38)
310 2719 437 2750 Secandi
450 2724 555 2746 venas.

1045 164 1207 191 comedunt
1220 164 1334 200 laqueis
1350 166 1570 200 strangulatos,
1599 169 1634 194 et
1659 165 1751 192 alias
1783 171 1875 192 aves,
1904 165 1933 189 et

1045 208 1183 236 intestina
1197 210 1343 243 sanguine
1354 212 1477 245 porcino
1493 211 1690 248 implentes,
1713 216 1779 245 pro
1805 207 1929 235 deliciis

1046 256 1215 285 vescuntur,
1229 257 1333 281 contra
1345 256 1553 290 apostolorum
1574 256 1736 283 decreta.
1762 252 1931 286 Sanguine

1045 297 1178 325 humano
1193 306 1301 334 porcos
1319 299 1413 330 alunt,
1433 301 1485 336 qui
1512 304 1622 328 artem
1656 297 1842 326 minuendi
1870 298 1929 329 (38)

1045 346 1191 370 exercent.
1209 344 1282 370 Cum
1297 344 1335 371 ad
1353 351 1504 373 mortuum
1529 343 1778 381 sepeliendum
1814 349 1931 369 conve‘

1047 387 1141 420 niunt,
1156 387 1217 414 noti
1227 388 1316 415 amici
1327 391 1356 416 et
1366 389 1485 423 cognati
1499 389 1717 419 accedentes,
1729 388 1758 414 ei
1773 386 1928 414 osculum

1047 432 1463 469 praestantsingulijanquam
1478 433 1645 462 licentiam
1655 431 1848 468 accepturi,
1865 439 1929 457 mo-

1047 483 1283 511 repaganorum,
1303 477 1400 512 quiad
1425 481 1556 505 mortuos
1571 476 1811 505 intendebant
1829 475 1927 502 verba

1048 521 1111 548 hinc
1122 531 1135 544 ‹‹
1149 519 1310 552 Vade,cum
1322 525 1463 550 naturate
1474 522 1636 550 vocaverit
1651 527 1862 556 ;seqtuemur
1871 523 1925 547 te.»

1050 565 1198 592 Misturam
1210 566 1364 599 sanguinis
1384 567 1566 601 prohibitam
1581 575 1603 594 a
1623 567 1757 594 sanctis
1774 565 1925 592 Patribus

1050 609 1288 644 faciuntjugitcr.
1299 611 1371 638 Nam
1384 611 1553 638 consobrini
1561 610 1801 638 consobrinas
1811 617 1923 636 uxores

1051 654 1174 681 ducunt.
1193 654 1223 680 ln
1249 654 1430 690 baptizaudo
1452 659 1558 691 praeter
1578 655 1774 683 Salvatoris
1807 661 1924 689 prece—

1053 701 1137 734 ptum
1147 698 1412 736 apostolorumque
1423 700 1708 734 consuetudinem,
1719 699 1791 726 duo
1804 698 1921 726 faciunt

1053 743 1181 770 multum
1203 743 1419 778 superstitiosa.
1435 745 1531 772 Unum
1546 745 1704 780 quidem,
1732 743 1827 780 quod
1852 743 1919 770 oleo

1054 795 1106 823 per
1129 790 1233 821 totum,
1256 788 1470 823 baptizandum
1496 790 1648 824 perungit
1675 789 1847 821 sacerdos,
1881 795 1916 814 ne

1054 840 1140 868 aquas
1156 831 1283 859 tinctura
1294 832 1375 860 illum
1387 834 1535 869 pertingat
1547 841 1553 864 ς
1566 833 1717 861 alterum
1729 840 1816 866 vero,
1831 832 1915 868 quod

1055 884 1165 911 aquam
1173 877 1522 905 lierimandantcalidam
1530 877 1735 905 infantulum
1744 885 1916 914 perpurga-

1058 925 1172 948 turam:
1186 921 1269 956 quod
1279 928 1388 957 neque,
1399 922 1531 950 Christus
1551 929 1662 958 neque
1679 921 1804 958 aliquis
1829 921 1917 948 disci»

1058 965 1198 1002 pulcrum
1214 965 1318 993 fecisse
1331 966 1454 1001 legitur:
1469 974 1562 1002 quare
1573 966 1643 994 duo
1656 967 1862 1002 baptismate.
1874 966 1914 994 fa-

1060 1011 1150 1044 ciunt,
1171 1018 1240 1037 cum
1254 1011 1398 1046 scriptum
1423 1011 1478 1038 sit:
1502 1011 1583 1039 Unus
1611 1012 1791 1045 Dominus,
1820 1018 1914 1038 unum

1061 1056 1220 1089 baptisma,
1234 1063 1297 1083 una
1307 1055 1380 1089 ﬁdes
1389 1056 1425 1082 ³ο.

1098 1101 1215 1128 Frustra
1228 1099 1352 1135 quidem
1373 1103 1504 1134 arguunt
1521 1101 1646 1129 Latinos
1675 1101 1790 1133 Graeci,
1824 1107 1911 1136 aqua:

1061 1152 1235 1180 causaque:
1246 1152 1299 1180 per
1312 1145 1375 1172 dies
1391 1145 1561 1173 Dominicos
1578 1145 1610 1173 in
1625 1145 1776 1173 ecclesiis
1790 1144 1831 1173 ad
1845 1152 1910 1171 san-

1062 1189 1254 1218 ctlﬁcandum
1266 1189 1414 1225 populum
1429 1189 1673 1222 benedicuntur;
1694 1197 1773 1217 cum
1799 1189 1824 1216 si
1847 1189 1908 1215 haec

1062 1233 1151 1269 culpa
1161 1233 1207 1268 sit,
1225 1233 1283 1268 ipsi
1297 1233 1498 1268 multiplitciter
1511 1233 1551 1260 rei
1579 1234 1654 1261 sint.
1682 1235 1764 1261 Nam
1798 1231 1906 1266 singuli

1062 1278 1186 1314 papyris
1196 1277 1262 1305 oleo
1269 1277 1482 1312 lampadarum
1492 1277 1670 1306 ardentium
1679 1285 1792 1306 coram
1799 1276 1904 1310 imagi-

1063 1322 1152 1350 nibus
1163 1325 1335 1350 sanctorum
1347 1322 1485 1354 intinctis,
1497 1321 1612 1350 frontes
1624 1330 1704 1350 suas
1716 1323 1901 1358 perungunt,

1063 1370 1092 1394 et
1103 1374 1183 1402 aqua
1195 1369 1407 1401 seaspergunt,
1425 1374 1444 1394 a
1463 1366 1595 1402 reliquiis
1618 1369 1806 1395 sanctorum
1836 1372 1901 1392 con-

1064 1413 1159 1443 tacta;
1173 1413 1201 1438 et
1212 1410 1242 1438 in
1253 1410 1379 1445 singulis
1389 1410 1529 1438 Kalendis
1539 1410 1779 1446 diligentissime
1787 1417 1899 1445 aquam

1066 1455 1261 1483 sanctiﬁcant.
1285 1455 1329 1483 Ad
1350 1463 1443 1491 quam
1458 1455 1633 1490 tollendam,
1652 1455 1696 1483 de
1722 1454 1834 1482 vicinia
1857 1461 1900 1480 ve-

1070 1501 1182 1528 nientes
1197 1502 1286 1535 atque
1300 1502 1487 1535 asportantes
1501 1500 1532 1527 in
1541 1500 1655 1528 domos
1672 1507 1761 1533 suas,
1782 1507 1845 1527 non
1858 1505 1900 1525 so-

1070 1545 1133 1572 lum
1146 1545 1202 1580 ipsi
1217 1547 1390 1580 aspergunt,
1406 1544 1459 1571 sed
1474 1544 1573 1571 verius
1593 1544 1747 1572 delibant.
1769 1541 1899 1579 Apostoli

1070 1589 1335 1625 apostolorumque
1359 1596 1547 1616 successores
1569 1596 1700 1624 prorsus
1717 1588 1810 1616 etiam
1833 1594 1898 1614 cum

1069 1642 1159 1662 uxore
1170 1634 1258 1667 coire,
1266 1641 1303 1660 ne
1313 1633 1517 1661 sacerdotium
1527 1633 1710 1668 polluerent,
1721 1632 1894 1662 omiserunt;

1068 1679 1160 1706 Graeci
1175 1686 1245 1706 vero
1260 1677 1438 1710 sacerdotes,
1454 1677 1601 1705 derelictis
1614 1680 1799 1706 sanctorum
1814 1675 1894 1703 vesti-

1067 1723 1132 1758 giis,
1145 1727 1176 1750 ut
1192 1722 1346 1757 animales,
1364 1722 1573 1750 contrahentes
1588 1721 1891 1752 matrimonium,non

1065 1768 1236 1802 percipiunt
1245 1774 1278 1794 ea
1289 1774 1355 1802 quae
1364 1767 1419 1794 Dei
1428 1770 1494 1794 sunt
1505 1767 1539 1791 ³⁷.
1555 1767 1588 1794 Et
1597 1767 1686 1802 quod
1708 1763 1892 1794 abominabi-

1067 1813 1123 1840 lius
1137 1815 1189 1843 est.
1204 1820 1222 1840 a
1249 1811 1412 1839 concubitu
1438 1811 1569 1839 mulieris
1596 1814 1769 1847 surgentes,
1790 1811 1890 1837 sancta

1067 1857 1226 1893 profanant
1238 1855 1391 1891 mysteria,
1407 1863 1474 1891 quae
1487 1855 1615 1891 pollutos
1630 1859 1660 1884 et
1679 1857 1814 1883 recenter
1826 1859 1890 1880 cum

1068 1900 1243 1929 mulieribus
1258 1900 1469 1936 coinquinatos
1487 1900 1569 1928 nullo
1599 1900 1694 1928 modo
1723 1898 1888 1927 admittunt.

1070 1945 1218 1974 Christum
1231 1945 1330 1972 minus
1340 1952 1438 1980 posse,
1448 1952 1540 1980 quam
1556 1946 1646 1982 κῦριον
1675 1945 1795 1980 putant.
1821 1942 1888 1969 Nam

1069 1999 1106 2018 ex
1120 1990 1177 2017 hoc
1201 1989 1323 2025 probari
1345 1991 1451 2024 potest,
1465 1988 1546 2024 quod
1563 1989 1678 2017 Christe
1693 1989 1799 2016 eleison
1820 1991 1887 2013 nun-

1069 2042 1162 2071 quam
1173 2033 1350 2061 concinunt:
1363 2034 1450 2067 Kyrie
1457 2033 1565 2061 eleison
1574 2031 1815 2069 frequentissime
1824 2036 1885 2057 can-

1072 2082 1135 2107 tant
1149 2078 1178 2106 in
1190 2077 1296 2105 ofﬁciis
1312 2077 1382 2104 suis.
1401 2077 1534 2104 Praelatio
1549 2077 1708 2105 sacerdotii
1733 2074 1812 2112 apud
1840 2079 1884 2100 eos

1072 2128 1187 2152 tantum
1202 2123 1277 2150 inter
1296 2122 1462 2150 monachOs
1485 2129 1550 2149 esse
1576 2122 1703 2150 videtur.
1730 2120 1788 2149 Soli
1813 2118 1882 2146 enim

1071 2167 1212 2196 monachi
1228 2169 1404 2203 potestatem
1420 2166 1556 2194 solvendi
1576 2169 1666 2202 atque
1679 2164 1790 2200 ligandi
1809 2168 1882 2190 exer-

1072 2215 1220 2248 centque
1234 2213 1325 2243 Petro,
1347 2211 1480 2246 Patrique
1500 2210 1724 2238 successoribus
1743 2207 1881 2245 principa-

1073 2258 1137 2285 liter
1150 2259 1195 2284 est
1208 2256 1324 2284 tradita.
1338 2256 1402 2288 Qua
1412 2255 1450 2283 de
1464 2263 1558 2283 causa
1585 2255 1720 2283 studium
1742 2251 1881 2287 singulare

1074 2302 1209 2338 pecuniae
1217 2300 1386 2328 sacerdotes
1396 2300 1427 2327 in
1435 2300 1601 2328 monastico
1607 2300 1711 2328 habitu
1718 2297 1879 2326 constitutos

1075 2345 1291 2382 complectitur,
1299 2344 1528 2380 multaqueinde
1536 2344 1671 2372 facinora
1683 2342 1838 2380 proﬂuunt,
1855 2339 1883 2365 ut

1077 2392 1256 2418 evanescant
1265 2389 1294 2416 in
1307 2389 1540 2423 cogitationibus
1554 2389 1618 2416 suis
1641 2391 1670 2416 et
1683 2381 1881 2421 redargutioni-

1077 2435 1136 2463 bus
1147 2435 1209 2462 suis
1221 2436 1332 2461 truces.
1346 2434 1421 2460 Nam
1435 2432 1562 2469 quodin
1578 2441 1690 2469 magno
1715 2424 1883 2460 Constantini

1079 2478 1188 2515 palatio
1203 2477 1428 2513 diligentissime
1440 2477 1628 2509 observatur.
1644 2478 1698 2505 hoc
1717 2475 1824 2504 Latinos
1845 2470 1880 2515 fa-

1080 2513 1188 2551 cientes
1203 2524 1422 2556 coarguunt.ln
1440 2521 1572 2550 Ecclesia
1585 2521 1686 2558 utique
1705 2519 1770 2548 dicti
1782 2513 1879 2554 palatii,

1105 2607 1130 2625 “
1147 2607 1246 2637 Matth.
1274 2614 1334 2640 xm,
1353 2608 1378 2634 6.
1418 2607 1442 2623 ³⁵
1465 2605 1540 2634 Psal.
1570 2613 1656 2640 cxvn,
1673 2607 1716 2633 27.
1751 2603 1772 2620 ³³
1788 2599 1880 2637 Ephes-
