1944 3084
25 93 64 119 549
729 90 867 119 CONTRA

886 90 1042 119 GRAECOS.
1665 94 1718 121 550

24 153 63 180 ubi
75 154 183 180 sancta:
194 153 388 180 constituunt
409 152 551 189 reliquiie,
572 155 682 180 sanctse
693 152 743 180 Dei
758 153 841 180 Geni-
854 155 877 182 A
893 153 991 180 carnis
1006 152 1152 180 edulium.
1166 153 1269 181 Omnis
1284 153 1374 185 enim,
1390 153 1442 188 qui
1453 153 1482 181 in
1492 154 1574 189 regia
1583 154 1658 182 urbe
1677 154 1715 182 de

25 198 87 224 tricis
100 197 201 232 imago
219 199 293 232 post
309 197 399 224 altare
417 197 482 228 sita,
496 205 591 233 quam
602 197 736 233 quodam
747 197 842 224 excel-

25 242 103 269 lentiae
120 241 283 277 privilegio
299 244 405 268 secant
419 241 576 269 dominam
597 241 707 268 domus
721 250 727 273 ;
743 242 841 269 statim

26 296 39 313 ει
48 286 132 321 capite
142 286 254 320 jejunii
269 286 303 313 in
317 286 449 313 conclavi
465 286 612 313 clauditur
621 294 715 321 usque
727 286 766 313 ad
781 294 844 313 ma-

27 339 102 363 gnum
115 330 412 366 Sabliatum,panno
436 330 514 358 illius
536 333 628 366 portis
656 330 842 366 operiuntur,

27 375 140 403 similiter
151 378 261 402 autem
276 376 373 402 sancti
387 375 546 406 mantellis,
567 376 723 411 sanctique
751 375 843 402 Kora-

27 420 93 447 midii
102 420 155 453 (39)
167 420 267 453 locos,
283 420 526 453 Quadragesimae
538 423 682 456 tempore,
696 428 794 456 usque
804 419 841 448 ad

26 465 84 492 illud
103 465 279 492 Sabbatum
308 464 507 492 velaminibus
528 467 621 492 tectos
648 465 842 497 custodiunt;

28 512 119 536 sanctae
135 510 182 537 Dei
212 510 373 537 Genitricis
395 509 569 544 imaginem,
589 512 620 537 ut
644 509 720 536 ﬁlios
744 513 844 545 partu-

28 554 275 590 riatcompellant,
303 562 399 590 eaque
423 554 581 581 mediante.
603 554 701 589 ipsam
725 554 842 581 Domini

28 600 136 630 Matrem,
151 601 183 625 ut
206 601 381 625 commater
395 598 455 629 ﬁat,
472 601 639 631 accersunt,
662 598 719 625 hoc
738 598 839 625 modo.

28 642 131 676 lmagini
147 641 315 669 sindonem
325 645 513 674 connectunt,
531 645 562 669 ut
576 641 756 676 baptizatum
769 649 840 677 pue-

28 694 79 713 rum
92 686 126 713 de
138 694 236 714 manu
253 686 433 719 sacerdotis,
445 686 513 721 ipsa
529 689 560 713 ut
574 688 740 713 commater
764 686 839 713 acci-

28 730 82 765 piat.
93 732 187 763 Quam
199 731 452 766 superstitionem
469 739 485 757 a
501 739 532 757 se
546 729 609 758 ﬁeri
620 738 758 758 sermone
773 738 840 766 pro-

28 776 136 804 ﬁtentur.
149 775 208 803 Sed
223 775 305 811 quid
318 775 574 811 imagoloquatur,
591 777 642 802 aut
654 774 744 801 fidem
751 782 841 810 spon-

27 819 140 854 deatpro
154 827 261 855 puero,
276 823 329 847 aut
345 819 547 847 testimonium
561 819 667 846 reddat
688 818 839 854 baptismi,
855 823 875 850 Β

29 864 71 891 nisi
86 864 174 892 Deum
191 867 382 895 contemnat,
395 864 462 900 quis
476 864 587 892 audeat
601 871 733 891 asserere
746 863 759 891 εν
774 863 842 890 Nul-

29 908 74 935 lam
87 909 311 945 superstitionis
337 909 467 945 speciem
491 908 623 936 volentes
649 908 792 942 omittere,
817 910 846 936 et

31 953 96 980 vivos
106 953 212 982 fratres
228 953 380 982 habentes
393 953 472 986 odio,
487 955 607 981 sanctos
616 960 669 989 per
685 961 757 980 suas
770 952 844 980 ima-

30 996 213 1031 ginesinvitos
229 997 293 1025 sibi
314 997 420 1026 fratres
445 997 566 1025 faciunt.
593 997 648 1029 Qui
673 997 753 1024 enim
783 1004 844 1024 non

31 1041 105 1076 diligit
114 1042 237 1070 fratrem
252 1050 454 1077 suum,quem
469 1041 555 1074 videt,
567 1041 767 1076 Deum,quem
781 1048 843 1068 non

31 1084 147 1118 intuetur,
159 1093 264 1122 neque
276 1085 441 1120 cognoscit,
456 1085 612 1121 quomodo
620 1084 739 1119 diliget?
750 1084 843 1118 Magis

32 1132 112 1157 autem
122 1138 191 1158 cum
203 1131 278 1158 ﬁcta
289 1133 318 1158 et
328 1129 468 1158 simulata.
478 1131 522 1157 est
532 1131 561 1157 et
574 1129 692 1156 inunita
709 1128 843 1156 fraterni-

33 1176 66 1201 las
77 1174 261 1210 huiusmodi,
279 1182 338 1202 aere
351 1174 526 1202 conducunt
545 1173 743 1205 sacerdotem,
773 1181 843 1201 cum

33 1218 53 1244 in
71 1218 191 1246 Ecclesia
209 1221 353 1247 cantatur
372 1218 484 1251 missa;
506 1217 670 1246 funduntur
694 1225 748 1253 pro
762 1225 843 1244 exse-

35 1262 117 1290 crabili
131 1263 322 1291 fraternitate
336 1271 439 1299 preces
469 1270 530 1290 non
545 1262 752 1290 exaudiendae.
777 1262 844 1289 Ani-

36 1306 104 1333 malis
119 1308 198 1335 enim
214 1310 262 1335 est
281 1307 458 1342 hujusmodi
474 1306 652 1338 fraternitas,
673 1314 734 1334 non
759 1305 844 1342 spiri-

36 1349 104 1378 tualis
114 1371 120 1377 .
138 1351 219 1380 Cerei
228 1351 270 1380 ad
286 1351 386 1379 minus
396 1350 677 1383 accendunturduo,
692 1353 720 1377 et
735 1357 844 1386 perun-

36 1394 95 1425 gitur
107 1395 170 1423 oleo
184 1396 278 1424 ﬁctus
307 1395 406 1428 frater,
436 1399 462 1424 et
488 1398 624 1423 sanctam
657 1394 846 1430 amplectitur

37 1439 187 1474 imaginem,
202 1449 301 1477 quam
315 1443 459 1468 ausus‘est
472 1440 569 1468 dicere
583 1440 716 1471 fratrem;
732 1440 783 1474 qui
794 1439 844 1466 ho-

38 1484 125 1512 micida
141 1493 206 1514 esse
217 1485 418 1518 convincitur,
433 1493 503 1512 cum
516 1484 621 1512 fratres
632 1492 703 1512 suos
715 1484 845 1511 viventes
861 1495 880 1521 ρ

39 1527 91 1556 odio
104 1529 212 1558 habeat
230 1551 236 1557 .

64 1573 269 1603 Contradicunt
286 1574 400 1602 Christo
416 1575 560 1610 patenter,
577 1576 605 1600 et
620 1580 710 1608 super
721 1572 845 1600 sanctis-

42 1616 102 1644 rimo
116 1617 191 1646 illius
200 1627 330 1655 corpore
340 1618 440 1647 verbis
450 1617 651 1654 operibusque
667 1619 826 1644 occursant
839 1636 845 1642 .

40 1661 171 1691 Namcum
195 1664 262 1700 ipse
280 1671 455 1699 azymorum
484 1662 571 1698 panis
599 1662 697 1697 specie
726 1668 847 1689 carnem

42 1712 110 1734 suam
123 1707 283 1744 discipulis
296 1707 410 1735 dederit
420 1708 449 1735 hi
460 1709 598 1734 asserunt
611 1713 733 1741 azymos
755 1713 849 1741 panes

41 1748 62 1775 in
74 1758 184 1780 carnem
199 1761 264 1780 non
281 1760 368 1788 posse
388 1751 521 1779 converti
534 1758 587 1787 per
597 1749 848 1777 benedictionem.

43 1793 93 1824 Qua
105 1803 137 1823 ex
151 1805 191 1832 re,
207 1797 391 1825 sacramenti
419 1795 552 1831 corporis
583 1794 698 1822 Domini
732 1794 849 1821 Latinos

44 1837 110 1867 aiunt
122 1844 257 1877 expertes
276 1861 282 1867 .
300 1840 356 1869 Sed
371 1848 388 1868 ο
405 1839 568 1874 Pelagiana
583 1838 776 1866 incredulitas
791 1838 796 1864 Σ
825 1837 849 1864 si

43 1888 89 1909 non
99 1885 196 1913 credas
213 1885 352 1915 Latinum
376 1884 564 1912 sacerdotem
584 1883 772 1910 incruentam
796 1881 848 1909 im—

44 1926 136 1956 molare
147 1929 289 1962 hostiam,
306 1929 452 1957 conficere
468 1935 578 1964 corpus
594 1926 710 1962 Christi,
736 1926 849 1954 hiereti~

44 1978 83 1997 cus
95 1980 122 1999 es
136 1995 141 2000 .
154 1975 227 2002 Nam
243 1974 330 2002 multi
340 1982 394 2010 per
408 1974 506 2008 ipsam
522 1971 760 2000 immolationem
782 1978 848 1998 san-

44 2015 187 2046 ctiﬁcantur
229 2026 285 2055 per
319 2026 449 2055 quorum
474 2016 615 2052 reliquias
637 2015 747 2051 jugiter
773 2014 849 2042 fiunt

45 2059 176 2090 miracula.
199 2064 313 2091 Rursus
337 2062 362 2090 si
377 2062 482 2094 credis,
499 2061 659 2089 hereticus.
680 2061 754 2087 Nam
769 2059 848 2087 dete-

46 2105 114 2132 staris
122 2107 201 2142 quod
215 2107 346 2135 Ecclesia
357 2107 527 2134 Latinorum
540 2104 660 2133 conﬁcit
671 2112 781 2140 corpus
795 2105 847 2131 Do-

47 2148 166 2178 minicum
184 2161 190 2184 ;
213 2155 242 2180 et
263 2152 360 2188 potius
380 2151 425 2178 vis
444 2151 475 2178 in
495 2154 572 2178 sorte
591 2148 675 2177 Judte
699 2148 848 2194 traditoris
862 2167 885 2194 Β

48 2197 325 2233 annumerariguam
340 2195 419 2223 illius
429 2194 614 2222 sanctissimi
628 2193 761 2228 corporis
777 2201 848 2229 par-

48 2233 146 2270 ticipare
163 2246 169 2271 ;
185 2239 237 2266 sed
267 2238 417 2266 attendere
432 2236 522 2264 debet
549 2235 744 2268 Christianus,
766 2235 849 2271 quod

49 2278 108 2307 Sicut
121 2282 183 2310 vina
195 2283 316 2311 diversa
335 2282 460 2310 verbum
484 2281 533 2308 Dei
549 2281 578 2308 in
593 2279 792 2314 sanguinem,
809 2280 850 2307 ita

49 2328 124 2354 Panes
133 2334 252 2362 azymos
262 2330 289 2355 et
303 2326 507 2356 fermentatos,
519 2332 580 2352 non
594 2324 669 2352 adeo
680 2323 851 2351 differentes

50 2372 218 2400 Permutatio
233 2380 354 2400 carnem
372 2393 377 2398 .
398 2371 425 2399 Si
448 2370 522 2398 forte
550 2369 669 2396 Latinus
698 2368 850 2402 sacerdos,

49 2414 165 2446 ‘luodvix
175 2417 350 2452 permittitur
364 2416 394 2444 in
412 2414 547 2443 Ecclesiis
565 2421 679 2446 eorum,
699 2413 853 2441 Dominica

50 2464 162 2496 Peragat,
181 2463 298 2490 Graecus
313 2469 374 2489 non
388 2460 445 2488 nisi
461 2459 563 2487 abluto
579 2458 664 2486 altari
679 2458 791 2485 ibidem
807 2464 855 2486 αι·

51 2498 138 2533 lebrat.
151 2506 282 2539 Ulterius,
303 2505 424 2534 Latinus
444 2511 514 2531 cum
534 2504 636 2531 Graeca
654 2502 779 2529 muliere
799 2510 853 2530 vo-

52 2544 101 2575 lens
113 2551 326 2580 matrimonium
338 2548 525 2579 contrahere,
536 2548 708 2583 juramento
722 2546 853 2582 compel-

53 2590 238 2624 liturdeserere
253 2595 496 2624 communionem
513 2600 610 2624 suam,
631 2591 852 2620 confessionem

57 2643 135 2674 suam,
148 2637 736 2677 baptismum,jejuniumSabbatorum,et
749 2636 853 2664 Christi

84 2739 131 2776 (59)
145 2743 231 2773 Locus
244 2744 411 2780 corruptus.

893 197 1034 224 fratribus
1049 199 1218 225 Graecorum
1234 205 1357 224 uxorem
1366 197 1457 229 ducit,
1465 198 1572 233 scripto
1588 198 1718 233 spondet

891 242 1064 277 juramento
1074 242 1157 278 quod
1167 242 1275 270 deinde
1284 250 1344 270 non
1360 242 1556 270 manducabit
1564 243 1593 270 in
1602 243 1717 278 azymis

895 294 1016 313 carnem
1033 287 1160 317 Domini,
1178 294 1231 313 nec
1240 286 1318 313 ﬁlios
1333 287 1501 314 secundum
1519 287 1608 314 ritum
1631 286 1719 314 faciet

895 330 1050 366 baptizari,
1066 338 1162 366 neque
1178 331 1325 358 sacerdoti
1357 332 1457 358 Latino
1486 334 1609 366 peccata
1628 330 1719 358 conﬁ-

896 374 1014 407 tebitur,
1027 382 1125 411 neque
1135 376 1164 402 in
1179 375 1310 403 Sabbato
1322 375 1472 410 jcjunabit
1489 378 1595 410 praeter
1623 382 1719 403 unum

897 419 1006 454 solum,
1017 427 1114 455 neque
1121 427 1206 446 nona
1213 419 1615 454 DominicaQuadragesimte
1623 427 1719 454 usque

897 464 935 491 ad
950 464 1066 491 Pascha
1082 466 1217 491 Vescetur
1231 464 1385 492 carnibus.

931 509 1102 536 Graecorum
1117 508 1288 536 sacerdotes
1300 508 1442 536 omnibus
1458 508 1557 536 modis
1582 508 1720 536 laborant

896 552 1052 580 ostendere
1072 552 1139 588 plus
1152 552 1236 580 factis
1250 561 1344 588 quam
1357 552 1455 582 dictis,
1469 551 1553 588 quod
1577 552 1720 580 inviolata.

895 597 970 624 ﬁdes
980 599 1180 625 sacrosanctae
1192 598 1334 625 Romanis
1351 596 1489 624 Ecclesiae
1498 596 1578 624 irrita
1589 597 1634 624 sit.
1645 598 1720 624 Nam

893 649 1106 678 quemcunque
1125 641 1257 669 Latinum
1283 641 1339 669 sibi
1362 641 1513 669 associant
1536 649 1590 677 per
1616 641 1719 675 ﬁdem,

893 687 955 714 sive
964 686 1099 719 latenter,
1118 686 1180 713 sive
1205 689 1340 721 patenter
1355 686 1520 721 baptizant.
1543 685 1625 714 Unde
1648 685 1722 714 Lati-

893 739 1002 759 norum
1016 731 1103 765 ﬁlios,
1128 729 1332 759 mediantibus
1359 729 1516 762 matribus,
1539 729 1609 758 dicti
1624 737 1721 757 sacer-

893 777 988 804 dotes,
1005 775 1142 811 patribus
1158 774 1368 807 nescientibus,
1383 773 1577 809 rebaptizant,
1588 774 1721 810 baptiza-

894 823 941 848 tos
948 820 1009 855 jam
1019 819 1188 847 secundum
1194 819 1284 846 ritum
1293 818 1568 850 Latinorum.Quod
1579 818 1721 846 omnibus

896 865 983 893 dictis
998 872 1091 900 supra
1106 863 1383 892 abominationibus
1395 862 1598 891 detestabilius
1611 865 1664 891 est.
1681 864 1722 891 Ex

896 909 994 937 indice
1004 909 1062 936 hoc
1078 908 1222 936 mellitum
1247 907 1293 935 lac
1307 908 1384 935 inter
1403 910 1526 935 caeteras
1551 908 1721 936 Graecorum

898 953 1129 981 consuetudines
1149 954 1299 988 repertum
1312 952 1447 987 expressi
1460 960 1466 979 :
1487 955 1518 980 ut
1533 959 1603 979 cum
1617 959 1653 980 eo
1663 951 1721 987 ipsi

898 1001 1018 1034 pectora
1026 996 1227 1034 purgaverint,
1242 1000 1286 1024 ter
1290 995 1421 1032 plurium
1432 995 1602 1024 animarum
1611 1003 1641 1023 se
1650 1003 1721 1023 reos

897 1044 1124 1078 recognoscant.

1109 1114 1151 1142 De
1169 1113 1305 1141 conciliis
1319 1112 1518 1148 generalibus.

932 1179 1154 1214 Consequenter
1180 1178 1249 1213 post
1269 1175 1412 1212 pradicta
1434 1175 1598 1204 videndum
1616 1177 1662 1204 est
1683 1175 1722 1204 de

897 1222 1030 1250 conciliis
1050 1221 1240 1257 generalibus
1272 1223 1301 1248 et
1320 1219 1561 1256 particularibUS,
1588 1219 1722 1248 videlicet

899 1267 962 1299 ubi,
972 1266 1107 1302 quanio,
1118 1269 1146 1293 et
1156 1273 1174 1293 a
1183 1265 1303 1301 quibus,
1321 1268 1349 1292 et
1360 1272 1414 1300 pro
1425 1263 1535 1300 quibus
1547 1264 1646 1292 causis
1659 1263 1722 1292 fue-

899 1314 968 1338 runt
978 1310 1145 1338 celebrata:
1162 1310 1290 1338 etetiam
1303 1309 1355 1345 qui
1370 1309 1438 1341 sint,
1467 1308 1519 1345 qui
1547 1308 1632 1336 dictis
1653 1316 1722 1337 con-

899 1356 973 1384 ciliis
990 1356 1109 1383 fuerunt
1121 1354 1322 1383 condemnati.

936 1400 1106 1434 Sciendum,
1121 1399 1204 1435 quod
1219 1398 1285 1426 licet
1305 1400 1419 1434 septem
1434 1397 1480 1426 vel
1504 1400 1570 1426 octo
1586 1397 1723 1426 dicantur

899 1445 1025 1473 concilia
1049 1444 1131 1480 apud
1158 1443 1306 1479 sapientes
1331 1443 1512 1476 Graecorum,
1539 1442 1569 1469 in
1584 1442 1660 1470 libro
1670 1442 1723 1478 qui

898 1490 1090 1518 Nomoranon
1109 1487 1226 1520 dicitur,
1236 1487 1404 1514 invenimus
1412 1486 1652 1523 tamenquinque
1660 1489 1725 1515 tan-

900 1537 963 1562 tum
982 1541 1019 1561 ex
1032 1533 1106 1569 ipsis
1122 1540 1190 1568 quae
1201 1530 1352 1567 generalia
1365 1530 1515 1558 habentur
1537 1530 1673 1566 concilia,
1695 1534 1724 1559 et

900 1586 961 1606 non
978 1578 1074 1614 plura,
1090 1579 1119 1605 et
1132 1576 1201 1604 ideo
1215 1575 1375 1610 contigisse
1390 1575 1526 1608 credunt,
1549 1574 1632 1610 quod
1661 1582 1723 1603 non

901 1622 1066 1651 intercessit
1080 1622 1111 1649 in
1121 1621 1163 1649 eis
1174 1619 1322 1656 pontiﬁcis
1349 1619 1475 1647 Romani
1498 1619 1659 1647 auctoritas
1672 1627 1679 1652 ;
1695 1621 1725 1648 et

901 1667 1034 1704 episcopi
1048 1674 1109 1694 non
1122 1665 1241 1693 fuerunt
1256 1663 1462 1692 universaliter
1475 1663 1564 1698 citati,
1586 1662 1633 1690 vel
1645 1665 1724 1691 certe

901 1711 974 1748 quia
984 1719 1044 1739 non
1060 1709 1218 1738 ediderunt
1232 1716 1372 1743 canones,
1389 1707 1458 1735 ﬁdei
1473 1707 1641 1735 doctrinam
1655 1715 1725 1735 con-

904 1757 1039 1789 tinentes,
1051 1756 1103 1783 sed
1118 1753 1328 1782 tantummodo
1343 1752 1393 1780 illa
1402 1760 1469 1788 quae
1487 1751 1526 1779 ad
1535 1752 1726 1780 honestatem

903 1803 932 1829 et
942 1809 1040 1829 mores
1051 1799 1184 1828 Ecclesiae
1198 1798 1394 1834 pertinebant.
1423 1797 1530 1824 Verum
1556 1797 1617 1824 sive
1639 1804 1726 1832 gene-

903 1845 988 1880 ralia,
1011 1845 1073 1872 sive
1102 1842 1304 1880 particularia,
1334 1841 1381 1869 vel
1403 1849 1585 1877 quocunque
1604 1841 1727 1869 nomine

904 1893 1092 1921 censeantur,
1107 1891 1217 1916 cuncta
1231 1891 1342 1921 tamen,
1366 1894 1435 1922 quae
1447 1886 1478 1913 in
1503 1885 1576 1921 ipsis
1601 1885 1728 1913 ﬁdeliter

903 1937 987 1969 gesta
1001 1937 1080 1968 sunt,
1097 1932 1296 1961 communiter
1320 1934 1389 1958 sunt
1403 1932 1522 1966 recepta
1552 1938 1558 1956 :
1574 1932 1602 1957 et
1623 1937 1728 1957 eorum

903 1979 1073 2011 auctoritas,
1085 1981 1147 2006 tam
1163 1978 1192 2005 in
1208 1977 1333 2011 negotiis
1344 1975 1424 2009 ﬁdei,
1440 1983 1534 2011 quam
1546 1975 1577 2002 in
1585 1974 1660 2008 aliis,
1676 1982 1727 2010 pa-

903 2031 966 2051 rem
979 2023 1091 2051 obtinet
1106 2021 1286 2049 firmitatem.

903 2097 945 2124 De
955 2095 1056 2130 prima
1069 2096 1175 2121 sancta
1188 2095 1214 2120 et
1228 2092 1394 2120 universali
1403 2091 1516 2127 synodo
1523 2091 1662 2124 Nicena;
1677 2090 1727 2118 ho—

936 2139 1070 2167 mousion
1089 2138 1202 2165 Filium
1215 2137 1303 2164 Patri
1316 2137 1429 2171 deﬁnit,
1448 2143 1550 2164 verum
1578 2135 1673 2163 Deum
1700 2137 1729 2163 et

940 2184 1096 2214 hominem,
1108 2184 1269 2209 creatorem
1280 2181 1422 2213 omnium,
1434 2188 1495 2208 non
1508 2182 1692 2208 creaturam.

941 2246 1038 2274 Prima
1056 2244 1145 2280 igitur
1164 2246 1268 2271 sancta
1291 2245 1320 2271 et
1343 2242 1519 2270 universalis
1548 2242 1684 2278 synodus
1699 2241 1730 2270 in

907 2291 1058 2328 provincia
1074 2288 1224 2325 Bithyniae.
1242 2287 1357 2315 civitate
1372 2287 1480 2318 Nictea,
1497 2289 1630 2323 tempore
1657 2287 1729 2314 Con-

907 2334 1028 2364 stantini
1042 2334 1138 2369 Magni
1153 2331 1305 2368 principis,
1317 2339 1409 2367 quem
1425 2331 1516 2358 Graeci
1532 2331 1562 2358 in
1588 2330 1730 2366 Catalogo

909 2382 1082 2409 sanctorum
1097 2379 1267 2409 numerant,
1282 2375 1339 2403 sub
1350 2375 1524 2403 beatissimo
1534 2382 1616 2411 papa
1632 2374 1731 2410 Sylve-

909 2429 978 2460 stro,
991 2424 1043 2452 ubi
1062 2422 1193 2451 interfuit
1215 2420 1300 2449 Osius
1329 2420 1488 2456 episcopus
1517 2418 1672 2451 Corduba,
1702 2420 1732 2446 et

909 2470 1004 2498 Victor
1017 2469 1054 2497 de
1068 2468 1162 2501 Italia,
1176 2466 1278 2493 vicarii
1287 2464 1402 2493 domini
1413 2465 1509 2500 Papae,
1524 2463 1730 2498 Metrophanes

909 2514 1151 2550 archiepiscopus
1161 2508 1519 2546 Constantinopolitanus,
1529 2510 1556 2536 et
1564 2506 1731 2535 Alexander

910 2558 1079 2596 patriarcha
1091 2555 1317 2588 Alexandrinus,
1332 2553 1501 2582 Eustathius
1517 2551 1730 2583 Antiochenus,

908 2603 1052 2632 Macarius
1068 2599 1363 2636 Hierosolymitanus.
1392 2598 1523 2625 Fuerunt
1546 2598 1647 2624 autem
1660 2602 1731 2622 cum

907 2649 970 2677 istis
978 2650 1006 2676 et
1020 2647 1070 2676 alii
1085 2648 1185 2674 Patres
1194 2644 1298 2678 sancti,
1322 2650 1447 2671 numero
1476 2640 1596 2670 trecenti
1608 2641 1636 2668 et
1663 2641 1730 2668 octo

908 2695 937 2722 et
946 2692 1060 2721 decem.

939 2737 1148 2766 Convenerunt
1161 2737 1264 2764 autem
1277 2735 1383 2762 contra
1390 2732 1494 2761 Arium
1518 2738 1598 2760 vana
1612 2729 1732 2767 sapien-
