  <div class='ocr_page' id='page_1' title='image "/cluster/home/n/w/nwhite01/storage/ocr_20150623/140/njp.32101010942850/309.png"; bbox 0 0 1944 3084; ppageno 0'>
   <div class='ocr_carea' id='block_1_1' title="bbox 195 91 1010 128">
    <p class='ocr_par' dir='ltr' id='par_1_1' title="bbox 195 91 1010 127">
     <span class='ocr_line' id='line_1_1' title="bbox 195 91 1010 127; baseline 0.001 -2"><span class='ocrx_word' id='word_1_1' title='bbox 195 121 197 125; x_wconf 24' lang='grc' dir='ltr'><em>Α</em></span> <span class='ocrx_word' id='word_1_2' title='bbox 206 91 252 127; x_wconf 66' lang='lat'>551</span> <span class='ocrx_word' id='word_1_3' title='bbox 819 95 1010 126; x_wconf 75' lang='lat' dir='ltr'>PANTALEOI</span> 
     </span>
    </p>
   </div>
   <div class='ocr_carea' id='block_1_2' title="bbox 1095 91 1290 128">
    <p class='ocr_par' dir='ltr' id='par_1_2' title="bbox 1095 91 1290 128">
     <span class='ocr_line' id='line_1_2' title="bbox 1095 91 1290 128; baseline -0.005 -1"><span class='ocrx_word' id='word_1_4' title='bbox 1095 91 1219 127; x_wconf 64' lang='lat' dir='ltr'>tlACONl</span> <span class='ocrx_word' id='word_1_5' title='bbox 1238 99 1290 128; x_wconf 80' lang='grc' dir='ltr'>ΟΡ.</span> 
     </span>
    </p>
   </div>
   <div class='ocr_carea' id='block_1_3' title="bbox 1855 104 1908 131">
    <p class='ocr_par' dir='ltr' id='par_1_3' title="bbox 1855 104 1908 131">
     <span class='ocr_line' id='line_1_3' title="bbox 1855 104 1908 131; baseline 0.019 -1"><span class='ocrx_word' id='word_1_6' title='bbox 1855 104 1908 131; x_wconf 72' lang='lat'>552</span> 
     </span>
    </p>
   </div>
   <div class='ocr_carea' id='block_1_4' title="bbox 203 158 1910 200">
    <p class='ocr_par' dir='ltr' id='par_1_4' title="bbox 203 158 1910 200">
     <span class='ocr_line' id='line_1_4' title="bbox 203 158 1910 200; baseline 0.002 -12"><span class='ocrx_word' id='word_1_7' title='bbox 203 162 273 196; x_wconf 88' lang='lat' dir='ltr'>tem,</span> <span class='ocrx_word' id='word_1_8' title='bbox 296 160 348 197; x_wconf 90' lang='lat' dir='ltr'>qui</span> <span class='ocrx_word' id='word_1_9' title='bbox 373 160 428 188; x_wconf 83' lang='lat' dir='ltr'>fuit</span> <span class='ocrx_word' id='word_1_10' title='bbox 446 161 517 188; x_wconf 90' lang='lat' dir='ltr'>tunc</span> <span class='ocrx_word' id='word_1_11' title='bbox 542 158 685 193; x_wconf 89' lang='lat' dir='ltr'>temporis</span> <span class='ocrx_word' id='word_1_12' title='bbox 713 158 869 195; x_wconf 83' lang='lat' dir='ltr'>presbyter</span> <span class='ocrx_word' id='word_1_13' title='bbox 890 160 1027 188; x_wconf 81' lang='lat' dir='ltr'>Ecclesiae</span> <span class='ocrx_word' id='word_1_14' title='bbox 1042 173 1066 200; x_wconf 75' lang='grc' dir='ltr'><strong>Α</strong></span> <span class='ocrx_word' id='word_1_15' title='bbox 1081 160 1199 189; x_wconf 88' lang='lat' dir='ltr'>tellectu</span> <span class='ocrx_word' id='word_1_16' title='bbox 1216 160 1352 190; x_wconf 89' lang='lat' dir='ltr'>humano</span> <span class='ocrx_word' id='word_1_17' title='bbox 1371 163 1400 190; x_wconf 87' lang='lat' dir='ltr'>et</span> <span class='ocrx_word' id='word_1_18' title='bbox 1417 161 1447 190; x_wconf 90' lang='lat' dir='ltr'>in</span> <span class='ocrx_word' id='word_1_19' title='bbox 1470 162 1566 190; x_wconf 89' lang='lat' dir='ltr'>morte</span> <span class='ocrx_word' id='word_1_20' title='bbox 1590 162 1724 198; x_wconf 84' lang='lat' dir='ltr'>corporis</span> <span class='ocrx_word' id='word_1_21' title='bbox 1756 171 1910 192; x_wconf 87' lang='lat' dir='ltr'>commor-</span> 
     </span>
    </p>
   </div>
   <div class='ocr_carea' id='block_1_5' title="bbox 202 203 1028 240">
    <p class='ocr_par' dir='ltr' id='par_1_5' title="bbox 202 203 1028 240">
     <span class='ocr_line' id='line_1_5' title="bbox 202 203 1028 240; baseline 0.001 -8"><span class='ocrx_word' id='word_1_22' title='bbox 202 204 418 233; x_wconf 63' lang='lat' dir='ltr'>Alexandrinai.</span> <span class='ocrx_word' id='word_1_23' title='bbox 437 204 487 232; x_wconf 86' lang='lat' dir='ltr'>Hic</span> <span class='ocrx_word' id='word_1_24' title='bbox 501 203 625 240; x_wconf 88' lang='lat' dir='ltr'>quidem</span> <span class='ocrx_word' id='word_1_25' title='bbox 641 203 725 231; x_wconf 89' lang='lat' dir='ltr'>Arius</span> <span class='ocrx_word' id='word_1_26' title='bbox 734 203 957 239; x_wconf 87' lang='lat' dir='ltr'>hlasphemavit</span> <span class='ocrx_word' id='word_1_27' title='bbox 973 206 1028 233; x_wconf 87' lang='lat' dir='ltr'>Do-</span> 
     </span>
    </p>
   </div>
   <div class='ocr_carea' id='block_1_6' title="bbox 202 249 1026 281">
    <p class='ocr_par' dir='ltr' id='par_1_6' title="bbox 202 249 1026 281">
     <span class='ocr_line' id='line_1_6' title="bbox 202 249 1026 281; baseline 0.001 -5"><span class='ocrx_word' id='word_1_28' title='bbox 202 249 319 276; x_wconf 90' lang='lat' dir='ltr'>minum</span> <span class='ocrx_word' id='word_1_29' title='bbox 334 251 470 276; x_wconf 89' lang='lat' dir='ltr'>nostrum</span> <span class='ocrx_word' id='word_1_30' title='bbox 485 249 597 281; x_wconf 77' lang='lat' dir='ltr'>Jesum,</span> <span class='ocrx_word' id='word_1_31' title='bbox 628 249 721 275; x_wconf 87' lang='lat' dir='ltr'>Deum</span> <span class='ocrx_word' id='word_1_32' title='bbox 747 255 863 277; x_wconf 87' lang='lat' dir='ltr'>verum.</span> <span class='ocrx_word' id='word_1_33' title='bbox 885 250 1026 277; x_wconf 89' lang='lat' dir='ltr'>etverum</span> 
     </span>
    </p>
   </div>
   <div class='ocr_carea' id='block_1_7' title="bbox 201 292 1023 321">
    <p class='ocr_par' dir='ltr' id='par_1_7' title="bbox 201 292 1023 321">
     <span class='ocr_line' id='line_1_7' title="bbox 201 292 1023 321; baseline 0.001 -1"><span class='ocrx_word' id='word_1_34' title='bbox 201 292 366 321; x_wconf 82' lang='lat' dir='ltr'>hominem.</span> <span class='ocrx_word' id='word_1_35' title='bbox 396 292 516 321; x_wconf 87' lang='lat' dir='ltr'>Dicebat</span> <span class='ocrx_word' id='word_1_36' title='bbox 539 292 619 320; x_wconf 88' lang='lat' dir='ltr'>enim</span> <span class='ocrx_word' id='word_1_37' title='bbox 646 292 733 319; x_wconf 91' lang='lat' dir='ltr'>illum</span> <span class='ocrx_word' id='word_1_38' title='bbox 757 299 822 319; x_wconf 89' lang='lat' dir='ltr'>esse</span> <span class='ocrx_word' id='word_1_39' title='bbox 847 295 1023 321; x_wconf 78' lang='lat' dir='ltr'>creaturam.</span> 
     </span>
    </p>
   </div>
   <div class='ocr_carea' id='block_1_8' title="bbox 201 335 1026 372">
    <p class='ocr_par' dir='ltr' id='par_1_8' title="bbox 201 335 1026 372">
     <span class='ocr_line' id='line_1_8' title="bbox 201 335 1026 372; baseline 0.001 -8"><span class='ocrx_word' id='word_1_40' title='bbox 201 336 270 364; x_wconf 88' lang='lat' dir='ltr'>Ideo</span> <span class='ocrx_word' id='word_1_41' title='bbox 285 336 406 372; x_wconf 89' lang='lat' dir='ltr'>impius,</span> <span class='ocrx_word' id='word_1_42' title='bbox 431 339 459 365; x_wconf 89' lang='lat' dir='ltr'>et</span> <span class='ocrx_word' id='word_1_43' title='bbox 481 335 769 365; x_wconf 79' lang='lat' dir='ltr'>consubstantialem</span> <span class='ocrx_word' id='word_1_44' title='bbox 787 337 846 364; x_wconf 89' lang='lat' dir='ltr'>Deo</span> <span class='ocrx_word' id='word_1_45' title='bbox 873 337 949 365; x_wconf 85' lang='lat' dir='ltr'>Patri</span> <span class='ocrx_word' id='word_1_46' title='bbox 970 345 1026 366; x_wconf 88' lang='lat' dir='ltr'>nee</span> 
     </span>
    </p>
   </div>
   <div class='ocr_carea' id='block_1_9' title="bbox 200 380 1025 418">
    <p class='ocr_par' dir='ltr' id='par_1_9' title="bbox 200 380 1025 418">
     <span class='ocr_line' id='line_1_9' title="bbox 200 380 1025 418; baseline 0.001 -9"><span class='ocrx_word' id='word_1_47' title='bbox 200 389 335 418; x_wconf 78' lang='lat' dir='ltr'>unquam</span> <span class='ocrx_word' id='word_1_48' title='bbox 350 381 492 414; x_wconf 83' lang='lat' dir='ltr'>conﬁteri,</span> <span class='ocrx_word' id='word_1_49' title='bbox 503 389 558 409; x_wconf 87' lang='lat' dir='ltr'>nec</span> <span class='ocrx_word' id='word_1_50' title='bbox 571 380 760 409; x_wconf 86' lang='lat' dir='ltr'>considerare</span> <span class='ocrx_word' id='word_1_51' title='bbox 770 389 839 408; x_wconf 89' lang='lat' dir='ltr'>cum</span> <span class='ocrx_word' id='word_1_52' title='bbox 850 381 915 409; x_wconf 90' lang='lat' dir='ltr'>aliis</span> <span class='ocrx_word' id='word_1_53' title='bbox 923 382 1025 410; x_wconf 86' lang='lat' dir='ltr'>catho-</span> 
     </span>
    </p>
   </div>
   <div class='ocr_carea' id='block_1_10' title="bbox 199 416 1024 459">
    <p class='ocr_par' dir='ltr' id='par_1_10' title="bbox 199 416 1024 459">
     <span class='ocr_line' id='line_1_10' title="bbox 199 416 1024 459; baseline 0 -5"><span class='ocrx_word' id='word_1_54' title='bbox 199 416 262 454; x_wconf 66' lang='lat' dir='ltr'>licis</span> <span class='ocrx_word' id='word_1_55' title='bbox 276 425 348 453; x_wconf 87' lang='lat' dir='ltr'>viris</span> <span class='ocrx_word' id='word_1_56' title='bbox 368 425 477 459; x_wconf 83' lang='lat' dir='ltr'>voluit;</span> <span class='ocrx_word' id='word_1_57' title='bbox 503 434 572 454; x_wconf 91' lang='lat' dir='ltr'>cum</span> <span class='ocrx_word' id='word_1_58' title='bbox 601 426 657 453; x_wconf 83' lang='lat' dir='ltr'>ista</span> <span class='ocrx_word' id='word_1_59' title='bbox 680 425 830 454; x_wconf 84' lang='lat' dir='ltr'>confessio</span> <span class='ocrx_word' id='word_1_60' title='bbox 854 427 1024 454; x_wconf 83' lang='lat' dir='ltr'>communis</span> 
     </span>
    </p>
   </div>
   <div class='ocr_carea' id='block_1_11' title="bbox 200 470 1023 508">
    <p class='ocr_par' dir='ltr' id='par_1_11' title="bbox 200 470 1023 508">
     <span class='ocr_line' id='line_1_11' title="bbox 200 470 1023 508; baseline 0.002 -10"><span class='ocrx_word' id='word_1_61' title='bbox 200 472 277 499; x_wconf 83' lang='lat' dir='ltr'>esset</span> <span class='ocrx_word' id='word_1_62' title='bbox 295 471 446 504; x_wconf 87' lang='lat' dir='ltr'>omnibus,</span> <span class='ocrx_word' id='word_1_63' title='bbox 462 471 578 499; x_wconf 89' lang='lat' dir='ltr'>cunctis</span> <span class='ocrx_word' id='word_1_64' title='bbox 602 470 775 507; x_wconf 69' lang='lat' dir='ltr'>praedicata,</span> <span class='ocrx_word' id='word_1_65' title='bbox 804 470 914 499; x_wconf 89' lang='lat' dir='ltr'>scilicet</span> <span class='ocrx_word' id='word_1_66' title='bbox 940 472 1023 508; x_wconf 87' lang='lat' dir='ltr'>quod</span> 
     </span>
    </p>
   </div>
   <div class='ocr_carea' id='block_1_12' title="bbox 198 515 1023 551">
    <p class='ocr_par' dir='ltr' id='par_1_12' title="bbox 198 515 1023 551">
     <span class='ocr_line' id='line_1_12' title="bbox 198 515 1023 551; baseline 0.002 -9"><span class='ocrx_word' id='word_1_67' title='bbox 198 515 297 543; x_wconf 91' lang='lat' dir='ltr'>omnis</span> <span class='ocrx_word' id='word_1_68' title='bbox 309 515 388 543; x_wconf 81' lang='lat' dir='ltr'>ﬁlius</span> <span class='ocrx_word' id='word_1_69' title='bbox 399 515 535 550; x_wconf 88' lang='lat' dir='ltr'>ejusdem</span> <span class='ocrx_word' id='word_1_70' title='bbox 562 517 677 544; x_wconf 65' lang='lat' dir='ltr'>natura:</span> <span class='ocrx_word' id='word_1_71' title='bbox 699 515 738 543; x_wconf 91' lang='lat' dir='ltr'>sit</span> <span class='ocrx_word' id='word_1_72' title='bbox 763 523 832 542; x_wconf 92' lang='lat' dir='ltr'>cum</span> <span class='ocrx_word' id='word_1_73' title='bbox 852 515 983 551; x_wconf 82' lang='lat' dir='ltr'>genitore</span> <span class='ocrx_word' id='word_1_74' title='bbox 994 518 1023 544; x_wconf 90' lang='lat' dir='ltr'>et</span> 
     </span>
    </p>
   </div>
   <div class='ocr_carea' id='block_1_13' title="bbox 198 559 1019 596">
    <p class='ocr_par' dir='ltr' id='par_1_13' title="bbox 198 559 1019 596">
     <span class='ocr_line' id='line_1_13' title="bbox 198 559 1019 596; baseline 0.001 -9"><span class='ocrx_word' id='word_1_75' title='bbox 198 559 388 595; x_wconf 78' lang='lat' dir='ltr'>substantiae;</span> <span class='ocrx_word' id='word_1_76' title='bbox 401 562 438 594; x_wconf 87' lang='lat' dir='ltr'>et,</span> <span class='ocrx_word' id='word_1_77' title='bbox 455 559 507 596; x_wconf 91' lang='lat' dir='ltr'><strong>qui</strong></span> <span class='ocrx_word' id='word_1_78' title='bbox 522 559 626 587; x_wconf 76' lang='lat' dir='ltr'>Filium</span> <span class='ocrx_word' id='word_1_79' title='bbox 636 559 714 587; x_wconf 87' lang='lat' dir='ltr'>inter</span> <span class='ocrx_word' id='word_1_80' title='bbox 735 562 886 587; x_wconf 87' lang='lat' dir='ltr'>creaturas</span> <span class='ocrx_word' id='word_1_81' title='bbox 897 568 1019 596; x_wconf 88' lang='lat' dir='ltr'>compu-</span> 
     </span>
    </p>
   </div>
   <div class='ocr_carea' id='block_1_14' title="bbox 197 604 1019 637">
    <p class='ocr_par' dir='ltr' id='par_1_14' title="bbox 197 604 1019 637">
     <span class='ocr_line' id='line_1_14' title="bbox 197 604 1019 637; baseline 0.001 -6"><span class='ocrx_word' id='word_1_82' title='bbox 197 606 248 637; x_wconf 90' lang='lat' dir='ltr'>tat,</span> <span class='ocrx_word' id='word_1_83' title='bbox 264 604 301 631; x_wconf 90' lang='lat' dir='ltr'>de</span> <span class='ocrx_word' id='word_1_84' title='bbox 320 604 493 632; x_wconf 82' lang='lat' dir='ltr'>necessitate</span> <span class='ocrx_word' id='word_1_85' title='bbox 504 604 592 632; x_wconf 81' lang='lat' dir='ltr'>etiam</span> <span class='ocrx_word' id='word_1_86' title='bbox 608 605 723 632; x_wconf 80' lang='lat' dir='ltr'>Patrem</span> <span class='ocrx_word' id='word_1_87' title='bbox 735 606 903 632; x_wconf 77' lang='lat' dir='ltr'>creaturam</span> <span class='ocrx_word' id='word_1_88' title='bbox 929 605 1019 632; x_wconf 27' lang='lat' dir='ltr'>contis</span> 
     </span>
    </p>
   </div>
   <div class='ocr_carea' id='block_1_15' title="bbox 196 648 1018 684">
    <p class='ocr_par' dir='ltr' id='par_1_15' title="bbox 196 648 1018 684">
     <span class='ocr_line' id='line_1_15' title="bbox 196 648 1018 684; baseline 0.001 -8"><span class='ocrx_word' id='word_1_89' title='bbox 196 650 284 677; x_wconf 89' lang='lat' dir='ltr'>tetur.</span> <span class='ocrx_word' id='word_1_90' title='bbox 300 648 393 680; x_wconf 87' lang='lat' dir='ltr'>Unde,</span> <span class='ocrx_word' id='word_1_91' title='bbox 420 648 501 676; x_wconf 90' lang='lat' dir='ltr'>hunc</span> <span class='ocrx_word' id='word_1_92' title='bbox 520 651 667 684; x_wconf 87' lang='lat' dir='ltr'>tanquam</span> <span class='ocrx_word' id='word_1_93' title='bbox 694 648 849 676; x_wconf 85' lang='lat' dir='ltr'>inimicum</span> <span class='ocrx_word' id='word_1_94' title='bbox 877 649 1018 683; x_wconf 78' lang='lat' dir='ltr'>veritatis,</span> 
     </span>
    </p>
   </div>
   <div class='ocr_carea' id='block_1_16' title="bbox 196 692 1019 729">
    <p class='ocr_par' dir='ltr' id='par_1_16' title="bbox 196 692 1019 729">
     <span class='ocr_line' id='line_1_16' title="bbox 196 692 1019 729; baseline 0.002 -9"><span class='ocrx_word' id='word_1_95' title='bbox 196 693 286 722; x_wconf 84' lang='lat' dir='ltr'><strong>simul</strong></span> <span class='ocrx_word' id='word_1_96' title='bbox 300 693 442 726; x_wconf 88' lang='lat' dir='ltr'>cumillis,</span> <span class='ocrx_word' id='word_1_97' title='bbox 464 693 515 729; x_wconf 89' lang='lat' dir='ltr'>qui</span> <span class='ocrx_word' id='word_1_98' title='bbox 530 693 610 721; x_wconf 91' lang='lat' dir='ltr'>idem</span> <span class='ocrx_word' id='word_1_99' title='bbox 629 692 797 728; x_wconf 86' lang='lat' dir='ltr'>sapiebant,</span> <span class='ocrx_word' id='word_1_100' title='bbox 824 693 1019 722; x_wconf 49' lang='lat' dir='ltr'>anathemati.</span> 
     </span>
    </p>
   </div>
   <div class='ocr_carea' id='block_1_17' title="bbox 196 737 1019 773">
    <p class='ocr_par' dir='ltr' id='par_1_17' title="bbox 196 737 1019 773">
     <span class='ocr_line' id='line_1_17' title="bbox 196 737 1019 773; baseline 0 -7"><span class='ocrx_word' id='word_1_101' title='bbox 196 740 305 771; x_wconf 87' lang='lat' dir='ltr'>zantes,</span> <span class='ocrx_word' id='word_1_102' title='bbox 318 737 356 766; x_wconf 85' lang='lat' dir='ltr'>ab</span> <span class='ocrx_word' id='word_1_103' title='bbox 372 737 501 766; x_wconf 88' lang='lat' dir='ltr'>Ecclesia</span> <span class='ocrx_word' id='word_1_104' title='bbox 515 738 676 773; x_wconf 86' lang='lat' dir='ltr'>ejecerunt,</span> <span class='ocrx_word' id='word_1_105' title='bbox 692 737 750 765; x_wconf 91' lang='lat' dir='ltr'>hoc</span> <span class='ocrx_word' id='word_1_106' title='bbox 773 739 828 773; x_wconf 86' lang='lat' dir='ltr'>est,</span> <span class='ocrx_word' id='word_1_107' title='bbox 856 738 1019 766; x_wconf 88' lang='lat' dir='ltr'>Eusebium</span> 
     </span>
    </p>
   </div>
   <div class='ocr_carea' id='block_1_18' title="bbox 196 781 1018 816">
    <p class='ocr_par' dir='ltr' id='par_1_18' title="bbox 196 781 1018 816">
     <span class='ocr_line' id='line_1_18' title="bbox 196 781 1018 816; baseline 0 -6"><span class='ocrx_word' id='word_1_108' title='bbox 196 782 385 816; x_wconf 61' lang='lat' dir='ltr'>Nicomediae,</span> <span class='ocrx_word' id='word_1_109' title='bbox 414 782 593 810; x_wconf 88' lang='lat' dir='ltr'>Eunomium</span> <span class='ocrx_word' id='word_1_110' title='bbox 613 784 641 810; x_wconf 88' lang='lat' dir='ltr'>et</span> <span class='ocrx_word' id='word_1_111' title='bbox 655 781 871 810; x_wconf 84' lang='lat' dir='ltr'>Macedonium.</span> <span class='ocrx_word' id='word_1_112' title='bbox 888 782 923 810; x_wconf 88' lang='lat' dir='ltr'>Hi</span> <span class='ocrx_word' id='word_1_113' title='bbox 939 783 1018 810; x_wconf 87' lang='lat' dir='ltr'>enim</span> 
     </span>
    </p>
   </div>
   <div class='ocr_carea' id='block_1_19' title="bbox 196 825 1020 863">
    <p class='ocr_par' dir='ltr' id='par_1_19' title="bbox 196 825 1020 863">
     <span class='ocr_line' id='line_1_19' title="bbox 196 825 1020 863; baseline 0.001 -9"><span class='ocrx_word' id='word_1_114' title='bbox 196 826 335 863; x_wconf 87' lang='lat' dir='ltr'>quamvis</span> <span class='ocrx_word' id='word_1_115' title='bbox 345 827 376 854; x_wconf 89' lang='lat' dir='ltr'>iu</span> <span class='ocrx_word' id='word_1_116' title='bbox 390 825 572 856; x_wconf 87' lang='lat' dir='ltr'>dictionibus</span> <span class='ocrx_word' id='word_1_117' title='bbox 597 827 657 854; x_wconf 84' lang='lat' dir='ltr'><strong>suis</strong></span> <span class='ocrx_word' id='word_1_118' title='bbox 683 825 845 859; x_wconf 76' lang='lat' dir='ltr'>differrent,</span> <span class='ocrx_word' id='word_1_119' title='bbox 870 828 971 855; x_wconf 83' lang='lat' dir='ltr'>tamen</span> <span class='ocrx_word' id='word_1_120' title='bbox 989 829 1020 855; x_wconf 92' lang='lat' dir='ltr'>ut</span> 
     </span>
    </p>
   </div>
   <div class='ocr_carea' id='block_1_20' title="bbox 196 870 1019 910">
    <p class='ocr_par' dir='ltr' id='par_1_20' title="bbox 196 870 1019 910">
     <span class='ocr_line' id='line_1_20' title="bbox 196 870 1019 910; baseline 0.001 -11"><span class='ocrx_word' id='word_1_121' title='bbox 196 871 282 899; x_wconf 77' lang='lat' dir='ltr'>Arius</span> <span class='ocrx_word' id='word_1_122' title='bbox 302 880 320 900; x_wconf 90' lang='lat' dir='ltr'>a</span> <span class='ocrx_word' id='word_1_123' title='bbox 345 871 467 900; x_wconf 86' lang='lat' dir='ltr'>veritate</span> <span class='ocrx_word' id='word_1_124' title='bbox 494 871 678 910; x_wconf 79' lang='lat' dir='ltr'>exciderunt.</span> <span class='ocrx_word' id='word_1_125' title='bbox 694 870 896 900; x_wconf 79' lang='lat' dir='ltr'>Orthodoxam</span> <span class='ocrx_word' id='word_1_126' title='bbox 919 875 1019 900; x_wconf 86' lang='lat' dir='ltr'>autem</span> 
     </span>
    </p>
   </div>
   <div class='ocr_carea' id='block_1_21' title="bbox 195 915 1019 949">
    <p class='ocr_par' dir='ltr' id='par_1_21' title="bbox 195 915 1019 949">
     <span class='ocr_line' id='line_1_21' title="bbox 195 915 1019 949; baseline 0.001 -6"><span class='ocrx_word' id='word_1_127' title='bbox 195 915 287 944; x_wconf 88' lang='lat' dir='ltr'>ﬁdem</span> <span class='ocrx_word' id='word_1_128' title='bbox 299 915 562 949; x_wconf 88' lang='lat' dir='ltr'>conﬁrmaverunt,</span> <span class='ocrx_word' id='word_1_129' title='bbox 579 915 865 944; x_wconf 82' lang='lat' dir='ltr'>consubstantialem</span> <span class='ocrx_word' id='word_1_130' title='bbox 886 916 963 944; x_wconf 87' lang='lat' dir='ltr'>Patri</span> <span class='ocrx_word' id='word_1_131' title='bbox 978 916 1019 944; x_wconf 80' lang='lat' dir='ltr'>Fi-</span> 
     </span>
    </p>
   </div>
   <div class='ocr_carea' id='block_1_22' title="bbox 194 960 1019 996">
    <p class='ocr_par' dir='ltr' id='par_1_22' title="bbox 194 960 1019 996">
     <span class='ocr_line' id='line_1_22' title="bbox 194 960 1019 996; baseline 0 -8"><span class='ocrx_word' id='word_1_132' title='bbox 194 960 267 988; x_wconf 91' lang='lat' dir='ltr'>lium</span> <span class='ocrx_word' id='word_1_133' title='bbox 283 960 497 988; x_wconf 87' lang='lat' dir='ltr'>conﬁrmantes</span> <span class='ocrx_word' id='word_1_134' title='bbox 512 962 540 988; x_wconf 91' lang='lat' dir='ltr'>et</span> <span class='ocrx_word' id='word_1_135' title='bbox 555 960 765 996; x_wconf 64' lang='lat' dir='ltr'>praedicantes,</span> <span class='ocrx_word' id='word_1_136' title='bbox 792 963 1019 996; x_wconf 86' lang='lat' dir='ltr'>creatoremque</span> 
     </span>
    </p>
   </div>
   <div class='ocr_carea' id='block_1_23' title="bbox 194 1004 1018 1039">
    <p class='ocr_par' dir='ltr' id='par_1_23' title="bbox 194 1004 1018 1039">
     <span class='ocr_line' id='line_1_23' title="bbox 194 1004 1018 1039; baseline 0.001 -7"><span class='ocrx_word' id='word_1_137' title='bbox 194 1005 405 1039; x_wconf 86' lang='lat' dir='ltr'>univcrsitatis,</span> <span class='ocrx_word' id='word_1_138' title='bbox 417 1007 445 1032; x_wconf 90' lang='lat' dir='ltr'>et</span> <span class='ocrx_word' id='word_1_139' title='bbox 456 1012 518 1033; x_wconf 88' lang='lat' dir='ltr'>non</span> <span class='ocrx_word' id='word_1_140' title='bbox 533 1007 713 1038; x_wconf 87' lang='lat' dir='ltr'>creaturam,</span> <span class='ocrx_word' id='word_1_141' title='bbox 727 1004 780 1032; x_wconf 89' lang='lat' dir='ltr'>sed</span> <span class='ocrx_word' id='word_1_142' title='bbox 804 1013 908 1033; x_wconf 88' lang='lat' dir='ltr'>verum</span> <span class='ocrx_word' id='word_1_143' title='bbox 925 1007 1018 1033; x_wconf 89' lang='lat' dir='ltr'>Deum</span> 
     </span>
    </p>
   </div>
   <div class='ocr_carea' id='block_1_24' title="bbox 194 1049 1019 1086">
    <p class='ocr_par' dir='ltr' id='par_1_24' title="bbox 194 1049 1019 1086">
     <span class='ocr_line' id='line_1_24' title="bbox 194 1049 1019 1086; baseline -0.001 -8"><span class='ocrx_word' id='word_1_144' title='bbox 194 1051 222 1078; x_wconf 88' lang='lat' dir='ltr'>et</span> <span class='ocrx_word' id='word_1_145' title='bbox 231 1049 451 1078; x_wconf 73' lang='lat' dir='ltr'>dominatorem</span> <span class='ocrx_word' id='word_1_146' title='bbox 480 1049 523 1086; x_wconf 81' lang='lat' dir='ltr'>[in</span> <span class='ocrx_word' id='word_1_147' title='bbox 539 1049 694 1086; x_wconf 86' lang='lat' dir='ltr'>Symbolo]</span> <span class='ocrx_word' id='word_1_148' title='bbox 710 1049 910 1082; x_wconf 87' lang='lat' dir='ltr'>declararunt,</span> <span class='ocrx_word' id='word_1_149' title='bbox 935 1049 1019 1086; x_wconf 88' lang='lat' dir='ltr'>quod</span> 
     </span>
    </p>
   </div>
   <div class='ocr_carea' id='block_1_25' title="bbox 194 1093 1016 1130">
    <p class='ocr_par' dir='ltr' id='par_1_25' title="bbox 194 1093 1016 1130">
     <span class='ocr_line' id='line_1_25' title="bbox 194 1093 1016 1130; baseline 0.001 -9"><span class='ocrx_word' id='word_1_150' title='bbox 194 1094 251 1129; x_wconf 91' lang='lat' dir='ltr'>ipsi</span> <span class='ocrx_word' id='word_1_151' title='bbox 265 1094 359 1122; x_wconf 86' lang='lat' dir='ltr'>sancti</span> <span class='ocrx_word' id='word_1_152' title='bbox 379 1094 518 1122; x_wconf 87' lang='lat' dir='ltr'>Patresin</span> <span class='ocrx_word' id='word_1_153' title='bbox 545 1093 739 1129; x_wconf 86' lang='lat' dir='ltr'>inspiratione</span> <span class='ocrx_word' id='word_1_154' title='bbox 767 1094 862 1122; x_wconf 83' lang='lat' dir='ltr'>sancti</span> <span class='ocrx_word' id='word_1_155' title='bbox 892 1094 1016 1130; x_wconf 86' lang='lat' dir='ltr'>Spiritus</span> 
     </span>
    </p>
   </div>
   <div class='ocr_carea' id='block_1_26' title="bbox 195 1138 607 1174">
    <p class='ocr_par' dir='ltr' id='par_1_26' title="bbox 195 1138 607 1174">
     <span class='ocr_line' id='line_1_26' title="bbox 195 1138 607 1174; baseline -0.002 -8"><span class='ocrx_word' id='word_1_156' title='bbox 195 1141 266 1166; x_wconf 86' lang='lat' dir='ltr'>tunc</span> <span class='ocrx_word' id='word_1_157' title='bbox 285 1138 426 1174; x_wconf 89' lang='lat' dir='ltr'>temporis</span> <span class='ocrx_word' id='word_1_158' title='bbox 441 1138 607 1166; x_wconf 83' lang='lat' dir='ltr'>ediderunt.</span> 
     </span>
    </p>
   </div>
   <div class='ocr_carea' id='block_1_27' title="bbox 197 1192 1016 1228">
    <p class='ocr_par' dir='ltr' id='par_1_27' title="bbox 197 1192 1016 1228">
     <span class='ocr_line' id='line_1_27' title="bbox 197 1192 1016 1228; baseline 0.001 -8"><span class='ocrx_word' id='word_1_159' title='bbox 197 1193 240 1220; x_wconf 86' lang='lat' dir='ltr'>De</span> <span class='ocrx_word' id='word_1_160' title='bbox 253 1192 383 1221; x_wconf 82' lang='lat' dir='ltr'>secunda</span> <span class='ocrx_word' id='word_1_161' title='bbox 404 1192 528 1227; x_wconf 78' lang='lat' dir='ltr'>synodo.</span> <span class='ocrx_word' id='word_1_162' title='bbox 551 1192 886 1226; x_wconf 77' lang='lat' dir='ltr'>Constantinopolitano</span> <span class='ocrx_word' id='word_1_163' title='bbox 906 1194 1016 1228; x_wconf 74' lang='lat' dir='ltr'>prima,</span> 
     </span>
    </p>
   </div>
   <div class='ocr_carea' id='block_1_28' title="bbox 233 1235 1016 1272">
    <p class='ocr_par' dir='ltr' id='par_1_28' title="bbox 233 1235 1016 1272">
     <span class='ocr_line' id='line_1_28' title="bbox 233 1235 1016 1272; baseline 0.003 -9"><span class='ocrx_word' id='word_1_164' title='bbox 233 1244 299 1272; x_wconf 76' lang='lat' dir='ltr'>quae</span> <span class='ocrx_word' id='word_1_165' title='bbox 306 1236 451 1271; x_wconf 77' lang='lat' dir='ltr'>Spiritum</span> <span class='ocrx_word' id='word_1_166' title='bbox 461 1238 597 1264; x_wconf 80' lang='lat' dir='ltr'>sanctum</span> <span class='ocrx_word' id='word_1_167' title='bbox 608 1235 694 1264; x_wconf 83' lang='lat' dir='ltr'>Patri</span> <span class='ocrx_word' id='word_1_168' title='bbox 697 1239 722 1264; x_wconf 85' lang='lat' dir='ltr'>et</span> <span class='ocrx_word' id='word_1_169' title='bbox 729 1236 808 1264; x_wconf 73' lang='lat' dir='ltr'>Filio</span> <span class='ocrx_word' id='word_1_170' title='bbox 821 1237 1016 1265; x_wconf 82' lang='lat' dir='ltr'>consubstan-</span> 
     </span>
    </p>
   </div>
   <div class='ocr_carea' id='block_1_29' title="bbox 232 1281 537 1315">
    <p class='ocr_par' dir='ltr' id='par_1_29' title="bbox 232 1281 537 1315">
     <span class='ocr_line' id='line_1_29' title="bbox 232 1281 537 1315; baseline 0 -7"><span class='ocrx_word' id='word_1_171' title='bbox 232 1281 333 1309; x_wconf 78' lang='lat' dir='ltr'>tialem</span> <span class='ocrx_word' id='word_1_172' title='bbox 351 1281 537 1315; x_wconf 79' lang='lat' dir='ltr'>pronuntiat.</span> 
     </span>
    </p>
   </div>
   <div class='ocr_carea' id='block_1_30' title="bbox 231 1333 1015 1372">
    <p class='ocr_par' dir='ltr' id='par_1_30' title="bbox 231 1333 1015 1372">
     <span class='ocr_line' id='line_1_30' title="bbox 231 1333 1015 1372; baseline 0.001 -10"><span class='ocrx_word' id='word_1_173' title='bbox 231 1334 368 1363; x_wconf 80' lang='lat' dir='ltr'>Secunda</span> <span class='ocrx_word' id='word_1_174' title='bbox 396 1336 496 1362; x_wconf 87' lang='lat' dir='ltr'>autem</span> <span class='ocrx_word' id='word_1_175' title='bbox 515 1336 618 1362; x_wconf 87' lang='lat' dir='ltr'>sancta</span> <span class='ocrx_word' id='word_1_176' title='bbox 644 1335 672 1362; x_wconf 88' lang='lat' dir='ltr'>et</span> <span class='ocrx_word' id='word_1_177' title='bbox 691 1333 866 1362; x_wconf 81' lang='lat' dir='ltr'>universalis</span> <span class='ocrx_word' id='word_1_178' title='bbox 879 1336 1015 1372; x_wconf 82' lang='lat' dir='ltr'>synodus</span> 
     </span>
    </p>
   </div>
   <div class='ocr_carea' id='block_1_31' title="bbox 194 1378 1016 1414">
    <p class='ocr_par' dir='ltr' id='par_1_31' title="bbox 194 1378 1016 1414">
     <span class='ocr_line' id='line_1_31' title="bbox 194 1378 1016 1414; baseline 0.001 -8"><span class='ocrx_word' id='word_1_179' title='bbox 194 1379 248 1407; x_wconf 84' lang='lat' dir='ltr'>fuit</span> <span class='ocrx_word' id='word_1_180' title='bbox 258 1378 511 1414; x_wconf 89' lang='lat' dir='ltr'>Constantinopoli</span> <span class='ocrx_word' id='word_1_181' title='bbox 517 1381 594 1412; x_wconf 82' lang='lat' dir='ltr'>lana,</span> <span class='ocrx_word' id='word_1_182' title='bbox 604 1381 738 1414; x_wconf 88' lang='lat' dir='ltr'>tempore</span> <span class='ocrx_word' id='word_1_183' title='bbox 748 1380 849 1414; x_wconf 82' lang='lat' dir='ltr'>magni</span> <span class='ocrx_word' id='word_1_184' title='bbox 859 1379 1016 1408; x_wconf 84' lang='lat' dir='ltr'>Theodosii</span> 
     </span>
    </p>
   </div>
   <div class='ocr_carea' id='block_1_32' title="bbox 193 1423 1014 1460">
    <p class='ocr_par' dir='ltr' id='par_1_32' title="bbox 193 1423 1014 1460">
     <span class='ocr_line' id='line_1_32' title="bbox 193 1423 1014 1460; baseline 0.001 -9"><span class='ocrx_word' id='word_1_185' title='bbox 193 1423 390 1460; x_wconf 81' lang='lat' dir='ltr'>imperatoris,</span> <span class='ocrx_word' id='word_1_186' title='bbox 404 1423 460 1451; x_wconf 88' lang='lat' dir='ltr'>sub</span> <span class='ocrx_word' id='word_1_187' title='bbox 471 1425 599 1451; x_wconf 87' lang='lat' dir='ltr'>Damaso</span> <span class='ocrx_word' id='word_1_188' title='bbox 613 1431 705 1459; x_wconf 89' lang='lat' dir='ltr'>papa.</span> <span class='ocrx_word' id='word_1_189' title='bbox 718 1424 772 1451; x_wconf 88' lang='lat' dir='ltr'>Ubi</span> <span class='ocrx_word' id='word_1_190' title='bbox 787 1424 842 1452; x_wconf 82' lang='lat' dir='ltr'><strong>fuit</strong></span> <span class='ocrx_word' id='word_1_191' title='bbox 863 1425 1014 1452; x_wconf 82' lang='lat' dir='ltr'>Nectarius</span> 
     </span>
    </p>
   </div>
   <div class='ocr_carea' id='block_1_33' title="bbox 194 1467 1015 1506">
    <p class='ocr_par' dir='ltr' id='par_1_33' title="bbox 194 1467 1015 1506">
     <span class='ocr_line' id='line_1_33' title="bbox 194 1467 1015 1506; baseline 0.001 -11"><span class='ocrx_word' id='word_1_192' title='bbox 194 1467 328 1504; x_wconf 88' lang='lat' dir='ltr'>ejusdem</span> <span class='ocrx_word' id='word_1_193' title='bbox 343 1467 425 1495; x_wconf 86' lang='lat' dir='ltr'>urbis</span> <span class='ocrx_word' id='word_1_194' title='bbox 441 1468 694 1504; x_wconf 81' lang='lat' dir='ltr'>archiepiscopus,</span> <span class='ocrx_word' id='word_1_195' title='bbox 725 1470 753 1496; x_wconf 90' lang='lat' dir='ltr'>et</span> <span class='ocrx_word' id='word_1_196' title='bbox 767 1469 937 1496; x_wconf 89' lang='lat' dir='ltr'>Timotheus</span> <span class='ocrx_word' id='word_1_197' title='bbox 964 1477 1015 1506; x_wconf 85' lang='lat' dir='ltr'>pa-</span> 
     </span>
    </p>
   </div>
   <div class='ocr_carea' id='block_1_34' title="bbox 191 1506 1013 1550">
    <p class='ocr_par' dir='ltr' id='par_1_34' title="bbox 191 1506 1013 1550">
     <span class='ocr_line' id='line_1_34' title="bbox 191 1506 1013 1550; baseline 0.002 -10"><span class='ocrx_word' id='word_1_198' title='bbox 191 1506 320 1541; x_wconf 80' lang='lat' dir='ltr'>triarcha</span> <span class='ocrx_word' id='word_1_199' title='bbox 340 1513 534 1545; x_wconf 69' lang='lat' dir='ltr'>Alexandrina,</span> <span class='ocrx_word' id='word_1_200' title='bbox 548 1513 677 1540; x_wconf 68' lang='lat' dir='ltr'>)teletius</span> <span class='ocrx_word' id='word_1_201' title='bbox 690 1513 863 1546; x_wconf 67' lang='lat' dir='ltr'>Antiochiae,</span> <span class='ocrx_word' id='word_1_202' title='bbox 877 1514 929 1550; x_wconf 88' lang='lat' dir='ltr'>qui</span> <span class='ocrx_word' id='word_1_203' title='bbox 944 1517 972 1541; x_wconf 86' lang='lat' dir='ltr'>et</span> <span class='ocrx_word' id='word_1_204' title='bbox 984 1514 1013 1542; x_wconf 91' lang='lat' dir='ltr'>in</span> 
     </span>
    </p>
   </div>
   <div class='ocr_carea' id='block_1_35' title="bbox 189 1557 1012 1594">
    <p class='ocr_par' dir='ltr' id='par_1_35' title="bbox 189 1557 1012 1594">
     <span class='ocr_line' id='line_1_35' title="bbox 189 1557 1012 1594; baseline 0.001 -9"><span class='ocrx_word' id='word_1_205' title='bbox 189 1557 257 1594; x_wconf 86' lang='lat' dir='ltr'>ipsa</span> <span class='ocrx_word' id='word_1_206' title='bbox 268 1557 384 1594; x_wconf 88' lang='lat' dir='ltr'>synodo</span> <span class='ocrx_word' id='word_1_207' title='bbox 394 1557 461 1585; x_wconf 67' lang='lat' dir='ltr'>vitae</span> <span class='ocrx_word' id='word_1_208' title='bbox 470 1557 674 1585; x_wconf 84' lang='lat' dir='ltr'>ﬁniitcursum</span> <span class='ocrx_word' id='word_1_209' title='bbox 686 1566 692 1590; x_wconf 87' lang='lat'><strong>;</strong></span> <span class='ocrx_word' id='word_1_210' title='bbox 707 1557 833 1594; x_wconf 83' lang='lat' dir='ltr'>Cyrillus</span> <span class='ocrx_word' id='word_1_211' title='bbox 845 1559 1012 1594; x_wconf 82' lang='lat' dir='ltr'>Hierosoly—</span> 
     </span>
    </p>
   </div>
   <div class='ocr_carea' id='block_1_36' title="bbox 190 1601 1013 1638">
    <p class='ocr_par' dir='ltr' id='par_1_36' title="bbox 190 1601 1013 1638">
     <span class='ocr_line' id='line_1_36' title="bbox 190 1601 1013 1638; baseline 0.001 -9"><span class='ocrx_word' id='word_1_212' title='bbox 190 1610 317 1638; x_wconf 81' lang='lat' dir='ltr'>morum,</span> <span class='ocrx_word' id='word_1_213' title='bbox 339 1601 472 1629; x_wconf 73' lang='lat' dir='ltr'>tlelasius</span> <span class='ocrx_word' id='word_1_214' title='bbox 488 1603 629 1630; x_wconf 62' lang='lat' dir='ltr'>Caesareae</span> <span class='ocrx_word' id='word_1_215' title='bbox 656 1601 829 1637; x_wconf 65' lang='lat' dir='ltr'>l‘almstinze,</span> <span class='ocrx_word' id='word_1_216' title='bbox 856 1603 1013 1638; x_wconf 80' lang='lat' dir='ltr'>Gregorius</span> 
     </span>
    </p>
   </div>
   <div class='ocr_carea' id='block_1_37' title="bbox 189 1646 1011 1683">
    <p class='ocr_par' dir='ltr' id='par_1_37' title="bbox 189 1646 1011 1683">
     <span class='ocr_line' id='line_1_37' title="bbox 189 1646 1011 1683; baseline 0 -8"><span class='ocrx_word' id='word_1_217' title='bbox 189 1648 350 1683; x_wconf 82' lang='lat' dir='ltr'>Nyssenus,</span> <span class='ocrx_word' id='word_1_218' title='bbox 366 1646 524 1681; x_wconf 75' lang='lat' dir='ltr'>Gregorius</span> <span class='ocrx_word' id='word_1_219' title='bbox 535 1646 702 1681; x_wconf 78' lang='lat' dir='ltr'>Thcologus</span> <span class='ocrx_word' id='word_1_220' title='bbox 714 1647 775 1674; x_wconf 89' lang='lat' dir='ltr'>sive</span> <span class='ocrx_word' id='word_1_221' title='bbox 799 1647 1011 1682; x_wconf 83' lang='lat' dir='ltr'>Nazianzenus,</span> 
     </span>
    </p>
   </div>
   <div class='ocr_carea' id='block_1_38' title="bbox 188 1691 1011 1728">
    <p class='ocr_par' dir='ltr' id='par_1_38' title="bbox 188 1691 1011 1728">
     <span class='ocr_line' id='line_1_38' title="bbox 188 1691 1011 1728; baseline 0.001 -9"><span class='ocrx_word' id='word_1_222' title='bbox 188 1692 241 1728; x_wconf 88' lang='lat' dir='ltr'>qui</span> <span class='ocrx_word' id='word_1_223' title='bbox 256 1694 326 1720; x_wconf 88' lang='lat' dir='ltr'>tunc</span> <span class='ocrx_word' id='word_1_224' title='bbox 340 1691 482 1727; x_wconf 84' lang='lat' dir='ltr'>temporis</span> <span class='ocrx_word' id='word_1_225' title='bbox 492 1691 632 1718; x_wconf 88' lang='lat' dir='ltr'>thronum</span> <span class='ocrx_word' id='word_1_226' title='bbox 642 1691 1011 1720; x_wconf 85' lang='lat' dir='ltr'>obtinebatConstantino-</span> 
     </span>
    </p>
   </div>
   <div class='ocr_carea' id='block_1_39' title="bbox 188 1734 1010 1772">
    <p class='ocr_par' dir='ltr' id='par_1_39' title="bbox 188 1734 1010 1772">
     <span class='ocr_line' id='line_1_39' title="bbox 188 1734 1010 1772; baseline 0.001 -9"><span class='ocrx_word' id='word_1_227' title='bbox 188 1736 280 1772; x_wconf 89' lang='lat' dir='ltr'>polis:</span> <span class='ocrx_word' id='word_1_228' title='bbox 301 1735 352 1770; x_wconf 89' lang='lat' dir='ltr'>qui</span> <span class='ocrx_word' id='word_1_229' title='bbox 363 1734 496 1770; x_wconf 80' lang='lat' dir='ltr'>quidem,</span> <span class='ocrx_word' id='word_1_230' title='bbox 512 1734 692 1762; x_wconf 82' lang='lat' dir='ltr'>discessione</span> <span class='ocrx_word' id='word_1_231' title='bbox 704 1735 791 1770; x_wconf 80' lang='lat' dir='ltr'>facta,</span> <span class='ocrx_word' id='word_1_232' title='bbox 807 1735 1010 1764; x_wconf 90' lang='lat' dir='ltr'>voluntariein</span> 
     </span>
    </p>
   </div>
   <div class='ocr_carea' id='block_1_40' title="bbox 187 1778 1008 1815">
    <p class='ocr_par' dir='ltr' id='par_1_40' title="bbox 187 1778 1008 1815">
     <span class='ocr_line' id='line_1_40' title="bbox 187 1778 1008 1815; baseline 0.001 -8"><span class='ocrx_word' id='word_1_233' title='bbox 187 1779 253 1815; x_wconf 83' lang='lat' dir='ltr'>ipsa</span> <span class='ocrx_word' id='word_1_234' title='bbox 262 1779 379 1815; x_wconf 79' lang='lat' dir='ltr'>synodo</span> <span class='ocrx_word' id='word_1_235' title='bbox 389 1778 570 1806; x_wconf 81' lang='lat' dir='ltr'>renuntiavit</span> <span class='ocrx_word' id='word_1_236' title='bbox 580 1779 843 1812; x_wconf 84' lang='lat' dir='ltr'>houori,secedens</span> <span class='ocrx_word' id='word_1_237' title='bbox 856 1780 886 1807; x_wconf 88' lang='lat' dir='ltr'>in</span> <span class='ocrx_word' id='word_1_238' title='bbox 897 1780 1008 1815; x_wconf 84' lang='lat' dir='ltr'>locum,</span> 
     </span>
    </p>
   </div>
   <div class='ocr_carea' id='block_1_41' title="bbox 187 1823 1010 1860">
    <p class='ocr_par' dir='ltr' id='par_1_41' title="bbox 187 1823 1010 1860">
     <span class='ocr_line' id='line_1_41' title="bbox 187 1823 1010 1860; baseline 0.004 -10"><span class='ocrx_word' id='word_1_239' title='bbox 187 1825 238 1860; x_wconf 89' lang='lat' dir='ltr'>qui</span> <span class='ocrx_word' id='word_1_240' title='bbox 252 1823 358 1851; x_wconf 90' lang='lat' dir='ltr'>dicitur</span> <span class='ocrx_word' id='word_1_241' title='bbox 372 1823 561 1851; x_wconf 86' lang='lat' dir='ltr'>Nazianzum.</span> <span class='ocrx_word' id='word_1_242' title='bbox 588 1825 716 1851; x_wconf 81' lang='lat' dir='ltr'>Fuerunt</span> <span class='ocrx_word' id='word_1_243' title='bbox 734 1826 834 1851; x_wconf 84' lang='lat' dir='ltr'>autem</span> <span class='ocrx_word' id='word_1_244' title='bbox 850 1832 918 1852; x_wconf 88' lang='lat' dir='ltr'>cum</span> <span class='ocrx_word' id='word_1_245' title='bbox 946 1825 1010 1853; x_wconf 86' lang='lat' dir='ltr'>istis</span> 
     </span>
    </p>
   </div>
   <div class='ocr_carea' id='block_1_42' title="bbox 187 1867 1008 1905">
    <p class='ocr_par' dir='ltr' id='par_1_42' title="bbox 187 1867 1008 1905">
     <span class='ocr_line' id='line_1_42' title="bbox 187 1867 1008 1905; baseline 0.001 -9"><span class='ocrx_word' id='word_1_246' title='bbox 187 1870 216 1896; x_wconf 89' lang='lat' dir='ltr'>et</span> <span class='ocrx_word' id='word_1_247' title='bbox 239 1867 289 1895; x_wconf 84' lang='lat' dir='ltr'>alii</span> <span class='ocrx_word' id='word_1_248' title='bbox 322 1867 418 1895; x_wconf 87' lang='lat' dir='ltr'>sancti</span> <span class='ocrx_word' id='word_1_249' title='bbox 446 1867 547 1895; x_wconf 85' lang='lat' dir='ltr'>Patres</span> <span class='ocrx_word' id='word_1_250' title='bbox 573 1875 700 1895; x_wconf 88' lang='lat' dir='ltr'>numero</span> <span class='ocrx_word' id='word_1_251' title='bbox 723 1870 843 1896; x_wconf 88' lang='lat' dir='ltr'>centum</span> <span class='ocrx_word' id='word_1_252' title='bbox 862 1869 1008 1905; x_wconf 88' lang='lat' dir='ltr'>quinqua-</span> 
     </span>
    </p>
   </div>
   <div class='ocr_carea' id='block_1_43' title="bbox 187 1912 278 1947">
    <p class='ocr_par' dir='ltr' id='par_1_43' title="bbox 187 1912 278 1947">
     <span class='ocr_line' id='line_1_43' title="bbox 187 1912 278 1947; baseline -0.022 -7"><span class='ocrx_word' id='word_1_253' title='bbox 187 1912 278 1947; x_wconf 81' lang='lat' dir='ltr'>ginta.</span> 
     </span>
    </p>
   </div>
   <div class='ocr_carea' id='block_1_44' title="bbox 223 1955 1006 1992">
    <p class='ocr_par' dir='ltr' id='par_1_44' title="bbox 223 1955 1006 1992">
     <span class='ocr_line' id='line_1_44' title="bbox 223 1955 1006 1992; baseline 0.003 -8"><span class='ocrx_word' id='word_1_254' title='bbox 223 1958 535 1985; x_wconf 87' lang='lat' dir='ltr'>Conveneruntautem</span> <span class='ocrx_word' id='word_1_255' title='bbox 543 1955 779 1992; x_wconf 86' lang='lat' dir='ltr'>contraimpium</span> <span class='ocrx_word' id='word_1_256' title='bbox 791 1957 1006 1992; x_wconf 85' lang='lat' dir='ltr'>Maeedonium,</span> 
     </span>
    </p>
   </div>
   <div class='ocr_carea' id='block_1_45' title="bbox 185 2000 1008 2038">
    <p class='ocr_par' dir='ltr' id='par_1_45' title="bbox 185 2000 1008 2038">
     <span class='ocr_line' id='line_1_45' title="bbox 185 2000 1008 2038; baseline 0.002 -9"><span class='ocrx_word' id='word_1_257' title='bbox 185 2001 237 2037; x_wconf 88' lang='lat' dir='ltr'>qui</span> <span class='ocrx_word' id='word_1_258' title='bbox 251 2000 480 2037; x_wconf 85' lang='lat' dir='ltr'>patriarchalcm</span> <span class='ocrx_word' id='word_1_259' title='bbox 496 2000 598 2028; x_wconf 84' lang='lat' dir='ltr'>sedem</span> <span class='ocrx_word' id='word_1_260' title='bbox 610 2000 735 2028; x_wconf 81' lang='lat' dir='ltr'>civitatis</span> <span class='ocrx_word' id='word_1_261' title='bbox 748 2001 855 2030; x_wconf 80' lang='lat' dir='ltr'>furtive</span> <span class='ocrx_word' id='word_1_262' title='bbox 871 2004 898 2030; x_wconf 89' lang='lat' dir='ltr'>et</span> <span class='ocrx_word' id='word_1_263' title='bbox 908 2005 1008 2038; x_wconf 83' lang='lat' dir='ltr'>tyran-</span> 
     </span>
    </p>
   </div>
   <div class='ocr_carea' id='block_1_46' title="bbox 184 2044 1007 2082">
    <p class='ocr_par' dir='ltr' id='par_1_46' title="bbox 184 2044 1007 2082">
     <span class='ocr_line' id='line_1_46' title="bbox 184 2044 1007 2082; baseline 0.001 -8"><span class='ocrx_word' id='word_1_264' title='bbox 184 2046 250 2074; x_wconf 82' lang='lat' dir='ltr'>nicc</span> <span class='ocrx_word' id='word_1_265' title='bbox 264 2047 415 2081; x_wconf 83' lang='lat' dir='ltr'>rapuerat,</span> <span class='ocrx_word' id='word_1_266' title='bbox 431 2047 458 2072; x_wconf 85' lang='lat' dir='ltr'>et</span> <span class='ocrx_word' id='word_1_267' title='bbox 472 2044 692 2080; x_wconf 84' lang='lat' dir='ltr'>hlasphemavit</span> <span class='ocrx_word' id='word_1_268' title='bbox 713 2046 743 2073; x_wconf 91' lang='lat' dir='ltr'>in</span> <span class='ocrx_word' id='word_1_269' title='bbox 769 2046 910 2082; x_wconf 85' lang='lat' dir='ltr'>Spiritum</span> <span class='ocrx_word' id='word_1_270' title='bbox 939 2055 1007 2075; x_wconf 84' lang='lat' dir='ltr'>san-</span> 
     </span>
    </p>
   </div>
   <div class='ocr_carea' id='block_1_47' title="bbox 185 2088 1007 2126">
    <p class='ocr_par' dir='ltr' id='par_1_47' title="bbox 185 2088 1007 2126">
     <span class='ocr_line' id='line_1_47' title="bbox 185 2088 1007 2126; baseline 0 -7"><span class='ocrx_word' id='word_1_271' title='bbox 185 2092 266 2119; x_wconf 89' lang='lat' dir='ltr'>ctum</span> <span class='ocrx_word' id='word_1_272' title='bbox 277 2089 390 2122; x_wconf 88' lang='lat' dir='ltr'>dicens,</span> <span class='ocrx_word' id='word_1_273' title='bbox 407 2088 490 2124; x_wconf 90' lang='lat' dir='ltr'>quod</span> <span class='ocrx_word' id='word_1_274' title='bbox 505 2097 566 2116; x_wconf 90' lang='lat' dir='ltr'>non</span> <span class='ocrx_word' id='word_1_275' title='bbox 577 2092 654 2117; x_wconf 86' lang='lat' dir='ltr'>esset</span> <span class='ocrx_word' id='word_1_276' title='bbox 669 2091 754 2117; x_wconf 89' lang='lat' dir='ltr'>Deus.</span> <span class='ocrx_word' id='word_1_277' title='bbox 779 2091 842 2123; x_wconf 86' lang='lat' dir='ltr'>Quo</span> <span class='ocrx_word' id='word_1_278' title='bbox 865 2091 943 2126; x_wconf 86' lang='lat' dir='ltr'>juste</span> <span class='ocrx_word' id='word_1_279' title='bbox 958 2091 1007 2119; x_wconf 91' lang='lat' dir='ltr'>de-</span> 
     </span>
    </p>
   </div>
   <div class='ocr_carea' id='block_1_48' title="bbox 183 2133 1005 2172">
    <p class='ocr_par' dir='ltr' id='par_1_48' title="bbox 183 2133 1005 2172">
     <span class='ocr_line' id='line_1_48' title="bbox 183 2133 1005 2172; baseline 0.002 -9"><span class='ocrx_word' id='word_1_280' title='bbox 183 2136 293 2172; x_wconf 83' lang='lat' dir='ltr'>posito,</span> <span class='ocrx_word' id='word_1_281' title='bbox 308 2134 462 2162; x_wconf 86' lang='lat' dir='ltr'>ordinatus</span> <span class='ocrx_word' id='word_1_282' title='bbox 478 2133 531 2162; x_wconf 82' lang='lat' dir='ltr'>fuit</span> <span class='ocrx_word' id='word_1_283' title='bbox 541 2134 641 2162; x_wconf 84' lang='lat' dir='ltr'>statim</span> <span class='ocrx_word' id='word_1_284' title='bbox 653 2136 803 2163; x_wconf 77' lang='lat' dir='ltr'>Nectarius</span> <span class='ocrx_word' id='word_1_285' title='bbox 820 2136 857 2164; x_wconf 88' lang='lat' dir='ltr'>de</span> <span class='ocrx_word' id='word_1_286' title='bbox 885 2144 946 2172; x_wconf 91' lang='lat' dir='ltr'>quo</span> <span class='ocrx_word' id='word_1_287' title='bbox 958 2145 1005 2164; x_wconf 86' lang='lat' dir='ltr'>su-</span> 
     </span>
    </p>
   </div>
   <div class='ocr_carea' id='block_1_49' title="bbox 183 2179 1004 2216">
    <p class='ocr_par' dir='ltr' id='par_1_49' title="bbox 183 2179 1004 2216">
     <span class='ocr_line' id='line_1_49' title="bbox 183 2179 1004 2216; baseline 0 -8"><span class='ocrx_word' id='word_1_288' title='bbox 183 2188 240 2216; x_wconf 89' lang='lat' dir='ltr'>pra</span> <span class='ocrx_word' id='word_1_289' title='bbox 251 2179 377 2206; x_wconf 85' lang='lat' dir='ltr'>fecimus</span> <span class='ocrx_word' id='word_1_290' title='bbox 392 2179 585 2207; x_wconf 85' lang='lat' dir='ltr'>mentionem.</span> <span class='ocrx_word' id='word_1_291' title='bbox 609 2180 773 2216; x_wconf 86' lang='lat' dir='ltr'>Eapropter</span> <span class='ocrx_word' id='word_1_292' title='bbox 799 2181 1004 2209; x_wconf 86' lang='lat' dir='ltr'>Macedonium</span> 
     </span>
    </p>
   </div>
   <div class='ocr_carea' id='block_1_50' title="bbox 184 2223 1004 2261">
    <p class='ocr_par' dir='ltr' id='par_1_50' title="bbox 184 2223 1004 2261">
     <span class='ocr_line' id='line_1_50' title="bbox 184 2223 1004 2261; baseline 0.001 -9"><span class='ocrx_word' id='word_1_293' title='bbox 184 2227 217 2252; x_wconf 90' lang='lat' dir='ltr'>ut</span> <span class='ocrx_word' id='word_1_294' title='bbox 231 2223 389 2251; x_wconf 88' lang='lat' dir='ltr'>inimicum</span> <span class='ocrx_word' id='word_1_295' title='bbox 404 2223 530 2259; x_wconf 84' lang='lat' dir='ltr'>pietatis,</span> <span class='ocrx_word' id='word_1_296' title='bbox 556 2223 597 2251; x_wconf 89' lang='lat' dir='ltr'>ibi</span> <span class='ocrx_word' id='word_1_297' title='bbox 626 2233 694 2252; x_wconf 88' lang='lat' dir='ltr'>cum</span> <span class='ocrx_word' id='word_1_298' title='bbox 721 2226 783 2252; x_wconf 85' lang='lat' dir='ltr'>suis</span> <span class='ocrx_word' id='word_1_299' title='bbox 806 2225 1004 2261; x_wconf 89' lang='lat' dir='ltr'>complicibus</span> 
     </span>
    </p>
   </div>
   <div class='ocr_carea' id='block_1_51' title="bbox 183 2267 1003 2298">
    <p class='ocr_par' dir='ltr' id='par_1_51' title="bbox 183 2267 1003 2298">
     <span class='ocr_line' id='line_1_51' title="bbox 183 2267 1003 2298; baseline 0 -1"><span class='ocrx_word' id='word_1_300' title='bbox 183 2267 467 2297; x_wconf 84' lang='lat' dir='ltr'>anathematizantes</span> <span class='ocrx_word' id='word_1_301' title='bbox 482 2268 770 2297; x_wconf 85' lang='lat' dir='ltr'>condemnaverunt.</span> <span class='ocrx_word' id='word_1_302' title='bbox 795 2271 887 2297; x_wconf 91' lang='lat' dir='ltr'>Deum</span> <span class='ocrx_word' id='word_1_303' title='bbox 903 2273 1003 2298; x_wconf 88' lang='lat' dir='ltr'>autem</span> 
     </span>
    </p>
   </div>
   <div class='ocr_carea' id='block_1_52' title="bbox 182 2312 1004 2345">
    <p class='ocr_par' dir='ltr' id='par_1_52' title="bbox 182 2312 1004 2345">
     <span class='ocr_line' id='line_1_52' title="bbox 182 2312 1004 2345; baseline 0 -4"><span class='ocrx_word' id='word_1_304' title='bbox 182 2320 297 2345; x_wconf 89' lang='lat' dir='ltr'>verum,</span> <span class='ocrx_word' id='word_1_305' title='bbox 314 2320 350 2340; x_wconf 87' lang='lat' dir='ltr'>ac</span> <span class='ocrx_word' id='word_1_306' title='bbox 369 2312 567 2340; x_wconf 84' lang='lat' dir='ltr'>univcrsitatis</span> <span class='ocrx_word' id='word_1_307' title='bbox 594 2313 752 2341; x_wconf 88' lang='lat' dir='ltr'>dominum</span> <span class='ocrx_word' id='word_1_308' title='bbox 780 2314 1004 2342; x_wconf 84' lang='lat' dir='ltr'>sanctissimum</span> 
     </span>
    </p>
   </div>
   <div class='ocr_carea' id='block_1_53' title="bbox 183 2356 1003 2394">
    <p class='ocr_par' dir='ltr' id='par_1_53' title="bbox 183 2356 1003 2394">
     <span class='ocr_line' id='line_1_53' title="bbox 183 2356 1003 2394; baseline 0.002 -10"><span class='ocrx_word' id='word_1_309' title='bbox 183 2357 322 2394; x_wconf 87' lang='lat' dir='ltr'>Spiritum</span> <span class='ocrx_word' id='word_1_310' title='bbox 332 2357 362 2384; x_wconf 90' lang='lat' dir='ltr'>in</span> <span class='ocrx_word' id='word_1_311' title='bbox 371 2356 514 2393; x_wconf 89' lang='lat' dir='ltr'>Symbolo</span> <span class='ocrx_word' id='word_1_312' title='bbox 530 2357 748 2393; x_wconf 84' lang='lat' dir='ltr'>ampliaverunt</span> <span class='ocrx_word' id='word_1_313' title='bbox 773 2366 777 2384; x_wconf 95' lang='lat'><strong>:</strong></span> <span class='ocrx_word' id='word_1_314' title='bbox 796 2360 824 2385; x_wconf 91' lang='lat' dir='ltr'>et</span> <span class='ocrx_word' id='word_1_315' title='bbox 838 2358 920 2394; x_wconf 88' lang='lat' dir='ltr'>quod</span> <span class='ocrx_word' id='word_1_316' title='bbox 932 2366 1003 2386; x_wconf 88' lang='lat' dir='ltr'>con-</span> 
     </span>
    </p>
   </div>
   <div class='ocr_carea' id='block_1_54' title="bbox 182 2401 1004 2437">
    <p class='ocr_par' dir='ltr' id='par_1_54' title="bbox 182 2401 1004 2437">
     <span class='ocr_line' id='line_1_54' title="bbox 182 2401 1004 2437; baseline 0.001 -7"><span class='ocrx_word' id='word_1_317' title='bbox 182 2401 388 2430; x_wconf 86' lang='lat' dir='ltr'>substantialis</span> <span class='ocrx_word' id='word_1_318' title='bbox 402 2401 439 2429; x_wconf 85' lang='lat' dir='ltr'>sit</span> <span class='ocrx_word' id='word_1_319' title='bbox 453 2401 539 2434; x_wconf 87' lang='lat' dir='ltr'>Patri,</span> <span class='ocrx_word' id='word_1_320' title='bbox 555 2404 582 2430; x_wconf 89' lang='lat' dir='ltr'>et</span> <span class='ocrx_word' id='word_1_321' title='bbox 597 2401 678 2435; x_wconf 81' lang='lat' dir='ltr'>Filio,</span> <span class='ocrx_word' id='word_1_322' title='bbox 694 2404 722 2429; x_wconf 92' lang='lat' dir='ltr'>et</span> <span class='ocrx_word' id='word_1_323' title='bbox 737 2402 872 2437; x_wconf 88' lang='lat' dir='ltr'>ejusdem</span> <span class='ocrx_word' id='word_1_324' title='bbox 899 2403 1004 2431; x_wconf 88' lang='lat' dir='ltr'>divini-</span> 
     </span>
    </p>
   </div>
   <div class='ocr_carea' id='block_1_55' title="bbox 181 2445 1005 2484">
    <p class='ocr_par' dir='ltr' id='par_1_55' title="bbox 181 2445 1005 2484">
     <span class='ocr_line' id='line_1_55' title="bbox 181 2445 1005 2484; baseline 0.002 -10"><span class='ocrx_word' id='word_1_325' title='bbox 181 2446 262 2480; x_wconf 85' lang='lat' dir='ltr'>tatis,</span> <span class='ocrx_word' id='word_1_326' title='bbox 278 2448 367 2482; x_wconf 81' lang='lat' dir='ltr'>prout</span> <span class='ocrx_word' id='word_1_327' title='bbox 382 2446 413 2473; x_wconf 93' lang='lat' dir='ltr'>in</span> <span class='ocrx_word' id='word_1_328' title='bbox 429 2445 572 2482; x_wconf 87' lang='lat' dir='ltr'>Symbolo</span> <span class='ocrx_word' id='word_1_329' title='bbox 584 2445 652 2473; x_wconf 86' lang='lat' dir='ltr'>ﬁdei</span> <span class='ocrx_word' id='word_1_330' title='bbox 668 2446 846 2480; x_wconf 86' lang='lat' dir='ltr'>continetur,</span> <span class='ocrx_word' id='word_1_331' title='bbox 857 2447 1005 2484; x_wconf 90' lang='lat' dir='ltr'>quodipsi</span> 
     </span>
    </p>
   </div>
   <div class='ocr_carea' id='block_1_56' title="bbox 179 2490 1005 2526">
    <p class='ocr_par' dir='ltr' id='par_1_56' title="bbox 179 2490 1005 2526">
     <span class='ocr_line' id='line_1_56' title="bbox 179 2490 1005 2526; baseline 0.001 -7"><span class='ocrx_word' id='word_1_332' title='bbox 179 2490 268 2520; x_wconf 86' lang='lat' dir='ltr'>latius</span> <span class='ocrx_word' id='word_1_333' title='bbox 284 2492 312 2518; x_wconf 89' lang='lat' dir='ltr'>et</span> <span class='ocrx_word' id='word_1_334' title='bbox 326 2490 461 2518; x_wconf 87' lang='lat' dir='ltr'>diﬂusius</span> <span class='ocrx_word' id='word_1_335' title='bbox 474 2490 569 2526; x_wconf 78' lang='lat' dir='ltr'>gratia</span> <span class='ocrx_word' id='word_1_336' title='bbox 593 2490 728 2525; x_wconf 82' lang='lat' dir='ltr'>ejusdem</span> <span class='ocrx_word' id='word_1_337' title='bbox 750 2491 874 2526; x_wconf 89' lang='lat' dir='ltr'>Spiritus</span> <span class='ocrx_word' id='word_1_338' title='bbox 909 2493 1005 2521; x_wconf 82' lang='lat' dir='ltr'>sancti</span> 
     </span>
    </p>
   </div>
   <div class='ocr_carea' id='block_1_57' title="bbox 180 2535 431 2572">
    <p class='ocr_par' dir='ltr' id='par_1_57' title="bbox 180 2535 431 2572">
     <span class='ocr_line' id='line_1_57' title="bbox 180 2535 431 2572; baseline -0.008 -8"><span class='ocrx_word' id='word_1_339' title='bbox 180 2535 431 2572; x_wconf 68' lang='lat' dir='ltr'>praedicaverunt.</span> 
     </span>
    </p>
   </div>
   <div class='ocr_carea' id='block_1_58' title="bbox 215 2578 1004 2615">
    <p class='ocr_par' dir='ltr' id='par_1_58' title="bbox 215 2578 1004 2615">
     <span class='ocr_line' id='line_1_58' title="bbox 215 2578 1004 2615; baseline 0.004 -7"><span class='ocrx_word' id='word_1_340' title='bbox 215 2582 340 2615; x_wconf 84' lang='lat' dir='ltr'>Insuper</span> <span class='ocrx_word' id='word_1_341' title='bbox 351 2581 456 2607; x_wconf 85' lang='lat' dir='ltr'>contra</span> <span class='ocrx_word' id='word_1_342' title='bbox 466 2578 680 2614; x_wconf 86' lang='lat' dir='ltr'>Apollinarium</span> <span class='ocrx_word' id='word_1_343' title='bbox 690 2579 853 2615; x_wconf 68' lang='lat' dir='ltr'>Laodiceae,</span> <span class='ocrx_word' id='word_1_344' title='bbox 863 2583 891 2610; x_wconf 93' lang='lat' dir='ltr'>et</span> <span class='ocrx_word' id='word_1_345' title='bbox 903 2582 1004 2610; x_wconf 86' lang='lat' dir='ltr'>Sabel-</span> 
     </span>
    </p>
   </div>
   <div class='ocr_carea' id='block_1_59' title="bbox 179 2623 1005 2660">
    <p class='ocr_par' dir='ltr' id='par_1_59' title="bbox 179 2623 1005 2660">
     <span class='ocr_line' id='line_1_59' title="bbox 179 2623 1005 2660; baseline 0.002 -8"><span class='ocrx_word' id='word_1_346' title='bbox 179 2623 253 2652; x_wconf 91' lang='lat' dir='ltr'>lium</span> <span class='ocrx_word' id='word_1_347' title='bbox 265 2624 374 2659; x_wconf 76' lang='lat' dir='ltr'>Libyae,</span> <span class='ocrx_word' id='word_1_348' title='bbox 390 2623 597 2659; x_wconf 79' lang='lat' dir='ltr'>blasphemas,</span> <span class='ocrx_word' id='word_1_349' title='bbox 613 2626 641 2652; x_wconf 90' lang='lat' dir='ltr'>et</span> <span class='ocrx_word' id='word_1_350' title='bbox 666 2625 801 2660; x_wconf 87' lang='lat' dir='ltr'>quicum</span> <span class='ocrx_word' id='word_1_351' title='bbox 831 2626 874 2654; x_wconf 91' lang='lat' dir='ltr'>his</span> <span class='ocrx_word' id='word_1_352' title='bbox 898 2626 1005 2655; x_wconf 87' lang='lat' dir='ltr'>similia</span> 
     </span>
    </p>
   </div>
   <div class='ocr_carea' id='block_1_60' title="bbox 179 2667 1004 2706">
    <p class='ocr_par' dir='ltr' id='par_1_60' title="bbox 179 2667 1004 2706">
     <span class='ocr_line' id='line_1_60' title="bbox 179 2667 1004 2706; baseline 0.002 -10"><span class='ocrx_word' id='word_1_353' title='bbox 179 2669 319 2702; x_wconf 87' lang='lat' dir='ltr'>sentiunt,</span> <span class='ocrx_word' id='word_1_354' title='bbox 336 2667 657 2696; x_wconf 80' lang='lat' dir='ltr'>excommunicationis</span> <span class='ocrx_word' id='word_1_355' title='bbox 672 2670 850 2698; x_wconf 89' lang='lat' dir='ltr'>sententiam</span> <span class='ocrx_word' id='word_1_356' title='bbox 872 2670 1004 2706; x_wconf 87' lang='lat' dir='ltr'>protule-</span> 
     </span>
    </p>
   </div>
   <div class='ocr_carea' id='block_1_61' title="bbox 178 2711 1005 2745">
    <p class='ocr_par' dir='ltr' id='par_1_61' title="bbox 178 2711 1005 2745">
     <span class='ocr_line' id='line_1_61' title="bbox 178 2711 1005 2745; baseline 0.001 -3"><span class='ocrx_word' id='word_1_357' title='bbox 178 2714 257 2742; x_wconf 89' lang='lat' dir='ltr'>runt.</span> <span class='ocrx_word' id='word_1_358' title='bbox 268 2711 322 2745; x_wconf 85' lang='lat' dir='ltr'>Qui</span> <span class='ocrx_word' id='word_1_359' title='bbox 332 2711 471 2741; x_wconf 80' lang='lat' dir='ltr'>dicebant</span> <span class='ocrx_word' id='word_1_360' title='bbox 481 2720 601 2741; x_wconf 85' lang='lat' dir='ltr'>carnem</span> <span class='ocrx_word' id='word_1_361' title='bbox 609 2714 727 2742; x_wconf 89' lang='lat' dir='ltr'>Domini</span> <span class='ocrx_word' id='word_1_362' title='bbox 741 2715 836 2742; x_wconf 82' lang='lat' dir='ltr'>uestri</span> <span class='ocrx_word' id='word_1_363' title='bbox 847 2715 914 2742; x_wconf 84' lang='lat' dir='ltr'>Jesu</span> <span class='ocrx_word' id='word_1_364' title='bbox 926 2715 1005 2744; x_wconf 85' lang='lat' dir='ltr'>Chri-</span> 
     </span>
    </p>
   </div>
   <div class='ocr_carea' id='block_1_62' title="bbox 179 2756 1005 2794">
    <p class='ocr_par' dir='ltr' id='par_1_62' title="bbox 179 2756 1005 2794">
     <span class='ocr_line' id='line_1_62' title="bbox 179 2756 1005 2794; baseline 0.001 -6"><span class='ocrx_word' id='word_1_365' title='bbox 179 2757 216 2788; x_wconf 79' lang='lat' dir='ltr'>sti</span> <span class='ocrx_word' id='word_1_366' title='bbox 227 2756 435 2794; x_wconf 77' lang='lat' dir='ltr'>inanimatam,</span> <span class='ocrx_word' id='word_1_367' title='bbox 448 2757 479 2786; x_wconf 95' lang='lat' dir='ltr'>id</span> <span class='ocrx_word' id='word_1_368' title='bbox 494 2759 548 2794; x_wconf 87' lang='lat' dir='ltr'>est,</span> <span class='ocrx_word' id='word_1_369' title='bbox 562 2757 624 2788; x_wconf 84' lang='lat' dir='ltr'>sine</span> <span class='ocrx_word' id='word_1_370' title='bbox 649 2759 751 2789; x_wconf 84' lang='lat' dir='ltr'>anima</span> <span class='ocrx_word' id='word_1_371' title='bbox 763 2758 943 2794; x_wconf 82' lang='lat' dir='ltr'>rationali,et</span> <span class='ocrx_word' id='word_1_372' title='bbox 962 2760 1005 2790; x_wconf 89' lang='lat' dir='ltr'>in-</span> 
     </span>
    </p>
   </div>
   <div class='ocr_carea' id='block_1_63' title="bbox 1080 205 1909 245">
    <p class='ocr_par' dir='ltr' id='par_1_63' title="bbox 1080 205 1909 245">
     <span class='ocr_line' id='line_1_63' title="bbox 1080 205 1909 245; baseline 0.004 -12"><span class='ocrx_word' id='word_1_373' title='bbox 1080 207 1162 234; x_wconf 89' lang='lat' dir='ltr'>tuam</span> <span class='ocrx_word' id='word_1_374' title='bbox 1176 205 1374 241; x_wconf 74' lang='lat' dir='ltr'>divinitatem,</span> <span class='ocrx_word' id='word_1_375' title='bbox 1386 206 1673 240; x_wconf 87' lang='lat' dir='ltr'>asserebant,Sancli</span> <span class='ocrx_word' id='word_1_376' title='bbox 1688 215 1758 236; x_wconf 86' lang='lat' dir='ltr'>vero</span> <span class='ocrx_word' id='word_1_377' title='bbox 1771 209 1909 245; x_wconf 69' lang='lat' dir='ltr'>praedicti</span> 
     </span>
    </p>
   </div>
   <div class='ocr_carea' id='block_1_64' title="bbox 1080 250 1907 286">
    <p class='ocr_par' dir='ltr' id='par_1_64' title="bbox 1080 250 1907 286">
     <span class='ocr_line' id='line_1_64' title="bbox 1080 250 1907 286; baseline 0.005 -8"><span class='ocrx_word' id='word_1_378' title='bbox 1080 251 1179 278; x_wconf 84' lang='lat' dir='ltr'>Patres</span> <span class='ocrx_word' id='word_1_379' title='bbox 1194 250 1294 286; x_wconf 85' lang='lat' dir='ltr'>ipsam</span> <span class='ocrx_word' id='word_1_380' title='bbox 1307 259 1428 279; x_wconf 88' lang='lat' dir='ltr'>carnem</span> <span class='ocrx_word' id='word_1_381' title='bbox 1443 251 1607 279; x_wconf 86' lang='lat' dir='ltr'>auimatam</span> <span class='ocrx_word' id='word_1_382' title='bbox 1622 253 1650 279; x_wconf 83' lang='lat' dir='ltr'>et</span> <span class='ocrx_word' id='word_1_383' title='bbox 1671 252 1907 282; x_wconf 85' lang='lat' dir='ltr'>intellectualem</span> 
     </span>
    </p>
   </div>
   <div class='ocr_carea' id='block_1_65' title="bbox 1080 294 1908 327">
    <p class='ocr_par' dir='ltr' id='par_1_65' title="bbox 1080 294 1908 327">
     <span class='ocr_line' id='line_1_65' title="bbox 1080 294 1908 327; baseline 0.005 -5"><span class='ocrx_word' id='word_1_384' title='bbox 1080 294 1342 327; x_wconf 87' lang='lat' dir='ltr'>conﬁrmaverunt,</span> <span class='ocrx_word' id='word_1_385' title='bbox 1363 295 1523 324; x_wconf 84' lang='lat' dir='ltr'>habentem</span> <span class='ocrx_word' id='word_1_386' title='bbox 1535 296 1668 324; x_wconf 87' lang='lat' dir='ltr'>animam</span> <span class='ocrx_word' id='word_1_387' title='bbox 1675 297 1782 326; x_wconf 87' lang='lat' dir='ltr'>nostris</span> <span class='ocrx_word' id='word_1_388' title='bbox 1789 298 1908 326; x_wconf 89' lang='lat' dir='ltr'>anima-</span> 
     </span>
    </p>
   </div>
   <div class='ocr_carea' id='block_1_66' title="bbox 1079 338 1538 369">
    <p class='ocr_par' dir='ltr' id='par_1_66' title="bbox 1079 338 1538 369">
     <span class='ocr_line' id='line_1_66' title="bbox 1079 338 1538 369; baseline 0.004 -2"><span class='ocrx_word' id='word_1_389' title='bbox 1079 338 1137 367; x_wconf 87' lang='lat' dir='ltr'>bus</span> <span class='ocrx_word' id='word_1_390' title='bbox 1151 339 1278 368; x_wconf 89' lang='lat' dir='ltr'>similem</span> <span class='ocrx_word' id='word_1_391' title='bbox 1297 342 1326 368; x_wconf 89' lang='lat' dir='ltr'>et</span> <span class='ocrx_word' id='word_1_392' title='bbox 1337 340 1517 369; x_wconf 85' lang='lat' dir='ltr'>rationalem</span> <span class='ocrx_word' id='word_1_393' title='bbox 1532 362 1538 368; x_wconf 88' lang='lat'>.</span> 
     </span>
    </p>
   </div>
   <div class='ocr_carea' id='block_1_67' title="bbox 1114 385 1908 423">
    <p class='ocr_par' dir='ltr' id='par_1_67' title="bbox 1114 385 1908 423">
     <span class='ocr_line' id='line_1_67' title="bbox 1114 385 1908 423; baseline 0.005 -11"><span class='ocrx_word' id='word_1_394' title='bbox 1114 385 1146 412; x_wconf 89' lang='lat' dir='ltr'>1n</span> <span class='ocrx_word' id='word_1_395' title='bbox 1159 387 1262 413; x_wconf 86' lang='lat' dir='ltr'>saneta</span> <span class='ocrx_word' id='word_1_396' title='bbox 1277 386 1378 413; x_wconf 86' lang='lat' dir='ltr'>tamen</span> <span class='ocrx_word' id='word_1_397' title='bbox 1394 385 1512 422; x_wconf 86' lang='lat' dir='ltr'>synodo</span> <span class='ocrx_word' id='word_1_398' title='bbox 1526 385 1624 414; x_wconf 89' lang='lat' dir='ltr'>dictus</span> <span class='ocrx_word' id='word_1_399' title='bbox 1640 385 1802 423; x_wconf 88' lang='lat' dir='ltr'>imperator</span> <span class='ocrx_word' id='word_1_400' title='bbox 1813 388 1908 416; x_wconf 82' lang='lat' dir='ltr'>Theo-</span> 
     </span>
    </p>
   </div>
   <div class='ocr_carea' id='block_1_68' title="bbox 1078 428 1909 467">
    <p class='ocr_par' dir='ltr' id='par_1_68' title="bbox 1078 428 1909 467">
     <span class='ocr_line' id='line_1_68' title="bbox 1078 428 1909 467; baseline 0.006 -11"><span class='ocrx_word' id='word_1_401' title='bbox 1078 428 1182 457; x_wconf 91' lang='lat' dir='ltr'>dosius</span> <span class='ocrx_word' id='word_1_402' title='bbox 1197 429 1325 457; x_wconf 89' lang='lat' dir='ltr'>multum</span> <span class='ocrx_word' id='word_1_403' title='bbox 1338 430 1477 464; x_wconf 85' lang='lat' dir='ltr'>excessit,</span> <span class='ocrx_word' id='word_1_404' title='bbox 1494 430 1609 458; x_wconf 79' lang='lat' dir='ltr'>faciens</span> <span class='ocrx_word' id='word_1_405' title='bbox 1628 431 1779 467; x_wconf 74' lang='lat' dir='ltr'>quaedam,</span> <span class='ocrx_word' id='word_1_406' title='bbox 1800 435 1909 461; x_wconf 86' lang='lat' dir='ltr'>contra.</span> 
     </span>
    </p>
   </div>
   <div class='ocr_carea' id='block_1_69' title="bbox 1077 473 1906 510">
    <p class='ocr_par' dir='ltr' id='par_1_69' title="bbox 1077 473 1906 510">
     <span class='ocr_line' id='line_1_69' title="bbox 1077 473 1906 510; baseline 0.006 -10"><span class='ocrx_word' id='word_1_407' title='bbox 1077 473 1181 508; x_wconf 77' lang='lat' dir='ltr'>primae</span> <span class='ocrx_word' id='word_1_408' title='bbox 1201 476 1230 501; x_wconf 88' lang='lat' dir='ltr'>et</span> <span class='ocrx_word' id='word_1_409' title='bbox 1249 476 1360 502; x_wconf 61' lang='lat' dir='ltr'>sanctae</span> <span class='ocrx_word' id='word_1_410' title='bbox 1380 474 1498 510; x_wconf 89' lang='lat' dir='ltr'>synodi,</span> <span class='ocrx_word' id='word_1_411' title='bbox 1520 482 1554 502; x_wconf 82' lang='lat' dir='ltr'>ac</span> <span class='ocrx_word' id='word_1_412' title='bbox 1573 475 1746 504; x_wconf 71' lang='lat' dir='ltr'>reverenda:</span> <span class='ocrx_word' id='word_1_413' title='bbox 1759 476 1906 506; x_wconf 87' lang='lat' dir='ltr'>instituta.</span> 
     </span>
    </p>
   </div>
   <div class='ocr_carea' id='block_1_70' title="bbox 1076 518 1907 558">
    <p class='ocr_par' dir='ltr' id='par_1_70' title="bbox 1076 518 1907 558">
     <span class='ocr_line' id='line_1_70' title="bbox 1076 518 1907 558; baseline 0.005 -12"><span class='ocrx_word' id='word_1_414' title='bbox 1076 518 1190 546; x_wconf 89' lang='lat' dir='ltr'>Etenim</span> <span class='ocrx_word' id='word_1_415' title='bbox 1220 520 1315 554; x_wconf 82' lang='lat' dir='ltr'>coegit</span> <span class='ocrx_word' id='word_1_416' title='bbox 1330 527 1423 555; x_wconf 87' lang='lat' dir='ltr'>supra</span> <span class='ocrx_word' id='word_1_417' title='bbox 1437 519 1607 547; x_wconf 87' lang='lat' dir='ltr'>nominatos</span> <span class='ocrx_word' id='word_1_418' title='bbox 1622 522 1742 548; x_wconf 88' lang='lat' dir='ltr'>centum</span> <span class='ocrx_word' id='word_1_419' title='bbox 1755 521 1907 558; x_wconf 86' lang='lat' dir='ltr'>quinqua-</span> 
     </span>
    </p>
   </div>
   <div class='ocr_carea' id='block_1_71' title="bbox 1075 558 1904 598">
    <p class='ocr_par' dir='ltr' id='par_1_71' title="bbox 1075 558 1904 598">
     <span class='ocr_line' id='line_1_71' title="bbox 1075 558 1904 598; baseline 0.005 -12"><span class='ocrx_word' id='word_1_420' title='bbox 1075 558 1156 593; x_wconf 83' lang='lat' dir='ltr'>ginta</span> <span class='ocrx_word' id='word_1_421' title='bbox 1175 560 1274 587; x_wconf 87' lang='lat' dir='ltr'>Patres</span> <span class='ocrx_word' id='word_1_422' title='bbox 1287 558 1364 587; x_wconf 87' lang='lat' dir='ltr'>clam</span> <span class='ocrx_word' id='word_1_423' title='bbox 1375 567 1497 587; x_wconf 89' lang='lat' dir='ltr'>summo</span> <span class='ocrx_word' id='word_1_424' title='bbox 1508 559 1649 595; x_wconf 86' lang='lat' dir='ltr'>pontiﬁce</span> <span class='ocrx_word' id='word_1_425' title='bbox 1656 562 1685 588; x_wconf 91' lang='lat' dir='ltr'>et</span> <span class='ocrx_word' id='word_1_426' title='bbox 1698 561 1808 589; x_wconf 89' lang='lat' dir='ltr'>vicario</span> <span class='ocrx_word' id='word_1_427' title='bbox 1828 562 1854 598; x_wconf 86' lang='lat' dir='ltr'>ej</span> <span class='ocrx_word' id='word_1_428' title='bbox 1860 571 1904 596; x_wconf 90' lang='lat' dir='ltr'>us,</span> 
     </span>
    </p>
   </div>
   <div class='ocr_carea' id='block_1_72' title="bbox 1075 603 1905 639">
    <p class='ocr_par' dir='ltr' id='par_1_72' title="bbox 1075 603 1905 639">
     <span class='ocr_line' id='line_1_72' title="bbox 1075 603 1905 639; baseline 0.006 -9"><span class='ocrx_word' id='word_1_429' title='bbox 1075 606 1107 630; x_wconf 91' lang='lat' dir='ltr'>ut</span> <span class='ocrx_word' id='word_1_430' title='bbox 1126 603 1490 639; x_wconf 87' lang='lat' dir='ltr'>Constantinopolitanam</span> <span class='ocrx_word' id='word_1_431' title='bbox 1511 604 1614 632; x_wconf 87' lang='lat' dir='ltr'>sedem</span> <span class='ocrx_word' id='word_1_432' title='bbox 1634 604 1832 634; x_wconf 87' lang='lat' dir='ltr'>sublimarent</span> <span class='ocrx_word' id='word_1_433' title='bbox 1851 615 1905 634; x_wconf 89' lang='lat' dir='ltr'>no-</span> 
     </span>
    </p>
   </div>
   <div class='ocr_carea' id='block_1_73' title="bbox 1075 643 1905 681">
    <p class='ocr_par' dir='ltr' id='par_1_73' title="bbox 1075 643 1905 681">
     <span class='ocr_line' id='line_1_73' title="bbox 1075 643 1905 681; baseline 0.006 -11"><span class='ocrx_word' id='word_1_434' title='bbox 1075 643 1155 670; x_wconf 87' lang='lat' dir='ltr'>mine</span> <span class='ocrx_word' id='word_1_435' title='bbox 1171 643 1355 678; x_wconf 66' lang='lat' dir='ltr'>patriarchae.</span> <span class='ocrx_word' id='word_1_436' title='bbox 1372 644 1414 671; x_wconf 86' lang='lat' dir='ltr'>illi</span> <span class='ocrx_word' id='word_1_437' title='bbox 1427 644 1632 679; x_wconf 88' lang='lat' dir='ltr'>attribuentes,</span> <span class='ocrx_word' id='word_1_438' title='bbox 1647 646 1729 681; x_wconf 89' lang='lat' dir='ltr'>quod</span> <span class='ocrx_word' id='word_1_439' title='bbox 1749 649 1819 674; x_wconf 86' lang='lat' dir='ltr'>ante</span> <span class='ocrx_word' id='word_1_440' title='bbox 1841 654 1905 675; x_wconf 86' lang='lat' dir='ltr'>non</span> 
     </span>
    </p>
   </div>
   <div class='ocr_carea' id='block_1_74' title="bbox 1074 687 1905 727">
    <p class='ocr_par' dir='ltr' id='par_1_74' title="bbox 1074 687 1905 727">
     <span class='ocr_line' id='line_1_74' title="bbox 1074 687 1905 727; baseline 0.006 -13"><span class='ocrx_word' id='word_1_441' title='bbox 1074 687 1215 715; x_wconf 84' lang='lat' dir='ltr'>habebat.</span> <span class='ocrx_word' id='word_1_442' title='bbox 1233 689 1360 720; x_wconf 73' lang='lat' dir='ltr'>Quaeres</span> <span class='ocrx_word' id='word_1_443' title='bbox 1377 688 1560 716; x_wconf 87' lang='lat' dir='ltr'>vehementis</span> <span class='ocrx_word' id='word_1_444' title='bbox 1573 688 1731 717; x_wconf 75' lang='lat' dir='ltr'>discordiae</span> <span class='ocrx_word' id='word_1_445' title='bbox 1745 693 1774 718; x_wconf 82' lang='lat' dir='ltr'>et</span> <span class='ocrx_word' id='word_1_446' title='bbox 1789 694 1905 727; x_wconf 88' lang='lat' dir='ltr'>pertur-</span> 
     </span>
    </p>
   </div>
   <div class='ocr_carea' id='block_1_75' title="bbox 1073 730 1902 771">
    <p class='ocr_par' dir='ltr' id='par_1_75' title="bbox 1073 730 1902 771">
     <span class='ocr_line' id='line_1_75' title="bbox 1073 730 1902 771; baseline 0.006 -12"><span class='ocrx_word' id='word_1_447' title='bbox 1073 730 1203 759; x_wconf 88' lang='lat' dir='ltr'>bationis</span> <span class='ocrx_word' id='word_1_448' title='bbox 1222 732 1339 760; x_wconf 82' lang='lat' dir='ltr'>sentina</span> <span class='ocrx_word' id='word_1_449' title='bbox 1357 734 1385 760; x_wconf 91' lang='lat' dir='ltr'>et</span> <span class='ocrx_word' id='word_1_450' title='bbox 1403 740 1497 760; x_wconf 88' lang='lat' dir='ltr'>causa</span> <span class='ocrx_word' id='word_1_451' title='bbox 1507 732 1627 767; x_wconf 82' lang='lat' dir='ltr'>exstitit,</span> <span class='ocrx_word' id='word_1_452' title='bbox 1643 735 1672 761; x_wconf 88' lang='lat' dir='ltr'>et</span> <span class='ocrx_word' id='word_1_453' title='bbox 1691 742 1787 771; x_wconf 88' lang='lat' dir='ltr'>usque</span> <span class='ocrx_word' id='word_1_454' title='bbox 1811 735 1902 764; x_wconf 89' lang='lat' dir='ltr'>hodie</span> 
     </span>
    </p>
   </div>
   <div class='ocr_carea' id='block_1_76' title="bbox 1074 778 1253 812">
    <p class='ocr_par' dir='ltr' id='par_1_76' title="bbox 1074 778 1253 812">
     <span class='ocr_line' id='line_1_76' title="bbox 1074 778 1253 812; baseline 0.006 -9"><span class='ocrx_word' id='word_1_455' title='bbox 1074 778 1253 812; x_wconf 88' lang='lat' dir='ltr'>perseverat.</span> 
     </span>
    </p>
   </div>
   <div class='ocr_carea' id='block_1_77' title="bbox 1041 856 1900 898">
    <p class='ocr_par' dir='ltr' id='par_1_77' title="bbox 1041 856 1900 898">
     <span class='ocr_line' id='line_1_77' title="bbox 1041 856 1900 898; baseline 0.006 -9"><span class='ocrx_word' id='word_1_456' title='bbox 1041 856 1059 883; x_wconf 75' lang='grc' dir='ltr'>Β</span> <span class='ocrx_word' id='word_1_457' title='bbox 1074 862 1117 890; x_wconf 88' lang='lat' dir='ltr'>De</span> <span class='ocrx_word' id='word_1_458' title='bbox 1132 863 1220 890; x_wconf 80' lang='lat' dir='ltr'>tertia</span> <span class='ocrx_word' id='word_1_459' title='bbox 1230 862 1355 898; x_wconf 74' lang='lat' dir='ltr'>synodo,</span> <span class='ocrx_word' id='word_1_460' title='bbox 1367 862 1505 897; x_wconf 78' lang='lat' dir='ltr'>Ephsina</span> <span class='ocrx_word' id='word_1_461' title='bbox 1520 863 1620 897; x_wconf 79' lang='lat' dir='ltr'>prima</span> <span class='ocrx_word' id='word_1_462' title='bbox 1638 871 1644 891; x_wconf 91' lang='lat'>:</span> <span class='ocrx_word' id='word_1_463' title='bbox 1661 864 1716 892; x_wconf 85' lang='lat' dir='ltr'>Dei</span> <span class='ocrx_word' id='word_1_464' title='bbox 1726 863 1900 894; x_wconf 79' lang='lat' dir='ltr'>Genilricem</span> 
     </span>
    </p>
   </div>
   <div class='ocr_carea' id='block_1_78' title="bbox 1321 907 1630 942">
    <p class='ocr_par' dir='ltr' id='par_1_78' title="bbox 1321 907 1630 942">
     <span class='ocr_line' id='line_1_78' title="bbox 1321 907 1630 942; baseline 0.003 -8"><span class='ocrx_word' id='word_1_465' title='bbox 1321 908 1481 942; x_wconf 75' lang='lat' dir='ltr'>conﬁtetur</span> <span class='ocrx_word' id='word_1_466' title='bbox 1499 907 1630 936; x_wconf 80' lang='lat' dir='ltr'>Mariam</span> 
     </span>
    </p>
   </div>
   <div class='ocr_carea' id='block_1_79' title="bbox 1108 973 1901 1010">
    <p class='ocr_par' dir='ltr' id='par_1_79' title="bbox 1108 973 1901 1010">
     <span class='ocr_line' id='line_1_79' title="bbox 1108 973 1901 1010; baseline 0.006 -10"><span class='ocrx_word' id='word_1_467' title='bbox 1108 973 1202 1001; x_wconf 85' lang='lat' dir='ltr'>Tertia</span> <span class='ocrx_word' id='word_1_468' title='bbox 1216 975 1320 1001; x_wconf 88' lang='lat' dir='ltr'>sancta</span> <span class='ocrx_word' id='word_1_469' title='bbox 1334 976 1363 1001; x_wconf 91' lang='lat' dir='ltr'>et</span> <span class='ocrx_word' id='word_1_470' title='bbox 1382 973 1559 1002; x_wconf 85' lang='lat' dir='ltr'>universalis</span> <span class='ocrx_word' id='word_1_471' title='bbox 1580 974 1715 1010; x_wconf 84' lang='lat' dir='ltr'>synodus</span> <span class='ocrx_word' id='word_1_472' title='bbox 1751 976 1901 1006; x_wconf 86' lang='lat' dir='ltr'>celebrata</span> 
     </span>
    </p>
   </div>
   <div class='ocr_carea' id='block_1_80' title="bbox 1072 1016 1901 1054">
    <p class='ocr_par' dir='ltr' id='par_1_80' title="bbox 1072 1016 1901 1054">
     <span class='ocr_line' id='line_1_80' title="bbox 1072 1016 1901 1054; baseline 0.006 -10"><span class='ocrx_word' id='word_1_473' title='bbox 1072 1016 1126 1045; x_wconf 87' lang='lat' dir='ltr'>fuit</span> <span class='ocrx_word' id='word_1_474' title='bbox 1146 1018 1227 1054; x_wconf 85' lang='lat' dir='ltr'>apud</span> <span class='ocrx_word' id='word_1_475' title='bbox 1239 1018 1388 1054; x_wconf 80' lang='lat' dir='ltr'>Ephesum</span> <span class='ocrx_word' id='word_1_476' title='bbox 1405 1018 1901 1054; x_wconf 74' lang='lat' dir='ltr'>tcmporisbusTheodosiiJunioxis</span> 
     </span>
    </p>
   </div>
   <div class='ocr_carea' id='block_1_81' title="bbox 1073 1061 1900 1102">
    <p class='ocr_par' dir='ltr' id='par_1_81' title="bbox 1073 1061 1900 1102">
     <span class='ocr_line' id='line_1_81' title="bbox 1073 1061 1900 1102; baseline 0.006 -13"><span class='ocrx_word' id='word_1_477' title='bbox 1073 1061 1128 1089; x_wconf 86' lang='lat' dir='ltr'>sub</span> <span class='ocrx_word' id='word_1_478' title='bbox 1140 1062 1296 1090; x_wconf 80' lang='lat' dir='ltr'>Ccelestino</span> <span class='ocrx_word' id='word_1_479' title='bbox 1307 1071 1387 1099; x_wconf 88' lang='lat' dir='ltr'>papa</span> <span class='ocrx_word' id='word_1_480' title='bbox 1403 1064 1548 1091; x_wconf 85' lang='lat' dir='ltr'>Romano.</span> <span class='ocrx_word' id='word_1_481' title='bbox 1566 1063 1619 1091; x_wconf 87' lang='lat' dir='ltr'>Ubi</span> <span class='ocrx_word' id='word_1_482' title='bbox 1631 1063 1761 1093; x_wconf 89' lang='lat' dir='ltr'>interfuit</span> <span class='ocrx_word' id='word_1_483' title='bbox 1774 1066 1900 1102; x_wconf 88' lang='lat' dir='ltr'>Cyrillus</span> 
     </span>
    </p>
   </div>
   <div class='ocr_carea' id='block_1_82' title="bbox 1072 1107 1897 1146">
    <p class='ocr_par' dir='ltr' id='par_1_82' title="bbox 1072 1107 1897 1146">
     <span class='ocr_line' id='line_1_82' title="bbox 1072 1107 1897 1146; baseline 0.005 -12"><span class='ocrx_word' id='word_1_484' title='bbox 1072 1114 1201 1141; x_wconf 81' lang='lat' dir='ltr'>magnus</span> <span class='ocrx_word' id='word_1_485' title='bbox 1216 1107 1330 1142; x_wconf 85' lang='lat' dir='ltr'>doctor,</span> <span class='ocrx_word' id='word_1_486' title='bbox 1343 1110 1369 1134; x_wconf 90' lang='lat' dir='ltr'>et</span> <span class='ocrx_word' id='word_1_487' title='bbox 1380 1107 1549 1143; x_wconf 86' lang='lat' dir='ltr'>patriarcha</span> <span class='ocrx_word' id='word_1_488' title='bbox 1566 1107 1753 1137; x_wconf 63' lang='lat' dir='ltr'>Alexandriae</span> <span class='ocrx_word' id='word_1_489' title='bbox 1772 1113 1801 1137; x_wconf 88' lang='lat' dir='ltr'>et</span> <span class='ocrx_word' id='word_1_490' title='bbox 1830 1118 1897 1146; x_wconf 89' lang='lat' dir='ltr'>pro-</span> 
     </span>
    </p>
   </div>
   <div class='ocr_carea' id='block_1_83' title="bbox 1071 1151 1897 1186">
    <p class='ocr_par' dir='ltr' id='par_1_83' title="bbox 1071 1151 1897 1186">
     <span class='ocr_line' id='line_1_83' title="bbox 1071 1151 1897 1186; baseline 0.005 -8"><span class='ocrx_word' id='word_1_491' title='bbox 1071 1154 1221 1186; x_wconf 84' lang='lat' dir='ltr'>pugnator</span> <span class='ocrx_word' id='word_1_492' title='bbox 1235 1151 1386 1186; x_wconf 79' lang='lat' dir='ltr'>Ecclesiae,</span> <span class='ocrx_word' id='word_1_493' title='bbox 1403 1153 1532 1180; x_wconf 84' lang='lat' dir='ltr'>Joannes</span> <span class='ocrx_word' id='word_1_494' title='bbox 1547 1152 1720 1186; x_wconf 72' lang='lat' dir='ltr'>Antiochim,</span> <span class='ocrx_word' id='word_1_495' title='bbox 1747 1155 1897 1182; x_wconf 76' lang='lat' dir='ltr'>Iuvenalis</span> 
     </span>
    </p>
   </div>
   <div class='ocr_carea' id='block_1_84' title="bbox 1072 1196 1897 1233">
    <p class='ocr_par' dir='ltr' id='par_1_84' title="bbox 1072 1196 1897 1233">
     <span class='ocr_line' id='line_1_84' title="bbox 1072 1196 1897 1233; baseline 0.005 -9"><span class='ocrx_word' id='word_1_496' title='bbox 1072 1196 1357 1232; x_wconf 87' lang='lat' dir='ltr'>Hierosolymorum,</span> <span class='ocrx_word' id='word_1_497' title='bbox 1367 1200 1394 1224; x_wconf 87' lang='lat' dir='ltr'>et</span> <span class='ocrx_word' id='word_1_498' title='bbox 1403 1198 1539 1225; x_wconf 84' lang='lat' dir='ltr'>Memnon</span> <span class='ocrx_word' id='word_1_499' title='bbox 1551 1197 1756 1233; x_wconf 89' lang='lat' dir='ltr'>Ephesiorum.</span> <span class='ocrx_word' id='word_1_500' title='bbox 1770 1200 1897 1228; x_wconf 70' lang='lat' dir='ltr'>Praaerat</span> 
     </span>
    </p>
   </div>
   <div class='ocr_carea' id='block_1_85' title="bbox 1072 1241 1897 1278">
    <p class='ocr_par' dir='ltr' id='par_1_85' title="bbox 1072 1241 1897 1278">
     <span class='ocr_line' id='line_1_85' title="bbox 1072 1241 1897 1278; baseline 0.002 -9"><span class='ocrx_word' id='word_1_501' title='bbox 1072 1244 1172 1269; x_wconf 88' lang='lat' dir='ltr'>autem</span> <span class='ocrx_word' id='word_1_502' title='bbox 1185 1244 1255 1269; x_wconf 89' lang='lat' dir='ltr'>tunc</span> <span class='ocrx_word' id='word_1_503' title='bbox 1272 1241 1412 1277; x_wconf 88' lang='lat' dir='ltr'>temporis</span> <span class='ocrx_word' id='word_1_504' title='bbox 1421 1241 1484 1269; x_wconf 88' lang='lat' dir='ltr'>sedi</span> <span class='ocrx_word' id='word_1_505' title='bbox 1494 1242 1831 1278; x_wconf 73' lang='lat' dir='ltr'>Coustantincpolitanze</span> <span class='ocrx_word' id='word_1_506' title='bbox 1845 1244 1897 1271; x_wconf 89' lang='lat' dir='ltr'>im-</span> 
     </span>
    </p>
   </div>
   <div class='ocr_carea' id='block_1_86' title="bbox 1071 1285 1898 1323">
    <p class='ocr_par' dir='ltr' id='par_1_86' title="bbox 1071 1285 1898 1323">
     <span class='ocr_line' id='line_1_86' title="bbox 1071 1285 1898 1323; baseline 0.002 -10"><span class='ocrx_word' id='word_1_507' title='bbox 1071 1285 1139 1321; x_wconf 89' lang='lat' dir='ltr'>pius</span> <span class='ocrx_word' id='word_1_508' title='bbox 1162 1286 1313 1313; x_wconf 85' lang='lat' dir='ltr'>Nestorius</span> <span class='ocrx_word' id='word_1_509' title='bbox 1339 1286 1413 1313; x_wconf 88' lang='lat' dir='ltr'>Cum</span> <span class='ocrx_word' id='word_1_510' title='bbox 1438 1286 1485 1313; x_wconf 89' lang='lat' dir='ltr'>his</span> <span class='ocrx_word' id='word_1_511' title='bbox 1513 1286 1614 1323; x_wconf 88' lang='lat' dir='ltr'>itaque</span> <span class='ocrx_word' id='word_1_512' title='bbox 1635 1287 1744 1315; x_wconf 89' lang='lat' dir='ltr'>sanctis</span> <span class='ocrx_word' id='word_1_513' title='bbox 1760 1287 1898 1315; x_wconf 82' lang='lat' dir='ltr'>Patribus</span> 
     </span>
    </p>
   </div>
   <div class='ocr_carea' id='block_1_87' title="bbox 1071 1330 1898 1367">
    <p class='ocr_par' dir='ltr' id='par_1_87' title="bbox 1071 1330 1898 1367">
     <span class='ocr_line' id='line_1_87' title="bbox 1071 1330 1898 1367; baseline 0.002 -9"><span class='ocrx_word' id='word_1_514' title='bbox 1071 1331 1191 1358; x_wconf 88' lang='lat' dir='ltr'>fuerunt</span> <span class='ocrx_word' id='word_1_515' title='bbox 1205 1333 1233 1358; x_wconf 89' lang='lat' dir='ltr'>et</span> <span class='ocrx_word' id='word_1_516' title='bbox 1252 1330 1301 1359; x_wconf 88' lang='lat' dir='ltr'>alii</span> <span class='ocrx_word' id='word_1_517' title='bbox 1320 1330 1416 1358; x_wconf 82' lang='lat' dir='ltr'>sancti</span> <span class='ocrx_word' id='word_1_518' title='bbox 1435 1339 1528 1367; x_wconf 84' lang='lat' dir='ltr'>quam</span> <span class='ocrx_word' id='word_1_519' title='bbox 1548 1331 1659 1367; x_wconf 88' lang='lat' dir='ltr'>plures,</span> <span class='ocrx_word' id='word_1_520' title='bbox 1679 1339 1809 1360; x_wconf 86' lang='lat' dir='ltr'>numero</span> <span class='ocrx_word' id='word_1_521' title='bbox 1847 1332 1898 1360; x_wconf 75' lang='lat' dir='ltr'>du—</span> 
     </span>
    </p>
   </div>
   <div class='ocr_carea' id='block_1_88' title="bbox 1070 1376 1899 1413">
    <p class='ocr_par' dir='ltr' id='par_1_88' title="bbox 1070 1376 1899 1413">
     <span class='ocr_line' id='line_1_88' title="bbox 1070 1376 1899 1413; baseline 0.001 -10"><span class='ocrx_word' id='word_1_522' title='bbox 1070 1376 1156 1404; x_wconf 88' lang='lat' dir='ltr'>ceuti.</span> <span class='ocrx_word' id='word_1_523' title='bbox 1166 1377 1374 1404; x_wconf 85' lang='lat' dir='ltr'>Convenerunt</span> <span class='ocrx_word' id='word_1_524' title='bbox 1388 1377 1488 1403; x_wconf 88' lang='lat' dir='ltr'>autem</span> <span class='ocrx_word' id='word_1_525' title='bbox 1497 1377 1709 1413; x_wconf 89' lang='lat' dir='ltr'>contraipsum</span> <span class='ocrx_word' id='word_1_526' title='bbox 1734 1377 1899 1405; x_wconf 84' lang='lat' dir='ltr'>Nestorium</span> 
     </span>
    </p>
   </div>
   <div class='ocr_carea' id='block_1_89' title="bbox 1070 1419 1889 1456">
    <p class='ocr_par' dir='ltr' id='par_1_89' title="bbox 1070 1419 1889 1456">
     <span class='ocr_line' id='line_1_89' title="bbox 1070 1419 1889 1456; baseline 0.004 -9"><span class='ocrx_word' id='word_1_527' title='bbox 1070 1419 1436 1456; x_wconf 84' lang='lat' dir='ltr'>anthropolatriensem,id</span> <span class='ocrx_word' id='word_1_528' title='bbox 1446 1423 1490 1448; x_wconf 92' lang='lat' dir='ltr'>est</span> <span class='ocrx_word' id='word_1_529' title='bbox 1500 1421 1630 1449; x_wconf 88' lang='lat' dir='ltr'>hominis</span> <span class='ocrx_word' id='word_1_530' title='bbox 1646 1422 1787 1449; x_wconf 89' lang='lat' dir='ltr'>cultorem</span> <span class='ocrx_word' id='word_1_531' title='bbox 1803 1422 1889 1450; x_wconf 87' lang='lat' dir='ltr'>:Chri</span> 
     </span>
    </p>
   </div>
   <div class='ocr_carea' id='block_1_90' title="bbox 1070 1464 1896 1502">
    <p class='ocr_par' dir='ltr' id='par_1_90' title="bbox 1070 1464 1896 1502">
     <span class='ocr_line' id='line_1_90' title="bbox 1070 1464 1896 1502; baseline 0.001 -9"><span class='ocrx_word' id='word_1_532' title='bbox 1070 1468 1147 1493; x_wconf 90' lang='lat' dir='ltr'>stum</span> <span class='ocrx_word' id='word_1_533' title='bbox 1164 1468 1354 1501; x_wconf 86' lang='lat' dir='ltr'>separantem</span> <span class='ocrx_word' id='word_1_534' title='bbox 1374 1467 1402 1492; x_wconf 89' lang='lat' dir='ltr'>et</span> <span class='ocrx_word' id='word_1_535' title='bbox 1416 1464 1609 1493; x_wconf 87' lang='lat' dir='ltr'>dividentem.</span> <span class='ocrx_word' id='word_1_536' title='bbox 1644 1466 1764 1494; x_wconf 86' lang='lat' dir='ltr'>Dicebat</span> <span class='ocrx_word' id='word_1_537' title='bbox 1795 1466 1896 1502; x_wconf 90' lang='lat' dir='ltr'>ipsum</span> 
     </span>
    </p>
   </div>
   <div class='ocr_carea' id='block_1_91' title="bbox 1069 1510 1898 1545">
    <p class='ocr_par' dir='ltr' id='par_1_91' title="bbox 1069 1510 1898 1545">
     <span class='ocr_line' id='line_1_91' title="bbox 1069 1510 1898 1545; baseline 0.001 -7"><span class='ocrx_word' id='word_1_538' title='bbox 1069 1510 1222 1538; x_wconf 90' lang='lat' dir='ltr'>hominem</span> <span class='ocrx_word' id='word_1_539' title='bbox 1236 1517 1300 1538; x_wconf 90' lang='lat' dir='ltr'>esse</span> <span class='ocrx_word' id='word_1_540' title='bbox 1314 1517 1435 1545; x_wconf 87' lang='lat' dir='ltr'>purum,</span> <span class='ocrx_word' id='word_1_541' title='bbox 1456 1511 1556 1537; x_wconf 85' lang='lat' dir='ltr'>etnon</span> <span class='ocrx_word' id='word_1_542' title='bbox 1571 1511 1667 1538; x_wconf 89' lang='lat' dir='ltr'>Deum</span> <span class='ocrx_word' id='word_1_543' title='bbox 1693 1511 1898 1540; x_wconf 86' lang='lat' dir='ltr'>incarnatum.</span> 
     </span>
    </p>
   </div>
   <div class='ocr_carea' id='block_1_92' title="bbox 1070 1554 1896 1592">
    <p class='ocr_par' dir='ltr' id='par_1_92' title="bbox 1070 1554 1896 1592">
     <span class='ocr_line' id='line_1_92' title="bbox 1070 1554 1896 1592; baseline 0.001 -10"><span class='ocrx_word' id='word_1_544' title='bbox 1070 1556 1148 1582; x_wconf 88' lang='lat' dir='ltr'>Duos</span> <span class='ocrx_word' id='word_1_545' title='bbox 1163 1554 1240 1582; x_wconf 85' lang='lat' dir='ltr'>ﬁlios</span> <span class='ocrx_word' id='word_1_546' title='bbox 1255 1554 1285 1581; x_wconf 89' lang='lat' dir='ltr'>in</span> <span class='ocrx_word' id='word_1_547' title='bbox 1302 1562 1362 1582; x_wconf 89' lang='lat' dir='ltr'>uno</span> <span class='ocrx_word' id='word_1_548' title='bbox 1375 1554 1488 1582; x_wconf 87' lang='lat' dir='ltr'>Christo</span> <span class='ocrx_word' id='word_1_549' title='bbox 1505 1555 1563 1582; x_wconf 91' lang='lat' dir='ltr'>Deo</span> <span class='ocrx_word' id='word_1_550' title='bbox 1579 1555 1691 1583; x_wconf 90' lang='lat' dir='ltr'>docens</span> <span class='ocrx_word' id='word_1_551' title='bbox 1703 1557 1729 1583; x_wconf 89' lang='lat' dir='ltr'>et</span> <span class='ocrx_word' id='word_1_552' title='bbox 1741 1555 1820 1583; x_wconf 88' lang='lat' dir='ltr'>duas</span> <span class='ocrx_word' id='word_1_553' title='bbox 1834 1563 1896 1592; x_wconf 88' lang='lat' dir='ltr'>per—</span> 
     </span>
    </p>
   </div>
   <div class='ocr_carea' id='block_1_93' title="bbox 1069 1599 1895 1635">
    <p class='ocr_par' dir='ltr' id='par_1_93' title="bbox 1069 1599 1895 1635">
     <span class='ocr_line' id='line_1_93' title="bbox 1069 1599 1895 1635; baseline 0 -8"><span class='ocrx_word' id='word_1_554' title='bbox 1069 1599 1262 1628; x_wconf 88' lang='lat' dir='ltr'>sonas.Unde</span> <span class='ocrx_word' id='word_1_555' title='bbox 1276 1606 1330 1626; x_wconf 82' lang='lat' dir='ltr'>nec</span> <span class='ocrx_word' id='word_1_556' title='bbox 1343 1601 1479 1626; x_wconf 88' lang='lat' dir='ltr'>sanctam</span> <span class='ocrx_word' id='word_1_557' title='bbox 1495 1599 1617 1627; x_wconf 85' lang='lat' dir='ltr'>Mariam</span> <span class='ocrx_word' id='word_1_558' title='bbox 1639 1599 1798 1634; x_wconf 81' lang='lat' dir='ltr'>Virginem,</span> <span class='ocrx_word' id='word_1_559' title='bbox 1832 1608 1895 1635; x_wconf 74' lang='lat' dir='ltr'>quzc</span> 
     </span>
    </p>
   </div>
   <div class='ocr_carea' id='block_1_94' title="bbox 1066 1643 1891 1681">
    <p class='ocr_par' dir='ltr' id='par_1_94' title="bbox 1066 1643 1891 1681">
     <span class='ocr_line' id='line_1_94' title="bbox 1066 1643 1891 1681; baseline 0 -9"><span class='ocrx_word' id='word_1_560' title='bbox 1066 1644 1180 1681; x_wconf 84' lang='lat' dir='ltr'>peperit</span> <span class='ocrx_word' id='word_1_561' title='bbox 1208 1644 1310 1680; x_wconf 87' lang='lat' dir='ltr'>ipsum</span> <span class='ocrx_word' id='word_1_562' title='bbox 1339 1643 1486 1671; x_wconf 89' lang='lat' dir='ltr'>Christum</span> <span class='ocrx_word' id='word_1_563' title='bbox 1513 1645 1624 1677; x_wconf 88' lang='lat' dir='ltr'>Jesum,</span> <span class='ocrx_word' id='word_1_564' title='bbox 1650 1645 1766 1670; x_wconf 58' lang='lat'>059767.02</span> <span class='ocrx_word' id='word_1_565' title='bbox 1783 1645 1816 1672; x_wconf 83' lang='lat' dir='ltr'>id</span> <span class='ocrx_word' id='word_1_566' title='bbox 1842 1648 1891 1677; x_wconf 88' lang='lat' dir='ltr'>est,</span> 
     </span>
    </p>
   </div>
   <div class='ocr_carea' id='block_1_95' title="bbox 1068 1688 1892 1724">
    <p class='ocr_par' dir='ltr' id='par_1_95' title="bbox 1068 1688 1892 1724">
     <span class='ocr_line' id='line_1_95' title="bbox 1068 1688 1892 1724; baseline 0.001 -8"><span class='ocrx_word' id='word_1_567' title='bbox 1068 1689 1117 1717; x_wconf 88' lang='lat' dir='ltr'>Dei</span> <span class='ocrx_word' id='word_1_568' title='bbox 1139 1688 1326 1723; x_wconf 86' lang='lat' dir='ltr'>Genitricem,</span> <span class='ocrx_word' id='word_1_569' title='bbox 1343 1688 1394 1716; x_wconf 88' lang='lat' dir='ltr'>sed</span> <span class='ocrx_word' id='word_1_570' title='bbox 1425 1690 1601 1724; x_wconf 76' lang='grc' dir='ltr'>Χριστοτόκον</span> <span class='ocrx_word' id='word_1_571' title='bbox 1627 1689 1807 1717; x_wconf 87' lang='lat' dir='ltr'>nominibat.</span> <span class='ocrx_word' id='word_1_572' title='bbox 1837 1691 1892 1717; x_wconf 89' lang='lat' dir='ltr'>Hu-</span> 
     </span>
    </p>
   </div>
   <div class='ocr_carea' id='block_1_96' title="bbox 1063 1732 1891 1769">
    <p class='ocr_par' dir='ltr' id='par_1_96' title="bbox 1063 1732 1891 1769">
     <span class='ocr_line' id='line_1_96' title="bbox 1063 1732 1891 1769; baseline 0.001 -9"><span class='ocrx_word' id='word_1_573' title='bbox 1063 1734 1113 1768; x_wconf 86' lang='lat' dir='ltr'>jus</span> <span class='ocrx_word' id='word_1_574' title='bbox 1129 1733 1169 1760; x_wconf 91' lang='lat' dir='ltr'>rei</span> <span class='ocrx_word' id='word_1_575' title='bbox 1182 1733 1274 1769; x_wconf 81' lang='lat' dir='ltr'>gratiu</span> <span class='ocrx_word' id='word_1_576' title='bbox 1283 1733 1361 1761; x_wconf 85' lang='lat' dir='ltr'>dicta</span> <span class='ocrx_word' id='word_1_577' title='bbox 1368 1732 1503 1768; x_wconf 86' lang='lat' dir='ltr'>synodus</span> <span class='ocrx_word' id='word_1_578' title='bbox 1513 1737 1752 1769; x_wconf 78' lang='lat' dir='ltr'>perseverantem</span> <span class='ocrx_word' id='word_1_579' title='bbox 1763 1733 1795 1761; x_wconf 83' lang='lat' dir='ltr'>in</span> <span class='ocrx_word' id='word_1_580' title='bbox 1815 1734 1891 1761; x_wconf 86' lang='lat' dir='ltr'>dicta</span> 
     </span>
    </p>
   </div>
   <div class='ocr_carea' id='block_1_97' title="bbox 1064 1777 1890 1814">
    <p class='ocr_par' dir='ltr' id='par_1_97' title="bbox 1064 1777 1890 1814">
     <span class='ocr_line' id='line_1_97' title="bbox 1064 1777 1890 1814; baseline -0.001 -9"><span class='ocrx_word' id='word_1_581' title='bbox 1064 1777 1253 1814; x_wconf 86' lang='lat' dir='ltr'>blasphemia</span> <span class='ocrx_word' id='word_1_582' title='bbox 1273 1777 1420 1813; x_wconf 76' lang='lat' dir='ltr'>depOSuit,</span> <span class='ocrx_word' id='word_1_583' title='bbox 1442 1780 1589 1814; x_wconf 85' lang='lat' dir='ltr'>tanquam</span> <span class='ocrx_word' id='word_1_584' title='bbox 1609 1778 1742 1810; x_wconf 78' lang='lat' dir='ltr'>Judaiec,</span> <span class='ocrx_word' id='word_1_585' title='bbox 1761 1777 1890 1814; x_wconf 50' lang='lat' dir='ltr'>avopamm</span> 
     </span>
    </p>
   </div>
   <div class='ocr_carea' id='block_1_98' title="bbox 1064 1822 1888 1859">
    <p class='ocr_par' dir='ltr' id='par_1_98' title="bbox 1064 1822 1888 1859">
     <span class='ocr_line' id='line_1_98' title="bbox 1064 1822 1888 1859; baseline 0.002 -11"><span class='ocrx_word' id='word_1_586' title='bbox 1064 1822 1160 1859; x_wconf 71' lang='grc' dir='ltr'>λάτρην</span> <span class='ocrx_word' id='word_1_587' title='bbox 1180 1825 1209 1850; x_wconf 88' lang='lat' dir='ltr'>et</span> <span class='ocrx_word' id='word_1_588' title='bbox 1229 1822 1357 1858; x_wconf 84' lang='lat' dir='ltr'>proprie,</span> <span class='ocrx_word' id='word_1_589' title='bbox 1380 1824 1406 1849; x_wconf 92' lang='lat' dir='ltr'>et</span> <span class='ocrx_word' id='word_1_590' title='bbox 1426 1830 1492 1849; x_wconf 91' lang='lat' dir='ltr'>vere</span> <span class='ocrx_word' id='word_1_591' title='bbox 1510 1822 1559 1850; x_wconf 83' lang='lat' dir='ltr'>Dei</span> <span class='ocrx_word' id='word_1_592' title='bbox 1575 1822 1761 1855; x_wconf 89' lang='lat' dir='ltr'>Genitriccm,</span> <span class='ocrx_word' id='word_1_593' title='bbox 1792 1822 1888 1850; x_wconf 90' lang='lat' dir='ltr'>omni-</span> 
     </span>
    </p>
   </div>
   <div class='ocr_carea' id='block_1_99' title="bbox 1064 1866 1889 1901">
    <p class='ocr_par' dir='ltr' id='par_1_99' title="bbox 1064 1866 1889 1901">
     <span class='ocr_line' id='line_1_99' title="bbox 1064 1866 1889 1901; baseline 0 -7"><span class='ocrx_word' id='word_1_594' title='bbox 1064 1866 1171 1894; x_wconf 79' lang='lat' dir='ltr'>fariam</span> <span class='ocrx_word' id='word_1_595' title='bbox 1182 1868 1317 1894; x_wconf 84' lang='lat' dir='ltr'>sanctam</span> <span class='ocrx_word' id='word_1_596' title='bbox 1330 1866 1477 1901; x_wconf 83' lang='lat' dir='ltr'>Virginem</span> <span class='ocrx_word' id='word_1_597' title='bbox 1494 1866 1614 1894; x_wconf 83' lang='lat' dir='ltr'>Mariam</span> <span class='ocrx_word' id='word_1_598' title='bbox 1635 1866 1889 1900; x_wconf 84' lang='lat' dir='ltr'>demonstrarunt,</span> 
     </span>
    </p>
   </div>
   <div class='ocr_carea' id='block_1_100' title="bbox 1064 1910 1889 1947">
    <p class='ocr_par' dir='ltr' id='par_1_100' title="bbox 1064 1910 1889 1947">
     <span class='ocr_line' id='line_1_100' title="bbox 1064 1910 1889 1947; baseline -0.001 -9"><span class='ocrx_word' id='word_1_599' title='bbox 1064 1913 1093 1939; x_wconf 90' lang='lat' dir='ltr'>ct</span> <span class='ocrx_word' id='word_1_600' title='bbox 1111 1919 1191 1946; x_wconf 86' lang='lat' dir='ltr'>eum,</span> <span class='ocrx_word' id='word_1_601' title='bbox 1211 1910 1263 1946; x_wconf 89' lang='lat' dir='ltr'>qui</span> <span class='ocrx_word' id='word_1_602' title='bbox 1282 1919 1317 1938; x_wconf 82' lang='lat' dir='ltr'>ex</span> <span class='ocrx_word' id='word_1_603' title='bbox 1337 1911 1404 1947; x_wconf 88' lang='lat' dir='ltr'>ipsa</span> <span class='ocrx_word' id='word_1_604' title='bbox 1421 1911 1483 1938; x_wconf 90' lang='lat' dir='ltr'>sine</span> <span class='ocrx_word' id='word_1_605' title='bbox 1505 1911 1617 1939; x_wconf 89' lang='lat' dir='ltr'>semine</span> <span class='ocrx_word' id='word_1_606' title='bbox 1636 1911 1812 1939; x_wconf 80' lang='lat' dir='ltr'>incarnatus</span> <span class='ocrx_word' id='word_1_607' title='bbox 1837 1913 1889 1944; x_wconf 85' lang='lat' dir='ltr'>est,</span> 
     </span>
    </p>
   </div>
   <div class='ocr_carea' id='block_1_101' title="bbox 1064 1955 1892 1988">
    <p class='ocr_par' dir='ltr' id='par_1_101' title="bbox 1064 1955 1892 1988">
     <span class='ocr_line' id='line_1_101' title="bbox 1064 1955 1892 1988; baseline -0.001 -5"><span class='ocrx_word' id='word_1_608' title='bbox 1064 1956 1224 1983; x_wconf 90' lang='lat' dir='ltr'>Dominum</span> <span class='ocrx_word' id='word_1_609' title='bbox 1240 1958 1375 1983; x_wconf 89' lang='lat' dir='ltr'>nostrum</span> <span class='ocrx_word' id='word_1_610' title='bbox 1390 1957 1494 1983; x_wconf 84' lang='lat' dir='ltr'>Jesum</span> <span class='ocrx_word' id='word_1_611' title='bbox 1509 1956 1661 1985; x_wconf 87' lang='lat' dir='ltr'>Christum</span> <span class='ocrx_word' id='word_1_612' title='bbox 1673 1955 1778 1983; x_wconf 86' lang='lat' dir='ltr'>Filium</span> <span class='ocrx_word' id='word_1_613' title='bbox 1796 1956 1892 1988; x_wconf 86' lang='lat' dir='ltr'>Dci,et</span> 
     </span>
    </p>
   </div>
   <div class='ocr_carea' id='block_1_102' title="bbox 1064 2000 1538 2037">
    <p class='ocr_par' dir='ltr' id='par_1_102' title="bbox 1064 2000 1538 2037">
     <span class='ocr_line' id='line_1_102' title="bbox 1064 2000 1538 2037; baseline 0 -9"><span class='ocrx_word' id='word_1_614' title='bbox 1064 2002 1157 2028; x_wconf 88' lang='lat' dir='ltr'>Deum</span> <span class='ocrx_word' id='word_1_615' title='bbox 1170 2008 1274 2028; x_wconf 83' lang='lat' dir='ltr'>verum</span> <span class='ocrx_word' id='word_1_616' title='bbox 1291 2000 1538 2037; x_wconf 68' lang='lat' dir='ltr'>prmdicaverunt.</span> 
     </span>
    </p>
   </div>
   <div class='ocr_carea' id='block_1_103' title="bbox 1097 2045 1890 2081">
    <p class='ocr_par' dir='ltr' id='par_1_103' title="bbox 1097 2045 1890 2081">
     <span class='ocr_line' id='line_1_103' title="bbox 1097 2045 1890 2081; baseline 0.001 -9"><span class='ocrx_word' id='word_1_617' title='bbox 1097 2045 1229 2074; x_wconf 85' lang='lat' dir='ltr'>Joannes</span> <span class='ocrx_word' id='word_1_618' title='bbox 1246 2046 1531 2079; x_wconf 82' lang='lat' dir='ltr'>vero,Antioehenus</span> <span class='ocrx_word' id='word_1_619' title='bbox 1546 2046 1726 2081; x_wconf 83' lang='lat' dir='ltr'>patriarcha,</span> <span class='ocrx_word' id='word_1_620' title='bbox 1738 2046 1890 2074; x_wconf 86' lang='lat' dir='ltr'>contrista-</span> 
     </span>
    </p>
   </div>
   <div class='ocr_carea' id='block_1_104' title="bbox 1062 2089 1890 2126">
    <p class='ocr_par' dir='ltr' id='par_1_104' title="bbox 1062 2089 1890 2126">
     <span class='ocr_line' id='line_1_104' title="bbox 1062 2089 1890 2126; baseline -0.001 -8"><span class='ocrx_word' id='word_1_621' title='bbox 1062 2093 1119 2125; x_wconf 90' lang='lat' dir='ltr'>tus,</span> <span class='ocrx_word' id='word_1_622' title='bbox 1131 2090 1213 2126; x_wconf 87' lang='lat' dir='ltr'>quod</span> <span class='ocrx_word' id='word_1_623' title='bbox 1221 2090 1284 2117; x_wconf 78' lang='lat' dir='ltr'>sine</span> <span class='ocrx_word' id='word_1_624' title='bbox 1299 2090 1366 2126; x_wconf 88' lang='lat' dir='ltr'>ipso</span> <span class='ocrx_word' id='word_1_625' title='bbox 1380 2089 1536 2126; x_wconf 87' lang='lat' dir='ltr'>depositus</span> <span class='ocrx_word' id='word_1_626' title='bbox 1555 2090 1659 2118; x_wconf 87' lang='lat' dir='ltr'>fuisset</span> <span class='ocrx_word' id='word_1_627' title='bbox 1672 2090 1836 2123; x_wconf 89' lang='lat' dir='ltr'>Nestorius,</span> <span class='ocrx_word' id='word_1_628' title='bbox 1846 2098 1890 2117; x_wconf 85' lang='lat' dir='ltr'>ac-</span> 
     </span>
    </p>
   </div>
   <div class='ocr_carea' id='block_1_105' title="bbox 1062 2134 1888 2171">
    <p class='ocr_par' dir='ltr' id='par_1_105' title="bbox 1062 2134 1888 2171">
     <span class='ocr_line' id='line_1_105' title="bbox 1062 2134 1888 2171; baseline -0.001 -9"><span class='ocrx_word' id='word_1_629' title='bbox 1062 2134 1174 2171; x_wconf 88' lang='lat' dir='ltr'>cipiens</span> <span class='ocrx_word' id='word_1_630' title='bbox 1189 2135 1241 2170; x_wconf 88' lang='lat' dir='ltr'>qui</span> <span class='ocrx_word' id='word_1_631' title='bbox 1252 2142 1354 2162; x_wconf 83' lang='lat' dir='ltr'>secum</span> <span class='ocrx_word' id='word_1_632' title='bbox 1368 2137 1511 2162; x_wconf 86' lang='lat' dir='ltr'>venerant</span> <span class='ocrx_word' id='word_1_633' title='bbox 1530 2134 1699 2171; x_wconf 88' lang='lat' dir='ltr'>episcopos,</span> <span class='ocrx_word' id='word_1_634' title='bbox 1720 2134 1751 2162; x_wconf 89' lang='lat' dir='ltr'>in</span> <span class='ocrx_word' id='word_1_635' title='bbox 1779 2135 1888 2171; x_wconf 87' lang='lat' dir='ltr'>quibus</span> 
     </span>
    </p>
   </div>
   <div class='ocr_carea' id='block_1_106' title="bbox 1061 2179 1888 2215">
    <p class='ocr_par' dir='ltr' id='par_1_106' title="bbox 1061 2179 1888 2215">
     <span class='ocr_line' id='line_1_106' title="bbox 1061 2179 1888 2215; baseline -0.001 -8"><span class='ocrx_word' id='word_1_636' title='bbox 1061 2179 1364 2207; x_wconf 89' lang='lat' dir='ltr'>eteratTheodoritus</span> <span class='ocrx_word' id='word_1_637' title='bbox 1380 2179 1518 2214; x_wconf 87' lang='lat' dir='ltr'>deposuit</span> <span class='ocrx_word' id='word_1_638' title='bbox 1539 2179 1691 2214; x_wconf 80' lang='lat' dir='ltr'>Cyrillum,</span> <span class='ocrx_word' id='word_1_639' title='bbox 1708 2180 1792 2215; x_wconf 88' lang='lat' dir='ltr'>quod</span> <span class='ocrx_word' id='word_1_640' title='bbox 1807 2179 1888 2207; x_wconf 83' lang='lat' dir='ltr'>nefas</span> 
     </span>
    </p>
   </div>
   <div class='ocr_carea' id='block_1_107' title="bbox 1061 2223 1888 2260">
    <p class='ocr_par' dir='ltr' id='par_1_107' title="bbox 1061 2223 1888 2260">
     <span class='ocr_line' id='line_1_107' title="bbox 1061 2223 1888 2260; baseline 0 -9"><span class='ocrx_word' id='word_1_641' title='bbox 1061 2227 1106 2252; x_wconf 90' lang='lat' dir='ltr'>est</span> <span class='ocrx_word' id='word_1_642' title='bbox 1119 2224 1228 2258; x_wconf 87' lang='lat' dir='ltr'>dicere,</span> <span class='ocrx_word' id='word_1_643' title='bbox 1239 2224 1292 2260; x_wconf 88' lang='lat' dir='ltr'>qui</span> <span class='ocrx_word' id='word_1_644' title='bbox 1307 2224 1396 2252; x_wconf 88' lang='lat' dir='ltr'>etiam</span> <span class='ocrx_word' id='word_1_645' title='bbox 1410 2224 1440 2251; x_wconf 89' lang='lat' dir='ltr'>in</span> <span class='ocrx_word' id='word_1_646' title='bbox 1458 2224 1525 2259; x_wconf 88' lang='lat' dir='ltr'>ipso</span> <span class='ocrx_word' id='word_1_647' title='bbox 1541 2224 1689 2259; x_wconf 81' lang='lat' dir='ltr'>Ephesino</span> <span class='ocrx_word' id='word_1_648' title='bbox 1710 2223 1837 2252; x_wconf 83' lang='lat' dir='ltr'>concilio</span> <span class='ocrx_word' id='word_1_649' title='bbox 1848 2223 1888 2251; x_wconf 92' lang='lat' dir='ltr'>lo-</span> 
     </span>
    </p>
   </div>
   <div class='ocr_carea' id='block_1_108' title="bbox 1060 2267 1888 2304">
    <p class='ocr_par' dir='ltr' id='par_1_108' title="bbox 1060 2267 1888 2304">
     <span class='ocr_line' id='line_1_108' title="bbox 1060 2267 1888 2304; baseline 0 -9"><span class='ocrx_word' id='word_1_650' title='bbox 1060 2277 1129 2296; x_wconf 86' lang='lat' dir='ltr'>cum</span> <span class='ocrx_word' id='word_1_651' title='bbox 1143 2268 1252 2296; x_wconf 88' lang='lat' dir='ltr'>summi</span> <span class='ocrx_word' id='word_1_652' title='bbox 1268 2268 1417 2304; x_wconf 84' lang='lat' dir='ltr'>pontiﬁcis</span> <span class='ocrx_word' id='word_1_653' title='bbox 1430 2267 1593 2300; x_wconf 85' lang='lat' dir='ltr'>obtinebat,</span> <span class='ocrx_word' id='word_1_654' title='bbox 1606 2268 1696 2296; x_wconf 73' lang='lat' dir='ltr'>veluti</span> <span class='ocrx_word' id='word_1_655' title='bbox 1708 2270 1817 2304; x_wconf 66' lang='lat' dir='ltr'>praeter</span> <span class='ocrx_word' id='word_1_656' title='bbox 1844 2276 1888 2295; x_wconf 39' lang='lat' dir='ltr'>cav</span> 
     </span>
    </p>
   </div>
   <div class='ocr_carea' id='block_1_109' title="bbox 1059 2313 1886 2348">
    <p class='ocr_par' dir='ltr' id='par_1_109' title="bbox 1059 2313 1886 2348">
     <span class='ocr_line' id='line_1_109' title="bbox 1059 2313 1886 2348; baseline 0 -8"><span class='ocrx_word' id='word_1_657' title='bbox 1059 2321 1153 2340; x_wconf 78' lang='lat' dir='ltr'>nones</span> <span class='ocrx_word' id='word_1_658' title='bbox 1161 2313 1297 2340; x_wconf 75' lang='lat' dir='ltr'>Ecclesiae</span> <span class='ocrx_word' id='word_1_659' title='bbox 1308 2313 1541 2340; x_wconf 82' lang='lat' dir='ltr'>dictamfecissct</span> <span class='ocrx_word' id='word_1_660' title='bbox 1553 2313 1751 2348; x_wconf 84' lang='lat' dir='ltr'>synodum.Et</span> <span class='ocrx_word' id='word_1_661' title='bbox 1763 2313 1803 2340; x_wconf 87' lang='lat' dir='ltr'>ita</span> <span class='ocrx_word' id='word_1_662' title='bbox 1812 2313 1886 2340; x_wconf 80' lang='lat' dir='ltr'>fecit.</span> 
     </span>
    </p>
   </div>
   <div class='ocr_carea' id='block_1_110' title="bbox 1059 2357 1887 2386">
    <p class='ocr_par' dir='ltr' id='par_1_110' title="bbox 1059 2357 1887 2386">
     <span class='ocr_line' id='line_1_110' title="bbox 1059 2357 1887 2386; baseline -0.002 0"><span class='ocrx_word' id='word_1_663' title='bbox 1059 2358 1274 2386; x_wconf 87' lang='lat' dir='ltr'>schismainter</span> <span class='ocrx_word' id='word_1_664' title='bbox 1289 2366 1350 2386; x_wconf 79' lang='lat' dir='ltr'>eos.</span> <span class='ocrx_word' id='word_1_665' title='bbox 1367 2359 1471 2386; x_wconf 83' lang='lat' dir='ltr'>Postea</span> <span class='ocrx_word' id='word_1_666' title='bbox 1486 2366 1557 2386; x_wconf 85' lang='lat' dir='ltr'>vero</span> <span class='ocrx_word' id='word_1_667' title='bbox 1571 2366 1642 2386; x_wconf 86' lang='lat' dir='ltr'>cura</span> <span class='ocrx_word' id='word_1_668' title='bbox 1653 2361 1680 2385; x_wconf 91' lang='lat' dir='ltr'>et</span> <span class='ocrx_word' id='word_1_669' title='bbox 1691 2357 1887 2385; x_wconf 86' lang='lat' dir='ltr'>sollicitudine</span> 
     </span>
    </p>
   </div>
   <div class='ocr_carea' id='block_1_111' title="bbox 1060 2402 1888 2439">
    <p class='ocr_par' dir='ltr' id='par_1_111' title="bbox 1060 2402 1888 2439">
     <span class='ocr_line' id='line_1_111' title="bbox 1060 2402 1888 2439; baseline -0.004 -8"><span class='ocrx_word' id='word_1_670' title='bbox 1060 2403 1194 2439; x_wconf 88' lang='lat' dir='ltr'>ejusdem</span> <span class='ocrx_word' id='word_1_671' title='bbox 1209 2402 1399 2438; x_wconf 87' lang='lat' dir='ltr'>imperatoris</span> <span class='ocrx_word' id='word_1_672' title='bbox 1413 2402 1521 2430; x_wconf 87' lang='lat' dir='ltr'>iterum</span> <span class='ocrx_word' id='word_1_673' title='bbox 1533 2403 1607 2430; x_wconf 90' lang='lat' dir='ltr'>uniti</span> <span class='ocrx_word' id='word_1_674' title='bbox 1622 2403 1743 2430; x_wconf 84' lang='lat' dir='ltr'>fuerunt</span> <span class='ocrx_word' id='word_1_675' title='bbox 1760 2408 1888 2430; x_wconf 87' lang='lat' dir='ltr'>consen-</span> 
     </span>
    </p>
   </div>
   <div class='ocr_carea' id='block_1_112' title="bbox 1059 2446 1888 2483">
    <p class='ocr_par' dir='ltr' id='par_1_112' title="bbox 1059 2446 1888 2483">
     <span class='ocr_line' id='line_1_112' title="bbox 1059 2446 1888 2483; baseline -0.006 -6"><span class='ocrx_word' id='word_1_676' title='bbox 1059 2448 1162 2478; x_wconf 89' lang='lat' dir='ltr'>tientes</span> <span class='ocrx_word' id='word_1_677' title='bbox 1175 2447 1206 2475; x_wconf 88' lang='lat' dir='ltr'>in</span> <span class='ocrx_word' id='word_1_678' title='bbox 1226 2455 1330 2475; x_wconf 87' lang='lat' dir='ltr'>unum.</span> <span class='ocrx_word' id='word_1_679' title='bbox 1353 2447 1504 2476; x_wconf 81' lang='lat' dir='ltr'>Nestorius</span> <span class='ocrx_word' id='word_1_680' title='bbox 1523 2447 1624 2483; x_wconf 86' lang='lat' dir='ltr'>itaque</span> <span class='ocrx_word' id='word_1_681' title='bbox 1644 2446 1755 2482; x_wconf 88' lang='lat' dir='ltr'>impius</span> <span class='ocrx_word' id='word_1_682' title='bbox 1780 2446 1888 2474; x_wconf 86' lang='lat' dir='ltr'>missus</span> 
     </span>
    </p>
   </div>
   <div class='ocr_carea' id='block_1_113' title="bbox 1060 2491 1310 2520">
    <p class='ocr_par' dir='ltr' id='par_1_113' title="bbox 1060 2491 1310 2520">
     <span class='ocr_line' id='line_1_113' title="bbox 1060 2491 1310 2520; baseline -0.008 0"><span class='ocrx_word' id='word_1_683' title='bbox 1060 2495 1103 2520; x_wconf 91' lang='lat' dir='ltr'>est</span> <span class='ocrx_word' id='word_1_684' title='bbox 1117 2492 1146 2519; x_wconf 89' lang='lat' dir='ltr'>in</span> <span class='ocrx_word' id='word_1_685' title='bbox 1162 2491 1310 2519; x_wconf 79' lang='lat' dir='ltr'>exsilium.</span> 
     </span>
    </p>
   </div>
   <div class='ocr_carea' id='block_1_114' title="bbox 1096 2533 1887 2572">
    <p class='ocr_par' dir='ltr' id='par_1_114' title="bbox 1096 2533 1887 2572">
     <span class='ocr_line' id='line_1_114' title="bbox 1096 2533 1887 2572; baseline -0.005 -7"><span class='ocrx_word' id='word_1_686' title='bbox 1096 2536 1233 2565; x_wconf 87' lang='lat' dir='ltr'>Secunda</span> <span class='ocrx_word' id='word_1_687' title='bbox 1248 2544 1319 2571; x_wconf 77' lang='lat' dir='ltr'>ergo</span> <span class='ocrx_word' id='word_1_688' title='bbox 1339 2536 1484 2572; x_wconf 82' lang='lat' dir='ltr'>synodus,</span> <span class='ocrx_word' id='word_1_689' title='bbox 1505 2544 1574 2572; x_wconf 78' lang='lat' dir='ltr'>quae</span> <span class='ocrx_word' id='word_1_690' title='bbox 1594 2535 1701 2564; x_wconf 89' lang='lat' dir='ltr'>eodem</span> <span class='ocrx_word' id='word_1_691' title='bbox 1724 2533 1887 2563; x_wconf 88' lang='lat' dir='ltr'>Theodosio</span> 
     </span>
    </p>
   </div>
   <div class='ocr_carea' id='block_1_115' title="bbox 1059 2579 1887 2617">
    <p class='ocr_par' dir='ltr' id='par_1_115' title="bbox 1059 2579 1887 2617">
     <span class='ocr_line' id='line_1_115' title="bbox 1059 2579 1887 2617; baseline -0.004 -8"><span class='ocrx_word' id='word_1_692' title='bbox 1059 2582 1180 2609; x_wconf 86' lang='lat' dir='ltr'>Juniore</span> <span class='ocrx_word' id='word_1_693' title='bbox 1195 2581 1225 2609; x_wconf 91' lang='lat' dir='ltr'>in</span> <span class='ocrx_word' id='word_1_694' title='bbox 1242 2581 1356 2617; x_wconf 82' lang='lat' dir='ltr'>Epheso</span> <span class='ocrx_word' id='word_1_695' title='bbox 1376 2581 1455 2608; x_wconf 86' lang='lat' dir='ltr'>facta</span> <span class='ocrx_word' id='word_1_696' title='bbox 1474 2583 1527 2614; x_wconf 88' lang='lat' dir='ltr'>est,</span> <span class='ocrx_word' id='word_1_697' title='bbox 1549 2583 1694 2616; x_wconf 87' lang='lat' dir='ltr'>tanquam</span> <span class='ocrx_word' id='word_1_698' title='bbox 1716 2579 1826 2607; x_wconf 86' lang='lat' dir='ltr'>furtiva</span> <span class='ocrx_word' id='word_1_699' title='bbox 1861 2579 1887 2606; x_wconf 90' lang='lat' dir='ltr'>et</span> 
     </span>
    </p>
   </div>
   <div class='ocr_carea' id='block_1_116' title="bbox 1059 2624 1886 2662">
    <p class='ocr_par' dir='ltr' id='par_1_116' title="bbox 1059 2624 1886 2662">
     <span class='ocr_line' id='line_1_116' title="bbox 1059 2624 1886 2662; baseline -0.005 -8"><span class='ocrx_word' id='word_1_700' title='bbox 1059 2625 1189 2662; x_wconf 82' lang='lat' dir='ltr'>reproba</span> <span class='ocrx_word' id='word_1_701' title='bbox 1203 2625 1340 2653; x_wconf 88' lang='lat' dir='ltr'>habetur.</span> <span class='ocrx_word' id='word_1_702' title='bbox 1358 2624 1392 2652; x_wconf 84' lang='lat' dir='ltr'>Et</span> <span class='ocrx_word' id='word_1_703' title='bbox 1404 2625 1549 2661; x_wconf 89' lang='lat' dir='ltr'>quoniam</span> <span class='ocrx_word' id='word_1_704' title='bbox 1566 2624 1699 2652; x_wconf 90' lang='lat' dir='ltr'>Dioscori</span> <span class='ocrx_word' id='word_1_705' title='bbox 1718 2631 1813 2660; x_wconf 87' lang='lat' dir='ltr'>prava</span> <span class='ocrx_word' id='word_1_706' title='bbox 1844 2630 1886 2650; x_wconf 82' lang='lat' dir='ltr'>stt-</span> 
     </span>
    </p>
   </div>
   <div class='ocr_carea' id='block_1_117' title="bbox 1060 2669 1883 2707">
    <p class='ocr_par' dir='ltr' id='par_1_117' title="bbox 1060 2669 1883 2707">
     <span class='ocr_line' id='line_1_117' title="bbox 1060 2669 1883 2707; baseline -0.002 -8"><span class='ocrx_word' id='word_1_707' title='bbox 1060 2671 1180 2707; x_wconf 87' lang='lat' dir='ltr'>pientis,</span> <span class='ocrx_word' id='word_1_708' title='bbox 1201 2673 1228 2698; x_wconf 88' lang='lat' dir='ltr'>et</span> <span class='ocrx_word' id='word_1_709' title='bbox 1248 2669 1416 2705; x_wconf 80' lang='lat' dir='ltr'>Eutychetis</span> <span class='ocrx_word' id='word_1_710' title='bbox 1435 2670 1586 2698; x_wconf 80' lang='lat' dir='ltr'>fatuitates</span> <span class='ocrx_word' id='word_1_711' title='bbox 1601 2669 1754 2697; x_wconf 88' lang='lat' dir='ltr'>consensit</span> <span class='ocrx_word' id='word_1_712' title='bbox 1777 2671 1883 2697; x_wconf 63' lang='lat' dir='ltr'>tenere,</span> 
     </span>
    </p>
   </div>
   <div class='ocr_carea' id='block_1_118' title="bbox 1060 2712 1884 2752">
    <p class='ocr_par' dir='ltr' id='par_1_118' title="bbox 1060 2712 1884 2752">
     <span class='ocr_line' id='line_1_118' title="bbox 1060 2712 1884 2752; baseline -0.006 -8"><span class='ocrx_word' id='word_1_713' title='bbox 1060 2719 1089 2744; x_wconf 90' lang='lat' dir='ltr'>et</span> <span class='ocrx_word' id='word_1_714' title='bbox 1101 2714 1289 2752; x_wconf 86' lang='lat' dir='ltr'>approbavit,</span> <span class='ocrx_word' id='word_1_715' title='bbox 1306 2722 1324 2742; x_wconf 89' lang='lat' dir='ltr'>a</span> <span class='ocrx_word' id='word_1_716' title='bbox 1334 2716 1437 2743; x_wconf 84' lang='lat' dir='ltr'>sancta</span> <span class='ocrx_word' id='word_1_717' title='bbox 1447 2714 1595 2742; x_wconf 88' lang='lat' dir='ltr'>catholica</span> <span class='ocrx_word' id='word_1_718' title='bbox 1604 2716 1632 2741; x_wconf 92' lang='lat' dir='ltr'>et</span> <span class='ocrx_word' id='word_1_719' title='bbox 1642 2712 1806 2750; x_wconf 86' lang='lat' dir='ltr'>apostolica</span> <span class='ocrx_word' id='word_1_720' title='bbox 1837 2712 1884 2739; x_wconf 85' lang='lat' dir='ltr'>Ec-</span> 
     </span>
    </p>
   </div>
   <div class='ocr_carea' id='block_1_119' title="bbox 1060 2757 1795 2796">
    <p class='ocr_par' dir='ltr' id='par_1_119' title="bbox 1060 2757 1795 2796">
     <span class='ocr_line' id='line_1_119' title="bbox 1060 2757 1795 2796; baseline -0.005 -7"><span class='ocrx_word' id='word_1_721' title='bbox 1060 2761 1151 2790; x_wconf 86' lang='lat' dir='ltr'>clesia</span> <span class='ocrx_word' id='word_1_722' title='bbox 1166 2759 1269 2789; x_wconf 89' lang='lat' dir='ltr'>merito</span> <span class='ocrx_word' id='word_1_723' title='bbox 1284 2761 1329 2789; x_wconf 88' lang='lat' dir='ltr'>est</span> <span class='ocrx_word' id='word_1_724' title='bbox 1346 2759 1467 2796; x_wconf 87' lang='lat' dir='ltr'>repulsa.</span> <span class='ocrx_word' id='word_1_725' title='bbox 1484 2759 1630 2796; x_wconf 66' lang='lat' dir='ltr'>praedicta</span> <span class='ocrx_word' id='word_1_726' title='bbox 1649 2757 1795 2794; x_wconf 88' lang='lat' dir='ltr'>synodus.</span> 
     </span>
    </p>
   </div>
  </div>
