1944 3084
12 27 15 64 i

12 65 15 80 i

23 83 52 110 553
688 80 827 112 CONTRA
848 79 1007 113 GRAECOS.

1645 96 1697 124 554

22 145 48 171 nc
59 146 155 178 quarta
165 143 279 187 synodo
297 144 645 175 Chalcedonensizverum
658 146 816 187 hominem,
833 146 856 172 A
871 145 1046 181 Antiochiae,
1061 147 1090 176 et
1100 148 1248 185 Eutyches
1260 149 1531 187 Hierosolymorum
1539 162 1607 183 cum
1632 155 1698 184 aliis

45 187 63 211 et
75 191 165 212 verum
181 184 337 213 Christum
348 187 509 220 conﬁtetur
524 187 555 214 in
565 186 817 220 duabusnatm‘is,

45 229 93 256 sine
103 229 275 263 confusione
290 233 317 258 et
331 230 483 259 divisione.

45 302 136 332 Quarta
155 308 223 328 vero
249 304 357 330 sancta
372 304 399 330 et
412 302 590 331 universalis
616 303 753 339 synodus
774 310 818 330 ce-

23 345 107 373 lebrata
124 345 174 373 fuit
190 345 221 374 in
237 347 473 376 Chalcedonensi
490 348 574 381 urbe,
591 351 725 385 tempore
745 349 818 376 Mar-

22 391 74 417 uani
87 390 281 426 imperatoris,
309 392 365 420 sub
392 393 581 421 sanctissimo
609 395 703 421 Leone
727 400 817 429 papa,

23 442 106 468 magna
113 433 253 463 columna
265 435 412 464 Ecclesiae.
424 439 455 464 In
463 445 524 472 qua
538 437 659 465 fuerunt
666 437 820 466 Anatolius

22 479 232 515 archiepiscopus
241 481 601 518 Constantinopolitanus.
614 482 719 510 Maxim
725 491 758 510 us
765 485 822 511 An-

25 523 157 557 tiochenus,
167 523 327 553 Juvenalis
334 525 621 562 Hierosolymorum;
637 526 822 555 Alexandriae

23 567 300 597 rerotuitDioscorus
316 570 477 606 superbus.
505 579 574 599 cum
586 571 697 608 quibus
721 574 750 600 et
772 570 822 600 alii

21 612 88 640 sancti
99 613 192 640 Patres
201 621 334 642 numero
346 622 412 642 DCCL
428 614 557 652 [ccxxx].

45 657 232 686 Convenerunt
247 660 352 686 autem
369 662 473 687 contra
485 660 587 696 ipsum
603 660 778 688 Dioscorum
794 663 822 689 et

23 701 139 736 Eutychen
148 702 420 732 archimandritam
428 705 613 739 monasterii,
621 707 822 740 cognomento

23 745 97 778 studii,
109 747 187 782 quod
200 748 231 775 in
247 748 317 784 ipsa
331 749 413 784 regia
428 749 504 777 urbe
518 753 572 777 est.
583 750 614 777 [li
628 750 709 778 enim
724 751 823 779 Salva-

22 791 71 818 toris
83 793 105 819 et
121 791 164 819 Dei
180 793 278 821 nostri
303 794 373 821 Jesu
389 793 493 822 Christi
518 795 759 823 incarnationem
780 804 823 823 re-

22 835 144 871 cusabanl,
184 836 330 865 facientes
353 846 478 874 prorsus
507 838 608 875 ipsum
632 839 823 876 phantastice

22 879 127 908 indutum
139 889 272 910 carnem.
290 883 372 910 Unde
401 883 469 910 etin
499 891 559 911 una
584 886 694 912 natura
722 885 822 921 ipsum

23 924 131 952 exsistere
160 925 316 962 dicebant,
351 927 500 956 divinitati
522 928 718 957 attribuentes
747 937 822 966 quas

24 968 132 997 sustinuit
146 970 317 1006 passiones.
334 971 458 1008 Propter
473 971 529 1000 hoc
545 980 627 1007 ergo,
637 973 710 1009 ipsis
726 981 823 1009 ρει-δε·

22 1013 158 1041 vetantibus
173 1015 204 1042 in
218 1015 399 1051 hujusmodi
411 1024 521 1051 errore,
545 1018 819 1046 excommunicavit

22 1060 39 1083 et
57 1059 304 1088 anathematizavit
329 1063 358 1089 et
391 1068 497 1090 omnes
526 1061 569 1090 eis
597 1063 820 1091 consentientes

25 1104 98 1130 sancta
115 1104 259 1139 synodus.

45 1147 220 1183 Promulgavil
237 1157 310 1184 ergo
326 1158 418 1186 super
433 1150 498 1179 haec
509 1154 701 1180 sacramenta
716 1152 822 1180 deﬁni-

24 1190 118 1225 tionem,
133 1194 213 1229 quod
228 1194 295 1231 ipse
311 1195 347 1223 sit
361 1195 510 1231 perfectus
525 1197 614 1229 Deus,
631 1199 658 1224 et
672 1198 821 1233 perlectus

23 1234 87 1263 homo
99 1236 127 1264 in
141 1238 262 1267 duabus
282 1240 409 1274 naturis,
426 1241 490 1268 sine
504 1241 679 1269 confusione
694 1244 722 1270 et
746 1242 820 1270 divi-

28 1288 95 1307 ωηε.

47 1326 182 1360 Epistolam
203 1337 329 1365 quoque
370 1330 550 1358 sanctissimi
579 1331 694 1367 Leonis,
725 1340 819 1368 quam

24 1368 77 1396 misit
90 1370 222 1400 Flaviano
247 1381 391 1409 episcopo
416 1375 730 1412 Constantinopoleos,
756 1379 819 1404 tan-

24 1415 268 1445 quamcolumnam
298 1419 473 1446 orthodoxae
502 1419 583 1454 ﬁdei,
610 1424 815 1457 susceperunt,

24 1459 41 1483 et
51 1466 127 1494 usque
141 1461 225 1490 hodie
241 1462 286 1490 sic
301 1463 482 1499 appellatur.

47 1502 106 1531 Scire
119 1506 204 1534 etiam
215 1509 342 1543 oportet,
359 1508 442 1544 quod
454 1508 495 1541 hi,
512 1508 710 1544 quidicuntur
723 1510 815 1538 Theo-

25 1545 100 1590 tiOSitze
113 1557 129 1577 a
143 1552 278 1586 quodam
290 1552 467 1587 Theodosio,
481 1555 510 1581 et
537 1553 676 1582 Jacobitee
695 1563 713 1582 a
741 1563 814 1590 quo-

25 1588 185 1629 ilumiacoho,
196 1597 408 1625 etSeveriania
417 1597 553 1633 quodam
570 1599 688 1632 Severo,
707 1599 814 1627 similia

25 1634 104 1664 scilicet
141 1640 290 1674 praedictis
321 1641 494 1670 Dioscoriet
531 1643 720 1678 liuthychetis
744 1644 814 1672 abo-

25 1678 174 1711 minabilium
189 1684 400 1713 haereticorum
414 1689 442 1714 et
457 1687 710 1716 exsecrandorum
734 1697 814 1716 erro—

25 1721 90 1757 ribus,
109 1728 248 1764 tanquam
278 1729 334 1766 ipsi
362 1731 516 1764 exsecrati,
547 1739 600 1759 seu
629 1733 813 1767 cxsecrandi,

25 1768 122 1798 sentiunt
135 1774 161 1800 et
175 1774 306 1809 sapiunt,
322 1776 350 1802 et
364 1775 515 1810 resistunt,
530 1783 598 1803 cum
615 1777 680 1804 aliis
718 1778 817 1805 hzerc—

25 1810 181 1851 ticis,seip503
188 1818 352 1846 alionantcs
366 1822 493 1849 asancta
505 1819 636 1848 Ecclesia
651 1822 809 1850 catholica.

48 1856 168 1894 Tempore
179 1862 273 1898 ipsius
289 1863 425 1891 Marciani
442 1866 577 1900 pervenit
591 1865 628 1892 ad
637 1874 724 1893 aures
735 1867 815 1894 beati

26 1898 110 1937 leonis,
127 1905 160 1933 de
174 1915 233 1942 quo
249 1907 328 1936 facta
343 1911 387 1936 est
404 1898 526 1944 mentio,
541 1910 624 1946 quod
648 1911 812 1944 Anatolius,

25 1947 321 1992 tonstantinopolitana}
338 1954 416 1981 sedis
432 1954 563 1986 antistes,
574 1956 728 1985 invaderet
741 1965 814 1992 pau-

25 1986 82 2037 latim
93 1986 195 2024 alienas
210 1998 295 2025 sedes
311 1999 496 2034 suoqucillas
511 1999 633 2028 adderet
649 1986 813 2037 pontificio,

26 2032 123 2081 ideoque
136 2039 229 2069 dictus
245 2050 326 2078 papa
345 2032 491 2078 Anatolio,
508 2046 539 2071 ut
567 2044 605 2072 al)
636 2032 814 2081 linjusmodi

26 2079 105 2112 ranimi.
117 2089 253 2121 cessaret,
269 2087 395 2123 scripsit.
414 2088 471 2116 Sed
486 2089 586 2116 omnis
602 2090 666 2125 ejus
688 2091 814 2119 monitio

27 2128 75 2172 tum
87 2126 148 2155 nihil
165 2131 328 2167 proliceret,
345 2133 433 2160 cessit
446 2133 476 2160 in
492 2133 617 2162 irritum.
637 2136 676 2162 Ex
703 2136 815 2172 quibus

27 2167 76 2214 illnc
86 2177 138 2199 non
152 2178 341 2204 cessaverunt
352 2177 438 2205 dicta:
453 2178 533 2206 sedis
547 2179 690 2214 prresules
717 2180 817 2208 fovere

27 2209 185 2258 discordiam,
201 2222 228 2248 et
243 2220 282 2248 ob
297 2221 467 2257 dep05itum
484 2209 555 2251 cum
569 2225 704 2252 Romana
724 2224 818 2253 Eccle-

29 2261 58 2282 Sia
71 2262 242 2292 contendere.
272 2266 353 2293 Unde
367 2268 395 2294 et
422 2266 452 2294 in
466 2270 574 2303 quarto
603 2269 728 2297 concilio
756 2270 818 2298 sine

29 2305 145 2347 tonsensu
159 2315 242 2344 papa:
254 2312 282 2337 et
296 2310 466 2345 legatorum
482 2312 556 2347 ejus,
573 2312 649 2341 sicut
676 2314 761 2347 alias,
787 2315 818 2343 in

29 2343 126 2376 tractatu
140 2351 177 2380 Dc
188 2343 432 2390 potestatcvpapa:
445 2343 562 2385 dictum
586 2361 637 2389 est,
670 2343 818 2387 canonem

29 2392 104 2440 P5056
120 2395 279 2440 ediderunt,
309 2399 346 2427 de
369 2407 430 2436 quo
457 2400 489 2428 in
516 2401 575 2430 ﬁne
601 2402 692 2438 hujus
719 2405 818 2440 operis

29 2430 104 2468 aliqua
116 2430 303 2472 disseremus.

30 2497 58 2525 De
69 2504 157 2536 quinta
170 2511 290 2545 synodo,
310 2511 647 2548 Constantinopolitano
673 2517 814 2544 secunda.

54 2563 141 2612 Quinta
156 2575 254 2601 sancta.
273 2575 302 2601 et
315 2574 491 2604 universalis
506 2577 641 2612 synodus
670 2578 818 2607 celebrata

74 2610 316 2658 ῳῃδιδηίίηοροιίν
330 2608 531 2655 ιειηροινὶὸιιέ
542 2622 697 2651 Justiniani
725 2624 817 2660 impc-

12 2691 16 2705 ,
133 2661 182 2688 SUb
195 2653 273 2699 papa
289 2653 401 2699 Vigilid
422 2667 566 2695 Romano.
597 2668 650 2695 Ubi
681 2653 817 2697 interfiic-

34 2699 222 2750 :‘i‘it‘EUtyches
247 2708 493 2746 archiepiscopus
517 2713 818 2750 Constantinopolita-

33 2743 262 2781 nusstipollinarius
269 2743 673 2790 patriarcha-Alexandrinus,
683 2743 816 2786 Domnus

189 2800 308 2830 PuncL.
329 2803 379 2832 Gn.
400 2804 475 2835 CXL.

873 192 993 218 centum
1007 193 1208 229 septuaginta.

909 235 980 268 Qutc
995 239 1100 266 sancta
1126 239 1263 274 synodus
1280 240 1311 268 in
1337 241 1442 277 primis
1467 243 1646 279 approbavit
1669 248 1698 274 et

873 281 1061 310 conﬁrmavit
1081 283 1360 314 Chalcedonensem
1389 288 1540 323 synodum
1561 292 1698 319 sanctam

873 332 928 353 nec
943 333 1004 354 non
1020 328 1047 355 et
1062 329 1230 358 orthodoxa
1246 333 1273 359 et
1294 331 1436 360 salutaria
1451 332 1514 368 ejus
1541 334 1695 369 dogmata.

874 370 907 398 Et
919 378 986 406 quae
1001 379 1018 399 a
1029 371 1152 401 diversis
1165 377 1275 403 exortae
1292 379 1362 404 sunt
1372 376 1501 405 haereses
1521 379 1698 408 anathema-

874 414 983 449 tizavit,
993 417 1021 443 et
1035 419 1308 447 excommunicavit
1323 420 1429 448 eadem
1445 419 1549 450 sancta
1559 423 1697 458 synodus

876 459 1044 495 Origenem,
1058 463 1087 490 et
1097 463 1199 490 omnia
1210 464 1275 499 ejus
1288 464 1382 500 impia
1393 466 1512 502 scripta,
1527 468 1697 502 Evagrium,

876 505 904 531 et
919 503 1089 540 Didymum,
1105 509 1133 535 et
1147 507 1269 542 similes,
1291 511 1320 536 ct
1342 510 1471 546 aequalia
1485 511 1644 547 sapientes,
1672 516 1700 541 et

876 548 1018 577 doctrinis
1032 551 1187 584 gentilium
1203 555 1428 582 contemnentes
1451 556 1639 589 [inﬁmi-entes
1653 557 1700 585 vel

875 592 1063 630 insistentes]
1079 596 1193 624 Etenim
1206 597 1262 633 ipsi
1277 606 1415 634 corpora,
1437 599 1467 626 in
1494 600 1605 635 quibus
1619 609 1701 630 nunc

878 645 994 673 sumus,
1011 639 1159 674 dixerunt,
1171 643 1318 678 tanquam
1333 643 1395 671 sine
1407 643 1556 673 intellectu
1578 648 1606 674 et
1629 647 1702 675 insi-

877 682 1002 718 pienter,
1017 692 1078 712 non
1094 692 1162 713 esse
1176 689 1387 724 resurrectura,
1403 690 1430 716 et
1440 689 1523 725 quod
1539 691 1703 726 paradisus

878 727 1026 755 sensibilis
1039 736 1100 757 non
1113 732 1157 758 est
1172 730 1267 758 factus
1281 739 1298 759 a
1313 732 1381 766 lico,
1407 740 1461 760 nec
1486 735 1550 767 est;
1565 737 1593 762 et
1619 735 1703 771 quod

876 771 972 800 Adam
988 780 1050 801 non
1064 774 1116 802 fuit
1129 774 1274 803 formatus
1288 783 1305 804 a
1319 777 1376 804 Deo
1392 777 1421 805 in
1443 786 1547 813 carne;
1565 781 1594 807 et
1619 781 1703 816 quod

839 821 858 847 Β
878 825 968 853 paena
982 818 1180 854 reproborum
1195 820 1287 848 linem
1302 821 1432 856 habent;
1449 825 1477 851 et
1491 824 1575 859 quod
1590 825 1703 853 daemo-

877 869 930 889 nes
944 862 1162 891 reduccnturin
1177 866 1289 892 statum
1301 865 1472 901 pristinum,
1488 876 1577 903 quem
1590 869 1703 897 habue-

877 909 956 941 runt,
991 907 1101 936 scilicet
1128 911 1290 944 antequam
1322 911 1472 940 caderent.
1511 914 1575 940 Non
1605 914 1703 942 solum

879 953 978 979 autem
993 951 1060 986 hoc,
1075 951 1128 981 sed
1139 955 1167 980 et
1181 953 1254 981 alias
1269 953 1400 982 infinitas
1414 955 1620 992 blasphemias
1645 958 1704 986 col-

876 995 1001 1030 ligentes
1017 996 1132 1033 seipsos
1144 997 1357 1026 immerscrunt
1369 999 1400 1027 in
1417 1000 1613 1035 profundum.
1631 1003 1703 1034 Qum

878 1042 977 1068 tamen
991 1048 1086 1077 usque
1101 1041 1131 1069 in
1143 1042 1308 1078 publicum,
1324 1043 1371 1071 vel
1386 1044 1415 1071 in
1431 1045 1704 1074 manifestationem

877 1093 938 1112 non
954 1086 1202 1122 prtedicaverunt,
1220 1087 1273 1115 sed
1289 1087 1371 1123 apud
1392 1088 1510 1125 aliquos
1533 1090 1563 1117 in
1587 1091 1704 1119 occulto

878 1130 1078 1163 habebantur,
1091 1138 1146 1159 nec
1159 1134 1320 1167 potuerunt
1333 1133 1462 1168 perfecte
1473 1133 1615 1163 aestimari
1629 1143 1705 1171 pric-

877 1174 957 1203 dicta
972 1175 1117 1210 dogmata
1131 1175 1168 1203 dc
1184 1179 1288 1204 sancta
1302 1177 1431 1212 synodo.
1448 1179 1522 1210 Quia
1538 1187 1606 1207 cum
1636 1179 1706 1208 dicti

877 1221 935 1247 tres
963 1219 1092 1248 haeretici
1118 1220 1213 1248 multo
1243 1221 1425 1258 antiquiores
1458 1223 1584 1252 fuissent
1627 1232 1705 1260 prae-

877 1263 955 1291 dicto
971 1264 1075 1299 quinto
1091 1265 1226 1297 concilio,
1241 1266 1352 1294 multos
1370 1267 1399 1294 in
1426 1266 1549 1295 diversis
1566 1269 1704 1303 partibus

875 1308 981 1336 mundi
991 1312 1175 1337 attraxerant
1185 1310 1251 1338 sibi.
1270 1312 1403 1346 Cumque
1415 1311 1542 1340 multum
1557 1313 1704 1349 populum

877 1352 1038 1388 coepissent
1051 1353 1227 1388 hujusmodi
1243 1353 1336 1390 impia
1347 1355 1493 1390 dogmata
1502 1364 1704 1393 corrumpere,

875 1397 974 1424 statim
988 1399 1016 1424 ct
1031 1397 1171 1432 quintum
1199 1399 1360 1426 concilium
1389 1399 1541 1428 voluntate
1570 1402 1621 1429 Dei
1647 1402 1703 1430 fuit:

873 1441 1064 1474 celebratum,
1082 1441 1236 1478 ubiipsos,
1259 1445 1402 1471 eteorum
1427 1444 1634 1480 blasphemias
1656 1455 1701 1475 re-

832 1497 851 1524 ρ
870 1486 1014 1522 probans,
1031 1494 1082 1513 eos
1098 1489 1125 1514 et
1135 1494 1239 1514 omnes
1265 1487 1374 1516 similia
1393 1491 1552 1524 sequentes
1573 1491 1701 1519 anathe-

869 1531 960 1558 matis
978 1530 1079 1564 gladio
1095 1531 1251 1566 percussit.

905 1576 1262 1611 lnsupcretTheodorum
1275 1577 1462 1612 Mopsuestia:
1474 1578 1559 1614 impii
1574 1580 1701 1616 Nestorii

868 1619 1048 1655 discipulum
1055 1628 1123 1648 cum
1132 1620 1193 1647 suis
1204 1621 1565 1656 exsecratisdogmatibus
1576 1631 1698 1651 excom-

868 1664 1033 1692 municavit
1047 1667 1074 1692 et
1094 1664 1179 1700 ejecit
1198 1665 1237 1692 ab
1265 1665 1406 1693 Ecclesia.
1433 1667 1504 1694 Cum
1532 1667 1643 1704 quibus
1669 1671 1698 1697 et

869 1709 1057 1743 Antiochum,
1075 1711 1102 1737 et
1112 1710 1228 1736 Petrum
1244 1711 1334 1738 Zoam
1350 1710 1530 1744 eliminavit,
1556 1720 1610 1740 nec
1635 1720 1698 1741 non

869 1756 896 1780 ct
913 1753 1136 1787 Theodoritum,
1161 1754 1214 1789 qui
1230 1757 1334 1782 contra
1351 1760 1608 1791 propugnatorem
1636 1758 1697 1793 pie-

870 1797 936 1826 tatis
948 1800 975 1825 ct
990 1798 1132 1831 veritatis,
1146 1798 1271 1826 beatum
1288 1799 1441 1835 Cyrillum,
1457 1800 1586 1828 multum
1606 1802 1696 1838 impie

869 1845 895 1870 et
910 1841 986 1870 male
1003 1843 1194 1878 scripserunt,
1212 1846 1239 1871 et
1253 1844 1342 1871 etiam
1359 1847 1462 1872 contra
1473 1846 1604 1881 primam
1625 1855 1696 1875 san-

869 1890 946 1915 ctam
961 1887 1113 1923 synodum
1129 1888 1323 1923 Ephesinam,
1345 1891 1373 1917 et
1393 1892 1497 1918 contra
1506 1890 1576 1918 fidei
1586 1893 1695 1920 nostris

867 1933 1050 1961 documenta
1063 1933 1208 1961 mentitus
1221 1936 1273 1966 est,
1286 1933 1405 1962 donans
1419 1943 1450 1962 se
1466 1935 1577 1963 inﬁdeli
1599 1938 1697 1965 Nesto-

866 1978 910 2005 rio
924 1981 951 2005 et
966 1978 1103 2013 profano,
1142 1977 1180 2005 ab
1202 1978 1330 2006 Ecclesia
1355 1982 1500 2015 tanquam
1522 1980 1696 2009 haereticum

867 2023 1028 2057 ejecerunt,
1057 2022 1153 2050 donec
1183 2023 1286 2050 omnia
1306 2026 1475 2058 revocaret;
1497 2032 1565 2060 qua:
1592 2026 1695 2054 omnia

867 2072 1012 2103 tanquam
1028 2067 1167 2102 pestifera
1181 2075 1250 2094 cum
1267 2067 1315 2095 illa
1327 2068 1462 2104 epistola,
1475 2077 1542 2104 quae
1569 2069 1628 2097 Iba:
1652 2070 1695 2098 di-

869 2113 954 2147 citur,
966 2120 1033 2148 quis
1051 2112 1143 2138 missa
1157 2111 1250 2139 fuitin
1266 2113 1416 2140 Persidem
1433 2113 1472 2141 ad
1485 2114 1596 2147 Marim,
1614 2115 1696 2150 peni-

834 2169 856 2196 D
872 2161 919 2186 tus
947 2157 1205 2192 cxstiparverunt;
1231 2165 1291 2185 non
1325 2157 1422 2185 solum
1447 2159 1535 2186 rectis
1551 2159 1695 2188 doctrinis

873 2201 1061 2232 adversantia
1069 2201 1343 2236 crantliujusmodi,
1359 2203 1412 2229 scd
1424 2211 1491 2230 cum
1502 2205 1585 2232 omni
1594 2205 1697 2241 impie~

873 2250 933 2276 tate
944 2245 1176 2283 participabant.
1193 2246 1240 2273 His
1255 2246 1357 2281 itaque
1372 2247 1426 2274 rite
1442 2249 1570 2282 peractis
1588 2250 1697 2277 contir-

873 2293 1039 2323 inaverunt,
1057 2293 1089 2318 ut
1107 2290 1231 2324 dictum,
1257 2290 1401 2325 dogmata
1427 2291 1572 2325 Ecclesiae,
1600 2296 1627 2321 et
1649 2302 1697 2322 ro-

872 2337 1063 2365 horaverunt.

872 2391 914 2418 De
922 2393 1006 2418 sarta
1016 2388 1138 2424 synodo.
1154 2388 1596 2423 Constanlz'nopolilanatertia.
1611 2392 1698 2420 Dum-

907 2437 960 2463 nat
976 2442 1066 2462 unum
1077 2434 1107 2461 in
1124 2433 1242 2461 C’irz'sto
1258 2434 1696 2468 voluntatemclomi-alienam.

909 2490 996 2517 Sexta
1014 2490 1118 2516 sancta
1133 2489 1161 2515 et
1173 2486 1350 2515 universalis
1366 2487 1503 2522 synodus
1517 2488 1595 2515 facta
1606 2489 1697 2516 etiam

872 2533 926 2562 fuit
954 2531 1221 2568 Constantinopoli,
1247 2532 1430 2559 Constantini
1450 2533 1605 2567 Pogonati,
1644 2532 1698 2560 lilii

872 2577 1330 2613 Justiniani,temporibus,psub
1355 2577 1508 2611 Agathone
1533 2585 1613 2613 papa
1643 2579 1697 2605 Ro-

873 2630 973 2650 mano.
992 2623 1022 2649 ln
1036 2630 1096 2657 qua
1108 2621 1329 2656 fuitGregorius
1352 2621 1522 2657 patriarcha
1551 2623 1696 2649 tionstan~

872 2667 1098 2703 tinopolitanus,
1127 2666 1324 2702 Theophanes
1345 2665 1518 2697 ADIiOChliB,
1543 2669 1570 2694 et
1594 2667 1697 2694 Petrus

873 2712 1039 2740 monachus
1066 2711 1190 2738 vicarius
1221 2710 1407 2738 Alcxandrize
1439 2711 1580 2744 (vacabat
1617 2712 1697 2740 enim

872 2758 981 2792 sedes),
995 2765 1065 2784 cum
1082 2756 1146 2784 aliis
1160 2759 1280 2784 centum
1298 2756 1500 2793 septuaginta,

1453 2808 1483 2835 18
