1944 3084
238 136 289 163 555

857 126 1097 160 PANTALEONIS
1117 126 1260 157 DIACONI
1280 131 1330 159 ΟΡ.

1898 139 1944 166 556

274 197 452 232 Congregati
467 199 567 224 autem
582 195 702 223 fuerunt
714 198 819 223 contra
832 194 994 231 quosdam,
1010 190 1063 227 qui
1079 191 1102 216 Α
1116 198 1190 218 num
1197 194 1490 229 popnlumrevocare
1496 197 1636 232 gestiens,
1653 197 1806 233 synodum
1822 206 1944 233 congre—

237 250 350 270 novam
364 241 502 270 haeresim
515 240 722 269 conﬁnxerunt
737 240 767 268 in
788 242 893 268 sancta
916 236 1063 266 catholica

239 290 268 314 et
282 286 446 323 apostolica
463 285 604 314 Ecclesia.
630 285 699 312 Dico
723 287 823 312 autem
845 286 949 311 contra
970 282 1062 309 Theo-

238 331 347 359 dorum
353 332 527 367 episcopum
533 329 571 357 de
578 330 704 362 Pharan,
714 329 874 357 Honorium
882 330 1061 358 Romanum,

239 378 349 413 Cyrum
361 375 555 407 Alexandriae,
570 374 704 409 Sergium
719 377 746 402 et
757 374 913 409 Pyrrhum,
936 371 1062 399 Paulum

239 424 268 450 et
295 421 414 449 Petrum
435 420 595 456 episcopos
624 418 980 454 Constantinopolitanos,
1009 423 1063 442 nec

239 474 300 494 non
316 468 420 494 contra
434 473 484 492 eos
495 464 547 500 qui
556 464 657 491 denuo
670 463 809 491 haeresim
825 464 960 498 ipsorum
980 461 1063 488 inno—

239 512 387 538 vaverunt
398 510 429 537 in
442 509 509 545 ipsa
524 510 628 536 sancta
650 507 778 543 synodo,
803 507 969 537 hsereticos;
997 505 1064 532 dico

240 557 346 582 contra
359 553 520 582 Macarium
534 553 694 588 praesulem
711 551 883 584 Antiochiae,
897 550 948 586 qui
973 549 1064 585 depo-

241 600 315 627 situs
324 598 388 631 fuit,
400 606 436 626 eo
444 597 526 633 quod
538 596 672 624 obviaret
684 596 730 623 his
743 604 811 632 quin
821 595 860 623 ab
869 596 935 631 ipsa
948 593 1064 630 synodo

240 642 384 670 catholice
392 641 621 674 deﬁniebantur,
634 642 661 667 et
672 639 856 675 Stephanum
866 638 960 675 ipsius
978 637 1064 665 disci-

238 687 356 724 pulum.
371 686 402 714 Hi
416 684 579 722 praescripti
592 684 722 712 haeretici
742 684 806 711 ausi
831 683 952 710 fuerunt
977 685 1065 710 teme-

239 732 316 760 rarie
327 732 435 766 dicere,
453 738 545 757 unam
558 729 742 757 voluntatem
753 731 782 756 et
800 736 892 755 unam
914 730 1064 763 operatio-

238 785 309 804 nem
320 784 388 804 esse
401 776 431 804 in
447 774 561 802 Christo
572 776 640 810 post
658 773 914 807 incarnationem;
937 772 1062 806 conjun-

240 821 440 856 ctionemque,
469 827 538 855 quae
566 817 740 845 orthodoxae
770 817 838 844 ﬁdei
864 819 918 849 est,
949 815 1064 843 solvere

1117 236 1179 269 gari
1193 236 1290 273 jussit,
1306 247 1398 274 quam
1414 241 1573 276 septimam
1587 244 1616 269 et
1633 242 1833 270 universalem
1866 244 1944 270 visus

1117 284 1160 308 est
1175 289 1291 310 vocare.
1309 292 1376 311 cum
1392 285 1508 313 nullum
1526 286 1658 313 favorem
1671 289 1784 314 sanctae
1799 288 1944 316 Romanis

1118 326 1263 360 Ecclesiae,
1279 330 1307 355 et
1321 330 1494 364 apostolicae
1511 330 1588 357 sedis
1618 330 1751 362 haberet,
1777 332 1944 361 secundum

1117 371 1198 406 quod
1210 372 1334 407 quidam
1350 374 1454 402 volunt
1468 376 1531 409 (/40).
1550 375 1814 403 Attameninlibris
1831 377 1944 404 Graeco-

1118 423 1184 442 rum
1198 415 1303 450 legitur
1316 419 1497 446 contrarium
1510 420 1539 446 in
1555 420 1634 447 hunc
1650 420 1787 448 modum.

1155 460 1286 495 Septima
1302 465 1406 490 sancta
1418 466 1447 490 et
1466 463 1642 491 universalis
1657 465 1791 500 synodus
1807 467 1944 494 convenit

1120 504 1233 538 Nicaeae,
1249 507 1301 533 ubi
1317 510 1344 534 et
1358 508 1455 543 prima
1470 509 1605 536 omnium
1623 508 1676 536 fuit
1690 510 1854 544 celebrata,
1880 514 1944 539 lem—

1118 556 1190 584 pore
1205 551 1386 578 Constantini
1404 552 1556 588 principis;
1573 553 1625 588 qui
1648 553 1726 580 ﬁlius
1754 555 1877 582 Herense
1904 564 1941 583 re-

1119 594 1196 627 gime
1213 595 1269 621 sub
1284 595 1416 623 Adriano
1432 604 1513 632 papa
1529 598 1711 632 Romano,in
1727 606 1789 634 qua
1804 599 1859 626 fuit
1875 601 1942 627 Tha-

1120 637 1215 665 rasius
1235 639 1406 674 patriarcha
1435 642 1795 678 Constantinopolitanus,
1825 644 1942 671 Alexan-

1119 681 1201 716 drina,
1218 683 1413 712 Theodoritus
1428 685 1621 722 Anthiochiae,
1647 689 1674 714 et
1699 687 1784 715 Heliae
1814 688 1943 716 Hieroso-

1117 725 1280 761 lymorum,
1295 737 1363 755 cum
1377 729 1487 764 quibus
1501 733 1528 757 et
1544 730 1591 758 alii
1607 732 1701 758 sancti
1715 733 1826 764 Patres,
1845 733 1874 760 in
1891 741 1942 760 nu-

1120 779 1201 798 mero
1217 773 1368 807 sexaginta
1384 781 1434 801 sex
1449 774 1531 808 (350).
1551 775 1655 802 Vicarii
1667 783 1736 803 vero
1760 776 1832 804 dicti
1862 785 1942 813 papas

1117 815 1238 844 fuerunt
1253 818 1352 844 Petrus
1369 818 1533 854 presbyter,
1561 819 1733 854 cardinalis,
1764 822 1940 851 monachus.

239 866 389 894 volebant.
406 865 500 900 Hujus
511 863 606 898 gratia
619 864 723 890 sancta
735 861 913 890 universalis
928 860 1062 896 synodus
1079 863 1099 889 Β
1118 863 1145 887 et
1161 860 1263 888 Petrus
1277 861 1373 889 abbas
1389 863 1562 890 monasterii
1579 864 1693 892 Sancta:
1709 864 1840 898 Sabinae,
1865 866 1939 902 quod

239 914 322 939 sexta
337 909 497 947 prmdictOS
509 907 664 936 haereticos
675 910 821 943 tanquam
837 907 1063 942 impugnatores

238 956 289 984 Dei
300 955 490 984 anathemate
501 952 635 989 perculit,
644 954 671 979 et
683 951 786 979 omnia
797 959 899 979 eorum
907 951 1061 985 dogmata,

239 1003 268 1029 et
292 1007 399 1028 omnes
419 998 528 1026 similia
544 997 587 1024 eis
607 996 768 1032 sapientes,
793 999 821 1023 et
849 996 900 1031 qui
927 1002 1062 1030 unquam

239 1047 414 1081 sapuerunt,
431 1043 476 1071 vel
491 1041 582 1069 futuri
595 1043 664 1068 sunt
687 1047 801 1076 sapere,
827 1042 856 1067 et
877 1047 939 1067 non
968 1038 1062 1074 paeni—

240 1091 346 1122 tente‘s,
361 1096 429 1116 cum
440 1087 487 1115 his
499 1089 528 1114 et
543 1085 788 1121 Polychronium,
802 1083 927 1119 puerilia
947 1083 1065 1118 sapien-

237 1136 297 1161 tem
308 1140 420 1167 senem,
442 1130 493 1166 qui
513 1132 649 1157 mortuos
676 1130 894 1155 resurrecturos
920 1125 1062 1161 negabat,

236 1177 369 1206 similiter
379 1173 726 1203 excommunicaverunt.

270 1220 431 1249 Roboravit
438 1219 526 1253 igitur
532 1219 637 1244 sancta
643 1215 777 1252 synodus
784 1215 822 1242 ﬁd
828 1223 875 1243 em
883 1215 1062 1243 catholicam

235 1267 274 1295 de
287 1265 406 1294 duabus
421 1261 626 1291 voluntatibus
642 1260 829 1288 naturalibus
842 1263 870 1288 et
884 1260 1061 1296 operationi-

235 1311 294 1339 bus
309 1312 378 1346 post
393 1308 533 1336 unionem
551 1305 636 1333 Verbi
649 1305 688 1333 ad
716 1305 883 1333 humanam
909 1308 1058 1338 naturam,

235 1363 298 1384 non
312 1355 344 1383 in
358 1353 504 1382 divisione
519 1353 620 1379 autem
635 1357 843 1386 personarum,
860 1349 940 1385 quod
963 1349 1058 1377 absit!

236 1400 287 1427 sed
299 1399 371 1435 quia
383 1397 484 1432 unitee,
499 1403 568 1432 quae
582 1394 613 1422 in
621 1394 735 1422 Christo
746 1397 814 1421 sunt
827 1396 953 1429 naturae,
973 1402 1059 1422 suam

235 1441 491 1481 quaelibethabuit
502 1439 686 1468 voluntatem
697 1438 850 1474 propriam
868 1441 897 1466 et
915 1438 1060 1474 operatio-

235 1497 316 1517 nem.
333 1488 389 1515 Alii
413 1486 502 1518 enim,
520 1484 571 1521 qui
586 1482 759 1519 hujusmodi
784 1486 898 1510 naturae
923 1483 1061 1511 auferunt

235 1533 439 1570 proprietates,
452 1533 504 1559 aut
515 1530 674 1557 destruunt
687 1528 878 1564 operationes
889 1530 917 1555 et
927 1528 1060 1555 volunta-
1075 1538 1095 1565 ρ

236 1579 477 1613 tes,autnaturas
487 1573 685 1604 confundunt,
697 1579 827 1612 quarum
842 1572 1059 1607 exsistuntpro-

235 1623 384 1659 prietates.
401 1620 521 1648 Nullum
537 1621 637 1646 tamen
657 1623 805 1644 canonem
831 1616 896 1644 haec
925 1616 1060 1651 synodus

236 1667 337 1700 edidit,
349 1668 439 1702 prout
453 1665 542 1692 etiam
556 1662 615 1698 ipsi
630 1661 722 1689 Graeci
735 1661 877 1688 mirantes
903 1663 1058 1688 testantur.

235 1713 373 1740 Secunda
383 1713 469 1738 sexta
480 1708 612 1743 synodus
622 1705 793 1741 reprobata,
805 1709 831 1733 et
841 1713 968 1733 canones
984 1706 1058 1739 ejus.

271 1756 366 1791 Hujus
377 1752 560 1783 Constantini
584 1752 640 1785 (39)
663 1749 742 1777 ﬁlius
768 1749 960 1784 Justinianus,
991 1749 1059 1776 Rhi-

236 1802 387 1828 notmetus
398 1797 530 1830 nomine,
542 1797 610 1832 post
635 1794 750 1822 obitum
782 1793 876 1828 patris
906 1793 962 1827 sui,
991 1802 1059 1821 cum

237 1844 416 1881 suscepisset
427 1841 533 1877 sceptri
568 1838 787 1871 moderamina,
815 1838 846 1865 in
873 1837 1008 1865 fraudem
1033 1841 1060 1866 et

237 1890 380 1925 injuriam
394 1885 563 1923 apostolica
589 1883 667 1911 sedis
696 1882 848 1918 synodum
870 1883 1061 1917 congregavit

236 1935 268 1963 in
279 1933 377 1962 Trullo
396 1930 497 1968 palatii
524 1929 580 1962 sui,
606 1930 634 1955 et
657 1926 820 1963 appellavit
840 1935 907 1954 eam
929 1927 1061 1955 similiter

237 1981 353 2008 sextam
361 1975 524 2014 synodum,
531 1981 599 2010 quae
607 1979 666 1999 non
681 1973 794 2005 sancta,
808 1971 860 1999 sed
871 1972 1060 1999 exsecrabilis

236 2027 283 2053 est
294 2022 438 2052 dicenda:
456 2027 525 2047 cum
538 2018 616 2045 clam
628 2016 767 2052 pontiﬁce
783 2017 918 2043 Romano
934 2017 973 2044 ad
991 2025 1059 2044 con-

235 2068 460 2098 demnationem
476 2066 585 2091 sanctae
600 2062 650 2089 Dei
667 2061 837 2089 Latinorum
853 2061 998 2094 Ecclesiae,
1011 2070 1058 2089 ca-

235 2123 330 2143 nones
357 2111 514 2140 ediderunt
535 2109 655 2136 centum
678 2113 805 2134 numero
831 2113 899 2133 cum
926 2106 1055 2133 duobus.

233 2160 436 2187 Adversantur
448 2157 548 2182 autem
557 2153 668 2180 sanctae
681 2150 729 2178 Dei
750 2152 890 2178 Romanis
912 2150 1056 2185 Ecclesiae,

234 2202 385 2240 praecipue
400 2199 512 2231 tertius,
526 2197 672 2228 decimus,
689 2194 865 2229 tricesimus,
889 2195 1056 2240 quadrage-
1071 2212 1093 2238 Β

233 2238 328 2275 simus
341 2246 473 2282 quintus,
489 2246 518 2270 et
537 2239 805 2278 quinquagesimus
833 2238 983 2266 secundus
1009 2247 1055 2267 ca-

231 2300 343 2321 nones:
360 2290 412 2326 qui
426 2289 505 2317 infra
518 2287 549 2315 in
562 2283 780 2322 objectionibus
795 2284 965 2311 Graecorum
986 2283 1054 2312 sub-

229 2339 383 2366 notantur.

264 2383 307 2410 De
314 2382 439 2416 septima
452 2377 574 2414 synodo,
586 2377 711 2404 Nicena
723 2374 862 2408 secunda,
875 2374 1018 2402 adversus

531 2419 749 2449 Iconomachos.

262 2471 520 2508 Septimaquoque
526 2463 682 2500 fuitsynod
688 2471 720 2490 us
727 2462 839 2493 Niczete,
914 2463 942 2508 et
953 2461 1050 2497 prima

224 2506 362 2548 omnium
390 2514 445 2542 fuit
470 2511 630 2543 celebrata,
657 2513 792 2543 tempore
816 2506 939 2534 Adriani
962 2513 1049 2541 papae

223 2560 361 2591 Romani.
378 2555 589 2586 Constantinus
600 2559 732 2587 namque
747 2559 817 2578 cum
837 2550 944 2578 Helena
955 2553 1049 2577 matre

222 2615 278 2634 sua
287 2613 356 2633 cum
362 2596 904 2640 pariterapiissimisprsedecessorum
914 2594 1048 2622 scitisde-

220 2651 312 2679 viaret
332 2639 510 2677 Ncsimutili
529 2641 686 2672 Justiniani
709 2639 905 2676 pertinaciam
926 2642 1045 2688 secutus

219 2698 275 2723 est.
292 2695 503 2722 Verumtamen
520 2688 558 2717 ad
572 2693 726 2715 sacrarum
747 2691 924 2712 memoriam
939 2691 1044 2718 imagi-

1117 906 1161 932 est
1176 905 1205 931 in
1221 905 1289 940 ipsa
1304 906 1377 933 urbe
1392 907 1496 934 Roma.

1154 949 1184 976 Hi
1198 957 1303 977 omnes
1322 951 1494 986 congregati
1524 954 1594 980 sunt
1617 956 1721 980 contra
1743 954 1937 990 εἰκονομάχους,

1117 993 1146 1020 id
1163 996 1216 1027 est,
1233 995 1570 1031 contraimpugnatores
1583 997 1761 1033 imaginum,
1778 998 1939 1033 ﬁgurarum

1118 1038 1233 1070 Christi,
1250 1039 1346 1066 crucis
1360 1042 1387 1066 et
1401 1039 1496 1067 beatae
1514 1041 1610 1068 Mariae
1622 1042 1757 1076 Virginis,
1768 1044 1798 1070 et
1819 1043 1938 1071 aliorum

1117 1085 1301 1118 sanctorum,
1308 1091 1385 1119 quas
1392 1085 1567 1113 asserebant
1574 1086 1655 1114 nullo
1667 1087 1759 1115 modo
1767 1095 1834 1115 esse
1849 1088 1939 1116 colen-

1117 1126 1182 1154 das:
1200 1127 1371 1162 ignorantes
1388 1129 1460 1156 tales
1475 1129 1607 1157 infelices
1624 1130 1764 1163 haeretici,
1779 1132 1866 1167 quod
1892 1133 1939 1160 ho-

1117 1179 1181 1202 nor,
1197 1172 1247 1207 qui
1262 1171 1574 1209 talibusimpenditur,
1591 1182 1650 1202 non
1671 1178 1792 1211 propter
1823 1185 1866 1207 se,
1894 1176 1938 1204 sed

1117 1219 1238 1252 propter
1252 1216 1346 1248 illum,
1363 1225 1454 1252 quem
1471 1218 1572 1253 imago
1593 1222 1799 1254 repraesentat,
1828 1221 1937 1248 exhibe-

1117 1263 1174 1288 tur.
1192 1262 1221 1288 Et
1235 1261 1316 1297 quod
1334 1265 1455 1298 propter
1470 1262 1645 1298 hujusmodi
1660 1263 1804 1300 picturas,
1822 1266 1937 1301 antiqua

1115 1307 1143 1332 et
1159 1308 1278 1333 strenua
1293 1305 1372 1333 facta
1396 1310 1568 1334 sanctorum
1595 1307 1761 1343 inﬁguntur
1788 1310 1935 1337 memoriae

1115 1349 1306 1385 simplicium,
1323 1350 1374 1386 qui
1400 1359 1457 1391 per_
1476 1352 1639 1388 scripturas
1666 1360 1717 1381 eas
1747 1361 1858 1390 capere
1883 1362 1935 1382 non

1115 1393 1276 1426 sufﬁciunt,
1294 1397 1322 1422 et
1338 1396 1509 1423 successivo
1525 1397 1629 1424 ordine
1642 1398 1885 1426 transmittuntur
1910 1399 1935 1425 in

1115 1442 1262 1474 pOSterus,
1282 1442 1314 1467 ut
1340 1447 1444 1467 eorum
1475 1441 1595 1476 gloriosi
1627 1442 1768 1478 triumphi
1794 1442 1935 1471 oblivione

1114 1491 1174 1510 non
1189 1483 1355 1514 deleantur.
1372 1484 1424 1512 sed
1440 1493 1508 1513 cum
1523 1486 1604 1514 omni
1621 1487 1728 1522 pietate
1753 1491 1934 1516 venerentur.

1115 1535 1219 1555 eorum
1238 1528 1390 1556 imitentur
1404 1529 1484 1557 facta
1499 1538 1552 1566 per
1580 1531 1751 1567 exemplum
1780 1531 1934 1560 bonorum.

1117 1572 1184 1599 Ideo
1199 1572 1361 1600 barbaram
1377 1576 1405 1600 et
1417 1582 1574 1602 erroneam
1587 1575 1761 1610 opinionem
1779 1577 1933 1604 multorum

1115 1625 1208 1644 sacrae
1225 1618 1381 1653 Scriptura:
1394 1618 1569 1646 testimoniis
1585 1620 1773 1648 confutantes
1791 1621 1833 1649 ab
1848 1621 1933 1649 Eccle-

1115 1661 1159 1688 sia
1169 1661 1408 1696 eliminaverunt,
1423 1666 1567 1698 perpetuo
1583 1664 1775 1692 anathemate
1791 1665 1932 1693 damnan-

1115 1708 1158 1732 tes
1172 1713 1224 1733 eos
1237 1706 1289 1742 qui
1303 1705 1340 1733 de
1356 1710 1462 1735 caetero
1490 1715 1580 1744 super
1605 1709 1662 1736 hoc
1688 1709 1804 1745 aliquid
1834 1713 1932 1738 temere

1114 1752 1301 1778 attentarent.
1338 1751 1387 1779 Hic
1412 1755 1454 1779 est
1482 1755 1565 1780 tenor
1594 1753 1711 1789 septimi
1738 1754 1867 1789 concilii,
1888 1754 1932 1790 qui

1115 1794 1294 1829 supradictis
1308 1794 1435 1823 multum
1452 1803 1619 1831 repugnare
1635 1797 1760 1825 videtur.

1152 1838 1208 1866 Sed
1223 1838 1279 1865 ista
1294 1839 1488 1867 contrarietas
1501 1840 1586 1867 citius
1602 1841 1734 1872 solvitur,
1751 1842 1775 1869 si
1791 1842 1833 1870 rei
1853 1844 1933 1876 gesta!

1115 1885 1233 1918 tempus
1245 1885 1273 1910 et
1288 1883 1362 1911 ordo
1373 1884 1537 1911 videantur.
1568 1887 1678 1913 Revera
1704 1886 1774 1914 dicti
1801 1885 1933 1914 monachi

1115 1926 1211 1954 nuntii
1225 1926 1344 1955 fuerunt
1357 1927 1633 1966 sedisapostolicaa,
1653 1937 1713 1957 non
1726 1932 1757 1958 ut
1788 1930 1931 1966 synodum

1114 1970 1308 2004 celebrarent,
1325 1972 1377 1999 sed
1388 1974 1420 1999 ut
1433 1964 1545 2000 dictum
1559 1973 1771 2009 imperatorem
1800 1964 1836 2003 ex
1857 1977 1932 2010 parte

1113 2023 1200 2051 papae
1214 2024 1282 2043 cum
1305 2015 1407 2043 litteris
1434 2017 1495 2044 suis
1519 2017 1691 2052 diligentius
1713 2023 1880 2052 monerent,
1906 2021 1932 2046 ut

1113 2059 1213 2087 relicto
1228 2068 1326 2088 errore
1342 2068 1495 2089 sacrarum
1510 2061 1688 2097 imaginum,
1703 2071 1765 2099 quo
1778 2069 1851 2092 tunc
1880 2066 1932 2091 tota

1113 2104 1225 2132 Graecia
1244 2105 1352 2133 infecta
1379 2108 1452 2139 erat,
1481 2106 1519 2134 ad
1545 2106 1703 2143 antiquum
1727 2111 1757 2135 et
1780 2108 1930 2144 pristinum

1111 2148 1256 2176 honorem
1266 2149 1459 2177 ecclesiarum
1472 2151 1596 2186 picturae
1612 2152 1850 2188 restituerentur,
1865 2152 1930 2179 sicut

1111 2196 1138 2221 et
1151 2193 1228 2221 fecit.
1244 2196 1372 2230 Accepta
1386 2195 1473 2230 igitur
1486 2196 1644 2224 occasione
1654 2197 1750 2224 dictus
1763 2198 1928 2234 imperator,

1111 2246 1145 2266 ex
1153 2238 1255 2266 litteris
1263 2247 1358 2274 papae,
1368 2241 1728 2277 congregavitseptimum
1741 2241 1928 2270 conciliumin

1109 2283 1175 2319 ipsa
1184 2284 1266 2318 regia
1272 2283 1502 2320 urbeprimitus,
1510 2285 1562 2312 sed
1571 2284 1649 2313 facta
1657 2286 1856 2315 dissensione.
1867 2293 1928 2314 cum

1109 2336 1171 2356 non
1187 2331 1309 2364 possent
1323 2329 1516 2364 concordare,
1534 2330 1780 2358 discesseruntab
1795 2331 1926 2363 invicem,

1108 2372 1161 2408 qui
1176 2376 1389 2400 convenerant.

1144 2417 1249 2444 Verum
1259 2417 1367 2444 detenti
1374 2417 1493 2445 fuerunt
1506 2418 1535 2445 in
1542 2419 1649 2446 eadem
1666 2419 1737 2447 urbe
1746 2428 1800 2456 per
1820 2427 1924 2448 annum

1106 2461 1266 2497 integrum,
1283 2464 1310 2489 et
1319 2462 1360 2489 sic
1368 2463 1650 2498 postmodumjussu
1661 2463 1731 2492 dicti
1745 2463 1924 2500 imperatoris

1106 2508 1318 2534 convenerunt.
1335 2507 1386 2534 Cui
1403 2507 1528 2535 concilio
1546 2508 1729 2544 praefuerunt
1741 2509 1812 2537 dicti
1836 2507 1924 2537 nuntii

1106 2558 1204 2586 papte,
1220 2553 1247 2578 et
1275 2551 1433 2578 Tharasius
1463 2552 1644 2587 patriarcha,
1672 2562 1763 2590 quem
1793 2557 1922 2582 sanctum

1103 2595 1271 2629 nominant,
1288 2598 1316 2622 et
1329 2595 1378 2623 alii
1393 2596 1506 2632 prmlati
1521 2605 1613 2632 supra
1629 2598 1784 2627 nominati.
1811 2600 1883 2626 Pace
1897 2597 1921 2624 in

1102 2639 1239 2667 Ecclesiis
1256 2640 1402 2675 peristum
1413 2641 1537 2669 modum
1551 2642 1695 2674 restituta.
1707 2643 1813 2677 retulit,
1828 2646 1921 2671 ulmos

1102 2686 1174 2718 erat,
1197 2684 1356 2712 Tharasius
1383 2685 1554 2721 patriarcha
1579 2687 1920 2724 Constantinopolitanus

253 2767 310 2801 (39)
330 2762 481 2798 Pogonati.
498 2760 568 2801 Vide
585 2762 691 2801 δίψορῖ
701 2756 843 2801 tomn._l_ll_
842 2755 915 2783 Eccl.
931 2755 1036 2784 Hister.
1055 2763 1137 2784 anno
1155 2755 1262 2783 Christi
1279 2757 1339 2783 680.

251 2791 308 2840 (ibi
327 2791 486 2836 Pefperam
501 2795 549 2824 isti
565 2792 743 2822 sentiebant.
762 2791 856 2819 Srsw.
