1944 3084
32 135 64 150 ὒῧλ

32 188 100 214 totum
109 189 277 218 processum
289 187 406 208 summo
418 178 560 215 pontiﬁci,
572 181 604 205 ut
614 178 654 206 sic
672 177 729 205 tale
751 184 821 204 con—
836 178 858 203 A

31 230 162 255 riliumsua
185 226 358 253 auctoritate
382 224 621 253 conﬁrmaretur.
643 225 716 250 Nam
742 221 822 248 colli-

33 278 114 301 :untur
121 275 226 307 septem
235 270 359 297 concilia
367 269 395 296 in
407 269 550 304 libro,qui
562 269 754 296 Nomocanon
768 274 820 302 ap—

33 318 137 353 pellatur.
146 315 215 347 Quid
230 318 329 342 tamen
340 322 420 349 papa
431 312 627 359 responderit,
637 320 695 339 non
709 311 822 338 inveni.

196 385 363 420 Desynodis
379 384 627 419 particularzbus.

59 449 196 477 Dicendum
216 456 350 483 quoque.
374 449 480 482 prteter
490 446 563 474 istas
577 449 691 482 septem
704 445 824 472 univer-

34 494 89 521 sules
100 492 234 528 synodos,
247 492 336 519 fuitet
347 491 481 525 unaalia,
494 490 670 518 universalis
689 489 823 525 quidem,

34 539 68 565 sed
77 538 199 574 quianon
211 537 274 572 agit
284 536 321 563 de
329 535 461 563 articulis
472 535 555 573 tidei,
572 543 633 562 non
652 535 773 571 ponitur
795 534 825 560 in

34 589 130 609 numero
138 580 320 615 generalium
328 580 516 614 synodorum
527 579 566 606 ab
578 578 709 614 antiquis
718 577 825 606 Graecis

34 626 68 652 sed
83 626 147 652 inter
156 625 228 652 alias
249 632 316 660 quae
334 623 443 651 locales
468 623 672 651 nominantur.
694 619 827 649 Moderni

35 669 364 704 reroCrzeci,schismatici
376 677 445 695 cum
456 668 525 699 sint.
538 668 576 695 ab
597 667 680 695 omni
700 675 826 695 numero

34 715 90 741 illum
100 714 446 744 exciuserunt,etnomen
464 713 529 748 ejus
553 712 656 739 audire
677 711 826 740 subticue-

34 762 121 786 muteo
141 757 221 794 quod
246 765 354 785 eorum
381 757 552 793 patriarcha.
582 757 713 790 Photius,
738 757 829 784 haere-

35 803 197 834 <iarcha,t‘uit
217 802 249 829 in
265 802 332 838 ipsa
355 801 498 836 dignitate
525 801 716 837 patriarchali
734 809 829 836 quam

34 847 172 882 5ihiinjuste
182 848 392 882 usurpaverat,
401 846 657 882 nuperdepositus
664 866 670 873 .
687 846 831 873 Etbeatus

36 892 145 924 leuatius,
155 892 205 927 qui
213 891 315 919 studio
326 890 396 918 dicti
405 890 497 918 Photii
507 899 526 918 θ,
534 890 614 917 dicta
633 890 704 918 sede
722 891 832 926 injuste

36 937 146 971 expulsus
156 936 260 966 fuerat.
271 935 435 963 honoriﬁce
447 935 610 963 restitutus.
622 936 755 963 Testatur
775 935 832 962 hoc

37 980 308 1008 Cbroniconnomine
320 979 532 1015 Paphlagonis,
551 980 581 1007 in
605 988 668 1015 quo
692 987 767 1015 pene
789 980 832 1007 in-

37 1024 113 1052 audita
124 1029 300 1052 enarrantur
312 1024 349 1051 de
362 1024 464 1052 Photio
476 1024 662 1051 exsecranda
684 1024 833 1052 maleﬁcia

38 1069 379 1105 iudamnationemipsius.
393 1070 551 1097 Fluxerunt
559 1071 659 1096 autem
670 1077 688 1097 a
707 1070 834 1105 septima

39 1114 168 1142 universali
175 1114 294 1150 synodo
301 1121 395 1150 usque
409 1113 447 1150 ad
456 1114 542 1140 istam
549 1115 697 1148 octavam,
705 1114 778 1141 anni
787 1122 835 1141 oc-

40 1160 74 1192 tog
83 1161 126 1185 nta
133 1158 200 1194 duo;
209 1158 248 1186 ab
256 1158 363 1186 eadem
375 1161 477 1185 autem
484 1160 568 1185 sexta
581 1158 702 1185 trecenti
709 1161 833 1194 septem.

65 1203 248 1230 l'urticulares.
276 1203 336 1230 sive
368 1202 478 1230 locales
514 1201 622 1238 synodi
642 1203 672 1230 in
697 1203 835 1238 partibus

42 1247 139 1274 Urientis
156 1247 276 1274 fuerunt
301 1246 372 1274 istae:

65 1291 144 1318 Prima
153 1291 366 1319 fuitcelebrata
382 1291 412 1318 in
436 1291 593 1318 Antiochia
622 1291 747 1325 Pisidiae,
763 1294 836 1319 tem-

42 1342 93 1369 pore
102 1336 241 1364 Aureliani
253 1336 455 1370 imperatoris,
465 1339 567 1363 contra
585 1335 712 1363 Paulum
733 1337 836 1364 Samo-

41 1382 169 1412 salensem,
178 1382 229 1416 qui
240 1380 359 1416 primus
369 1388 461 1408 ausus
472 1383 516 1407 est
526 1379 736 1416 blasphemare
760 1381 838 1409 Chri<

42 1426 98 1451 stum
109 1425 261 1453 Dominum
271 1428 407 1452 nostrum
420 1424 523 1452 Filium
536 1425 595 1459 Dei,
606 1424 708 1452 dicens
728 1433 839 1460 purum

41 1476 90 1495 eum
97 1468 175 1497 fuisse
195 1469 419 1502 hominem;sed
425 1476 478 1504 per
484 1469 611 1504 gratiam
619 1469 709 1496 fuisse
717 1469 840 1504 insigni-

42 1515 86 1539 tum
94 1513 328 1541 etsublimatum.
343 1513 428 1545 Quod
438 1512 593 1540 audientes
608 1513 722 1549 praelati
747 1514 841 1542 Ecele—

41 1556 138 1590 Siarum,
145 1558 355 1586 confluxerunt
362 1557 493 1593 undique
500 1557 664 1593 complures
675 1558 714 1586 ad
729 1558 840 1587 dictam

42 1605 170 1636 raritatem,
187 1602 344 1630 obviantes
367 1603 458 1629 errori
472 1605 603 1634 novo,et
633 1603 770 1638 primitus
793 1612 841 1630 ex-

42 1649 96 1672 orto.
106 1647 214 1674 Przet'uit
224 1650 328 1675 autem
339 1646 383 1673 isti
402 1646 600 1682 synodotunc
620 1647 763 1683 temporis
785 1649 841 1683 Hy-

44 1698 152 1718 menaeus
177 1691 455 1727 Hierosolymorum
490 1691 697 1727 episcopus,et
733 1692 840 1719 beatus

43 1734 173 1768 Gregorius
182 1737 383 1763 Neocaesareze
391 1734 652 1772 Cappadociaa,qui
664 1736 840 1771 agnomina-

43 1782 76 1805 tur
84 1779 355 1815 Thaumaturgus,id
365 1782 419 1809 est.
442 1779 625 1814 miriticus,et
637 1781 696 1814 alii,
704 1781 755 1816 qui
763 1781 839 1808 Pau-

41 1822 87 1850 lum
99 1825 240 1852 communi
249 1825 584 1860 sententiadeponentes
592 1824 632 1852 ab
639 1825 767 1853 Ecclesia
780 1826 839 1861 eje-

42 1871 131 1896 cerunt.
144 1870 242 1896 Utrum
255 1876 325 1896 vero
337 1868 462 1896 ediderit
472 1877 615 1901 canones,
625 1877 684 1897 non
699 1870 836 1898 habetur.

67 1912 124 1941 Post
143 1913 225 1941 istam
249 1913 422 1941 immediate
433 1913 488 1940 fuit
512 1913 646 1941 secunda
660 1914 690 1941 in
708 1915 835 1949 civitate,

40 1963 90 1990 quae
100 1957 197 1985 dicitur
208 1958 341 1992 Auguria
349 1957 497 1993 [Ancyra];
505 1958 533 1984 in
542 1958 697 1994 provincia
704 1959 835 1994 Galatiae,

39 2001 72 2026 Cui
82 2003 186 2036 praefuit
196 2002 463 2038 Jutellius[Vitalis]
470 2002 631 2030 Antiochiae
647 2003 738 2038 Syria).
761 2012 834 2040 prae-

40 2044 80 2075 sul,
90 2047 289 2081 etAgricolaus
301 2048 441 2075 Caesareus
453 2047 659 2083 Cappadociae.
687 2049 836 2076 Convene-

40 2091 223 2126 runtpreedicti
235 2093 346 2124 Patres,
356 2090 476 2118 etmulti
486 2100 553 2119 cum
562 2091 604 2118 eis
615 2092 644 2119 in
669 2092 748 2120 dicto
770 2093 836 2122 loco

41 2138 136 2169 propter
152 2137 312 2171 quosdam,
338 2136 389 2171 qui
414 2138 547 2171 tempore
571 2137 786 2172 persecutionis
806 2139 836 2166 in

42 2176 153 2212 Ecclesia,
164 2184 285 2216 propter
296 2179 389 2207 nimia
396 2182 545 2208 tormenta
555 2184 740 2215 negaverunt
757 2183 836 2210 Chri-
852 2195 875 2222 Ι)

42 2223 111 2250 stum:
121 2224 190 2252 scire
200 2225 343 2259 volentes,
357 2227 455 2252 utrum
466 2224 539 2252 tales
555 2225 715 2261 recipiendi
740 2231 840 2256 essent

43 2261 159 2292 aitidem
177 2265 212 2292 de
228 2267 345 2298 caetero,
361 2267 389 2292 et
412 2264 567 2300 quomodo
587 2269 686 2294 essent
707 2267 839 2295 reconci-

42 2303 122 2335 liandi.
135 2309 223 2343 Unde,
235 2309 430 2345 inquisitione
450 2309 538 2342 facta,
550 2310 730 2338 deﬁnierunt
746 2312 839 2340 multa

43 2357 114 2385 super
132 2352 195 2387 hoc,
211 2356 240 2381 et
258 2353 390 2381 fecerunt
413 2361 544 2381 canones
568 2354 670 2389 viginti
694 2355 837 2392 quinque.

70 2396 155 2425 Fuilet
165 2399 246 2426 tertia
264 2398 399 2434 synodus
416 2402 633 2434 consequenter
654 2402 722 2436 post
745 2401 838 2435 illam,

42 2440 93 2467 etin
119 2443 304 2471 Neocaesarea
329 2443 420 2471 Ponti:
446 2451 514 2479 quae
542 2443 677 2472 similiter
709 2453 840 2474 canones

44 2483 118 2512 edidit
127 2487 359 2522 quattuordecim.

85 2530 154 2558 Hanc
176 2536 276 2560 secuta
287 2535 329 2560 est
353 2532 451 2568 prima
474 2532 658 2567 generalium
670 2532 699 2561 in
721 2534 840 2562 civitate

45 2571 130 2609 Niciea,
162 2581 247 2605 conta
287 2577 398 2609 Arium,
416 2579 449 2604 ut
483 2577 620 2613 superius
663 2586 840 2614 expressum

46 2620 86 2646 est.
100 2620 177 2655 cujus
188 2630 318 2650 canones
333 2624 402 2649 sunt
424 2622 537 2657 viginti.

75 2661 127 2690 Alia
141 2666 269 2701 synodus
282 2665 431 2694 celebrata
450 2666 504 2695 fuit
525 2667 718 2703 postmodum
740 2668 770 2696 in
785 2671 841 2696 An-

852 853 871 879 Β

691 114 833 143 CONTRA
853 114 1009 142 GBECOS.

1651 118 1703 148 558

876 176 986 205 tiochia
1013 178 1114 213 Syriae,
1147 182 1281 215 tempore
1309 180 1495 208 Constantini
1512 181 1699 219 [Constantii]

877 221 1029 257 principis,
1059 223 1110 250 lilii
1141 224 1325 251 Constantini
1350 225 1456 259 Magni,
1489 233 1557 260 quae
1598 227 1703 261 viginti

877 273 1008 294 canones
1018 268 1235 296 ecclesiasticos
1248 269 1458 304 promulgavit.
1474 270 1542 297 Post
1552 271 1639 298 istam
1652 271 1705 299 fuit

878 313 906 337 et
920 310 978 338 alia
993 312 1129 346 synodus
1145 313 1174 340 in
1189 313 1314 346 civitate,
1331 321 1398 349 quae
1412 314 1519 341 dicitur
1530 316 1658 349 Cangra,
1675 316 1706 344 in

879 355 1247 391 regionel’aphlagonum.
1265 358 1334 388 Quie
1350 358 1454 392 viginti
1466 359 1599 394 quinque
1617 367 1707 387 cano-

879 407 933 426 nes
949 407 1003 434 pro
1019 400 1173 429 honestate
1189 401 1365 429 clericorum
1381 402 1473 430 edidit
1488 405 1516 430 et
1528 403 1686 431 ordinavit.

915 444 979 471 Alia
1003 445 1099 472 fuitin
1129 446 1256 479 civitate,
1287 455 1355 482 qua
1384 446 1483 474 Sardis
1508 447 1615 475 dicitur
1637 448 1704 484 (Iit),

880 491 1001 524 propter
1019 490 1226 518 Constantium
1244 491 1468 526 imperatorem,
1484 492 1578 519 lilium
1603 493 1707 528 magni

881 533 1074 565 Constantini,
1089 534 1139 570 qui
1156 534 1316 562 declinavit
1330 535 1359 562 in
1372 535 1498 563 hmresin
1514 537 1705 564 Arianorum.

881 577 954 604 Huic
969 577 1058 605 frater
1073 587 1145 606 suus
1161 579 1341 614 [Constans],
1356 580 1408 615 qui
1423 580 1569 613 regnabat
1585 581 1615 608 in
1629 581 1707 608 occi-

881 621 979 655 dente,
996 622 1243 650 admonitionem
1255 632 1353 659 papae.
1367 624 1446 651 misit
1459 624 1570 653 litteras
1583 625 1708 652 commi-

882 666 1024 700 natorias,
1040 666 1158 699 scilicet,
1174 666 1258 702 quod
1274 671 1421 703 pugnaret
1436 671 1540 696 contra
1554 677 1634 702 eum,
1652 669 1708 696 nisi

883 718 900 736 a
911 710 990 737 dicto
1003 718 1100 738 errore
1112 711 1275 740 desisteret.
1285 712 1418 740 Tandem
1429 713 1466 740 de
1495 714 1647 750 utriusque
1658 722 1708 742 vo-

882 754 996 782 luntate
1019 755 1138 790 exstitit,
1153 759 1185 783 ut
1208 756 1343 792 synodus
1357 761 1588 792 congregaretur
1598 759 1627 786 in
1640 766 1710 795 par-

884 799 965 826 tibus
981 800 1115 832 Orientis,
1132 803 1159 828 et
1172 801 1320 837 quidquid
1336 803 1434 829 Patres
1452 810 1542 838 super
1555 803 1612 830 hoc
1638 803 1710 831 defi-

886 843 991 875 nirent,
1015 852 1119 871 eorum
1153 847 1264 872 starent
1291 846 1414 874 consilio
1441 849 1470 874 et
1493 847 1654 875 sententiae.
1679 849 1712 875 Et

887 897 953 916 cum
964 889 1076 916 factum
1086 892 1171 922 esset,
1181 889 1314 917 deﬁnivit
1323 890 1466 926 przedicta
1484 891 1618 927 synodus
1647 893 1711 920 Sar—

887 933 966 965 dica,
976 933 1156 968 Symbolum
1164 934 1317 962 Niceenum
1329 943 1447 962 summe
1453 943 1519 963 esse
1530 936 1692 964 tenendum
1703 945 1710 964 :

887 977 1002 1005 addens
1019 977 1123 1011 viginti
1145 985 1239 1005 unum
1260 985 1391 1006 canones
1405 978 1446 1006 ad
1458 978 1627 1007 doctrinam
1642 979 1712 1007 fidei

887 1022 1076 1057 pertinentes.

923 1066 1059 1094 Similiter
1079 1066 1109 1093 in
1137 1067 1283 1094 Laodicea
1309 1067 1465 1104 metropoli
1485 1068 1628 1104 quaedam
1654 1069 1714 1097 alia

889 1111 942 1138 fuit
956 1110 1104 1146 synodus,
1119 1119 1187 1147 quae
1203 1113 1236 1138 59
1249 1119 1380 1140 canones
1394 1112 1604 1148 promulgavit.

924 1157 992 1182 Post
1019 1155 1098 1182 hanc
1120 1163 1190 1183 vero
1213 1158 1393 1191 congregata
1415 1159 1460 1184 est
1476 1157 1609 1185 secunda
1618 1158 1718 1186 etuni-

891 1199 1012 1227 versalis
1023 1199 1167 1236 synodus,
1183 1208 1251 1237 quas
1260 1201 1589 1238 Constantinopolitana
1598 1202 1716 1237 dicitur,

891 1247 995 1272 contra
1002 1244 1218 1279 Macedonium,
1225 1245 1356 1280 praefatus
1381 1246 1465 1273 urbis
1474 1246 1718 1283 episcopum,sic-

892 1292 923 1317 ut
938 1297 1031 1325 supra
1046 1289 1170 1316 fecimus
1182 1289 1375 1322 mentionem,
1392 1290 1443 1325 qui
1459 1293 1562 1318 contra
1577 1291 1718 1327 Spiritum

892 1337 1030 1360 sanctum
1052 1332 1143 1369 impie
1158 1333 1390 1369 blasphemavit.
1416 1336 1473 1363 Sed
1500 1343 1633 1363 canones
1657 1343 1720 1363 non

894 1378 987 1406 edidit
1002 1378 1059 1405 nisi
1074 1378 1218 1414 quinque.

931 1424 1011 1450 lianc
1036 1425 1138 1450 secuta
1163 1425 1209 1450 est
1237 1423 1321 1450 tertia
1348 1424 1508 1458 generalis,
1535 1424 1566 1452 in
1602 1425 1721 1453 civitate

895 1467 1009 1502 Epheso
1024 1466 1181 1500 celebrata,
1197 1469 1302 1494 contra
1316 1467 1444 1503 impium
1454 1469 1632 1504 Nestorium,
1645 1469 1721 1497 sicut

894 1511 1019 1539 habetur
1034 1518 1135 1546 supra.
1153 1511 1244 1546 Cujus
1259 1519 1390 1539 canones
1405 1511 1525 1540 fuerunt
1539 1521 1602 1541 sex.

930 1557 997 1583 Post
1011 1555 1099 1583 istam
1113 1563 1183 1582 vero
1202 1555 1257 1583 fuit
1272 1555 1355 1583 tertia
1369 1556 1400 1583 in
1417 1556 1489 1584 urbe
1514 1557 1719 1586 Constantino-

895 1600 1028 1635 politana
1039 1603 1143 1628 contra
1158 1600 1320 1636 Eutychen,
1332 1599 1385 1628 sed
1396 1601 1583 1636 particularis
1596 1610 1602 1629 :
1617 1602 1719 1630 nullos

895 1647 993 1672 tamen
1010 1651 1141 1672 canones
1153 1643 1255 1675 edidit,
1271 1651 1326 1671 nec
1340 1644 1498 1673 habentur.

931 1689 1041 1716 Deinde
1055 1690 1158 1716 secuta
1169 1690 1213 1716 est
1226 1688 1286 1721 illa,
1301 1696 1368 1724 quae
1380 1690 1409 1716 in
1433 1689 1620 1718 Chalcedone
1644 1691 1718 1719 urbe

894 1742 911 1762 a
927 1733 1073 1761 sexcentis
1090 1733 1210 1768 triginta
1222 1733 1359 1760 Patribus
1368 1733 1477 1761 sanctis
1488 1733 1636 1763 celebrata
1648 1735 1713 1765 fuit.

894 1779 986 1812 Cujus
998 1785 1130 1805 canones
1145 1779 1215 1804 sunt
1228 1777 1329 1811 viginti
1342 1778 1486 1814 quinque.

931 1822 993 1850 Fuit
1005 1825 1032 1849 et
1042 1821 1100 1849 alia
1109 1821 1244 1857 synodus
1253 1822 1575 1858 Contantinopolitana,
1587 1824 1716 1859 particu-

891 1866 961 1894 laris
976 1869 1075 1894 tamen
1090 1869 1193 1894 contra
1211 1866 1363 1894 Severum.
1374 1867 1550 1895 Anastasius
1567 1868 1716 1904 siquidem

891 1913 1065 1947 imperator,
1079 1910 1235 1938 declinans
1247 1911 1277 1938 in
1292 1911 1428 1938 haeresim
1442 1912 1622 1948 Eutychetis,
1642 1913 1716 1941 mule

891 1960 936 1984 tos
951 1959 978 1984 et
994 1963 1119 1991 magnos
1132 1956 1271 1990 prmlatos
1295 1955 1380 1991 ejecit
1392 1956 1428 1984 de
1443 1956 1515 1984 locis
1530 1957 1603 1989 suis,
1624 1958 1716 1985 susci—

891 2005 956 2029 tans
965 2008 1017 2036 per
1027 1999 1200 2026 universum
1211 1999 1368 2035 imperium
1376 2009 1463 2028 suum
1476 2002 1714 2037 persecutionem

890 2045 1035 2072 universa).
1050 2043 1185 2071 Ecclesiae
1202 2044 1318 2072 Christi.
1349 2046 1431 2072 Unde
1447 2053 1516 2073 cum
1532 2046 1715 2081 praestitisset

890 2089 1023 2117 favorem
1042 2089 1150 2115 Severo
1165 2087 1315 2123 heeretico,
1334 2091 1364 2116 ut
1375 2089 1456 2116 ﬁeret
1471 2090 1643 2126 patriarcha
1665 2091 1713 2118 Ec-

891 2134 986 2162 clesiae
1016 2132 1195 2160 Antochenze
1210 2133 1272 2160 sine
1292 2133 1374 2161 irrita
1403 2134 1545 2162 electione
1566 2135 1713 2168 Flaviani,

891 2186 981 2215 quem
993 2176 1320 2205 canonesadvocabant
1328 2180 1489 2213 martyrem
1501 2180 1556 2215 (42)
1570 2189 1577 2214 ;
1589 2179 1716 2207 scanda-

891 2223 936 2256 tis,
951 2226 979 2250 et
995 2220 1262 2258 persecutionibus,
1281 2224 1309 2249 et
1322 2221 1492 2250 homicidiis
1507 2224 1642 2259 implevit
1666 2226 1715 2252 Ec-

893 2268 1014 2296 clesiam
1031 2265 1137 2294 Christi
1152 2265 1310 2302 praedictus
1324 2266 1451 2294 Severus
1464 2276 1470 2294 :
1485 2268 1525 2295 ita
1549 2271 1580 2296 ut
1594 2271 1716 2297 Anasta-

893 2314 955 2341 sius
970 2312 1033 2347 ipse
1049 2312 1198 2346 protector
1214 2318 1286 2337 suus
1302 2313 1330 2338 et
1344 2310 1449 2339 fautor.
1467 2319 1521 2347 per
1535 2312 1646 2341 litteras
1659 2314 1716 2349 ipsi

892 2356 1135 2388 comminaretur,
1151 2354 1233 2390 quod
1248 2354 1304 2381 nisi
1320 2354 1474 2382 desisteret
1491 2364 1509 2383 a
1523 2356 1572 2384 tali
1587 2357 1716 2391 insania,

893 2410 962 2430 eum
974 2402 1011 2429 ab
1024 2401 1137 2428 honore
1147 2399 1367 2435 patriarchatus
1378 2398 1550 2435 deponeret.
1563 2402 1627 2433 Quo
1640 2404 1717 2429 Anan

894 2446 985 2474 stasio
1000 2444 1151 2480 defuncto,
1164 2444 1292 2479 suscepit
1305 2443 1436 2471 Justinus
1446 2444 1538 2472 homo
1553 2445 1717 2472 catholicus

894 2488 1179 2526 sceptrumimperii.
1194 2488 1279 2522 Quod
1288 2488 1396 2516 timens
1409 2492 1437 2516 et
1450 2489 1553 2517 videns
1578 2491 1716 2523 Severus,

893 2534 1057 2563 voluntarie
1072 2533 1159 2561 cessit
1173 2533 1290 2565 honori,
1306 2532 1430 2561 latenter
1443 2533 1546 2568 fugam
1562 2534 1668 2564 iniens.
1692 2537 1719 2561 et

894 2587 1021 2616 pergens
1032 2577 1241 2605 Alexandriam
1253 2576 1290 2604 ad
1305 2585 1376 2604 suos
1393 2577 1566 2613 complices.
1584 2580 1718 2614 Cumque

895 2623 1006 2652 ibidem
1019 2623 1049 2650 in
1057 2622 1231 2658 praedictum
1243 2629 1374 2649 errorem
1385 2622 1530 2658 plurimos
1542 2623 1720 2656 induxisset,

897 2667 1080 2696 Justinianus
1096 2666 1268 2701 imperator,
1284 2667 1336 2702 qui
1357 2666 1498 2702 praedicto
1517 2667 1634 2696 Justino
1657 2675 1723 2696 suc-

136 2727 267 2768 Synodus
279 2728 335 2768 ista
349 2731 391 2756 est
403 2728 589 2764 universalis,
605 2729 724 2757 tametsi
739 2730 865 2758 Nicaeum
881 2726 990 2767 synodi
1003 2727 1155 2765 appendix
1166 2727 1308 2764 quaedam
1324 2728 1439 2757 censeri
1456 2728 1565 2768 soleag

79 2761 124 2796 (4'2)
139 2761 226 2792 Locus
238 2764 413 2794 mendosus.
