1944 3084
214 93 264 120 359

213 155 352 187 cesserat,
366 154 472 187 rogatu
482 151 694 188 episcoporum
706 151 944 180 orthodoxorum
955 152 1034 180 illius

212 199 326 234 patriae,
343 196 517 231 congregari
539 196 690 232 synodum
717 197 844 232 petiitin
872 197 946 225 urbe
961 199 1034 226 Con-

211 242 488 278 stantinopolitana.
507 241 617 269 Eodem
629 243 761 277 tempore
775 249 856 277 papa
870 243 1032 278 Agapetus,

211 289 332 323 propter
342 285 590 322 persecutionem,
598 293 667 322 qum
678 287 772 313 totam
783 286 896 314 Italiam
907 294 1034 322 occupa-

210 334 303 365 verat,
320 338 389 358 cum
403 329 506 358 multis
522 330 635 358 clericis
649 332 677 358 et
689 330 839 366 episcopis
865 331 947 358 venit
961 332 1032 359 Con-

211 375 445 411 stantinopolim.
469 374 563 410 llujus
586 377 688 403 autem
714 375 870 403 autoritate
883 375 963 403 dicta
985 383 1033 411 sy-

210 421 309 448 nodus
323 419 537 448 condemnavit
562 419 691 455 impium
716 420 858 448 Severum
877 422 906 447 et
926 427 1031 448 omnes

207 466 272 501 ejus
287 464 408 492 similes.
422 466 495 493 Nam
508 463 708 495 Anthemium.
721 464 867 500 praelecta:
878 464 960 492 urbis
970 464 1030 500 epi—

207 518 344 546 scopum.
361 508 537 543 complicem
553 508 660 543 Severi,
676 508 728 544 qui
743 511 846 537 contra
857 509 927 544 jura
940 516 1031 536 cano-

205 563 279 582 num
295 554 381 582 dictae
402 553 527 581 civitatis
556 555 757 589 occupaverat
784 553 896 589 sedem,
923 553 1031 581 beatus

205 607 285 635 papa
293 600 443 634 Agapetus
451 598 490 626 ab
497 598 611 626 honore
620 597 759 634 deposuit
766 600 793 625 et
807 597 1029 625 condemnavit.

239 644 308 672 l’ost
316 643 398 671 illam
409 641 463 670 fuit
473 641 522 670 illa
530 642 636 678 quinta
645 642 781 678 synodus
790 641 949 677 generalis,
961 649 1029 678 quae

199 690 212 717 Ι
214 686 255 715 uit
267 686 306 714 ab
318 686 485 714 Justiniano
493 686 636 722 principe,
649 688 753 715 contra
761 686 918 721 Origenem
928 688 955 714 et
967 686 1028 714 the-

201 731 330 760 odorum
345 731 542 767 Mopsuestice,
559 732 588 758 et
604 730 734 767 reliquos
758 730 925 766 haereticos,
942 732 1031 767 prout

201 776 340 812 superius
352 776 478 804 fecimus
489 775 672 803 mentionem
685 784 691 803 :
703 783 771 811 quin
782 775 888 804 habuit
897 783 1028 804 canones

198 821 303 855 Vlginti
316 820 403 848 duos.

235 866 306 893 Post
329 866 417 893 istam
433 865 487 893 fuit
511 866 596 893 sexta
610 867 639 893 et
661 865 798 901 septima,
824 873 892 901 quae
921 864 1025 893 ultimo

197 910 420 943 describuntur,
431 910 508 938 inter
517 910 652 946 quinque
663 919 670 945 ;
684 912 712 938 et
721 910 859 946 superius
869 909 1026 938 nominata

197 955 263 984 fuit.
280 955 469 984 Celebratum
496 957 540 982 est
563 954 637 982 illud
667 954 905 982 famosissimum
928 954 1025 982 conci-

198 999 271 1028 lium
287 1001 353 1036 (43).
365 999 510 1028 Plurimos
525 1006 658 1028 canones
669 998 772 1032 edidit,
785 998 894 1026 scilicet
903 1001 1024 1026 centum

197 1044 318 1079 triginta
331 1046 400 1072 tres.

233 1088 290 1116 Sed
305 1091 333 1116 et
362 1088 483 1116 Photius
507 1086 687 1124 patriarcha,
710 1087 763 1123 qui
785 1089 848 1115 erat
872 1087 1025 1115 haeresiar-

198 1133 265 1167 cha,
287 1132 348 1160 duo
364 1131 530 1160 successive
554 1131 681 1161 concilia
707 1131 866 1159 celebravit
894 1131 924 1159 in
950 1131 1024 1159 urbe

198 1177 466 1212 Constantinopoli.
497 1176 629 1204 Primum
651 1175 682 1203 in
707 1175 818 1212 templo
847 1177 1024 1204 Sanctorum

200 1220 411 1257 Apostolorum
428 1229 435 1248 ς
453 1219 611 1256 reliquum,
625 1220 673 1247 cui
694 1220 832 1256 praebuit,
856 1222 888 1248 ut
910 1220 1022 1256 dicunt,

196 1273 277 1302 papa
287 1267 419 1293 Joannes
430 1265 574 1300 favorem,
590 1265 622 1292 in
633 1264 757 1292 ecclesia
767 1265 882 1292 Sanctae
895 1265 1022 1301 Sophim.

235 1311 295 1337 Ista
309 1310 398 1343 igitur
411 1311 480 1337 sunt
504 1308 629 1337 concilia
642 1317 709 1345 quae
725 1309 826 1345 recipit
854 1310 1024 1337 Graecorum

200 1354 332 1383 Ecclesia
345 1356 373 1382 et
387 1354 510 1382 retinet:
526 1354 564 1382 de
579 1362 708 1390 quorum
725 1354 892 1382 canonibus
919 1355 1023 1382 adver-

201 1407 253 1427 sus
283 1401 448 1427 Romanam
472 1398 633 1427 Ecclesiam
653 1398 796 1434 gloriatur
820 1399 934 1427 addens
960 1399 1023 1427 istis

200 1451 332 1472 canones
352 1443 567 1480 apostolorum,
582 1451 659 1480 quos
675 1451 691 1471 a
715 1443 804 1471 beato
830 1444 977 1472 Clemente
994 1452 1024 1472 se

200 1489 352 1526 accepisse
362 1491 487 1517 testatur
499 1496 645 1525 ;quorum
655 1496 814 1516 numerum
828 1489 858 1516 in
870 1489 931 1516 suis
942 1489 1024 1517 libris

200 1534 371 1569 assignans,
387 1534 471 1570 ponit
484 1541 536 1561 eos
551 1541 616 1561 esse
628 1533 781 1568 octoginta
793 1533 937 1569 quinque.

239 1579 357 1607 Furtiva
383 1578 506 1614 insuper
521 1578 667 1614 synodus,
682 1586 750 1614 quae
766 1578 796 1606 in
812 1578 909 1606 Trullo
925 1578 1025 1614 palatii

200 1624 255 1652 fuit
279 1624 364 1657 facta,
381 1623 448 1651 fecit
470 1631 602 1651 canones
613 1622 652 1650 ad
665 1622 781 1650 libitum
798 1623 1023 1659 imperatorum,

203 1671 235 1696 ut
247 1668 361 1696 dictum
379 1671 422 1696 est
438 1675 538 1703 supra,
553 1669 673 1694 centum
687 1669 715 1694 et
729 1667 816 1694 duos.

239 1713 296 1741 Sed
311 1715 339 1740 et
361 1712 495 1747 synodus
522 1711 628 1742 Photii,
654 1711 701 1738 cui
727 1710 861 1746 pI‘EPSllllt
891 1711 1026 1739 favorem

203 1758 333 1785 Joannes
347 1764 436 1792 papa,
454 1759 486 1783 ut
514 1756 570 1792 ipsi
597 1755 713 1788 volunt,
739 1755 807 1782 fecit
829 1762 959 1783 canones
981 1764 1026 1783 se-

203 1804 285 1837 ptem
301 1803 329 1828 et
343 1800 458 1828 decem.
475 1801 609 1832 Quorum
622 1799 744 1827 ultimus
756 1799 873 1826 videtur
898 1800 1026 1828 multum

203 1845 297 1874 facere
313 1853 367 1881 pro
384 1844 503 1872 Latinis.

240 1891 314 1918 Sunt
338 1889 428 1924 igitur
441 1888 471 1916 in
487 1888 625 1916 universo
649 1895 754 1915 omnes
778 1895 909 1916 canones
932 1888 1028 1916 nomi-

202 1934 273 1969 nati,
291 1933 456 1969 computati
470 1932 639 1961 canonibus
654 1931 871 1968 apostolorum,
887 1941 955 1960 cum
968 1933 1025 1969 his,

203 1979 291 2015 etqui
304 1979 333 2006 in
347 1979 456 2006 furtiva
473 1977 590 2014 synodo
612 1976 648 2004 de
677 1976 774 2005 Trullo
803 1977 872 2005 editi
897 1977 1027 2012 fuerunt,

201 2033 306 2054 cecxxr.
321 2023 436 2053 Habent
447 2023 569 2059 insuper
581 2022 728 2058 quasdam
740 2021 883 2058 epistolas
912 2026 1027 2051 sancto-

199 2078 268 2098 rum
284 2077 418 2101 suorum,
434 2067 540 2100 Basilii,
556 2067 663 2103 Cyrilli,
681 2067 834 2094 Athanasii
848 2070 875 2095 et
886 2067 1024 2102 aliorum,

199 2115 230 2142 in
244 2113 354 2150 quibus
370 2113 557 2141 continentur
573 2119 704 2139 canones
722 2113 834 2147 plures,
859 2120 936 2148 quos
950 2112 1025 2140 inter

198 2159 275 2186 alios
299 2157 486 2186 authenticos
508 2156 664 2192 recipiunt,
696 2158 725 2184 et
745 2156 811 2192 pari
832 2157 1023 2185 veneratione

196 2202 362 2231 imitantur.

231 2249 343 2275 Horum
362 2246 451 2281 igitur
471 2245 644 2274 auctoritate
671 2245 762 2272 Graeci
784 2244 905 2279 sulfulti,
927 2253 1018 2282 quam

193 2291 340 2328 plurimos
356 2291 481 2319 latratus
495 2293 599 2318 contra
612 2291 779 2318 Romanam
795 2289 957 2318 Ecclesiam
974 2291 1017 2319 la-

193 2337 300 2365 trando
312 2336 465 2364 emittunt:
480 2343 534 2372 pro
549 2343 595 2368 eo,
612 2334 696 2371 quod
711 2334 805 2362 multa
828 2334 859 2362 in
874 2335 926 2369 eis,
948 2342 1016 2371 quae

191 2383 295 2409 contra
310 2380 442 2413 Latinos,
462 2382 556 2415 etpro
572 2379 680 2408 Graecis
703 2379 801 2414 prima
824 2379 899 2407 facie
927 2387 1015 2414 agere

190 2426 337 2454 videntur.
355 2426 489 2458 Quorum
500 2426 632 2452 tenorem
647 2423 779 2457 diligenti
789 2423 1014 2458 investigatione

187 2470 421 2504 considerantes,
445 2469 482 2496 de
498 2469 600 2496 Graeco
615 2468 646 2496 in
671 2467 807 2496 Latinum
836 2475 890 2503 pro
914 2467 1014 2502 legen-

185 2516 259 2544 tium
281 2513 488 2542 exercitatione
510 2512 720 2547 tractabimus,
732 2511 801 2539 huic
817 2510 900 2547 operi
910 2519 1011 2547 super-

182 2559 396 2588 immiscentes.

217 2639 239 2656 ⁸⁷
257 2641 266 2667 l
282 2639 358 2668 Petr.
374 2646 402 2674 ιι,
424 2639 468 2666 23.

826 89 1068 118 PANTALEONIS
1087 89 1229 121 DIACONl
1249 92 1301 120 ΟΡ.

1051 155 1074 181 Α
1231 163 1434 198 Oppositiones
1457 163 1641 193 Graecorum.

1126 242 1245 277 Sitergo
1263 250 1341 270 unus
1350 251 1446 271 canon
1468 243 1711 279 apestolorumz»
1736 245 1923 281 EpiscopUS,

1087 287 1313 322 autpresbyter,
1325 289 1377 315 aut
1392 287 1538 316 diaconus
1563 296 1687 317 uxorem
1710 297 1798 317 suam
1824 298 1923 318 occa-

1087 331 1169 358 sione
1180 331 1352 367 honestatis,
1375 332 1422 360 vel
1446 333 1590 367 castitatis
1601 341 1663 361 non
1687 333 1796 369 ejiciat.
1806 334 1838 362 Si
1867 342 1923 362 au-

1087 377 1145 403 tem
1156 376 1577 412 ejecerit,excommunicetur.
1591 380 1782 406 Perseverans
1797 381 1921 410 autem,

1085 419 1263 456 deponatur.
1286 431 1299 445 n
1317 421 1375 449 Sed
1400 429 1462 455 vos,
1479 421 1630 457 inquiunt,
1659 423 1840 451 accedentes
1880 423 1922 450 ad

1085 472 1186 492 sacros
1197 465 1326 500 ordines,
1338 467 1443 494 votum
1454 466 1587 494 emittere
1612 465 1756 494 castitatis
1779 467 1919 502 adigitis.

1086 509 1161 543 Ergo
1183 509 1359 545 compellitis
1378 517 1432 538 vos
1457 518 1565 538 uxores
1590 510 1748 545 dimittere,
1758 511 1782 539 si
1806 512 1921 540 volunt

1084 552 1205 589 assequi
1216 552 1306 581 talem
1317 553 1457 588 gradum.
1474 555 1560 589 Ergo,
1568 557 1622 582 etc.

1119 597 1192 625 Item
1215 597 1375 626 vicesimus
1399 599 1544 635 septimus
1566 607 1665 627 canon
1686 599 1781 628 dicit:
1806 611 1822 625 ›ι
1850 600 1920 636 Epi-

1084 649 1218 677 scopum,
1230 642 1452 678 presbyterum,
1461 646 1513 671 aut
1522 643 1686 671 diaconum
1697 644 1919 673 verberantem

1084 685 1260 722 ﬁdeles,qui
1278 689 1412 722 peccant,
1426 690 1477 716 aut
1496 687 1633 716 inﬁdeles
1657 688 1759 724 inique
1774 692 1919 724 agentes,

1084 732 1172 766 etper
1194 730 1252 758 hoc
1277 731 1374 759 timeri
1397 731 1513 766 volunt,
1538 732 1651 768 deponi
1676 733 1918 769 praecipimus.»

1083 776 1280 811 Nequaquam
1290 778 1390 803 autem
1409 776 1466 804 hoc
1492 775 1657 804 docuitvos
1681 778 1841 812 Dominus;
1863 779 1918 806 sed

1048 831 1066 857 Β
1082 827 1149 847 cum
1157 820 1398 848 malediceretur.
1411 829 1470 848 non
1482 821 1754 850 remaledicebat“.
1772 823 1834 851 Sed
1858 831 1914 851 vos

1082 864 1175 891 Latini
1186 864 1342 892 manifeste
1353 865 1548 901 disciplinatis
1559 873 1619 901 eos,
1636 874 1713 902 quos
1737 866 1913 899 absolvitis,

1079 909 1108 936 et
1118 907 1301 944 quandoque
1313 916 1407 944 usque
1415 908 1454 936 ad
1462 908 1637 937 effusionem
1650 910 1816 945 sanguinis.
1835 912 1915 946 Ergo

1076 953 1162 987 juxta
1173 952 1342 980 sanctiones
1354 953 1475 981 Patrum
1496 953 1565 981 estis
1580 953 1762 990 deponendi.

1116 998 1187 1024 Item
1229 997 1434 1031 sexagesimus
1476 998 1578 1025 tertius
1623 998 1703 1027 dicit:
1738 999 1848 1032 »Quod
1889 1000 1915 1028 si

1079 1041 1249 1077 episcopus,
1261 1043 1313 1069 aut
1321 1041 1462 1070 sacerdos
1474 1042 1688 1076 autdiaconus,
1698 1051 1751 1072 seu
1780 1045 1914 1072 omnino

1079 1085 1116 1113 de
1127 1085 1263 1121 catalogo
1272 1085 1447 1114 clericorum
1467 1095 1571 1115 carnes
1596 1088 1758 1116 comederit
1779 1089 1811 1116 in
1840 1097 1915 1117 san-

1080 1130 1169 1164 guine
1190 1130 1299 1158 animae
1331 1131 1435 1166 ipsius,
1458 1134 1510 1159 aut
1533 1134 1684 1168 captuma
1716 1133 1825 1167 bestia,
1866 1134 1914 1161 vel

1079 1174 1291 1208 morticinium,
1307 1175 1487 1211 deponatur.
1508 1177 1566 1204 Hoc
1591 1176 1670 1205 enim
1681 1177 1725 1205 lex
1755 1178 1913 1214 prohibet.

1080 1219 1108 1247 Si
1138 1227 1208 1247 vero
1245 1219 1339 1247 laicus
1371 1220 1468 1253 fuerit,
1502 1221 1810 1250 excommunicetur.»
1854 1224 1913 1252 Sed

1079 1266 1206 1295 constat,
1219 1263 1333 1298 dicunt,
1343 1264 1426 1300 quod
1443 1265 1535 1293 Latini
1556 1266 1758 1295 indifferenter
1781 1275 1914 1296 vescan-

1080 1310 1127 1336 tur
1140 1308 1366 1343 talibus.lgitur,
1385 1312 1440 1338 etc.

1117 1355 1187 1380 Item
1214 1354 1421 1387 sexagesimus
1457 1357 1583 1391 quartus
1610 1355 1774 1392 praecipit:
1805 1359 1912 1395 Neque

1079 1397 1147 1434 quis
1159 1397 1274 1433 jejunet
1285 1398 1407 1426 Sabbati
1417 1398 1544 1432 die,nisi
1556 1400 1592 1428 sit
1602 1400 1703 1434 vigilia
1726 1402 1863 1430 Paschte.
1885 1403 1913 1431 Si

1080 1442 1147 1478 quis
1158 1442 1282 1470 clericus
1298 1443 1437 1470 inventus
1454 1443 1541 1471 fuerit
1563 1444 1643 1472 diem
1661 1445 1855 1474 Dominicum
1871 1447 1913 1483 je‘

1078 1486 1189 1521 junans
1204 1489 1255 1514 aut
1269 1487 1445 1521 Sabbatum,
1459 1490 1566 1524 praeter
1581 1497 1676 1517 unum
1689 1490 1800 1523 solum,
1817 1491 1913 1528 depo-

1079 1533 1179 1558 natur.
1206 1531 1234 1559 Si
1262 1531 1356 1559 laicus
1389 1535 1444 1567 est,
1482 1534 1769 1562 excommunicetur.
1805 1545 1822 1562 ›
1854 1536 1912 1564 Sed

1081 1576 1174 1604 Latini
1189 1577 1248 1604 fere
1266 1577 1348 1604 omni
1370 1577 1418 1604 die
1435 1577 1556 1606 Sabbati
1571 1579 1722 1614 jejunant.
1744 1581 1834 1615 Ergo,
1854 1584 1910 1609 etc.

1115 1622 1186 1648 Item
1203 1621 1404 1656 octogesimus
1419 1621 1530 1650 clamat
1553 1623 1594 1650 sic
1612 1631 1618 1650 :
1638 1635 1647 1648 α
1675 1624 1848 1660 Episcopus
1865 1626 1911 1654 vel

1078 1664 1235 1700 presbyter
1249 1667 1301 1693 aut
1322 1665 1468 1693 diaconus
1484 1666 1595 1694 militiae
1610 1675 1734 1703 vacans,
1757 1671 1785 1696 et
1801 1669 1910 1697 volens

1080 1710 1240 1744 utrumque
1251 1712 1359 1745 tenere,
1372 1709 1482 1738 scilicet
1496 1711 1687 1739 mundanum
1699 1712 1909 1749 principatum

1080 1755 1108 1780 et
1123 1753 1338 1782 sacerdotalem
1354 1754 1516 1789 diteeesim,
1528 1755 1707 1791 deponatur.
1723 1768 1737 1781 κ
1751 1759 1828 1785 Nam
1842 1767 1910 1795 quae

1081 1800 1149 1825 sunt
1163 1798 1296 1832 Caesaris,
1313 1799 1429 1833 Caesari,
1446 1802 1474 1827 et
1488 1807 1556 1835 qum
1573 1801 1631 1830 Dei.
1659 1802 1728 1829 Deo.
1752 1802 1811 1830 Sed
1830 1811 1911 1839 prte-

1081 1842 1132 1870 lati
1158 1843 1339 1877 Latinorum,
1367 1846 1395 1871 et
1408 1844 1498 1872 etiam
1515 1844 1578 1880 ipse
1591 1846 1681 1881 Papa,
1706 1847 1835 1875 assumit
1854 1848 1913 1876 sibi

1081 1886 1185 1914 talium
1201 1887 1369 1922 dignitates,
1386 1890 1414 1916 et
1428 1891 1574 1917 vocantur
1587 1889 1712 1926 quidam
1728 1891 1827 1927 duces,
1842 1893 1912 1929 qui-

1081 1931 1152 1959 dam
1164 1932 1291 1963 comites,
1302 1931 1426 1968 quidam
1437 1933 1527 1960 etiam
1537 1934 1734 1962 marchioncs.
1750 1936 1839 1971 Ergo,
1854 1939 1912 1965 etc.

1117 1978 1187 2003 Item
1203 1983 1301 2003 canon
1316 1976 1418 2004 tertius
1441 1977 1556 2005 consilii
1570 1978 1601 2005 in
1617 1980 1810 2008 Neoctesarea
1835 1982 1912 2009 cele-

1080 2020 1158 2048 brati
1174 2020 1301 2056 injungit
1314 2022 1521 2057 pmnitentiam
1535 2023 1674 2057 bigamis.
1692 2025 1725 2052 Et
1736 2025 1834 2054 multo
1847 2035 1911 2055 ma-

1077 2065 1174 2100 jorem
1189 2065 1247 2099 his,
1261 2065 1313 2102 qui
1328 2066 1359 2093 in
1373 2065 1520 2102 trigamia,
1546 2070 1574 2095 et
1590 2067 1665 2096 ultra
1680 2068 1869 2104 ceciderunt,
1883 2074 1910 2099 et

1078 2109 1191 2137 indicat
1205 2109 1311 2137 beatus
1326 2110 1453 2138 Basilius
1467 2111 1523 2139 tale
1537 2112 1764 2140 matrimonium
1778 2113 1909 2144 fornica-

1076 2154 1202 2182 tionem.
1232 2154 1305 2182 Dicit
1324 2154 1405 2183 enim
1420 2155 1578 2183 concilium
1595 2165 1600 2184 :
1618 2167 1631 2181 ‹‹
1661 2158 1701 2185 De
1724 2157 1780 2191 his,
1804 2160 1861 2195 qui
1877 2160 1907 2188 in

1075 2197 1212 2234 pluribus
1248 2199 1349 2235 nuptis
1385 2199 1564 2228 ceciderunt,
1604 2201 1748 2237 Equidem
1780 2204 1905 2240 tempus

1074 2243 1255 2279 poenitentiae
1275 2242 1466 2272 manifestum
1490 2247 1544 2280 est,
1569 2245 1652 2279 quod
1670 2246 1831 2275 deﬁnitum
1849 2250 1904 2281 est,

1073 2287 1126 2315 sed
1138 2288 1323 2316 conversatio
1337 2295 1440 2316 eorum
1457 2291 1485 2316 et
1497 2289 1571 2317 ﬁdes
1582 2289 1738 2318 abbreviat
1750 2293 1903 2328 tempus.)

1109 2334 1179 2360 Item
1195 2332 1339 2372 septimus
1354 2340 1451 2360 canon
1467 2334 1508 2361 ait
1525 2342 1530 2360 :
1544 2334 1725 2370 «Presbyter
1739 2335 1769 2363 in
1786 2337 1902 2372 nuptiis

1069 2376 1184 2412 bigami
1196 2371 1413 2405 non-comedat
1429 2386 1434 2404 :
1452 2378 1524 2414 quia
1539 2386 1607 2406 cum
1624 2379 1741 2407 veniam
1759 2371 1844 2416 petat
1856 2382 1902 2410 bi-

1069 2428 1186 2456 gamus,
1204 2421 1272 2457 quis
1287 2422 1340 2448 erit
1354 2421 1402 2449 ille
1417 2422 1582 2459 presbyter,
1600 2424 1646 2451 cui
1662 2427 1785 2460 propter
1800 2433 1900 2455 come-

1068 2465 1195 2494 stionem
1209 2469 1323 2502 quaerat
1337 2466 1478 2501 bigamus
1493 2468 1627 2496 conﬁteri
1639 2468 1653 2496 ?
1666 2480 1680 2493 η

1102 2510 1174 2538 Item
1188 2511 1218 2538 in
1234 2511 1401 2539 canonibus
1414 2511 1493 2540 beati
1509 2512 1605 2540 Basilii
1624 2513 1661 2540 de
1677 2513 1786 2543 eodem
1801 2515 1898 2544 habe-

1065 2557 1112 2583 tur
1136 2555 1199 2584 sic:
1218 2556 1255 2583 de
1271 2556 1417 2591 trigamis,
1446 2559 1474 2585 et
1492 2557 1629 2593 pluribus
1655 2559 1770 2594 nuptiis
1799 2568 1897 2597 copu-

1063 2599 1141 2634 latis,
1171 2600 1313 2629 eumdem
1333 2601 1494 2630 deﬁnimus
1518 2610 1676 2637 canonem,
1698 2612 1790 2640 quem
1806 2608 1836 2634 et
1856 2607 1893 2634 de

215 2749 270 2786 (t3)
292 2750 384 2778 Locus
401 2749 535 2778 mutilus.
553 2748 637 2777 Forte
651 2746 906 2784 Carthaginiense,
922 2734 1008 2786 cujus
1024 2747 1108 2786 apud
1123 2747 1333 2778 Balsamonem
1345 2751 1462 2779 exstant
1478 2757 1609 2779 canones
1628 2752 1687 2781 I36.
