1944 3084
30 134 66 161 56i

29 195 142 229 bigamis
168 196 452 232 proportionaliter,
475 204 591 225 annum
613 196 737 233 quidem
760 203 849 232 super
867 195 890 222 Α

29 240 158 274 bigamis;
173 240 226 268 alii
242 240 388 269 dixerunt
399 241 486 270 duos.
504 241 633 274 Quidam
652 241 810 276 trigamos,
822 242 851 268 et

30 285 101 318 ultra,
117 284 223 318 tribus,
242 287 274 313 et
290 287 420 323 quatuor
431 287 567 322 puniunt,
579 286 706 323 quidam
726 285 850 322 insuper

31 329 285 358 excommunicant
302 338 366 360 eos.
383 341 397 355 n

58 373 121 401 item
142 373 256 401 eodem
274 373 357 403 dicto
371 382 487 403 canone
502 383 509 402 :
526 386 540 400 ››
557 376 596 402 De
612 374 724 411 nuptiis
740 373 851 410 pluries

29 417 165 446 celebratis
181 418 293 446 Patres
321 419 540 454 conticuerunt,
568 417 852 455 tanquamincenti-

29 470 85 490 vum
97 464 204 496 essent,
237 463 328 499 quod
356 465 384 492 et
409 465 535 492 omnino
563 464 852 498 alienumagenere

29 507 162 534 humano:
177 507 271 535 nobis
288 510 389 536 autem
410 509 533 537 evidens
549 511 602 542 est,
624 508 708 545 quod
731 507 799 544 plus
815 506 852 534 sit

27 559 103 587 quam
113 555 279 588 peccatum
305 553 520 582 fornicationis.
552 567 561 578 ι
581 554 639 582 Sed
667 552 762 581 Latini
778 551 852 580 cele-

28 595 181 624 branttales
193 597 326 633 nuptias
351 598 414 625 sine
438 598 685 626 contradictione.
714 599 790 631 Ergo
805 597 848 624 fa—

29 640 92 667 ciunt
116 643 225 669 contra
261 641 402 670 instituta
431 650 596 676 canonum,
620 644 648 670 et
673 645 847 670 sanctorum

29 684 140 712 Patrum.
165 685 226 713 Sed
257 686 314 722 qui
334 686 403 714 talia
440 690 544 722 agunt,
565 685 848 714 excommunicandi

30 731 93 756 sunt.
113 730 200 764 Ergo,
218 731 279 758 etc.

56 775 116 800 item
131 781 234 802 canon
243 774 393 802 Timothei
408 775 544 811 episcopi
557 775 745 802 Alexandriae
756 774 825 803 dicit
838 783 844 802 :

30 829 39 841 ιι
55 817 131 850 Quod
141 818 292 846 mulieres
309 821 501 847 menstruatze
511 827 572 847 non
583 819 693 847 debent
704 819 846 847 accedere

29 861 231 897 adecclesiam,
248 864 344 892 etiam
360 871 414 899 pro
428 864 580 900 baptismo
595 864 777 900 recipiendo,
793 864 846 892 sed
861 872 882 898 Β

30 905 121 934 debent
135 907 294 936 abstinere
310 909 349 936 ab
363 909 502 943 ingressu
527 909 669 940 ecclesiae,
686 911 714 937 et
728 909 847 938 ditl‘erre

31 951 208 986 baptismum,
222 961 389 989 quousque
400 953 605 989 puriﬁcentur.
622 964 636 978 η

58 997 121 1024 item
130 996 332 1025 Laodicensis
341 998 456 1026 concilii
473 1006 568 1025 canon
592 998 847 1034 quadragesimus

32 1042 138 1075 quartus
166 1042 317 1078 prohibet
339 1050 376 1070 ne
400 1042 540 1070 mulieres
565 1045 681 1078 partem
706 1042 787 1071 illam
799 1043 848 1071 ali-

33 1085 167 1119 quomodo
182 1087 334 1122 ecclesiae,
364 1095 457 1123 quam
487 1095 542 1115 n0s
566 1088 692 1115 chorum
708 1087 847 1123 dicimus,

32 1128 129 1156 intrent.
171 1132 248 1159 item
273 1139 372 1159 canon
396 1132 531 1167 ejusdem
557 1131 674 1160 concilii
701 1132 848 1168 septimus

33 1173 160 1208 prohibet,
177 1182 215 1203 ne
229 1176 304 1212 quis
325 1176 584 1212 presbyterorum,
607 1179 659 1204 aut
688 1177 848 1213 episcopus

32 1217 117 1245 ott’erat
141 1219 330 1248 sacrificium
346 1220 376 1248 in
404 1220 507 1256 aliqua
531 1220 633 1254 domo,
663 1221 722 1248 nisi
738 1221 789 1248 ubi
805 1223 849 1249 est

33 1261 144 1292 ecclesia.
161 1264 235 1296 Quae
250 1267 372 1297 cuncta,
397 1265 525 1301 qualiter
537 1265 569 1293 in
586 1265 715 1292 Ecclesia
731 1265 848 1294 Latino-

32 1311 84 1332 rum
97 1310 254 1336 serventur
270 1311 299 1336 et
320 1317 338 1337 a
351 1309 432 1342 viris,
456 1311 484 1337 et
497 1317 515 1336 a
530 1309 658 1342 feminis,
673 1309 781 1342 omnis,
797 1309 849 1345 qui

35 1350 117 1378 oculos
129 1352 232 1387 habet,
249 1354 353 1381 videre
370 1356 476 1390 potest.

61 1396 120 1423 item
136 1398 244 1426 tertius
272 1406 371 1426 canon
394 1398 519 1426 secundi
546 1398 663 1426 concilii
689 1399 730 1426 ita
759 1399 848 1435 dicit;

37 1451 43 1459 υ
57 1441 413 1479 Εοῑιειίίηιὶηοροηῐαῐιυηι
425 1443 603 1479 episcopum
614 1443 727 1471 habere
737 1451 850 1480 priero-

36 1485 145 1516 ﬁnitivam
170 1487 301 1515 honoris
332 1491 399 1523 post
424 1490 594 1516 Romanum
624 1488 813 1524 episcopum,
834 1500 848 1515 ¢

35 1529 129 1564 supple,
148 1531 360 1560 decrevimus:
375 1541 410 1560 eo
423 1533 506 1569 quod
518 1532 584 1568 ipsa
599 1533 635 1560 sit
650 1540 729 1560 nova
741 1534 846 1561 Roma.

36 1572 74 1598 Cui
90 1577 223 1604 convenit
238 1577 404 1604 vicesimus
422 1579 548 1605 octavus
570 1585 669 1605 canon
685 1577 846 1606 Chalcedo-

36 1618 117 1645 nensis
131 1621 260 1656 concilii,
280 1621 331 1657 qui
354 1622 396 1649 sic
418 1621 538 1649 deﬁnit:
563 1633 577 1646 ››
601 1621 715 1658 Ubique
729 1624 846 1650 sancto-

37 1667 86 1688 tum
97 1663 210 1692 Patrum
226 1665 418 1694 definitiones
446 1669 617 1703 sequentes,
640 1669 667 1693 et
682 1674 844 1700 canonem,

36 1706 73 1739 qui
89 1715 177 1743 nuper
201 1710 299 1738 lectus
324 1714 377 1745 est,
402 1713 523 1738 centum
548 1711 769 1747 quinquaginta
794 1711 845 1739 Dei

36 1752 293 1782 ainantissimorum
307 1755 521 1791 episcoporum
537 1755 605 1788 (sub
617 1756 673 1791 pia:
690 1756 842 1783 memorias

35 1793 175 1825 Theodosio
191 1800 312 1834 Magno,
339 1800 391 1835 qui
414 1799 468 1827 fuit
490 1799 663 1835 imperator,
692 1800 722 1827 iu
750 1800 843 1835 regali

37 1838 273 1879 Constantinopoli
298 1844 381 1877 urbe,
413 1852 492 1872 nova
520 1845 635 1880 Roma),
662 1852 843 1879 cognoscen-

37 1884 76 1914 195.-
87 1895 98 1907 ιι
120 1888 261 1916 eumdem
281 1891 309 1917 et
323 1897 378 1916 nos
392 1889 554 1917 deﬁnimus
574 1891 602 1917 et
630 1890 789 1917 statuimus
804 1890 842 1918 de

38 1932 218 1965 Prmrogaiivis
232 1933 430 1961 sanctissima:
455 1933 592 1969 ejusdem
615 1934 752 1962 Ecclesiae
768 1936 841 1962 (lon-

37 1973 261 2012 stautinopoleos,
274 1986 361 2006 novre
378 1980 488 2006 Romze.
516 1978 630 2005 Etenim
646 1979 751 2006 throno
768 1979 840 2007 anti-

37 2017 129 2050 quioris
140 2021 252 2056 Homze,
261 2031 297 2050 eo
307 2023 390 2058 quod
402 2025 540 2057 regnaret
553 2022 602 2050 illa
610 2023 724 2058 civitas,
740 2025 838 2052 Patres

37 2068 143 2103 rougrue
156 2069 182 2093 et
196 2067 337 2095 decenter
351 2067 537 2096 tradiderunt
566 2069 636 2094 tunc
654 2068 838 2103 primitivum

38 2102 158 2137 honoris:
183 2114 211 2138 et
225 2112 333 2139 eodem
357 2115 493 2147 respectu
517 2111 600 2143 moti,
617 2102 737 2139 centum
752 2113 838 2148 quin-

37 2152 157 2184 quaginta
167 2156 215 2183 Dei
231 2156 431 2184 amantissimi
442 2156 585 2192 episcopi,
601 2155 749 2192 tequalem
762 2165 836 2192 pree-

38 2196 178 2227 Γοὲζᾶίίναιη
188 2200 312 2228 honoris
326 2201 524 2228 attribuerunt
536 2200 625 2228 etiam
638 2201 836 2229 sanctissimae

37 2243 105 2266 novae
134 2243 233 2272 Romae
249 2254 255 2278 ;
270 2248 340 2272 etut
354 2245 383 2273 in
413 2245 620 2273 ecclesiasticis
647 2245 747 2278 rebus,
762 2246 837 2274 sicut

38 2288 314 2324 19551.magniiicetur,
327 2290 459 2318 secunda
470 2289 640 2326 postipsam
653 2289 808 2318 exsistens.

67 2327 198 2361 liOcidem
225 2334 330 2362 detinit
353 2338 436 2362 sexta
465 2334 610 2370 synodus.
627 2334 683 2362 Sed
709 2334 762 2362 etsi
776 2342 836 2362 non

39 2373 153 2404 eamdem
164 2382 338 2414 potestatem
348 2379 439 2407 habet
447 2379 616 2415 patriarcha
630 2379 836 2407 Constantino-

41 2416 177 2456 POliianus,
188 2431 279 2459 quam
292 2424 382 2452 habet
394 2432 485 2460 papa,
497 2424 703 2459 constatquod
720 2431 775 2460 par
794 2426 838 2452 est

40 2462 61 2504 et
73 2462 162 2493 similis
175 2467 202 2495 in
218 2471 374 2504 potestate.
391 2469 449 2496 Sed
473 2476 528 2504 par
543 2468 573 2495 in
589 2476 692 2504 parem
709 2476 769 2496 non
784 2469 837 2496 ha-

43 2502 79 2552 lf.“
91 2502 245 2545 imperium.
260 2513 341 2541 Unde
356 2521 426 2548 ergo
442 2502 564 2541 ettanta
577 2502 785 2549 praesumptio,
806 2515 838 2541 ut

43 2547 140 2581 dicatse
152 2557 313 2594 principem
323 2547 412 2594 super
420 2566 541 2585 omnem
551 2547 660 2585 terram
672 2557 685 2585 ἱ)
697 2547 725 2585 et
735 2558 837 2592 etiam,

45 2596 108 2627 (ἴυοά
120 2598 192 2629 dicta
206 2603 290 2630 sedes
311 2611 398 2630 novae
425 2604 525 2630 Romae
555 2602 676 2630 subdita
693 2602 731 2630 sit
754 2602 809 2630 sibi
825 2603 838 2630 ἱ)

46 2636 91 2684 tioc
99 2642 162 2672 nihil
174 2649 224 2678 est,
237 2648 292 2675 nisi
306 2647 449 2675 invadere.
460 2647 546 2675 sedes
570 2647 694 2675 alienas.
715 2646 771 2675 Sed
785 2647 838 2684 qui

48 2680 90 2711 hoc
98 2692 188 2724 agunt,
199 2692 358 2720 anathema
374 2694 452 2720 sunt.
468 2693 552 2727 iirgo,
567 2694 623 2720 ctc.

853 2227 874 2254 D

77 2790 95 2809 ³⁸
107 2794 187 2832 Apoc.
198 2806 254 2834 xxx,
269 2802 285 2828 7
297 2808 381 2837 seqq.

717 132 858 161 CONTRA
877 131 1033 161 GR/ECOS.

1676 135 1730 161 562

940 195 1012 224 Item
1028 203 1124 224 canon
1143 196 1415 233 quinquagesimus
1442 196 1594 224 secundus
1610 196 1728 233 septimi

905 240 1030 273 concilii,
1045 241 1128 277 quod
1141 241 1253 270 factum
1273 241 1327 269 fuit
1350 242 1380 269 in
1404 241 1513 276 'i‘rullo,
1535 241 1674 277 prohibet
1684 249 1728 268 ce-

903 284 1100 313 lebrationem
1111 286 1203 314 Missae
1224 287 1255 314 in
1272 286 1522 320 Quadragesima,
1534 285 1641 313 diebus
1659 285 1730 312 Sab-

903 329 981 357 batis
994 331 1022 358 et
1032 330 1191 358 Dominicis
1207 332 1346 368 exceptis,
1362 331 1465 358 dicens
1482 339 1487 358 :
1504 341 1517 355 ι(
1532 330 1571 357 Ιη-
1586 329 1729 357 omnibus

905 373 1011 402 diebus
1023 375 1129 410 jejunii
1145 378 1255 404 sanctae
1269 375 1524 410 Quadragesimze,
1539 377 1646 410 praeter
1659 373 1731 401 Sab-

905 417 1010 446 batum
1035 422 1063 447 et
1087 420 1283 456 Dominicam,
1310 419 1611 455 Annuntiationisque
1637 418 1729 449 diem,

905 462 958 492 ﬁat
967 463 1004 492 de
1014 465 1271 500 przesanctiticatis
1287 473 1374 493 sacra
1393 465 1487 492 missa
1504 474 1511 498 ;
1528 475 1541 489 η
1567 463 1619 491 sed
1635 463 1729 490 Latini

906 509 987 536 omni
1002 509 1049 537 die
1068 510 1099 537 in
1123 510 1363 545 Quadragesima
1389 509 1548 543 celebrant,
1566 510 1595 536 et
1606 507 1727 543 ubique,

904 553 993 581 etiam
1008 554 1054 581 bis
1079 554 1111 582 in
1132 555 1189 582 die.
1220 556 1295 590 Ergo
1316 555 1427 583 faciunt
1452 556 1555 582 contra
1584 553 1726 581 instituta.

904 598 980 632 Ergo
995 600 1064 626 sunt
1076 599 1326 627 cxcommunicati
1342 601 1370 627 et
1382 597 1638 627 anathematizati.

930 665 1090 700 Responsio
1098 666 1275 694 Latinorum
1282 666 1322 694 ad
1330 666 1524 694 auctoritates
1534 672 1692 693 canonum.

938 728 996 763 His,
1012 731 1043 756 ut
1054 729 1167 758 dictum
1181 732 1233 763 est,
1250 729 1477 758 auctoritatibus
1502 728 1632 756 Ecclesia
1645 729 1724 756 Grae-

900 781 1005 801 corum
1021 782 1052 801 se
1067 774 1206 802 muniens
1219 777 1247 802 et
1260 775 1378 809 erigens
1401 776 1505 801 contra
1519 773 1648 801 Latinos.
1664 780 1726 801 non

901 820 1000 846 cessat
1013 818 1121 846 iisdem
1131 818 1284 852 insultare,
1300 819 1415 847 rabiem
1429 818 1683 855 praevaricationis
1698 819 1727 846 et

902 863 1100 891 anathematis
1116 863 1311 899 imponendo.
1328 865 1362 891 Et
1373 863 1440 891 licet
1452 865 1562 890 nostrae
1578 862 1726 890 facultatis

902 910 930 936 et
952 908 1061 943 ingenii
1076 916 1137 936 non
1152 909 1198 943 sit,
1212 908 1250 936 ad
1264 908 1390 943 singula,
1405 909 1493 944 prout
1515 908 1667 943 competit,
1682 915 1726 934 re-

902 953 1052 989 spondere
1060 961 1065 980 :
1074 953 1216 988 quaedam
1224 955 1324 981 tamen
1334 953 1500 987 lectorem,j
1509 952 1723 986 urisignarum,

902 997 1065 1025 cautiorem
1080 997 1176 1025 facere
1191 999 1328 1034 possunt,
1357 997 1432 1024 sicut
1457 1004 1619 1032 possumus
1639 1003 1724 1023 com—

901 1042 1076 1078 pendiosius
1095 1050 1149 1078 pro
1165 1044 1248 1078 parte
1258 1042 1440 1074 Latinorum,
1456 1043 1515 1069 Deo
1530 1042 1661 1075 auctore,
1673 1040 1725 1068 ob-

901 1086 1052 1114 viabimus
1069 1087 1255 1122 supradictis.

939 1131 1202 1168 Respondentibus
1215 1132 1303 1167 igitur
1312 1131 1427 1168 primis,
1440 1130 1571 1166 generali
1582 1130 1673 1158 modo
1684 1130 1727 1158 lo-

902 1177 1024 1213 quendi,
1049 1176 1197 1204 dicimus:
1222 1177 1306 1212 quod
1331 1175 1429 1204 omnis
1454 1176 1610 1211 scriptura,
1635 1182 1728 1210 quam

903 1222 1020 1248 Grzecus
1033 1228 1088 1256 pro
1101 1229 1135 1248 so
1148 1223 1252 1249 contra
1267 1220 1415 1255 Latinum,
1429 1222 1537 1257 praeter
1552 1222 1665 1247 textum
1684 1219 1728 1246 Βία

902 1265 980 1300 hilca,
999 1265 1130 1298 adducit,
1157 1266 1297 1300 suspecta
1310 1267 1353 1292 est
1368 1267 1396 1292 et
1411 1272 1475 1292 esse
1497 1264 1587 1292 debet
1610 1263 1730 1291 cuilibet

903 1309 966 1337 viro
981 1309 1116 1345 sapienti.
1131 1317 1166 1337 eo
1174 1309 1258 1345 quod
1270 1309 1308 1337 ab
1319 1309 1402 1337 initio
1417 1309 1567 1337 nascentis
1583 1307 1728 1343 Ecclesiae,

903 1356 1020 1382 tantum
1046 1354 1175 1381 exercuit
1205 1354 1247 1389 [se
1273 1354 1413 1390 exseruit]
1428 1361 1603 1390 perversum
1617 1353 1730 1387 dogma

904 1399 1110 1426 haereticorum
1126 1399 1154 1425 in
1172 1401 1258 1432 gente
1274 1399 1426 1434 praedicta,
1443 1397 1527 1434 quod
1551 1405 1655 1425 eorum
1671 1400 1730 1424 stu-

903 1442 988 1470 dium
1003 1445 1031 1470 et
1041 1442 1163 1470 intentio
1173 1442 1235 1477 fuit,
1252 1450 1371 1478 semper
1386 1442 1465 1470 dicta
1477 1444 1650 1470 sanctorum
1659 1449 1730 1469 vera

903 1487 1096 1522 removendo,
1110 1489 1161 1515 aut
1175 1486 1251 1515 falsa
1264 1487 1436 1521 inserendo,
1459 1494 1662 1522 corrumpere,
1675 1486 1728 1513 de~

903 1534 1026 1566 struere,
1056 1533 1084 1559 et
1106 1532 1279 1565 dilacerare,
1305 1532 1434 1559 Probant
1457 1532 1514 1559 hoc
1539 1531 1675 1563 concilia,
1701 1533 1729 1558 et

902 1577 1033 1605 maxime
1047 1585 1159 1609 unum;
1177 1576 1227 1604 ubi
1240 1584 1276 1604 ex
1291 1579 1375 1612 parte
1405 1575 1675 1608 Monotbclitarum,
1694 1575 1728 1602 li-

900 1621 961 1648 bris
977 1622 1123 1657 corruptis
1146 1621 1176 1648 in
1205 1621 1340 1648 medium
1366 1619 1500 1656 prolatis,
1528 1619 1727 1655 imponebant

899 1666 988 1694 beato
999 1674 1087 1702 papae
1104 1666 1217 1701 Vigiho,
1230 1666 1312 1701 quod
1324 1665 1475 1699 quosdam
1489 1664 1725 1693 anathematiza-

899 1714 982 1739 verat
992 1711 1044 1746 qui
1055 1719 1115 1738 non
1127 1710 1347 1738 confitebantur
1360 1710 1437 1737 duas
1449 1712 1582 1742 naturas,
1595 1711 1723 1736 etunam

898 1755 1081 1784 voluntatem
1092 1757 1120 1783 et
1133 1755 1338 1791 operationem
1361 1754 1452 1790 fuisse
1473 1755 1504 1782 in
1520 1754 1642 1781 Christo.
1659 1754 1723 1781 Imo

897 1801 937 1828 ita
950 1800 1003 1828 fuit
1016 1803 1043 1828 et
1058 1803 1101 1828 est
1115 1800 1261 1828 familiare
1286 1799 1394 1827 Graecis
1414 1802 1442 1827 et
1467 1800 1634 1835 proprium,
1650 1799 1722 1826 Scri-

896 1847 1000 1881 pturas
1008 1853 1110 1873 sacras
1118 1852 1308 1880 corrumpere
1317 1854 1323 1878 ;
1331 1844 1413 1880 quod
1422 1844 1460 1872 ad
1467 1843 1722 1880 compescendam

895 1889 1068 1925 huiusmodi
1079 1890 1227 1918 insaniam
1241 1889 1442 1917 sanctiPaires
1450 1889 1507 1916 sub
1519 1888 1719 1916 anathematis

895 1935 1083 1962 attestatione
1098 1935 1154 1962 hoc
1165 1934 1194 1962 in
1209 1935 1269 1962 suis
1285 1934 1347 1962 ﬁeri
1358 1933 1585 1970 prohibuerunt,
1604 1935 1719 1960 utentes

893 1979 993 2006 verbis
1007 1979 1204 2014 Apocalypsis
1227 1980 1250 1995 ³⁸
1279 1987 1349 2006 cum
1373 1978 1423 2006 tali
1439 1977 1608 2005 additione:
1628 1989 1640 2002 (ι
1655 1978 1718 2010 Qui-

894 2031 1012 2058 cunque
1027 2023 1266 2058 apposuerithis,
1282 2023 1328 2050 vel
1344 2022 1515 2051 diminuerit
1529 2030 1535 2049 :
1553 2022 1577 2049 si
1591 2021 1717 2049 clericus

893 2070 946 2100 est,
964 2067 1141 2102 deponatur;
1158 2068 1182 2094 si
1194 2067 1300 2102 laicus,
1316 2066 1602 2100 excommunicetur,
1621 2077 1634 2090 ››
1649 2069 1715 2099 etc.,

892 2114 924 2140 ut
939 2119 1030 2147 supra
1048 2112 1170 2139 iecimus
1186 2112 1380 2139 mentionem.
1398 2113 1430 2139 Et
1445 2115 1477 2140 ut
1492 2111 1590 2139 omnis
1607 2111 1654 2139 via
1663 2111 1716 2138 eis-

891 2156 960 2183 dem
976 2155 1118 2183 haereticis
1144 2156 1386 2190 praecluderctur,
1402 2150 1617 2184 ordinaverunt
1633 2155 1715 2183 insu-

890 2209 953 2237 per,
963 2203 995 2228 ut
1007 2202 1207 2228 communiter
1222 2201 1339 2233 dicitur,
1348 2203 1377 2229 ut
1386 2200 1462 2235 libri,
1471 2201 1623 2237 praecipuo
1632 2208 1715 2228 sanc-

892 2249 989 2274 torum
1004 2245 1209 2279 conciliorum,
1221 2246 1251 2272 in
1267 2245 1378 2272 chartis
1397 2246 1590 2281 bombycinis
1606 2246 1716 2274 scribe-

890 2293 1003 2323 rentur,
1018 2297 1052 2317 eo
1077 2289 1198 2322 scilicet,
1226 2289 1309 2325 quod
1333 2297 1469 2317 rasuram
1494 2297 1555 2318 non
1572 2291 1717 2319 sustineat

891 2335 981 2370 hujus
998 2334 1172 2370 pergameni
1185 2334 1218 2368 (f.
1235 2334 1311 2361 sicut
1321 2335 1527 2369 pergamena).

928 2381 1035 2408 Contra
1045 2386 1176 2406 canones
1202 2386 1272 2406 vero
1297 2377 1504 2414 apostolorum
1532 2381 1560 2406 et
1574 2379 1713 2412 aliorum,

891 2424 943 2461 qui
953 2423 1040 2451 nobis
1055 2423 1163 2459 objecti
1174 2426 1254 2456 sunt,
1270 2423 1426 2459 multiplex
1439 2423 1493 2450 erit
1507 2424 1675 2460 responsio,
1688 2427 1717 2452 et

891 2468 1090 2497 diversimode
1106 2468 1404 2504 possuntadversarii
1419 2469 1576 2496 confutari.
1593 2470 1717 2496 Constat

892 2514 981 2549 enim,
1000 2513 1074 2541 sicut
1096 2513 1152 2549 ipsi
1168 2513 1282 2547 dicunt,
1312 2521 1454 2543 canones.
1471 2516 1544 2549 quot
1572 2513 1716 2550 apostolis

892 2558 1104 2593 inscribuntur,
1120 2558 1157 2586 de
1173 2559 1276 2586 Latino
1288 2559 1318 2586 in
1348 2559 1481 2586 Griecum
1492 2567 1510 2586 a
1535 2558 1622 2586 beato
1634 2566 1717 2594 papa

893 2604 1040 2631 Clemente
1050 2603 1143 2632 fuisse
1157 2603 1326 2632 translatos.
1341 2603 1511 2638 Cumigitur
1521 2603 1622 2631 omnis
1636 2611 1717 2638 aqua

893 2649 988 2677 tinens
1014 2648 1045 2676 in
1074 2649 1155 2677 fonte
1176 2652 1204 2678 et
1218 2649 1331 2685 origine
1363 2648 1525 2678 naturalior
1553 2651 1582 2677 et
1607 2648 1716 2680 verior.

893 2701 986 2731 quam
1001 2693 1031 2722 in
1044 2693 1157 2729 rivulis,
1173 2694 1224 2731 qui
1238 2694 1406 2732 procedunt
1422 2693 1461 2723 ab
1477 2701 1522 2730 eo,
1537 2693 1717 2730 inveniatur,
