1944 3084
183 94 232 122 563

757 95 1000 123 PANTALEONIS
1020 96 1160 124 DIACONI
1180 97 1231 124 CP.

1846 86 1936 115 564

183 155 417 192 supponendum
433 158 460 183 et
473 156 655 184 credendum
672 160 725 192 est,
740 157 820 194 quod
835 157 865 184 in
881 156 1009 185 Ecclesia
1025 165 1047 191 Α
1063 157 1163 191 legum
1182 158 1325 185 Dominus
1335 164 1388 192 pro
1409 155 1550 182 varietate
1572 156 1742 190 temporum
1769 151 1938 194 diversa

183 201 298 233 Latina,
316 209 333 228 a
343 200 454 236 quibus
469 203 614 237 tanquam
629 210 647 228 a
663 202 742 229 fonte
757 201 843 229 rivuli
858 210 1010 238 processe-

184 247 264 277 runt,
277 245 346 272 dicti
359 253 489 273 canones
502 246 630 273 veriores
640 249 667 274 et
679 246 813 282 puriores
824 249 902 279 sunt,
916 254 1010 282 quam

185 289 215 316 in
227 289 355 317 Ecclesia
364 290 550 318 Graecorum:
565 291 728 326 praesertim
741 298 809 317 cum
821 298 873 326 per
883 298 935 318 ora
947 290 1010 326 plu-

185 333 263 360 rium
278 333 483 361 haereticorum
502 337 530 361 et
545 334 817 367 schismaticorum,
833 341 851 360 a
875 334 1013 361 trecentis

186 378 338 412 octoginta
353 378 452 409 annis,
465 381 492 405 et
503 378 576 405 citra
588 378 788 406 transierunt:
808 378 891 414 quod
903 378 1012 405 multas

187 421 260 449 alias
277 421 354 449 soliti
366 425 434 450 sunt
446 430 638 458 corrumpere
648 423 823 458 scripturas.
833 423 890 450 Sed
900 430 968 449 cum
983 422 1012 449 in

187 467 321 495 Ecclesia
328 466 466 494 Romana
474 467 573 503 plures
581 475 617 495 ex
623 468 675 501 eis,
682 468 856 501 etmaxime,
865 467 915 503 qui
923 467 1014 495 modo

188 511 296 538 Latinis
310 511 418 546 objecti
430 514 508 546 sunt,
522 511 644 539 minime
654 511 848 546 reperiantur,
871 511 1013 547 sequitur,

187 554 270 590 quod
287 557 337 582 aut
350 555 536 590 superadditi
553 557 623 583 sunt
636 555 674 582 ab
691 555 748 582 eis:
766 563 833 582 cum
850 555 886 582 sit
901 555 1015 582 verissi-

187 606 284 628 mum,
296 599 376 634 quod
387 599 423 626 de
434 600 537 627 Latino
547 600 574 627 in
585 601 718 627 Graecum
728 599 845 626 fuerunt
855 599 1015 635 assumpti,

225 642 281 670 Sed
296 651 320 670 Si
335 651 440 671 verum
456 646 510 679 est,
527 645 609 679 quod
626 644 685 671 sint
697 643 754 671 ﬁcti
779 644 817 671 ab
832 644 978 672 haereticis
990 647 1017 670 et

190 687 398 721 schismaticis,
414 691 442 715 et
457 687 521 715 aliis
535 688 702 716 canonibus
731 688 808 715 vei-is
832 688 942 721 inserti,
960 696 1019 715 me‘

188 731 245 758 rito
258 733 286 758 et
299 731 415 767 absque
429 732 594 768 quaestione
612 732 714 768 aliqua
738 735 808 759 sunt
822 732 1012 768 repudiandi.

190 775 218 803 Si
231 783 300 803 vero
314 775 353 802 ab
364 775 476 812 aliquo,
487 776 642 804 nescimus
651 784 723 812 quo,
734 776 824 803 talem
838 777 1016 812 scripturam

189 820 321 855 suscepit
344 822 372 847 et
387 820 480 848 tenuit
504 820 629 848 Ecclesia
666 821 847 855 Graecorum,
876 820 1015 853 dicimus,

189 864 272 900 quod
284 864 313 891 iii
329 865 430 892 Graeca
444 865 617 892 auctoritate
629 865 784 898 ignoratur
794 864 887 901 ipsius
899 868 1014 896 veritas,

185 910 216 935 .et
245 908 320 935 inter
343 909 519 945 apocrypha
544 911 573 936 et
595 909 690 936 dubia
705 911 776 936 sunt
794 909 1014 945 computanda:

190 953 366 989 apocrypha
382 956 483 981 autem
500 953 628 981 Ecclesia
642 954 743 987 nescit,
762 953 811 981 ubi
827 954 956 981 maxime
967 961 1016 981 co—

188 1005 256 1024 rum
274 997 390 1025 silentio
405 998 520 1026 veritati
532 999 650 1034 penitus
680 998 863 1026 convincitur
884 998 1016 1025 obviare.

190 1041 266 1074 Quid
275 1050 345 1076 ergo
357 1043 424 1070 est?
436 1042 496 1070 Nos
506 1051 578 1070 sane
602 1043 731 1078 primam
745 1045 859 1078 partem
871 1042 960 1077 hujus
974 1050 1019 1069 ar—

191 1087 424 1121 gumentationis
440 1087 593 1121 eligentes,
615 1087 746 1115 dicimus
770 1094 838 1113 cum
851 1087 1018 1122 expositore

192 1138 355 1161 canonum,
370 1139 401 1158 re
417 1134 445 1159 et
457 1131 578 1159 nomine
592 1132 723 1159 maxime
739 1131 814 1158 inter
829 1132 945 1158 Graecos
961 1130 1018 1165 (44)

191 1175 274 1212 quod
297 1175 424 1211 Photius,
450 1175 497 1203 vel
526 1176 670 1204 Photinus
709 1175 888 1212 patriarcha,
916 1178 1020 1202 auctor

193 1220 376 1253 schismatis,
403 1221 455 1256 qui
479 1220 574 1247 multa
588 1220 625 1248 de
651 1220 741 1248 corde
758 1227 812 1247 suo
839 1220 902 1247 ﬁxit
916 1222 1020 1247 contra

193 1263 325 1299 Latinos,
339 1264 448 1292 dubios
464 1272 606 1297 canones,
618 1267 645 1291 et
673 1263 774 1300 plures
784 1263 859 1291 alios
871 1263 1020 1299 apostolo-

193 1316 261 1335 rum
276 1308 455 1341 canonibus,
470 1312 498 1336 et
510 1308 637 1336 aliorum
652 1310 824 1336 sanctorum
842 1310 961 1336 Patrum
979 1307 1021 1335 in-

194 1353 340 1385 terseruit,
357 1355 385 1380 et
395 1353 424 1380 in
439 1353 539 1381 multis
550 1353 622 1380 locis
635 1353 731 1380 libens
744 1352 898 1380 veritatem
914 1351 1022 1379 conde-

193 1397 319 1425 mnavit.

230 1440 370 1469 Secundo
383 1441 422 1469 ad
436 1441 516 1470 idem
532 1441 670 1474 dicimus,
703 1441 785 1477 quod
802 1441 881 1468 beati
894 1441 1021 1476 apostoli

194 1486 222 1512 et
237 1486 331 1513 sancti
348 1487 446 1514 Patres
462 1487 551 1514 etiam
566 1485 723 1522 complura
749 1485 966 1513 deﬁnieruntet
979 1493 1024 1512 or-

193 1528 374 1558 dinaverunt
387 1531 417 1559 in
434 1531 572 1566 Ecclesia,
589 1539 644 1567 pro
659 1530 747 1558 variis
760 1530 858 1558 causis
885 1532 912 1557 et
937 1537 1023 1557 even-
1040 1528 1059 1552 C

193 1573 286 1608 tibus,
302 1575 438 1603 locorum
452 1576 594 1603 nimirum
608 1577 636 1603 et
652 1577 834 1610 temporum,
850 1575 940 1601 etiam
954 1581 1024 1608 per—

193 1626 348 1652 sonarum,
358 1620 470 1655 quibus
484 1619 586 1656 procul
596 1619 690 1647 dubio
699 1618 840 1646 causisde
849 1617 949 1645 medio
957 1617 1013 1644 sub

192 1662 270 1695 latis,
287 1671 392 1691 eorum
407 1664 542 1691 similiter
555 1664 676 1691 effectus
691 1662 804 1694 debuit,
832 1665 860 1689 et
874 1661 966 1689 debet
980 1659 1027 1701 ra:

195 1707 376 1736 tionabiliter
402 1711 430 1735 et
458 1709 522 1736 sine
564 1715 656 1735 causa
683 1707 838 1734 removeri.
875 1705 946 1733 Hinc
972 1709 1025 1746 est‘

194 1752 277 1786 quod
290 1752 439 1780 interdum
454 1753 560 1788 rigida,
571 1752 720 1780 interdum
731 1750 856 1778 remissa
867 1750 1025 1786 imperant.

197 1795 384 1831 Quandoque
399 1796 486 1824 etiam
498 1797 525 1824 in
538 1796 582 1823 his
593 1803 661 1831 quae
673 1798 742 1822 sunt
753 1794 814 1821 suis
838 1794 1026 1829 praedicatio-

195 1838 286 1866 nibus
302 1840 460 1874 contraria,
480 1841 672 1868 inveniuntur
681 1839 883 1874 dispensasse.
897 1838 1026 1866 Probant

196 1884 254 1912 hoc
269 1887 356 1912 actus
377 1885 552 1913 eorumdem
581 1883 797 1919 apostolorum,
828 1882 879 1910 ubi
893 1882 930 1909 de
957 1891 1026 1910 con—

198 1936 291 1956 sensu
308 1930 442 1957 unanimi
467 1937 566 1966 pauca
577 1928 729 1965 quaedam,
744 1927 798 1954 sed
815 1930 913 1955 tamen
925 1927 1026 1962 gravia

199 1973 338 2007 gentibus
353 1974 550 2010 imponentes,
582 1973 694 2000 scilicet
710 1973 861 2000 abstinere
884 1972 922 1999 ab
938 1972 1026 1999 idolis

198 2019 370 2051 immolatis,
379 2017 722 2053 etsanguinesu/l‘orato,
735 2019 762 2044 et
774 2016 1026 2050 [omit-aliane”;

200 2063 342 2099 quaedam
374 2063 569 2099 postmodum
583 2061 692 2090 Paulus
700 2062 804 2088 doctor
815 2060 961 2094 gentium,
975 2061 1026 2096 qui

198 2108 305 2135 eodem
321 2108 424 2143 spiritu
441 2107 547 2143 plenus
563 2110 635 2139 erat,
648 2109 679 2133 ut
693 2106 768 2134 intra
795 2105 919 2138 dic=tur,
949 2105 1026 2131 salu-

197 2151 288 2179 briter
303 2152 461 2179 revocavit.
483 2152 563 2179 idem
578 2151 667 2178 etiam
694 2149 863 2186 Apostolus,
881 2157 935 2185 pro
954 2152 1027 2176 tem-

1064 202 1144 229 visus
1153 205 1196 229 est
1207 203 1354 238 imperare
1365 199 1518 236 apostolis,
1531 207 1600 226 cum
1611 198 1719 225 scilicet
1731 205 1783 224 eos
1802 193 1937 222 modo

1066 255 1133 274 cum
1151 247 1238 273 unica
1255 246 1364 279 tunica,
1379 248 1407 272 et
1423 244 1485 271 sine
1499 242 1646 277 sandalis,
1657 245 1685 269 et
1707 241 1830 276 alisque
1844 239 1937 265 ba-

1067 290 1142 324 culo,
1155 290 1245 318 modo
1257 298 1325 317 cum
1334 288 1464 322 duabus,
1477 290 1504 315 et
1513 287 1659 314 calceatos
1672 285 1756 313 mittit
1767 284 1809 312 ad
1823 290 1939 320 pra?—

1066 334 1241 362 dicandum.

1103 380 1133 406 In
1145 370 1368 406 deﬁnitionibus
1382 385 1505 413 quoque
1522 378 1652 410 Patrum,
1663 375 1737 402 sicut
1747 372 1889 400 diximu
1899 379 1936 400 s.

1068 423 1368 453 inultainveniuntur,
1380 430 1447 457 quis
1458 421 1513 448 llOt‘.
1522 420 1601 448 idem
1612 419 1740 451 probant
1748 416 1935 445 similiter.

1068 467 1125 496 hoc
1141 470 1193 497 est.
1210 467 1350 504 quaedam
1368 474 1421 502 pro
1435 469 1578 500 tempore,
1593 467 1619 491 et
1634 463 1673 491 ad
1700 466 1825 498 tempus
1847 463 1918 487 sta

1070 514 1132 539 tuta
1147 511 1246 544 fuisse,
1263 512 1366 538 Dicunt
1382 510 1460 537 enim
1471 510 1500 537 in
1517 507 1699 545 quibusdam
1715 507 1777 533 suis
1793 504 1937 532 deﬁni-

1070 556 1309 591 tionibus,prout
1320 557 1488 582 Graiam-um
1502 550 1838 590 probantexemplaria,
1859 548 1934 576 tali

1072 600 1183 628 modo:
1203 601 1231 628 Si
1245 601 1312 636 quis
1329 608 1432 627 carnes
1457 602 1483 625 t'i
1496 598 1596 625 caules
1618 598 1647 624 in
1663 597 1710 624 die
1741 594 1934 623 Dominico

1072 654 1131 673 non
1144 645 1314 673 comedi-rit.
1327 654 1348 671 si
1361 644 1484 671 clericus
1496 647 1550 673 est,
1574 643 1743 678 deponatur
1755 650 1761 673 ς
1772 640 1796 666 si
1809 639 1935 666 laicus

1073 694 1126 722 est,
1151 689 1438 717 excommuniceiur.
1461 689 1492 715 Et
1516 690 1638 714 iterum:
1668 687 1696 713 Si
1723 685 1794 721 quis
1822 684 1934 710 diem

1073 734 1259 762 Dominicum
1277 734 1411 769 jejuiiai-e
1436 733 1574 760 inventus
1600 731 1693 759 fuerit,
1720 729 1765 757 vel
1786 728 1932 757 Sahba-

1071 782 1134 806 tuin
1153 781 1258 812 praeter
1274 786 1378 809 unum,
1395 777 1557 804 anathema
1568 776 1612 803 sit.
1627 776 1692 802 llaec
1704 774 1778 802 etiis
1790 772 1929 800 similia

1070 824 1166 851 multa
1181 825 1356 850 statuerunt.
1372 821 1467 855 Quod,
1484 824 1516 848 ut
1531 829 1610 857 saepe
1625 819 1769 852 diximus,
1785 818 1926 845 factum

1071 870 1126 902 est,
1141 870 1172 895 ut
1183 875 1218 894 ex
1235 867 1342 894 talibus
1360 866 1477 894 statutis
1492 873 1617 898 errores,
1640 864 1690 900 qui
1702 866 1789 890 erant
1803 863 1835 889 in
1856 863 1926 889 Ec-

1071 912 1171 946 clesia,
1188 911 1362 944 evellerent;
1375 918 1446 945 non,
1456 913 1487 937 ut
1497 909 1593 944 legem
1604 911 1778 945 perpetuam
1793 915 1832 934 ex
1850 907 1925 933 hoc

1071 956 1244 984 hominibus
1268 955 1492 991 persuaderent.
1510 954 1561 982 Cui
1590 953 1669 980 enim
1686 952 1818 979 dubium
1846 954 1921 981 est,

1072 1000 1154 1036 quod
1170 1000 1254 1028 inulti
1278 999 1412 1027 fidelium
1433 999 1583 1027 abstinent
1605 1006 1621 1025 a
1645 996 1787 1025 carnibus
1816 995 1920 1023 omni

1073 1045 1229 1080 tempore?
1244 1048 1272 1072 et
1283 1048 1383 1072 tamen
1400 1052 1459 1071 non
1487 1046 1628 1079 peccant;
1645 1045 1672 1070 et
1700 1040 1782 1078 quod
1797 1040 1922 1076 plures

1073 1089 1121 1117 alii
1137 1090 1240 1117 tamin
1256 1089 1346 1119 festis,
1361 1096 1455 1124 quam
1472 1088 1500 1114 iu
1513 1087 1577 1115 aliis
1590 1095 1645 1123 pro
1666 1086 1760 1113 salute
1790 1092 1919 1120 corpo-

1073 1134 1123 1168 ris,
1137 1133 1261 1169 quidam
1279 1141 1333 1169 pro
1347 1134 1440 1160 salute
1465 1131 1596 1160 animos?
1610 1135 1637 1158 et
1663 1132 1765 1158 tamen
1790 1129 1823 1156 in
1856 1128 1919 1155 tali

1073 1187 1163 1214 opere
1174 1178 1255 1206 nullo
1266 1178 1358 1205 modo
1370 1179 1503 1214 peccant,
1520 1177 1592 1212 quia
1606 1175 1730 1203 intentio
1741 1175 1838 1201 ﬁnem
1853 1173 1920 1200 im-

1073 1223 1158 1259 ponit
1171 1222 1264 1258 operi,
1280 1230 1340 1250 non
1353 1230 1431 1258 opus
1447 1221 1613 1252 intentioni,
1627 1219 1796 1248 secundum
1821 1217 1922 1254 quod

1073 1267 1164 1295 iidem
1181 1269 1278 1294 Patres
1294 1267 1387 1294 sancti
1404 1267 1434 1294 in
1459 1265 1608 1302 plerisque
1633 1265 1694 1292 suis
1725 1262 1920 1291 tractatibus

1075 1315 1174 1349 aperte
1185 1315 1398 1346 exposuerunt.
1411 1311 1467 1339 Sed
1479 1319 1515 1338 ne
1530 1314 1699 1338 nostrorum
1713 1309 1920 1336 adversario-

1075 1366 1141 1385 rum
1154 1365 1273 1388 manus,
1286 1357 1327 1383 sic
1338 1355 1512 1390 generaliter
1523 1354 1746 1390 respondendo,
1759 1352 1920 1386 etfugisse

1074 1402 1242 1435 videamur,
1266 1401 1427 1428 redeamus
1455 1400 1493 1427 ad
1522 1398 1650 1434 singula,
1676 1401 1703 1426 et
1732 1397 1917 1427 videamus,

1078 1449 1176 1474 utrum
1189 1454 1243 1473 nos
1256 1445 1384 1480 objecta,
1401 1452 1439 1472 an
1456 1446 1583 1477 Graecos,
1600 1444 1652 1480 qui
1683 1451 1718 1470 ea
1744 1442 1917 1477 objiciunt,

1077 1490 1285 1518 miserabiliter
1300 1490 1454 1517 damnent.

1115 1535 1186 1562 Dicit
1197 1543 1274 1562 unus
1287 1542 1395 1567 canon,
1406 1541 1495 1570 quem
1509 1533 1713 1569 apostolorum
1733 1534 1916 1561 nominant,

1079 1580 1153 1607 sicut
1174 1588 1267 1616 supra
1295 1582 1452 1607 ostensum
1467 1581 1521 1612 est,
1553 1579 1609 1605 isto
1633 1577 1744 1605 modo:
1765 1590 1775 1601 ι
1793 1577 1824 1604 Si
1840 1577 1919 1612 quis

1079 1624 1248 1660 episcopus,
1268 1627 1318 1651 aut
1331 1623 1497 1660 presbyter,
1509 1626 1560 1650 aut
1572 1622 1718 1650 diaconus
1729 1629 1819 1648 suam
1838 1629 1918 1648 uxo—

1079 1676 1152 1702 rem,
1173 1680 1181 1692 ι
1200 1671 1256 1696 etc.

1118 1713 1258 1745 Dicimus,
1274 1712 1354 1749 quod
1371 1713 1402 1740 in
1429 1712 1559 1740 Ecclesia
1582 1711 1631 1739 Dei
1647 1710 1826 1738 Occidentali
1840 1718 1918 1737 nus-

1081 1766 1172 1794 quam
1199 1758 1255 1785 tale
1282 1757 1420 1790 vidimus,
1438 1765 1492 1784 nec
1509 1756 1708 1792 permittimus
1725 1755 1790 1782 ﬁeri
1820 1754 1917 1791 quale

1080 1802 1168 1830 nobis
1180 1802 1270 1829 Grteci
1285 1801 1448 1836 objiciunt;
1466 1800 1609 1833 videlicet,
1631 1803 1662 1827 ut
1681 1799 1789 1835 aliquis
1808 1799 1916 1826 matri-

1081 1846 1184 1874 monio
1195 1846 1324 1881 legitime
1347 1845 1504 1881 copulatus
1530 1845 1586 1872 sub
1600 1847 1743 1880 prtetextu
1776 1843 1914 1878 alicujus

1080 1891 1230 1925 religionis
1245 1890 1289 1917 vel
1309 1889 1482 1920 honestatis,
1509 1897 1595 1916 suam
1625 1888 1751 1916 dimittat
1769 1896 1913 1916 uxorem.

1080 1934 1146 1971 ipsa
1160 1934 1349 1968 reclamante,
1363 1937 1414 1961 aut
1434 1934 1588 1961 renitente.
1606 1932 1662 1960 Sed
1679 1932 1777 1969 politis
1793 1940 1852 1959 nos
1873 1936 1915 1959 ta-

1079 1979 1122 2007 les
1137 1988 1188 2015 per
1204 1987 1362 2006 censui-ain
1389 1978 1620 2006 ecclesiasticam
1644 1976 1869 2013 compellimus,
1889 1977 1914 2003 si

1080 2032 1171 2060 quam
1189 2023 1360 2057 religionem
1378 2022 1503 2056 ingressi
1526 2025 1606 2058 sunt,
1626 2021 1784 2051 dimittere,
1802 2025 1831 2048 et
1848 2030 1913 2047 suae

1081 2076 1199 2104 sponsie
1210 2067 1339 2102 legitime
1355 2067 1499 2103 copulari.
1516 2067 1623 2093 Verum
1634 2066 1657 2094 si
1681 2065 1769 2093 soluti
1782 2068 1866 2093 sunt.
1885 2068 1913 2092 et

1081 2112 1117 2140 ad
1131 2120 1248 2140 sacrum
1263 2111 1399 2139 ordinem
1414 2114 1518 2147 sponte
1530 2114 1558 2138 et
1570 2110 1732 2138 voluntarie
1744 2110 1912 2143 confugere

1079 2157 1193 2186 volunt.
1213 2165 1279 2184 cum
1298 2165 1363 2183 mos
1378 2156 1558 2192 antiquusin
1575 2155 1751 2182 occidentali
1766 2155 1910 2186 Ecclesia,

198 2204 280 2232 pore,
298 2204 352 2232 pro
379 2205 470 2224 causa
499 2197 588 2224 etiam
618 2195 693 2228 titili,
719 2194 904 2222 circumcidit
930 2194 1019 2221 'l'imo~

1116 2201 1307 2236 trcligionem
1331 2201 1398 2228 ﬁdei
1429 2206 1456 2227 et
1483 2200 1660 2227 sacramenti
1695 2200 1910 2230 reverentiam.

197 2241 309 2272 theum,
327 2243 354 2268 et
369 2241 563 2276 postmodum
577 2240 649 2267 dixit
661 2239 770 2268 Galatis
784 2248 790 2266 :
818 2239 851 2266 Si
867 2239 1024 2265 circumci-

198 2286 315 2319 dimim‘,
326 2285 463 2313 Christus
473 2286 553 2313 vobis
560 2284 765 2318 nihilprodesl
774 2284 807 2310 ‘°.
817 2283 887 2310 llinc
894 2283 1023 2319 estquod

197 2330 312 2365 Cephas
328 2330 470 2366 quaedam
485 2329 593 2364 legalia
606 2337 706 2356 coram
720 2328 941 2359 Judieisteniiit,
958 2328 1024 2355 licet

197 2378 355 2411 appareret
377 2374 632 2410 reprehensibilis,
670 2377 791 2409 propter
815 2373 958 2400 inﬁrmos.
993 2374 1023 2400 Et

196 2419 305 2447 Paulus
321 2419 455 2447 similiter
466 2419 594 2446 totondit
621 2418 677 2446 sibi
705 2421 796 2454 caput
823 2418 852 2445 in
869 2417 1019 2452 Cenchris,

195 2467 372 2493 coruscante
382 2465 446 2500 jam
461 2463 629 2498 Evangelia,
646 2462 890 2499 etpuriﬁcandus
917 2469 1022 2489 secun-

192 2510 267 2538 dum
282 2509 378 2543 legem
394 2508 529 2536 ascendit
556 2507 807 2544 Hierosolymam,
823 2510 854 2534 ut
881 2509 1020 2533 tractaret

195 2563 263 2582 cum
278 2553 474 2590 quibusdam,
491 2552 541 2588 qui
558 2555 658 2580 votum
676 2552 805 2580 fecerant
828 2551 857 2578 iii
876 2550 1017 2585 templum

195 2599 323 2627 Domini.
338 2598 408 2626 Hinc
424 2600 466 2625 est
479 2597 579 2630 etiam,
591 2597 672 2633 quod
703 2596 839 2624 Salvator
867 2597 976 2627 noster,
991 2597 1019 2622 et

229 2653 252 2670 3’
271 2654 332 2680 Act.
349 2660 395 2687 xv,
414 2653 457 2679 20.
498 2652 520 2668 ⁸ο
537 2651 629 2679 Galat.
646 2659 674 2684 v,
691 2652 706 2677 2

230 2740 284 2775 (44)
297 2740 468 2772 Nominato,
481 2739 527 2768 vel
541 2738 636 2766 simile
651 2737 725 2773 quid
736 2736 830 2764 defuit
842 2736 871 2764 in
888 2744 944 2764 ms,

1079 2246 1249 2274 obtinuerit.
1271 2249 1300 2272 iit
1319 2245 1444 2272 iniiiistri
1472 2244 1655 2272 immaculati
1670 2244 1781 2275 altaris,
1794 2247 1822 2271 et
1847 2253 1908 2271 non

1079 2290 1194 2318 umbra:
1211 2293 1237 2317 et
1252 2289 1422 2316 carnalibus
1433 2289 1595 2320 sacriﬁciis,
1611 2288 1663 2315 sed
1678 2287 1790 2315 veritati
1806 2292 1834 2315 et
1852 2289 1904 2324 spi»

1077 2335 1144 2362 ritui
1157 2335 1310 2366 servirent,
1334 2334 1491 2369 exiguntur
1510 2342 1613 2361 revera
1628 2336 1730 2360 votum
1762 2333 1909 2360 castitatis

1077 2380 1220 2412 emittere,
1239 2378 1499 2415 qiieiiiadiiinduin
1515 2378 1556 2407 hi.
1578 2377 1629 2413 qui
1653 2378 1767 2413 seipsos
1785 2383 1908 2414 propter

1077 2431 1201 2457 regnum
1215 2423 1356 2450 caelorum
1374 2425 1576 2450 castraret-unt
1591 2422 1726 2454 ingressu
1741 2422 1906 2456 religionis.

1077 2471 1177 2495 votum
1191 2467 1377 2500 oliedientite,
1395 2467 1537 2494 castitatis
1554 2469 1582 2494 et
1598 2466 1781 2502 paupertatis
1813 2468 1906 2501 proti—

1075 2515 1191 2546 tentur;
1204 2512 1382 2548 etqiiaidam
1395 2511 1451 2539 alia
1459 2511 1623 2538 secundum
1638 2510 1746 2542 regula1
1758 2510 1904 2538 instituta.

1075 2558 1136 2584 Non
1154 2565 1224 2591 ergo
1240 2558 1375 2591 cogimus
1387 2556 1508 2584 clericos
1524 2556 1561 2583 ad
1577 2555 1766 2582 cniitiiiriitiie
1795 2561 1903 2583 sortem

1073 2601 1266 2636 descendere,
1281 2601 1330 2628 sed
1346 2602 1388 2628 cis
1416 2601 1552 2635 religiose
1569 2604 1596 2627 et
1622 2609 1668 2635 pic
1698 2600 1902 2635 prteiiiciinus.
