1944 3084
20 25 27 88 l

34 109 72 134 565

32 167 106 205 quod,
118 167 141 194 si
156 166 249 194 talem
262 166 399 194 ordinem
414 168 442 194 et
452 166 582 200 gradum
598 164 759 192 ascendere
772 162 846 190 desi-

32 214 126 240 derant.
144 213 266 247 oportet
282 211 413 246 eOsjura
428 211 474 238 sui
496 210 610 238 ordinis
638 207 847 236 inviolabiliter

32 259 180 285 observare.
195 256 373 289 Congruum
385 258 430 282 est
441 255 566 291 quippe,
580 257 607 282 et
619 260 788 281 consonum
801 259 846 279 ra-

32 303 97 333 tioni,
113 304 141 328 ut
154 301 179 328 si
195 300 344 328 sacerdos
354 300 458 334 legalis
469 300 660 335 ingressurus
671 298 845 326 tabernacu-

32 348 88 377 lum,
102 345 146 373 vel
160 345 314 381 templum
329 345 366 373 ad
383 344 601 372 immolandam
622 343 783 374 victimam,
800 341 846 368 vel

32 392 164 419 incensum
172 389 318 424 Domino,
329 392 461 426 tempore
468 389 540 417 vicis
550 398 620 422 suae,
629 395 750 416 carnem
757 394 844 413 suam

33 437 98 463 freno
120 434 314 462 continentiae
339 433 573 467 moderabatur;
599 432 682 469 quod
706 430 845 459 sacerdos

32 479 200 515 erangelicus
221 479 277 514 qui
287 478 416 506 hostiam
427 478 784 511 immaculatam,Agnum
792 475 843 502 sci-

31 526 81 551 licet
94 531 205 554 verum,
232 531 299 550 non
319 522 564 550 obumbraticum
591 521 724 558 quotidie
738 519 843 547 olferre

32 568 109 600 debet,
123 567 260 604 quotidie
279 570 307 594 et
327 567 467 594 continue
482 566 628 594 castitatis
654 567 683 593 et
708 563 843 600 puritatis

32 617 92 640 reste
106 612 261 643 induatur,
279 611 304 639 si
320 612 517 647 omnipotenti
532 613 589 639 Deo
602 609 779 638 sacriﬁcium
794 616 842 636 ac-

34 656 158 692 reptabile
173 656 284 684 offerre
301 656 495 691 concupiscit.
521 657 582 683 Non
608 655 698 689 igitur
722 661 777 681 nos
793 652 843 680 illa

30 701 152 733 inhibitio,
169 700 224 728 sed
242 701 416 728 Grmcorum
433 700 595 728 Ecclesiam
611 698 714 734 tangit,
729 705 796 734 quae
812 698 840 724 in

31 746 97 772 istam
118 745 364 773 maledictionem
390 745 430 772 ab
453 744 535 772 initio
559 743 678 775 corruit,
693 745 721 771 et
747 749 841 778 usque

31 789 99 816 hodie
112 789 325 816 miserabiliter
340 789 370 816 in
386 797 422 816 eo
430 791 613 825 perseverat.
629 790 694 824 lpsa
709 794 841 822 namque

30 839 70 866 est,
82 842 144 869 qua:
159 834 256 862 laicos
271 836 301 861 et
316 833 448 870 plebeios
467 833 556 864 viros,
573 835 713 860 uxoratos
730 835 838 866 tamen,

30 886 161 906 assumens
176 878 206 906 in
223 878 401 914 episcopos,
415 878 459 906 vel
481 880 594 909 contra,
611 877 689 911 cogit
703 884 754 904 eos
768 883 838 902 con-

32 922 220 950 tradicentibus
247 930 355 950 eorum
381 922 535 955 uxoribus,
567 921 709 949 castitatis
736 922 838 947 votum

32 967 149 1001 emittere,
167 967 213 994 vel
230 967 451 995 monasterium
468 965 590 1002 aliquod
603 965 734 998 introire,
756 965 838 1000 ipsas

33 1018 146 1045 sponsas.
160 1012 381 1039 continentiam
399 1011 539 1047 proﬁteri.
559 1010 638 1037 Istud
661 1009 837 1045 probatione

32 1062 75 1095 non
89 1055 205 1090 indiget,
218 1055 296 1091 quia
309 1063 384 1091 pene
399 1058 441 1083 tot
453 1058 540 1082 testes
555 1057 634 1088 sunt,
650 1056 722 1089 quot
741 1052 836 1087 gentis

34 1094 89 1126 lllius
96 1101 330 1128 consuetudines
340 1108 400 1128 non
414 1100 562 1135 ignorant.
578 1100 679 1126 Nonne
691 1098 736 1125 hic
747 1100 837 1132 caput

32 1143 131 1171 Goliathi
155 1145 285 1180 proprio
308 1153 377 1172 ense
399 1144 562 1172 inciditur?
592 1150 692 1170 nonne
719 1141 836 1176 gladius

33 1195 122 1218 eorum.
139 1197 229 1224 super
247 1189 368 1216 Latinos
386 1188 673 1221 vibratus,intralln
684 1186 774 1214 corda
791 1193 836 1214 co-

34 1240 93 1265 rum,
107 1236 131 1260 et
145 1241 235 1261 arcus
252 1235 273 1251 ιι
297 1234 427 1261 indebite
443 1236 554 1265 tensus,
571 1234 601 1259 in
617 1233 679 1259 suis
694 1231 836 1259 manibus

34 1275 120 1303 fractus
132 1285 193 1305 esse
210 1281 401 1306 monstratur
410 1278 424 1305 ?

59 1321 104 1347 Sed
114 1330 206 1349 canon
226 1322 437 1358 apostolorum
453 1325 508 1355 est,
521 1322 571 1357 qui
588 1321 676 1348 dicit:
693 1332 706 1345 (ι
724 1321 758 1348 Si
772 1321 837 1355 quis

35 1365 168 1399 episcopus,
182 1379 195 1390 »
210 1369 268 1394 etc.
283 1368 380 1399 Quare
394 1374 453 1394 non
465 1366 643 1393 observatur
651 1365 689 1392 ab
701 1365 742 1392 eis
755 1365 768 1391 ‘2
783 1366 837 1391 Cur

36 1409 100 1435 nobis
111 1410 321 1438 innocentibus
332 1419 418 1438 suam
430 1410 655 1438 damnationem
673 1412 698 1436 et
715 1409 837 1444 turpitu—

35 1450 113 1480 dinem
131 1456 188 1481 tam
211 1455 366 1482 obstinato
384 1456 485 1482 animo
497 1454 665 1489 objiciunt?
678 1454 749 1481 Cum
767 1460 838 1488 ergo

37 1497 190 1532 respondere
199 1507 262 1526 non
276 1499 402 1535 possint,
413 1501 602 1526 transeamus
613 1498 650 1525 ad
662 1497 838 1524 vicesimum

36 1541 168 1575 septimum
185 1550 348 1576 canonem,
364 1543 415 1579 qui
429 1543 499 1570 dicit
514 1553 519 1571 :
537 1553 547 1567 ι
568 1542 757 1578 Episcopum,
777 1541 838 1568 sive

36 1585 230 1620 presbyterum,
244 1587 290 1615 vel
306 1587 468 1615 diaconum
486 1586 678 1614 verberantes
695 1586 808 1619 ﬁdeles,
825 1597 837 1609 ιι

36 1631 75 1654 etc.

62 1673 241 1710 ltespondeo:
260 1677 291 1704 In
304 1677 437 1712 quolibet
459 1678 583 1712 peccato
598 1675 756 1702 manifesto
785 1675 839 1702 tria

35 1717 62 1743 ad
87 1719 176 1747 minus
202 1721 404 1757 reperiuntur,
433 1721 553 1753 scilicet,
583 1720 677 1747 libido
706 1719 838 1752 interior,

36 1768 93 1795 opus
102 1765 232 1798 exterius,
245 1770 273 1793 et
284 1766 434 1793 evidentia
446 1765 585 1793 libidinis.
600 1764 730 1792 lnteriori
745 1764 838 1792 otl'en-

35 1805 96 1833 ditur
102 1807 180 1836 Deus.
196 1811 388 1838 llitformatur
395 1811 508 1846 quippe
521 1810 623 1837 anima
631 1810 667 1837 ad
677 1810 838 1844 imaginem

37 1850 72 1877 ltei
84 1852 161 1887 facta,
178 1858 206 1882 et
220 1857 308 1884 Deus.
324 1856 375 1891 qui
390 1855 440 1882 tibi
464 1854 626 1890 prohibuit,
642 1854 807 1890 despicitur
822 1862 840 1881 a

36 1899 154 1925 creatura.
170 1900 264 1935 Opere
276 1900 412 1927 exteriori
427 1899 592 1935 corrumpit
605 1899 697 1926 homo
707 1899 839 1934 seipsum

37 1939 153 1970 etalium.
171 1944 327 1972 Evidentia
343 1952 421 1976 vero,
439 1944 481 1971 vel
502 1944 688 1978 enormitate,
712 1952 778 1979 quae
795 1947 840 1970 est

36 1981 125 2012 clamor
137 1995 202 2014 cum
217 1997 301 2021 voce,
318 1992 409 2016 totam
425 1989 584 2016 Ecclesium
603 1987 735 2015 oﬁ'endit.
750 1989 839 2023 Opor-

38 2028 64 2053 tet
85 2036 157 2064 ergo,
172 2032 194 2059 si
220 2034 281 2061 vult
296 2038 373 2061 recte
399 2033 551 2069 pcenitere,
579 2035 611 2060 ut
639 2036 743 2060 contra
768 2034 839 2059 istos

39 2076 81 2098 "Ps
95 2077 205 2104 morbos
221 2079 275 2106 tria
286 2078 428 2114 quaedam
443 2078 561 2114 objecta
574 2077 707 2105 remedia
719 2078 838 2113 penitus

38 2116 163 2153 adhibeat,
175 2123 285 2150 scilicet
296 2123 431 2151 dolorem
443 2122 642 2155 contritionis,
654 2125 759 2149 contra
772 2122 836 2149 libi-

37 2158 114 2190 dinem
126 2168 228 2194 mentis
243 2177 249 2200 ;
263 2167 401 2195 laborem
416 2167 637 2201 satisfactionis,
649 2175 702 2202 per
714 2175 835 2194 exsecu-

37 2206 124 2235 tionem
139 2213 233 2245 operis
250 2222 259 2244 ;
275 2212 414 2247 privatim
433 2215 532 2239 tamen
546 2216 604 2247 pro
620 2211 754 2247 privatis,
782 2219 834 2247 pu-

38 2247 94 2277 blice
108 2260 157 2287 pro
171 2256 343 2284 manifestis.

63 2293 122 2323 “em
137 2304 323 2332 peccatorum
339 2301 481 2336 quaedam
505 2303 574 2328 sunt
589 2309 623 2327 ex
653 2300 832 2335 ignorantia,

38 2343 57 2370 (ξε
69 2339 151 2368 tedam
160 2351 191 2370 ex
202 2345 380 2379 inﬁrmitate,
389 2345 530 2380 quaedam
538 2353 572 2372 ex
581 2345 678 2372 studio
687 2347 715 2372 et
722 2344 833 2372 malitia

39 2387 186 2417 P“-'l'etrata.
194 2389 319 2421 Quando
327 2398 398 2424 ergo
405 2390 512 2425 aliquis
522 2390 558 2417 de
567 2398 604 2416 nu
611 2398 691 2416 mero
698 2389 830 2416 ﬁdelium

39 2429 83 2452 non
103 2431 238 2468 privatim,
256 2433 308 2461 sed
334 2434 461 2470 publice,
486 2438 546 2461 nun
571 2434 752 2467 ignoranter,
779 2434 829 2461 sed

39 2471 146 2518 “ludio-se
159 2480 183 2503 et
198 2478 324 2514 superbe
342 2486 479 2514 peccans,
497 2482 653 2514 separatus
670 2481 713 2505 est
727 2478 765 2505 ab
783 2480 830 2506 Ec-

40 2511 117 2558 ςιθδὶη.
133 2520 186 2546 tam
197 2511 299 2550 merito
311 2511 420 2556 delicti,
435 2511 684 2558 quaursententia
704 2523 828 2557 prrrlati,

40 2561 129 2601 imum
143 2568 191 2598 est,
208 2570 237 2593 ut
253 2567 275 2593 si
289 2567 347 2594 vult
358 2567 542 2594 reconciliari
558 2566 703 2594 Ecl-lesim.
715 2576 731 2594 a
745 2567 831 2601 cujus

42 2605 328 2638 ‘mt‘gl‘itateabscissus
337 2614 504 2647 estpcccaul
512 2613 549 2640 lo.
558 2611 638 2647 quod
648 2613 828 2646 condignam

42 2649 62 2669 ﬂ
73 2655 212 2683 cmllét'uam
225 2656 322 2683 delicti
336 2657 566 2684 satisfactionem
579 2656 684 2683 otl‘crat
698 2657 734 2683 ad
753 2657 829 2684 arbi-

53 2741 59 2752 _‘
70 2708 85 2752 ξ’
95 2711 156 2752 ΔΡείι]
170 2723 264 2752 xxxvr,
282 2721 325 2746 13.

46 2741 59 2754 π
71 2719 156 2754 ‘l'nl'sat
170 2723 264 2752 xxxvr,
282 2721 325 2746 13.
377 2720 397 2736 ⁸³
415 2720 471 2751 lsa,
488 2727 513 2751 L,
526 2722 552 2745 6.
607 2719 628 2735 ⁵³
642 2719 696 2745 lsa.
714 2727 769 2751 un,
787 2722 812 2746 5.

74 2744 138 2774 H301-
149 2757 174 2779 δ.
189 2754 228 2780 ‘25.

703 2756 726 2781 4.

377 2720 397 2736 ⁸³
415 2720 471 2751 lsa,
488 2727 513 2751 L,
526 2722 552 2745 6.

268 2754 290 2770 ⁸⁸
306 2754 356 2782 Tit.
373 2757 447 2788 ι,15.
488 2756 510 2771 ⁵³
528 2756 612 2781 ltom.
627 2762 683 2785 λιν,

716 100 855 129 CONTRA
875 100 1037 132 GR/ECOS.

1681 99 1734 127 566

904 164 992 192 trium
1017 166 1191 194 sacerdotis.
1216 165 1421 193 Discernentes
1438 165 1539 192 autem
1556 161 1730 190 sacerdotes

902 210 1051 247 Ecclesiae,
1067 219 1197 247 quorum
1206 212 1252 237 est
1264 210 1433 238 discernere
1448 208 1525 235 inter
1540 206 1676 234 ﬁdelium
1691 206 1730 233 le-

901 262 998 290 pram,
1015 258 1043 282 et
1057 263 1117 283 non
1133 255 1259 291 lepram,
1272 254 1495 289 judicaverunt,
1524 253 1555 278 ut
1570 251 1595 278 is
1610 250 1661 286 qui
1677 258 1730 285 per

901 299 1123 327 contumaciam
1136 299 1174 327 ab
1190 299 1301 326 unitate
1316 297 1450 325 ﬁdelium
1463 297 1619 331 separatus
1635 296 1688 327 est,
1701 296 1731 322 et

900 346 1026 371 matrem
1038 352 1136 376 suam,
1153 343 1183 371 id
1199 346 1243 371 est
1259 342 1432 373 Ecclesiam,
1445 341 1507 368 imo
1520 342 1612 368 Deum
1624 338 1654 366 in
1663 338 1730 374 ipsa

900 388 1054 416 contristat
1068 387 1301 421 contemnendo,
1314 387 1482 422 prostratus
1494 392 1595 412 coram
1604 391 1639 410 eo
1648 384 1730 418 petat

899 434 1031 466 veniam,
1056 436 1085 460 et
1105 433 1135 460 in
1151 433 1272 466 signum
1288 430 1482 466 subjectionis
1497 431 1526 457 et
1553 427 1727 456 humilitatis

899 479 1009 513 corpus
1025 477 1254 513 percutiendum
1273 479 1299 503 et
1312 474 1534 503 verberandum
1547 471 1729 505 offeratdmi-

899 524 977 549 tatus
987 530 1056 549 eum
1069 523 1133 558 ;qui
1145 521 1231 549 dicit:
1245 521 1361 555 Corpus
1372 527 1469 548 meum
1480 518 1550 546 dedi
1557 517 1725 552 percutim-

899 568 986 599 tibus,
999 571 1025 595 cl
1032 575 1123 602 genus
1132 574 1210 595 mea:
1219 565 1395 594 vellentibus
1403 566 1435 591 ⁸³.
1446 565 1477 591 Et
1488 564 1595 591 iterum
1607 571 1614 590 :
1629 561 1723 589 Disci-

896 613 983 647 plina
995 613 1080 647 pacis
1091 618 1200 639 noslrm
1214 619 1305 646 super
1317 618 1384 638 eum
1402 610 1434 643 ⁸³,
1452 611 1506 637 etc.
1522 610 1554 636 Et
1573 609 1606 635 ut
1617 614 1653 634 ex
1666 606 1723 634 hoc

897 657 1035 684 ostendat
1044 656 1201 692 paenitens,
1215 655 1375 684 Ecclesiam
1387 654 1438 682 Dei
1451 656 1577 681 matrem
1589 654 1616 680 et
1627 651 1722 685 magi~

896 704 988 729 stram
998 709 1062 728 esse
1072 701 1138 728 vitae
1149 703 1178 728 et
1188 700 1324 728 moribus
1336 698 1540 736 parvulorum,
1552 697 1583 724 in
1594 703 1721 732 quorum

896 745 1036 773 nimirum
1064 745 1202 772 cordibus
1229 743 1398 772 secundum
1428 741 1586 778 Sapientiae
1614 747 1718 774 voces,

895 790 1026 818 stultitia
1042 790 1185 824 colligata
1197 791 1248 821 est,
1265 792 1291 816 cl
1306 789 1391 823 virga
1405 787 1573 821 disciplinae
1587 784 1720 819 fulgebit

896 842 958 862 eam
972 835 1004 862 ⁵⁸.
1018 836 1084 862 Esto
1092 834 1193 866 etiam,
1203 833 1286 870 quod
1296 841 1400 861 verum
1411 832 1458 865 sit,
1469 831 1551 867 quod
1564 837 1661 858 canon
1671 828 1718 856 ille

896 879 933 906 sit
945 878 1151 914 apostolorum
1173 881 1366 909 sanctorum;
1383 877 1502 904 Latinos
1527 878 1628 903 tamen
1657 879 1718 901 non

893 923 998 958 tangit,
1011 923 1083 958 quia
1093 930 1153 950 non
1164 922 1271 950 dicitur
1280 921 1409 949 ibidem:
1424 932 1434 945 ι
1448 919 1533 953 Quod
1544 919 1717 955 quicunque

893 968 1054 1003 episcopus
1061 966 1196 1000 voluerit,
1209 969 1275 1000 etc.,
1285 973 1466 1002 quacunque
1475 973 1510 992 ex
1521 971 1623 996 causa,
1637 973 1650 986 ιι
1663 961 1716 989 sed

892 1011 1016 1040 dicitur:
1034 1023 1047 1036 ‹‹
1066 1011 1239 1047 Episcopus,
1253 1014 1319 1043 etc.,
1349 1010 1540 1038 verberantes
1556 1007 1669 1039 ﬁdeles,
1687 1007 1716 1034 et

892 1059 1013 1093 propter
1021 1056 1078 1083 hoc
1091 1056 1184 1083 timeri
1195 1055 1310 1090 volunt,
1324 1066 1337 1080 η
1352 1057 1408 1082 etc.
1419 1056 1483 1082 Non
1493 1053 1571 1081 enim
1587 1052 1644 1080 hoc
1655 1051 1715 1085 agit

893 1101 1021 1129 Ecclesia
1030 1101 1102 1127 Rom
1108 1108 1165 1127 ana
1173 1100 1202 1127 in
1213 1100 1274 1127 suis
1281 1099 1359 1133 ﬁliis,
1369 1102 1516 1135 tanquam
1526 1096 1714 1133 tyrannicam

891 1153 1032 1174 exercens
1047 1147 1235 1181 potestatem,
1250 1145 1296 1172 vel
1311 1144 1380 1172 odio
1395 1145 1556 1175 commota,
1573 1141 1626 1169 sed
1647 1148 1714 1176 pro-

891 1194 955 1227 pter
970 1190 1035 1218 illas
1048 1197 1166 1224 causas,
1181 1197 1258 1225 quas
1270 1189 1477 1226 praediximus,
1494 1190 1522 1215 et
1537 1186 1621 1218 alias,
1636 1193 1713 1221 quas

890 1239 1012 1272 propter
1027 1235 1201 1262 brevitatem
1215 1234 1387 1270 judicamus
1402 1232 1579 1261 reticendas.

928 1280 985 1308 Sed
1007 1279 1135 1307 Ecclesia
1150 1280 1332 1312 Graecorum,
1353 1287 1420 1315 quas
1444 1277 1561 1306 trabem
1575 1278 1669 1312 gestat
1682 1275 1712 1303 in

891 1325 989 1355 oculo.
1007 1333 1099 1360 quam
1112 1332 1171 1351 nou
1183 1324 1273 1357 videt,
1286 1324 1336 1352 sed
1348 1324 1446 1360 potius
1459 1323 1604 1360 festucam
1620 1321 1714 1349 modi-

892 1378 958 1397 cam
976 1370 1005 1397 in
1017 1369 1103 1396 oculo
1115 1368 1213 1396 fratris
1230 1369 1277 1396 sui
1290 1369 1323 1399 ιε,
1340 1356 1408 1402 hoc,
1424 1367 1506 1403 quod
1522 1356 1610 1394 nobis
1637 1365 1716 1400 obji-

893 1415 941 1446 cit,
959 1413 1121 1441 studiosius
1136 1413 1249 1449 implet,
1267 1421 1327 1441 non
1344 1413 1411 1440 dico
1424 1413 1454 1440 in
1477 1412 1540 1439 suis
1567 1411 1662 1444 laicis,
1678 1409 1717 1438 ad

893 1467 970 1495 quos
979 1458 1120 1485 nimirum
1132 1465 1240 1484 manus
1247 1457 1406 1485 extendere
1418 1464 1478 1484 non
1489 1455 1653 1492 praesumit,
1665 1454 1717 1482 sed

894 1503 923 1531 in
939 1503 1000 1530 suis
1013 1502 1175 1538 papatibus
1189 1504 1217 1530 et
1227 1501 1350 1534 clericis,
1361 1509 1438 1536 quos
1448 1503 1594 1536 tanquam
1606 1499 1678 1527 viles
1690 1502 1719 1526 et

893 1547 1030 1575 rusticos.
1047 1545 1158 1582 pugnis
1170 1546 1279 1574 faciunt
1294 1545 1453 1579 verberari,
1474 1544 1592 1572 sublato
1619 1545 1719 1571 tamen

893 1592 977 1628 prius
992 1595 1028 1626 τῷ
1045 1591 1147 1626 ἱματίῳ,
1160 1590 1189 1617 id
1212 1594 1265 1622 est,
1286 1593 1367 1618 veste
1386 1589 1523 1622 clericali,
1541 1588 1580 1617 ad
1598 1588 1715 1623 horam,

894 1638 983 1672 prout
996 1635 1124 1671 propriis
1141 1635 1235 1662 oculis
1249 1635 1423 1671 aspeximus
1436 1634 1466 1661 in
1477 1633 1595 1661 civitate
1609 1632 1716 1660 Nicaea.

854 1539 873 1566 C

930 1682 1012 1708 Nunc
1027 1687 1109 1715 ergo,
1127 1679 1150 1706 si
1166 1679 1205 1707 ita
1220 1682 1275 1713 est,
1291 1680 1352 1707 imo
1367 1679 1440 1715 quia
1454 1678 1493 1706 ita
1516 1679 1570 1711 est,
1596 1676 1718 1704 stultam

895 1725 964 1752 fecit
978 1724 1121 1752 Dominus
1137 1725 1306 1752 Graecorum
1324 1723 1512 1760 sapientiam.
1530 1723 1613 1750 Hunc
1628 1721 1718 1757 igitur

895 1777 1041 1797 canonem
1060 1771 1204 1804 tanquam
1220 1768 1355 1796 inutilem
1369 1767 1570 1803 relinquentes
1586 1765 1624 1795 ad
1638 1773 1719 1793 sexa-

895 1815 1042 1846 gesimum
1058 1814 1186 1848 tertium,
1203 1813 1252 1849 qui
1283 1813 1321 1840 de
1347 1813 1493 1848 sanguine
1520 1814 1548 1839 et
1574 1811 1719 1838 suﬂocato

894 1858 1035 1894 loquitur,
1051 1866 1220 1885 sermonem
1235 1860 1455 1886 convertemus.

931 1904 961 1930 Et
975 1902 1043 1930 licet
1058 1902 1205 1936 generalis
1222 1902 1380 1938 responsio
1407 1900 1564 1938 supposita
1579 1899 1716 1933 sufﬁciat,

894 1949 995 1974 tamen
1003 1946 1114 1982 aliquid
1124 1946 1211 1982 latius
1221 1947 1472 1982 respondeamus.
1485 1946 1622 1973 Fatemur
1633 1951 1716 1978 sane,

893 1999 997 2019 verum
1014 1981 1167 2018 decretum
1192 1981 1282 2018 fuisse
1308 1991 1347 2019 ab
1371 1990 1513 2027 apostolis
1535 1989 1566 2017 in
1595 1988 1717 2016 Actibus

893 2044 1008 2068 eorum,
1025 2037 1057 2062 ut
1069 2035 1110 2067 hi,
1126 2035 1178 2070 qui
1192 2035 1326 2063 conversi
1340 2038 1424 2063 erant
1434 2035 1471 2062 de
1484 2033 1630 2068 gentibus,
1648 2032 1717 2060 abs-

893 2080 1062 2108 tinerent“.
1081 2079 1166 2111 Quod
1179 2079 1303 2114 quidem
1328 2079 1507 2115 expediebat
1535 2077 1661 2113 tempori
1675 2075 1715 2104 illi

891 2127 920 2152 et
934 2124 1022 2151 statui
1037 2123 1236 2158 infirmorum,
1257 2132 1292 2152 eo
1309 2124 1392 2160 quod
1416 2130 1572 2160 synagoga
1595 2128 1717 2150 conver-

891 2177 993 2197 sorum
1007 2169 1191 2201 Judaeorum,
1208 2177 1277 2196 cum
1290 2169 1405 2196 honore
1419 2171 1447 2197 et
1460 2168 1617 2205 obsequio,
1639 2167 1716 2195 sicut

853 2217 873 2244 D
890 2214 960 2241 dicit
984 2213 1090 2241 beatus
1106 2213 1299 2249 Augustinus,
1315 2213 1456 2242 ducenda
1475 2215 1538 2241 erat
1556 2213 1596 2241 ad
1617 2211 1715 2248 sepul-

889 2261 998 2286 turam.
1016 2258 1161 2284 Processu
1177 2265 1248 2285 vero
1265 2258 1418 2293 temporis,
1443 2257 1585 2286 roborata
1608 2257 1714 2293 praedi-

888 2304 1004 2330 catione
1021 2301 1181 2336 Evangelii,
1198 2305 1225 2330 et
1248 2301 1435 2329 multitudine
1450 2303 1584 2337 gentium
1614 2302 1651 2330 ad
1678 2302 1712 2328 ﬁ-

886 2347 956 2375 dem
972 2350 1117 2379 currente,
1132 2355 1185 2382 per
1209 2347 1332 2374 Paulum
1356 2346 1512 2374 doetorem
1533 2347 1666 2382 gentium
1684 2349 1713 2374 et

888 2391 1058 2428 apostolum
1075 2391 1235 2427 specialem
1251 2399 1366 2424 earum,
1383 2392 1443 2418 imo
1463 2399 1517 2427 per
1541 2391 1641 2427 ipsum
1659 2392 1711 2418 Do-

886 2437 1013 2464 minum.
1025 2436 1076 2471 qui
1089 2443 1140 2471 per
1151 2435 1326 2472 Apostolum
1335 2435 1524 2472 loquebatur,
1536 2435 1711 2470 hujusmodi

885 2481 1029 2508 sententia
1043 2483 1181 2508 revocata
1196 2483 1249 2509 est.
1266 2480 1338 2508 Dicit
1359 2481 1438 2508 enim
1463 2481 1500 2508 ad
1522 2479 1689 2508 Corinthios
1703 2487 1710 2506 :

886 2526 978 2553 Omne
991 2525 1071 2560 quod
1088 2526 1118 2552 in
1134 2526 1260 2553 macello
1286 2526 1374 2557 venit,
1399 2525 1549 2555 comedile.
1567 2524 1645 2553 nihil
1652 2521 1712 2550 "in-

885 2573 1078 2603 ter-rogantes,
1096 2574 1219 2604 propter
1227 2571 1436 2597 conscientiam
1452 2571 1485 2597 ⁸⁷.
1502 2570 1589 2598 Item:
1604 2569 1711 2597 Omnia

884 2615 997 2641 munda
1016 2615 1134 2641 mundis
1152 2616 1184 2642 η.
1202 2616 1233 2642 Et
1248 2614 1317 2642 alibi
1331 2623 1336 2641 :
1353 2615 1418 2643 Scio
1433 2618 1460 2642 el
1476 2615 1591 2648 conﬁdo
1607 2615 1637 2641 in
1656 2615 1711 2641 Do-

887 2659 964 2685 mino
979 2659 1048 2686 .lcsu
1061 2669 1070 2689 ,'
1084 2660 1149 2694 quis
1161 2668 1200 2693 es,
1210 2659 1384 2695 quijudiras
1393 2661 1523 2687 alienun.-
1533 2667 1650 2687 servum
1664 2660 1686 2676 δ”
1698 2659 1712 2686 ‘?

869 2720 894 2737 “
911 2720 996 2748 Prov.
1013 2729 1080 2749 χχιι.
1102 2724 1140 2747 lii.
1196 2722 1217 2738 ε’
1235 2721 1332 2749 Matth.
1347 2729 1398 2751 γη.
1417 2724 1442 2749 3.
1499 2722 1522 2739 λδ
1538 2724 1599 2749 Act.
1614 2729 1662 2755 xv,
1679 2723 1713 2749 29
