1944 3084
195 146 247 174 567

813 141 1053 172 PANTALEONIS
1074 142 1216 173 DiACONl
1236 145 1288 173 ΟΡ.

1867 145 1941 172 568

194 207 319 240 Scilicet,
336 206 387 243 qui
402 206 484 234 salva
494 213 570 243 pura
582 206 764 235 conscientia
779 206 918 242 comedit,
935 205 1022 242 quid-
1039 206 1063 234 Α
1077 213 1130 235 nes
1145 207 1225 235 enim
1241 207 1379 243 discipuli
1395 207 1512 236 Domini
1527 207 1631 236 ﬂetum
1646 207 1822 236 habuerunt
1841 206 1944 235 Sab—

196 252 269 288 quid
286 260 304 280 a
317 251 485 286 majoribus
497 251 719 280 comedendum
729 252 852 288 accepit.
863 251 1023 279 ldemzNe-

197 304 244 324 mo
253 297 424 331 vosjudz’cet
438 296 469 324 in
483 296 545 324 cibo
557 299 584 324 et
597 299 671 330 potu
685 297 718 324 ⁵ο.
730 299 770 324 Ac
787 296 811 324 si
821 297 903 324 dicat
913 305 920 323 :
931 297 1023 324 Nemo

197 349 250 369 vos
265 340 346 368 velut
361 340 480 368 Judacos
497 341 647 369 discernat
663 341 702 369 ab
716 341 774 375 his,
791 341 867 369 inter
881 348 958 376 quos
972 339 1023 368 ha-

197 385 306 418 bitatis,
323 386 353 413 in
369 385 536 413 differentia
551 385 698 417 ciborum,
713 388 740 413 et
755 385 785 413 in
800 385 931 421 reliquis,
955 391 1023 421 quin

198 429 280 457 idem
293 429 446 465 apostolus
461 429 580 465 adjecit.
597 429 640 457 Ad
657 430 736 458 idem
748 429 817 458 facit
829 430 912 466 quod
928 429 1025 457 Domi‘

199 482 257 502 nus
269 474 299 502 in
316 474 477 509 Evangelio
501 474 573 502 dicit
598 475 686 503 :Non
713 475 794 511 quod
807 475 903 502 intrat
925 475 954 502 in
981 482 1022 507 os,

201 520 371 554 coinquinat
400 519 546 547 hominem
562 520 596 553 δι,
615 522 670 547 etc.
687 519 773 552 Quod
788 519 911 556 quidem
929 518 1025 555 primo

202 563 312 600 pastori
327 563 479 592 declarare
505 563 607 592 volens
631 564 774 592 DominUS
790 564 821 592 in
849 564 963 592 visione
975 563 1026 591 illa

202 608 316 636 euulcsti
332 610 359 636 et
381 607 562 641 admirabili,
579 608 650 645 quia
678 608 759 637 idem
774 610 876 645 pastor
892 607 1026 636 Ecclesiae

202 653 304 680 Petrus
318 652 442 680 linteum
458 655 587 689 quatuor
597 653 687 680 initiis
702 653 738 680 de
762 653 836 681 cmlo
852 653 890 681 ad
917 655 1028 680 terram

204 697 475 731 submittividebat,
487 697 803 733 postadmirationem,
812 706 905 734 quam
911 697 1027 731 habuit,

204 742 276 770 dixit
286 742 330 770 ei:
349 742 433 777 Quod
448 743 526 770 Deus
540 743 765 777 permundavz't,
780 745 812 770 tu
826 750 863 770 ne
877 749 1029 770 commune

204 787 317 815 dixeris
332 787 365 815 ⁵³.

241 831 289 859 His
304 831 531 860 auctoritatibus
547 834 575 860 et
596 831 697 860 multis
720 831 884 860 rationibus
901 824 1029 859 Ecclesia

1076 251 1159 286 bato,
1173 252 1325 289 sepultum
1340 252 1540 288 suspicantes,
1550 252 1695 280 etJudLeis
1709 251 1941 288 epulantibus

1076 295 1304 330 lwtitiainerat;
1321 297 1476 333 discipulis
1497 299 1598 325 autem
1621 297 1836 332 jejunantibns
1867 296 1940 324 tri—

1078 340 1157 368 stitia
1169 341 1347 378 imperabat.
1361 342 1521 370 Tristemur
1537 349 1607 377 ergo
1621 350 1691 370 cum
1716 341 1939 370 tristantibus

1077 385 1115 413 de
1131 385 1284 422 sepultura
1305 385 1431 420 domini,
1447 386 1471 414 si
1495 386 1637 414 volumus
1661 394 1730 414 cum
1745 386 1861 414 iisdem
1882 385 1938 414 de

1079 430 1196 458 Domini
1208 431 1424 459 resurrectione
1439 431 1580 466 gaudere.
1598 432 1698 467 Neque
1709 430 1789 459 enim
1801 431 1853 458 fas
1875 432 1939 458 est

1079 477 1111 502 ut
1120 474 1324 504 distinctiones
1333 476 1479 510 ciborum,
1491 478 1519 504 et
1529 475 1723 504 caeremonias
1732 475 1933 504 indecorum

1079 527 1162 548 more
1176 520 1300 549 Judaico
1313 520 1517 548 observemus.
1536 532 1549 545 ››

1117 564 1183 592 Haec
1199 567 1227 593 et
1241 564 1286 593 his
1304 565 1411 593 similia
1426 565 1541 593 dicente
1555 565 1642 593 beato
1656 565 1821 601 Sylvestro,
1842 565 1933 601 pla—-

1081 609 1141 637 cuit
1153 609 1337 645 quibusdam
1352 610 1546 638 orientalibus
1563 610 1759 637 conventibus
1775 609 1828 638 illa
1856 613 1931 638 tra-

1082 653 1154 682 ditio
1167 654 1338 690 apostolicve
1348 654 1437 682 sedis.
1451 654 1507 682 Sed
1520 654 1616 689 magis
1629 654 1784 689 elegerunt
1794 654 1937 683 Sabba-

1085 701 1147 726 tum
1163 698 1311 727 celebrare
1327 707 1394 727 cum
1411 699 1529 727 Judieis.
1555 700 1643 735 Cujus
1669 699 1824 727 sententia:
1841 707 1935 728 con-

1084 743 1213 772 cordans
1229 743 1336 772 beatus
1362 745 1553 772 Innocentius
1575 752 1656 780 papa
1671 744 1729 772 ait:
1747 754 1761 771 ‹
1779 744 1939 773 Sabbato

1082 788 1282 826 jejunaudum
1295 797 1369 822 esse,
1384 788 1460 816 ratio
1475 788 1700 816 evidentissima
1712 789 1935 817 demonstrat-

1086 836 1158 862 Nam
1173 833 1196 861 si
1211 833 1291 861 diem
1306 833 1493 861 Dominieum
1513 833 1552 860 ob
1580 833 1778 861 reverentiam
1795 834 1913 861 Domin
1923 835 1938 861 ἰ

204 877 253 905 Dei
269 878 403 904 Romana
413 876 535 904 sutl‘ulta
547 876 612 904 loco
629 878 656 904 et
670 879 801 913 tempore
815 876 925 904 talibus
940 876 1031 904 utitur
1046 884 1066 911 Β
1085 887 1145 907 non
1158 878 1342 913 jejunamus,
1360 877 1526 906 Sabbatum
1539 878 1760 913 praetermittere
1783 886 1848 906 non
1864 878 1934 906 de—

204 921 319 957 absque
332 921 514 949 ottendiculo
529 923 557 949 et
572 921 753 950 conscientia
768 921 893 957 peccati.
910 921 967 949 Sed
982 922 1030 948 Ec-

204 965 293 993 clesia
306 967 484 999 Graecorum,
497 966 544 993 cui
555 966 657 993 omnia
668 966 698 994 in
710 966 887 994 scandalum
902 969 929 994 et
939 966 1031 993 olfen-

205 1009 338 1037 diculuin
353 1010 541 1038 conscientiae
555 1018 644 1038 versa
662 1014 740 1044 sunt,
759 1019 820 1038 non
838 1011 953 1046 absque
968 1018 1029 1038 ma—

204 1053 271 1082 cula
297 1054 429 1082 criminis
455 1055 566 1082 talibus
590 1054 732 1083 abutitur.
761 1055 831 1088 Quis
858 1055 1029 1082 Latinorum

203 1107 272 1126 cum
287 1101 369 1127 tanto
385 1099 484 1127 studio
498 1101 525 1126 et
540 1100 701 1127 attentione
712 1099 803 1127 utitur
817 1099 941 1135 porcino
957 1107 1029 1127 san-

203 1144 302 1178 guine,
318 1144 393 1172 sicut
407 1143 538 1180 populus
554 1145 720 1172 Graecorum
733 1144 746 1171 ‘2
763 1146 795 1172 Et
809 1147 840 1172 ut
856 1144 949 1172 oculis
961 1152 1030 1180 pro-

203 1188 276 1225 priis
290 1188 432 1221 vidimus,
449 1196 503 1224 pro
524 1188 651 1216 summis
673 1191 791 1224 reputat
805 1188 917 1216 deliciis
933 1197 939 1216 :
956 1197 1029 1225 quo-

202 1232 257 1260 ties
282 1232 332 1260 illo
358 1232 504 1267 sanguine
532 1232 678 1266 confecto,
712 1233 794 1268 quod
822 1235 855 1261 ut
878 1233 1029 1261 credimus

203 1277 334 1313 cipuncti
351 1277 405 1312 (45)
429 1280 538 1305 vocant
558 1277 588 1305 in
615 1277 677 1304 suis
701 1277 806 1313 epulis,
830 1277 911 1305 velut
939 1285 1030 1305 canes

203 1321 467 1357 impudentissimi,
492 1321 668 1356 iugurgitari
683 1324 813 1358 pessunt
828 1323 842 1350 Ὺ
857 1322 929 1350 Item
945 1330 1029 1350 num-

202 1366 277 1402 quid
289 1374 350 1393 non
374 1368 498 1394 utuntur
514 1366 679 1399 suffocatis,
705 1369 733 1395 et
757 1367 852 1403 captis
879 1375 897 1396 θ,
922 1367 1028 1402 bestia,

202 1410 327 1446 quando
355 1411 500 1439 venatitiis
524 1411 675 1444 carnibus,
701 1414 733 1439 ut
754 1411 881 1448 teprum,
903 1412 953 1447 qui
983 1419 1030 1440 ca-

201 1463 276 1483 num
288 1455 429 1483 dentibus
441 1456 651 1492 prmfocantur,
661 1459 689 1484 et
702 1457 828 1484 aliorum
840 1456 1028 1491 animalium,

202 1508 258 1528 nec
272 1509 333 1529 non
347 1503 375 1528 et
401 1501 513 1536 avium,
529 1510 597 1538 quae
615 1502 725 1538 loqueo
755 1505 850 1538 captu:
878 1504 958 1536 sunt,
985 1501 1030 1529 vel

202 1545 266 1580 reti,
293 1549 322 1574 et
347 1546 489 1574 manibus
507 1554 660 1582 aucupum
687 1554 791 1575 eorum
818 1547 918 1583 capita
937 1549 1029 1574 retor-

202 1592 341 1626 quentur,
358 1593 386 1618 et
402 1593 462 1619 tam
478 1591 632 1625 diligenter
646 1593 674 1619 et
700 1592 816 1619 curiose
843 1593 1006 1619 vescuntur
1017 1592 1031 1619 ‘l

204 1635 287 1662 Unde
302 1643 373 1670 ergo
385 1636 426 1663 eis
442 1638 524 1664 tanta
536 1636 663 1670 insania,
675 1638 707 1664 ut
721 1636 789 1669 hoc,
805 1636 887 1672 quod
899 1636 955 1672 ipsi
970 1638 1030 1663 tam

204 1687 324 1707 summo
341 1680 440 1708 studio
456 1683 613 1716 peragunt,
629 1681 657 1708 in
675 1689 706 1707 se
722 1681 902 1716 approbent,
919 1681 950 1707 in
965 1680 1030 1707 aliis

203 1724 374 1760 reprobent,
391 1725 554 1755 derideant,
571 1728 600 1752 et
614 1725 777 1761 depravent
789 1725 802 1751 ?
816 1724 1030 1752 Obmutescant

206 1768 311 1795 saltem
327 1775 407 1796 nunc
431 1777 534 1796 eorum
550 1768 655 1797 dolosa
670 1769 760 1803 labia,
787 1771 816 1796 et
839 1768 1030 1804 impudentes

206 1812 318 1840 frontes
333 1812 472 1840 decidant
483 1814 546 1848 jam
563 1813 701 1841 confusae.

242 1857 312 1884 Post
326 1857 406 1884 hunc
420 1857 553 1893 sequitur
563 1865 661 1885 canon
673 1857 880 1892 sexagesimus
895 1860 1030 1893 quartus,

207 1901 258 1937 qui
275 1902 316 1929 sic
331 1902 434 1938 incipit
450 1911 456 1930 :
476 1913 487 1926 z<
502 1903 529 1930 Si
543 1902 609 1938 quis
630 1902 754 1930 clericus
782 1903 920 1930 iuventus
947 1902 1033 1931 fuerit

205 1946 346 1981 jejunans
361 1947 441 1975 diem
458 1947 657 1982 Dominieum,
674 1947 808 1975 veldiem
821 1947 943 1976 Sabbult
958 1955 1033 1983 prae-

208 1994 252 2018 ter
265 2000 369 2027 unum,
388 2004 401 2017 ››
420 1995 474 2021 etc.

246 2037 420 2072 ltespondeo
442 2046 449 2064 ε
471 2038 571 2064 Canon
594 2037 647 2065 iste
666 2045 726 2065 non
745 2039 789 2065 est
814 2036 1031 2073 apostolorum,

209 2081 260 2109 sed
276 2081 490 2117 quorumdam,
518 2082 580 2118 qui,
597 2085 718 2118 propter
740 2090 864 2110 causam
896 2081 1033 2117 superius

210 2126 407 2160 assignatam,
420 2126 507 2154 talem
519 2127 696 2154 sententiam
710 2127 989 2163 promulgaverunt.
1005 2125 1033 2153 Si

209 2170 290 2199 enim
305 2172 380 2197 esset
393 2178 491 2198 canon
507 2171 700 2207 apostolicus,
714 2171 815 2199 fuisset
843 2170 944 2206 utique
961 2172 1032 2197 tem-

209 2222 282 2250 pore
299 2213 435 2249 Sylvestri
451 2223 546 2252 papae.
563 2217 683 2244 Constat
695 2218 806 2251 autem,
823 2216 904 2252 quod
918 2216 948 2243 in
975 2215 1034 2242 die-

209 2259 269 2288 bus
285 2259 347 2286 suis
361 2262 443 2287 mota
459 2260 512 2288 fuit
525 2261 651 2296 quzestio
666 2269 684 2288 a
699 2261 815 2294 Graecis,
842 2261 925 2296 quod
951 2261 1032 2289 vidc-

210 2304 278 2332 licet
292 2312 352 2332 non
365 2304 514 2340 jejuuaret
533 2305 708 2338 Sabbatum,
725 2307 831 2341 praeter
859 2314 964 2342 unum,
993 2306 1034 2334 al-

211 2348 382 2383 legentibus
388 2349 572 2385 quibusdam
582 2350 619 2377 de
627 2349 691 2384 lege
701 2351 818 2385 Moysis,
826 2350 901 2378 sicut
909 2351 1035 2378 habetur

212 2395 243 2422 in
259 2394 322 2422 Vita
337 2395 430 2430 ipsius
443 2403 528 2432 papae
544 2404 550 2426 ;
565 2394 617 2422 sed
641 2403 711 2422 cum
734 2394 850 2423 nullum
876 2403 1035 2423 assensum

211 2439 346 2472 praebere
360 2439 510 2471 voluisset.
528 2439 676 2474 Sylvester
689 2446 769 2475 papa
784 2439 824 2467 ait
838 2448 844 2467 :
862 2451 876 2465 ‹‹
894 2440 920 2468 Si
937 2440 1035 2467 omnis

214 2485 385 2512 Dominicus
397 2484 620 2511 resurrectionis
635 2486 678 2511 est
690 2484 834 2512 colendus
849 2484 877 2512 in
892 2485 1036 2520 gaudium
1048 2484 1058 2494 ‘

213 2530 457 2562 Christianorum,
472 2531 501 2556 et
524 2528 622 2556 omnis
647 2528 770 2556 Sabbuti
785 2528 848 2556 dies
876 2529 1036 2565 sepulturae

212 2573 456 2611 estdeputandus
471 2573 510 2601 ad
525 2573 764 2601 exercitationem
776 2573 956 2602 Judaeoruin.
969 2575 1037 2602 0m-

247 2656 270 2674 δο
284 2654 395 2683 Coloss.
412 2656 498 2689 ",16.
517 2654 537 2672 δι
554 2654 651 2682 Matth.
668 2661 716 2689 xv,
735 2655 775 2681 tt.
794 2654 816 2671 ⁵³
846 2654 907 2683 Act.
925 2662 943 2682 x
962 2674 968 2687 ,
986 2656 1030 2682 t5.

245 2738 301 2772 (tit)
311 2737 441 2800 Batrbara
451 2735 535 2769 lexis,
547 2735 702 2768 furtorum,
716 2734 883 2764 Blutwurst
899 2735 969 2764 oder
978 2736 1033 2765 Ro-

245 2780 339 2800 ineurs
356 2794 361 2799 .

207 2780 361 2802 80711014731.

244 2818 299 2855 (to)
315 2817 406 2854 Epist.
425 2819 449 2852 1,
466 2816 506 2846 ad
517 2814 701 2845 Decentium.

1085 923 1192 952 bemus
1206 931 1212 950 :
1229 923 1312 959 quod
1328 923 1403 950 inter
1416 923 1564 950 tristitiam
1577 925 1604 950 et
1618 922 1753 950 lattitiam
1769 924 1932 960 temporis

1085 968 1163 996 illius
1177 968 1294 995 videtur
1306 967 1545 995 inclusum.i\'am
1562 967 1663 1003 utique
1674 967 1830 1003 apostolos
1844 976 1931 996 con—

1086 1014 1144 1040 stat
1156 1011 1249 1039 biduo
1266 1011 1333 1044 isto,
1350 1014 1379 1039 et
1393 1012 1423 1039 in
1443 1019 1571 1039 maerore
1596 1011 1699 1044 fuisse,
1732 1013 1760 1040 et
1788 1016 1930 1048 propter

1084 1058 1197 1084 metum
1206 1056 1375 1086 Iudaeorum
1392 1063 1422 1083 se
1438 1055 1614 1084 occultasse.
1629 1055 1715 1089 Quod
1729 1056 1835 1092 utique
1852 1065 1927 1084 non

1085 1103 1128 1128 est
1142 1100 1279 1133 dubium,
1293 1100 1361 1128 etin
1377 1102 1492 1127 tantum
1505 1100 1660 1135 jejunasse
1686 1100 1780 1128 biduo
1796 1108 1926 1128 memo-

1083 1148 1159 1180 rato,
1175 1147 1207 1173 ut
1222 1144 1338 1173 traditio
1354 1144 1489 1172 Ecclesiae
1503 1144 1622 1178 habeat,
1634 1145 1689 1172 isto
1703 1145 1798 1172 biduo
1813 1153 1927 1173 sacra-

1084 1193 1187 1218 menta
1201 1190 1320 1226 penitus
1335 1197 1396 1217 non
1409 1189 1569 1217 celebrare.
1586 1190 1657 1222 Quae
1670 1189 1768 1217 forma
1784 1198 1840 1225 per
1857 1190 1923 1218 sin-

1084 1235 1168 1269 gulas
1184 1233 1394 1261 hebdomadas
1409 1236 1453 1261 est
1468 1233 1607 1260 tenenda.
1633 1233 1682 1260 Hic
1698 1233 1856 1269 loquimur
1874 1242 1927 1261 se-

1084 1279 1218 1306 cundum
1229 1278 1363 1312 modum,
1376 1277 1429 1313 qui
1440 1279 1509 1305 tunc
1520 1279 1592 1310 erat,
1606 1280 1728 1313 propter
1735 1278 1820 1313 quod
1832 1286 1927 1306 eom-

1083 1322 1260 1351 memoratio
1274 1322 1350 1350 illius
1364 1323 1424 1357 (47)
1438 1322 1497 1350 diei
1512 1330 1630 1357 semper
1648 1325 1691 1350 est
1716 1322 1921 1351 celebranda.

1085 1367 1171 1400 Quod
1182 1367 1205 1394 si
1219 1369 1325 1403 putant
1336 1366 1437 1399 semel,
1452 1369 1541 1403 atque
1554 1374 1613 1394 uno
1630 1366 1811 1402 Sabbalojej
1819 1376 1928 1395 unan-

1084 1412 1174 1444 duin;
1191 1419 1261 1447 ergo
1274 1414 1302 1439 et
1315 1411 1380 1439 dies
1394 1411 1560 1446 Dominica,
1577 1414 1605 1439 et
1619 1414 1702 1439 sexta
1718 1411 1804 1445 feria,
1822 1413 1928 1440 semel

1084 1456 1114 1484 in
1131 1456 1241 1484 Pascha
1258 1456 1311 1484 erit
1326 1456 1429 1492 utique
1445 1455 1634 1484 celebranda.
1652 1456 1680 1484 Si
1694 1459 1795 1484 autem
1815 1458 1925 1484 Domi—

1084 1501 1142 1529 niei
1157 1501 1226 1535 diei,
1240 1503 1292 1529 aut
1302 1502 1393 1528 sextae
1402 1500 1480 1528 feriae
1493 1508 1545 1536 per
1555 1500 1689 1536 singulas
1700 1500 1926 1530 hebdomadas

1085 1545 1254 1582 reparanda
1268 1545 1436 1580 estimago,
1459 1545 1607 1573 dementis
1633 1548 1685 1578 est,
1715 1545 1801 1573 bidui
1826 1553 1926 1578 agere

1085 1590 1341 1622 consuetudinem,
1368 1590 1500 1618 Sabbato
1524 1590 1733 1626 praetermisso,
1763 1598 1834 1618 cum
1855 1599 1926 1619 nou

1085 1635 1237 1671 disparem
1250 1635 1359 1663 habeat
1375 1643 1509 1667 causam,
1522 1637 1631 1662 asexta
1641 1634 1725 1668 feria,
1739 1634 1771 1662 in
1784 1643 1849 1671 qua
1863 1637 1926 1664 Do-

1085 1680 1185 1707 minus
1200 1687 1309 1715 passus
1324 1682 1378 1714 est,
1394 1679 1518 1715 quando
1534 1681 1562 1707 et
1576 1679 1658 1715 apud
1674 1679 1786 1707 inferos
1799 1679 1869 1711 fuit,
1887 1684 1924 1709 ut

1085 1724 1132 1752 die
1150 1725 1231 1752 tertia
1248 1731 1407 1758 resurgens
1422 1724 1711 1757 redderetlietitiam,
1728 1726 1798 1760 post
1810 1724 1927 1753 bidua-

1085 1777 1157 1797 nam
1173 1769 1393 1805 prmcedentem
1409 1769 1568 1797 tristitiam.
1585 1771 1647 1797 Non
1663 1776 1735 1804 ergo
1754 1777 1811 1796 nos
1828 1777 1927 1805 nega-

1087 1822 1164 1847 mus,
1182 1816 1296 1842 scxtam
1311 1813 1415 1841 feriam
1431 1813 1629 1849 jejunandam
1643 1822 1649 1847 ;
1664 1813 1716 1841 sed
1732 1813 1878 1848 dicimus,
1896 1817 1928 1843 et

1088 1858 1218 1887 Salibato
1235 1859 1292 1886 hoc
1307 1859 1472 1893 agendum,
1488 1859 1559 1894 quia
1574 1858 1665 1886 ambo
1681 1858 1744 1886 dies
1768 1859 1927 1888 tristitiam

1088 1903 1240 1939 apostolis,
1253 1912 1288 1931 ac
1300 1903 1335 1931 iis
1348 1903 1400 1940 qui
1411 1903 1560 1932 Christum
1573 1903 1664 1931 secuti
1679 1905 1758 1936 sunt,
1778 1915 1792 1928 n
1803 1903 1928 1932 indixe—

1087 1950 1165 1981 runt,
1177 1948 1228 1984 qui
1239 1948 1286 1976 die
1296 1948 1449 1976 Dominica
1459 1947 1624 1983 exhilarati,
1638 1955 1698 1975 non
1709 1948 1808 1976 solum
1817 1948 1927 1984 ipsum

1088 1992 1221 2020 festivum
1236 2001 1299 2020 esse
1308 1992 1476 2027 voluerunt,
1487 1992 1541 2020 sed
1555 1993 1642 2020 etiam
1656 2000 1709 2028 per
1722 2000 1831 2021 omnes
1847 1993 1926 2021 heb-

1088 2037 1236 2065 domadas
1252 2037 1504 2073 frequentandum
1519 2045 1586 2064 esse
1598 2037 1746 2064 dixerunt.

1127 2083 1160 2110 Ut
1170 2090 1241 2117 ergo
1249 2082 1286 2110 ad
1298 2082 1429 2118 primum
1440 2082 1563 2110 verbum
1575 2084 1712 2109 nostrum
1722 2084 1927 2116 revertamur,

1088 2135 1183 2154 canon
1194 2127 1258 2161 iste,
1269 2135 1361 2163 queui
1372 2127 1464 2154 Graeci
1473 2126 1680 2162 apostolorum
1692 2135 1756 2154 esse
1768 2128 1927 2156 mentiun—

1089 2174 1145 2203 tur,
1162 2172 1186 2199 si
1201 2172 1304 2199 fuisset
1320 2174 1388 2199 tunc
1402 2171 1554 2207 temporis,
1568 2170 1733 2198 suffecisset
1748 2171 1807 2198 illis
1824 2171 1855 2199 in
1875 2173 1927 2200 ad-

1086 2216 1230 2252 jutorium
1247 2224 1308 2243 stur.
1324 2216 1483 2252 petitionis,
1501 2224 1553 2243 seu
1568 2215 1731 2252 opinionis,
1747 2216 1805 2243 hoc
1822 2216 1927 2245 decre-

1090 2263 1150 2288 tum
1158 2260 1366 2296 apostolicum,
1374 2260 1455 2296 quod
1465 2260 1606 2287 nimirum
1617 2259 1687 2286 imm
1694 2259 1806 2287 utabile
1818 2269 1926 2288 secun-

1089 2306 1162 2334 dum
1177 2313 1229 2333 eos
1246 2307 1420 2340 permanet;
1436 2305 1576 2337 maxime,
1591 2305 1616 2332 si
1627 2304 1707 2332 istud
1723 2304 1772 2331 Dei
1789 2306 1925 2340 apostoli

1090 2350 1317 2379 immutabiliter
1332 2349 1473 2378 omnibus
1490 2349 1675 2377 servandum
1686 2349 1922 2378 mandaverunt.

1091 2395 1160 2428 Quae
1177 2394 1230 2422 fuit
1243 2402 1313 2430 ergo
1328 2402 1432 2428 causa,
1445 2402 1513 2430 quae
1527 2401 1631 2421 eorum
1648 2393 1754 2421 clausit
1776 2394 1874 2427 labia,
1891 2397 1922 2422 ut

1090 2447 1151 2467 non
1166 2439 1312 2467 haberent
1325 2446 1480 2466 recursum
1503 2439 1531 2466 in
1548 2438 1656 2466 diebus
1673 2437 1729 2465 illis
1744 2438 1784 2465 ad
1801 2440 1923 2467 certitu-

1091 2484 1192 2511 dinem
1207 2483 1378 2520 apostolieir.
1393 2483 1554 2511 sanctionis
1564 2483 1578 2511 ?
1601 2482 1687 2510 Nulla
1702 2490 1829 2518 prorsus
1846 2483 1899 2511 fuit
1913 2492 1919 2510 τ

1091 2529 1163 2564 quia
1175 2537 1230 2556 nec
1245 2528 1341 2556 editus
1356 2530 1426 2563 erat,
1443 2536 1499 2556 nec
1513 2535 1611 2556 canon
1626 2527 1685 2555 dici
1702 2530 1830 2563 poterat,
1848 2529 1921 2564 quia

1091 2581 1145 2602 nec
1158 2576 1230 2602 erat.

1124 2744 1180 2778 (47)
1197 2745 1268 2778 Quae
1283 2744 1384 2780 utique
1399 2743 1496 2780 forma
1508 2750 1562 2780 per
1575 2741 1708 2778 singulas
1725 2742 1918 2780 tenendaest

1087 2780 1305 2846 htebdomadas,
1312 2777 1366 2816 pro
1370 2781 1434 2816 pter
1442 2779 1472 2808 id
1482 2777 1566 2816 quod
1573 2778 1823 2807 commemoratio
1835 2777 1914 2806 illius

1087 2825 1102 2845 e
1115 2824 1142 2845 α.
