1944 3084
46 166 88 193 569
726 159 868 190 CONTRA
890 159 1044 188 GRAECOS.

1683 157 1737 187 570

76 227 127 256 Sed
153 226 368 261 octogesimus,
404 225 553 262 inquiunt.
588 225 640 262 qui
660 225 701 253 sic
727 224 831 261 incipit
851 233 857 251 :
875 223 899 249 Α
913 223 1007 251 verbo
1018 225 1152 259 etopere,
1165 222 1289 251 reddere
1305 222 1445 257 satagunt
1455 219 1692 257 animaequiores.
1703 221 1736 248 Et

51 286 61 298 ις
74 272 240 309 Episcopus,
256 271 304 300 vel
319 271 486 308 presbyter,
503 278 556 299 seu
570 271 718 299 diaconus
748 269 859 298 militiae

48 325 157 350 vacans,
171 328 186 341 ι)
202 319 271 350 etc.,
285 324 408 345 rursum
423 316 534 344 clamat
548 319 653 344 contra
667 315 797 344 Latinos.

62 359 860 398 Respondeo,sivimcanonisinspiciatlector,supposi-

48 409 72 435 to
83 406 165 434 etiam
179 408 254 442 quot
269 406 307 434 sit
320 405 650 442 apostolorum,Latinis
671 412 733 433 non
748 404 859 433 obviat.

49 451 110 484 Quia
117 458 168 478 nec
174 450 291 479 militiae
299 452 407 478 vacant
413 450 546 487 episcopi
552 450 694 484 nostri,eo
703 449 794 478 modo
800 457 861 485 quo

48 503 131 523 canon
136 495 315 531 accipit;nec
321 496 487 531 [quisquam
495 495 607 532 eorum]
615 497 776 531 utrumque
783 494 861 530 prin-

48 540 163 575 cipatum
171 547 311 575 unquam
323 539 426 574 tenuit,
442 539 484 567 vel
499 541 588 574 tenet,
608 541 641 567 ut
654 538 745 568 simul
763 545 815 566 rex
834 539 863 566 et

47 583 171 611 sacerdos
180 583 227 618 sit,
236 583 284 611 vel
293 585 423 617 vocetur,
430 583 488 612 nisi
497 583 696 620 spiritualiter,
708 583 785 611 sicut
792 582 863 610 dicit

47 628 198 664 Scriptura:
212 628 383 657 Fecistinos
396 629 456 657 Deo
469 631 571 656 nostro
590 636 714 664 regnum
727 631 754 656 et
765 634 862 655 sacer-

47 673 142 700 dotium
150 673 182 700 ⁵³.
191 672 221 701 Si
233 680 307 700 vero
317 673 416 709 ipsam
429 673 676 708 exhortationem,
689 680 783 709 quam
796 671 862 699 fecit

47 717 158 745 Ecclesia
171 717 304 754 principi
317 717 464 752 saeculari,
481 717 526 746 vel
537 717 754 748 auctoritatem,
767 724 861 753 quam

46 761 96 796 dat,
108 761 362 798 veladjutorium,
372 762 456 798 quod
469 764 590 799 praestat
605 763 708 790 contra
723 769 861 798 persecu—

47 806 126 834 tiones
139 806 235 843 ipsius
249 806 397 840 Ecclesiae,
413 809 441 835 ct
456 807 534 834 viros
550 806 708 840 nefandos,
725 805 861 833 militiam

46 853 177 887 reputant,
193 851 267 887 quis
283 851 314 878 in
333 851 390 879 hoc
405 859 467 879 non
481 851 665 879 offenditur?
685 852 787 878 Nonne
812 851 861 878 Ec-

912 267 963 301 ita,
975 276 1044 304 quae
1056 268 1182 296 Caesaris
1205 269 1274 296 sunt
1299 267 1408 296 Caesari
1427 265 1610 303 persolvunt,
1621 266 1649 293 et
1667 272 1735 301 quae

914 315 984 340 sunt
995 313 1054 347 Dei,
1067 314 1126 341 Deo
1147 313 1297 341 exhibent.

949 357 989 384 De
999 357 1129 392 bigamis
1141 359 1252 390 autem,
1263 359 1291 385 et
1309 356 1396 390 ultra,
1411 355 1500 384 nobis
1511 354 1608 383 brevis
1618 354 1736 382 incum-

913 402 1132 438 bitresponsio.
1152 402 1208 430 Aut
1230 402 1310 431 enim
1333 401 1384 438 qui
1407 401 1477 430 talia
1500 400 1674 434 statuerunt,
1698 398 1737 426 de

914 447 1036 481 clericis,
1048 449 1075 475 et
1087 455 1149 475 non
1166 447 1203 475 de
1221 447 1314 480 laicis,
1332 446 1454 482 intelligi
1474 444 1653 473 voluerunt:
1674 445 1736 477 aut,

915 492 985 520 side
1002 492 1143 520 omnibus
1161 491 1369 530 accipiendum
1396 493 1451 524 est,
1469 490 1506 518 de
1527 489 1584 517 illis
1606 488 1676 516 solis
1692 488 1736 516 lo-

914 540 1056 574 quuntur,
1073 537 1125 573 qui
1140 537 1256 565 vivente
1272 536 1372 573 prima
1393 535 1573 564 contrahunt
1591 541 1660 562 cum
1680 540 1736 560 se--

914 582 1024 616 cunda,
1036 585 1063 610 et
1076 582 1174 610 tertia:
1187 584 1238 610 aut
1252 584 1339 615 certe,
1352 583 1384 609 ut
1398 581 1522 618 quidam
1537 586 1642 607 eorum
1664 585 1736 606 sane

913 627 1095 662 interpretati
1105 629 1184 661 sunt,
1197 634 1256 655 non
1266 628 1310 654 est
1322 626 1379 654 hoc
1400 624 1608 661 accipiendum
1629 622 1666 651 de
1688 629 1737 651 co-

914 671 985 707 pula
996 671 1278 704 matrimoniali,sed
1289 671 1326 698 de
1337 669 1544 698 benedictione
1558 667 1736 696 nubentium

914 718 943 744 et
953 716 1138 744 solemnitate
1146 716 1405 752 nuptiarumque:
1419 715 1501 743 aliter
1526 721 1597 748 erga
1616 712 1735 745 viduas,

914 761 998 789 aliter
1007 768 1079 795 erga
1089 760 1215 796 virgines
1222 760 1408 788 observatur.
1418 759 1469 787 Cui
1477 759 1566 786 etiam
1583 756 1736 785 sententias

914 805 1095 834 concordare
1105 805 1221 833 videtur
1231 805 1327 833 littera
1345 804 1480 837 canonis,
1496 803 1549 839 qui
1563 801 1634 830 dicit
1649 810 1678 829 :u
1696 802 1737 829 De

914 849 1025 885 nuptiis
1054 849 1165 886 pluries
1191 849 1346 877 celebratis
1380 851 1480 885 patres
1512 845 1735 879 conticuerint,»

47 895 120 923 etesia
135 897 310 924 Grmcorum
325 896 377 924 dat
389 903 532 924 coronam
556 895 788 932 imperatoribus
814 902 862 929 ge-
879 904 900 931 Β
915 897 968 923 etc.
983 894 1010 922 Si
1030 897 1141 927 autem,
1164 894 1293 922 utGraeci
1314 895 1484 926 autumant,
1509 890 1681 927 simpliciter
1708 891 1737 917 et

47 939 170 968 standum
187 940 217 968 in
239 940 364 976 signum
383 940 620 976 pulchritudinis,
638 941 665 968 et
680 939 815 974 gladium
831 938 861 966 in

47 992 124 1012 manu
139 985 307 1013 tenendum
318 985 357 1013 ad
371 985 535 1013 vindictam
551 984 707 1019 sanguinis
722 991 861 1012 exercen-

48 1028 127 1057 dam?
140 1031 243 1058 Nonne
258 1037 330 1057 cum
340 1030 412 1066 ipsis
423 1030 538 1058 vadunt
549 1030 578 1057 in
585 1029 799 1063 exercitium,et
810 1036 862 1064 pu-

47 1074 163 1108 gnaturis
182 1074 330 1103 exhibent
340 1077 528 1103 sacramenta
539 1083 603 1105 sua.
614 1077 642 1102 et
652 1076 739 1102 orant
752 1082 807 1110 pro
819 1074 861 1101 eis

47 1119 205 1151 generaliter
221 1122 250 1147 ct
266 1119 436 1155 specialiter
450 1121 480 1147 in
501 1122 616 1148 secreto
631 1120 722 1148 Missae
748 1119 762 1146 ‘I
787 1119 862 1147 sicut

48 1163 173 1198 scriptum
189 1166 234 1191 est
252 1173 258 1191 ε
279 1165 451 1196 «Memento,
466 1164 600 1194 Domine.
616 1164 824 1200 piissimorum
835 1165 863 1191 et

47 1206 279 1236 ﬁdelissimorum
292 1210 536 1244 imperatorum,»
550 1211 604 1236 etc.
618 1210 648 1236 Et
666 1211 732 1244 pOSt
743 1216 841 1244 pauca
854 1216 860 1236 :

48 1261 56 1275 ι
72 1251 178 1280 Robora
189 1261 299 1280 eorum
326 1253 460 1287 brachia,
481 1253 580 1281 exulta
599 1261 704 1281 eorum
716 1252 862 1286 dextram,

46 1296 174 1326 conﬁrma
184 1306 294 1325 eorum
307 1306 442 1333 regnum,
456 1298 569 1333 subjiec
578 1298 620 1326 eis
638 1305 743 1325 omnes
754 1296 864 1325 barba-

47 1341 86 1368 l‘as
97 1343 290 1378 nationes,et
316 1351 367 1371 eos
395 1344 447 1380 qui
473 1343 552 1372 bella
578 1343 711 1376 volunt,»
726 1344 780 1370 etc.
809 1343 864 1370 Nec

47 1393 206 1416 recusamus
231 1390 397 1424 utrumque
426 1388 561 1422 gladium
591 1387 865 1421 esse,materialem

49 1431 141 1460 scilicet
156 1435 184 1460 et
199 1433 404 1469 spiritualem.
420 1433 476 1461 Sed
502 1441 597 1460 unum
622 1432 759 1460 concedit
782 1431 866 1459 militi

49 1475 79 1503 ad
93 1480 195 1505 nutum
208 1477 375 1505 sacerdotis
385 1477 586 1511 educendum,
602 1477 727 1506 alterum
739 1484 808 1504 vero
818 1483 866 1503 re-

49 1521 120 1550 tinuit
134 1522 198 1550 sibi.
215 1524 306 1557 Ecce,
330 1523 470 1559 inquiunt
492 1522 621 1559 apostoli
642 1523 672 1550 in
694 1521 864 1556 Evangelio,

48 1567 131 1600 gladii
144 1568 203 1595 duo
216 1568 303 1595 hie-5‘.
318 1569 349 1596 Et
373 1576 477 1596 rursus
502 1568 629 1604 loquens
657 1567 694 1595 de
719 1565 865 1594 materiali

50 1610 175 1640 Dominus
182 1612 529 1647 ait:Convertegladium
543 1615 625 1640 tuum
641 1613 672 1640 in
687 1611 862 1647 vaginam“.

50 1656 164 1684 Dicendo
180 1661 278 1691 tuum,
296 1657 480 1685 materialem
496 1657 630 1693 gladium
640 1656 864 1692 signiﬁcatquo

50 1704 222 1735 percusserat
233 1709 357 1730 servum
372 1702 517 1738 principis
531 1701 739 1729 Sacerdotum.
757 1701 796 1728 De
808 1700 866 1736 spi-

50 1745 131 1773 rituali
147 1754 217 1774 vero
234 1747 350 1774 nemini
366 1747 446 1774 venit
461 1747 491 1774 in
519 1746 656 1779 dubium,
687 1753 756 1772 cum
786 1744 865 1772 idem

49 1790 117 1818 Petro
132 1799 183 1827 per
197 1791 365 1828 cujusdam
382 1791 572 1828 specialitatis
599 1791 726 1827 apicem,
751 1790 865 1824 ligandi

50 1836 125 1871 atque
132 1836 270 1864 solvendi
281 1837 627 1873 concessitpotestatem.
643 1834 866 1872 Uterqueigitur

51 1878 153 1913 gladius
173 1881 313 1910 Ecclesiae
338 1882 473 1910 traditur.
505 1881 561 1909 Sed
578 1881 616 1909 ab
642 1881 709 1917 ipsa
734 1879 866 1908 Ecclesia

51 1931 118 1952 unus
132 1926 319 1954 exercendus
336 1935 342 1959 ;
360 1926 445 1962 alius,
461 1926 537 1954 sicut
552 1933 643 1962 supra
657 1925 798 1959 diximus,
810 1932 865 1960 pro

54 1969 166 1998 Ecclesia
180 1979 278 1999 manu
292 1971 443 1999 saecularis
464 1971 604 2007 principis
620 1969 805 1998 eximendus.
834 1971 865 1996 In

52 2020 102 2048 quo
115 2023 183 2050 ergo
198 2018 306 2052 peccat
322 2015 461 2050 Ecclesia,
481 2016 504 2043 si
520 2023 576 2043 suo
590 2015 655 2050 jure
673 2014 762 2042 utitur
778 2022 795 2041 α
811 2013 865 2041 Do-

53 2059 121 2087 mino
133 2060 187 2088 sibi
198 2068 362 2088 conccesso
374 2061 388 2089 ?
401 2062 526 2097 Uterque
536 2060 628 2095 igitur
638 2059 766 2094 gladius.
782 2061 814 2086 ut
824 2058 865 2086 di-

53 2104 119 2131 ctum
143 2107 196 2139 est,
209 2105 250 2133 ad
278 2105 439 2133 Ecclesiam
464 2105 599 2140 pertinet,
628 2106 656 2131 et
682 2103 718 2131 de
739 2105 865 2139 utroque

53 2146 192 2183 disposuit,
207 2150 284 2178 sicut
295 2149 352 2177 sibi
362 2150 488 2182 videtur,
501 2149 537 2177 ad
552 2149 707 2177 tuitionem
719 2147 863 2181 fidelium,

53 2194 74 2218 et
84 2193 248 2228 reipublicae
262 2194 532 2222 conservationem.

82 2237 170 2269 Quam
185 2238 362 2273 dignitatem
383 2246 435 2266 seu
451 2240 626 2274 potestatem
656 2239 865 2266 Constantinus

55 2281 155 2314 primus
168 2283 403 2311 Christianorum
417 2284 580 2319 imperator
596 2283 755 2318 providens
765 2283 794 2310 in
808 2283 865 2319 spi-

55 2324 101 2352 ritu
109 2334 174 2355 mox
185 2330 348 2364 postquam
359 2327 399 2355 ad
409 2327 498 2355 ﬁdem
508 2335 670 2355 conversus
680 2329 732 2360 est,
744 2327 866 2356 contulit

55 2371 173 2399 eomodo
180 2372 278 2399 cidem
287 2372 531 2405 Ecclesiielibere,
544 2379 605 2408 quo
620 2380 711 2407 supra
723 2372 867 2408 i'nqunrta

55 2413 232 2445 distinctione
247 2417 338 2452 hujus
354 2417 454 2453 operis
471 2417 588 2453 plenius
604 2419 648 2444 est
672 2425 861 2452 expressum.

57 2458 182 2490 Quamvis
197 2462 276 2489 enim
293 2462 419 2498 quidam
434 2461 635 2497 preelatorum,
652 2469 705 2497 pro
728 2461 811 2489 terris
839 2464 868 2489 et

56 2504 223 2538 regionibus,
239 2514 313 2542 quas
327 2506 365 2534 ad
378 2515 451 2534 usus
463 2506 598 2534 Ecclesiae
613 2507 748 2540 retinent,
760 2513 867 2533 vocen-

57 2549 96 2574 tur
108 2548 203 2585 duces,
222 2551 356 2585 comites,
373 2559 425 2578 seu
443 2551 643 2585 marchiones,
663 2553 692 2578 et
718 2550 866 2578 interdum

57 2593 207 2625 procedunt
220 2595 251 2622 in
274 2595 502 2631 expeditionem,
528 2598 629 2623 tamen
658 2602 768 2622 manus
795 2602 866 2622 suas

57 2642 159 2673 semper
165 2639 294 2668 mundas
303 2639 650 2674 custodiuntasanguine
662 2641 864 2675 peccatorum.

58 2679 110 2708 Non
123 2683 198 2711 enim
211 2684 616 2720 pugnantipsipersonaliter
627 2683 678 2711 sed
686 2683 864 2720 pugnaturis

59 2723 181 2755 ﬁdelibus
207 2731 309 2757 contra
330 2729 450 2766 iniquos
465 2729 701 2764 assistentes,eos
717 2728 767 2764 sic,
792 2731 865 2764 puta

88 2782 109 2821 ἥδ
121 2785 207 2821 Apoc.
221 2794 249 2815 v.
267 2788 307 2816 t0.

60 2787 208 2834 li."A'po-c:
221 2788 307 2834 v‘.0t0.
355 2787 378 2806 ⁵⁸
393 2788 461 2817 Luc.
485 2794 556 2819 χιιι,
582 2788 626 2815 38.

89 2819 165 2849 Joau.
179 2829 218 2856 iv,
235 2824 276 2851 t8.

673 2787 697 2804 ⁵⁵
712 2786 798 2815 Joan.
817 2793 897 2822 xvm,
914 2788 958 2822 tt,

914 938 1191 973 nudeintelligenda
1199 938 1368 966 suntverba
1378 937 1513 972 canonis,
1526 935 1609 964 verbi
1629 933 1734 969 gratia,

914 983 1081 1017 utdicatur,
1090 991 1150 1011 non
1160 983 1248 1011 licere
1258 982 1373 1011 homini
1393 982 1491 1018 prima
1507 987 1598 1008 uxore
1617 980 1738 1007 mortua

915 1029 1164 1057 contraherecum
1180 1028 1322 1059 secunda,
1346 1028 1484 1059 dicimus,
1505 1024 1588 1062 quod
1611 1032 1678 1051 cum
1699 1023 1737 1051 sit

915 1075 1018 1101 contra
1028 1073 1195 1102 doctrinam
1204 1073 1349 1109 Apostoli,
1361 1074 1389 1100 et
1400 1071 1527 1100 salutem
1535 1070 1734 1100 infirmorum,

914 1118 997 1146 nulla
1007 1118 1122 1146 ratione
1144 1119 1234 1147 debet
1252 1117 1395 1147 exaudiri.
1408 1117 1454 1144 Ait
1475 1115 1555 1143 enim
1577 1111 1736 1150 Apostolus

915 1163 954 1191 ad
965 1164 1130 1192 Corinthios
1142 1164 1253 1191 Mulier
1262 1167 1304 1191 est
1321 1163 1450 1198 alligata
1464 1158 1672 1196 legi,quandiu
1689 1156 1738 1185 vir

915 1215 985 1235 suus
997 1208 1077 1236 vluit.
1087 1208 1366 1236 Siautemmortuus
1377 1207 1480 1241 fuerit,
1495 1205 1544 1234 cui
1553 1204 1618 1232 vult
1631 1201 1735 1237 nubat,

917 1254 1034 1280 tantum
1045 1252 1076 1280 in
1085 1253 1209 1281 Domino
1218 1254 1252 1281 ³⁵.
1265 1252 1409 1280 Dominus
1424 1256 1545 1286 quoque
1562 1248 1592 1275 in
1608 1248 1738 1281 Evange-

915 1296 955 1325 lio
966 1296 1003 1324 de
1015 1297 1147 1329 muliere,
1155 1305 1222 1334 quae
1231 1295 1508 1326 causasuscitandae
1515 1292 1605 1330 prolis
1622 1293 1738 1327 septem

917 1342 997 1370 viros
1012 1342 1117 1370 fratres
1144 1343 1309 1370 successive
1329 1342 1487 1373 habuerat,
1499 1346 1561 1367 non
1584 1335 1738 1371 redarguit

918 1386 1007 1414 talem
1021 1387 1162 1422 copulam
1185 1387 1272 1415 toties
1295 1386 1463 1422 repetitam,
1481 1383 1534 1412 sed
1552 1384 1668 1411 tantum
1691 1387 1738 1408 er-

916 1439 1041 1459 roneam
1053 1432 1227 1467 opinionem
1240 1439 1343 1460 eorum
1354 1431 1406 1467 qui
1414 1426 1668 1458 futurascarnates
1681 1432 1737 1453 nu-

919 1475 1132 1511 ptiasinregno
1145 1476 1294 1511 justorum
1314 1475 1476 1511 sperabant
1490 1474 1523 1500 51.
1541 1474 1612 1500 Item
1635 1471 1738 1499 Sama-

918 1520 1033 1553 ritanae,
1049 1528 1116 1556 quae
1132 1520 1232 1556 plures
1242 1521 1322 1548 viros
1339 1519 1494 1551 habuerat,
1513 1518 1599 1553 juxta
1614 1517 1738 1551 puteum

918 1564 1099 1600 loquens,de
1109 1565 1158 1593 illo
1169 1565 1231 1593 solo
1250 1565 1332 1593 illam
1350 1564 1513 1598 redarguit,
1536 1568 1627 1598 quem
1648 1565 1737 1586 suum

919 1617 980 1637 non
1004 1617 1067 1637 esse
1096 1610 1194 1638 virum
1222 1610 1364 1638 divinitus
1395 1607 1547 1636 intellexit.
1568 1605 1612 1633 Ait
1646 1603 1736 1631 enim:

921 1655 1056 1690 Quinque
1071 1655 1148 1683 viros
1167 1655 1307 1687 habuisti,
1323 1657 1349 1682 et
1367 1654 1457 1687 hunc,
1470 1659 1553 1688 quem
1571 1649 1666 1682 habeS,
1677 1654 1737 1675 non

920 1702 962 1727 est
980 1702 1048 1727 tuus
1058 1701 1140 1728 vir“.
1157 1699 1295 1736 Copulari
1312 1706 1383 1734 ergo
1392 1697 1528 1734 pluribus
1538 1695 1655 1723 vicibus
1672 1699 1739 1719 suc-

921 1744 1032 1772 cessive
1045 1753 1106 1773 non
1120 1748 1163 1773 est
1175 1744 1369 1781 prohibitum,
1386 1742 1438 1770 sed
1448 1748 1634 1773 concessum;
1650 1738 1739 1766 etiam

921 1791 1014 1817 status
1023 1789 1126 1818 talium
1135 1791 1248 1818 nonest
1260 1786 1521 1820 condemnandus,
1541 1784 1594 1813 sed
1614 1783 1740 1812 toleran-

920 1832 1059 1866 (lus,cum
1080 1834 1179 1862 necab
1199 1833 1300 1870 aliquo
1321 1832 1443 1861 homine
1462 1830 1556 1867 possit
1576 1827 1738 1865 prohiberi,

920 1877 948 1906 id
960 1879 1042 1914 quod
1053 1886 1106 1915 per
1117 1879 1240 1915 Spiritus
1252 1877 1380 1913 gratiam
1388 1884 1442 1914 pro
1451 1875 1544 1904 salute
1552 1873 1740 1901 infirmorum

920 1923 1070 1951 cernimus
1081 1932 1144 1951 esse
1160 1923 1320 1951 indultum.

956 1969 1026 1994 Item
1038 1967 1180 2003 quaeritur
1190 1976 1207 1995 a
1221 1967 1337 2000 Graecis,
1354 1967 1490 1994 Potestne
1512 1964 1574 1992 ﬁeri
1589 1963 1742 1999 dispensa-

919 2012 959 2040 tio
971 2011 1097 2046 ulicujus
1108 2011 1238 2039 concilii?
1247 2012 1275 2040 Si
1285 2011 1396 2046 dicunt,
1407 2009 1489 2047 quod
1499 2016 1570 2041 non,
1582 2007 1650 2044 quis
1670 2013 1741 2041 ergo

921 2059 1089 2085 Graecorum
1101 2056 1274 2090 salvabitur,
1288 2056 1395 2092 posito,
1407 2054 1489 2091 quod
1501 2053 1560 2081 sint
1569 2053 1599 2080 in
1611 2051 1670 2079 ﬁde
1694 2057 1741 2078 ca-

920 2101 1058 2133 toholica,
1077 2109 1130 2129 seu
1147 2101 1315 2128 orthodoxa
1331 2108 1400 2128 vere
1421 2096 1618 2127 obedientes?
1639 2097 1741 2123 Nonne

920 2150 1024 2175 contra
1035 2147 1124 2174 istum
1136 2147 1331 2178 canonem,et
1340 2145 1405 2172 illos
1417 2152 1508 2180 supra
1516 2139 1742 2180 positos,quoti-

920 2192 967 2220 die
978 2191 1114 2219 veniunt?
1126 2190 1153 2218 Si
1164 2191 1276 2224 dicunt,
1284 2190 1365 2226 quod
1374 2190 1426 2223 sic;
1439 2188 1503 2222 sed,
1511 2188 1536 2215 si
1544 2186 1685 2223 praelatus
1692 2185 1743 2213 ali-

919 2236 997 2272 quis,
1010 2235 1102 2263 multo
1120 2234 1217 2269 magis
1229 2242 1366 2262 summus
1385 2233 1529 2269 pontifex,
1545 2231 1597 2267 qui
1615 2231 1744 2267 potesta-

920 2284 980 2309 tem
992 2279 1183 2316 plenitudinis
1196 2279 1309 2306 obtinet
1320 2286 1337 2306 a
1351 2277 1474 2311 Christo,
1489 2276 1638 2304 mediante
1659 2276 1742 2302 Petro

920 2325 1064 2362 apostolo.
1079 2326 1183 2361 Dequa
1192 2323 1308 2360 require
1319 2330 1411 2359 supra
1420 2323 1529 2358 quarta
1544 2319 1741 2348 distinctione.

956 2373 1069 2398 Interea
1082 2368 1268 2397 consulimus
1278 2367 1386 2396 Graecis
1397 2373 1505 2394 aurum
1525 2364 1677 2400 sapientiae
1704 2363 1743 2392 ab

921 2415 1050 2442 Ecclesia
1062 2413 1200 2441 Romana
1210 2419 1317 2447 emere,
1329 2418 1422 2447 quam
1433 2409 1612 2445 despiciunt,
1620 2410 1652 2436 ut
1663 2408 1745 2436 locu-

920 2459 1014 2495 pletcs
1027 2459 1110 2492 fiant,
1122 2460 1150 2485 et
1169 2456 1339 2491 caliginosis
1356 2454 1450 2482 oculis
1469 2453 1626 2489 collyrium
1645 2460 1743 2488 appo-

921 2505 994 2531 nant
1006 2512 1012 2531 :
1025 2503 1096 2530 utin
1112 2501 1234 2538 speculo
1247 2500 1323 2529 sacri
1339 2499 1451 2535 Eloquii
1463 2498 1539 2526 clare
1554 2497 1743 2533 inspicientes

921 2550 1136 2583 recognoscant
1150 2548 1315 2574 Romanam
1333 2544 1499 2576 ecclesiam,
1517 2549 1585 2578 quae
1606 2541 1743 2568 omnium

921 2592 1120 2621 Ecclesiarum
1142 2594 1231 2628 caput
1254 2593 1306 2625 est,
1323 2590 1445 2626 insuper
1469 2590 1497 2616 et
1515 2586 1661 2621 magistra
1685 2593 1743 2613 :eo

920 2637 1003 2675 quod
1029 2637 1069 2665 nil
1095 2637 1124 2665 in
1145 2636 1231 2664 dictis
1267 2633 1446 2669 evangelicis
1477 2635 1505 2661 et
1532 2630 1742 2668 Epistolarum.

920 2685 948 2711 et
973 2682 1064 2710 etiam
1085 2682 1255 2714 doctorum,
1282 2679 1465 2708 contrarium
1497 2676 1620 2712 invenit,
1649 2675 1742 2713 quod,

919 2727 1149 2764 interpretutive,
1160 2726 1207 2755 vel
1231 2724 1435 2763 dispensative
1457 2722 1625 2752 secundum
1652 2723 1743 2751 statu-

1009 2786 1033 2805 ⁵θ
1049 2787 1059 2814 1
1079 2786 1145 2814 Cor.
1160 2793 1206 2819 vn,
1222 2787 1266 2813 39.
1318 2784 1339 2802 ⁵⁷
1355 2782 1453 2813 Matth.
1474 2789 1544 2817 xxu,
1564 2782 1600 2810 24
1621 2788 1707 2818 seqq.
