1944 3084
182 137 230 177 g7;
796 132 1042 162 PANTALEONIS

182 199 211 230 ta
225 200 397 225 sanctorum
412 198 543 232 Patrum,
557 197 587 225 in
605 197 714 226 unitate
728 198 851 234 Spiritus
865 203 925 224 non
949 203 1004 222 con
1023 195 1044 221 A

182 242 296 270 cordat.

220 286 447 320 Distinguentes,
471 287 572 323 itaque
592 287 667 314 inter
679 295 713 315 ea
725 295 791 324 quae
811 285 1006 323 dispensatio-

182 338 253 358 nem
264 331 419 366 recipiunt.
433 334 460 358 et
469 331 529 363 illa,
541 340 608 367 quas
619 331 702 359 aliter
713 340 743 359 se
754 331 865 359 habent
878 331 1006 358 dicimus

182 374 263 411 quod
281 378 350 402 sunt
362 378 512 411 praecepta
524 376 627 411 primae
639 376 834 405 necessitatis,
846 383 913 411 qua;
934 374 1005 402 assi-

182 412 286 446 milant
302 419 436 448 animam
451 421 520 453 Deo,
544 421 619 448 sicut
642 423 793 457 praecepta
814 419 961 453 Decalogi;
978 421 1007 446 et

182 462 232 491 illa
245 471 304 491 non
318 463 462 500 recipiunt
472 464 736 500 dispensationem.
749 466 820 492 Item
845 466 915 491 sunt
929 470 1004 499 prae-

181 510 267 544 cepta
284 508 424 536 secundus
441 508 634 543 necessitatis,
646 513 678 537 ut
688 518 766 537 unus
787 509 838 536 uni
862 509 1006 544 jungatur

183 554 212 579 et
222 551 287 580 Ῑιεεα
297 553 480 589 quandoque
495 553 614 581 fuerunt
626 554 809 590 dispensata,
826 556 855 580 ut
870 555 948 589 patet
976 552 1004 579 in

182 599 265 632 patre
281 596 442 632 Abraham,
456 601 482 624 et
498 598 601 629 Jacob,
621 598 721 630 David,
737 601 763 626 et
790 598 854 626 aliis
883 596 1003 631 sanctis,

181 641 232 680 qui
247 641 382 676 pluribus
398 642 549 677 conjuncti
564 643 693 670 fuerunt-
709 644 782 670 Sunt
807 645 835 670 et
857 643 1005 677 przrcopta

181 681 274 712 tertia:
286 686 483 719 necessitatis,
496 689 527 713 ut
536 689 579 714 est
591 690 693 714 votum
704 686 904 714 voluntarium
915 690 942 712 et
950 685 1005 712 hoc

184 728 384 771 quadruplex,
400 730 598 761 continentiae,
615 730 775 764 religionis.
806 729 1004 762 abstinentiie,

182 773 440 808 peregrinationis.
458 775 519 801 Duo
535 775 633 810 prima
648 783 707 802 non
723 774 869 810 recipiunt
884 773 1004 808 dispen-

183 812 329 845 sationem
344 819 398 853 (48)
413 827 419 851 ;
435 818 492 845 alia
509 818 569 846 duo
587 819 742 855 recipiunt,
768 827 836 846 cum
863 817 1006 853 aequipol—

183 861 266 891 lenti.
281 863 354 890 Sunt
369 863 492 899 insuper
502 865 530 891 et
541 867 655 900 quartae
671 863 865 894 necessitatis.
875 864 906 890 ut
919 862 1004 890 insti-
1018 872 1040 901 Β

184 907 311 940 tutiones
325 907 516 942 prmlatorum
531 917 536 941 ;
552 911 579 935 et
600 908 663 936 haec
689 907 835 944 recipiunt
849 907 1003 942 dispensa-

181 951 302 983 tionem,
316 952 434 987 quoties
448 954 476 979 et
498 953 622 988 quando
638 953 679 980 eis
702 960 757 988 pro
783 960 874 979 causa
903 950 966 978 utili
977 953 1004 978 et

180 995 361 1028 necessaria,
384 996 500 1024 videtur
517 997 669 1033 expedire.

218 1040 303 1068 Hisce
321 1039 358 1068 sit
381 1041 572 1073 habentidus,
602 1045 629 1069 et
652 1042 706 1069 rite
732 1040 895 1073 intellectis,
925 1041 1004 1075 patet

180 1085 288 1113 solutio
309 1085 348 1112 ad
365 1085 504 1120 plurima,
521 1094 589 1122 qua».
604 1086 738 1114 nondum
765 1086 853 1113 etiam
883 1085 1004 1112 fuerunt

180 1129 314 1166 quaesita.
326 1131 363 1157 De
374 1130 419 1157 his
433 1133 542 1165 autem,
554 1132 792 1166 qumsequuntur
808 1132 835 1157 et
846 1129 883 1156 de
899 1129 1004 1156 mulie-

179 1168 263 1200 ribus
279 1177 480 1209 menstruatis,
495 1178 523 1202 et
542 1183 610 1211 qum
635 1175 842 1210 ingrediuntur
866 1174 1004 1207 chorum,

181 1218 302 1252 propter
311 1216 356 1243 sui
372 1217 586 1249 ignobilitatem
601 1218 737 1245 auditum
755 1218 895 1253 praestare
922 1216 1006 1244 nolu-

180 1267 249 1287 mus
266 1269 272 1288 :
286 1261 342 1288 nisi
357 1264 472 1289 tantum
486 1261 523 1289 de
539 1262 710 1298 patriarcha
736 1261 1005 1296 Constantinopoli-

180 1307 261 1339 tano,
273 1306 324 1342 qui
337 1315 399 1334 suae
415 1307 562 1342 superbiae
573 1307 743 1340 consulens,
760 1307 858 1343 plures
873 1306 946 1341 fingi
965 1306 1005 1333 fe-

180 1350 219 1378 cit
232 1358 362 1378 canones
379 1350 444 1378 talis
455 1351 635 1384 ambitionis,
646 1355 676 1379 ut
688 1359 778 1388 super
788 1359 891 1379 omnes
907 1350 1007 1386 praela-

181 1397 226 1422 tos
247 1395 383 1423 videatur
396 1396 544 1431 prtBIatus.
563 1397 652 1424 Vocat
667 1399 766 1424 autem
783 1404 813 1424 se
829 1395 1005 1431 οἱκουμενικὸν

180 1439 394 1474 patriarcham,
410 1440 439 1467 id
462 1443 504 1468 est
519 1442 718 1469 orbicularem
733 1441 959 1475 patriam/tam:
977 1441 1006 1467 et

179 1483 247 1511 licet
257 1483 288 1511 in
300 1487 405 1520 quarta
418 1485 607 1513 distinctione
615 1486 704 1520 hujus
714 1485 822 1521 operis,
830 1484 901 1512 satis
912 1483 949 1511 de
969 1491 1004 1511 eo

179 1527 364 1563 disputatum
376 1529 524 1563 sit,tamen
536 1530 678 1563 adhuc,in
686 1529 912 1557 detestationem
920 1531 948 1556 et
957 1536 1004 1555 su-

179 1570 351 1606 gilationem
364 1573 452 1607 hujus
460 1574 580 1609 superbi
587 1574 829 1609 nominis,pauca
835 1576 1005 1609 repetemus

214 1616 269 1650 (49)
286 1616 450 1645 Canoniste
461 1618 498 1645 dc
520 1618 685 1646 ambitione
709 1618 795 1646 dicta;
818 1618 896 1645 sedis
908 1617 1005 1644 editus

177 1659 232 1688 fuit
244 1660 272 1687 in
289 1661 421 1689 secunda
437 1662 564 1698 synodo.
577 1662 653 1690 clam
672 1670 791 1689 summo
807 1662 956 1698 pontiﬁce,
973 1663 1005 1688 ut

178 1704 320 1738 magister
338 1704 422 1738 Hugo
442 1706 615 1733 Etherianus
639 1705 736 1738 refert,
763 1706 807 1732 vir
831 1705 932 1740 utique
954 1711 1003 1730 sa-

178 1748 273 1782 piens.
299 1750 328 1776 et
350 1750 462 1783 peritus
483 1750 512 1776 in
546 1752 670 1785 utraque
694 1750 805 1784 lingua.
842 1748 1004 1784 Responsio

179 1799 272 1826 supra
283 1791 365 1819 estin
378 1793 510 1821 secunda
533 1794 650 1828 synodo
668 1794 698 1821 in
720 1793 788 1821 ﬁne.
800 1794 833 1820 Et
854 1793 926 1828 quia
942 1791 1003 1819 ﬁeri

178 1843 239 1863 non
252 1837 356 1872 potuit,
368 1844 421 1864 nec
436 1836 550 1870 debuit,
566 1839 632 1873 ipso
644 1838 721 1866 facto
744 1837 897 1865 suscitavit
916 1845 1002 1863 scan-

178 1879 282 1907 dalum
294 1881 725 1910 etdiscordiamintertlrmcos
755 1884 783 1909 et
806 1881 922 1909 Latinos
944 1888 1003 1908 non

183 1924 348 1956 modicam,
361 1933 455 1960 usque
465 1926 501 1953 ad
517 1930 650 1962 tempore
663 1934 749 1961 papae
759 1925 862 1960 Vigilii.
885 1925 1003 1952 Nullum

181 1972 282 1996 tamen
295 1969 318 1996 is
330 1969 460 1997 favorem
475 1970 686 2005 praebuitdicto
700 1971 818 2004 canoni,
841 1970 924 2006 quod
949 1977 1004 1997 nos

179 2014 302 2047 scimus,
317 2014 406 2042 etiam
424 2014 503 2046 dato,
528 2015 606 2051 quod
632 2015 772 2051 possetin
794 2014 1002 2051 prtejudicium

176 2057 430 2094 praedecessorum
444 2067 566 2087 suorum
575 2059 708 2095 prtebere
718 2061 1003 2087 assensumJuterea

176 2106 244 2139 post
255 2103 433 2138 Ephesinain
452 2103 618 2131 celebratur
627 2107 734 2139 quarta
743 2104 878 2140 synodus
891 2104 919 2131 in
931 2103 1003 2131 civi-

176 2149 233 2174 tate
246 2147 430 2175 Chalcedone
447 2147 491 2174 :in
504 2156 564 2184 qua
578 2148 701 2184 quidem
725 2148 877 2176 Anatolius
893 2147 1002 2184 pra-sul

176 2191 265 2224 regite
282 2191 372 2220 urbis.
386 2193 456 2220 satis
472 2192 530 2225 egit
544 2201 597 2227 pro
613 2193 780 2228 principatu
799 2193 843 2220 sui
867 2192 1003 2219 sacerdo~

176 2235 216 2262 tii.
235 2237 266 2262 Et
286 2235 381 2264 factus
400 2237 526 2264 estinde
549 2245 660 2264 canon.
689 2239 794 2264 Verum
818 2238 888 2273 quia
914 2237 1001 2271 legati
1019 2229 1038 2254 υ

178 2279 280 2306 Leonis
297 2280 381 2316 primi
401 2281 518 2308 viriliter
533 2281 722 2315 obstiterunt,
733 2282 813 2318 petiit
825 2285 917 2309 totum
933 2290 1000 2308 con-

176 2323 276 2350 cilium
293 2331 346 2359 pro
371 2333 413 2355 se,
431 2328 458 2352 et
471 2326 632 2361 imperator
653 2334 798 2358 seorsum,
814 2334 867 2353 nec
892 2334 952 2352 non
975 2328 1002 2353 et

177 2367 275 2395 dictus
292 2369 446 2396 Anatolius
463 2379 480 2397 a
493 2370 572 2398 dicto
590 2372 684 2398 Leone
698 2371 847 2397 humiliter
871 2370 939 2397 dicti
955 2378 1001 2397 ca-

175 2413 262 2439 nonis
278 2413 550 2442 conﬁrmationem.
564 2415 620 2443 Sed
636 2423 705 2442 cum
720 2423 825 2441 omnes
842 2423 943 2450 preces
957 2415 1000 2441 in-

175 2464 296 2484 cassum
311 2458 460 2487 caderent.
478 2459 620 2486 remansit
635 2459 732 2486 dictus
746 2466 842 2486 canon
865 2459 1001 2485 inﬁrmus

173 2500 203 2529 et
216 2502 326 2529 inutilis
342 2502 378 2529 de
388 2503 465 2536 jure,
476 2504 528 2530 etsi
544 2511 604 2530 non
618 2503 654 2530 de
666 2504 753 2535 facto,
765 2506 854 2538 prout
867 2511 959 2538 supra
972 2503 999 2530 in

174 2550 282 2582 quarta
293 2546 492 2580 distinctione,
501 2547 568 2574 etin
581 2552 686 2583 quarta
695 2547 811 2583 synodo
823 2548 998 2574 continetur.

176 2591 439 2626 Nam,sicutsupra
449 2591 545 2619 dictus
558 2592 711 2618 Anatolius
723 2591 872 2627 superbus
889 2591 1001 2619 alienas

175 2635 261 2663 sedes
269 2635 413 2671 paulatim
425 2639 452 2662 μὶ
462 2636 575 2667 occulte
586 2636 703 2670 rapiens
716 2644 770 2662 suo
782 2635 846 2662 illos
857 2644 948 2663 ausus
957 2639 1000 2664 est

174 2679 284 2706 addere
297 2680 459 2715 pontiﬁcio;
471 2688 499 2707 ιιι
514 2679 631 2714 synodo
643 2687 774 2715 quoque,
783 2688 874 2715 quam
884 2683 998 2708 sextam

1020 1553 1039 1579 C

210 2750 265 2784 (48)
283 2750 339 2777 Cur
350 2758 407 2777 non
421 2750 593 2777 auctoritate
605 2751 714 2779 summi
725 2751 888 2785 pontiﬁcis?
899 2753 989 2779 Srzw.

210 2786 263 2820 (49)
286 2787 351 2813 Htec
367 2787 470 2814 addita
480 2789 550 2814 sunt
560 2794 578 2814 a
592 2786 739 2814 Fratribus
752 2787 996 2816 Precdicatoribus

1845 131 1911 156 572

1065 132 1207 161 DIACONI
1226 133 1278 160 (ΞΡ.

1062 194 1231 227 nominant,
1248 203 1315 231 quae
1332 194 1439 222 dicitur
1453 193 1562 221 furtiva
1575 192 1678 223 fuisse,
1692 190 1911 219 similiterdic-

1061 241 1124 266 tum
1141 247 1286 266 canonem
1305 241 1536 266 renovaverunt.
1555 240 1656 273 Itaque
1680 244 1777 272 usque
1802 235 1910 262 hodie

1061 283 1190 311 Ecclesia
1203 285 1374 311 Grzecorum
1382 291 1441 310 non
1450 290 1592 310 concessa
1600 280 1740 317 poss1det,
1758 283 1850 311 tenet,
1875 282 1911 306 et

1060 327 1161 359 utitur,
1180 328 1255 356 sicut
1270 330 1358 363 patet.
1378 327 1448 360 Quis
1465 326 1545 354 enim
1572 326 1602 353 in
1630 325 1809 361 pontiﬁcatu
1842 325 1910 351 Ro-

1060 379 1158 399 mante
1174 371 1251 399 sedis
1268 372 1365 407 potuit
1380 379 1411 398 se
1423 370 1589 407 exspoliare
1600 372 1745 406 potestate
1758 369 1907 404 propria,

1061 419 1089 443 et
1103 415 1176 443 dare
1191 415 1302 444 alteri?
1318 419 1347 443 ut
1363 416 1419 443 sint
1432 416 1462 442 in
1480 423 1540 442 uno
1553 421 1678 450 corpore
1693 413 1754 440 duo
1779 412 1907 449 capita.

1061 459 1209 488 scilicetin
1223 461 1353 488 Ecclesia
1369 460 1434 491 Dei;
1450 461 1504 487 Hes
1519 460 1621 494 utique
1638 460 1844 485 monstruosa.

1097 506 1168 533 Item
1183 513 1190 532 :
1208 506 1234 533 Si
1250 505 1418 533 habuerunt
1433 505 1461 531 in
1476 504 1543 539 jure
1558 511 1594 531 ex
1618 503 1646 530 vi
1670 502 1907 530 constitutionis

1060 549 1090 576 in
1098 549 1232 577 secunda
1239 549 1517 584 synodofacttequze
1525 548 1688 575 necessitas
1696 546 1749 574 fuit
1756 549 1906 582 repetere

1060 594 1090 621 in
1104 597 1211 629 quarta
1223 595 1237 621 Σ)
1253 597 1291 626 et,
1309 594 1331 620 si
1345 593 1373 620 in
1391 596 1498 629 quarta
1515 592 1807 619 obtinueruntsuum
1824 598 1904 626 pro-

1060 639 1192 674 positum
1207 638 1308 669 Grteci,
1324 645 1417 673 quare
1432 638 1537 664 iterum
1554 636 1582 663 in
1592 638 1672 663 sexta
1680 635 1809 671 synodo,
1821 642 1903 670 qua!

1059 685 1127 718 post
1144 683 1236 709 multa
1253 684 1386 718 tempora
1410 682 1473 713 fuit,
1491 681 1547 709 li0c
1576 680 1656 708 idem
1682 679 1873 715 repetierunt
1890 680 1906 706 ?

1060 727 1124 754 Non
1132 726 1183 754 fuit
1191 726 1259 754 alia.
1269 726 1323 753 nisi
1331 727 1402 761 quia
1412 725 1695 760 urgebateosprava
1703 731 1809 751 eorum
1824 731 1906 751 con-

1060 770 1194 803 scientia,
1211 771 1283 806 quia
1298 771 1396 798 videre
1411 772 1559 805 poterunt,
1572 773 1601 796 et
1612 776 1665 805 per
1676 767 1904 796 conciliaintel-

1060 815 1160 850 ligere,
1178 815 1257 851 quoii
1280 815 1378 842 nullus
1395 823 1492 842 canon
1509 814 1640 849 vigorem
1658 816 1687 841 et
1718 813 1901 840 firmitatem

1060 861 1170 888 obtinet
1185 860 1327 896 aliquam.
1346 860 1400 887 nisi
1414 859 1546 887 favorem
1562 859 1670 894 pariter
1685 861 1713 886 et
1728 866 1900 885 assensum

1060 905 1170 932 summi
1187 905 1330 932 Pontiﬁcis
1342 904 1484 931 obtineat.
1499 905 1536 931 De
1551 911 1613 939 quo
1627 911 1718 938 supra
1733 903 1762 929 in
1780 905 1918 938 quarta,

1058 949 1255 976 distinctione.
1275 948 1358 976 Unde
1374 949 1464 975 istum
1473 955 1631 978 canonem.
1641 950 1787 982 tanquam
1801 947 1899 974 inuti»

1057 993 1116 1021 lem
1132 996 1159 1021 et
1172 993 1277 1021 furtive
1294 994 1443 1020 intrusum
1460 996 1644 1027 respuentes,
1660 991 1799 1024 dicimus,
1815 991 1899 1018 sicut

1058 1037 1131 1066 alias
1147 1047 1152 1065 :
1169 1046 1276 1065 omnes
1293 1038 1575 1073 illes,qiiiasscrunt
1588 1038 1758 1064 Romanum
1767 1036 1898 1071 pontiﬁ-

1058 1090 1122 1110 cem
1138 1090 1198 1110 non
1210 1090 1273 1109 esse
1287 1084 1378 1117 caput
1395 1081 1570 1108 universalis
1588 1081 1795 1116 Ecclesite,per
1807 1080 1898 1108 viam

1057 1122 1196 1154 incedere
1211 1126 1414 1154 damnationis
1430 1126 1473 1153 vel
1500 1126 1677 1162 perditionis
1699 1129 1727 1152 et
1756 1133 1824 1152 esse
1857 1125 1898 1152 de

1059 1179 1184 1199 numero
1201 1172 1282 1201 (lore,
1302 1172 1426 1203 Dathan,
1444 1174 1471 1198 et
1488 1170 1599 1197 AbiI‘O'l
1613 1169 1897 1202 schismaticorum,

1058 1215 1109 1252 qui
1124 1215 1153 1243 in
1169 1215 1290 1249 signum
1302 1215 1506 1243 damnationis
1520 1218 1638 1242 aeternae
1655 1214 1899 1250 absorptisunta

1058 1263 1146 1288 terra.

1096 1304 1136 1332 De
1151 1304 1349 1332 celebratione
1364 1307 1464 1331 autem
1481 1304 1575 1332 Missa:
1589 1304 1618 1330 in
1635 1303 1894 1337 Quadragesima,

1059 1348 1469 1385 etdequibusdamaliis,non
1494 1348 1722 1384 respondemus,
1742 1350 1806 1375 tum
1819 1349 1897 1384 quia

1059 1393 1166 1421 frivola
1182 1397 1252 1421 sunt
1267 1397 1328 1421 tum
1345 1393 1416 1427 quia
1433 1393 1461 1420 in
1478 1393 1586 1420 furtiva
1607 1392 1725 1428 synodo
1739 1392 1776 1420 de
1792 1393 1908 1430 Trullo_

1059 1437 1192 1465 similiter
1207 1438 1352 1465 ial‘iricata
1366 1440 1443 1465 sunt.
1454 1437 1711 1472 Siveroobjiciunt
1720 1437 1894 1464 nobisillud

1059 1481 1210 1510 decretum
1220 1485 1305 1510 sexta:
1313 1482 1432 1518 synodi,
1441 1482 1522 1518 quod
1531 1490 1610 1517 papa
1619 1481 1765 1508 Adrianus
1779 1489 1895 1517 appro-

1059 1527 1155 1555 bavit:
1173 1527 1248 1561 Quia
1263 1528 1294 1554 in
1309 1534 1341 1554 eo
1357 1529 1502 1554 statutum
1520 1530 1560 1554 est
1579 1529 1646 1557 ,etc.
1665 1529 1693 1553 et
1708 1526 1779 1553 illud
1800 1528 1895 1554 inno-

1060 1572 1157 1603 centii,
1175 1572 1367 1600 Renovantes.
1387 1574 1452 1598 etc..
1473 1570 1709 1606 Respondemus.
1725 1571 1811 1606 quod
1841 1571 1895 1598 illa

1059 1615 1211 1651 propriam
1227 1615 1498 1651 interpretationem
1506 1614 1716 1642 etcatholicam
1727 1615 1892 1650 recipiunt,

1059 1662 1088 1688 et
1102 1667 1162 1688 non
1178 1661 1344 1687 secundum
1361 1668 1486 1695 pravum
1503 1659 1682 1687 intellectum
1699 1660 1887 1687 Grmcorum.

1059 1704 1125 1732 Alia
1139 1712 1208 1732 vero
1222 1703 1402 1731 discussioni
1415 1704 1656 1740 jurisperitorum
1673 1703 1834 1731 etarbitrio
1846 1712 1893 1731 re-

1058 1748 1244 1784 linquamus.

1094 1794 1152 1828 (50)
1170 1795 1322 1828 Tempore.
1343 1801 1403 1829 quo
1433 1793 1694 1821 victoriosissimus
1724 1794 1893 1829 imperator

1059 1838 1280 1871 Constantinus,
1301 1841 1502 1871 cognomento
1522 1838 1745 1869 Monomachus,
1769 1837 1890 1874 imperii

1057 1882 1266 1917 perspicaciter
1274 1882 1506 1909 inoderaliaturd
1513 1882 1762 1916 ignitatibus,erat
1769 1882 1890 1918 quidam

1058 1926 1179 1954 Michael
1193 1926 1529 1961 Constantinopolitanm
1538 1926 1617 1954 sedis
1634 1927 1806 1961 patriarcha
1818 1927 1891 1954 acti-

1057 1970 1115 1998 bus
1126 1974 1154 1998 et
1166 1971 1314 1998 intellectu
1327 1970 1528 2004 stultissimus,
1540 1970 1602 2006 qui,
1618 1974 1705 2006 prout
1718 1971 1812 1998 verba
1824 1972 1890 2007 ejus

1059 2018 1249 2044 attestantur.
1269 2015 1467 2043 htercsiarcha
1484 2015 1591 2050 potius,
1608 2023 1700 2051 quam
1716 2016 1891 2051 patriarcha

1059 2060 1417 2090 essemnnibusinnotuit.
1428 2059 1559 2087 llicluava
1570 2059 1710 2087 suasione
1722 2060 1766 2086 sui
1785 2061 1889 2088 cordis

1058 2108 1305 2137 exactus,sanette
1319 2106 1458 2132 Romanae
1466 2104 1544 2131 sedis
1554 2104 1769 2132 Eucharistiam
1783 2105 1889 2133 nefan-

1058 2149 1133 2176 diter
1145 2149 1322 2176 iutamabat.
1340 2151 1468 2175 tractans
1481 2156 1593 2182 secum,
1603 2149 1684 2184 quod
1692 2148 1800 2176 melius
1811 2153 1891 2177 esset

1058 2194 1226 2220 Graecorum
1242 2193 1432 2220 sacriﬁcium.
1449 2201 1541 2228 quam
1559 2193 1741 2226 Latinorum,
1753 2201 1789 2220 eo
1803 2194 1888 2229 quod

1057 2238 1112 2273 ipsi
1128 2238 1347 2267 fermentatum.
1360 2241 1388 2264 et
1405 2239 1538 2264 Humana
1556 2237 1693 2271 Ecclesia,
1709 2240 1740 2264 ut
1755 2237 1796 2264 ab
1814 2246 1888 2273 apo-

1056 2281 1138 2308 stolis
1155 2285 1320 2316 acceperat,
1337 2289 1476 2316 azymum
1497 2282 1658 2309 sacriﬁcat.
1681 2283 1796 2310 Interea
1811 2283 1886 2310 dum

1056 2326 1194 2361 praefatus
1211 2326 1389 2361 patriarcha.
1405 2325 1689 2361 utlibellisuiapices
1698 2330 1886 2360 asseverant,

1057 2370 1235 2397 sacriﬁcium
1254 2370 1422 2397 Latinorum
1441 2378 1564 2401 arguere
1571 2373 1741 2399 conaretur.
1750 2370 1809 2398 hoc
1817 2379 1886 2399 san~

1056 2414 1209 2442 ctissimus
1227 2416 1280 2441 Leo
1296 2423 1373 2450 papa
1390 2416 1420 2442 lx
1437 2415 1572 2447 audiens,
1588 2423 1670 2442 more
1687 2414 1772 2442 solito
1783 2415 1822 2443 ad
1837 2424 1886 2444 ue—

1056 2458 1180 2487 fandam
1191 2458 1394 2486 alteratioueui
1407 2459 1809 2494 exstirpandam,dorninum
1823 2461 1885 2488 Ste-

1056 2503 1191 2538 phanum
1208 2503 1418 2530 cancellarium
1436 2504 1692 2538 religiosissimum
1707 2504 1806 2531 virum
1833 2505 1885 2541 qui

1056 2548 1157 2575 tertius
1170 2550 1236 2583 p0st
1249 2556 1317 2575 eum
1334 2555 1414 2583 papa
1427 2549 1568 2576 Romanae
1578 2548 1656 2576 sedis
1668 2548 1825 2580 exstitit,et
1834 2550 1884 2577 ho-

1056 2594 1146 2619 nestus
1160 2591 1238 2619 sedis
1253 2592 1435 2627 pontiﬁcem,
1452 2595 1479 2620 et
1495 2601 1563 2620 cum
1588 2593 1643 2620 illis
1672 2593 1792 2621 Petrum
1820 2594 1884 2622 Mel‘

1055 2637 1211 2672 phitauum
1228 2636 1416 2671 magistrum,
1434 2641 1461 2664 ut
1479 2637 1582 2665 doctos
1598 2638 1736 2665 cumsuis
1745 2638 1882 2673 apicibus

1054 2681 1228 2709 transmisit.
1245 2681 1300 2713 Qui
1317 2681 1675 2717 Constantinopolitanam
1706 2682 1812 2710 urbem
1842 2684 1883 2711 iu-

1056 2753 1108 2788 qui
1125 2752 1303 2787 superiorae
1318 2753 1397 2780 libris
1415 2753 1558 2780 Etheriaui
1569 2756 1789 2788 cxcerpserant.

1087 2791 1142 2822 (50)
1163 2789 1229 2815 Haec
1244 2791 1315 2816 sunt
1341 2789 1528 2818 Pantaleonis
1546 2797 1635 2816 meras
1649 2789 1768 2816 fabulae.
1794 2791 1876 2817 Bssu.
