1944 3084
29 131 71 157 573
715 129 855 156 CONTRA
873 128 1027 156 GRAECOS.

1670 129 1721 168 574

31 190 121 225 gressi,
138 191 166 217 et
177 189 326 226 imperiali
339 189 566 218 honoriﬁcentia
581 189 743 225 sublimati,
763 190 841 226 ejus-
856 191 876 218 Α
895 190 1028 218 raculum
1038 193 1137 218 actum
1146 192 1199 218 est.
1213 190 1359 218 Liminare
1366 197 1570 217 marmoreum
1584 189 1719 224 ejusdem

32 235 88 262 dem
101 234 180 262 urbis
194 234 399 270 patriurchnm
412 233 579 270 (adeuntes)
593 238 698 270 quater
713 243 781 262 cum
807 242 841 261 oo

32 279 197 315 colloquium
209 279 249 306 de
260 279 412 306 nominato
421 278 565 306 sacriﬁcio
574 279 775 307 habuerunt...
786 280 842 314 (5t)

33 332 76 359 per
84 323 218 350 nuntium
232 323 411 350 asciverunt.
426 324 508 356 Quod
525 323 588 359 ipse
601 323 727 351 audiens
747 332 777 351 se
805 323 844 351 ab

35 375 121 395 eorum
135 367 290 403 colloquio
300 367 436 395 deviavit.
450 369 513 396 Mox
527 368 583 404 ipsi
600 369 714 396 Sanctia
727 368 844 403 Sophire

34 411 168 439 basilicam
181 411 394 446 ingredientes,
404 419 493 447 super
505 411 595 439 altare
608 411 780 447 paginulam
794 420 834 448 po

37 458 150 483 suerunt.
167 457 294 483 Exeutcs
321 459 421 483 autem
437 455 476 482 ab
500 455 625 483 ecclesia
650 456 774 484 sublatis
798 464 846 492 pe-

35 501 94 528 dum
117 501 261 529 sandaliis
289 501 531 537 pavimentorum
558 509 712 529 marmora
739 509 845 538 percu-

37 546 133 577 lientes,
161 545 191 572 in
217 546 294 573 mari
323 545 480 581 pulverem
511 546 706 581 projecerunt,
733 550 761 573 et
789 547 845 573 hoc

35 590 180 618 secundum
191 590 342 625 Evangelii
354 598 455 618 vocem
465 591 845 626 egerunttlicetites:0umn—

35 643 130 669 nmque
139 635 291 662 civitatem
308 636 515 664 intracia-itis.
527 638 553 662 el
570 637 724 663 renucrinl
738 637 845 670 dogma

36 682 153 711 restrum,
169 679 250 707 nihil
260 679 369 707 eat-inde
380 680 518 714 efferatis.
535 680 591 707 Sed
604 680 673 708 inde
706 680 846 707 abeuntes

35 723 164 756 pulverem
177 723 290 757 pedum
305 727 470 750 vestrorum
485 725 617 752 exeunte
640 723 674 750 ⁵⁸.
705 725 847 751 Praeterea

35 766 93 802 ipsis
103 767 241 794 ecivitate
250 767 476 794 discedentibus
490 768 673 803 stupendum
689 767 776 796 valde
792 768 847 795 mi-

63 838 82 854 ”
95 837 188 866 Matth.
205 846 225 866 x
239 847 246 872 ;
263 840 352 867 Marc.
368 846 413 871 vt;
430 840 498 867 Luc.
514 847 533 866 ι.

64 900 114 934 (St)
132 900 252 928 Lacuna
268 900 300 928 in
316 908 374 927 ms.

895 234 1027 262 ecclesia:
1043 235 1125 262 mirae
1138 234 1351 269 magnitudinis
1363 233 1542 266 dissolvitur;
1563 234 1720 269 statimque

896 279 964 306 talis
979 282 1023 307 est
1037 279 1138 306 clades
1159 279 1328 311 subsecuta,
1344 281 1376 306 ut
1395 278 1501 306 diebus
1517 278 1621 313 paucis
1641 286 1722 305 sexa—

898 324 978 359 ginta
985 323 1154 351 Graecorum
1164 323 1256 351 millia
1265 326 1522 357 morerentur,nec
1532 321 1609 349 ullus
1620 321 1722 349 alienas

899 367 1003 402 gentis:
1019 368 1136 395 interim
1153 371 1179 395 et
1195 376 1248 403 per
1259 367 1390 395 triduum
1405 366 1624 395 intestimabiles
1640 374 1723 393 coru~

899 413 1055 443 scationes.
1074 414 1101 439 et
1116 413 1255 447 tonitrua,
1268 415 1297 439 et
1321 411 1463 439 imbrium
1490 413 1518 439 et
1540 410 1721 446 grandinum

900 456 1106 484 multitudines
1122 457 1308 484 exstiterunt.

936 504 1001 528 Hac
1016 508 1087 528 vero
1107 503 1189 535 gesta
1205 503 1276 528 sunt
1289 508 1369 528 anno
1385 501 1423 528 ab
1438 499 1644 529 lncarnatione
1668 499 1722 536 Do—

901 545 971 572 mini
989 545 1147 572 millcsimo
1162 544 1414 581 quinquagesimo
1431 544 1545 581 quinto,
1562 543 1723 571 indictione

900 593 1016 617 octava.
1033 589 1117 622 Quod
1134 597 1189 623 ego
1206 589 1376 622 Pantaleon,
1391 597 1458 617 cum
1473 596 1571 616 essem
1585 587 1625 616 ibi
1651 588 1724 616 Con-

901 633 1104 670 stantinopoli,
1116 633 1165 660 tibi
1176 633 1233 660 hoc
1242 637 1342 660 actum
1354 636 1406 666 est,
1423 634 1478 660 hoc
1492 633 1600 660 idcirco
1611 639 1724 660 memo—

900 679 992 705 rnhile
1009 678 1072 711 feci,
1098 685 1160 714 quo
1193 677 1360 711 legentibus
1393 680 1494 714 pateat
1522 677 1630 704 Latinae
1659 683 1723 704 sere

902 722 1000 749 uitatis
1016 722 1170 755 institutio,
1186 724 1214 749 et
1225 729 1313 749 nemo
1327 721 1438 749 audeat
1448 721 1520 749 talia
1531 728 1721 757 praesumere.

535 1062 723 1132 PAN
727 1063 850 1133 TA
864 1062 1207 1134 LEOle

308 1189 489 1224 DlACONI
515 1190 570 1223 ET
594 1189 997 1224 CHARTOPHYLACIS
1020 1189 1194 1223 MAGNzE
1217 1188 1445 1224 ECCLESl/E

734 1277 945 1320 NARRA']
962 1277 1015 1321 [0

208 1390 590 1468 Mlltttlllltlltllit
627 1391 818 1467 MAXIMI
857 1391 1187 1467 ARCHANGELI
1225 1384 1541 1466 MlﬂllllllLIS'

70 1595 84 1621 Ι.
97 1596 201 1626 Mamre
211 1600 238 1625 et
253 1597 356 1625 multte
367 1599 395 1624 et
406 1597 496 1625 vatim
513 1599 582 1625 sunt
594 1599 650 1625 tua:
660 1597 843 1633 incorporeas
861 1598 880 1625 Β
899 1597 1038 1626 homines
1053 1597 1092 1625 ab
1108 1605 1175 1624 eam
1188 1598 1195 1615 ¹
1210 1605 1216 1624 :
1233 1597 1274 1625 ita
1287 1597 1376 1625 etiam
1392 1595 1605 1631 archangelicaa
1619 1601 1723 1622 essen-

43 1641 63 1665 et
72 1641 448 1676 uiagniticzearchangclicaa
456 1641 571 1669 virtutis
583 1644 611 1669 et
626 1642 779 1676 dignitatis
793 1650 844 1670 no-

43 1682 127 1718 tiones,
137 1685 279 1722 «lonaque
292 1689 319 1714 et
329 1687 441 1721 gratiae,
460 1688 481 1714 0
495 1686 710 1721 gloriosissime
724 1687 846 1715 Michael

43 1729 157 1765 princeps
170 1731 293 1764 militias,
314 1730 494 1767 amplusque
509 1733 538 1758 et
550 1739 654 1758 revera
669 1731 806 1759 sublimis
819 1734 847 1758 et

44 1772 171 1808 multiplex
184 1775 302 1803 decorae
317 1778 374 1803 tuae
397 1775 539 1807 materiae,
567 1776 695 1812 expertis
731 1775 845 1808 formae,

44 1819 64 1842 et
75 1817 131 1845 vitm
145 1822 245 1848 status.
263 1821 312 1848 Est
323 1822 424 1848 autem
442 1827 534 1855 parva
549 1822 576 1847 et
591 1820 674 1848 nihili
710 1820 847 1848 facienda

44 1859 274 1897 humanaelinguer
281 1872 389 1892 carnea
396 1866 538 1900 potestas,
547 1864 847 1900 angustusqueethu-

44 1904 105 1932 milis
118 1911 142 1934 et
157 1908 280 1936 artiﬁcio
293 1916 407 1941 carens,
422 1908 472 1944 qui
487 1915 540 1944 per
554 1908 754 1936 instrumenta
785 1916 847 1936 cor-

45 1955 118 1982 parra
127 1960 141 1978 a
150 1955 248 1981 nostro
257 1952 346 1981 corde
358 1960 457 1980 sermo
465 1952 673 1988 proficiscitur.
689 1953 846 1985 Quomodo

47 2000 100 2026 ετκο
114 1999 145 2028 te,
161 2005 178 2024 0
192 1997 407 2033 omnipotentis
422 1997 469 2024 Dei
486 1997 627 2032 princeps
643 1997 766 2030 militias,
791 2005 846 2033 pro

51 2036 181 2073 ditmitate,
208 2042 276 2069 licet
302 2049 459 2071 conemur.
489 2041 629 2069 laudibus
644 2042 847 2070 atiecerimus?

46 2081 120 2111 Quam
136 2093 232 2113 vocem
247 2086 467 2121 incorpoream.
485 2085 661 2121 incorporeo
689 2089 739 2113 tuo
766 2086 845 2114 intel-

47 2123 125 2156 ἣκει]ῐὶ
138 2130 229 2158 ordini
244 2130 486 2166 respondentem.
499 2137 551 2164 per
567 2130 730 2158 materiatio
741 2133 770 2158 et
784 2139 845 2159 cor-

47 2176 117 2202 porea
128 2172 206 2202 labra
219 2174 395 2202 offeramus?
412 2173 652 2206 Quibusutemur
668 2175 762 2208 sonis,
776 2184 845 2211 quia

47 2213 375 2248 signiﬁcentineii‘abilem
391 2222 418 2246 et
429 2217 667 2253 inexplicabilem
685 2223 768 2246 tuam
784 2220 845 2253 glo-

900 1641 977 1669 tialis
990 1645 1048 1669 tute
1059 1641 1199 1669 bonitatis
1213 1643 1241 1669 et
1251 1641 1405 1677 potestatis
1415 1641 1530 1668 inﬁnita
1552 1638 1723 1672 multitudo,

900 1694 918 1714 θ.
931 1694 993 1722 qua
1007 1694 1118 1715 arcana
1132 1690 1160 1714 et
1174 1687 1276 1714 divina
1288 1689 1431 1714 emanant
1443 1685 1591 1716 ﬁdelibus,
1616 1691 1723 1720 appre-

899 1731 958 1758 hen
965 1731 990 1758 ii
1002 1734 1030 1759 et
1044 1731 1215 1767 investigari
1230 1739 1290 1759 non
1305 1734 1401 1767 potest
1415 1730 1556 1759 humanis
1575 1728 1724 1764 cogitatio-

900 1776 1000 1803 nibus.

901 1820 932 1846 ll.
948 1820 1004 1847 Sed
1018 1821 1163 1856 quoniam
1178 1820 1287 1848 alicubi
1299 1819 1371 1848 dicit
1393 1820 1528 1848 divinum
1556 1818 1722 1854 Eloquium:

902 1865 1003 1897 «Quod
1020 1865 1190 1897 didicimus,
1204 1865 1416 1902 praedicamus:
1437 1868 1465 1892 et
1489 1864 1572 1900 quod
1600 1863 1723 1897 scimus,

901 1910 1117 1937 annuntiamus
1128 1911 1138 1929 ²
1156 1918 1162 1938 :
1179 1921 1188 1934 ι
1198 1908 1724 1938 eadecausamittentesinﬁnitama-

901 1954 1002 1988 gnalia
1017 1958 1135 1981 tuorum
1152 1954 1377 1987 miraculorum,
1393 1961 1490 1990 pauca
1504 1952 1656 1989 quaedam,
1673 1959 1724 1986 ap-

900 1999 995 2034 posite
1006 2001 1034 2025 et
1048 1999 1259 2026 convenienter
1274 1998 1399 2026 collecta
1414 2006 1449 2026 ex
1465 1997 1566 2025 divini.
1598 1996 1724 2032 Spiritus

899 2043 1035 2078 eloquiis,
1047 2044 1364 2079 conamur-exprimere
1372 2048 1542 2071 nostrorum
1563 2041 1723 2068 verborum

900 2087 1060 2119 coloribus,
1077 2088 1378 2123 etgraphicenarrare
1393 2085 1645 2121 magniﬁcentiam
1662 2083 1723 2117 glo-

899 2133 951 2160 rias
967 2133 1130 2160 sanctitatis
1148 2136 1215 2166 tute,
1231 2135 1258 2159 et
1272 2132 1446 2160 terribilium
1461 2135 1580 2160 tuorum
1597 2129 1724 2158 miracu-

899 2177 996 2205 lorum
1012 2180 1144 2204 eructare
1160 2177 1335 2212 potentiam,
1351 2180 1379 2204 et
1390 2176 1528 2212 prodigia
1543 2178 1593 2203 tua
1606 2181 1722 2202 annun-

900 2223 971 2250 tiare
986 2222 1022 2249 iis
1035 2222 1086 2257 qui
1105 2221 1192 2249 hodie
1208 2221 1267 2249 tide
1283 2224 1352 2248 sunt
1376 2220 1549 2255 congregati
1567 2220 1596 2247 in
1623 2218 1724 2246 divino

47 2258 118 2287 riam?
132 2261 242 2292 Dubitat
253 2271 356 2292 revera
375 2263 517 2291 universa
545 2267 653 2291 natura
679 2264 843 2298 terrigena-
861 2274 880 2302 ο
900 2270 950 2294 tuo
967 2267 1051 2296 festo.
1070 2269 1099 2293 ut
1113 2265 1217 2293 salutis
1229 2265 1293 2300 jam
1310 2265 1495 2301 propositum
1510 2265 1722 2298 argumentum

48 2309 97 2331 mm
112 2309 134 2332 te
143 2307 260 2336 laudare
276 2308 469 2342 etcelebrare,
483 2309 716 2345 quiesprinceps
732 2309 845 2336 ordinis

48 2351 396 2382 supercurlestis.Enarrari
417 2355 498 2382 enim
526 2357 554 2383 et
578 2354 676 2382 verbis
704 2354 844 2390 explicari

49 2398 94 2419 n0n
109 2398 194 2428 potest
213 2397 298 2426 locus
327 2398 436 2425 divinae
466 2402 523 2427 tuae
556 2398 784 2434 pulchriuulinis
817 2402 846 2425 et

48 2435 197 2469 SPlenttoris.
227 2442 386 2475 Quomodo
421 2444 500 2471 enim
533 2443 678 2471 mirabilis
701 2443 778 2470 facta
802 2446 846 2471 est

49 2478 148 2510 scientia
161 2484 205 2512 Dei
225 2494 260 2514 ex
272 2485 372 2514 nobis!
389 2486 520 2518 invaluit.
532 2495 593 2516 non
611 2487 776 2524 poterimus
791 2494 847 2514 nos

76 2550 161 2582 ‘Psal.
173 2563 305 2591 cxxxvui,
323 2559 349 2591 6,
361 2558 372 2574 ²
389 2558 493 2585 lJoan.
511 2567 529 2593 ι,
553 2561 576 2586 t.

99 2639 126 2682 ln_
138 2643 230 2682 codice
250 2647 352 2673 Graeco
375 2645 426 2673 308
450 2646 531 2682 apud
557 2647 668 2675 Nanios
692 2649 846 2674 asservato

58 2678 161 2705 egunlur
179 2678 266 2710 huius
291 2683 441 2709 sermonis
467 2678 566 2710 titulus
591 2686 620 2710 et
641 2683 759 2710 initium
773 2691 778 2710 :
792 2683 844 2710 Tit.

52 2709 206 2759 ἶῖῗτξιλὲοζτρς
211 2709 268 2744 duo:
272 2720 332 2743 όνου
347 2719 392 2742 καί
405 2718 605 2753 lup-epulum;
611 2722 642 2747 τῆ
648 2729 658 2749 ς
672 2718 776 2759 Μεγάλη
782 2729 792 2748 ς
807 2717 845 2743 ἔκ-

148 2747 263 2790 θιῄςνησις
288 2747 426 2790 ϐαυμάῖῶὖ
442 2747 695 2790 ὧοὺᾞξαμμεθίσξου
711 2747 844 2790 ἆρχαῂἐ-

53 2784 84 2802 Iou
102 2784 206 2818 Μιχαὴλ.
229 2791 286 2816 inc.
302 2784 423 2824 Μὴάλαι
441 2791 469 2815 αῖ
487 2784 581 2815 rolicti.
603 2784 648 2815 Ξιαὶ
671 2784 845 2820 ποιέίλᾶίτῖῆς

899 2311 1050 2339 omnibus.
1067 2311 1117 2346 qui
1133 2310 1272 2338 ardenter
1281 2310 1319 2337 ad
1331 2309 1361 2336 id
1372 2311 1563 2340 accurrunt,o
1593 2308 1724 2336 maxime

899 2360 925 2383 et
942 2355 1089 2391 imprimis
1101 2354 1285 2382 admirabilis
1300 2353 1420 2381 Michael
1430 2354 1566 2388 princeps
1581 2353 1631 2380 Dei
1645 2352 1724 2380 mili-

899 2399 1053 2427 tia-.Hodie
1068 2399 1147 2426 enim
1164 2402 1309 2434 tanquam
1325 2398 1641 2432 magniﬁcentissimus
1659 2397 1723 2433 qui-

877 2456 879 2458 ·
899 2445 969 2472 dam
984 2444 1168 2475 convivator,
1184 2451 1335 2471 convocas
1361 2449 1417 2469 nos
1446 2449 1551 2469 omnes
1575 2440 1723 2477 spiritales

900 2489 1041 2517 convivas
1048 2489 1085 2516 ad
1093 2487 1215 2524 epulum
1222 2487 1263 2515 tui
1272 2487 1348 2519 festi,
1359 2486 1443 2523 quod
1457 2488 1595 2514 exortum
1602 2489 1646 2513 est
1660 2485 1723 2512 sole

900 2645 1041 2680 ἀσωμάτου
1061 2647 1105 2670 καὶ
1122 2643 1334 2680 μεγαλοπρεποῦς
1355 2641 1552 2680 ἀρχαγγελικῆς
1568 2651 1615 2668 σου
1630 2639 1723 2680 ἀρετῆς

899 2684 943 2707 καί
956 2673 1029 2712 ἆξιας
1042 2673 1136 2706 ἐννοιηίι
1151 2673 1195 2705 atati
1214 2673 1311 2716 ὃῶρεαί
1327 2688 1354 2705 τε
1370 2673 1414 2704 ita?
1427 2673 1547 2714 kdptrrg,
1564 2673 1724 2716 παναᾷἰὸιμε

899 2716 1011 2752 Μιχαὴλ
1022 2716 1233 2753 ἄρχιστροὶτηγε·
1245 2713 1289 2741 atat
1299 2715 1409 2741 πλατιῖα
1417 2713 1506 2753 ἰαί-τῷ
1518 2715 1571 2739 ὄντι
1587 2713 1721 2753 persaepe;-

898 2750 1104 2782 καὶήπολυέιὲῖὴς
1122 2750 1168 2781 ἑῆς
1188 2755 1382 2786 πανιυπρεποῡς
1395 2750 1473 2776 dolat:
1484 2758 1534 2786 νσου
1550 2751 1664 2786 μορφῆς,
1680 2751 1725 2775 χαί

900 2789 967 2819 ζωῆς
980 2789 995 2817 ἡ
1012 2789 1170 2817 xui-atoma;
1185 2787 1258 2814 Cod.
1270 2785 1346 2815 Nan.
1360 2793 1430 2823 pag.
1443 2785 1504 2814 521.
