1944 3084
195 151 247 182 575

813 149 1050 181 PANTALEONIS
1068 150 1211 179 DlACONl
1231 152 1281 180 (ΣΡ.

1853 149 1920 177 576

194 213 1017 251 luminosius,quodpositumestadprincipiaorbister-
1034 229 1058 256 Α
1074 213 1113 241 ad
1127 213 1185 241 hoc
1200 215 1232 241 ut
1246 214 1353 248 essent,
1371 214 1398 241 et
1412 212 1515 241 omnia
1531 212 1570 240 ad
1585 212 1748 240 essentiam
1774 211 1921 240 deduxit

195 268 247 294 res,
263 259 316 296 qui
328 261 372 287 est
385 267 404 288 a
417 259 528 288 ﬁnibus
535 267 630 296 usque
637 260 676 288 ad
684 259 768 288 ﬁnes:
776 260 805 288 in
816 267 877 296 quo
892 259 1018 287 miracu-

196 305 294 334 lorum
306 307 334 333 ct
349 304 458 333 animae
472 304 604 333 utilitatis
618 305 731 333 deliciis
739 302 772 333 se
786 305 906 341 explent
917 304 1018 332 omnia

196 349 289 377 corda
303 348 448 377 ﬁdelium.
463 349 520 377 Sed
529 357 610 378 nunc
625 358 759 386 quoque,
776 351 808 377 ut
822 357 950 385 semper,
966 348 1019 376 mi-

196 401 292 422 serere
306 395 415 422 nOstrae
430 393 616 429 humilitatis,
635 394 864 430 quiesexeelsus
881 400 1019 421 assessor

196 437 279 473 regni
291 437 443 472 caelorum,
458 441 486 466 et
501 446 621 466 exorere
641 439 729 466 nobis
747 437 956 475 splendoribus
971 436 1020 464 be—

198 481 298 518 nignas
315 484 371 510 tute
386 482 592 519 providentiae,
607 483 690 519 quia
704 482 835 517 benigno
852 484 912 510 Deo
937 489 1020 510 acce-

195 526 266 563 pisti
297 525 522 562 benignitatem,
547 526 676 562 benigne
686 526 806 555 Michael
822 527 959 563 princeps
969 525 1023 553 mi-

195 567 278 599 litiae.
294 571 348 604 Qui
362 579 394 599 es
410 571 487 599 lecta
500 573 528 599 et
551 571 713 608 luminosa,
745 571 979 607 signiﬁcansque
996 572 1024 598 et

196 614 356 651 splendida
380 615 463 644 stella
477 615 548 644 solis
563 615 737 651 gloriaeQui
747 615 1022 651 esfortissimuspu-

195 661 304 694 gnator
316 662 344 688 et
361 663 570 696 propugnator
585 669 619 689 ac
635 660 776 689 defensor
791 668 895 688 eorum
904 659 956 696 qui
969 661 1022 687 Do-

195 704 312 734 minum
325 704 462 740 diligunt.
477 705 532 738 Qui
546 705 686 742 provides
704 705 897 742 etprospicis,
911 712 1022 741 eosque

193 748 283 777 ﬁrmo
296 751 347 778 tuo
361 750 526 786 patrocinio
548 750 677 786 adjuvas
690 752 718 778 et
741 749 888 781 defendis,
914 749 966 785 qui
995 751 1022 776 te

195 793 347 828 invocant,
361 796 390 822 et
404 802 516 829 magno
540 794 689 822 desiderio
704 794 742 822 ad
750 797 776 822 te
784 794 965 822 acceduntin
981 793 1022 821 di-

193 837 297 866 vinam
309 840 392 866 tuam
407 838 503 867 aedem
523 841 552 866 et
574 839 705 867 maxime
731 838 948 866 venerandam.
979 839 1020 865 Tu

193 881 330 911 illumina
344 885 462 910 nostros
484 883 679 918 intelligentes
691 883 789 911 cordis
800 883 915 916 oculos,
931 885 963 910 ut
977 882 1019 910 in-
1036 901 1055 927 Β

196 925 376 961 telligamus,
390 929 549 964 menteque
563 928 828 963 apprehendamus
844 930 872 955 et
887 927 1020 955 enuntie—

195 978 275 1004 mus,
285 970 388 1006 quoad
401 971 466 1006 ejus
478 971 541 999 ﬁeri
554 974 672 1008 poterit,
689 971 835 1000 miracula
851 974 908 999 tum
925 971 1018 1006 maje-

195 1014 290 1043 statis.
303 1016 377 1043 Nam
393 1023 445 1051 per
455 1017 482 1044 te
493 1016 633 1044 universa
646 1016 769 1052 copiosa
777 1016 913 1043 omnium
924 1015 1018 1042 bono-

194 1066 262 1087 rum
278 1059 480 1095 snppeditatio
491 1059 580 1089 datur
591 1061 630 1088 ab
641 1060 837 1096 omnipotenti
854 1059 903 1087 Dei
919 1059 1019 1095 provi-

195 1102 308 1137 dentia,
323 1103 358 1130 iis
371 1104 423 1139 qui
435 1104 465 1131 in
479 1107 507 1132 te
523 1107 644 1141 sperant
656 1105 730 1133 citra
750 1104 843 1132 ullam
858 1103 1019 1132 dubitatio-

196 1154 276 1182 nem,
293 1149 322 1176 et
334 1155 364 1175 se
375 1148 532 1177 conferunt
544 1149 583 1177 ad
595 1157 717 1177 omnem
730 1149 772 1177 tui
786 1148 1001 1177 laudationem.

232 1191 276 1219 llI.
306 1192 382 1225 Quid
408 1195 508 1221 autem
532 1194 706 1228 cogitantes,
722 1196 773 1222 aut
788 1193 897 1230 quibus
922 1193 1020 1221 verbis

197 1237 313 1264 utentes
322 1236 481 1273 imprimis,
493 1239 657 1274 poterimus
669 1238 850 1266 sufﬁcienter
865 1237 1021 1265 ostendere

197 1280 306 1308 divinae
321 1282 516 1317 providentiae
530 1285 558 1311 et
569 1283 762 1318 benignitatis
777 1283 926 1311 inﬁnitum
943 1281 1022 1318 pela-

196 1327 268 1360 gus?
281 1326 326 1353 Ad
341 1326 473 1362 primum
489 1328 568 1355 enim
583 1327 697 1356 bonum
715 1330 742 1355 et
761 1327 843 1364 quod
873 1327 1021 1363 praecipue

195 1368 296 1405 primo
311 1373 462 1406 operatur,
480 1372 582 1407 quoad
597 1372 661 1405 ejus
677 1371 741 1399 ﬁeri
770 1373 876 1407 potest,
905 1373 1022 1407 oportet

196 1415 297 1449 aperte
308 1422 415 1443 omnes
428 1416 535 1447 extolli.
551 1416 753 1452 Principaliter
767 1423 838 1451 ergo
863 1418 891 1444 et
919 1418 1021 1452 aperte

196 1459 225 1486 et
237 1465 273 1486 ex
285 1459 387 1488 debito
403 1460 548 1489 debemus
562 1463 660 1489 mente
671 1461 812 1496 cogitare,
824 1461 876 1497 qui
890 1460 1019 1495 ﬁguram

196 1502 321 1531 ferimus
343 1507 370 1532 et
384 1505 545 1540 imaginem
565 1506 639 1542 ejus,
657 1514 707 1542 qni
725 1514 760 1533 ex
781 1514 812 1533 se
836 1505 926 1533 habet
937 1509 1019 1541 pote-

196 1549 303 1575 atatem
318 1550 346 1577 et
362 1548 530 1578 dominium
547 1550 656 1578 divinae
673 1550 819 1583 essentne,
834 1550 916 1586 quod
944 1558 1020 1577 unus

196 1593 239 1619 est
254 1591 336 1620 solus
348 1594 434 1629 Deus,
443 1595 495 1630 qui
509 1595 785 1631 propterintinitam
795 1594 959 1622 bonitatem
976 1597 1020 1622 est

195 1636 298 1664 omnia
310 1637 485 1672 fabricatus,
502 1647 570 1675 quae
586 1639 696 1667 suntin
707 1639 788 1666 cmlis
801 1641 829 1667 et
843 1639 873 1666 in
885 1641 972 1672 terra,
990 1641 1021 1666 ut

195 1679 266 1708 dicit
280 1681 399 1710 divinus
415 1683 605 1718 Apostolusm
635 1684 696 1711 sive
724 1683 862 1715 visibilia,
891 1683 951 1711 sive
979 1683 1022 1710 in-

196 1724 336 1760 visibilia,
367 1727 427 1755 sive
453 1728 570 1763 Throui,
610 1727 842 1760 Dominationes,
880 1727 942 1755 sive
970 1727 1023 1754 Po-

197 1771 327 1803 testates,
339 1771 401 1800 sive
414 1772 550 1807 Virtutes,
563 1773 624 1800 sive
635 1772 831 1808 Principatus,
847 1772 908 1800 sive
931 1772 1024 1801 Arch-

196 1815 305 1851 angeli,
318 1816 379 1844 sive
390 1818 503 1851 Angeli,
520 1818 581 1845 sive
593 1817 758 1853 Seraphim,
773 1817 834 1844 sive
848 1816 1022 1846 Cherubim:

197 1862 224 1887 et
238 1860 302 1896 ipse
313 1863 357 1889 est
367 1863 435 1890 ante
447 1862 583 1890 omniaet
598 1862 702 1889 omnia
711 1862 742 1889 in
756 1861 822 1897 ipso
837 1864 975 1890 constant
984 1862 1024 1888 ³.»

197 1905 337 1937 Quihanc
350 1906 441 1934 etiam
451 1906 567 1934 variam
579 1905 714 1934 condidit
727 1908 859 1934 creatam
883 1908 1024 1934 naturam

195 1949 226 1977 in
239 1957 330 1978 unam
345 1950 435 1978 unius
450 1951 556 1978 mundi
569 1951 759 1978 harmoniam
777 1953 805 1978 et
823 1950 1024 1987 complemen-

197 1995 271 2021 tum.
287 1994 341 2027 Qui
355 1994 438 2022 solus
451 1997 495 2022 est
507 1994 657 2029 ingenitus
667 1997 696 2023 et
711 1997 850 2024 aeternus.
869 1995 923 2028 Qui
944 1995 1023 2023 solus

197 2040 240 2066 est
252 2046 358 2074 expers
370 2038 518 2075 principii,
535 2041 562 2066 et
575 2039 603 2066 in
620 2047 711 2076 quem
723 2047 783 2067 non
798 2039 876 2067 cadit
888 2040 1023 2068 interitus

197 2084 225 2110 et
236 2083 315 2110 ﬁnis.
333 2082 386 2115 Qui
401 2083 482 2111 solus
498 2085 542 2111 est
554 2083 712 2119 ejusmodi,
722 2087 752 2112 ut
766 2084 983 2120 comprehendi
996 2086 1024 2112 et

197 2127 368 2161 investigari
383 2130 412 2154 et
425 2127 516 2155 videri
538 2131 677 2165 nequeat.
708 2129 762 2161 Qui
791 2129 874 2156 omni
897 2130 1023 2156 circum-

197 2171 355 2206 scriptione
366 2174 393 2199 et
405 2173 671 2208 comprehensione
689 2173 849 2201 essentiam
867 2173 959 2201 habet
975 2182 1022 2201 su-

196 2215 353 2250 periorem.
367 2216 541 2248 Quinullam
553 2220 651 2253 potest
660 2218 810 2254 suscipere
826 2218 1022 2247 mutationem

197 2261 225 2286 et
237 2259 450 2289 alterationem:
466 2264 571 2298 estque
584 2263 786 2298 omnipotens,
804 2265 832 2290 et
846 2262 980 2290 abexitio
994 2265 1022 2291 et

196 2304 315 2332 interitu
330 2305 427 2334 aliena
441 2309 556 2339 natura,
574 2307 641 2334 fons
658 2308 808 2343 perennis,
825 2310 853 2335 et
867 2307 919 2343 qui
943 2315 1020 2335 nun-

197 2356 288 2385 quam
304 2350 481 2386 exinanitnr,
496 2352 725 2380 miseratiouum
740 2355 767 2380 et
784 2352 936 2380 bonitatis:-
959 2360 1021 2380 om-

196 2393 281 2422 nium
289 2394 458 2424 divinorum
468 2395 619 2424 donorum
627 2399 653 2424 et
663 2397 837 2431 gratiarum,
846 2397 899 2433 qui
907 2397 1020 2425 exhau-

195 2439 246 2467 riri
261 2439 383 2468 minime
399 2443 503 2476 potest,
521 2441 649 2476 abyssus
667 2452 673 2469 :
689 2441 910 2474 misericordiae,
938 2441 1021 2477 quod
1044 2454 1047 2456 -

195 2491 255 2511 non
271 2486 368 2520 potest
378 2485 514 2521 exprimi,
526 2486 660 2521 pelagus:
671 2486 845 2514 beatissima
861 2488 889 2514 et
901 2494 1021 2514 summa

195 2529 396 2565 pulchritudo,
413 2531 442 2557 et
457 2529 519 2557 sola
534 2538 639 2558 revera
664 2530 766 2565 digna,
795 2539 862 2566 quae
893 2533 1019 2558 ametur.

198 2574 341 2607 liniversi,
357 2574 438 2610 quod
454 2574 597 2603 dicituret
607 2575 787 2610 intelligitur,
803 2575 875 2603 boni
890 2575 1022 2603 efficiens

196 2621 223 2646 ct
238 2619 411 2655 impertiens
425 2622 452 2647 et
467 2619 597 2654 largiens
612 2628 714 2652 causa,
743 2622 771 2648 et
796 2620 894 2656 prima
917 2628 1019 2648 causa.

197 2663 247 2692 llic
262 2666 318 2698 est,
332 2664 384 2700 qui
395 2667 515 2701 propter
531 2664 628 2693 solam
641 2664 805 2692 bonitatem
833 2664 1022 2693 cssentialem

197 2710 224 2736 et
239 2708 416 2743 naturalem,
430 2717 464 2738 ea
474 2717 542 2746 quae
551 2717 613 2739 non
625 2711 709 2738 erant
720 2709 894 2746 aliquando,
902 2710 1021 2738 vocavit

1037 1577 1057 1605 Ο

1074 260 1101 286 et
1116 257 1279 290 constituit,
1296 265 1394 294 eaque
1410 256 1640 294 comprehendit
1655 259 1682 285 et
1697 256 1846 290 continet,
1865 255 1921 283 di-

1073 302 1142 338 rigit
1156 305 1184 330 et
1195 302 1287 337 ducit,
1301 302 1398 330 ferens
1413 302 1476 330 solo
1491 304 1567 330 nutu
1594 309 1655 329 suae
1679 301 1857 338 majestatis
1887 303 1920 328 et

1073 348 1221 384 potentiae.

1110 393 1154 420 ιν.
1174 393 1269 428 Atque
1278 392 1409 429 primum
1415 391 1549 428 quidem,
1559 391 1769 419 convenienter
1780 393 1811 419 et
1818 399 1840 427 q
1848 390 1922 418 uod

1075 436 1146 465 dicit
1155 436 1325 471 Theologus
1337 437 1506 472 Gregorius,
1514 438 1612 464 mente
1619 435 1740 470 agitavit
1747 435 1922 471 angelicas

1076 483 1105 509 et
1116 480 1248 509 caelestes
1260 483 1422 518 potestates
1434 490 1440 508 :
1455 483 1484 510 et
1495 481 1578 517 quod
1589 483 1688 508 mente
1698 480 1836 515 agitavit,
1856 479 1920 507 fuit

1076 533 1154 562 opus
1168 526 1260 554 verbo
1277 525 1470 561 completum,
1487 528 1514 553 et
1529 525 1633 562 spiritu
1648 525 1830 561 perfectum.
1853 524 1921 552 Sic-

1076 579 1135 608 que
1143 571 1338 599 constiterunt
1348 571 1470 599 secundi
1479 570 1664 606 splendores,
1675 569 1802 598 ministri
1814 569 1920 606 primi

1078 615 1255 653 splendoris,
1272 615 1333 643 sive
1348 615 1544 651 intelligentes
1560 615 1758 651 spiritus,sive
1787 615 1919 648 ignem,

1077 662 1178 697 utpote
1193 655 1325 688 materias
1341 662 1492 696 expertem
1507 661 1535 688 et
1549 658 1843 696 incorporeum,sive
1864 658 1921 686 ali-

1076 713 1169 741 quam
1186 704 1274 732 aliam
1290 707 1440 737 naturam,
1457 704 1539 741 quod
1554 712 1649 740 quam
1662 703 1799 740 proxime
1815 703 1862 731 ad
1881 710 1921 730 ea

1076 756 1142 786 quae
1155 748 1236 777 dicta
1250 751 1328 783 sunt,
1345 748 1478 780 accedat,
1494 756 1545 776 eos
1559 748 1730 776 existimare
1754 750 1918 784 oporteat.

1075 793 1146 821 Volo
1157 793 1289 830 quidem,
1306 793 1412 829 inquit,
1426 793 1520 820 dicere
1534 793 1722 829 eosprimum
1733 792 1772 820 ad
1786 792 1918 820 malum

1074 837 1254 870 immobiles,
1271 841 1299 866 et
1312 839 1363 874 qui
1380 838 1479 865 solum
1494 837 1608 865 habent
1621 837 1693 865 boni
1718 839 1852 871 motum,
1882 841 1918 864 ut

1074 883 1126 919 qui
1142 883 1201 910 sint
1216 883 1294 910 circa
1311 884 1414 918 Deum,
1432 885 1459 910 et
1474 882 1571 918 primo
1586 890 1604 910 a
1620 883 1679 910 Deo
1694 881 1916 914 iluminantur,

1074 935 1146 956 nam
1162 935 1228 964 quae
1244 927 1291 955 hic
1305 930 1382 962 sunt,
1401 930 1469 955 sunt
1493 927 1632 954 secundm
1661 926 1914 959 illuminationis,

1076 972 1143 1000 Mihi
1158 974 1258 1000 autem
1274 972 1444 1008 persuadet,
1461 974 1493 999 ut
1508 979 1569 999 non
1584 971 1767 1005 immobiles,
1783 971 1842 999 sed
1872 970 1915 998 ad

1073 1016 1259 1044 movendum
1274 1016 1410 1044 difficiles
1425 1024 1477 1044 eos
1498 1016 1675 1047 existimem,
1702 1015 1756 1052 qui
1780 1018 1917 1051 propter

1074 1061 1263 1097 splendorem
1279 1060 1403 1093 Lucifer,
1417 1061 1545 1088 etfactus
1555 1060 1755 1088 estetdicetur
1771 1059 1914 1087 tenebrae

1074 1107 1194 1141 propter
1206 1105 1375 1140 elationem,
1392 1109 1419 1133 et
1434 1113 1503 1142 qua:
1519 1105 1574 1132 sub
1588 1112 1623 1132 eo
1648 1105 1820 1132 consistunt
1851 1112 1912 1140 po—

1075 1152 1204 1182 testates,
1220 1150 1470 1178 architectatrices
1486 1150 1557 1182 vitii,
1574 1149 1645 1177 boni
1661 1149 1743 1184 fuga,
1761 1151 1791 1176 et
1816 1149 1914 1176 nobis

1074 1194 1299 1223 conciliatrices.
1317 1197 1411 1230 Atque
1427 1194 1653 1231 sicquidemqui
1666 1193 1916 1230 apprehenditur

1074 1239 1277 1275 intelligentia,
1295 1241 1323 1267 et
1336 1241 1456 1275 propter
1471 1239 1535 1266 haec
1548 1238 1680 1266 mundus
1706 1238 1762 1266 fuit
1791 1238 1914 1266 consti—

1075 1286 1166 1312 tutus.

1111 1330 1140 1357 V.
1164 1331 1237 1357 Cum
1254 1331 1354 1357 autem
1371 1328 1469 1365 prima
1483 1329 1510 1357 ei
1524 1329 1602 1356 recte
1619 1336 1650 1356 se
1675 1328 1836 1358 haberent,
1867 1336 1914 1355 se-

1074 1373 1208 1401 cundum
1225 1378 1324 1401 mente
1336 1374 1429 1409 agitat
1444 1373 1592 1401 mundum
1602 1372 1913 1408 materiaprzeditum,

1073 1421 1102 1446 et
1116 1418 1168 1454 qui
1182 1419 1320 1446 cernitur.
1336 1419 1368 1445 Et
1381 1418 1406 1445 is
1420 1417 1543 1454 quidem
1559 1419 1604 1446 est
1615 1417 1654 1452 id,
1672 1417 1755 1453 quod
1771 1425 1810 1444 ex
1831 1416 1913 1444 ccrlo

1073 1464 1102 1490 et
1118 1464 1206 1495 terra,
1221 1465 1248 1489 et
1261 1462 1296 1490 iis
1311 1470 1379 1498 quae
1395 1462 1643 1494 intercedunt,est
1661 1461 1865 1489 constitutum
1884 1463 1912 1488 et

1074 1508 1328 1542 coagmentatum.
1347 1506 1512 1534 Luciferum
1527 1509 1637 1539 autem,
1653 1514 1721 1533 eum
1737 1505 1790 1542 qui
1812 1513 1831 1533 δ
1850 1507 1912 1532 Deo

1074 1551 1180 1579 defecit
1193 1554 1220 1579 et
1233 1559 1300 1579 cum
1320 1559 1355 1579 eo
1371 1551 1516 1587 pugnavit
1531 1553 1558 1579 et
1574 1549 1756 1578 estinsolens
1771 1552 1800 1577 et
1813 1550 1913 1585 jacta-

1075 1595 1206 1630 bundus,
1222 1595 1378 1624 diabolum
1392 1598 1480 1624 vocat
1494 1595 1670 1630 Theologus,
1687 1603 1723 1623 ex
1737 1602 1810 1622 voce
1823 1594 1910 1623 [snite

1074 1640 1238 1677 prophetae,
1255 1641 1307 1676 qui
1320 1641 1385 1676 ejus
1400 1648 1505 1669 casum
1515 1640 1789 1676 deplorat,etdicit:
1800 1649 1815 1666 ‹
1828 1640 1910 1672 Quo-

1077 1685 1167 1713 modo
1183 1685 1288 1713 cecidit
1303 1693 1318 1713 e
1333 1685 1407 1713 ccelo
1423 1685 1535 1713 Lucifer
1548 1686 1599 1721 qui
1626 1693 1716 1712 mane
1739 1684 1909 1715 oriebatur,

1077 1731 1105 1757 et
1119 1729 1262 1757 contritus
1274 1732 1317 1757 est
1329 1737 1417 1766 super
1429 1732 1538 1757 terram
1551 1730 1560 1746 t
1576 1730 1589 1757 ‘?
1603 1730 1643 1757 De
1650 1737 1684 1757 eo
1696 1729 1777 1756 enim
1784 1728 1910 1756 divinus

1077 1782 1199 1810 quoque
1214 1774 1316 1809 David,
1331 1774 1371 1802 ad
1383 1782 1434 1802 eos
1447 1774 1499 1810 qui
1514 1773 1648 1802 similiter
1662 1773 1795 1801 adivina
1810 1773 1908 1800 chari-

1078 1821 1138 1846 tate
1149 1818 1345 1852 deﬂuxerant,
1359 1822 1449 1855 atque
1472 1818 1632 1846 sceleratus
1660 1818 1707 1846 ille
1735 1820 1764 1845 et
1779 1818 1911 1845 malitio-

1079 1871 1139 1896 sus,
1169 1863 1220 1898 qui
1234 1863 1392 1897 defecerat,
1419 1863 1489 1890 dicit
1505 1872 1511 1890 2
1530 1874 1543 1888 «
1561 1865 1593 1890 Et
1606 1865 1753 1898 tanquam
1770 1869 1855 1889 unus
1870 1870 1907 1889 ex

1079 1906 1264 1943 principibus
1280 1907 1391 1935 cadetis
1407 1908 1428 1933 ⁵.
1449 1919 1457 1931 ι
1476 1907 1614 1943 Princeps
1630 1907 1710 1934 enim
1723 1908 1787 1934 erat
1817 1906 1910 1933 unius

1080 1951 1205 1985 angelici
1218 1951 1331 1979 ordinis
1346 1951 1377 1978 in
1391 1951 1474 1979 ecelis
1490 1951 1640 1986 diabolus,
1676 1958 1736 1978 non
1762 1950 1910 1978 diabolus

1080 1995 1118 2023 ab
1133 1995 1215 2023 initio
1228 1996 1394 2032 productus
1410 1998 1438 2023 et
1453 1995 1560 2029 factus,
1574 1995 1628 2023 sed
1642 1995 1740 2023 bonus
1755 2003 1793 2022 ex
1807 1995 1905 2029 bono,

1078 2043 1106 2068 et
1118 2040 1240 2076 pulcher
1255 2049 1290 2068 ex
1303 2040 1428 2076 pulchro
1444 2043 1472 2068 et
1484 2040 1536 2076 qui
1552 2040 1632 2068 solus
1645 2040 1726 2068 bona
1741 2039 1826 2072 facit,
1841 2040 1908 2075 opi—

1076 2084 1132 2112 ﬁce
1146 2085 1363 2112 universorum.
1380 2086 1533 2112 Postremo
1550 2087 1650 2112 autem
1671 2086 1780 2120 praeter
1807 2083 1908 2118 legem

1077 2130 1202 2162 naturae,
1219 2128 1431 2164 decretumque
1447 2131 1475 2156 et
1490 2128 1637 2156 rationem
1650 2127 1758 2156 divinae
1771 2127 1907 2162 justitire,

1076 2173 1193 2208 imperii
1208 2173 1377 2209 cupiditatis
1396 2175 1486 2200 (nstro
1513 2173 1651 2209 percitus,
1678 2171 1838 2200 rebellavit.
1855 2172 1908 2200 ad-

1077 2226 1182 2245 versus
1199 2219 1379 2251 Creatorem,
1393 2225 1520 2251 regnum
1537 2220 1564 2244 et
1577 2217 1703 2252 gloriam
1718 2216 1777 2244 sibi
1789 2224 1907 2244 conans

1077 2270 1233 2298 usurpare.
1250 2262 1356 2289 Secum
1373 2264 1473 2290 autem
1494 2262 1612 2290 attraxit
1635 2261 1724 2289 etiam
1752 2260 1906 2288 infinitam

1074 2307 1229 2334 rebellium
1241 2307 1473 2341 multitudinem,
1490 2314 1559 2343 quae
1575 2315 1637 2334 sum
1653 2305 1782 2334 stultitiae
1796 2308 1824 2333 et
1838 2314 1903 2333 ma—

1074 2351 1142 2380 litiae
1158 2359 1227 2379 eum
1243 2352 1356 2388 accepit
1369 2351 1548 2387 adjutorem.
1571 2353 1645 2379 Nam
1671 2353 1794 2387 propter
1823 2350 1903 2378 hanc

1075 2404 1199 2424 causam
1215 2395 1315 2431 impia:
1328 2395 1529 2430 cogitationis,
1546 2404 1581 2423 ex
1607 2395 1674 2423 coeli
1699 2395 1842 2422 convexis
1859 2403 1903 2422 ve-

1074 2441 1206 2469 hementi
1221 2442 1336 2476 impetu
1355 2441 1462 2468 cecidit
1479 2440 1690 2468 exsecrandus.
1721 2441 1796 2467 Nam
1813 2440 1903 2467 simul

1075 2485 1206 2521 atquelei
1220 2486 1300 2513 venit
1309 2485 1338 2513 in
1347 2487 1478 2513 mentem
1489 2485 1717 2513 sceleratissime
1727 2486 1756 2512 et
1769 2484 1902 2512 maxime

1075 2529 1169 2566 impia
1183 2530 1332 2565 cogitatio,
1348 2530 1402 2558 fuit
1416 2530 1575 2558 confestim
1587 2529 1732 2558 contritus
1753 2528 1793 2557 ab
1808 2529 1905 2557 omni-

1076 2574 1188 2610 potenti
1204 2575 1340 2610 Domino,
1357 2575 1409 2610 qui
1442 2574 1533 2602 dixit:
1554 2586 1563 2599 ι
1591 2574 1738 2602 Videbam
1760 2575 1902 2602 Satanam

1076 2623 1221 2656 tanquam
1235 2619 1334 2655 fulgur
1349 2627 1364 2647 e
1375 2620 1450 2648 caelo
1461 2619 1619 2647 cadentem
1631 2620 1651 2646 θ.
1665 2629 1679 2644 »
1694 2619 1835 2646 Similiter
1854 2627 1902 2647 au-

1076 2667 1136 2693 tem
1151 2664 1188 2692 de
1196 2672 1230 2692 eo
1237 2672 1358 2701 quoque
1370 2663 1691 2700 dixitperEzechieiem
1702 2664 1881 2700 prophetam
1894 2671 1899 2690 :

1076 2720 1091 2734 «
1108 2709 1201 2739 Simul
1216 2711 1306 2746 atque
1318 2709 1430 2739 elatum
1441 2709 1496 2738 fuit
1517 2717 1568 2738 eor
1596 2711 1680 2738 tuum
1701 2710 1827 2745 propter
1842 2708 1900 2745 pul-

231 2818 242 2837 ε
257 2819 370 2850 Coloss.
383 2827 402 2854 1,
420 2821 464 2849 t6.
501 2820 512 2839 ‘
527 2820 574 2850 Isa.
587 2828 647 2857 xtv,
663 2822 703 2849 t2.
742 2821 753 2839 ⁵
766 2820 843 2850 Psal.
859 2829 957 2857 vaxl,
972 2823 999 2850 7.
1038 2822 1049 2840 θ
1063 2822 1133 2851 Luc.
1147 2828 1178 2857 x,
1195 2822 1238 2849 18.
