1944 3084
28 91 68 120 577

604 86 648 121 DE
666 93 695 122 S.
715 92 888 122 MlCHAELE
905 88 1149 121 ARCHANGELO.

1674 87 1727 123 5’78

28 154 222 183 chritudinem
244 156 337 189 tuam,
371 157 400 184 et
418 155 519 183 dixisti
538 155 568 183 in
586 155 765 190 cogitatione
785 157 847 191 tua,
863 156 886 181 Α
902 154 973 183 dam
987 163 1056 191 quae
1071 163 1123 183 eos
1136 154 1300 183 contineret
1318 153 1530 190 hymnodiam,
1555 158 1587 183 ut
1613 155 1666 192 qui
1693 156 1724 185 in

29 202 95 227 Deus
111 207 169 234 ego
185 207 273 227 sum:
289 199 389 228 statim
405 208 423 228 a
433 202 538 228 sancto
549 203 650 228 monte
660 208 729 229 meo
739 200 769 228 in
795 203 849 228 ter-

28 252 83 272 ram
103 246 129 271 te
148 243 251 278 dejeci
269 252 323 280 per
354 244 524 278 Cherubim,
552 247 580 273 et
599 245 707 273 interiit
726 244 849 273 scientia

29 292 71 316 tua
85 297 150 316 cum
163 288 389 324 pulchritudine
405 292 472 318 tua:
487 292 515 318 ct
530 289 611 318 dabo
627 292 654 318 te
667 290 697 317 in
718 290 847 317 cinerem

30 341 108 368 super
116 336 229 361 terram
240 341 342 362 coram
351 334 493 362 omnibus
505 336 531 362 te
541 334 712 362 videntibus
721 335 742 367 ⁷,
758 346 770 359 η
780 334 848 362 ﬁde-

29 378 96 406 libus
116 378 241 406 scilicet.
259 379 418 411 Quomodo
434 379 522 407 etiam
551 379 625 407 dixit
652 379 795 407 Dominus
818 379 847 406 in

30 422 125 450 divinis
147 423 339 458 Evangeliis:
356 435 367 448 ι
391 425 464 451 Ecce
493 423 533 451 do
561 423 647 451 vobis
672 425 848 459 potestatem

30 467 257 503 calcandisuper
268 470 422 504 serpentes
439 470 466 496 et
491 468 639 505 scorpios,
667 475 758 504 super
785 475 847 495 om-

30 520 86 540 nem
97 514 262 548 potstatem
276 513 389 541 inimici
408 514 430 542 ⁸.
445 524 458 538 n

59 557 94 584 Vl.
108 557 252 585 Nonnulli
278 560 379 586 autem
394 558 528 586 discendi
556 557 658 594 cupidi
681 557 845 594 inquirunt,

32 609 91 629 num
110 604 274 638 propterea
289 602 459 638 sitejectus,
479 603 562 638 quod
581 602 677 630 Adam
697 610 764 630 cum
786 609 847 630 non

30 647 191 675 adoraverit.
202 649 366 676 Estautem
376 648 534 676 stultorum
544 648 604 681 etin
610 647 781 684 sipientium
789 647 847 675 hoc

31 691 121 720 dicere.
144 692 414 721 Ceciditdiabolus
443 692 624 729 priusquam
652 692 747 720 factus
770 693 848 720 esset

29 736 120 769 Adam,
131 737 295 773 quomodo
307 738 404 765 Patres
418 739 521 773 aperte
532 737 729 773 pronuntiant
741 743 847 764 omnes

31 781 137 816 angelos
150 781 248 810 fuisse
262 781 355 810 factos
365 784 432 810 ante
444 781 553 810 cretum
562 784 590 810 et
602 784 723 809 terram.
740 781 847 809 Diabo-

30 826 80 854 lum
102 834 171 854 vero
199 829 248 854 est
278 827 436 863 probabile
464 829 572 863 quarto
605 826 652 855 die
692 826 845 862 cecidisse,

30 871 137 907 quando
154 873 232 900 Deus
250 872 322 900 facit
332 872 502 904 luminaria,
515 872 592 900 sicut
606 872 749 908 scriptum
762 872 846 900 estin

30 917 87 944 tot):
100 928 111 939 ‹‹
124 916 258 949 Quando
269 916 349 944 facta
360 919 428 945 sunt
439 919 530 951 astra,
543 916 707 946 laudarunt
717 924 764 945 me
782 924 845 945 ma-

31 969 78 995 gna
87 969 157 988 voce
167 969 280 989 omnes
289 961 386 996 angeli
393 961 463 995 mei,
473 961 626 997 cthymnis
633 961 846 989 celebrarunt“.

34 1005 141 1041 Semper
155 1005 239 1033 enim
254 1006 347 1034 etiam
370 1014 431 1034 non
446 1006 534 1034 tacite
556 1006 668 1041 angelis
685 1006 846 1034 Dominum

32 1050 264 1084 glorificantibus,
280 1053 352 1079 tunc
375 1050 484 1086 majori
507 1058 580 1079 voce
607 1059 677 1078 eum
704 1050 846 1079 laudibus

33 1094 213 1129 celebrarunt,
231 1098 266 1123 ut
283 1095 463 1130 signiﬁcavit
476 1096 638 1132 Scriptura,
664 1098 786 1131 propter
799 1096 846 1131 ju-

33 1142 96 1167 stum
107 1139 219 1168 scilicet
236 1148 344 1168 casum
364 1140 489 1175 maligni
505 1140 592 1173 illius,
607 1139 659 1177 qui
686 1140 845 1168 defecerat.

34 1184 135 1213 Oportet
161 1187 266 1213 autem
286 1185 360 1213 scire
376 1193 413 1213 ex
429 1185 538 1214 nostris
561 1185 688 1221 scriptis,
704 1192 722 1212 ο
736 1184 847 1219 dilecti,

33 1228 100 1263 quod
113 1229 211 1257 omnis
228 1229 342 1257 chorea
356 1231 385 1257 et
399 1229 473 1257 ordo
496 1229 588 1257 habet
598 1229 707 1257 ducem
722 1229 846 1264 ordinis,

34 1274 73 1308 qui
83 1268 180 1310 incipit
194 1273 372 1301 melodiam.
386 1274 432 1302 Sic
443 1273 530 1301 etiam
547 1274 585 1301 de
600 1274 710 1301 sanctis
734 1273 848 1308 angelis

34 1318 267 1354 dicitDionysius.
280 1318 482 1354 angelicorum
492 1318 632 1346 ordinum
644 1318 847 1346 divinissimus

35 1362 158 1399 interpres
169 1372 176 1391 ε
186 1365 253 1392 Νοη
262 1363 395 1391 absurde
403 1363 540 1391 divinaet
549 1363 691 1398 cmlestia,
702 1363 847 1391 materiali

35 1410 123 1435 nostrae
131 1408 312 1442 hierarchm,
321 1415 375 1444 pro
384 1407 496 1436 viribus
506 1408 661 1439 sensiliter,
671 1408 772 1444 quoad
782 1408 846 1443 ejus

36 1452 84 1479 fieri
93 1454 196 1488 potest,
208 1452 465 1480 suntassimilata.
476 1453 586 1480 Ducem
596 1460 667 1480 vero
676 1452 788 1480 ordinis
797 1460 848 1480 an-

36 1495 120 1529 gelice:
135 1497 255 1524 choreae
273 1496 491 1524 lucidissimum
508 1499 536 1525 et
550 1497 718 1524 maximum
734 1497 847 1525 militiae
863 1508 882 1536 ο

37 1540 182 1577 principem
195 1541 371 1570 Michaelem
385 1541 559 1577 intelligere,
576 1551 592 1570 a
608 1542 723 1579 superis
747 1542 847 1579 accepi

37 1591 99 1612 mus.
212 1588 213 1591 ‘

37 1628 198 1658 Jliraculum
202 1631 339 1666 primum
350 1631 385 1658 de
392 1631 499 1660 rebelli
505 1635 530 1659 et
541 1631 667 1666 superbo
677 1631 804 1665 Salano,
819 1634 846 1660 et

213 1676 379 1704 immundis
393 1678 456 1711 ejus
469 1676 634 1711 spiritibus.

64 1718 113 1747 νη.
130 1719 182 1748 Hic
196 1728 272 1755 ergo
293 1720 485 1748 fidelissimus
497 1723 525 1748 et
547 1721 764 1754 sanctissimus,
781 1730 846 1750 ma-

40 1769 102 1795 gnus
114 1765 262 1792 exercitus
278 1764 340 1792 dux
361 1765 492 1799 Michael,
523 1765 615 1793 divini
641 1765 756 1793 consilii
780 1766 847 1802 pius

39 1807 165 1841 minister,
181 1809 233 1845 qui
251 1812 374 1845 propter
400 1810 588 1838 Dominicum
604 1813 632 1838 et
658 1810 846 1846 omnipoten-

38 1852 86 1878 tem
97 1852 229 1881 divinum
238 1854 373 1889 jussum,
385 1854 415 1881 in
426 1857 534 1882 terram
544 1854 612 1889 iecit
626 1863 661 1882 cx
677 1854 847 1882 coelestibus

38 1894 175 1925 obsidibus
186 1897 330 1926 rebellem
338 1900 365 1926 et
376 1898 541 1934 superbum
553 1899 697 1927 Satanam
704 1907 772 1927 cum
782 1899 846 1934 ejus

38 1937 192 1974 immundis,
209 1944 238 1970 et
252 1942 393 1977 malignis
407 1943 559 1979 spiritibus
574 1952 579 1971 :
595 1946 664 1971 tunc
679 1944 709 1971 in
730 1951 781 1971 eos
800 1943 845 1971 in-

38 1985 133 2018 vectus,
148 1988 175 2013 et
197 1987 386 2022 triumphum
409 1995 503 2022 agens
526 1987 563 2015 de
590 1996 694 2015 eorum
720 1987 844 2022 malitia,

38 2031 206 2064 congregatis
213 2032 510 2066 cunctisangelorum
518 2032 646 2068 populis,
655 2040 846 2067 magnaroce

38 2070 151 2102 laudavit
174 2075 270 2103 Deum
300 2076 507 2104 universorum
546 2079 573 2104 et
609 2077 845 2112 omnipotentem

39 2115 188 2153 Dominum,
205 2119 358 2154 angelicos
374 2128 480 2155 greges
494 2129 529 2149 eo
555 2121 644 2148 veluti
673 2121 785 2149 ducens
815 2124 846 2149 ut

39 2162 115 2189 status
126 2164 334 2192 meminissent
347 2165 522 2200 immobilis,
537 2168 565 2194 et
579 2174 646 2202 quae
671 2165 752 2194 bona
776 2166 846 2195 facit

39 2205 195 2240 stabilitatis.
212 2211 240 2236 et
255 2209 344 2238 dicit:
358 2210 565 2243 Attendamus,
577 2210 700 2247 perinde
716 2219 751 2238 ac
762 2211 784 2238 si
800 2211 844 2238 di-

39 2254 114 2278 ceret:
130 2252 182 2284 Qui
196 2254 287 2282 creati
301 2254 426 2288 fuerant,
443 2257 471 2283 et
489 2255 600 2291 quibus
630 2255 785 2291 obtigerat,
813 2257 846 2284 ut

40 2292 102 2322 Deus
111 2296 256 2325 inci-catus
267 2301 294 2326 et
304 2299 527 2335 inaspectabilis
534 2308 585 2327 eos
592 2300 843 2336 produceretpro-

39 2339 91 2371 pter
102 2341 265 2370 naturalem
279 2351 366 2371 suam
380 2343 556 2377 bonitatem,
568 2344 643 2380 quid
671 2344 713 2371 eis
737 2345 846 2372 accidit

39 2382 80 2416 qui
102 2385 255 2414 nobiscum
282 2387 437 2424 hucusque
475 2388 585 2416 divinis
618 2389 844 2418 illustrabantur

40 2426 231 2460 Splendor-ibus
238 2431 250 2458 ?
258 2432 539 2461 Animadvertamus
549 2441 641 2469 quam
649 2437 769 2470 repente
779 2443 805 2461 m
812 2443 843 2462 u-

39 2471 79 2497 tati
100 2477 163 2502 sunt
193 2475 223 2502 in
255 2476 394 2504 tenebras
428 2480 551 2513 propter
581 2478 784 2513 arrogantiam
816 2481 844 2506 et

39 2518 270 2554 contemptionem
284 2521 348 2556 ejus
358 2522 410 2557 qui
422 2529 472 2550 eos
483 2522 602 2550 fecerat.
619 2523 843 2557 Cognoscamus

39 2566 102 2593 quos
111 2562 220 2592 fructus
231 2565 458 2594 concilietliberi
470 2567 728 2595 arbitriivoluntas
738 2567 842 2596 incon-

40 2603 159 2651 siderata,
174 2610 202 2636 et
214 2611 325 2637 stemus
336 2610 528 2639 immobiliter
539 2611 568 2638 in
580 2611 695 2643 timore,
705 2612 841 2648 quotidie

41 2646 154 2678 divinum
169 2652 300 2682 ofﬁcium
315 2654 481 2683 offerentes.
495 2657 586 2684 Porro
607 2646 840 2692 autem—quam-

862 832 881 859 Β

68 2710 182 2754 ‘rlize‘ch.
196 2723 317 2754 xxxviii,
332 2719 348 2743 7
364 2724 447 2754 seqq.

500 2718 510 2735 ⁸
528 2718 594 2746 Luc.
613 2727 642 2753 x,
661 2720 702 2747 19.

41 2750 102 2781 xvm,
117 2750 155 2777 to.
206 2752 228 2769 ιδ
243 2753 313 2780 Gen.
329 2750 487 2787 xsvuiftﬁ.

540 2755 563 2772 ιι
577 2757 638 2784 Act.
657 2762 708 2790 xu,
725 2757 740 2782 6
757 2762 844 2793 seqq.

741 2719 751 2736 θ
767 2719 824 2746 Job
838 2726 959 2754 xxxvm,
977 2721 1003 2747 7.

901 199 999 235 primo
1008 199 1075 227 loco
1087 201 1186 234 staret,
1195 207 1264 227 cum
1278 198 1434 234 Seraphim
1440 201 1468 226 et
1478 199 1620 227 omnibus
1635 200 1725 230 simul

902 243 1010 272 divinis
1023 247 1050 272 et
1065 243 1234 272 caelestibus
1245 243 1455 280 potestatibus,
1467 251 1580 278 magna
1590 252 1664 272 voce
1679 253 1724 273 ce-

903 288 982 323 cinit,
999 288 1131 316 divinam
1146 288 1228 317 illam
1245 290 1349 324 etqute
1365 295 1523 324 nunquam
1538 290 1636 324 potest
1648 289 1726 317 desi-

901 340 972 361 nere
985 333 1198 369 omnipotentis
1210 332 1385 365 divinitatis,
1397 340 1465 368 qure
1487 335 1533 360 est
1544 332 1726 369 principium

902 377 1033 410 luminis,
1046 378 1194 414 unicaque
1209 380 1253 405 est
1263 377 1351 407 trina.
1363 384 1416 413 per
1429 380 1565 405 sanctam
1577 377 1725 412 gloriﬁca-

903 422 1012 450 tionem
1026 430 1032 449 :
1046 423 1182 456 Sanctus,
1199 424 1333 454 sanctus,
1353 424 1475 450 sanctus
1502 422 1646 450 Dominus
1673 423 1725 451 Sa-

902 466 1010 494 baoth:
1026 466 1113 502 plena
1124 468 1167 494 est
1175 466 1318 494 universa
1326 468 1403 494 terra
1412 466 1506 500 gloria
1517 466 1582 501 ejus
1595 467 1627 494 ιο.
1639 468 1662 494 Α
1675 466 1726 494 Dei

902 518 973 538 vero
987 510 1243 538 administratoria
1255 510 1359 538 divina
1366 510 1461 545 gloria
1471 510 1617 538 alienatus
1631 511 1726 539 male-

901 554 975 583 ﬁcus
990 555 1139 586 diabolus,
1151 563 1220 582 cum
1235 555 1359 583 vidisset
1375 557 1543 583 terrestrem
1569 555 1725 584 hominem

901 608 966 628 esse
978 600 1085 636 quavis
1101 608 1131 628 re
1145 603 1245 628 creata
1262 600 1496 634 honoratiorem,
1508 602 1541 628 ut
1565 601 1616 636 qui
1628 601 1726 630 Domi-

900 644 975 673 nicis
993 644 1134 673 manibus
1149 645 1246 673 factus
1260 647 1339 673 esset
1349 645 1388 672 ad
1410 652 1496 673 suam
1523 644 1685 681 imaginem
1697 646 1726 674 et

902 689 1139 723 similitudinem,
1155 689 1257 717 statuit
1272 697 1343 717 eum
1364 689 1433 718 totis
1449 689 1563 717 viribus
1586 697 1726 726 separare

901 736 929 762 et
944 734 1058 770 eripere
1071 733 1110 762 ad
1123 734 1199 769 ejus,
1216 734 1268 770 qui
1281 734 1383 770 ipsum
1397 733 1507 762 fecerat
1521 736 1550 762 et
1563 734 1726 763 honor-ave-

901 781 956 811 rat,
969 779 1091 807 salutari
1106 781 1266 815 praecepto.
1284 778 1390 807 Videas
1411 778 1490 807 enim
1519 778 1670 815 malignus
1698 781 1727 809 et

901 823 1061 852 sceleratus
1074 823 1140 851 sein
1151 826 1284 852 extrema
1295 823 1542 859 esseignominia,
1559 823 1648 852 valde
1660 832 1725 852 cru-

900 867 1051 896 ciabatur:
1069 870 1096 895 et
1107 875 1175 895 cum
1189 875 1250 895 non
1264 869 1369 903 posset
1383 867 1422 895 ad
1435 868 1528 896 Deum
1543 868 1683 902 converti,
1694 868 1725 897 in

901 912 952 940 Dei
966 912 1129 946 imaginem
1137 920 1224 940 suam
1231 911 1336 940 effudit
1345 912 1580 948 improbitatem,
1592 914 1620 941 et
1630 912 1726 942 effecit

900 959 931 984 ut
942 957 1033 985 homo
1047 959 1124 984 esset
1138 956 1288 984 obnoxius
1303 956 1432 984 interitui
1447 959 1475 985 et
1489 957 1587 990 morti,
1606 965 1641 985 eo
1665 957 1725 993 eje-

901 1005 947 1030 cto
963 1010 978 1029 e
989 1001 1098 1029 divinis
1113 1003 1141 1029 et
1154 1001 1277 1029 viviticis
1293 1001 1426 1037 paradisi
1440 1001 1564 1036 deliciis,
1581 1003 1613 1029 Et
1623 1001 1725 1030 statuit

901 1048 979 1074 Deus
991 1045 1151 1074 Cherubim
1162 1048 1189 1074 et
1197 1045 1371 1073 ﬂammeam
1381 1046 1592 1082 rhomphwam
1602 1045 1724 1074 versati-

900 1090 969 1124 lem,
986 1093 1018 1118 ut
1032 1090 1196 1119 custodiret
1208 1090 1395 1126 paradisum.
1410 1090 1467 1119 Sed
1482 1090 1535 1118 etsi
1550 1090 1591 1119 sic
1602 1090 1725 1127 quidem

901 1135 1055 1164 cecidisset
1069 1134 1171 1167 homo,
1189 1135 1240 1171 qui
1256 1134 1383 1162 liberum
1400 1134 1534 1163 habebat
1557 1135 1724 1168 arbitrium,

901 1183 929 1208 et
938 1188 955 1208 a
965 1180 1046 1208 bono
1057 1182 1136 1207 statu
1146 1179 1327 1215 deﬂuxisset,
1339 1186 1398 1207 non
1408 1187 1478 1208 eum
1489 1179 1625 1215 despexit
1634 1179 1724 1214 Deus,

901 1225 953 1253 sed
969 1227 1002 1252 ut
1015 1224 1066 1261 qui
1080 1225 1116 1252 sit
1127 1227 1233 1252 natura
1256 1224 1405 1258 benignus
1418 1226 1447 1252 et
1457 1224 1562 1259 ingens
1576 1232 1659 1253 mare
1673 1225 1726 1253 ha-

900 1269 970 1297 beat
979 1268 1130 1302 bonitatis,
1139 1268 1230 1296 veluti
1240 1268 1382 1305 quadam
1393 1276 1478 1296 arma
1488 1268 1528 1297 ad
1545 1276 1725 1297 conservam

901 1314 974 1342 dum
989 1313 1178 1342 validissima
1197 1313 1223 1340 ei
1238 1313 1368 1349 praebuit
1384 1320 1530 1348 magnum
1554 1313 1725 1342 Michaelem

899 1357 1010 1386 militiae
1026 1356 1192 1393 principem
1215 1356 1357 1384 adversus
1372 1356 1485 1385 diaboli
1495 1357 1659 1393 potentiam
1672 1365 1679 1384 :
1694 1359 1727 1386 ut

900 1401 1062 1430 custodiret
1094 1404 1122 1429 et
1149 1401 1322 1429 defenderet
1345 1401 1511 1436 hominem,
1540 1402 1593 1438 qui
1619 1401 1725 1438 lapsus

900 1447 1005 1479 fuerat,
1024 1448 1054 1473 ut
1065 1445 1220 1481 quomodo
1234 1445 1382 1474 ceciderat
1398 1453 1450 1481 per
1464 1445 1657 1481 imperitiam,
1672 1454 1726 1482 per

900 1491 1125 1520 laboriosiorem
1135 1498 1243 1518 cursus
1252 1490 1372 1518 vivendi
1386 1490 1530 1518 rationem
1542 1493 1570 1518 et
1588 1490 1724 1519 divinam

900 1536 1033 1564 virtutem
1041 1536 1207 1563 instaurato
1213 1534 1419 1567 praelio,victor
1424 1534 1547 1562 effectus
1554 1537 1724 1565 coronetur.

937 1590 994 1617 VlI.
1009 1591 1098 1616 Porro
1112 1590 1212 1616 autem
1226 1587 1399 1622 archangeli
1414 1587 1561 1615 Michaelis
1577 1587 1725 1615 suasioni-

901 1633 959 1662 bus
976 1636 1004 1662 et
1017 1632 1138 1661 monitis
1151 1633 1313 1660 instructus
1328 1631 1436 1664 Adam,
1452 1634 1480 1660 et
1494 1631 1592 1667 ligone
1614 1635 1724 1660 terram

901 1679 1028 1713 fodiens,
1049 1680 1077 1706 et
1090 1677 1200 1705 sudore
1226 1679 1254 1705 et
1280 1676 1383 1705 labore
1409 1676 1560 1711 frugaliter
1584 1676 1724 1712 nutritus,

902 1732 963 1751 non
977 1723 1031 1750 fuit
1044 1721 1174 1758 amplius
1191 1721 1332 1749 seductus
1348 1721 1386 1749 ad
1400 1721 1531 1749 hominis
1547 1721 1668 1750 inimico
1696 1723 1726 1750 et.

903 1768 1058 1801 Deihoste,
1076 1775 1130 1795 nec
1157 1775 1269 1803 passus
1295 1769 1338 1794 est
1361 1766 1452 1794 aliam
1478 1766 1723 1794 commotionem.

902 1814 977 1841 Nam
992 1812 1031 1841 ab
1046 1820 1082 1840 eo
1094 1814 1229 1848 tempore
1244 1811 1368 1839 omnino
1388 1819 1457 1839 eum
1485 1810 1572 1839 valde
1594 1810 1726 1842 habebat

902 1858 970 1886 odio
984 1860 1083 1885 mente
1096 1856 1213 1891 agitans
1226 1863 1279 1892 per
1299 1855 1505 1892 propheticum
1534 1863 1644 1888 rorem,
1672 1855 1725 1891 qui

901 1902 1001 1929 adhuc
1012 1902 1042 1929 in
1053 1909 1088 1929 eo
1102 1901 1197 1929 inerat
1207 1899 1281 1928 illud
1293 1909 1299 1928 :
1309 1911 1322 1925 ‹‹
1335 1901 1374 1928 Ne
1383 1899 1436 1927 des
1448 1900 1478 1928 iu
1490 1901 1725 1928 commotionem

900 1946 1009 1982 pedem
1018 1949 1112 1979 tuum,
1129 1948 1156 1974 et
1169 1953 1230 1973 non
1241 1944 1424 1978 dormitabit,
1433 1944 1484 1980 qui
1493 1946 1521 1972 te
1531 1944 1702 1980 custodit“,
1710 1956 1724 1970 υ

901 1991 1037 2026 angelus.
1052 1990 1095 2018 Ab
1111 1998 1146 2018 eo
1160 1990 1239 2018 enim
1255 1991 1389 2025 tempore
1415 1988 1565 2017 credimus
1589 1996 1645 2017 nos
1673 1989 1725 2018 ba-

900 2035 970 2063 bere
986 2034 1128 2069 angelum
1143 2034 1305 2070 unicuique
1319 2033 1427 2061 animte
1448 2033 1566 2066 ducem,
1596 2034 1628 2060 ut
1655 2032 1726 2062 dicit

903 2079 1044 2107 Dominus
1051 2078 1080 2106 in
1087 2077 1252 2113 Evangeliis
1263 2087 1268 2104 :
1278 2090 1291 2103 «‹
1300 2078 1399 2105 Videte
1407 2085 1444 2106 ne
1451 2077 1622 2114 despietatis
1628 2084 1724 2105 unum

902 2124 992 2151 cxhis
1003 2123 1112 2159 parvis,
1128 2122 1180 2158 qui
1193 2124 1262 2150 sunt
1281 2122 1416 2150 minimi:
1445 2122 1543 2158 angeli
1572 2122 1652 2150 enim
1677 2129 1724 2150 eo-

900 2176 968 2196 rum
983 2167 1102 2195 assidue
1118 2166 1219 2195 vident
1234 2166 1342 2194 faciem
1356 2167 1448 2195 Patris
1460 2167 1559 2201 vestri,
1571 2167 1624 2203 qui
1637 2168 1681 2196 est
1694 2167 1724 2195 in

901 2213 981 2240 caelis
994 2213 1026 2239 ¹².
1040 2223 1053 2236 ››
1069 2211 1205 2240 Similiter
1222 2211 1312 2238 etiam
1328 2210 1399 2239 dicit
1417 2211 1509 2240 Iacob
1531 2211 1702 2248 patriarcha.
1716 2220 1723 2240 :

901 2269 913 2283 ι
931 2256 1070 2292 Angelus,
1087 2255 1139 2292 qui
1149 2262 1197 2282 me
1211 2255 1316 2283 liberat
1345 2263 1362 2282 a
1382 2255 1471 2284 malis
1500 2256 1643 2284 omnibus
1659 2257 1690 2284 ¹³.
1711 2266 1725 2281 ››

900 2303 963 2329 Non
980 2301 1070 2328 dixit:
1089 2300 1144 2333 Qui
1157 2308 1205 2327 me
1221 2299 1366 2332 liberavit,
1382 2300 1454 2328 sed:
1474 2300 1528 2332 Qui
1542 2309 1590 2328 me
1606 2301 1724 2329 liberat.

901 2346 975 2378 Quin
993 2345 1082 2373 etiam
1108 2345 1228 2373 beatum
1256 2343 1425 2379 apostolum
1454 2345 1573 2372 Petrum
1602 2354 1726 2374 amanu

900 2390 1023 2418 Herodis
1037 2389 1162 2424 angelus
1180 2388 1297 2416 Domini
1311 2388 1448 2417 liberavit
1466 2390 1497 2415 τι.
1514 2389 1607 2418 Simul
1635 2393 1725 2426 atque

900 2435 980 2462 enim
994 2435 1187 2462 constitutum
1200 2432 1254 2461 fuit
1265 2433 1434 2461 humanum
1444 2441 1550 2469 genus,
1565 2434 1643 2468 jussi
1656 2437 1726 2464 sunt

899 2479 999 2514 angeli
1012 2479 1077 2514 ejus
1090 2478 1158 2506 vitae
1174 2486 1278 2506 curam
1296 2485 1408 2513 gerere,
1422 2480 1452 2505 et
1474 2485 1725 2514 unumquemque

898 2523 1053 2551 hominem
1072 2522 1192 2551 ﬁdelem
1212 2522 1332 2551 sortitus
1351 2525 1396 2550 est
1414 2522 1513 2550 bonus
1534 2521 1671 2556 angelus,
1691 2523 1725 2550 ut

898 2569 964 2603 ejus
977 2568 1069 2596 vitam
1083 2570 1287 2604 componeret,
1298 2570 1326 2595 et
1334 2567 1396 2603 ejus
1407 2567 1541 2595 animam
1557 2566 1722 2602 perliceret.

898 2612 976 2640 Multi
988 2615 1089 2641 autem
1101 2620 1170 2640 cum
1185 2620 1220 2640 eo
1230 2612 1381 2640 luctantur
1391 2611 1545 2640 dmmones
1558 2610 1633 2638 avia
1645 2612 1725 2639 recte.

897 2657 1115 2685 eumfacientes
1122 2657 1270 2685 aberrare.
1279 2656 1445 2685 lmmundis
1451 2656 1530 2684 enim
1537 2654 1725 2684 daemonibus

1057 2719 1080 2737 ¹⁰
1096 2720 1153 2748 lsa.
1167 2727 1207 2752 vr,
1225 2720 1251 2753 3,
1302 2719 1322 2737 ¹¹
1339 2718 1417 2748 Psal.
1430 2726 1497 2755 cxx,
1513 2719 1538 2747 3.
1589 2718 1611 2736 ¹²
1624 2717 1724 2749 Matth.
