1944 3084
201 110 254 156 579

806 128 1046 157 PANTALEONIS
1066 116 1208 157 DlACONl
1231 128 1284 157 CP.

1863 127 1920 155 580

201 197 263 218 non
278 193 347 218 sunt
359 198 438 218 cura;
448 190 593 223 inﬁdeles,
606 191 657 218 sed
672 191 692 218 ii
707 191 759 226 qui
775 191 822 226 pie
838 191 958 226 vivunt;
982 191 1024 219 eis
1040 192 1065 217 A
1079 190 1248 219 effectorem
1261 198 1425 226 agnoscere
1439 198 1475 218 ex
1487 189 1727 225 magnitudineet
1741 190 1920 225 pulchritu-

202 235 281 262 enim
296 235 439 266 invident,
453 238 564 262 etcum
580 235 621 262 eis
636 235 749 263 bellum
764 238 879 269 gerunt.
898 235 1025 267 Quando

203 283 303 307 autem
328 279 464 307 ambulat
485 280 609 316 quidem
631 280 660 307 in
683 280 838 308 sanctitate
861 283 890 307 et
913 280 1027 314 justitia

201 324 294 351 homo
308 323 416 356 ﬁdelis,
431 323 548 351 laetatur
563 323 700 357 angelus,
712 324 764 359 qui
777 327 805 352 et
820 324 875 351 fuit
888 324 976 351 datus
987 323 1026 351 ad

201 369 301 404 ipsum
313 368 688 400 custodiendum.0uando
704 377 772 396 vero
788 377 806 396 a
820 369 868 396 via
879 371 959 396 recta
975 368 1025 395 de—

201 413 364 447 clinaverit,
381 412 471 440 tristis
485 412 608 448 quidem
623 415 667 440 est
693 412 792 441 bonus
819 413 954 448 angelus,
968 413 1027 439 dte-

203 465 307 485 mones
323 459 423 484 autem
437 456 587 485 exsiliunt.
602 458 667 494 .lam
682 465 750 485 vero
763 465 892 492 magnus
905 465 1027 492 quoque

201 502 275 530 dicit
286 501 408 530 Basilius
423 510 429 529 :
446 502 520 530 Sunt
535 502 644 537 angeli,
660 502 712 538 qui
724 502 754 529 in
781 505 906 538 utraque
931 501 1027 529 eccle—

203 546 248 574 sia
261 546 435 574 describunt
449 553 500 573 eos
516 546 567 581 qui
584 549 671 574 orant
692 549 720 574 et
737 546 886 581 jejunant.
912 546 993 576 Vide.
1010 552 1028 573 0

203 591 306 623 homo,
314 598 350 618 ne
359 596 613 626 propterparvam
621 590 802 626 voluptatem
810 593 839 618 et
846 591 964 618 brevem
972 590 1029 618 hoc

202 635 294 664 damn
300 643 349 662 um
356 635 494 670 accipias,
502 635 583 670 quod
591 637 619 662 te
629 642 689 662 non
697 635 886 670 descripserit
894 635 1028 672 angelus.

240 680 283 707 lx.
299 681 332 707 Et
342 680 373 706 in
397 679 537 706 ﬁdelibus
558 679 693 714 quidem,
728 682 758 707 ut
780 681 861 714 prius
883 679 1024 706 diximus.

205 733 282 753 unus
298 723 421 758 angelus
435 731 452 751 a
469 723 528 751 Deo
545 723 633 751 datus
643 729 690 751 est
706 724 875 760 unicuique.
907 726 937 751 ln
963 723 1028 751 inti-

203 769 322 798 delibus
338 771 438 796 autem
459 775 708 803 unamquamque
736 768 883 801 integram
909 771 1028 802 gentem

203 813 324 841 sortitus
336 815 381 840 est
393 817 471 839 unus
483 811 617 845 angelus,
631 815 662 839 ut
674 812 745 840 dicit
758 812 925 848 Scriptura:
939 823 953 836 α
964 813 1026 840 Sta-

203 857 258 886 tuit
271 856 414 885 terminos
429 856 561 890 gentium
578 856 744 884 secundum
758 864 918 884 numerum
936 864 1026 891 ange—
1043 866 1062 892 Β

202 902 300 930 lorum
316 901 366 928 Dei
379 902 435 926 ιδ.»
450 901 482 928 Et
507 903 539 928 ut
560 900 731 928 Judaeorum
755 901 878 936 quidem
907 903 1026 933 gentem

203 946 374 976 custodiret.
381 945 560 973 constitutus
567 947 610 972 est
617 945 748 976 Michael,
759 953 888 980 magnus
896 945 945 973 Dei
953 945 1027 972 mili-

203 991 250 1018 tia:
279 990 418 1026 princeps
431 990 462 1021 ἐ,
471 991 572 1024 utpote
581 989 663 1024 quod
677 989 708 1016 in
718 990 809 1016 Deum
818 989 1024 1018 credidissent.

203 1035 283 1063 Alius
299 1042 370 1062 vero
380 1033 539 1070 praefectus
552 1033 605 1061 fuit
620 1034 724 1066 Persis,
736 1033 812 1061 alius
828 1042 896 1061 vero
910 1034 1026 1066 Graecis,

202 1082 231 1108 et
244 1079 387 1114 deinceps
402 1077 546 1105 similiter.
562 1079 708 1105 Caeterum
723 1077 843 1105 divinus
856 1078 979 1113 quidem
1003 1081 1031 1105 et

202 1131 332 1158 magnus
339 1123 357 1150 d
363 1131 401 1150 ux
409 1122 554 1150 exercitus
565 1121 684 1149 Michael
692 1125 739 1149 est
748 1123 884 1157 princeps
893 1122 1030 1149 omnium

202 1168 367 1196 caelestium
377 1169 738 1207 potestatum,praeestque
745 1169 774 1194 et
788 1174 891 1194 curam
902 1167 977 1201 gerit
987 1169 1033 1194 to-

205 1213 262 1241 tius
276 1212 373 1248 gentis
386 1211 482 1239 ﬁdelis
495 1219 501 1238 :
515 1213 543 1237 et
557 1218 662 1237 rursus
683 1210 796 1243 fideles,
820 1211 872 1246 qui
894 1210 1034 1248 laborant

204 1256 351 1294 p'rievenit
365 1259 394 1285 et
407 1256 575 1288 conservat,
587 1257 619 1282 ut
632 1255 683 1290 qui
695 1263 714 1282 a
727 1255 785 1282 Deo
797 1255 899 1290 jussus
913 1255 950 1282 sit
960 1255 1033 1282 cele-

203 1311 267 1330 rem
281 1301 392 1330 habere
407 1303 593 1331 naturam,et
603 1299 894 1335 tamquamfulguris
902 1300 1032 1336 adeptus

204 1346 403 1378 velocitatem,
415 1345 587 1372 universam
597 1346 705 1371 terram
712 1344 885 1371 etzetherem
898 1352 957 1371 uno
966 1352 1028 1371 mo-

204 1394 304 1420 mento
313 1397 496 1426 percurrere.
509 1400 522 1413 u
538 1388 650 1416 Exsiliit
668 1388 748 1416 enim
769 1388 877 1424 inquit,
893 1388 1029 1423 angelus,

203 1435 255 1472 qui
264 1434 440 1463 ambulabat
451 1436 520 1462 ante
531 1435 628 1461 castra
639 1432 769 1460 ﬁliorum
784 1432 873 1461 Israel
888 1433 940 1460 ‘1.»
949 1435 1030 1461 Hunc

203 1484 304 1509 autem
334 1479 487 1516 angelum,
512 1478 622 1506 militiae
651 1478 817 1514 principem
859 1478 1030 1506 Michealem

203 1534 268 1554 esse
282 1525 517 1559 dixitScriptura
537 1523 568 1551 in
577 1523 648 1550 Jesu
663 1524 743 1551 Nave
762 1523 796 1550 θ’.
817 1525 891 1551 Nam
917 1531 1027 1550 nomen
1045 1538 1065 1566 ρ

202 1570 268 1606 ejus
284 1573 386 1606 aperte
401 1568 565 1596 declaravit
580 1568 609 1595 in
621 1567 768 1603 propheta
784 1566 902 1595 Daniele
914 1568 948 1595 η.

239 1617 275 1643 Χ.
290 1615 338 1643 Hic
349 1622 420 1649 ergo
431 1621 560 1648 magnus
570 1615 596 1640 et
605 1611 751 1647 gloriosus
764 1611 813 1638 Dei
822 1611 933 1639 militiae
949 1611 1029 1647 prin-

202 1669 273 1697 ceps
290 1657 422 1690 Michael,
439 1660 467 1684 et
480 1656 581 1688 veteri,
596 1659 628 1684 ut
649 1656 797 1688 convenit,
823 1655 877 1683 fuit
903 1655 1029 1683 admini‘

202 1709 270 1738 ster,
287 1707 315 1732 et
326 1711 404 1732 novo
416 1702 511 1735 magis
531 1700 729 1734 administrat,
760 1708 828 1736 quas
859 1703 928 1727 sunt
953 1700 1029 1728 salu—

202 1750 287 1779 taria.
303 1750 465 1783 Postquam
480 1746 560 1773 enim
576 1744 662 1772 valde
681 1744 835 1772 irritarunt
855 1747 883 1771 et
911 1745 1030 1780 penitus

202 1793 425 1828 dereliquerunt
434 1790 593 1818 Dominum
605 1790 697 1816 Deum
709 1788 854 1816 increduli
881 1788 1029 1819 lsraelitaa,

202 1843 232 1868 et
245 1846 281 1866 ea
294 1837 332 1865 de
347 1840 440 1864 causa
455 1835 574 1862 fuerunt
590 1833 708 1868 penitus
721 1833 919 1866 exterminati,
941 1835 969 1861 et
979 1833 1030 1860 ad~

201 1882 298 1912 vocati
314 1889 418 1909 sumus
431 1879 484 1915 qui
495 1877 678 1906 credidimus
704 1885 740 1904 ex
754 1876 903 1911 gentibus,
932 1880 960 1905 et
988 1877 1029 1906 fa-

203 1931 268 1956 ctus
282 1929 326 1955 est
341 1933 435 1953 novus
450 1922 548 1957 Israel,
565 1930 584 1950 a
605 1921 719 1949 Christo
746 1921 971 1953 denominatus,
1002 1925 1030 1949 et

205 1972 354 2001 Christum
369 1968 535 2003 intelligens
550 1969 630 2001 (nam
650 1966 674 1993 si
701 1966 902 2002 interpreteris
931 1966 1027 1999 Israel,

202 2018 228 2046 is
237 2019 282 2045 est
291 2023 372 2044 mens
384 2014 484 2042 videns
497 2011 607 2046 Deum),
616 2013 686 2038 tunc
697 2010 834 2038 divinum
845 2018 966 2047 quoque
977 2010 1029 2038 mi-

202 2063 271 2091 litiae
287 2060 452 2097 principem
469 2055 639 2085 Michaelem
665 2055 793 2083 removit
819 2063 837 2082 a
858 2055 1028 2083 Judieorum

203 2104 420 2136 consuetudine
435 2103 533 2130 bonus
550 2101 637 2132 Deus,
654 2099 731 2128 etab
746 2107 781 2127 eo
800 2102 934 2136 tempore
959 2107 1029 2127 eum

203 2151 292 2181 nobis
306 2149 405 2178 electis
419 2146 592 2175 Christianis
604 2144 756 2173 constituit
778 2145 947 2172 maximum
976 2145 1028 2172 de-

203 2197 353 2225 fensorem
369 2196 397 2221 et
411 2194 605 2224 servatorem,
620 2190 748 2218 aliarum
764 2190 898 2224 gentium
924 2197 1028 2217 curam

204 2238 438 2276 suscipientibus
451 2239 553 2273 aperte
566 2235 630 2263 aliis
640 2234 806 2262 minoribus
818 2234 942 2268 angelis.
953 2235 1028 2261 Nam

204 2293 266 2322 quo
278 2286 324 2312 est
337 2291 409 2319 gens
421 2282 543 2318 quidem
550 2282 656 2307 sancta
664 2278 897 2307 Christianorum
907 2278 1028 2314 reliquis

204 2329 347 2359 omnibus
358 2326 554 2364 praestantior,
572 2333 606 2352 eo
619 2331 744 2352 necesse
752 2326 797 2350 est
811 2331 874 2350 esse
883 2322 1027 2358 majorem

204 2374 379 2413 dignitatem
392 2369 564 2406 archangeli
579 2368 738 2413 Michaelis,
757 2367 810 2404 qui
822 2375 926 2413 curam
955 2367 1030 2403 gerit

204 2418 321 2455 generis
336 2416 582 2446 Christianorum.
599 2415 662 2440 Non
676 2412 756 2440 enim
780 2412 912 2439 essentia
940 2419 1029 2445 ange-

200 2464 299 2492 lorum
314 2462 405 2491 habet
419 2458 628 2492 ditlerentiam,
642 2457 694 2484 sed
703 2456 852 2492 dignitatis
883 2455 1027 2484 excellen-

201 2509 252 2538 tia.
264 2507 329 2536 Vult
342 2507 421 2535 enim
448 2511 553 2533 omnes
580 2502 717 2530 homines
745 2509 812 2529 esse
840 2500 947 2533 salvos,
975 2500 1026 2536 qui

203 2554 414 2582 universorum
429 2557 533 2578 curam
547 2548 621 2583 gerit
634 2549 661 2574 et
674 2550 718 2574 est
730 2548 838 2574 natura
867 2545 1027 2580 benignus.

235 2599 279 2627 XI.
310 2596 368 2626 Sed
388 2604 457 2624 cum
480 2593 579 2621 miseri
603 2592 740 2619 homines
767 2598 821 2618 sua
850 2590 971 2617 stultitia
997 2590 1027 2617 in

201 2651 300 2672 errore
315 2641 539 2678 perseverarent
550 2636 666 2665 etcultu
677 2635 916 2667 simulacrorum,
933 2637 961 2662 et
974 2643 1027 2662 ne-

200 2694 358 2724 quaquam
372 2685 480 2713 vellent
495 2683 525 2711 id
539 2682 623 2719 quod
637 2680 795 2717 oportebat
809 2679 981 2714 intelligere,
998 2682 1027 2707 et

238 2755 260 2772 ¹⁵
277 2754 359 2780 Deut.
376 2759 467 2784 xxxu,
484 2751 509 2777 8.
558 2750 580 2767 ¹⁶
596 2750 669 2776 Dan.
682 2755 713 2780 x,
728 2749 773 2774 27.

822 2747 842 2765 ¹⁷
858 2746 949 2774 Exod.
963 2755 1023 2778 xw,
1042 2749 1086 2775 19.

1079 235 1148 263 dine
1165 244 1263 263 rerum
1288 235 1327 263 ab
1346 243 1381 263 eo
1395 238 1575 269 creatarum,
1603 235 1669 270 pius
1681 235 1728 262 ille
1742 235 1920 265 Abraham.

1079 288 1147 308 cum
1164 289 1198 308 ex
1213 280 1302 307 rebus
1313 280 1418 307 creatis
1428 288 1474 307 me
1486 282 1526 307 ite
1533 279 1812 315 comprehendisset
1825 280 1921 306 Crea-

1081 327 1184 357 torem,
1202 328 1230 352 et
1243 325 1366 352 inﬁnita:
1382 324 1521 359 potentias
1537 324 1702 352 admiratus
1720 326 1798 351 esset
1815 323 1920 351 artiﬁ-

1080 369 1170 402 cium,
1187 369 1333 404 valdeque
1362 376 1440 403 usgre
1471 368 1556 396 ferret
1583 371 1612 396 et
1638 368 1857 403 indignaretur
1889 368 1920 395 in

1081 413 1197 448 stultos,
1216 416 1243 441 et
1257 412 1438 443 incredulos,
1455 413 1506 449 qui
1530 421 1593 440 rem
1611 416 1742 440 creatam
1769 411 1921 439 colebant

1081 458 1158 485 ultra
1173 458 1352 489 Creatorem,
1373 459 1448 484 Deus
1468 465 1484 484 e
1499 457 1572 485 caelo
1587 465 1657 485 eum
1676 459 1721 484 est
1747 457 1919 489 allocutus,

1081 502 1184 529 dicens
1197 511 1203 528 :
1222 502 1383 536 «Egredere
1394 510 1408 528 e
1423 505 1499 529 terra
1512 504 1564 529 tua
1580 504 1609 528 et
1618 509 1653 529 ex
1669 501 1859 535 cognatione
1867 503 1920 528 tua

1082 548 1110 574 et
1123 546 1215 574 domo
1229 546 1321 582 patris
1337 546 1389 580 tui,
1405 548 1433 573 et
1446 545 1512 573 veni
1528 546 1557 572 in
1573 548 1692 578 terram,
1710 553 1808 581 quam
1840 544 1920 572 indi«

1082 590 1158 618 cabo
1169 590 1221 618 tibi
1236 591 1269 616 εο.
1283 601 1296 613 n
1312 589 1421 617 Deinde
1434 590 1475 616 sic
1489 589 1515 616 ei
1525 589 1698 626 apparuitin
1711 589 1812 624 specie
1824 589 1919 616 trium

1084 634 1259 669 angelorum
1273 635 1306 661 ³¹.
1323 635 1366 661 Ab
1378 641 1414 661 eo
1426 637 1525 662 autem
1533 633 1663 669 hospitio
1674 636 1822 668 acceptus
1831 633 1919 668 apud

1081 687 1227 716 quercum
1236 680 1376 710 Mambre,
1385 678 1527 714 prmclare
1538 679 1602 713 ejus
1611 678 1825 714 hospitalitatis
1838 686 1921 705 mer-

1083 724 1186 752 cedem
1201 723 1327 759 prmbuit
1340 722 1364 750 ei
1377 723 1442 757 jam
1458 722 1530 753 seni,
1546 725 1575 750 et
1600 730 1669 750 cum
1700 722 1808 749 sterilis
1838 727 1919 749 esset

1083 777 1158 796 uxor
1169 769 1249 801 Sara,
1265 768 1348 803 pium
1363 767 1459 795 ﬁlium
1474 769 1555 794 Isaac
1571 769 1599 795 et
1615 767 1645 794 in
1671 766 1810 794 moribus
1823 769 1854 794 et
1863 766 1909 794 vir

1082 816 1141 840 tute
1154 813 1178 840 ei
1194 812 1320 840 similem
1333 813 1366 838 ".
1389 813 1549 847 Postquam
1578 814 1680 839 autem
1700 814 1813 847 praeter
1829 819 1918 846 spem

1081 860 1169 885 natus
1184 859 1262 884 esset
1277 857 1366 890 filius,
1382 856 1524 884 omnibus
1544 855 1749 891 probatiorem
1781 855 1917 883 reddens

1081 902 1145 936 ejus
1160 901 1252 929 animi
1268 901 1518 935 magnitudinem,
1537 900 1664 937 ﬁdeique
1674 904 1701 928 et
1714 901 1812 928 animi
1824 901 1918 936 piela«

1082 949 1151 978 tem,
1163 946 1188 974 ei
1199 954 1302 973 rursus
1315 945 1407 973 dixit:
1423 957 1432 970 ι
1451 945 1613 975 Abraham.
1625 945 1790 979 Abraham,
1805 946 1914 980 aceipe

1082 991 1177 1018 tilium
1188 993 1274 1018 tuum
1286 990 1439 1018 dilectum.
1448 998 1538 1026 quem
1554 990 1682 1024 genuisti
1694 992 1788 1022 Isaac,
1802 993 1834 1017 et
1846 998 1918 1017 eum

1083 1035 1156 1062 mihi
1166 1035 1276 1062 otl‘erin
1286 1034 1496 1062 sacriﬁcioJlle
1505 1037 1606 1062 autem
1618 1034 1708 1062 simul
1716 1036 1810 1070 atque
1821 1034 1920 1062 fuerat

1084 1081 1109 1106 ei
1123 1079 1314 1114 imperatum,
1329 1087 1392 1106 rem
1406 1079 1637 1115 exsequebatur,
1652 1081 1760 1106 etcum
1790 1078 1920 1114 ligasset

1086 1125 1180 1156 Isaac,
1189 1126 1217 1150 et
1227 1123 1410 1150 extendisset
1419 1131 1543 1150 manum
1552 1130 1620 1158 quae
1632 1123 1751 1151 tenebat
1765 1122 1917 1157 gladium,

1083 1167 1147 1202 jam
1163 1170 1263 1202 guttur
1276 1167 1352 1194 illius
1367 1170 1527 1198 tacturum,
1543 1175 1612 1195 eum
1627 1168 1771 1202 repressit
1786 1167 1917 1201 angelus

1088 1211 1215 1242 Domini.
1228 1211 1348 1240 Michael
1365 1211 1483 1246 scilicet,
1501 1212 1603 1239 dicens
1635 1220 1641 1238 :
1671 1223 1685 1235 α
1701 1213 1740 1239 Ne
1767 1211 1918 1238 immittas

1087 1264 1212 1283 manum
1230 1259 1311 1283 tuam
1328 1256 1357 1283 in
1373 1256 1478 1283 tilium.
1491 1257 1572 1284 Nunc
1588 1255 1669 1283 enim
1684 1255 1765 1288 novi,
1782 1255 1873 1291 quod
1891 1258 1918 1281 tu

1086 1300 1191 1327 timeas
1206 1301 1383 1333 Dominum;
1399 1301 1451 1327 sed
1463 1300 1562 1336 aspice
1576 1300 1632 1328 tuis
1656 1299 1762 1332 oculis,
1791 1303 1822 1327 et
1853 1299 1918 1326 vide

1085 1343 1124 1371 ad
1137 1346 1164 1372 te
1181 1344 1306 1371 missum
1323 1344 1444 1371 arietem
1458 1345 1593 1379 ligatum,
1609 1347 1637 1372 et
1658 1352 1728 1371 eum
1757 1343 1837 1371 offer
1868 1351 1919 1379 pro

1085 1390 1169 1416 Isaac
1185 1388 1244 1416 [ilio
1260 1391 1311 1415 tuo
1328 1390 1379 1416 =3.»
1396 1388 1480 1415 Hunc
1496 1391 1596 1416 autem
1613 1389 1768 1423 angelum,
1783 1387 1838 1423 qui
1857 1387 1919 1415 heec

1084 1432 1158 1460 dixit
1186 1433 1372 1468 patriarchas
1403 1432 1513 1460 militias
1544 1433 1712 1469 principem
1741 1432 1918 1460 Michaelcm

1084 1480 1185 1512 aperte
1199 1485 1262 1504 esse
1274 1477 1436 1504 credimus.
1451 1477 1561 1504 Etenim
1574 1477 1667 1504 Jacob
1678 1484 1812 1513 quoque,
1824 1484 1917 1513 quem

1087 1521 1173 1549 frater
1189 1521 1424 1557 persequebatur
1441 1522 1526 1555 Esau,
1553 1521 1663 1549 militite
1679 1521 1822 1557 princeps
1848 1520 1918 1548 libe-

1087 1566 1161 1593 ravit
1172 1571 1198 1593 et
1210 1565 1349 1592 servavit.
1366 1566 1418 1598 Qui
1435 1566 1525 1593 etiam
1539 1566 1565 1593 ei
1580 1565 1716 1593 animum
1730 1564 1866 1599 addens,
1884 1573 1916 1592 ne

1085 1610 1202 1637 timeret
1216 1618 1283 1638 eum
1300 1611 1351 1646 qui
1371 1611 1617 1646 persequebatur.
1643 1618 1712 1638 cum
1735 1618 1773 1638 eo
1784 1610 1916 1638 luctatur

1085 1654 1115 1681 in
1131 1656 1226 1685 nocte,
1244 1656 1272 1681 et
1293 1655 1386 1689 tangit
1406 1654 1470 1689 ejus
1493 1654 1599 1689 femur,
1623 1653 1850 1690 propemodum
1877 1653 1915 1681 di-

1085 1706 1155 1726 cens
1170 1707 1176 1725 :
1196 1710 1205 1722 ι
1226 1698 1253 1726 Si
1268 1706 1337 1726 cum
1351 1699 1466 1733 angelis
1480 1698 1596 1726 valuisti
1611 1698 1727 1730 luctari,
1739 1698 1814 1734 quid
1828 1698 1914 1726 times

1085 1743 1238 1770 hominem
1254 1743 1284 1770 in
1298 1751 1389 1778 quem
1403 1743 1481 1770 cadit
1494 1743 1628 1771 interitus
1641 1744 1662 1760 ²⁴
1675 1743 1689 1770 ?

1121 1793 1188 1821 Xlll.
1209 1791 1284 1819 Cum
1298 1796 1400 1820 autem
1423 1792 1608 1828 multiplicati
1624 1794 1733 1826 essent,
1749 1792 1804 1828 qui
1817 1801 1855 1820 ex
1875 1792 1912 1828 pii

1084 1837 1211 1865 Abrahae
1228 1844 1334 1871 genere
1350 1837 1577 1869 descenderant,
1592 1839 1624 1864 ut
1638 1836 1787 1873 pollicitus
1809 1837 1838 1865 ei
1855 1838 1911 1865 fue-

1084 1885 1130 1908 rat
1145 1880 1281 1916 angelus,
1296 1881 1314 1908 ii
1332 1889 1402 1908 vero
1416 1881 1446 1908 in
1462 1882 1590 1917 i-l-Igypto
1613 1881 1691 1909 male
1716 1881 1911 1911 haberentur,

1085 1933 1188 1952 eorum
1201 1925 1338 1952 misertus
1353 1927 1398 1952 est
1413 1925 1501 1958 Deus,
1518 1925 1570 1960 qui
1580 1927 1623 1952 est
1633 1925 1912 1961 naturabenignus,

1085 1972 1113 1997 et
1126 1969 1212 2003 elegit
1227 1970 1346 2004 Moysen
1362 1969 1509 1997 famulum
1526 1977 1624 2001 suum,
1642 1972 1670 1997 el.
1682 1977 1735 2005 per
1747 1969 1852 2005 ipsum
1869 1977 1914 1997 ar-

1085 2013 1263 2048 changelum
1277 2013 1458 2048 Michaelem,
1473 2022 1541 2042 eum
1552 2013 1818 2042 constituitducem
1827 2014 1915 2042 totius

1085 2058 1202 2093 generis
1218 2058 1353 2091 Abrahae,
1365 2061 1396 2085 ut
1411 2058 1551 2086 educeret
1567 2066 1617 2086 eos
1633 2061 1733 2086 eterra
1749 2059 1916 2094 £gypti,et

1084 2110 1137 2138 per
1152 2110 1234 2130 mare
1248 2102 1380 2130 Rubrum
1394 2105 1538 2138 tanquam
1548 2111 1601 2138 per
1611 2103 1723 2130 siccam
1736 2105 1851 2131 terram
1866 2110 1914 2130 e05

1085 2146 1306 2181 transmitteret,
1325 2150 1504 2183 properante
1532 2148 1645 2183 populo
1670 2147 1709 2174 ad
1735 2149 1849 2175 terram
1875 2147 1912 2175 eis

1046 2212 1068 2238 Β
1083 2191 1277 2238 promissam.
1291 2199 1359 2227 qua:
1373 2191 1485 2238 ﬂuebat
1498 2192 1573 2238 lacte
1599 2195 1627 2219 et
1650 2191 1746 2238 melle,
1772 2191 1911 2238 Michﬁaele

1084 2235 1267 2271 archangelo
1282 2238 1408 2272 parante
1423 2236 1503 2264 viam
1517 2236 1582 2272 ejus
1597 2239 1666 2264 ante
1678 2236 1780 2272 ipsum
1791 2237 1829 2264 ’⁵.
1840 2237 1910 2264 Cum

1083 2284 1182 2309 autem
1199 2281 1384 2317 pervenisset
1407 2281 1437 2309 in
1464 2281 1618 2316 regionem
1645 2281 1855 2315 Moabitarum,
1882 2283 1911 2308 ut

1083 2326 1220 2353 transiret
1233 2333 1284 2361 per
1317 2333 1422 2353 eorum
1452 2326 1539 2360 lines,
1567 2326 1592 2354 ei
1620 2326 1724 2353 restitit
1752 2326 1843 2354 Baiae
1862 2334 1910 2353 rex

1082 2369 1178 2404 Moab,
1193 2369 1356 2405 prohibens
1371 2377 1441 2397 eum
1454 2370 1592 2398 transire.
1621 2370 1763 2398 Accersiit
1789 2378 1909 2406 quoque

1082 2414 1146 2450 ipse
1159 2421 1209 2440 rex
1224 2413 1312 2441 Balac
1327 2416 1425 2441 vatem
1446 2414 1611 2450 quemdam
1629 2422 1733 2441 senem
1749 2414 1908 2449 insignem,

1081 2458 1204 2486 nomine
1217 2457 1348 2489 Balaam,
1358 2458 1397 2486 ad
1406 2458 1625 2486 exsecrandum
1635 2457 1783 2494 populum
1792 2459 1908 2495 Moysis,

1083 2504 1115 2530 ut
1126 2502 1302 2529 vinceretur.
1326 2502 1525 2530 Proﬁciscenti
1555 2505 1655 2530 autem
1685 2502 1781 2530 Balaae
1807 2503 1838 2530 in
1867 2502 1908 2530 via

1081 2546 1209 2575 occurrit
1224 2546 1349 2582 angelus
1364 2547 1491 2581 Domini,
1509 2547 1633 2576 Michael
1647 2547 1758 2575 scilicet
1770 2547 1909 2576 defensor

1082 2591 1292 2619 lsraelitarum.
1310 2591 1403 2624 Quem
1420 2600 1488 2619 cum
1501 2592 1623 2620 vidisset
1638 2592 1723 2620 asina
1739 2591 1848 2626 Balaae,
1863 2592 1907 2619 de-

1081 2635 1212 2670 clinavit,
1224 2638 1252 2662 et
1265 2634 1353 2663 allisit
1361 2635 1469 2671 pedem
1482 2636 1576 2663 Balaas
1585 2636 1622 2664 ad
1631 2636 1786 2672 parietem,
1801 2639 1830 2664 et
1841 2643 1907 2664 eum

1081 2680 1179 2715 arguit
1188 2679 1274 2708 asina
1282 2680 1418 2708 humana
1426 2689 1506 2716 voce,
1519 2681 1679 2709 ostendens
1687 2681 1847 2709 terribilem
1861 2689 1905 2708 ar-

1138 2747 1160 2764 "
1176 2747 1264 2776 Iosue
1278 2755 1309 2782 v,
1326 2749 1369 2775 13.
1418 2749 1440 2765 ¹⁹
1456 2748 1530 2776 Dan.
1546 2755 1597 2781 xu,
1613 2750 1637 2777 l.
1685 2748 1709 2765 ¹⁰
1725 2748 1796 2775 Gen.
1811 2755 1864 2782 xu,
1879 2747 1905 2774 1.

200 2791 224 2831 ξι
243 2790 315 2819 Gen.
329 2796 409 2824 xvui,
427 2790 452 2815 t.
489 2788 513 2804 ²²
529 2787 600 2814 Gen.
615 2791 676 2818 nu,
693 2786 706 2811 1
723 2790 810 2820 seqq.
848 2783 872 2800 ³⁸
887 2783 957 2811 Gen.
972 2791 1007 2810 xx

1129 2803 1136 2811 .
1173 2783 1197 2800 "
1213 2783 1284 2812 Gen.
1297 2791 1389 2820 χχιιι,
1405 2785 1450 2811 28.
1488 2784 1512 2801 ²⁵
1530 2785 1624 2812 Exod.
1639 2791 1701 2818 xxv,
1717 2784 1731 2810 1
1749 2791 1836 2820 seqq.
