1944 3084
34 125 74 150 581

35 229 216 264 splendorem
230 229 283 264 qui
294 237 330 256 ex
345 237 381 256 eo
392 229 551 262 emicabat,
568 230 654 257 valde
671 229 797 257 territus.
809 227 854 254 di-

35 274 82 301 xit:
92 275 177 301 Parce
190 273 279 307 mihi,
291 281 381 309 parce
395 274 465 301 mihi
480 275 614 302 Domine.
627 276 699 302 Nam
711 274 853 309 ignorans

37 317 153 353 peccavi.
179 318 238 346 Sed
257 319 335 346 hanc
360 318 426 346 licet
453 319 597 346 visionem
623 319 787 354 aspexisset
805 319 853 345 lla.

37 363 114 396 laam,
125 370 186 390 non
197 363 301 390 statim
313 366 358 390 est
372 371 508 390 reversus
520 371 527 395 ;
540 363 591 390 sed
606 364 684 390 venit
698 363 735 390 ad
751 370 854 397 regem

37 407 119 439 Baiae,
133 407 184 442 qui
196 415 271 434 eum
286 410 463 442 accerseret,
478 409 509 435 ut
529 407 678 435 desiderio
691 407 755 442 ejus
768 406 852 433 satis-

36 451 138 478 faceret.
155 451 213 478 Sed
230 451 325 479 ambo
347 459 365 478 a
380 460 473 487 scopo
490 452 675 479 exciderunt.
689 453 760 479 Nam
783 458 853 478 cum

36 497 59 523 in
71 495 208 523 altissimo
224 496 294 523 loco
310 496 439 524 stetisset
451 496 583 528 Balaam.
599 499 626 524 et
651 496 854 532 conspexisset

36 544 118 568 castra
132 540 224 568 Israel
242 543 393 575 tanquam
411 540 518 568 cedros
534 545 655 577 propter
667 548 773 576 aquas,
786 548 853 575 pro-

38 585 172 620 pheticum
183 584 432 613 benedictionem
444 585 511 614 loco
524 585 737 613 exsecrationis
753 585 797 612 vel
811 584 853 611 in-

38 629 100 655 vitus
111 632 190 656 vates
204 629 316 657 effatus
329 632 375 657 est
401 630 514 666 populo
540 630 708 663 lsraelitico,
733 629 852 656 dicens:

39 684 48 697 ιι
60 672 165 701 Orietur
177 673 267 701 stella
284 681 319 700 ex
335 675 437 707 Jacob,
449 677 478 702 et
493 677 595 708 surget
609 675 699 702 homo
715 681 749 701 ex
767 673 854 701 Israel

38 718 227 752 etcont'ringet
236 718 333 745 duces
343 718 437 750 Moab,
453 730 463 741 ι
477 721 531 746 etc.
546 719 668 754 Propter
679 718 791 746 malum
804 726 854 745 au-

39 766 85 789 tem
96 762 220 790 omnino
230 763 485 790 etexsecrandum
494 771 582 791 suum
593 763 854 798 consilium,quod

38 807 165 840 merebat,
181 807 307 836 Balaam
320 808 435 843 accepit
451 809 574 836 exitium

601 123 647 150 DE
668 123 695 151 s.
717 111 892 150 MICHAELE
911 102 1169 152 ABCHAi‘JGELO.‘

35 184 160 219 changeti
173 183 333 212 visionem.
353 184 473 213 Balaam
487 186 589 213 autem
606 193 675 213 cum
691 183 854 220 aspexisset
872 192 894 218 Α
909 182 1016 210 acerbe
1029 182 1112 217 dixit,
1138 187 1169 213 ut
1186 187 1232 213 est
1245 185 1404 213 verisimile
1425 195 1431 214 :

1683 119 1734 156 582

1461 188 1602 215 Nosterne
1628 195 1670 219 es,
1693 196 1733 217 an

908 225 1176 256 adversariorum?
1197 229 1360 257 Praeclarus
1387 231 1467 258 enim
1492 234 1560 258 tuus
1577 234 1604 259 et
1634 233 1734 260 varius

908 274 1049 306 aspectus
1062 273 1165 301 incitat
1181 282 1238 305 me,
1268 277 1299 301 ut
1323 278 1349 301 te
1373 275 1560 309 interrogem.
1592 276 1642 303 Dic
1664 284 1734 314 ergo

909 315 981 342 mihi
995 316 1089 349 ocius,
1116 317 1292 353 priusquam
1315 322 1344 346 te
1359 319 1462 346 caesim
1483 319 1654 354 aggrediar.
1671 322 1736 348 Non

908 360 987 387 enim
1003 362 1148 395 convenit,
1167 363 1271 390 utacie
1295 362 1396 391 relicta
1410 363 1439 390 in
1468 363 1651 397 discrimine,
1679 372 1735 399 ego

908 406 934 430 te
950 411 1075 439 pergam
1101 406 1222 442 alloqui.
1250 407 1383 435 Arbitror
1403 408 1484 435 enim
1500 411 1526 435 te
1557 409 1656 436 venire
1677 417 1733 437 nos

908 449 1105 484 speculatum.
1117 451 1165 478 Sin
1192 455 1293 479 autem
1307 452 1410 479 venisti
1427 453 1590 488 transfuga,
1618 453 1735 488 abjecto

907 493 964 520 hoc
976 497 1027 521 tuo
1040 495 1166 523 micante
1182 496 1291 531 gladio,
1309 497 1349 524 sis
1363 497 1421 525 cito
1436 497 1606 529 nobiscum,
1621 500 1650 525 et
1664 498 1737 526 libe-

908 545 973 564 rare
987 538 1026 565 ab
1042 539 1142 573 exitio,
1155 540 1236 576 quod
1251 541 1351 576 impiae
1373 541 1439 568 urbi
1461 541 1576 570 Jericho
1588 542 1734 578 imminet,

909 581 958 610 Sin
973 586 1073 611 autem
1096 592 1129 612 es
1145 588 1254 618 noster,
1279 594 1331 613 cur
1345 586 1426 615 solus
1443 590 1503 614 stas
1516 590 1599 615 extra
1628 588 1735 622 aciem,

908 634 977 662 quea
988 631 1122 656 versatur
1132 629 1162 656 in
1176 630 1337 658 certamiue
1348 631 1362 658 ?
1379 631 1428 658 Dic
1446 631 1519 658 mihi
1536 635 1635 660 autem
1660 632 1737 660 ocis-

909 671 993 704 sime,
1015 680 1070 707 ego
1088 674 1168 701 enim
1181 682 1215 701 ex
1229 674 1333 709 lingua
1348 675 1491 703 Hebraica
1516 679 1541 703 te
1557 684 1734 711 agnoscam.

910 717 976 743 Haec
997 724 1067 744 cum
1091 718 1286 753 interrogaret
1306 720 1392 746 Jesus
1414 721 1500 755 Nave,
1527 721 1682 757 respondit
1709 721 1736 749 ei

908 760 1029 788 Michael
1042 770 1171 796 magnus
1185 763 1293 791 ductor
1309 763 1358 791 Dei
1373 764 1533 792 ordinum:
1558 766 1617 799 Ego
1630 766 1736 801 praeci-

908 812 987 840 puus
1002 805 1064 833 dux
1075 807 1231 842 copiarum
1248 808 1363 836 Domini
1375 816 1454 836 nunc
1465 810 1588 838 accessi.
1600 810 1735 838 Protinus

67 851 127 879 XIV.
141 852 228 884 Quod
240 855 345 880 autem
360 855 438 880 esset
450 852 572 881 Michael
583 853 722 889 princeps
738 852 854 881 Domini
872 859 890 885 Β
907 852 1020 883 autem,
1037 850 1160 886 abjectis
1177 852 1269 880 armis
1283 852 1355 886 suis,
1371 853 1458 880 Jesus
1471 855 1548 881 Nave
1568 854 1650 882 humi
1662 855 1732 883 ceci-

38 896 142 928 militiaz,
153 896 207 932 qui
223 897 357 924 occurrit
373 896 477 932 Balazr,
501 900 529 925 et
544 898 570 924 ei
597 897 797 931 denuntiavit,
822 900 854 925 ut

39 941 164 976 quiesset
175 940 239 968 dux
265 941 370 976 populi
393 941 577 977 Iudaeorum,
600 950 730 977 eumque
745 949 853 976 praece-

38 984 106 1012 deret
129 987 156 1013 et
179 985 334 1020 educeret,
367 989 468 1021 aperte
488 986 618 1014 ostendit
647 986 798 1022 Scriptura
823 986 853 1013 in

40 1037 145 1065 corpore
168 1030 292 1065 Moysis,
307 1033 339 1057 ut
362 1030 565 1058 divinissimus
584 1031 676 1058 Judas
699 1029 853 1067 apostolus

40 1073 113 1101 frater
126 1074 256 1107 Domini,
286 1074 360 1102 dixit
385 1074 414 1102 in
442 1068 497 1102 sua
524 1075 676 1102 Catholica
702 1075 851 1110 Epistola:

41 1117 142 1145 Michael
156 1121 261 1146 autem
279 1119 487 1154 archangelus,
513 1119 638 1155 quando
668 1119 854 1147 contendens

41 1169 96 1189 cum
120 1161 255 1196 diabolo,
281 1162 448 1191 disserebat
462 1163 499 1191 de
511 1171 636 1199 corpore
657 1163 776 1199 Moysis,
792 1171 852 1191 non

41 1214 118 1233 ausus
127 1209 171 1234 est
183 1207 452 1242 etferrejudicium
473 1207 681 1244 blasphemiae,
712 1208 763 1235 sed
780 1208 854 1235 dixit

42 1250 62 1276 ei
75 1251 211 1286 angelus:
225 1253 397 1287 lncrepette
408 1252 650 1285 Dominus.0uid
667 1256 766 1280 autem
784 1260 853 1279 cum

43 1293 148 1322 diabolo
159 1295 322 1323 dissereret
335 1295 444 1324 militia;
455 1297 595 1332 princeps
620 1296 752 1329 Michael,
781 1296 853 1324 scie-

44 1339 282 1368 mus.Conabatur
290 1339 392 1372 hOStis,
404 1343 433 1368 et
442 1340 591 1373 inimicus,
601 1344 630 1368 et
637 1340 742 1376 profan
749 1349 782 1367 us
793 1340 855 1368 dia-

44 1382 114 1410 bolus
128 1392 195 1412 cum
212 1392 337 1412 summa
350 1384 546 1421 impudentia,
563 1389 591 1413 et
605 1385 804 1413 contendebat
823 1385 853 1412 in

44 1426 150 1455 decessu
160 1429 282 1464 Moysis,
297 1429 350 1464 qui
366 1430 458 1457 Deum
469 1430 600 1457 maxime
613 1434 657 1458 est
672 1429 854 1466 contempla—

44 1475 80 1498 tus
88 1472 209 1507 eﬂicere,
225 1476 260 1501 ut.
275 1473 339 1509 ejus
359 1482 467 1510 corpus
481 1475 664 1509 redigeretur
691 1474 748 1502 sub
773 1478 854 1510 pote-

44 1519 131 1544 statem
145 1518 293 1552 interitus,
308 1521 340 1546 ut
354 1519 455 1546 nullus
469 1519 582 1547 videret
595 1520 709 1548 bonum
731 1521 852 1554 signum

45 1560 67 1587 in
78 1560 201 1590 futurum
216 1563 257 1590 ad
272 1562 440 1591 humanam
455 1564 626 1592 essentiam.
637 1565 670 1592 Et
684 1564 752 1592 ideo
777 1564 854 1592 dice-

46 1604 87 1632 bat
98 1607 301 1635 tenebricosus
313 1609 403 1636 Satan
416 1608 652 1636 luminosissimo
678 1609 727 1636 Dei
742 1609 853 1637 militias

45 1649 152 1686 principi
167 1652 312 1683 Michaeli,
324 1653 456 1688 Moysem
471 1652 576 1680 fecisse
590 1653 701 1681 caedem
714 1654 852 1689 Egyptii,

47 1696 68 1720 et
77 1694 128 1722 alia
139 1695 167 1723 in
182 1704 254 1724 eum
265 1697 456 1732 conﬁngebat
467 1697 634 1726 calumnias
658 1705 686 1726 et
710 1698 852 1726 crimina-

47 1737 135 1766 tiones.
151 1740 289 1775 Superbo
304 1748 375 1775 ergo
385 1745 413 1769 et
418 1741 606 1776 jactabundo
618 1742 739 1776 maligni
751 1742 853 1770 animo

48 1782 169 1811 resistens
183 1784 306 1812 Michael
321 1785 520 1820 archangelus
534 1788 563 1813 et
590 1786 808 1821 contradicens,
826 1789 854 1814 ct

48 1832 114 1853 nunc
120 1826 183 1861 hoc,
193 1836 274 1856 nunc
285 1828 358 1856 illud
366 1829 553 1865 respondens
564 1829 604 1858 ad
614 1838 650 1858 ea
657 1830 852 1860 confutanda.

49 1876 102 1903 qum
117 1870 210 1900 abillo
227 1873 406 1901 dicebantur
421 1874 568 1909 improbe,
583 1877 734 1910 postremo
750 1876 854 1903 videns

48 1912 101 1946 ejus
114 1914 259 1950 insignem
274 1917 504 1952 impudentiam,
529 1926 598 1946 eum
623 1919 795 1954 increpavit,
812 1919 854 1948 di-

49 1960 264 1997 cens:lncrepet
285 1964 311 1989 te
336 1961 500 1994 Dominus;
516 1963 573 1990 hoc
597 1965 658 1990 est:
684 1965 731 1997 Te,
745 1972 764 1992 ο
792 1964 853 1992 dia—

49 1998 112 2035 bole,
127 2004 228 2038 perdat
243 2006 329 2033 Deus.
360 2006 524 2042 Statimque
548 2007 669 2035 evanuit
692 2007 852 2036 sceleratus

50 2044 230 2076 adversarius.
242 2049 318 2076 Talis
331 2052 374 2076 est
387 2049 468 2078 enim
479 2050 611 2086 potentia
623 2051 749 2079 diviuiet
760 2053 852 2080 Dcum

50 2091 259 2127 contemplantis
275 2094 435 2127 Michaelis,
451 2098 480 2122 et
494 2095 558 2123 haec
570 2098 623 2130 est,
652 2104 720 2132 quae
735 2097 788 2124 fuit
811 2098 853 2125 di-

52 2135 162 2167 sputatio
176 2140 204 2164 et
218 2138 368 2166 contentio
393 2139 431 2177 in,
450 2139 577 2167 decessu
606 2141 708 2175 magni
735 2142 852 2177 Moysis.

51 2178 154 2233 quando
169 2181 234 2230 ejus
247 2189 357 2218 corpus
370 2175 543 2233 "abscondit
566 2184 687 2212 Michael
715 2175 854 2221 princeps
871 2207 892 2233 Ο

52 2221 156 2266 iuilitite,
171 2225 222 2260 qui
233 2229 277 2254 est
289 2227 493 2262 angelicarum
508 2231 688 2264 potestatum
712 2233 854 2266 praestan-

52 2264 172 2295 tissimus.

79 2310 126 2338 XV.
149 2313 230 2341 Sedis
245 2323 367 2350 quoque
382 2316 471 2344 etiam
487 2320 556 2352 post
577 2317 736 2346 deceSSum
761 2319 854 2348 divini

52 2352 132 2398 limis,
146 2365 212 2385 cum
224 2359 308 2386 Iesus
317 2361 394 2388 Nave
409 2360 551 2388 divinitus
563 2362 594 2389 in
605 2362 752 2398 populum
765 2365 853 2392 lsrae-

52 2395 145 2427 liticum
158 2402 332 2432 obtinuiSSet
354 2405 520 2441 imperium,
545 2409 573 2434 et
594 2395 662 2434 eum
688 2407 809 2436 duceret
822 2409 851 2436 in

52 2443 143 2472 terram
155 2448 371 2483 promissionis,
396 2453 424 2477 et
439 2451 596 2478 struxisset
621 2451 716 2479 aciem
749 2456 853 2481 contra

52 2485 216 2532 adversarios
229 2495 256 2519 et
269 2492 306 2520 de
321 2494 538 2522 committendo
553 2495 655 2531 prtelio
682 2496 850 2533 dissereret,

53 2536 119 2558 Visus
131 2533 154 2561 ei
169 2537 308 2572 tanquam
330 2537 510 2566 fortissimus
533 2539 617 2567 miles
641 2541 751 2569 militiae
771 2542 851 2578 prin-

53 2579 109 2609 ceps
122 2577 243 2615 Michael,
260 2584 342 2609 stans
356 2583 479 2610 omnino
492 2586 618 2619 erectus,
632 2585 699 2612 laeto
724 2577 807 2614 vultu
825 2589 852 2615 et

55 2622 118 2665 Veste
130 2622 258 2659 insignis,
271 2629 395 2662 eratque
421 2627 540 2655 strictus
567 2628 685 2663 gladius
698 2629 728 2657 in
757 2638 851 2659 manu

55 2667 115 2695 eius.
135 2668 276 2697 Accedens
293 2678 362 2698 vero
385 2671 478 2707 Jesus,
495 2672 547 2708 qui
576 2675 638 2701 erat
666 2677 810 2709 armatus,
825 2675 849 2704 ei

84 2770 103 2787 “
114 2772 191 2802 Num.
205 2784 353 2806 xxn-xxxt.
392 2780 416 2797 ’⁷
429 2779 523 2814 Judaa,
537 2783 564 2809 9.

907 894 951 922 dit
966 894 997 922 in
1010 897 1131 929 terram,
1147 896 1187 932 et}
1194 905 1263 924 eum
1274 897 1420 930 adoravit,
1450 897 1553 925 dicens
1566 907 1572 925 :
1598 900 1734 932 Domine,

906 937 1039 971 domine,
1054 940 1127 975 quid
1139 940 1270 976 imperas
1282 945 1332 969 tuo
1346 941 1483 969 famulo?
1500 944 1574 970 Nam
1589 951 1644 978 ego
1659 951 1733 979 quo-

906 990 966 1018 que
979 991 1046 1010 sum
1064 987 1131 1011 tuus
1144 985 1285 1020 famulus,
1299 985 1375 1013 sicut
1389 986 1479 1013 etiam
1492 986 1633 1014 dominus
1646 995 1735 1015 meus

907 1027 1035 1062 Moyses.
1052 1028 1093 1055 Tu
1122 1036 1240 1056 mecum
1266 1037 1388 1065 quoque
1413 1029 1471 1057 duc
1493 1030 1669 1063 exercitum,
1686 1039 1734 1059 me

908 1074 1063 1106 perpetuo,
1089 1072 1166 1100 sicut
1200 1073 1297 1108 illum,
1326 1073 1536 1102 corroborans.
1567 1076 1641 1102 Ecce
1653 1075 1735 1103 enim

908 1114 1055 1143 adversus
1068 1116 1171 1144 hostes
1183 1117 1296 1146 fortiter
1310 1118 1403 1146 direxi
1419 1118 1527 1154 aciem,
1543 1119 1635 1147 fretus
1659 1119 1734 1147 invi-

908 1159 961 1187 ctis
976 1160 1034 1188 tuis
1046 1161 1168 1193 viribus,
1185 1169 1238 1197 per
1253 1170 1329 1198 quas
1343 1170 1440 1190 saevus
1459 1166 1488 1190 et
1499 1163 1641 1191 immanis
1661 1164 1734 1192 Pha-

906 1211 960 1232 rao
984 1212 1052 1232 cum
1078 1207 1139 1233 toto
1154 1206 1295 1241 exercitu,
1311 1206 1457 1241 colligatis
1483 1207 1573 1235 simul
1590 1216 1734 1236 curruum

907 1248 1027 1283 axibus,
1044 1253 1075 1277 ut
1092 1251 1166 1278 mari
1186 1250 1321 1280 funditus
1344 1251 1520 1279 obrueretur
1535 1252 1676 1280 effecisti:
1706 1257 1735 1280 et

907 1293 960 1330 qui
975 1293 1134 1322 dominum
1146 1303 1246 1323 meum
1260 1297 1378 1331 Moysen
1389 1296 1418 1323 in
1433 1296 1480 1324 via
1493 1297 1668 1325 obsistendo
1677 1297 1732 1326 im-

908 1338 1074 1374 pedierunt,
1091 1339 1201 1375 impios
1216 1339 1358 1368 Moabitas
1369 1340 1408 1368 ad
1423 1341 1657 1369 internecionem
1685 1342 1734 1370 de-

908 1382 1010 1410 levisti.
1021 1383 1097 1415 Quid
1105 1383 1236 1419 imperas
1246 1384 1359 1411 famulo
1369 1387 1433 1417 tuo,
1448 1385 1568 1413 domine
1579 1388 1594 1413 ?
1605 1386 1732 1414 Sanctis-

909 1426 1003 1454 simus
1019 1430 1120 1455 autem
1136 1428 1276 1464 princeps
1289 1429 1337 1456 Dei
1353 1429 1464 1456 militias
1488 1429 1559 1457 dicit
1582 1430 1626 1458 ei:
1647 1431 1733 1459 Solve

908 1471 1025 1499 calceos
1050 1480 1082 1499 ev
1098 1472 1226 1508 pedibus
1240 1473 1308 1500 tuis.
1325 1473 1419 1500 Locus
1446 1473 1526 1501 enim
1539 1474 1568 1502 in
1581 1483 1643 1511 quo
1661 1479 1733 1510 stas,

908 1518 952 1543 est
961 1519 1090 1544 sanctus.
1106 1516 1192 1549 Quod
1208 1525 1276 1544 cum
1292 1517 1390 1545 statim
1407 1517 1520 1545 factum
1535 1522 1623 1553 esset,
1644 1519 1734 1555 jussit

908 1563 941 1588 ut
953 1560 1096 1588 audacter
1104 1561 1259 1589 invaderet
1269 1561 1374 1589 urbem
1390 1561 1483 1595 illam,
1499 1564 1614 1598 septem
1639 1572 1732 1592 muris

908 1605 1115 1633 circundatam
1125 1609 1153 1633 et
1159 1606 1226 1633 inex
1232 1606 1425 1642 pugnahilem
1435 1615 1442 1634 :
1452 1608 1481 1634 et
1489 1606 1544 1634 sim
1551 1607 1579 1635 ul
1589 1610 1678 1644 atque
1689 1608 1733 1636 in-

908 1650 1109 1678 vasissetcum
1117 1653 1229 1686 septem
1237 1650 1445 1678 sacerdotibus
1456 1650 1529 1678 tuba
1540 1652 1729 1683 canentibus.

907 1702 975 1722 eam
989 1694 1028 1722 ad
1043 1694 1140 1722 solum
1155 1702 1249 1731 usque
1264 1694 1354 1722 diruit
1368 1694 1596 1727 admirabiliter,
1621 1700 1649 1724 et
1663 1705 1732 1726 eam

909 1742 1001 1766 totam
1015 1747 1084 1766 cum
1103 1739 1245 1767 omnibus
1260 1739 1376 1767 aedibus
1395 1742 1424 1767 et
1442 1739 1550 1768 divitiis
1563 1741 1685 1776 exussit,
1701 1745 1734 1770 ut

908 1783 960 1819 qui
984 1791 1052 1811 eam
1083 1784 1219 1816 Domino,
1247 1786 1391 1820 tanquam
1412 1787 1622 1813 consecratum
1637 1785 1733 1815 dona-

907 1829 986 1857 rium
1000 1832 1029 1856 et
1052 1829 1162 1864 praedae
1191 1828 1348 1865 primitias,
1376 1828 1525 1856 obtulerit.
1556 1830 1666 1858 Deinde
1690 1831 1733 1859 sic

908 1876 1013 1909 postea
1027 1873 1131 1908 viginti
1144 1876 1172 1901 et
1184 1881 1292 1901 novem
1305 1880 1402 1908 reges,
1413 1876 1520 1909 praeter
1532 1874 1648 1902 Jericho
1663 1883 1733 1903 cum

908 1926 1012 1946 eorum
1037 1918 1214 1946 exercitibus
1243 1920 1271 1946 et
1297 1917 1421 1945 urbibus
1435 1919 1518 1946 Jesus
1545 1920 1624 1947 Nave
1652 1919 1732 1947 ﬁlius

909 1963 1106 1998 consumpsit.
1129 1971 1189 1990 non
1218 1963 1336 1990 habens
1363 1962 1523 1995 civitatem,
1553 1971 1615 1991 non
1639 1964 1732 1992 ullam

908 2007 978 2034 belli
993 2006 1106 2039 sedem,
1122 2014 1183 2034 non
1195 2006 1313 2037 milites,
1325 2006 1378 2042 qui
1394 2005 1484 2034 ullam
1500 2006 1646 2035 haberent
1660 2008 1729 2036 belli

907 2051 1054 2087 peritiam,
1069 2050 1121 2077 sed
1133 2050 1235 2078 divino
1243 2053 1328 2083 nutu,
1342 2053 1370 2079 et
1385 2050 1496 2078 auxilio
1511 2051 1636 2079 maximi
1646 2051 1732 2080 ducis

908 2097 1043 2124 omnium
1057 2095 1220 2124 cmlestium
1236 2098 1427 2132 potestatum.

944 2141 1008 2169 XVI.
1027 2142 1094 2168 Erat
1107 2140 1186 2168 enim
1200 2140 1247 2168 hic
1262 2140 1372 2168 militiae
1399 2141 1550 2176 princeps,
1565 2141 1617 2177 qui
1640 2141 1730 2170 etiam

907 2186 938 2214 in
952 2185 1067 2214 Goliath
1077 2192 1155 2221 pone
1165 2188 1211 2212 est
1217 2184 1378 2220 jaculatus.
1390 2187 1419 2212 et
1434 2193 1504 2213 eum
1518 2193 1650 2221 pronum
1665 2194 1732 2222 pro-

908 2231 1020 2265 stravit,
1029 2229 1153 2266 quando
1164 2228 1267 2256 divina
1276 2228 1370 2256 funda
1382 2228 1436 2256 fuit
1446 2237 1607 2265 percussus
1619 2231 1668 2259 Dei
1678 2239 1733 2268 pa-

907 2275 998 2303 rentis
1015 2274 1117 2302 David.
1134 2273 1192 2301 Nisi
1208 2273 1288 2301 enim
1303 2273 1427 2308 angelus
1442 2274 1558 2301 Domini
1569 2283 1638 2302 eum
1654 2283 1732 2311 pone

908 2319 1113 2356 percussisset,
1129 2318 1253 2354 supinus
1269 2317 1423 2345 cecidisset
1436 2317 1465 2345 iu
1484 2318 1581 2347 fronte
1608 2322 1732 2356 accepto

907 2365 1031 2393 vulnere
1043 2365 1077 2391 η.

943 2409 1021 2437 XVll.
1037 2407 1182 2436 Eumdem
1199 2409 1299 2435 autem
1315 2406 1482 2434 maximum
1498 2407 1608 2435 militias
1624 2409 1732 2444 princi-

907 2462 976 2490 pem
989 2453 1070 2481 videt
1093 2454 1181 2480 etiam
1200 2452 1247 2480 Dei
1264 2459 1402 2479 summus
1416 2451 1635 2487 contemplator
1660 2461 1730 2488 pro-

906 2499 998 2534 pheta
1009 2497 1120 2532 Daniel,
1138 2504 1268 2531 arguens
1279 2495 1447 2531 sceleratos,
1461 2495 1513 2531 qui
1527 2495 1672 2524 adversus
1684 2505 1731 2526 ca-

907 2545 984 2569 stam
1001 2543 1169 2570 Susannam
1180 2540 1372 2573 insanierant,
1383 2542 1410 2567 et
1426 2539 1495 2567 dicit
1510 2538 1592 2567 alteri
1608 2547 1728 2568 eorum:

907 2598 921 2611 ‹‹
933 2587 1093 2622 Exspectat
1107 2584 1231 2620 angelus
1247 2584 1298 2612 Dei
1305 2583 1369 2620 jam
1382 2586 1486 2611 tenens
1499 2583 1642 2619 gladium,
1661 2586 1693 2612 ut
1702 2586 1730 2613 te

906 2633 984 2658 secet
1003 2630 1137 2658 medium
1147 2629 1180 2656 ³ο.
1196 2640 1209 2655 ››
1223 2629 1298 2662 Quin
1314 2629 1404 2656 etiam
1426 2631 1587 2664 postquam
1603 2628 1684 2656 venit
1699 2629 1729 2657 in

906 2679 1037 2703 mentem
1055 2675 1103 2702 Dei
1116 2674 1232 2711 parenti
1243 2676 1271 2702 et
1283 2673 1345 2708 regi
1358 2672 1462 2709 David,
1479 2673 1546 2702 facti
1561 2673 1599 2702 ab
1610 2681 1646 2701 eo
1659 2681 1729 2710 pec-

614 2781 638 2798 ’⁸
652 2783 742 2811 Josue
757 2791 838 2813 v—xu.
875 2784 900 2802 ³⁸
913 2785 935 2813 Ι.
951 2785 1020 2820 Reg.
1036 2791 1106 2818 xm,
1125 2786 1134 2813 l
1151 2790 1237 2820 seqq.
1274 2781 1298 2801 3°
1313 2781 1399 2818 Dan.,
1416 2789 1473 2815 xui,
1485 2783 1528 2811 59.
