1944 3084
190 72 243 101 583

803 63 1044 98 PANTALEONIS
1062 68 1205 99 DIACONI
1224 65 1275 100 ΟΡ.

1841 71 1896 98 584

189 134 256 168 cati,
268 135 298 162 et
305 133 457 168 egregiam
465 132 548 161 illam
555 132 821 169 compunctionem
832 134 861 160 ct
870 132 1014 168 pmniten-
1030 134 1053 160 A
1067 132 1167 160 lorum
1182 133 1440 161 infestissimorum
1450 132 1562 162 factam
1588 133 1714 169 cladem,
1732 133 1760 161 et
1774 134 1897 169 turpem

188 179 260 208 tiam
273 178 332 207 cito
340 177 478 211 ostendit,
490 183 560 205 cum
575 185 638 213 qua
650 178 725 205 ﬂens
739 185 775 205 ex
788 177 938 213 profundo
948 185 1013 205 cor-

187 224 234 252 dis
248 223 406 251 clamavit:
421 222 567 251 «Peccavi
579 223 704 250 Domino
717 231 723 258 ;
737 234 750 248 υ
763 225 925 258 postquam
939 220 1013 250 vidit

187 268 334 304 propheta
348 267 464 295 Nathan
475 267 626 302 angelum,
638 267 690 303 qui
699 270 761 295 erat
771 269 905 303 paratus,
916 274 1012 295 reces-

186 313 273 346 sisse,
288 312 361 340 dixit
373 312 476 340 divino
489 311 594 340 Davidi
608 322 614 340 :
633 323 642 337 ι
657 312 801 340 Dominus
812 319 934 348 quoque
944 311 1010 339 abs-

186 357 252 386 tulit
267 359 423 393 peccatum
434 358 538 391 tuum;
553 364 615 385 non
634 356 770 385 morieris
784 357 818 390 3‘,
836 367 850 382 »
865 363 1011 391 magnam

186 401 402 430 etinetfabilem
414 401 536 436 benigni
546 401 596 429 Dei
607 401 771 430 bonitatem
782 401 1009 435 eiannuntians,

185 449 215 474 et
230 454 299 474 eum
313 445 481 475 consolans.

222 492 313 519 XVIII.
332 492 397 519 lam
413 498 484 520 vero
503 498 571 519 cum
588 491 792 520 exsecrandus
807 490 1010 519 Sennacherib

184 543 237 565 rex
249 536 450 572 Assyriorum,
460 535 605 572 plurimas
614 538 718 571 gentes
732 535 898 570 redegisset
909 535 939 563 in
950 543 1010 563 ser-

184 580 245 609 vitu
251 583 319 614 tem,
327 579 585 609 etmultasludwm
593 580 723 608 munitas
732 580 1009 616 cepissetcivitatesa

183 626 265 654 venit
271 628 298 653 et
304 625 500 653 circumdedit
509 625 673 653 Jerusalem
680 633 749 653 cum
756 625 897 654 maximis
905 625 980 660 copii
986 633 1012 665 ε,

184 673 211 699 et
225 670 327 698 statuit
357 669 534 705 Rasphacen
559 670 758 698 saevissimum
789 677 878 697 suum
903 669 1011 697 ducem

183 715 222 743 ad
236 714 386 751 piscinam
396 713 453 742 vim
467 714 642 751 superioris,
663 716 692 742 et
707 714 849 742 clamavit
868 714 1011 742 Hebraice

184 760 224 788 ad
238 759 394 788 Ezechiam
407 761 436 787 et
444 759 573 794 Judaeos,
588 759 639 796 qui
651 759 776 787 erantin
787 759 915 794 civitate,
927 758 1009 786 blas-

1067 177 1188 205 illorum
1195 177 1312 213 fugam,
1325 186 1361 206 ne
1368 177 1409 205 sic
1417 178 1541 214 quidem
1555 181 1714 214 potuerunt
1728 177 1898 212 intelligere

1067 224 1095 250 et
1107 229 1283 257 agnoscere,
1299 222 1353 251 sed
1372 222 1513 251 dicebant
1525 232 1530 250 :
1540 224 1642 251 Manus
1656 226 1759 251 nostra
1773 222 1899 250 excelsa.

1065 266 1134 295 fecit
1146 267 1210 295 haec
1223 268 1326 296 omnia
1339 268 1488 304 prodigia.
1506 269 1666 304 Propterea
1691 267 1814 296 tradidit
1843 274 1898 294 eos

1066 312 1085 338 D
1091 312 1273 340 eusomnino
1279 312 1308 340 in
1317 320 1424 347 manus
1431 312 1709 340 Nabuchodonosor
1716 312 1796 347 regis
1808 310 1899 340 Chal-

1065 356 1210 392 daeorum,
1227 358 1275 394 qui
1286 358 1376 386 etiam
1387 358 1590 386 diruitomnes
1601 365 1705 386 muros
1712 356 1898 390 Jerusalem,

1064 403 1092 429 et
1102 401 1234 430 incendit
1246 402 1395 431 civitatem
1408 405 1511 437 totam,
1529 405 1558 430 et
1571 402 1697 431 domum
1722 401 1856 436 Domini,
1872 404 1900 429 et

1064 446 1143 475 bello
1158 449 1248 483 capta
1261 447 1376 484 accepit
1395 455 1468 476 vasa
1492 455 1588 482 sacra,
1617 449 1645 475 et
1669 446 1898 475 multitudinem

1064 491 1235 520 divitiarum
1251 500 1365 527 eorum,
1382 494 1410 520 et
1422 492 1508 520 duxit
1521 491 1624 520 omnia
1648 492 1848 528 Babylonem.
1867 492 1900 518 Et

1065 535 1186 564 fuerunt
1199 536 1294 564 Judmi
1304 537 1463 565 servientes
1474 537 1505 564 in
1521 536 1687 573 captivitate
1695 543 1767 565 cum
1779 542 1898 570 magno

1066 583 1147 609 metu
1161 582 1315 616 Chaldaeis,
1328 581 1459 610 colentes
1473 590 1579 610 omnes
1591 589 1696 610 eorum
1718 581 1897 615 simulacra,

1067 629 1171 663 praeter
1183 629 1304 654 sanctos
1316 629 1374 655 tres
1395 634 1505 664 pueros
1526 629 1555 655 ct
1583 626 1763 663 prophetam
1790 625 1899 654 Danie~

1065 671 1136 700 lem.

1103 717 1152 745 XX.
1171 716 1204 744 lli
1215 716 1295 745 enim
1309 716 1362 745 soli
1379 716 1432 744 viri
1445 716 1495 752 pii,
1512 715 1627 744 etiamsi
1655 715 1745 752 plane
1762 715 1897 743 infantes

1064 761 1297 790 abductiessent
1311 762 1341 789 in
1352 762 1564 798 captivitatem,
1578 761 1629 789 Dei
1657 761 1801 789 timorem
1819 768 1896 788 sem-

183 805 296 841 phema
306 804 399 833 verba
413 804 516 833 dicens
531 807 559 832 et
573 804 725 833 satanica:
744 815 757 829 ‹‹
773 804 840 832 Haec
851 807 951 832 autem
965 804 1008 832 di-
1024 812 1044 840 Β
1063 814 1117 843 per
1126 806 1278 840 habentes,
1294 814 1356 834 non
1376 814 1444 834 cum
1469 806 1515 834 sui
1543 805 1660 841 generis
1684 804 1893 842 pontiﬁcibus,

182 850 221 879 cit
234 849 320 878 vobis
337 857 388 877 rex
403 856 533 884 magnus
557 849 769 885 Assyriorum:
801 850 872 882 Quae
887 851 932 877 est
943 849 1008 878 haec

182 894 304 930 ﬁducia,
319 902 381 930 qua
395 893 554 928 conﬁditis,
570 894 653 930 quod
668 894 784 922 dicitis:
800 895 832 922 ln
847 894 1007 921 Dominum

183 941 277 968 Deum
289 938 888 973 conﬁdimus?Egrediminiaddominum
904 946 1006 966 meum

181 986 333 1019 potentem
362 990 464 1018 regem
490 983 703 1018 Sennacherib,
719 985 748 1011 et
771 983 886 1016 vivetis,
904 985 1004 1011 etnon

181 1027 366 1057 moriemini:
387 1030 416 1055 et
430 1027 567 1055 comedet
580 1027 626 1055 vir
651 1027 744 1055 ﬁcum
758 1035 856 1062 suam,
872 1029 899 1055 et
924 1027 1007 1056 bibet

180 1074 269 1102 vitem
280 1080 365 1100 suam
377 1081 383 1100 :
396 1071 577 1108 etaccipiam
588 1080 625 1099 ex
634 1071 719 1100 vobis
728 1072 757 1099 in
770 1074 880 1100 terram
895 1080 1003 1107 meam,

181 1120 210 1146 et
223 1117 397 1153 glorificabo
406 1116 493 1145 valde
505 1118 533 1143 et
547 1116 750 1151 magniﬁcabo
763 1124 769 1144 :
788 1119 817 1144 et
829 1124 865 1145 ne
877 1116 1006 1144 audiatis

181 1162 345 1193 Ezechiam,
361 1161 506 1197 quoniam
520 1168 573 1188 vos
588 1160 707 1196 decipit,
721 1161 824 1189 dicens
837 1171 843 1189 :
862 1161 1004 1189 Dominus

181 1206 391 1235 nosliberabit.
400 1208 475 1234 Num
482 1205 642 1233 liberantes
649 1205 814 1233 liberarunt
821 1205 861 1233 dii
871 1206 1004 1240 gentium

181 1252 390 1288 unusquisque
402 1259 489 1278 suam
496 1250 650 1285 regionem
659 1258 775 1278 amanu
786 1250 865 1285 regis
872 1251 1004 1287 Assyrio-

179 1305 246 1326 rum
256 1298 270 1326 ?
284 1308 293 1322 ι
304 1298 445 1324 ΗεΕοοιιω
454 1294 754 1330 audiissethechias,
762 1294 859 1323 induit
869 1303 1001 1331 saeuum,

179 1345 207 1370 et
216 1342 368 1377 ingressus
379 1343 422 1368 est
430 1340 460 1368 in
471 1341 596 1368 domum
605 1347 700 1375 suam,
714 1342 741 1367 et
753 1339 833 1368 ﬂevit
845 1340 1003 1368 vehemen-

179 1389 232 1420 ter,
247 1387 350 1415 dicens
366 1394 372 1413 :
387 1397 401 1411 ››
416 1385 538 1413 Domine
552 1386 629 1413 Deus
640 1384 738 1418 Israel,
750 1393 801 1421 qui
813 1384 898 1412 sedes
914 1393 1003 1421 super

178 1432 344 1466 cherubim,
360 1433 388 1458 et
402 1430 432 1458 in
448 1430 552 1458 orbem
568 1429 763 1458 circumdaris
788 1432 816 1457 et
830 1430 1003 1465 gloriﬁcaris

178 1485 239 1505 non
247 1477 333 1505 tacite
342 1484 359 1504 a
366 1475 560 1511 seraphim,et
568 1474 606 1502 ab
617 1474 754 1502 omnibus
762 1475 872 1502 sanctis
879 1475 1001 1509 angelis.
1018 1491 1038 1518 ρ

178 1523 219 1550 Tu
234 1523 308 1548 Deus
320 1519 401 1548 solus
413 1519 443 1547 in
458 1519 600 1547 omnibus
614 1519 713 1555 regnis
733 1522 827 1547 terrae.
845 1519 888 1547 Tu
909 1519 1004 1547 fecisti

178 1565 286 1594 coelum
298 1567 325 1593 et
334 1567 452 1599 terram,
466 1567 493 1592 et
504 1564 606 1592 omnia
616 1571 683 1599 quae
693 1566 762 1591 sunt
774 1564 804 1591 in
815 1563 868 1591 eis.
878 1564 1001 1598 Inclina,

178 1611 311 1643 Domine,
324 1611 531 1643 auremtuam,
544 1611 571 1636 et
582 1608 671 1637 audi:
686 1609 778 1644 aperi,
793 1608 1001 1641 Domine,oen-

176 1655 222 1683 los
238 1658 314 1688 tuos,
335 1656 363 1681 et
374 1653 450 1687 vide,
464 1656 491 1681 ct
502 1652 621 1681 attende
633 1660 789 1680 sermones
801 1652 1003 1681 Sennacherib

175 1707 252 1736 quos
267 1697 563 1734 emisit,exprobrans
578 1699 669 1725 Deum
682 1697 840 1731 viventem,
854 1697 1002 1729 Quoniam

176 1745 206 1772 in
217 1744 347 1778 veritate,
360 1742 635 1776 Domine,desertas
642 1741 837 1769 reddiderunt
845 1744 948 1776 gentes
957 1750 1001 1770 re-

176 1797 227 1824 ges
236 1788 575 1824 Assyriorum.Etnunc,
586 1786 708 1814 Domine
716 1788 791 1813 Deus
799 1789 908 1822 noster,
917 1795 1003 1815 serva

175 1843 231 1863 nos
243 1842 261 1862 δ.
272 1841 364 1861 manu
381 1832 455 1867 ejus,
469 1834 495 1859 et
504 1832 686 1865 cognoscent
697 1831 799 1858 omnia
811 1838 904 1865 regna
917 1834 1002 1860 terrte

176 1880 258 1917 quod
274 1881 304 1907 tu
320 1886 351 1906 es
368 1877 511 1905 Dominus
528 1878 605 1903 Deus
635 1875 727 1903 solus.
747 1876 779 1903 Et
807 1883 943 1910 egressus
960 1880 1002 1905 est

175 1923 300 1959 angelus
315 1921 432 1950 Domini
452 1922 537 1948 nocte
557 1920 617 1954 illa,
635 1922 663 1948 et
677 1920 823 1948 interfecit
839 1929 871 1948 ex
898 1922 1003 1950 castris

174 1968 365 2004 Assyriorum
381 1966 501 1993 centum
520 1963 673 1999 octoginta
698 1965 833 2001 quinque
852 1965 953 1994 millia.
971 1968 1004 1996 Et

175 2021 245 2042 cum
258 2019 347 2039 mane
362 2009 571 2044 surrexissent,
586 2009 765 2037 invenerunt
780 2017 907 2045 corpora
922 2019 1002 2039 mor-

174 2060 234 2087 tua.
250 2057 283 2085 Et
294 2056 367 2084 dum
381 2056 559 2082 averteretur
572 2057 600 2081 et
610 2054 724 2088 fugeret
745 2053 795 2081 Dei
809 2054 903 2082 hostis
913 2058 1002 2091 Assy-

172 2103 234 2131 rius
254 2098 468 2131 Sennacherib,
483 2106 551 2125 eum
565 2098 779 2126 interemerunt
800 2099 860 2126 duo
874 2099 925 2127 ﬁlii
937 2100 1003 2135 ejus

174 2145 338 2182 graviterin
351 2143 463 2178 gladio,
478 2150 563 2170 «cum
575 2143 789 2179 permansisset
798 2143 881 2171 nulla
893 2144 1002 2173 ductus

172 2188 348 2226 paenitentia
361 2187 395 2213 ³⁸.
413 2186 504 2222 Cujus
531 2189 633 2215 autem
652 2187 708 2214 fuit
722 2187 779 2215 hoc
805 2188 998 2230 stupendum,

172 2234 410 2271 praeclarumque
423 2233 451 2260 et
464 2231 640 2260 admirabile
654 2231 770 2259 facinus
789 2234 817 2259 et
839 2234 971 2268 potentia
986 2234 1000 2262 ?

172 2286 274 2308 nonne
283 2277 417 2306 omnium
429 2276 508 2311 regis
521 2276 637 2303 Domini
648 2275 785 2303 Sabaoth
797 2276 940 2312 principis
952 2285 999 2306 co-

171 2324 292 2361 piarum
303 2321 434 2354 Michael,
450 2320 502 2357 qui
513 2328 575 2348 non
589 2320 670 2348 visus
682 2320 767 2348 duxit
782 2321 955 2357 exercitum,
971 2325 999 2351 et

172 2367 362 2397 adversarios
378 2365 522 2402 temporis
536 2367 691 2393 momento
705 2365 767 2393 sine
783 2365 881 2400 gladio
897 2370 998 2403 aperte

171 2413 309 2446 concidit,
327 2412 357 2440 in
386 2410 531 2440 auxilium
547 2412 574 2437 et
602 2409 770 2437 custodiam
798 2413 998 2448 suorum,qui

171 2466 255 2496 spem
274 2464 361 2485 suam
375 2456 562 2484 collocarunt
573 2454 603 2482 in
619 2456 712 2482 Deum
722 2454 826 2483 vivum
836 2455 995 2492 ultionum,

170 2507 198 2532 et
212 2503 260 2539 qui
273 2501 354 2531 solus
366 2502 465 2537 potest
482 2507 602 2527 servare
618 2499 632 2526 ?

205 2550 268 2576 XlX.
287 2546 344 2575 Sed
372 2544 479 2580 ingrati
503 2543 610 2578 Judaei,
630 2545 659 2571 et
674 2543 762 2577 stulti,
790 2545 818 2571 et
840 2544 995 2578 increduli,

170 2595 197 2621 et
210 2591 315 2628 ignari,
329 2590 380 2627 qui
391 2589 588 2625 plurimorum
601 2588 772 2615 divinorum
781 2587 996 2618 beneﬁciorum

168 2637 289 2665 fuerunt
302 2636 506 2666 immemores,
518 2635 585 2669 post
596 2640 691 2660 manu
701 2631 800 2666 angeli
816 2632 949 2662 hostium
961 2634 995 2662 il-

205 2717 225 2733 3'
244 2718 265 2744 ll
282 2718 352 2751 Reg.
368 2724 414 2749 xu,
428 2716 472 2744 13.
512 2715 534 2732 ³³
551 2715 583 2741 lV
598 2715 670 2749 Reg.
686 2720 761 2747 imit,
777 2713 872 2743 28-33.

170 2755 182 2784 1
200 2760 284 2790 seqq.
302 2752 324 2769 ³⁵
343 2751 419 2780 Psal.
436 2757 538 2784 χχχιιι,
553 2751 576 2777 8.

1016 2167 1038 2193 D

919 2715 943 2733 ³³
958 2716 992 2743 ιν
1008 2717 1077 2751 Heg.
1094 2724 1150 2751 χιχ,
1169 2718 1247 2743 15-57
1295 2716 1317 2733 ³³
1334 2715 1368 2742 lV
1384 2716 1454 2750 Reg.
1469 2722 1537 2745 xxv,
1557 2715 1566 2742 l
1586 2721 1671 2750 seqq.

1063 851 1173 879 Scribis
1190 853 1218 879 et
1239 851 1398 879 Pharisteis
1412 858 1448 878 eo
1471 850 1592 878 deducti
1607 853 1685 883 sunt,
1714 852 1747 878 ut
1759 849 1897 878 colerent

1063 895 1147 929 deos,
1174 895 1225 932 qui
1252 903 1314 924 non
1339 897 1410 923 sunt
1431 902 1529 931 neque
1542 895 1659 930 regium
1673 894 1748 922 illud
1769 894 1895 930 jussum

1061 940 1225 969 timuerunt
1238 949 1244 968 :
1259 939 1313 968 sed
1332 939 1362 968 in
1374 941 1467 968 Deum
1482 939 1592 973 vivum,
1609 939 1660 976 qui
1684 939 1737 967 dat
1750 938 1893 974 salutem,

1061 985 1255 1018 conﬁdentes,
1273 993 1342 1013 cum
1353 985 1434 1012 ducti
1449 986 1549 1013 essent
1558 984 1597 1013 ad
1608 987 1781 1020 tyrannum,
1798 984 1894 1011 auda-

1061 1031 1122 1058 cter
1149 1029 1306 1058 dixerunt:
1335 1031 1443 1058 Notum
1472 1029 1524 1057 tibi
1559 1029 1605 1062 sit,
1622 1037 1684 1063 rcx,
1709 1028 1796 1064 quod
1820 1028 1894 1056 deos

1061 1076 1128 1102 tuos
1139 1082 1201 1102 non
1215 1074 1352 1109 colimus,
1367 1073 1567 1109 etimaginem
1577 1081 1711 1107 auream,
1726 1081 1824 1109 quam
1841 1080 1894 1108 po-

1061 1119 1155 1154 suisti,
1168 1127 1228 1147 non
1244 1119 1420 1147 adoramus.
1433 1130 1444 1143 ι
1457 1120 1538 1147 Tunc
1547 1118 1831 1146 Nabuchodonoser
1842 1125 1893 1146 rex

1060 1163 1091 1191 in
1104 1164 1149 1192 ira
1164 1167 1192 1192 et
1201 1163 1300 1191 furore
1312 1163 1578 1199 injecitAnaniam,
1590 1163 1725 1191 Azariam
1736 1165 1766 1190 et
1790 1162 1895 1190 Misael

1059 1209 1089 1237 in
1102 1208 1348 1243 fornacem‘jignis
1363 1208 1529 1236 ardentem.
1545 1207 1593 1235 Dei
1618 1210 1718 1235 autem
1747 1206 1891 1242 angelus,

1060 1253 1183 1281 Michael
1199 1253 1319 1285 scilicet,
1337 1252 1507 1280 simulcum
1523 1252 1564 1280 eis
1576 1251 1730 1279 descendit
1745 1251 1776 1279 in
1789 1251 1894 1279 forna-

1059 1306 1124 1326 cem
1138 1307 1144 1331 ;
1161 1300 1188 1326 et
1199 1306 1253 1325 nec
1266 1297 1390 1325 omnino
1404 1297 1528 1334 quidem
1551 1304 1602 1324 eos
1625 1296 1716 1330 tetigit
1730 1295 1822 1331 ignis,
1840 1295 1891 1323 sed

1058 1342 1188 1371 excussit
1197 1342 1323 1377 angelus
1332 1342 1488 1369 ﬂammam
1497 1341 1637 1375 fornacis,
1647 1343 1675 1368 et
1687 1340 1802 1369 transiit
1811 1340 1891 1375 ignis

1059 1388 1260 1422 circumcirca,
1277 1389 1304 1415 et
1318 1386 1486 1414 combussit
1499 1386 1577 1414 viros
1590 1393 1708 1418 omnes,
1735 1385 1790 1421 qui
1806 1385 1892 1421 ipsos

1057 1432 1231 1468 injecerant,
1251 1432 1309 1459 hoc
1322 1433 1374 1463 est,
1390 1431 1585 1459 administros
1610 1430 1698 1465 regis.
1726 1431 1810 1457 Tunc
1833 1433 1892 1457 tres

1058 1479 1204 1513 tanquam
1214 1484 1275 1504 uno
1287 1484 1337 1504 ore
1348 1475 1492 1509 laetantes,
1512 1475 1679 1503 laudabant
1689 1476 1717 1502 et
1728 1474 1890 1502 benedice-

1058 1521 1132 1550 bant
1146 1523 1174 1548 et
1188 1520 1286 1548 solum
1301 1520 1394 1547 Deum
1409 1519 1629 1555 gloriﬁcabant.
1641 1520 1701 1547 Rex
1717 1520 1823 1546 autem
1841 1527 1891 1546 au-

1058 1565 1131 1594 divit
1145 1566 1226 1601 ipsos
1243 1566 1336 1592 Deum
1350 1564 1548 1592 laudantesin
1572 1563 1673 1592 medio
1695 1563 1847 1595 fornacis,
1864 1565 1889 1590 et

1058 1610 1115 1638 cito
1127 1617 1264 1644 surgens,
1280 1609 1354 1636 dixit
1364 1608 1559 1643 magnatibus
1572 1608 1650 1636 suis:
1665 1618 1677 1632 ››
1693 1609 1758 1635 Non
1772 1611 1834 1634 tres
1846 1607 1888 1634 vi-

1057 1663 1106 1682 ros
1114 1655 1230 1682 vinctos
1242 1653 1400 1689 injecimus
1413 1653 1443 1680 in
1454 1653 1589 1681 medium
1601 1652 1689 1687 ignis,
1702 1655 1731 1679 et
1745 1654 1889 1688 aspectus

1057 1699 1155 1735 quarti
1170 1701 1214 1726 est
1228 1698 1332 1726 similis
1350 1698 1421 1726 Filio
1453 1697 1501 1725 Dei
1522 1698 1536 1726 ‘I
1563 1698 1644 1725 Tunc
1666 1705 1737 1724 cum
1765 1704 1821 1724 rex
1836 1704 1887 1724 eus

1057 1743 1241 1778 accersisset,
1259 1742 1370 1777 egressi
1385 1741 1557 1769 suntillmsi.
1573 1742 1645 1768 Cum
1673 1742 1776 1768 autem
1790 1740 1886 1768 divini

1057 1788 1142 1824 pueri
1152 1787 1263 1822 egressi
1275 1789 1375 1815 essent
1385 1787 1501 1823 absque
1511 1785 1573 1814 ulla
1583 1786 1713 1820 laesione,
1725 1793 1833 1813 coram
1845 1785 1886 1813 eis

1057 1832 1193 1860 adoravit
1207 1840 1269 1864 rex,
1284 1831 1411 1859 etdixit:
1428 1843 1437 1856 ι
1455 1831 1631 1859 Benedictus
1643 1830 1789 1858 Dominus
1807 1831 1885 1857 Deus

1058 1877 1192 1911 Sidrach,
1206 1876 1326 1910 Misach,
1343 1878 1371 1904 et
1381 1875 1557 1912 Abdenago,
1571 1875 1622 1911 qui
1644 1875 1724 1902 misit
1740 1874 1885 1909 angelum

1057 1930 1157 1956 suum,
1172 1924 1201 1950 et
1215 1921 1323 1957 eripuit
1337 1928 1447 1957 pueros
1462 1928 1533 1948 su03
1549 1928 1585 1948 ex
1612 1920 1680 1954 igne
1696 1918 1832 1946 fornacis
1843 1926 1888 1946 ar-

1057 1969 1164 1997 dentis.
1178 1969 1258 1996 Tunc
1272 1975 1323 1995 rex
1344 1966 1496 1994 constituit
1510 1973 1560 1994 eos
1588 1965 1750 2001 principes.
1765 1967 1795 1992 et
1825 1972 1887 1991 ma-

1056 2013 1138 2041 ximo
1153 2020 1204 2040 eos
1218 2012 1332 2040 honore
1346 2011 1442 2039 aﬂ'ecit
1455 2018 1525 2038 cum
1537 2010 1685 2047 propheta
1707 2008 1833 2036 Daniele
1863 2008 1885 2025 ³⁵

1057 2057 1180 2085 Pulchre
1189 2064 1294 2084 revera
1304 2055 1425 2083 divinus
1439 2058 1544 2083 cantor
1557 2054 1650 2082 David
1661 2052 1786 2090 psallit:
1806 2064 1816 2077 ι
1833 2053 1886 2081 Ca-

1057 2101 1280 2130 strametabitur
1303 2100 1430 2136 angelus
1445 2099 1563 2128 Domini
1578 2100 1608 2127 in
1624 2098 1749 2127 circuitu
1771 2097 1885 2125 timen—

1056 2147 1131 2175 tium
1147 2154 1227 2180 eutn,
1241 2148 1270 2174 et
1284 2145 1421 2173 liberabit
1434 2152 1485 2172 e03
1500 2146 1534 2172 ³ο.
1553 2155 1567 2169 ››

1091 2192 1155 2219 XXI.
1185 2190 1284 2219 Simile
1308 2192 1409 2218 autem
1435 2197 1539 2217 rursus
1554 2187 1734 2216 miraculum
1750 2186 1886 2215 Ostendit

1056 2238 1132 2265 Deus
1148 2235 1382 2266 admirabilium,
1398 2242 1451 2271 per
1475 2234 1638 2269 gloriasum
1663 2231 1882 2266 archangelum

1054 2289 1143 2309 suum
1159 2279 1340 2312 Michaelem,
1356 2279 1386 2306 in
1400 2278 1514 2306 famulo
1530 2284 1651 2314 quoque
1665 2283 1719 2303 suo
1748 2275 1882 2306 Daniele,

1052 2326 1161 2361 injecto
1181 2324 1212 2352 in
1224 2324 1323 2352 lacum
1338 2323 1471 2351 leonum.
1504 2324 1578 2350 Nam
1597 2323 1760 2358 postquam
1776 2327 1883 2355 regna-

1052 2372 1121 2398 runt
1132 2377 1218 2404 reges
1234 2368 1283 2396 alii
1298 2376 1316 2396 a
1330 2367 1618 2401 Nabuchodonosor,
1640 2364 1825 2400 diligebatur
1844 2364 1881 2392 ab

1052 2414 1194 2442 omnibus
1204 2412 1442 2449 sapientissimus
1454 2411 1566 2443 Daniel,
1577 2410 1667 2446 utqui
1678 2417 1714 2436 ex
1726 2410 1788 2437 Deo
1800 2417 1881 2437 som-

1051 2459 1102 2486 nia
1117 2458 1284 2493 conjiceret.
1303 2456 1457 2493 Babylonii
1479 2458 1580 2483 autem
1599 2454 1713 2482 invidia
1728 2454 1815 2488 moti,
1840 2453 1882 2481 in-

1052 2504 1243 2530 surrexerunt
1258 2510 1292 2530 eo
1304 2504 1439 2537 tempore
1448 2501 1594 2528 adversus
1607 2500 1727 2535 Cyrum,
1743 2499 1798 2534 qui
1811 2500 1880 2526 tunc

1051 2547 1133 2583 apud
1141 2555 1193 2575 eos
1201 2554 1272 2582 rcgn
1278 2546 1358 2580 abat,
1365 2546 1441 2573 sicut
1450 2545 1532 2581 prius
1544 2544 1690 2572 adversus
1703 2543 1840 2575 Darium,
1853 2543 1881 2569 et

1050 2592 1153 2620 dicunt
1167 2592 1209 2619 ei:
1228 2602 1241 2616 ‹‹
1267 2593 1337 2625 Rex,
1352 2590 1392 2618 da
1415 2589 1514 2622 nobis,
1539 2591 1571 2617 ut
1587 2591 1682 2616 morte
1710 2587 1879 2615 afﬁciamus

1051 2636 1208 2664 Hebraeum
1224 2635 1375 2664 Danielem
1390 2642 1396 2662 :
1413 2634 1559 2670 quoniam
1575 2633 1623 2660 Bel
1633 2633 1724 2661 deum
1740 2633 1879 2660 nostrum

1710 2713 1735 2731 ³³
1749 2713 1823 2741 Dan.
1840 2719 1877 2743 Ill,
