1944 3084
28 62 67 89 585
162 80 173 88 .
585 56 631 84 DE
651 54 680 84 S.
700 54 874 83 MICHAELE

25 121 150 158 contrivit,
171 123 201 150 et
223 121 431 150 venerandum
452 119 617 148 draconem
640 116 794 151 interfecit,
810 119 839 146 et
854 119 877 146 Α

24 166 177 196 sacerdotes
183 168 213 194 et
219 165 419 194 incantatores
426 165 544 192 nostros
549 161 720 190 oc'cidit.Sin
728 161 838 197 minus,

24 212 248 241 teinterimemus
256 213 284 240 et
293 211 420 240 domum
435 212 529 244 tuam,
542 207 796 244 utjudaizantem.
822 219 837 233 ››

24 258 84 286 Cum
94 264 157 284 vere
167 253 457 292 vidissetrex:quod
479 260 549 281 eum
574 251 660 281 valde
686 254 836 288 urgerent,

24 303 135 334 coactus,
146 299 272 329 tradidit
280 299 322 328 eis
334 298 496 328 Danielem.
505 297 548 325 Illi
559 299 660 325 autem
672 296 839 332 injecerunt

25 353 79 375 eum
88 345 115 374 in
124 345 226 373 lacum
247 344 371 373 leonum
391 345 420 372 et
436 343 491 372 fuit
520 342 638 370 illicsex
674 341 839 370 dies.Erant

25 392 107 419 autem
116 390 144 418 in
152 389 225 419 lacu
235 391 351 426 septem
360 388 473 417 leones.
483 386 614 415 Occlusit
625 394 694 415 vero
712 386 837 416 archan-

23 434 91 472 gelus
99 433 220 463 Michael
229 433 424 468 oraleonum,
438 435 466 461 et
488 439 550 460 non
572 431 710 460 molestia
732 430 838 460 aﬂ‘ece«

24 481 80 508 runt
92 479 255 514 Danielem,
275 486 374 515 neque
395 477 557 513 attigerunt
578 476 704 505 omnino
728 483 838 513 corpus

25 526 83 561 ejus.
94 525 162 553 Cum
172 531 247 552 vero
255 524 391 552 venisset
405 530 458 551 rex
468 522 596 558 septimo
620 520 679 553 die,
700 523 733 549 ut
754 520 837 558 luge-

24 567 338 602 retDanieleminlacu,
350 567 463 596 invenit
473 566 558 596 salva.
577 574 645 603 quas
674 565 780 594 fixerat
800 565 837 594 si-

26 612 264 649 gnacula.etlacu
283 614 398 650 aperto,
422 611 506 640 videt
535 610 687 639 Danielem
710 612 838 639 stantem

24 661 126 691 rectum,
138 659 167 686 et
192 664 307 686 manus
330 656 495 685 habentem
524 657 673 687 extensae.
696 657 725 684 et
743 656 838 684 Deum

24 702 188 738 laudantem,
199 702 395 731 etdicentem:
404 712 418 727 (ι
430 700 606 729 Benedictus
626 707 669 734 es,
678 701 768 736 Deus,
786 700 839 737 qui

25 746 262 782 misistiangelum
273 747 370 781 tuum,
380 747 409 774 et
427 745 634 774 obstruxitora
656 744 790 779 leonum,
811 745 840 773 et

893 55 1140 85 ARCHANGELO.
1664 60 1714 87 586

892 117 977 146 enim
986 120 1014 146 et
1022 117 1132 155 caligat
1141 118 1240 147 omnis
1249 118 1294 147 vis
1305 118 1433 154 dicendi,
1445 119 1564 147 intuens
1587 119 1624 148 ad
1650 120 1715 149 alti-

892 162 1027 191 tudinem
1036 162 1294 192 etmultitudinem
1313 163 1556 192 etexcellentiam
1580 164 1715 193 inﬁnito-

891 215 960 236 rum
970 208 1154 237 etvariorum
1166 211 1194 237 et
1212 208 1311 238 omnis
1331 209 1447 244 generis
1469 209 1534 244 ejus
1555 209 1715 238 miraculo-

891 260 970 288 rum,
982 255 1010 282 et
1026 255 1145 282 recusat
1168 254 1293 282 omnino
1315 253 1353 282 de
1376 253 1413 281 iis
1443 253 1582 282 scribere.
1597 253 1718 283 Deﬁciet

892 297 972 326 enim
979 297 1069 334 plane
1080 300 1199 335 tempus
1211 305 1267 327 nos
1280 300 1313 326 ut
1332 298 1450 327 divinus
1477 298 1518 326 ait
1544 297 1717 334 Apostolus,

891 344 1058 373 narrantes.
1092 344 1142 371 Est
1163 343 1244 372 enim
1267 343 1395 380 pelagus
1418 343 1516 372 metiri
1541 342 1667 377 facilius,
1689 345 1720 372 et

892 386 992 416 stellas
1002 395 1171 422 numerare,
1184 396 1279 425 quam
1295 388 1440 423 maxima,
1463 395 1532 424 quae
1552 395 1571 416 a
1584 387 1719 417 maximo

891 431 1069 469 incorporeo
1081 432 1215 469 quotidie
1224 433 1255 461 in
1266 441 1322 462 nos
1328 432 1415 466 ﬁunt,
1427 432 1583 461 miracula.
1595 434 1638 461 Ex
1655 440 1720 463 ma-

891 477 959 513 gnis
989 484 1061 514 ergo
1084 480 1113 506 et
1133 478 1301 514 insignibus
1324 478 1389 514 ejus
1411 478 1577 512 miraculis,
1600 477 1720 507 audebo

891 530 991 560 pauca
1007 523 1149 560 quaedam
1161 523 1244 552 vobis
1258 531 1381 553 narrare
1406 523 1598 553 admirabilia
1617 531 1720 560 opera.

927 569 1015 596 XXVI.
1040 569 1185 605 Tempore
1212 568 1361 598 Michaelis
1383 568 1573 606 imperatoris
1594 568 1722 598 etTheo-

891 611 974 640 doree
984 612 1170 648 ejusmatris,
1190 615 1255 642 erat
1277 612 1323 641 vir
1345 612 1482 649 quidam,
1493 612 1615 641 nomine
1650 614 1723 642 Mar-

892 656 1070 693 cianus,qui
1081 665 1099 686 a
1111 657 1219 686 teneris
1237 657 1408 693 unguiculis
1430 657 1527 686 fuerat
1553 657 1656 686 cerifer
1674 665 1723 686 ve-

892 701 1018 730 nerandi
1033 702 1124 738 hujus
1136 702 1250 739 templi.
1263 703 1296 730 In
1304 702 1372 739 ipso
1383 702 1465 731 enim
1474 702 1582 731 divino
1594 704 1622 731 et
1634 710 1724 731 vene-

892 746 989 776 rando
1000 749 1029 775 et
1037 747 1240 784 pulcherrimo
1251 748 1363 784 templo
1374 748 1595 784 archangelico,
1618 755 1725 776 omnes

25 791 82 820 mihi
89 798 147 820 non
156 792 339 820 nocuerunt.
351 791 455 819 »'l'unc
476 797 529 818 rex
553 789 612 818 cito
634 797 704 817 cum
728 789 839 825 gaudio
856 802 878 830 Β
893 792 1283 829 quimariagitanturomne
1298 801 1394 830 genus
1407 793 1631 827 morborum,et
1641 801 1723 822 acce-

28 837 102 864 Deum
112 835 298 872 gloriﬁcans,
310 834 433 863 sustulis
443 833 597 863 Danielem
607 833 698 862 elacu
711 833 839 863 illmsum

26 883 46 908 et
53 880 180 909 adoravit
191 887 278 914 eum;
290 879 373 908 Viros
385 881 498 913 autem,
517 878 571 915 qui
582 878 734 908 Danielem
752 886 839 908 accu-

26 927 154 960 saverunt,
167 925 274 962 injecit
296 925 327 953 in
349 924 451 953 lacum
470 923 593 952 leonum
608 923 641 952 '7.
671 924 735 952 Non
755 922 839 959 prius

25 973 106 998 autem
115 971 238 999 fuerunt
250 969 281 998 in
294 969 359 999 solo
368 969 464 1003 lacus,
474 976 569 1006 quam
589 975 640 996 eos
661 966 838 997 invadentes

25 1014 107 1043 leones
118 1014 315 1048 devorarunt,
324 1015 353 1042 et
364 1013 469 1042 omnia
479 1020 549 1041 ossa
561 1020 676 1046 eorum,
691 1014 837 1049 tanquam

25 1060 47 1087 in
53 1059 196 1096 pulverem
207 1058 466 1088 comminuerunt.
479 1057 529 1086 Hic
539 1064 612 1093 ergo
624 1057 670 1085 vir
677 1056 839 1085 desiderio-

26 1111 75 1132 nun
84 1103 191 1140 Daniel,
206 1103 435 1133 sanctissimum
444 1102 618 1138 archangeli
630 1109 742 1131 nomen
748 1100 837 1130 nobis

26 1149 140 1184 ostendit,
151 1148 242 1186 quod
251 1150 411 1178 vocaretur
430 1146 564 1181 Michael,
586 1146 616 1175 id
627 1148 681 1182 est,
699 1146 764 1174 dum
783 1146 839 1175 Dei

25 1193 161 1230 exercitus,
171 1196 205 1222 ut
212 1193 270 1231 qui
277 1193 336 1223 hoc
345 1192 523 1230 mysterium
546 1191 693 1228 acceperit
716 1191 756 1220 ab
778 1190 838 1220 alio

30 1238 128 1274 angelo.
296 1255 301 1258 —

50 1283 116 1312 XXII.
128 1283 221 1313 Porro
231 1290 307 1312 vero
319 1282 460 1311 Habacuc
467 1289 591 1319 quoque
601 1280 749 1318 propheta
774 1281 839 1310 erat

27 1327 49 1355 in
56 1328 162 1358 Iudaea.
173 1330 245 1365 Ipse
253 1330 355 1357 autem
368 1329 490 1356 coxerat
499 1326 688 1364 pulmentum
697 1327 726 1354 et
741 1332 837 1362 panes

28 1372 166 1403 intinxerat
196 1372 242 1402 ad
264 1372 495 1406 nutrimentum,
515 1373 545 1400 et
570 1371 633 1400 ibat
652 1372 684 1399 ut
707 1370 737 1398 id
749 1370 838 1399 terret

27 1417 72 1446 suis
81 1418 276 1447 messoribus.
290 1417 421 1453 Angelus
432 1416 550 1445 Domini
565 1415 763 1452 apprehendit
774 1423 837 1444 ver-

28 1462 97 1492 ticem
118 1463 276 1494 Habacuc,
287 1464 316 1490 et
326 1461 441 1498 impetu
452 1460 625 1498 suispiritus
633 1468 702 1489 eum
708 1459 837 1497 portavit

27 1507 133 1536 aludaia
146 1492 336 1545 Babylonem
348 1492 418 1535 cum
428 1492 681 1540 lentis-alimento;
695 1492 724 1533 et
739 1503 838 1534 intulit
852 1492 873 1521 ο

27 1551 107 1586 ipsum
117 1552 322 1590 archangelus
332 1551 363 1580 in
374 1551 476 1580 lacum
487 1551 622 1584 leonum,
640 1557 703 1579 non
729 1549 836 1578 solutis

26 1595 68 1624 illic
76 1596 243 1633 signaculis.
258 1595 453 1633 Comeditque
464 1595 567 1624 Daniel
579 1602 683 1624 servus
704 1594 833 1629 Domini,

27 1641 158 1671 etlmtatus
169 1644 226 1671 est.
239 1643 275 1670 Et
285 1649 387 1670 rursus
406 1640 487 1669 idem
500 1640 626 1676 angelus
646 1639 769 1669 Michael
793 1647 836 1668 re-

30 1685 271 1716 stitnitconfestim
282 1685 422 1716 Habacuc
433 1685 464 1714 in
473 1684 576 1714 locum
590 1693 690 1718 suum,
712 1684 787 1713 nihil
810 1689 837 1718 ei

24 1730 211 1767 impedimenti
228 1731 370 1766 aﬂ‘erens,
380 1730 546 1768 quominus
569 1730 676 1759 eadem
687 1730 764 1758 hora
786 1738 836 1758 ve-

25 1774 84 1804 niret
99 1779 126 1805 et
139 1776 251 1806 eodem
273 1776 341 1805 cibo
362 1783 511 1804 messores
538 1782 610 1804 suos
633 1774 754 1811 copiose
776 1773 835 1803 ale-

25 1822 60 1848 ret
68 1820 99 1848 ".
110 1821 208 1858 Papae,
219 1822 338 1858 quanta
356 1822 403 1849 est
423 1819 518 1848 divini
541 1818 714 1855 archangeli
737 1819 836 1855 perni-

30 1864 98 1894 citas.

51 1909 124 1938 XXIII.
147 1909 340 1940 Validissimo
362 1917 486 1947 quoque
498 1916 553 1938 suo
572 1909 696 1946 impetu,
734 1907 837 1937 divino

25 1954 228 1989 nutu,similiter
237 1961 343 1983 rursus
355 1953 430 1983 alias
446 1953 752 1990 assumpsitdivinum
760 1961 836 1990 quo-

25 2004 70 2033 que
79 2000 255 2037 prophetam
265 1998 455 2033 Ezechielem,
478 2001 511 2028 ut
520 1998 593 2028 dicit
615 1999 679 2035 ipse
706 1998 837 2027 Ezechiel

25 2042 105 2072 insua
124 2043 304 2082 prophetia:
321 2053 337 2072 ‹
348 2045 382 2073 Et
399 2043 514 2080 aspexi,
531 2048 559 2072 et
577 2051 645 2072 ecce
661 2043 835 2077 similitudo,

26 2086 215 2118 virialumbis
234 2089 306 2121 suis,
333 2091 362 2118 et
381 2088 506 2117 inferius
527 2088 615 2125 ignis:
638 2090 668 2117 et
685 2096 704 2117 a
724 2088 836 2117 lumbis

26 2132 76 2167 ejus
84 2135 109 2162 et
118 2134 260 2172 superius
280 2136 427 2171 tanquam
437 2133 512 2162 visio
529 2133 640 2163 electri.
655 2134 689 2162 Et
721 2133 837 2170 accepit

26 2184 63 2206 me
74 2186 90 2207 a
106 2181 216 2209 vertice
227 2179 258 2208 in
269 2179 377 2216 spiritu
389 2187 445 2208 suo
455 2179 487 2207 in
499 2179 601 2209 medio
618 2178 685 2207 coeli
708 2180 837 2215 etterree,
854 2173 876 2201 Ῑ)

26 2222 168 2253 etdeduxit
177 2232 227 2254 me
244 2224 408 2253 Jerusalem
434 2224 488 2252 ³’.ι

53 2269 216 2304 XXIV.de
230 2270 320 2300 etiam
342 2269 514 2307 apostolum
535 2278 659 2308 quoque
672 2269 839 2307 Philippum

28 2312 141 2344 similiter
151 2315 253 2353 rapuit
270 2314 396 2351 angelus
415 2315 534 2344 Domini
547 2315 617 2351 mei,
631 2317 661 2344 et
689 2314 839 2352 transtulig

24 2355 51 2385 in
63 2359 189 2396 Azotum,
205 2363 235 2390 et
247 2367 310 2390 non
324 2359 396 2389 vidit
409 2360 541 2397 amplius
564 2361 668 2398 ipsum
683 2360 840 2389 eunuchus

26 2402 120 2438 reginis
128 2405 309 2443 Ethiopum,
328 2407 493 2443 poatquam
512 2405 552 2435 ab
562 2413 598 2435 eo
608 2405 723 2443 accepit
731 2405 841 2442 baptis-

28 2453 99 2477 mum
111 2449 272 2480 salutarem
287 2451 323 2480 ⁸ο.

53 2492 119 2522 XXV.
135 2495 262 2524 Mentem
278 2498 380 2525 autem
403 2495 539 2534 impellit,
568 2498 596 2525 et
610 2495 685 2525 mihi
702 2495 838 2525 animum

26 2537 117 2567 excitat
129 2539 238 2570 eximia
254 2541 349 2577 gratia
368 2542 398 2570 et
412 2540 506 2569 virtus
520 2541 614 2570 divini
627 2541 769 2570 ordinum
785 2540 840 2570 du-

26 2581 100 2609 ctoris
112 2590 309 2620 supernarum
326 2587 519 2622 potestatum,
539 2587 568 2614 et
594 2585 676 2614 ducit
705 2585 745 2615 ad
769 2593 840 2614 nar-

28 2625 142 2657 randum
156 2636 252 2659 unum
280 2629 379 2660 solum
404 2630 471 2666 ejus
495 2629 686 2660 miraculum.
712 2630 842 2659 Vincitur

893 836 969 866 dunt
982 837 1013 866 in
1027 837 1097 873 ﬁde,
1108 839 1138 867 et
1160 846 1198 866 ex
1221 838 1400 868 intemerata
1427 838 1477 867 illa
1501 838 1567 874 ejus
1591 838 1723 874 imagine

893 880 1002 910 bibunt
1013 884 1203 918 unguentum
1216 889 1376 918 emanans,
1389 882 1491 911 statim
1508 885 1722 918 assequuntur,

892 933 962 963 quae
974 928 1122 963 speratur,
1136 927 1334 956 curationem.
1349 927 1381 955 In
1393 927 1452 956 hoc
1473 934 1545 963 ergo
1572 926 1675 955 divino
1697 928 1726 955 et

893 970 1032 1006 religioso
1044 971 1156 1008 templo
1169 971 1292 1000 assidue
1327 971 1542 1008 perseverabat
1566 970 1725 1008 praedictus

892 1015 1059 1044 Marcianus
1074 1016 1247 1052 archangeli
1266 1016 1467 1054 ceifer,usque
1482 1016 1522 1045 ad
1542 1017 1723 1045 senectutem

893 1067 1082 1096 cummagna
1094 1068 1198 1090 amore
1212 1062 1242 1090 et
1262 1061 1323 1090 ﬁde
1334 1068 1434 1098 neque
1446 1068 1584 1099 unquam
1599 1060 1725 1090 omnino

892 1113 968 1142 opus
983 1105 1131 1135 habuerat
1142 1105 1268 1141 medico,
1284 1106 1338 1135 sed
1348 1106 1436 1135 simul
1448 1109 1539 1143 atque
1559 1105 1724 1143 aliquando

893 1149 1050 1179 incidisset
1063 1150 1093 1179 in
1105 1150 1190 1179 illum
1213 1150 1367 1185 morbum,
1392 1150 1527 1188 protinus
1550 1149 1727 1188 procidebat

892 1194 1014 1223 indicto
1025 1194 1138 1232 templo
1151 1195 1283 1224 ductoris
1309 1195 1454 1225 ordinum
1480 1194 1629 1225 Michaelis
1656 1194 1722 1224 bre-

891 1239 982 1276 vique
995 1247 1088 1269 sanus
1099 1239 1217 1269 redibat
1227 1240 1259 1269 in
1269 1240 1397 1270 domum
1417 1248 1506 1270 suam
1529 1242 1652 1278 propter
1680 1242 1722 1271 to:

891 1287 955 1313 tam
969 1292 1058 1314 suam
1077 1285 1108 1314 in
1118 1293 1195 1315 eum
1209 1285 1411 1318 affectionem,

928 1329 1104 1359 XXVII.Cum
1118 1338 1189 1359 eum
1199 1337 1271 1367 ergo
1291 1330 1456 1368 aliquando
1476 1330 1577 1367 gravis
1596 1330 1722 1361 morbus

891 1375 920 1402 et
929 1373 1018 1411 plane
1033 1374 1210 1411 desperatus
1220 1375 1388 1410 invasisset,
1411 1375 1506 1412 jacuit
1534 1376 1566 1405 in
1589 1376 1721 1405 inferiori

891 1420 975 1454 parte
986 1418 1089 1455 templi
1099 1418 1271 1455 archangeli
1282 1419 1397 1456 aliquot
1414 1419 1479 1448 dies
1489 1427 1559 1448 cum
1583 1420 1682 1449 stabili
1694 1422 1722 1449 et

890 1462 1017 1491 ﬁrmain
1027 1470 1097 1491 eum
1107 1462 1231 1492 ﬁducia.
1255 1463 1329 1492 Cum
1339 1463 1462 1499 plurimi
1473 1466 1574 1492 autem
1585 1464 1676 1493 amici
1692 1466 1722 1494 et

891 1507 999 1536 medici
1010 1507 1049 1535 ad
1060 1515 1130 1536 eum
1136 1509 1400 1544 congregarentur,
1410 1509 1439 1536 et
1447 1508 1579 1537 dicerent
1588 1508 1639 1537 alii
1649 1508 1721 1544 alia,

890 1559 959 1588 qua:
973 1552 1011 1580 ad
1022 1552 1087 1588 ejus
1099 1552 1492 1590 pertinebantcurationem,
1504 1553 1570 1589 ipso
1589 1560 1659 1582 vero
1681 1560 1720 1581 ne

890 1604 942 1624 eos
953 1596 1076 1633 quidem
1087 1596 1212 1626 omnino
1223 1597 1260 1625 de
1272 1596 1321 1626 hic
1341 1596 1446 1626 audire
1467 1597 1642 1632 sustinente,
1666 1605 1719 1626 au-

890 1648 943 1668 sus
954 1643 998 1670 est
1007 1648 1085 1670 unus
1098 1649 1134 1670 ex
1144 1641 1268 1670 medicis
1293 1641 1390 1670 facere
1416 1648 1463 1677 ea,
1484 1649 1553 1678 qua:
1577 1641 1719 1670 dicuntur

890 1687 1033 1720 fomenta,
1053 1688 1081 1715 et
1098 1686 1186 1723 jussit
1196 1687 1232 1715 iis
1241 1686 1359 1723 quiipsi
1383 1686 1607 1722 ministrabant,
1634 1688 1668 1716 ut
1690 1687 1718 1716 ei

890 1731 1081 1760 mederentur
1095 1733 1164 1760 ante
1179 1731 1371 1765 matutinum,
1385 1731 1471 1760 vellet
1480 1739 1519 1760 an
1545 1739 1617 1760 non.
1642 1733 1717 1761 Cum

890 1778 991 1805 autem
1001 1776 1133 1805 fomenta
1144 1776 1367 1814 composuisset
1376 1776 1524 1812 medicus,
1535 1777 1662 1806 domum
1675 1784 1718 1813 re,

890 1820 953 1849 diit.
966 1821 1125 1850 Illaautem
1145 1823 1232 1850 nocte
1255 1821 1421 1851 Marcianus
1453 1829 1553 1850 cuma
1573 1829 1605 1851 se
1625 1821 1719 1851 veluti

890 1865 1076 1895 discessisset
1088 1869 1116 1895 et
1126 1869 1204 1895 esset
1216 1866 1246 1895 in
1260 1866 1380 1902 exstasi,
1395 1866 1551 1903 quomodo
1561 1867 1645 1896 etvir
1669 1866 1720 1896 hic

890 1910 958 1947 pius
970 1912 1113 1947 narravit,
1122 1914 1151 1941 et
1165 1911 1334 1948 subjectum
1357 1914 1570 1947 argumentum
1588 1911 1718 1941 ostendit

889 1955 1054 1991 veritatem,
1066 1964 1172 1985 omnes
1186 1956 1288 1993 templi
1299 1958 1402 1993 portas
1415 1956 1489 1985 vidit
1497 1959 1620 1993 repente
1633 1964 1720 1993 aper-

889 2004 945 2035 tas,
954 2002 983 2029 et
992 2000 1158 2037 lavacrum,
1172 2001 1256 2038 quod
1267 2000 1414 2035 exstabat,
1436 2001 1533 2030 virum
1557 2001 1718 2030 terribilem

890 2053 959 2074 cum
970 2044 1084 2081 impetu
1095 2053 1110 2073 e
1121 2045 1196 2074 coelo
1210 2046 1341 2082 equitem
1364 2045 1568 2074 descendisse.
1597 2046 1669 2074 Cum
1692 2045 1718 2074 is

891 2091 992 2118 autem
1002 2096 1039 2117 ex
1046 2096 1125 2126 equo
1135 2088 1342 2118 descendisset
1353 2089 1383 2118 in
1392 2097 1557 2126 purpureo,
1566 2089 1649 2126 quod
1661 2088 1719 2117 illic

892 2136 963 2170 erat,
976 2142 1137 2170 marmore,
1149 2134 1301 2170 ingressus
1312 2134 1397 2162 estin
1408 2135 1566 2172 templum,
1592 2142 1610 2163 a
1632 2133 1720 2171 pluri-

892 2179 951 2208 mis
962 2179 1098 2216 stipatus,
1111 2180 1256 2216 tanquam
1266 2178 1421 2216 praepositi
1432 2182 1514 2208 veste
1535 2179 1669 2215 indutus,
1694 2180 1723 2209 et

893 2224 1049 2261 impletum
1062 2227 1105 2253 est
1117 2225 1291 2253 universum
1306 2224 1452 2260 templum
1463 2225 1556 2253 odore
1566 2224 1721 2254 ineﬂabili.

894 2269 985 2298 Paulo
999 2272 1070 2307 post
1083 2277 1154 2298 vero
1173 2277 1243 2298 cum
1255 2269 1432 2298 accessisset
1450 2269 1490 2298 ad
1512 2269 1624 2299 lectum
1650 2271 1722 2300 Mar-

894 2315 981 2349 ciani,
993 2315 1080 2343 ﬁnxit
1088 2323 1119 2344 se
1129 2322 1165 2344 ea
1175 2316 1342 2349 attrectare,
1354 2322 1421 2350 quae
1433 2316 1518 2343 erant
1534 2314 1566 2343 in
1586 2322 1723 2350 scamno,

894 2362 922 2389 et
931 2367 1036 2397 rapere
1046 2367 1115 2397 quae
1127 2360 1158 2388 in
1169 2367 1205 2389 eo
1213 2361 1298 2388 erant
1312 2359 1410 2396 posita
1430 2359 1469 2388 ad
1494 2359 1671 2389 alimentum
1695 2362 1724 2389 et

894 2413 993 2439 usum;
1007 2407 1110 2434 etcum
1121 2405 1324 2434 invenissetin
1334 2404 1433 2433 catino
1444 2404 1554 2440 posita,
1564 2412 1632 2441 quae
1644 2405 1726 2434 dicta

894 2452 973 2484 sunt,
985 2450 1132 2483 fomenta,
1144 2457 1180 2479 ea
1194 2451 1319 2487 accepta
1344 2449 1456 2478 tulitad
1465 2449 1659 2484 Marcianum,
1673 2457 1727 2478 ro-

894 2503 970 2531 gans
981 2495 1055 2532 quid
1064 2495 1129 2524 haec
1141 2494 1324 2530 sibivcllent,
1347 2496 1375 2523 et
1398 2494 1539 2531 quisnam
1562 2495 1651 2527 esset,
1674 2496 1728 2531 qui

894 2548 930 2569 ea
939 2543 1050 2569 temere
1059 2540 1175 2569 fecisset
1185 2540 1215 2568 in
1225 2540 1317 2569 domo
1329 2547 1394 2569 sua.
1412 2541 1486 2569 Cum
1511 2540 1537 2568 is
1560 2541 1662 2568 autem
1683 2546 1728 2567 re-

896 2585 1288 2622 spondissetcumtremore,
1298 2584 1370 2613 dicit
1391 2584 1438 2613 ille
1462 2584 1601 2613 terribilis
1625 2585 1654 2613 et
1665 2583 1729 2620 glo-

896 2630 996 2660 riosus
1004 2630 1126 2660 duobus
1136 2630 1198 2659 suis
1209 2629 1388 2659 satellitibus
1405 2638 1413 2659 :
1429 2629 1531 2660 Tollite
1544 2637 1590 2666 ea,
1613 2631 1643 2660 et
1658 2636 1730 2659 eun-

63 2712 81 2731 "
96 2713 165 2747 Dan.
181 2724 240 2752 xiv,
258 2719 331 2747 I42.
368 2719 392 2737 "
404 2718 480 2748 Ibid.
496 2720 591 2749 33«38.
631 2719 655 2739 θ’
668 2719 774 2750 Ezech.
788 2727 847 2755 vin,
863 2721 894 2755 2.
931 2720 955 2739 ⁴⁰
969 2720 1033 2750 Act.
1048 2727 1112 2757 vui,
1126 2721 1224 2750 26-39.

246 2767 369 2799 Panos.
386 2768 437 2799 Gs.
454 2769 531 2799 CXL.

1593 2770 1625 2799 i9
