1944 3084
249 69 304 97 587

867 66 1107 96 PANTALEONIS
1127 68 1268 97 DIACONI
1289 71 1341 99 CP.

245 131 300 165 tes,
317 131 544 168 quamprimum
557 131 706 168 perforate
723 130 814 167 caput
839 130 914 166 ejus,
943 130 996 166 qui
1022 138 1070 158 me
1087 129 1110 155 Α
1125 129 1276 160 fuitvelox
1287 133 1326 161 ad
1335 132 1494 163 ferendum
1509 136 1652 165 auxilium
1668 139 1696 165 et
1708 146 1779 167 eum
1794 139 1922 171 defende

243 176 432 212 contempsit,
444 179 471 204 et
482 177 548 212 ipsa
566 176 597 204 in
621 176 651 204 id
671 175 793 211 injicitc.
825 175 959 211 Cumque
985 175 1069 203 intin-

244 221 337 249 xisset
347 229 499 248 summum
511 221 596 257 digiti
606 221 652 248 sui
664 220 693 248 in
706 219 842 254 candela,
866 227 933 255 quae
955 220 1071 256 impen-

242 265 334 294 debat
347 265 411 302 ejus
422 265 647 294 admirabilium
658 273 759 294 rerum
777 264 916 293 eﬂ'ectrici
933 265 1067 301 imagini,

241 309 371 345 signavit
380 311 615 347 caputMarciani
626 312 731 338 sancto
738 310 804 338 oleo
816 309 846 337 in
859 310 987 344 ﬁguram
1000 317 1067 338 cru-

240 354 293 389 cis,
304 357 331 383 et
340 363 375 383 ex
386 355 512 384 ecclesia
521 363 671 391 egressus,
685 363 763 392 equo
773 362 876 383 rursus
889 362 1064 388 conscenso,

238 399 375 428 sublatus
388 400 482 430 estad
493 400 612 436 coelum,
625 401 785 436 statimque
799 399 906 427 clausae
918 401 988 427 sunt
1001 406 1064 427 om~

237 447 386 481 nesportae
399 445 542 481 ecclesias,
558 446 598 474 ita
614 447 655 480 ut,
683 444 849 482 quomodo,
874 444 974 472 videri
1000 452 1062 472 non

236 490 374 525 potuerit.
390 491 556 520 Marcianus
566 493 666 519 autem
675 498 788 526 magno
801 490 906 518 timore
925 490 1060 523 affectus,

235 537 265 563 et
274 536 376 564 animo
385 537 490 565 anxius
509 544 604 573 usque
617 537 657 564 ad
667 536 984 572 matutinum,propter
1002 538 1059 564 ter-

233 579 352 609 ribilem
361 581 518 615 visionem,
536 581 659 609 accersit
678 581 887 618 presbyterum
916 580 1056 617 ecclesiae,

233 627 262 654 et
272 626 403 654 narravit
413 626 560 655 eiomnia.
570 627 650 654 Tunc
667 625 823 662 presbyter
833 633 901 654 cum
925 625 1058 662 queesiis-

233 674 287 705 set,
305 680 372 709 quae
383 680 400 700 a
410 671 528 700 medico
540 674 647 708 parata
657 671 783 705 fuerant,
795 671 938 704 fomenta,
950 679 1005 699 nec
1013 671 1056 699 in-

232 716 369 750 venisset,
381 717 518 745 Marciani
529 724 651 753 quoque
672 718 764 753 caput
787 715 1056 750 animadvertisset,

231 763 260 790 et
270 761 393 789 vidisset
421 763 556 790 sanctam
592 769 711 789 crucem
725 761 755 789 in
772 768 807 789 eo
831 768 884 797 per
918 763 1056 789 sanctum

1125 174 1209 209 dum,
1227 177 1336 206 militiae
1351 179 1518 216 principem
1537 181 1720 211 Michaelem.

1159 222 1244 249 XXIX.
1257 224 1352 259 Atque
1362 224 1498 252 nonnulli
1509 225 1634 261 quidem
1647 226 1751 255 dicunt
1766 236 1832 257 esse
1842 238 1922 259 novel

1123 273 1228 294 eorum
1241 267 1372 302 ordines,
1388 270 1599 298 convenienter
1609 272 1762 308 parabolae
1774 274 1919 304 Servatori

1121 318 1188 346 qua;
1203 311 1273 340 dicit
1283 323 1288 341 :
1303 324 1316 338 ιι
1327 314 1354 342 Si
1365 314 1473 342 mulier
1483 315 1585 352 aliqua
1597 316 1714 345 habens
1725 318 1834 347 decem
1845 319 1922 348 dracl

1119 363 1194 390 mas,
1212 364 1304 385 unam
1320 365 1356 386 ex
1367 358 1409 386 eis
1421 359 1594 395 perdiderit,
1610 369 1672 389 non
1684 370 1816 392 accensa
1827 364 1922 393 lucem

1118 407 1184 429 eam
1201 402 1317 437 quierit,
1332 405 1360 430 et
1385 403 1510 440 quando
1535 413 1602 433 eam
1632 405 1790 442 invenerit,
1804 417 1922 438 convocz

1117 445 1240 480 amicas,
1252 447 1354 475 dicens
1366 456 1372 475 :
1383 448 1576 477 Gratulamini
1591 450 1675 485 mihi,
1686 452 1836 488 quoniam
1847 454 1922 483 inve:

1115 489 1293 519 drachmam
1301 500 1394 528 quam
1406 493 1595 529 perdideram
1614 495 1648 523 ".
1660 506 1674 520 υ
1692 497 1766 525 Sunt
1781 500 1884 526 autem
1894 507 1922 528 nc

1114 542 1181 563 vem
1189 536 1309 564 ordines
1316 537 1684 576 incorporeorum,nempe
1691 542 1922 576 Angeli,Archan

1113 579 1182 615 geli,
1191 581 1384 618 Principatus,
1393 583 1564 616 Potestates,
1572 584 1704 622 Virtutes,
1714 587 1922 616 Dominationes

1112 625 1230 659 Throni,
1245 626 1415 660 Cherubim,
1433 629 1588 665 Seraphim
1602 638 1608 657 2
1624 630 1798 660 etdecimus
1816 633 1888 662 ordo
1897 642 1922 662 es

1111 669 1280 700 hominum.
1291 672 1429 700 Nonnulli
1444 681 1514 701 vero
1529 673 1632 702 dicunt
1653 677 1821 712 nonaginta
1835 686 1922 706 noven

1111 722 1180 744 esse
1194 723 1298 744 eorum
1307 719 1406 752 partes
1418 727 1423 745 :
1437 719 1633 747 centesimam
1648 722 1751 749 autem
1767 729 1834 750 esse
1847 723 1920 752 homi

1110 768 1196 792 num,
1212 762 1423 790 convenienter
1450 763 1604 799 parabolae
1625 767 1747 794 centum
1776 767 1883 801 ovium,
1899 768 1922 796 dt

230 807 330 836 oleum
342 814 526 844 expressam,
551 806 776 843 obstupefactus
811 806 883 834 abiit
903 806 1055 843 quampri-
1069 806 1092 834 B
1110 805 1222 841 quibus
1237 806 1309 834 dicit
1324 806 1473 835 Christus:
1493 819 1504 833 ι
1523 808 1552 836 Si
1571 808 1679 838 fuerint
1705 810 1798 839 alicui
1824 812 1922 840 homin;

228 859 314 880 mum
323 851 362 881 ad
371 851 531 885 medicum,
544 854 576 880 ut
587 851 613 880 ei
624 854 758 880 narraret
767 852 880 886 omnia,
901 854 929 880 et
949 859 1054 880 consu-

227 896 309 930 leret,
323 899 355 925 ut
367 897 430 933 ipse
445 905 568 933 quoque
582 898 695 933 peteret
714 897 834 926 veniam
858 897 897 925 ab
913 897 1053 926 ordinum

226 942 350 970 ductore
378 941 516 971 Michaele
553 941 591 970 de
612 942 658 977 iis,
682 950 750 978 quae
783 942 848 979 ipse
878 942 1051 972 admiserat.

261 988 373 1016 XXVIII.
386 988 460 1016 Cum
471 988 572 1016 autem
581 988 710 1016 venisset
720 987 877 1024 presbyter
887 988 916 1016 in
926 988 1053 1017 domum

223 1032 344 1065 medici,
356 1032 471 1061 invenit
480 1032 539 1060 illic
553 1032 777 1061 multitudinem
799 1033 1052 1062 innumerabilem
1066 1050 1075 1059 .

221 1080 250 1106 ct
261 1077 375 1106 luctum
387 1078 439 1114 qui
453 1085 514 1106 non
523 1079 641 1114 poterat
660 1077 829 1114 comprimi,
853 1081 1051 1114 cognatorum

220 1125 250 1150 et
261 1123 429 1151 amicorum
440 1122 504 1158 ejus
520 1122 672 1150 sociorum
687 1131 693 1150 :
712 1123 766 1159 qui
781 1130 886 1151 omnes
910 1123 1052 1152 delebant

219 1167 422 1204 repentinum,
434 1168 462 1195 et
474 1175 536 1195 non
546 1167 629 1203 prius
641 1166 898 1201 animadversum,
910 1167 1049 1197 lethalem

219 1211 286 1248 ejus
296 1212 563 1248 morbum,ipsum
590 1214 691 1240 autem
716 1212 867 1247 jacentem
892 1212 922 1240 in
949 1213 1050 1242 medio

218 1256 525 1293 omnium,totamque
536 1256 600 1292 ejus
613 1256 720 1284 faciem
730 1257 903 1292 ustulatam,
914 1257 1051 1287 claman-

217 1303 340 1338 temque
351 1301 489 1337 graviter,
501 1303 652 1337 etmagna
674 1310 747 1330 voce
771 1302 933 1338 ejulantem
949 1311 955 1331 :
970 1304 1050 1332 Mise-

220 1346 330 1375 remini
344 1346 415 1382 mei,
425 1347 477 1383 qui
489 1346 584 1375 Deum
595 1347 715 1376 timetis.
731 1347 868 1382 Scindite,
881 1348 1046 1382 Christiani,

219 1392 312 1427 caput
323 1398 510 1426 meum,non
536 1390 598 1419 fero
624 1391 703 1419 enim
728 1391 857 1420 dolores.
883 1393 1047 1429 Postquam

219 1443 291 1464 vero
306 1435 420 1464 audivit
434 1443 452 1464 α
462 1435 637 1472 presbytero
648 1435 738 1465 verba
751 1436 901 1471 terribilia,
914 1445 981 1474 quae
995 1447 1046 1466 au-

219 1479 426 1517 diveratapio
451 1480 610 1517 Marciano,
638 1484 709 1509 tunc
745 1481 887 1510 intellexit
908 1483 1044 1511 medicus
1061 1483 1081 1511 C

219 1532 284 1553 esse
290 1525 412 1562 plagam
422 1525 546 1561 dignam
557 1533 612 1553 sua
624 1525 762 1560 audacia,
770 1528 798 1554 et
817 1526 917 1554 statim
938 1529 1044 1556 acerbe

218 1569 409 1598 exclamavit:
421 1571 482 1605 Ego
496 1578 565 1598 sum
577 1578 671 1599 causa
676 1571 776 1605 gravis
785 1570 876 1606 hujus
890 1579 963 1599 mem
975 1580 1052 1600 mor-

217 1614 266 1643 tis:
281 1615 334 1643 sed
347 1623 396 1643 me
416 1615 508 1644 tollite
535 1617 563 1643 et
585 1615 736 1646 abducite,
760 1617 789 1643 et
807 1616 896 1651 jacite
922 1616 952 1644 in
979 1625 1046 1644 san-

220 1661 300 1688 ctam
315 1660 413 1688 mdem
424 1660 501 1695 ejus,
513 1662 541 1688 et
556 1667 580 1687 ει
595 1659 669 1696 quid
681 1659 767 1696 jubet
791 1660 855 1696 ejus
881 1660 1046 1689 misericor-

217 1704 278 1739 dia,
289 1705 377 1733 faciet
387 1704 418 1732 in
428 1712 476 1732 me
484 1704 644 1739 indignum
653 1712 742 1732 suum
749 1712 881 1733 servum.
894 1706 1045 1734 Portantes

218 1751 320 1777 autem
335 1757 416 1784 eum,
427 1748 627 1777 tuleruntuna
637 1749 802 1777 cumlecto.
813 1750 979 1778 Marcianus
993 1758 1045 1778 au-

218 1795 278 1822 tem
292 1801 362 1822 cum
375 1794 519 1822 sensisset
529 1793 691 1821 tumultum
707 1793 827 1822 assedit:
842 1795 870 1821 et
880 1802 949 1822 cum
976 1803 1043 1824 caus

217 1846 284 1867 sam
295 1838 473 1871 rescivisset,
487 1839 620 1874 seipsum
637 1838 846 1872 consideravit,
857 1841 885 1866 et
905 1839 1043 1867 inventus

216 1885 263 1912 est
276 1882 401 1912 omnino
412 1891 514 1911 sanus.
529 1884 610 1910 Tunc
621 1882 679 1910 cito
689 1882 876 1910 descendens
905 1883 942 1911 de
966 1883 1042 1912 lecto

215 1935 281 1962 suo,
295 1929 389 1956 Deum
404 1927 589 1963 gloriﬁcavit,
619 1935 769 1964 suumque
804 1927 991 1957 defensorem
1014 1931 1043 1957 et

213 1972 374 2001 dominum
388 1975 417 2000 et
430 1979 577 2007 magnum
589 1971 740 2000 medicum
753 1973 781 2000 et
795 1972 906 2000 militiae
931 1973 1040 2009 princi-

213 2025 284 2055 pem
297 2017 479 2047 Michaelem:
506 2016 678 2054 cursimque
706 2024 854 2053 egressus,
894 2018 1042 2054 processit

213 2061 516 2098 obviam,etsustulit
535 2062 685 2090 medicum
718 2070 733 2090 e
759 2062 845 2096 lecto,
858 2065 884 2090 et
910 2063 1039 2099 portavit

212 2115 282 2136 eum
293 2107 354 2136 suis
365 2107 506 2136 manibus
517 2106 606 2134 simul
616 2114 685 2134 cum
714 2106 899 2143 presbytero,
929 2110 958 2136 ct
982 2115 1038 2144 po-

212 2153 271 2181 suit
280 2160 350 2181 eum
358 2154 426 2180 ante
437 2153 573 2180 sanctam
584 2159 679 2186 aram,
694 2152 900 2180 miserabiliter
927 2152 1038 2180 deﬂen—

210 2198 270 2225 tem
283 2199 310 2225 et
321 2197 523 2230 conﬁtentem,
542 2198 574 2225 ut
584 2197 610 2224 ei
639 2198 716 2225 esset
741 2197 887 2233 propitius
913 2200 1037 2225 sanctus

209 2242 349 2279 princeps
359 2241 481 2270 militias.
493 2242 658 2271 Marcianus
672 2244 772 2270 autem
783 2250 854 2270 cum
863 2249 918 2278 per
930 2250 961 2271 se
973 2250 1034 2272 ma-

208 2294 281 2316 nare
293 2287 409 2316 fecisset
419 2289 609 2323 unguentum
617 2295 633 2315 e
644 2295 730 2315 sacra
740 2287 792 2315 illa
802 2287 943 2322 imagine,
953 2288 1035 2316 unxit

208 2334 299 2369 caput
313 2332 452 2369 patientis
461 2332 569 2360 medici
580 2331 740 2368 statimque
752 2331 890 2368 fugatum
900 2334 987 2363 ests..-
996 2341 1034 2361 ,r-

205 2377 281 2405 bum
291 2376 565 2410 illudtormentum,
579 2379 608 2405 et
633 2377 772 2405 ardentes
794 2377 878 2405 faciei
903 2378 1031 2414 pustulae

207 2424 278 2450 sunt
289 2422 487 2454 exstinctae,et
497 2421 592 2450 factus
609 2423 652 2449 est
679 2429 772 2450 sanus
809 2422 933 2451 omnino
956 2422 1033 2451 sicut

203 2468 295 2504 prius,
313 2468 484 2503 glorificans
500 2468 593 2495 Deum
607 2469 636 2495 et
650 2467 873 2495 sanctissimum
897 2468 962 2504 ejus
974 2468 1030 2496 mi-

201 2511 270 2541 litiae
287 2512 453 2549 principem
472 2511 654 2539 Michaelem.
668 2511 774 2540 Mansit
784 2520 853 2540 vero
865 2512 901 2540 de
923 2515 1030 2541 caetero

201 2557 338 2585 medicus
354 2557 401 2585 ille
418 2563 613 2593 perseverans
637 2558 665 2585 et
686 2556 826 2584 muniﬁce
854 2557 982 2585 offerens
998 2557 1029 2585 in

201 2601 307 2630 eodem
319 2601 450 2637 glorioso
459 2600 571 2637 templo
588 2601 807 2636 archangelico,
820 2604 881 2630 toto
895 2604 1029 2638 tempore

200 2646 268 2675 vitae
279 2654 340 2675 sure
355 2646 515 2676 Dominum
525 2645 667 2675 laudibus
685 2645 839 2682 extollens,
849 2649 877 2676 et
887 2655 957 2676 eum
975 2647 1028 2684 qui

233 2750 257 2770 ἀι
272 2750 343 2781 Luc.
356 2757 403 2787 xv,
418 2752 446 2788 8,
460 2751 488 2780 9.
526 2749 550 2770 ⁴¹
565 2748 639 2781 Ibid.
655 2751 716 2780 4—6;
755 2749 780 2769 ‘3
792 2751 862 2781 Luc.
875 2759 895 2789 1,
911 2750 1006 2782 26-38.
1037 2759 1044 2766 ·

1110 853 1230 878 centum
1245 859 1328 884 oves,
1346 853 1373 879 et
1388 851 1571 881 aberraverit
1585 861 1645 882 una
1656 862 1693 882 ex
1707 855 1794 891 ipsis,
1803 863 1861 884 non
1871 857 1922 884 reli-

1109 894 1162 923 ctis
1178 896 1343 930 nonaginta
1358 904 1468 924 novem
1481 897 1511 926 in
1525 900 1642 926 montes
1653 899 1817 935 profectus,
1832 901 1922 937 qumril

1108 947 1175 968 eam
1186 948 1254 976 quas
1265 941 1364 969 errat?
1374 943 1402 969 et
1412 941 1436 969 si
1447 942 1603 977 contigerit
1613 951 1680 972 eam
1693 943 1840 980 invenire,
1853 945 1887 973 de
1895 953 1922 974 ea

1108 985 1335 1021 magislastatur,
1344 994 1437 1023 quam
1443 986 1480 1015 de
1487 988 1654 1023 nonaginta
1664 997 1788 1022 novem,
1799 999 1863 1027 qum
1871 999 1921 1019 non

1107 1030 1323 1059 aberraverunt
1333 1032 1367 1058 ⁴².
1384 1042 1397 1057 ››
1413 1032 1525 1060 Revera
1533 1033 1613 1061 enim
1620 1040 1676 1061 nos
1688 1043 1808 1068 sumus,
1819 1035 1920 1070 fratres,

1107 1075 1158 1110 qui
1168 1075 1245 1103 male
1254 1075 1441 1111 aufugimus,
1451 1079 1479 1104 et
1490 1076 1668 1106 aberramus
1681 1087 1774 1115 super
1783 1082 1892 1108 montes
1899 1083 1921 1107 et

1107 1119 1197 1148 colles
1213 1120 1333 1148 nefariae
1350 1120 1476 1148 actionis
1490 1124 1519 1149 et
1533 1121 1750 1151 incredulitatis
1764 1132 1770 1151 :
1784 1132 1857 1160 quos
1871 1131 1920 1152 non

1106 1164 1242 1201 despexit
1256 1167 1361 1201 pastor
1368 1165 1468 1193 bonus
1484 1165 1676 1202 etbenignus,
1687 1167 1744 1196 sed
1750 1168 1888 1205 quaesivit,
1897 1171 1918 1196 et

1107 1217 1199 1246 supra
1210 1218 1298 1238 suum
1311 1210 1473 1239 humerum
1487 1211 1626 1247 portavit,
1640 1214 1669 1240 et
1679 1213 1780 1242 retulit
1790 1213 1818 1241 in
1831 1221 1919 1241 nume-

1105 1262 1172 1282 rum
1189 1254 1287 1291 gregis
1303 1255 1372 1283 boni
1388 1258 1416 1283 et
1429 1263 1490 1284 non
1504 1256 1641 1285 errantis.

1283 1327 1325 1355 De
1339 1327 1367 1356 S.
1378 1327 1563 1363 archangelo
1580 1327 1734 1358 Gabriele.

1139 1389 1213 1416 ΧΧΧ.
1230 1389 1401 1417 Laudemus
1417 1397 1488 1425 ergo
1503 1397 1609 1418 omnes
1626 1391 1798 1425 Dominum,
1812 1391 1910 1421 fratres,

1102 1434 1130 1461 et
1145 1441 1255 1461 nomen
1276 1434 1341 1469 ejus
1360 1434 1449 1462 simul
1461 1434 1651 1468 extollamus,
1668 1436 1722 1472 qui
1737 1436 1908 1470 facitmagna

1103 1480 1130 1506 et
1145 1486 1212 1514 qum
1224 1479 1397 1514 investigari
1408 1481 1571 1515 nequeunt,
1583 1479 1777 1517 gloriosaque
1789 1483 1815 1508 et
1828 1479 1908 1508 admi-

1101 1523 1207 1552 rabilia
1213 1532 1343 1560 quorum
1352 1532 1413 1552 non
1424 1527 1468 1553 est
1477 1532 1632 1559 numerus,
1644 1533 1698 1562 per
1710 1526 1908 1555 sanctissimum

1102 1569 1273 1597 Michaelem
1297 1569 1441 1606 quotidie,
1463 1572 1492 1598 et
1514 1569 1586 1598 olim
1615 1573 1643 1598 et
1666 1579 1759 1606 nunc,
1772 1573 1800 1599 et
1823 1570 1865 1598 hic
1888 1571 1908 1596 et

1101 1613 1182 1647 alibi,
1199 1616 1226 1642 et
1239 1614 1339 1642 multis
1350 1617 1378 1642 et
1393 1613 1529 1649 singulis.
1543 1616 1618 1643 Nam
1629 1612 1686 1643 'etsi
1701 1624 1755 1652 per
1769 1615 1838 1643 alios
1852 1621 1905 1642 san-

1101 1660 1163 1686 ctos
1178 1659 1302 1694 angelos
1320 1659 1566 1694 innumerabiles,
1581 1659 1648 1688 fecit
1665 1661 1742 1689 Deus
1765 1658 1903 1688 admirabi-

1098 1703 1172 1731 lium
1182 1703 1414 1732 innumerabilia
1422 1703 1567 1732 miracula
1575 1712 1628 1740 per
1643 1705 1813 1734 universum
1819 1704 1904 1732 orbem

1100 1750 1193 1782 terrae,
1203 1749 1291 1777 trium
1299 1751 1400 1777 tamen
1407 1748 1505 1777 solum
1514 1749 1644 1777 ostendit
1658 1750 1762 1779 divina
1774 1749 1902 1785 Scriptura

1098 1794 1230 1830 pretiosa
1238 1796 1266 1822 et
1276 1793 1449 1822 veneranda
1456 1794 1592 1829 nomina,
1604 1794 1752 1824 Michaelis
1764 1797 1791 1823 et
1803 1793 1901 1822 Gabrie-

1096 1838 1144 1871 lis,
1164 1841 1193 1866 et
1208 1841 1308 1874 aperte
1325 1838 1442 1866 colendi
1469 1838 1636 1874 Raphaelis.
1656 1841 1689 1867 Et
1702 1839 1783 1877 quod
1797 1836 1900 1866 sanctis-

1097 1883 1191 1911 simus
1201 1883 1324 1920 quidem
1336 1883 1457 1912 Michael
1467 1883 1638 1912 fecerithzec
1648 1885 1762 1919 omnia,
1773 1891 1833 1920 qua:
1846 1881 1899 1909 sunt
1911 1907 1912 1910 η

1095 1927 1184 1955 simul
1210 1928 1309 1964 posita
1331 1927 1472 1956 terriban
1498 1928 1657 1964 miracula,
1681 1929 1751 1957 hinc
1778 1928 1851 1964 patet
1870 1931 1898 1952 ex

1095 1972 1203 2000 divinis
1231 1973 1398 2009 Scripturis.
1440 1973 1648 2001 Divinissimus
1674 1976 1774 2002 autem
1800 1966 1897 1999 Gabriel

1094 2017 1204 2045 missus
1214 2017 1269 2045 fuit
1283 2017 1322 2045 ab
1336 2017 1541 2054 omnipotente
1557 2017 1617 2046 Deo
1632 2020 1660 2046 et
1675 2019 1767 2050 Patre,
1781 2019 1895 2050 tempore

1094 2061 1226 2091 diviniet
1240 2062 1361 2097 benigni
1376 2062 1405 2090 in
1420 2064 1529 2090 terram
1548 2061 1721 2098 descensus,
1743 2060 1823 2090 veluti
1845 2056 1907 2094 qui'.

1092 2108 1163 2136 dam
1176 2107 1334 2143 pronubus
1360 2107 1410 2135 Dei
1438 2106 1534 2141 Verbi,
1558 2106 1598 2135 ad
1609 2111 1744 2136 sanctam
1756 2103 1892 2140 Virginem,

1093 2154 1119 2180 et
1136 2152 1225 2180 Dixit:
1243 2163 1257 2177 ‹‹
1284 2153 1345 2180 Ave
1371 2151 1467 2187 gratia
1490 2151 1588 2187 plena,
1616 2152 1759 2181 Dominus
1774 2153 1867 2178 tecum,
1882 2155 1905 2176 ι,

1091 2200 1119 2225 et
1129 2198 1186 2225 hac
1195 2205 1266 2225 voce
1278 2196 1394 2233 depulit
1416 2196 1657 2233 antiquissimam
1684 2199 1712 2226 et
1730 2189 1904 2238 diuturnissi:

1090 2251 1171 2271 mam
1187 2241 1355 2270 molestiam
1366 2241 1470 2278 primm
1496 2242 1628 2278 parentis
1645 2243 1720 2275 Evae,
1742 2239 1770 2268 et
1779 2234 1903 2282 implevit!1

1088 2287 1190 2315 laetitia
1205 2277 1378 2315 universum
1392 2277 1592 2315 orbemrterrse
1605 2287 1639 2315 ⁸³.
1650 2286 1734 2315 Prius
1747 2291 1808 2312 vero
1818 2277 1902 2323 sterili:

1087 2339 1209 2368 quoque
1225 2330 1396 2359 clarissima:
1413 2333 1515 2364 Anum,
1527 2339 1595 2367 quae
1609 2331 1639 2358 in
1650 2330 1735 2359 horto
1761 2334 1810 2356 suo
1821 2323 1900 2359 obSP',

1087 2377 1191 2404 crabat
1207 2376 1379 2411 Dominum,
1396 2376 1532 2412 praedixit
1546 2376 1620 2410 fore,
1636 2378 1669 2404 ut
1683 2383 1719 2404 ex
1732 2381 1765 2402 ea
1776 2372 1899 2416 nas-Mf?

1086 2423 1133 2449 tur
1144 2421 1194 2449 Dei
1213 2428 1332 2457 parens.
1351 2420 1427 2454 Quin
1439 2420 1530 2448 etiam
1544 2419 1699 2456 propheta:
1718 2415 1850 2446 Zachariw
1861 2415 1884 2457 in

1085 2466 1197 2502 templo
1214 2455 1359 2494 “sufﬁenti
1382 2466 1445 2502 ipse
1472 2455 1554 2494 dixit,
1569 2455 1643 2500 fore,
1658 2467 1690 2494 ut
1716 2464 1745 2492 in
1760 2455 1897 2506 seueelllij":

1084 2512 1218 2548 gigneret
1233 2512 1449 2539 Praecursorem
1464 2518 1470 2537 :
1487 2518 1549 2546 quo
1579 2512 1713 2546 tempore
1731 2512 1794 2535 eum
1813 2502 1882 2548 {nam
1892 2528 1895 2548 ε

1084 2546 1152 2584 fecit
1161 2555 1368 2584 obmutescere
1378 2555 1409 2584 in
1418 2563 1541 2592 poenam
1554 2552 1765 2583 incredulitatis
1777 2548 1806 2574 “-
1815 2546 1894 2592 Ευωξι

1083 2601 1155 2630 dem
1170 2609 1241 2637 ergo
1265 2591 1488 2629 divinissimum
1503 2599 1670 2628 Gabrielem
1702 2595 1768 2626 vidit
1790 2591 1893 2642 ,ξω-ξυξὲ

1082 2646 1163 2675 idem
1178 2634 1337 2676 zacharias
1360 2646 1392 2675 in
1421 2645 1532 2676 sanctis
1563 2647 1743 2676 sanctorum,
1773 2634 1879 2667 Cibume

1115 2751 1140 2773 “
1154 2750 1230 2782 Ibid.
1247 2750 1320 2782 5-20.
