1944 3084
558 94 602 122 DE
623 94 650 122 S.
670 93 844 121 MICHAELE
863 91 1108 120 ARCHANGELO.

1641 95 1693 122 590

5 159 60 187 (riis
76 159 256 187 aflerentem
272 158 311 187 ad
324 158 372 186 Dei
387 159 525 186 matrem.
542 157 688 184 Eumdem
712 157 812 184 autem
827 158 851 183 Α
866 156 968 183 autem
992 153 1201 191 venissen‘ad
1227 152 1337 188 Tigrim
1362 153 1501 189 ﬂuvium,
1530 155 1605 183 sedit
1618 164 1692 192 puer

5 203 150 232 Labrielem
162 204 305 232 viderunt
317 205 406 231 etiam
418 205 551 239 pastores
566 202 596 230 in
618 204 684 229 ortu
698 201 812 233 Christi,

8 249 218 276 nnuntiantem
234 249 274 276 eis
291 256 436 284 magnum
463 246 608 283 gaudium
624 249 652 274 et
676 245 813 273 universo

5 293 93 321 nundo
106 295 140 321 ⁸⁵.
159 294 218 321 Alii
234 301 356 330 quoque
370 292 502 320 similiter
518 291 636 327 plurimi
649 291 730 323 boni,
745 289 814 318 insi-

5 346 57 365 rnes
71 340 98 366 et
112 337 212 366 divini
229 338 346 369 fratres,
359 339 429 364 sunt
444 336 482 364 ab
497 344 532 364 eo
546 335 575 363 in
590 335 698 363 divinis
710 335 814 363 initiati

5 382 139 417 mysteriis.
156 383 236 410 Nam
247 390 299 419 per
311 382 370 411 bos
384 381 472 414 duos,
483 380 666 413 Michaelem,
677 379 814 415 inquam,

5 429 18 453 et
31 426 205 460 Gabrielem,
225 426 485 454 descenditomnis
497 425 578 453 datio
592 424 673 452 bona
685 427 712 452 et
726 432 815 452 omne

5 479 96 500 mnum
108 471 291 508 perfectum,
303 471 384 508 quod
395 471 524 507 desuper
534 470 657 498 mittitur
666 469 695 498 in
707 472 815 498 terram

5 524 12 543 ι
26 518 76 544 Deo
91 517 312 553 omnipotente.
336 517 385 545 Hie
402 517 482 544 enim
498 518 567 544 sunt
581 515 648 543 dum
674 515 815 543 maximae

5 563 21 588 rt
40 561 114 591 raris
139 561 291 589 momenti
318 561 448 589 lucerna:
478 560 651 594 Divinitatis,
678 568 746 596 quae
773 562 817 588 est

5 605 163 641 principium
181 606 320 641 luminis,
337 608 364 633 et
381 608 425 634 est
447 605 535 633 unica
555 607 584 632 et
597 605 688 633 trina:
706 606 734 632 et
749 613 816 640 quae

5 658 50 677 non
71 650 214 678 occidunt
230 650 394 678 luminaria
419 650 508 678 totius
533 649 614 677 orbis
644 651 737 682 terrae,
765 649 817 685 qui

5 698 35 722 est
46 694 97 722 sub
110 694 198 729 coelo,
216 698 384 731 mystzeque
400 703 591 729 arcanorum,
605 696 633 722 et
646 694 684 723 ad
706 694 818 722 futuro-

5 748 55 768 rum
67 740 293 768 introducentes
309 740 460 776 mysteria.

180 812 229 840 De
240 811 427 847 archangelo
441 811 602 846 Raphaele.

33 878 109 906 XXXI.
142 878 301 907 Inducitur
341 881 443 906 autem
480 877 641 915 prmclarus
676 877 818 914 Raphael,

5 923 108 958 quando
122 923 222 951 Tobiae
238 926 405 951 exczecatos
419 923 522 952 oculos
539 923 697 951 artiﬁciose
711 923 818 950 illumi—

7 968 71 995 navit
88 969 120 996 ⁸⁵.
137 968 188 996 Hic
204 968 290 996 enim
309 968 416 996 Tobias
442 968 538 996 fuerat
553 967 701 996 abductus
727 967 819 1004 capti-

8 1019 48 1038 vus
59 1012 85 1040 in
99 1013 198 1049 prima
215 1012 412 1041 Hebraeorum
431 1013 601 1049 captivitate
616 1012 727 1040 Ninive.
745 1013 820 1041 Cum

9 1059 88 1084 autem
110 1060 190 1086 esset
204 1057 277 1094 pius
303 1057 412 1093 justus,
440 1057 650 1085 convenienter
675 1057 742 1092 legi,
771 1065 820 1085 eo-

10 1109 59 1128 rum
72 1102 119 1137 qui
133 1105 220 1131 erant
234 1101 281 1130 sui
297 1102 422 1137 generis,
436 1102 629 1130 morientium
643 1101 673 1129 in
699 1102 821 1138 captivi-

11 1148 54 1174 tate
66 1155 186 1184 corpora
201 1147 285 1175 clam
299 1146 471 1183 sepeliebat,
485 1147 538 1183 qui
561 1147 745 1183 contemptui
769 1147 821 1176 ha,-

12 1189 148 1225 bebantur,
162 1194 262 1219 etnon
271 1191 499 1227 sepeliebantur.
512 1191 650 1224 Quodam
663 1193 764 1219 autem
774 1191 822 1220 die

14 1243 65 1262 cum
71 1244 202 1264 reversus
212 1238 296 1264 esset
305 1236 403 1264 exhoc
412 1236 460 1272 pio
467 1244 566 1272 opere,
575 1235 824 1272 deposuissetque

14 1278 122 1314 ligonem
137 1283 165 1309 et
175 1280 338 1318 bipalium,
355 1281 477 1309 dormiit
487 1283 570 1309 extra
584 1280 711 1309 domum
725 1289 821 1316 suam,

16 1326 150 1360 propterea
165 1325 252 1361 quod
269 1325 334 1361 ipse
347 1327 425 1352 esset
447 1324 590 1361 pollutus,
616 1325 824 1353 convenienter

16 1367 64 1405 legi,
79 1378 142 1406 quae
163 1370 260 1398 dixit:
282 1382 295 1396 α
322 1371 499 1406 Quicunque
525 1370 648 1405 tetigerit
662 1373 825 1404 mortuum,

18 1412 168 1442 immundus
179 1415 234 1443 erit
249 1423 346 1451 usque
357 1414 396 1442 ad
407 1414 588 1442 matutinum
598 1415 631 1441 4⁷.
642 1426 652 1438 ι
666 1414 717 1443 Illa
724 1417 824 1442 autem

18 1461 82 1486 nocte
93 1459 222 1487 calidum
234 1462 461 1487 excrementum
473 1458 503 1486 in
512 1459 576 1494 ejus
592 1459 694 1487 oculos
705 1459 824 1487 demisit

19 1507 143 1538 passer,et
158 1504 263 1532 statim
278 1503 333 1531 fuit
346 1506 522 1532 excmcatus.
541 1504 738 1540 Nequaquam
754 1512 822 1532 vero
840 1517 860 1544 ρ

19 1545 185 1584 blasphemiis
216 1549 382 1581 incessens,
407 1550 552 1584 perpetuo
579 1548 688 1583 agebat
711 1548 822 1583 gratias

22 1591 73 1625 Deo,
86 1593 132 1628 qui
146 1593 176 1621 id
186 1593 374 1630 permiserat.
390 1594 457 1621 Post
470 1593 535 1621 haec
564 1595 666 1621 autem
689 1601 758 1621 cum
776 1601 824 1621 ac-

23 1637 162 1666 cersivisset
176 1638 287 1666 Tobias
310 1637 405 1665 ﬁlium
421 1645 522 1672 suum,
553 1637 626 1666 dixit
647 1637 692 1666 ei:
711 1649 725 1662 α
752 1639 824 1666 Ecce

24 1685 126 1715 ergo,ut
140 1683 231 1716 vides,
248 1682 292 1710 ﬁli
316 1684 344 1710 et
359 1690 455 1710 caecus
471 1685 498 1710 et
521 1690 612 1710 senex
635 1682 731 1710 Iactus
756 1691 824 1710 sum

25 1728 119 1761 propter
132 1727 354 1756 multitudinem
369 1734 507 1754 meorum
529 1729 732 1763 peccatorum.
764 1729 826 1761 Age

26 1776 86 1804 ergo,
100 1772 213 1800 mittam
235 1774 264 1800 te
288 1771 327 1800 ad
350 1771 496 1800 Gabelum
523 1774 686 1807 cognatum
712 1780 824 1799 meum.

28 1813 131 1850 Deposui
142 1817 222 1845 enim
235 1816 320 1853 apud
332 1824 401 1844 eum
415 1819 483 1844 ante
496 1816 698 1852 captivitatem
713 1817 827 1853 aliquot

28 1859 75 1886 auri
87 1860 189 1890 talenta
204 1870 210 1889 :
228 1864 259 1890 et
273 1861 347 1890 affer
369 1869 405 1898 ea
431 1861 470 1890 ad
503 1860 718 1889 sustentandas
744 1868 828 1889 meas

29 1903 194 1935 calamitates.
209 1906 269 1935 Sed
284 1906 373 1941 viam,
398 1914 417 1934 ο
429 1905 480 1940 ﬁli,
497 1905 606 1939 nescis,
626 1905 770 1942 quoniam
786 1907 831 1934 est

29 1954 124 1983 magna.
152 1951 345 1979 Inveniamns
370 1952 471 1979 autem
495 1950 661 1984 hominem,
689 1950 741 1986 qui
757 1951 830 1978 sciat

30 1992 98 2027 viam,
113 1995 264 2024 timentem
288 1997 391 2031 Deum,
405 1998 434 2024 et
462 2003 531 2024 cum
553 2003 589 2023 eo
614 1995 830 2024 conveniamus

30 2035 137 2072 dejusta
149 2040 296 2068 mercede.
314 2041 369 2074 Qui
391 2040 444 2069 tibi
461 2040 498 2068 sit
525 2048 626 2068 comes
645 2041 714 2076 post
739 2041 830 2067 Deum

31 2082 189 2112 elterursus
215 2085 340 2113 reducat
355 2084 394 2113 ad
418 2093 502 2113 meos
529 2084 706 2112 obscuratos
730 2084 833 2112 oculos

33 2123 133 2156 illaesum
147 2132 175 2157 et
186 2129 299 2158 lmtnm.
317 2131 389 2158 Cum
404 2131 505 2158 autem
521 2129 586 2158 talis
616 2129 708 2157 homo
724 2129 764 2157 ab
793 2129 834 2157 eis

22 2175 219 2210 tquazrerentur,
237 2174 364 2202 accessit
380 2174 419 2202 ab
432 2182 484 2202 eos
500 2173 618 2202 divinus
634 2173 834 2209 archangelus

23 2207 142 2251 ‘Raphael
155 2207 290 2247 humana.
312 2219 421 2256 specie,
435 2227 497 2256 prae
524 2227 555 2247 se
577 2219 675 2247 ferens
704 2228 735 2246 se
753 2207 836 2247 Vvelle
853 2208 874 2235 θ

37 2261 139 2290 conduci
164 2264 344 2298 mercedula,
371 2266 399 2292 et
425 2263 496 2292 dicit
523 2264 584 2292 eis:
603 2275 616 2288 ‹‹
646 2263 838 2292 Paciscimini

39 2309 142 2341 mecum,
165 2310 196 2336 ut
221 2317 277 2345 par
298 2311 350 2344 est,
368 2310 396 2337 et
423 2316 494 2344 ergo
522 2308 622 2344 ipsum
653 2308 839 2337 concervabo

41 2352 89 2382 post
113 2352 209 2381 Deum.
236 2353 323 2381 Recte
348 2353 427 2381 enim
455 2353 516 2381 scio
541 2355 569 2381 et
600 2353 712 2386 locum,
736 2356 765 2381 et
792 2361 839 2381 co-

28 2395 140 2433 ggﬂatum
152 2398 235 2426 tuum
251 2397 406 2433 Gabelum,
419 2399 448 2426 et
469 2398 534 2433 ejus
548 2405 683 2432 uxorem,
700 2399 729 2425 et
747 2397 840 2426 ﬁliam

29 2430 99 2480 licius.
115 2451 127 2463 ››

30 2483 32 2503 ε
59 2481 152 2527 ‘XXXII.
166 2486 237 2514 Cum
256 2487 276 2515 ii
289 2494 361 2522 ergo
389 2486 430 2514 sic
454 2486 678 2522 convenissent,
705 2488 733 2515 et
760 2494 842 2515 acce-

31 2528 116 2568 Iltisset
133 2537 254 2564 puerum
281 2532 414 2567 angelus,
440 2532 493 2568 qui
521 2531 677 2560 videbatur
704 2532 841 2560 mercede

33 2571 193 2636 iconductus,
208 2584 275 2605 cum
290 2577 428 2614 plurimis
443 2577 520 2605 votis
531 2584 565 2605 ex
593 2576 672 2604 senis
688 2577 840 2611 manibus,

44 2614 242 2636 ambulauit...“
260 2622 322 2636 ..:..,.
336 2621 438 2636 ιηιυηη
454 2621 564 2636 mnis..-
586 2621 648 2636 mm.
691 2623 745 2636 πλε.
770 2629 840 2636 ..μη

34 2614 245 2652 {auibulaverunt
260 2622 323 2650 sine
336 2621 439 2650 labore
454 2621 564 2650 multos
585 2621 658 2650 dies.
691 2623 746 2650 Eos
770 2629 841 2650 vero

35 2663 193 2709 jconsecutus
207 2668 250 2694 est
274 2666 356 2696 canis
372 2674 525 2706 quoquee
550 2665 656 2695 domo.
682 2668 756 2695 Cum
783 2665 842 2703 ipsi

36 2725 39 2743 I

77 2761 162 2795 "Luc.
178 2771 294 2805 u,9-I2.
310 2770 334 2788 “
348 2770 419 2801 Tob.
437 2778 477 2806 x1,
497 2771 541 2805 14,
559 2772 602 2799 15.
619 2771 643 2790 ⁸⁷
663 2770 806 2806 Levit.x1,
819 2772 864 2800 39.

866 203 973 231 Tobias
986 203 1026 231 ad
1040 201 1187 231 lavandos
1201 202 1303 239 pedes,
1320 205 1349 230 et
1358 203 1474 239 aspexit
1486 204 1599 239 piscem
1617 206 1694 233 exsi-

866 248 998 283 lientem,
1023 250 1055 276 ut
1070 256 1139 276 eum
1163 247 1339 279 devoraret;
1367 251 1395 276 et
1420 248 1597 277 exclamavit
1611 257 1694 285 puer.

869 292 941 321 Dicit
954 300 1025 327 ergo
1039 293 1064 320 ci
1080 293 1134 320 viae
1156 300 1257 320 comes
1277 292 1402 327 angelus
1416 302 1422 320 :
1439 294 1478 320 Ne
1494 293 1611 326 timeas,
1641 295 1696 322 sed

869 345 938 365 eum
956 340 1056 366 teneas
1069 337 1223 365 audacter.
1242 337 1273 365 Id
1286 339 1386 365 autem
1402 346 1471 366 cum
1483 337 1594 367 factum
1608 342 1694 375 esset,

868 390 972 410 rursus
987 382 1060 410 dixit
1075 382 1118 410 ei:
1137 382 1258 410 Disseca
1283 390 1364 416 eum,
1392 385 1420 410 et
1445 391 1495 410 cor
1517 383 1643 419 quidem
1668 386 1697 413 et

867 426 952 462 jecur
966 426 1122 461 diligenter
1137 435 1224 455 serva
1239 427 1270 455 in
1285 435 1369 461 vase,
1390 427 1429 455 fel
1451 435 1522 456 vero
1550 428 1581 456 in
1604 428 1696 457 altero

872 479 950 500 vase.
967 472 1060 500 Habet
1074 472 1155 500 enim
1179 480 1270 500 senex
1294 472 1430 508 quidam,
1447 472 1486 500 ad
1503 481 1593 509 quem
1609 473 1697 510 proﬁ-

871 516 1022 549 ciscimur,
1052 516 1219 545 formosam
1249 516 1344 545 ﬁliam
1372 516 1533 545 habentem
1560 518 1695 554 spiritum

870 561 1074 594 immundum,
1089 562 1142 598 qui
1156 565 1281 590 vocatur
1296 562 1484 590 Asmodaaus.
1499 563 1554 595 Qui
1577 566 1698 600 propter

871 606 936 641 ejus
951 614 1086 634 amorem
1094 605 1251 634 sutI'ocavit
1259 609 1373 642 septem
1384 607 1474 640 viros,
1487 606 1539 642 qui
1552 614 1620 634 eam
1631 606 1699 634 des-

871 650 1051 686 ponderant.
1067 652 1184 687 Loquar
1201 653 1302 679 autem
1317 659 1373 686 ego
1397 659 1467 678 cum
1482 659 1552 678 sene
1568 651 1605 678 de
1629 658 1698 679 con-

872 697 977 728 tractu,
992 699 1021 723 et
1034 695 1225 731 persuadebo
1246 695 1282 730 ei,
1307 697 1341 723 ut
1360 695 1490 732 aecipias
1515 695 1608 723 tiliam
1634 695 1699 731 ejus

872 739 903 767 in
928 747 1067 767 uxorum.
1095 739 1263 775 Sultumiga
1292 742 1391 768 autem
1407 748 1474 768 eam
1498 748 1534 768 ex
1548 741 1648 776 jecore
1672 742 1701 768 et

873 783 973 819 corde,
990 786 1018 812 et
1029 783 1121 820 fugiet
1136 784 1174 812 ab
1196 792 1231 813 ea.
1253 785 1442 819 Asmodeeus,
1470 785 1608 813 homines
1625 785 1700 813 occi-

838 838 857 864 Β
873 828 949 856 dens
963 828 1158 864 daemonium,
1173 829 1204 857 in
1221 838 1380 866 supremas
1391 832 1491 866 partes
1502 830 1625 866 Egypti
1648 836 1701 867 per

873 881 921 901 me
940 873 1066 908 ligatum
1080 874 1204 902 vinculis
1216 874 1437 908 insolubilibus,
1451 878 1479 903 et
1497 883 1560 903 non
1579 877 1700 911 repente

873 917 1019 946 morieris.
1052 919 1084 946 Et
1111 921 1274 947 revertetur
1302 919 1370 955 ipsa
1394 927 1516 955 quoque
1541 918 1701 948 nobiscum

873 971 941 990 cum
970 963 1070 991 multis
1085 963 1277 992 facultatibus
1297 963 1328 992 in
1345 963 1472 992 domum
1497 966 1590 992 tuam.
1615 964 1702 997 Quod

874 1008 964 1036 etiam
980 1007 1093 1036 factum
1108 1011 1160 1042 est,
1179 1010 1210 1036 ut
1225 1008 1401 1036 summatim
1411 1009 1521 1037 dicam.
1538 1010 1617 1037 Tunc
1627 1016 1703 1045 puer

875 1052 1005 1081 servavit
1015 1060 1066 1081 cor
1081 1054 1109 1081 et
1120 1053 1205 1089 jecur
1219 1055 1248 1082 et
1262 1052 1310 1088 fel,
1322 1053 1437 1089 piscem
1451 1056 1552 1082 autem
1565 1053 1703 1082 comede-

874 1098 953 1125 runt.
1494 1129 1498 1131 Α

913 1142 1024 1170 XXXIII.
1057 1143 1131 1170 Cum
1171 1145 1273 1171 autem
1314 1143 1476 1179 venissent,
1514 1145 1542 1172 et
1569 1143 1705 1173 alacriter

876 1187 990 1222 accepti
1005 1190 1103 1216 essent
1118 1195 1136 1216 a
1148 1195 1218 1216 sene
1233 1188 1373 1223 Raguele,
1387 1191 1415 1217 et
1430 1188 1523 1217 verba.
1538 1189 1703 1218 movissent

877 1231 915 1258 de
931 1234 1096 1265 contractu,
1114 1232 1236 1261 nolebat
1249 1241 1350 1267 senex,
1368 1233 1475 1262 timens
1491 1234 1622 1262 maxime
1635 1242 1705 1271 pro-

879 1278 980 1312 pterea
993 1276 1076 1312 quod
1092 1280 1171 1305 esset
1185 1277 1212 1305 ei
1225 1277 1415 1314 propinquus
1427 1286 1546 1314 genere,
1560 1282 1589 1307 et
1603 1285 1705 1308 osten-

879 1319 971 1348 debat
981 1320 1023 1348 eis
1035 1321 1173 1357 sepulcra
1182 1324 1296 1358 septem
1308 1322 1450 1350 virorum.
1461 1323 1594 1352 Tandem
1605 1325 1707 1352 autem

880 1372 1044 1400 persuasus
1060 1374 1129 1393 cum
1145 1365 1326 1395 celebrasset
1341 1367 1473 1403 nuptias,
1489 1370 1518 1396 et
1534 1376 1602 1396 eum
1622 1376 1708 1405 aspe-

878 1409 969 1437 xisset
983 1410 1091 1442 virum,
1116 1411 1272 1446 quomodo
1296 1411 1323 1439 ei
1342 1415 1532 1447 suggesserat
1559 1414 1624 1449 ejus
1651 1414 1707 1442 viae

878 1462 989 1489 comes,
1017 1455 1077 1482 Deo
1096 1463 1224 1490 magnas
1249 1456 1309 1491 egit
1336 1457 1459 1492 gratias,
1481 1460 1509 1486 et
1532 1465 1599 1486 eam
1625 1457 1709 1487 dedit

878 1507 970 1527 senex
984 1507 1107 1527 uxorem
1131 1499 1240 1533 Tobias,
1269 1503 1298 1528 et
1323 1500 1483 1530 dimidium
1507 1510 1631 1530 suorum
1655 1503 1707 1531 bo«

877 1551 997 1578 norum,
1009 1544 1125 1572 etmisit
1139 1552 1190 1572 eos
1203 1553 1272 1572 cum
1287 1552 1399 1580 magno
1415 1545 1536 1580 gaudio.
1552 1547 1627 1582 Ipsis
1637 1551 1706 1575 vero

877 1589 1013 1624 reversis,
1028 1591 1056 1616 et
1066 1588 1155 1616 simul
1171 1597 1239 1617 cum
1251 1598 1287 1618 ea
1297 1589 1411 1618 ancillis
1426 1593 1454 1618 et
1466 1590 1587 1619 famulis
1600 1593 1628 1620 et
1639 1591 1706 1619 inli-

877 1633 940 1661 nita
948 1633 1077 1669 pecunia
1087 1637 1209 1670 accepto
1221 1634 1311 1663 etiam
1322 1642 1340 1662 a
1351 1634 1460 1663 Gabelo
1473 1635 1620 1672 deposito,
1633 1643 1704 1664 eum

879 1678 1030 1706 venissent
1043 1686 1136 1714 prope
1153 1678 1279 1706 domum
1291 1679 1400 1714 Tobiae,
1415 1680 1497 1708 canis
1511 1680 1578 1708 loco
1601 1681 1703 1716 agnito

880 1730 1068 1758 procurrens,
1084 1722 1238 1757 ingressus
1259 1725 1305 1752 est
1325 1723 1461 1760 domum,
1478 1727 1505 1753 et
1529 1725 1704 1762 complexus

881 1767 974 1803 pedes
989 1767 1098 1802 Tobiae,
1115 1767 1139 1795 ei
1161 1767 1381 1797 blandiebatur.
1398 1769 1448 1797 Ille
1467 1772 1567 1798 autem
1583 1779 1652 1799 cum
1667 1778 1705 1799 ex

881 1819 917 1840 eo
941 1813 1133 1848 cognovisset
1147 1813 1310 1842 adventum
1335 1814 1397 1848 ﬁlii,
1419 1815 1548 1844 surrexit
1565 1823 1704 1853 propere,

882 1859 910 1885 et
924 1857 974 1885 ivit
989 1857 1014 1885 ei
1028 1857 1163 1892 obviam,
1176 1860 1204 1886 et
1227 1858 1276 1886 hic
1292 1861 1320 1886 et
1347 1858 1406 1887 illic
1433 1859 1642 1890 offendebatur
1665 1861 1706 1890 ad

882 1902 1026 1939 parietem
1041 1910 1103 1930 non
1119 1903 1232 1931 videns.
1250 1903 1311 1932 Viae
1327 1912 1397 1932 vero
1413 1912 1513 1933 comes
1527 1905 1600 1934 dicit
1608 1906 1707 1935 Tobiae

885 1959 898 1973 «
914 1948 1022 1984 Accipe
1037 1948 1075 1975 fel
1089 1948 1191 1983 piscis,
1215 1950 1328 1977 etcum
1357 1949 1388 1977 in
1412 1950 1524 1978 foribus
1543 1952 1709 1980 occurreris

884 1992 962 2029 patri
978 1995 1039 2025 tuo,
1055 1992 1234 2028 priusquam
1260 1993 1324 2029 ipse
1352 1996 1380 2022 te
1395 1995 1602 2031 amplectatur,
1629 2004 1710 2031 unge

885 2037 986 2065 oculos
1000 2037 1074 2072 ejus,
1091 2039 1120 2064 et
1135 2037 1235 2065 statim
1249 2038 1379 2074 ascipiet.
1396 2050 1406 2063 ι
1423 2040 1508 2072 Quod
1521 2048 1589 2068 cum
1598 2040 1710 2070 factum

887 2084 966 2110 esset
979 2084 1007 2109 et
1019 2081 1154 2118 protinus
1177 2082 1273 2110 visum
1292 2083 1461 2120 recepisset,
1480 2087 1624 2114 steterunt
1638 2085 1711 2114 obs-

888 2126 1039 2163 tupefacti,
1055 2128 1146 2154 Deum
1160 2126 1318 2155 laudantes
1345 2131 1467 2165 propter
1487 2130 1590 2159 omnia
1618 2130 1710 2165 bona,

890 2181 957 2209 quae
974 2171 1016 2200 eis
1029 2171 1147 2200 fecerat.
1162 2171 1335 2200 Volentibus
1361 2176 1462 2202 autem
1489 2175 1562 2211 ipsis
1586 2184 1715 2212 magnas

891 2216 998 2246 referre
1029 2216 1140 2252 gratias
1173 2216 1228 2244 viae
1257 2217 1367 2252 comiti,
1406 2219 1458 2255 qui
1488 2221 1718 2251 existimabatur

892 2261 1104 2295 mercenarius,
1129 2263 1158 2289 et
1170 2264 1310 2297 prompto
1338 2264 1366 2290 et
1376 2263 1466 2291 alacri
1481 2265 1584 2294 animo
1605 2266 1631 2294 ei
1646 2270 1718 2295 dare

893 2306 1051 2334 dimidium
1063 2306 1196 2342 pecuniae
1205 2314 1298 2342 quam
1312 2307 1480 2341 attulerant,
1495 2317 1526 2337 se
1541 2310 1583 2338 eis
1603 2312 1720 2347 aperuit

895 2351 1095 2386 archangelus
1112 2350 1376 2384 Domini,etdixit:
1394 2363 1407 2377 α
1421 2353 1481 2388 Ego
1497 2361 1564 2382 sum
1576 2356 1720 2391 Raphael,

895 2404 974 2424 unus
1003 2404 1039 2423 ex
1060 2397 1180 2431 septem
1209 2395 1405 2432 archangelis,
1428 2397 1480 2433 qui
1507 2399 1567 2427 Deo
1593 2399 1724 2428 oﬂ'erunt

895 2448 1000 2478 preces
1012 2441 1164 2477 justorum
1187 2450 1193 2468 :
1221 2443 1250 2469 et
1263 2449 1361 2478 neque
1385 2442 1512 2478 comedi,
1541 2451 1639 2480 neque
1662 2437 1726 2472 bibl1

897 2485 1013 2514 etiamsi
1025 2494 1080 2513 vos
1092 2486 1247 2521 putaretis.
1264 2486 1391 2515 Domino
1401 2495 1470 2516 vero
1485 2490 1631 2524 perpetuo
1647 2489 1726 2523 agite

897 2531 1020 2566 gratias,
1037 2533 1065 2558 et
1083 2538 1201 2566 semper
1224 2530 1250 2558 ei
1274 2530 1468 2566 conﬁtemini,
1485 2533 1568 2569 quod
1582 2533 1726 2568 magniﬁ—

897 2575 976 2604 cavit
990 2574 1227 2603 misericordiam
1252 2583 1340 2604 suam
1353 2584 1443 2613 super
1466 2585 1531 2606 vos.
1561 2578 1632 2610 Quae
1659 2585 1729 2606 cum

898 2620 1031 2654 dixisset,
1046 2620 1145 2648 statim
1156 2620 1211 2648 fuit
1221 2620 1356 2649 sublatus
1366 2621 1405 2650 ab
1416 2629 1522 2650 eorum
1532 2622 1636 2650 oculis.
1647 2634 1660 2648 ››
1671 2623 1731 2651 Hoc

899 2673 970 2702 ergo
993 2665 1089 2694 solum
1118 2664 1192 2694 dixit
1220 2665 1373 2703 Scriptura
1404 2667 1510 2696 fecisse
1537 2667 1731 2706 Raphaelem,
