  <div class='ocr_page' id='page_1' title='image "/cluster/home/n/w/nwhite01/storage/ocr_20150623/140/njp.32101010942850/329.png"; bbox 0 0 1944 3084; ppageno 0'>
   <div class='ocr_carea' id='block_1_1' title="bbox 233 95 281 122">
    <p class='ocr_par' dir='ltr' id='par_1_1' title="bbox 233 95 281 122">
     <span class='ocr_line' id='line_1_1' title="bbox 233 95 281 122; baseline 0 0"><span class='ocrx_word' id='word_1_1' title='bbox 233 95 281 122; x_wconf 79' lang='grc'><strong>591</strong></span> 
     </span>
    </p>
   </div>
   <div class='ocr_carea' id='block_1_2' title="bbox 710 91 1460 123">
    <p class='ocr_par' dir='ltr' id='par_1_2' title="bbox 710 91 1460 123">
     <span class='ocr_line' id='line_1_2' title="bbox 710 91 1460 123; baseline 0 0"><span class='ocrx_word' id='word_1_2' title='bbox 710 93 853 123; x_wconf 72' lang='lat' dir='ltr'><strong>MANUEL</strong></span> <span class='ocrx_word' id='word_1_3' title='bbox 872 91 1143 121; x_wconf 77' lang='lat' dir='ltr'><strong>CHARITOPULUS</strong></span> <span class='ocrx_word' id='word_1_4' title='bbox 1163 92 1390 122; x_wconf 78' lang='lat' dir='ltr'><strong>PATRIARCHA</strong></span> <span class='ocrx_word' id='word_1_5' title='bbox 1409 93 1460 123; x_wconf 71' lang='grc' dir='ltr'><strong>(ΞΡ.</strong></span> 
     </span>
    </p>
   </div>
   <div class='ocr_carea' id='block_1_3' title="bbox 1888 88 1936 125">
    <p class='ocr_par' dir='ltr' id='par_1_3' title="bbox 1888 88 1936 125">
     <span class='ocr_line' id='line_1_3' title="bbox 1888 88 1936 125; baseline 0.021 -1"><span class='ocrx_word' id='word_1_6' title='bbox 1888 88 1936 125; x_wconf 67' lang='lat'><strong>592</strong></span> 
     </span>
    </p>
   </div>
   <div class='ocr_carea' id='block_1_4' title="bbox 232 155 1938 193">
    <p class='ocr_par' dir='ltr' id='par_1_4' title="bbox 232 155 1938 193">
     <span class='ocr_line' id='line_1_4' title="bbox 232 155 1938 193; baseline 0.002 -8"><span class='ocrx_word' id='word_1_7' title='bbox 232 156 316 193; x_wconf 88' lang='lat' dir='ltr'><strong>quod</strong></span> <span class='ocrx_word' id='word_1_8' title='bbox 328 155 383 185; x_wconf 86' lang='lat' dir='ltr'><strong>fuit</strong></span> <span class='ocrx_word' id='word_1_9' title='bbox 392 155 541 193; x_wconf 89' lang='lat' dir='ltr'><strong>optimum</strong></span> <span class='ocrx_word' id='word_1_10' title='bbox 556 156 585 185; x_wconf 89' lang='lat' dir='ltr'><strong>et</strong></span> <span class='ocrx_word' id='word_1_11' title='bbox 598 155 766 185; x_wconf 84' lang='lat' dir='ltr'><strong>maximum</strong></span> <span class='ocrx_word' id='word_1_12' title='bbox 780 155 972 185; x_wconf 81' lang='lat' dir='ltr'><strong>miraculum.</strong></span> <span class='ocrx_word' id='word_1_13' title='bbox 989 155 1063 185; x_wconf 80' lang='lat' dir='ltr'><strong>Dicit</strong></span> <span class='ocrx_word' id='word_1_14' title='bbox 1076 155 1100 183; x_wconf 76' lang='grc' dir='ltr'><strong>Α</strong></span> <span class='ocrx_word' id='word_1_15' title='bbox 1117 158 1316 193; x_wconf 80' lang='lat' dir='ltr'><strong>assequentur</strong></span> <span class='ocrx_word' id='word_1_16' title='bbox 1331 156 1466 193; x_wconf 70' lang='lat' dir='ltr'><strong>tropheea</strong></span> <span class='ocrx_word' id='word_1_17' title='bbox 1475 156 1617 187; x_wconf 77' lang='lat' dir='ltr'><strong>victorias.</strong></span> <span class='ocrx_word' id='word_1_18' title='bbox 1633 157 1690 187; x_wconf 86' lang='lat' dir='ltr'><strong>Per</strong></span> <span class='ocrx_word' id='word_1_19' title='bbox 1704 159 1732 187; x_wconf 86' lang='lat' dir='ltr'><strong>te</strong></span> <span class='ocrx_word' id='word_1_20' title='bbox 1746 157 1839 186; x_wconf 87' lang='lat' dir='ltr'><strong>duces</strong></span> <span class='ocrx_word' id='word_1_21' title='bbox 1855 165 1938 188; x_wconf 82' lang='lat' dir='ltr'><strong>exer-</strong></span> 
     </span>
    </p>
   </div>
   <div class='ocr_carea' id='block_1_5' title="bbox 233 201 1062 238">
    <p class='ocr_par' dir='ltr' id='par_1_5' title="bbox 233 201 1062 238">
     <span class='ocr_line' id='line_1_5' title="bbox 233 201 1062 238; baseline 0 -8"><span class='ocrx_word' id='word_1_22' title='bbox 233 203 334 230; x_wconf 87' lang='lat' dir='ltr'><strong>autem</strong></span> <span class='ocrx_word' id='word_1_23' title='bbox 347 209 378 230; x_wconf 88' lang='lat' dir='ltr'><strong>se</strong></span> <span class='ocrx_word' id='word_1_24' title='bbox 388 209 484 230; x_wconf 91' lang='lat' dir='ltr'><strong>unum</strong></span> <span class='ocrx_word' id='word_1_25' title='bbox 499 209 536 230; x_wconf 81' lang='lat' dir='ltr'><strong>ex</strong></span> <span class='ocrx_word' id='word_1_26' title='bbox 551 203 668 238; x_wconf 82' lang='lat' dir='ltr'><strong>septem</strong></span> <span class='ocrx_word' id='word_1_27' title='bbox 684 201 884 237; x_wconf 86' lang='lat' dir='ltr'><strong>archangelis,</strong></span> <span class='ocrx_word' id='word_1_28' title='bbox 913 201 1062 238; x_wconf 88' lang='lat' dir='ltr'><strong>quoniam</strong></span> 
     </span>
    </p>
   </div>
   <div class='ocr_carea' id='block_1_6' title="bbox 233 245 1062 283">
    <p class='ocr_par' dir='ltr' id='par_1_6' title="bbox 233 245 1062 283">
     <span class='ocr_line' id='line_1_6' title="bbox 233 245 1062 283; baseline 0 -8"><span class='ocrx_word' id='word_1_29' title='bbox 233 246 370 275; x_wconf 89' lang='lat' dir='ltr'><strong>omnium</strong></span> <span class='ocrx_word' id='word_1_30' title='bbox 375 246 515 275; x_wconf 85' lang='lat' dir='ltr'><strong>ordinum</strong></span> <span class='ocrx_word' id='word_1_31' title='bbox 522 245 787 283; x_wconf 84' lang='lat' dir='ltr'><strong>supercoelestium,</strong></span> <span class='ocrx_word' id='word_1_32' title='bbox 795 245 1062 283; x_wconf 81' lang='lat' dir='ltr'><strong>etquaeintelligen-</strong></span> 
     </span>
    </p>
   </div>
   <div class='ocr_carea' id='block_1_7' title="bbox 234 291 1061 329">
    <p class='ocr_par' dir='ltr' id='par_1_7' title="bbox 234 291 1061 329">
     <span class='ocr_line' id='line_1_7' title="bbox 234 291 1061 329; baseline 0 -9"><span class='ocrx_word' id='word_1_33' title='bbox 234 291 276 320; x_wconf 90' lang='lat' dir='ltr'><strong>tia</strong></span> <span class='ocrx_word' id='word_1_34' title='bbox 294 291 572 329; x_wconf 74' lang='lat' dir='ltr'><strong>apprehenduntur,</strong></span> <span class='ocrx_word' id='word_1_35' title='bbox 604 291 748 321; x_wconf 83' lang='lat' dir='ltr'><strong>classium</strong></span> <span class='ocrx_word' id='word_1_36' title='bbox 769 293 798 320; x_wconf 89' lang='lat' dir='ltr'><strong>et</strong></span> <span class='ocrx_word' id='word_1_37' title='bbox 814 294 945 320; x_wconf 82' lang='lat' dir='ltr'><strong>coetuum</strong></span> <span class='ocrx_word' id='word_1_38' title='bbox 968 291 1061 320; x_wconf 90' lang='lat' dir='ltr'><strong>duces</strong></span> 
     </span>
    </p>
   </div>
   <div class='ocr_carea' id='block_1_8' title="bbox 235 336 999 373">
    <p class='ocr_par' dir='ltr' id='par_1_8' title="bbox 235 336 999 373">
     <span class='ocr_line' id='line_1_8' title="bbox 235 336 999 373; baseline -0.001 -8"><span class='ocrx_word' id='word_1_39' title='bbox 235 338 305 366; x_wconf 89' lang='lat' dir='ltr'><strong>sunt</strong></span> <span class='ocrx_word' id='word_1_40' title='bbox 316 339 345 365; x_wconf 90' lang='lat' dir='ltr'><strong>et</strong></span> <span class='ocrx_word' id='word_1_41' title='bbox 356 337 507 373; x_wconf 85' lang='lat' dir='ltr'><strong>principes</strong></span> <span class='ocrx_word' id='word_1_42' title='bbox 522 337 558 372; x_wconf 76' lang='grc'><strong>⁸⁸,</strong></span> <span class='ocrx_word' id='word_1_43' title='bbox 574 336 651 365; x_wconf 81' lang='lat' dir='ltr'><strong>sicut</strong></span> <span class='ocrx_word' id='word_1_44' title='bbox 664 336 778 365; x_wconf 87' lang='lat' dir='ltr'><strong>dictum</strong></span> <span class='ocrx_word' id='word_1_45' title='bbox 791 339 836 365; x_wconf 90' lang='lat' dir='ltr'><strong>est</strong></span> <span class='ocrx_word' id='word_1_46' title='bbox 851 336 999 373; x_wconf 80' lang='lat' dir='ltr'><strong>superius.</strong></span> 
     </span>
    </p>
   </div>
   <div class='ocr_carea' id='block_1_9' title="bbox 262 381 1057 418">
    <p class='ocr_par' dir='ltr' id='par_1_9' title="bbox 262 381 1057 418">
     <span class='ocr_line' id='line_1_9' title="bbox 262 381 1057 418; baseline 0.001 -9"><span class='ocrx_word' id='word_1_47' title='bbox 262 381 565 410; x_wconf 85' lang='lat' dir='ltr'><strong>XXXIV.Celebremus</strong></span> <span class='ocrx_word' id='word_1_48' title='bbox 573 383 674 410; x_wconf 89' lang='lat' dir='ltr'><strong>autem</strong></span> <span class='ocrx_word' id='word_1_49' title='bbox 683 389 738 410; x_wconf 92' lang='lat' dir='ltr'><strong>nos</strong></span> <span class='ocrx_word' id='word_1_50' title='bbox 748 381 796 410; x_wconf 91' lang='lat' dir='ltr'><strong>hic</strong></span> <span class='ocrx_word' id='word_1_51' title='bbox 803 389 925 418; x_wconf 88' lang='lat' dir='ltr'><strong>quoque</strong></span> <span class='ocrx_word' id='word_1_52' title='bbox 934 381 1057 417; x_wconf 77' lang='lat' dir='ltr'><strong>sincere,</strong></span> 
     </span>
    </p>
   </div>
   <div class='ocr_carea' id='block_1_10' title="bbox 233 425 1057 462">
    <p class='ocr_par' dir='ltr' id='par_1_10' title="bbox 233 425 1057 462">
     <span class='ocr_line' id='line_1_10' title="bbox 233 425 1057 462; baseline -0.001 -7"><span class='ocrx_word' id='word_1_53' title='bbox 233 428 266 455; x_wconf 90' lang='lat' dir='ltr'><strong>ut</strong></span> <span class='ocrx_word' id='word_1_54' title='bbox 276 426 434 462; x_wconf 87' lang='lat' dir='ltr'><strong>debemus,</strong></span> <span class='ocrx_word' id='word_1_55' title='bbox 445 434 463 455; x_wconf 93' lang='grc' dir='ltr'>ο</span> <span class='ocrx_word' id='word_1_56' title='bbox 474 428 663 455; x_wconf 88' lang='lat' dir='ltr'><strong>sacrosancte</strong></span> <span class='ocrx_word' id='word_1_57' title='bbox 675 427 704 455; x_wconf 92' lang='lat' dir='ltr'><strong>et</strong></span> <span class='ocrx_word' id='word_1_58' title='bbox 712 434 730 455; x_wconf 80' lang='grc' dir='ltr'><strong>ιι</strong></span> <span class='ocrx_word' id='word_1_59' title='bbox 742 427 802 454; x_wconf 91' lang='lat' dir='ltr'><strong>Deo</strong></span> <span class='ocrx_word' id='word_1_60' title='bbox 817 425 939 455; x_wconf 85' lang='lat' dir='ltr'><strong>collecte</strong></span> <span class='ocrx_word' id='word_1_61' title='bbox 953 428 1057 461; x_wconf 86' lang='lat' dir='ltr'><strong>coetus,</strong></span> 
     </span>
    </p>
   </div>
   <div class='ocr_carea' id='block_1_11' title="bbox 232 470 1058 501">
    <p class='ocr_par' dir='ltr' id='par_1_11' title="bbox 232 470 1058 501">
     <span class='ocr_line' id='line_1_11' title="bbox 232 470 1058 501; baseline 0 -1"><span class='ocrx_word' id='word_1_62' title='bbox 232 471 334 500; x_wconf 61' lang='lat' dir='ltr'><strong>laetum</strong></span> <span class='ocrx_word' id='word_1_63' title='bbox 343 473 372 501; x_wconf 90' lang='lat' dir='ltr'><strong>et</strong></span> <span class='ocrx_word' id='word_1_64' title='bbox 383 471 528 501; x_wconf 79' lang='lat' dir='ltr'><strong>illustrem</strong></span> <span class='ocrx_word' id='word_1_65' title='bbox 539 473 569 500; x_wconf 91' lang='lat' dir='ltr'><strong>et</strong></span> <span class='ocrx_word' id='word_1_66' title='bbox 582 470 790 501; x_wconf 80' lang='lat' dir='ltr'><strong>admirabilem</strong></span> <span class='ocrx_word' id='word_1_67' title='bbox 803 471 884 500; x_wconf 88' lang='lat' dir='ltr'><strong>diem</strong></span> <span class='ocrx_word' id='word_1_68' title='bbox 893 471 1002 500; x_wconf 83' lang='lat' dir='ltr'><strong>festum</strong></span> <span class='ocrx_word' id='word_1_69' title='bbox 1013 479 1058 500; x_wconf 89' lang='lat' dir='ltr'><strong>or-</strong></span> 
     </span>
    </p>
   </div>
   <div class='ocr_carea' id='block_1_12' title="bbox 233 515 1058 553">
    <p class='ocr_par' dir='ltr' id='par_1_12' title="bbox 233 515 1058 553">
     <span class='ocr_line' id='line_1_12' title="bbox 233 515 1058 553; baseline 0.001 -8"><span class='ocrx_word' id='word_1_70' title='bbox 233 515 340 545; x_wconf 90' lang='lat' dir='ltr'><strong>dinum</strong></span> <span class='ocrx_word' id='word_1_71' title='bbox 353 516 484 545; x_wconf 90' lang='lat' dir='ltr'><strong>ductoris</strong></span> <span class='ocrx_word' id='word_1_72' title='bbox 499 516 659 551; x_wconf 81' lang='lat' dir='ltr'><strong>Michaelis,</strong></span> <span class='ocrx_word' id='word_1_73' title='bbox 674 516 727 553; x_wconf 89' lang='lat' dir='ltr'><strong>qui</strong></span> <span class='ocrx_word' id='word_1_74' title='bbox 749 516 868 545; x_wconf 88' lang='lat' dir='ltr'><strong>animas</strong></span> <span class='ocrx_word' id='word_1_75' title='bbox 889 518 917 545; x_wconf 88' lang='lat' dir='ltr'><strong>et</strong></span> <span class='ocrx_word' id='word_1_76' title='bbox 931 524 1058 553; x_wconf 86' lang='lat' dir='ltr'><strong>corpora</strong></span> 
     </span>
    </p>
   </div>
   <div class='ocr_carea' id='block_1_13' title="bbox 231 560 1057 598">
    <p class='ocr_par' dir='ltr' id='par_1_13' title="bbox 231 560 1057 598">
     <span class='ocr_line' id='line_1_13' title="bbox 231 560 1057 598; baseline 0.001 -9"><span class='ocrx_word' id='word_1_77' title='bbox 231 560 379 590; x_wconf 81' lang='lat' dir='ltr'><strong>beneﬂcio</strong></span> <span class='ocrx_word' id='word_1_78' title='bbox 393 560 501 590; x_wconf 78' lang='lat' dir='ltr'><strong>afﬁcit:</strong></span> <span class='ocrx_word' id='word_1_79' title='bbox 519 563 548 590; x_wconf 89' lang='lat' dir='ltr'><strong>et</strong></span> <span class='ocrx_word' id='word_1_80' title='bbox 561 562 587 590; x_wconf 89' lang='lat' dir='ltr'><strong>ei</strong></span> <span class='ocrx_word' id='word_1_81' title='bbox 599 560 763 591; x_wconf 66' lang='lat' dir='ltr'><strong>offeramus</strong></span> <span class='ocrx_word' id='word_1_82' title='bbox 783 560 864 590; x_wconf 86' lang='lat' dir='ltr'><strong>dona</strong></span> <span class='ocrx_word' id='word_1_83' title='bbox 887 563 1011 598; x_wconf 80' lang='lat' dir='ltr'><strong>accepta</strong></span> <span class='ocrx_word' id='word_1_84' title='bbox 1028 563 1057 590; x_wconf 87' lang='lat' dir='ltr'><strong>et</strong></span> 
     </span>
    </p>
   </div>
   <div class='ocr_carea' id='block_1_14' title="bbox 232 606 1054 644">
    <p class='ocr_par' dir='ltr' id='par_1_14' title="bbox 232 606 1054 644">
     <span class='ocr_line' id='line_1_14' title="bbox 232 606 1054 644; baseline -0.001 -9"><span class='ocrx_word' id='word_1_85' title='bbox 232 606 334 643; x_wconf 82' lang='lat' dir='ltr'><strong>digna,</strong></span> <span class='ocrx_word' id='word_1_86' title='bbox 348 609 377 635; x_wconf 90' lang='lat' dir='ltr'><strong>et</strong></span> <span class='ocrx_word' id='word_1_87' title='bbox 390 606 456 644; x_wconf 89' lang='lat' dir='ltr'><strong>pios</strong></span> <span class='ocrx_word' id='word_1_88' title='bbox 470 607 497 635; x_wconf 92' lang='lat' dir='ltr'><strong>ei</strong></span> <span class='ocrx_word' id='word_1_89' title='bbox 509 606 641 644; x_wconf 83' lang='lat' dir='ltr'><strong>hymnos</strong></span> <span class='ocrx_word' id='word_1_90' title='bbox 655 608 801 644; x_wconf 89' lang='lat' dir='ltr'><strong>perpetuo</strong></span> <span class='ocrx_word' id='word_1_91' title='bbox 819 614 880 635; x_wconf 92' lang='lat' dir='ltr'><strong>non</strong></span> <span class='ocrx_word' id='word_1_92' title='bbox 899 614 1054 635; x_wconf 85' lang='lat' dir='ltr'><strong>cessemus</strong></span> 
     </span>
    </p>
   </div>
   <div class='ocr_carea' id='block_1_15' title="bbox 230 651 1054 689">
    <p class='ocr_par' dir='ltr' id='par_1_15' title="bbox 230 651 1054 689">
     <span class='ocr_line' id='line_1_15' title="bbox 230 651 1054 689; baseline 0.001 -9"><span class='ocrx_word' id='word_1_93' title='bbox 230 651 367 689; x_wconf 86' lang='lat' dir='ltr'><strong>psallere,</strong></span> <span class='ocrx_word' id='word_1_94' title='bbox 384 654 416 680; x_wconf 92' lang='lat' dir='ltr'><strong>ut</strong></span> <span class='ocrx_word' id='word_1_95' title='bbox 438 652 504 689; x_wconf 89' lang='lat' dir='ltr'><strong>ipse</strong></span> <span class='ocrx_word' id='word_1_96' title='bbox 525 659 646 689; x_wconf 88' lang='lat' dir='ltr'><strong>quoque</strong></span> <span class='ocrx_word' id='word_1_97' title='bbox 672 654 794 681; x_wconf 86' lang='lat' dir='ltr'><strong>moveat</strong></span> <span class='ocrx_word' id='word_1_98' title='bbox 819 651 1054 681; x_wconf 82' lang='lat' dir='ltr'><strong>vehementiores</strong></span> 
     </span>
    </p>
   </div>
   <div class='ocr_carea' id='block_1_16' title="bbox 229 696 1054 726">
    <p class='ocr_par' dir='ltr' id='par_1_16' title="bbox 229 696 1054 726">
     <span class='ocr_line' id='line_1_16' title="bbox 229 696 1054 726; baseline 0.001 -1"><span class='ocrx_word' id='word_1_99' title='bbox 229 696 457 726; x_wconf 87' lang='lat' dir='ltr'><strong>intercessiones</strong></span> <span class='ocrx_word' id='word_1_100' title='bbox 469 696 509 726; x_wconf 93' lang='lat' dir='ltr'><strong>ad</strong></span> <span class='ocrx_word' id='word_1_101' title='bbox 518 704 713 725; x_wconf 90' lang='lat' dir='ltr'><strong>communem</strong></span> <span class='ocrx_word' id='word_1_102' title='bbox 723 696 883 725; x_wconf 89' lang='lat' dir='ltr'><strong>Dominum</strong></span> <span class='ocrx_word' id='word_1_103' title='bbox 895 699 923 725; x_wconf 89' lang='lat' dir='ltr'><strong>et</strong></span> <span class='ocrx_word' id='word_1_104' title='bbox 937 697 1054 726; x_wconf 84' lang='lat' dir='ltr'><strong>Creato-</strong></span> 
     </span>
    </p>
   </div>
   <div class='ocr_carea' id='block_1_17' title="bbox 228 741 1046 778">
    <p class='ocr_par' dir='ltr' id='par_1_17' title="bbox 228 741 1046 778">
     <span class='ocr_line' id='line_1_17' title="bbox 228 741 1046 778; baseline -0.001 -7"><span class='ocrx_word' id='word_1_105' title='bbox 228 749 305 776; x_wconf 90' lang='lat' dir='ltr'><strong>rem,</strong></span> <span class='ocrx_word' id='word_1_106' title='bbox 320 743 354 770; x_wconf 87' lang='lat' dir='ltr'><strong>ut</strong></span> <span class='ocrx_word' id='word_1_107' title='bbox 364 741 454 771; x_wconf 89' lang='lat' dir='ltr'><strong>nobis</strong></span> <span class='ocrx_word' id='word_1_108' title='bbox 472 741 523 771; x_wconf 89' lang='lat' dir='ltr'><strong>det</strong></span> <span class='ocrx_word' id='word_1_109' title='bbox 533 741 664 776; x_wconf 82' lang='lat' dir='ltr'><strong>veniam,</strong></span> <span class='ocrx_word' id='word_1_110' title='bbox 692 741 745 778; x_wconf 90' lang='lat' dir='ltr'><strong>qui</strong></span> <span class='ocrx_word' id='word_1_111' title='bbox 761 741 971 778; x_wconf 86' lang='lat' dir='ltr'><strong>multiplicium</strong></span> <span class='ocrx_word' id='word_1_112' title='bbox 984 749 1046 778; x_wconf 91' lang='lat' dir='ltr'><strong>pec-</strong></span> 
     </span>
    </p>
   </div>
   <div class='ocr_carea' id='block_1_18' title="bbox 229 785 1051 816">
    <p class='ocr_par' dir='ltr' id='par_1_18' title="bbox 229 785 1051 816">
     <span class='ocr_line' id='line_1_18' title="bbox 229 785 1051 816; baseline -0.002 0"><span class='ocrx_word' id='word_1_113' title='bbox 229 789 365 816; x_wconf 88' lang='lat' dir='ltr'><strong>catorum</strong></span> <span class='ocrx_word' id='word_1_114' title='bbox 379 786 515 815; x_wconf 86' lang='lat' dir='ltr'><strong>humana</strong></span> <span class='ocrx_word' id='word_1_115' title='bbox 527 785 731 815; x_wconf 87' lang='lat' dir='ltr'><strong>imbecillitate</strong></span> <span class='ocrx_word' id='word_1_116' title='bbox 745 785 921 815; x_wconf 87' lang='lat' dir='ltr'><strong>circumdati</strong></span> <span class='ocrx_word' id='word_1_117' title='bbox 946 794 1051 815; x_wconf 89' lang='lat' dir='ltr'><strong>sumus</strong></span> 
     </span>
    </p>
   </div>
   <div class='ocr_carea' id='block_1_19' title="bbox 1115 201 1938 238">
    <p class='ocr_par' dir='ltr' id='par_1_19' title="bbox 1115 201 1938 238">
     <span class='ocr_line' id='line_1_19' title="bbox 1115 201 1938 238; baseline 0.005 -9"><span class='ocrx_word' id='word_1_118' title='bbox 1115 201 1191 230; x_wconf 90' lang='lat' dir='ltr'><strong>citus</strong></span> <span class='ocrx_word' id='word_1_119' title='bbox 1230 201 1388 230; x_wconf 82' lang='lat' dir='ltr'><strong>Christiani</strong></span> <span class='ocrx_word' id='word_1_120' title='bbox 1425 201 1540 238; x_wconf 89' lang='lat' dir='ltr'><strong>populi,</strong></span> <span class='ocrx_word' id='word_1_121' title='bbox 1571 202 1696 231; x_wconf 88' lang='lat' dir='ltr'><strong>vincunt</strong></span> <span class='ocrx_word' id='word_1_122' title='bbox 1736 205 1765 232; x_wconf 88' lang='lat' dir='ltr'><strong>et</strong></span> <span class='ocrx_word' id='word_1_123' title='bbox 1793 202 1938 233; x_wconf 84' lang='lat' dir='ltr'><strong>dedecore</strong></span> 
     </span>
    </p>
   </div>
   <div class='ocr_carea' id='block_1_20' title="bbox 1114 245 1938 283">
    <p class='ocr_par' dir='ltr' id='par_1_20' title="bbox 1114 245 1938 283">
     <span class='ocr_line' id='line_1_20' title="bbox 1114 245 1938 283; baseline 0.004 -9"><span class='ocrx_word' id='word_1_124' title='bbox 1114 245 1249 274; x_wconf 75' lang='lat' dir='ltr'><strong>aliiciunt</strong></span> <span class='ocrx_word' id='word_1_125' title='bbox 1270 245 1437 283; x_wconf 82' lang='lat' dir='ltr'><strong>phalanges</strong></span> <span class='ocrx_word' id='word_1_126' title='bbox 1463 246 1597 282; x_wconf 87' lang='lat' dir='ltr'><strong>gentium</strong></span> <span class='ocrx_word' id='word_1_127' title='bbox 1624 246 1801 277; x_wconf 84' lang='lat' dir='ltr'><strong>inﬁdelium.</strong></span> <span class='ocrx_word' id='word_1_128' title='bbox 1828 248 1886 277; x_wconf 80' lang='lat' dir='ltr'><strong>Per</strong></span> <span class='ocrx_word' id='word_1_129' title='bbox 1913 250 1938 277; x_wconf 90' lang='lat' dir='ltr'><strong>te</strong></span> 
     </span>
    </p>
   </div>
   <div class='ocr_carea' id='block_1_21' title="bbox 1114 290 1939 329">
    <p class='ocr_par' dir='ltr' id='par_1_21' title="bbox 1114 290 1939 329">
     <span class='ocr_line' id='line_1_21' title="bbox 1114 290 1939 329; baseline 0.002 -10"><span class='ocrx_word' id='word_1_130' title='bbox 1114 291 1213 319; x_wconf 89' lang='lat' dir='ltr'><strong>omnis</strong></span> <span class='ocrx_word' id='word_1_131' title='bbox 1229 291 1325 326; x_wconf 87' lang='lat' dir='ltr'><strong>gratia</strong></span> <span class='ocrx_word' id='word_1_132' title='bbox 1345 290 1532 325; x_wconf 85' lang='lat' dir='ltr'><strong>illuminans.</strong></span> <span class='ocrx_word' id='word_1_133' title='bbox 1546 293 1575 320; x_wconf 85' lang='lat' dir='ltr'><strong>et</strong></span> <span class='ocrx_word' id='word_1_134' title='bbox 1587 291 1751 329; x_wconf 82' lang='lat' dir='ltr'><strong>praedictio,</strong></span> <span class='ocrx_word' id='word_1_135' title='bbox 1766 295 1796 321; x_wconf 87' lang='lat' dir='ltr'><strong>et</strong></span> <span class='ocrx_word' id='word_1_136' title='bbox 1821 293 1939 329; x_wconf 86' lang='lat' dir='ltr'><strong>sapien-</strong></span> 
     </span>
    </p>
   </div>
   <div class='ocr_carea' id='block_1_22' title="bbox 1113 334 1937 370">
    <p class='ocr_par' dir='ltr' id='par_1_22' title="bbox 1113 334 1937 370">
     <span class='ocr_line' id='line_1_22' title="bbox 1113 334 1937 370; baseline 0.002 -6"><span class='ocrx_word' id='word_1_137' title='bbox 1113 335 1164 370; x_wconf 87' lang='lat' dir='ltr'><strong>tia,</strong></span> <span class='ocrx_word' id='word_1_138' title='bbox 1176 337 1204 364; x_wconf 91' lang='lat' dir='ltr'><strong>et</strong></span> <span class='ocrx_word' id='word_1_139' title='bbox 1218 335 1312 364; x_wconf 88' lang='lat' dir='ltr'><strong>virtus</strong></span> <span class='ocrx_word' id='word_1_140' title='bbox 1322 337 1354 364; x_wconf 87' lang='lat' dir='ltr'><strong>ut</strong></span> <span class='ocrx_word' id='word_1_141' title='bbox 1367 337 1413 364; x_wconf 87' lang='lat' dir='ltr'><strong>est</strong></span> <span class='ocrx_word' id='word_1_142' title='bbox 1426 334 1567 364; x_wconf 86' lang='lat' dir='ltr'><strong>ﬁdelibus</strong></span> <span class='ocrx_word' id='word_1_143' title='bbox 1581 336 1767 366; x_wconf 89' lang='lat' dir='ltr'><strong>hominibus.</strong></span> <span class='ocrx_word' id='word_1_144' title='bbox 1781 337 1822 366; x_wconf 90' lang='lat' dir='ltr'><strong>De</strong></span> <span class='ocrx_word' id='word_1_145' title='bbox 1832 340 1937 367; x_wconf 66' lang='lat' dir='ltr'><strong>caetero</strong></span> 
     </span>
    </p>
   </div>
   <div class='ocr_carea' id='block_1_23' title="bbox 1112 380 1936 418">
    <p class='ocr_par' dir='ltr' id='par_1_23' title="bbox 1112 380 1936 418">
     <span class='ocr_line' id='line_1_23' title="bbox 1112 380 1936 418; baseline 0.005 -9"><span class='ocrx_word' id='word_1_146' title='bbox 1112 382 1146 409; x_wconf 90' lang='lat' dir='ltr'><strong>ut</strong></span> <span class='ocrx_word' id='word_1_147' title='bbox 1159 381 1211 418; x_wconf 92' lang='lat' dir='ltr'><strong>qui</strong></span> <span class='ocrx_word' id='word_1_148' title='bbox 1221 380 1337 410; x_wconf 85' lang='lat' dir='ltr'><strong>habeas</strong></span> <span class='ocrx_word' id='word_1_149' title='bbox 1348 381 1437 410; x_wconf 88' lang='lat' dir='ltr'><strong>etiam</strong></span> <span class='ocrx_word' id='word_1_150' title='bbox 1445 381 1529 418; x_wconf 85' lang='lat' dir='ltr'><strong>quod</strong></span> <span class='ocrx_word' id='word_1_151' title='bbox 1541 383 1639 418; x_wconf 83' lang='lat' dir='ltr'><strong>potes,</strong></span> <span class='ocrx_word' id='word_1_152' title='bbox 1652 381 1692 411; x_wconf 90' lang='lat' dir='ltr'><strong>da</strong></span> <span class='ocrx_word' id='word_1_153' title='bbox 1706 382 1798 412; x_wconf 88' lang='lat' dir='ltr'><strong>etiam</strong></span> <span class='ocrx_word' id='word_1_154' title='bbox 1807 381 1936 413; x_wconf 77' lang='lat' dir='ltr'><strong>vicissim</strong></span> 
     </span>
    </p>
   </div>
   <div class='ocr_carea' id='block_1_24' title="bbox 1112 425 1937 464">
    <p class='ocr_par' dir='ltr' id='par_1_24' title="bbox 1112 425 1937 464">
     <span class='ocr_line' id='line_1_24' title="bbox 1112 425 1937 464; baseline 0.004 -10"><span class='ocrx_word' id='word_1_155' title='bbox 1112 428 1251 454; x_wconf 84' lang='lat' dir='ltr'><strong>eventum</strong></span> <span class='ocrx_word' id='word_1_156' title='bbox 1265 425 1449 463; x_wconf 85' lang='lat' dir='ltr'><strong>petitionum.</strong></span> <span class='ocrx_word' id='word_1_157' title='bbox 1466 427 1589 462; x_wconf 88' lang='lat' dir='ltr'><strong>Protege</strong></span> <span class='ocrx_word' id='word_1_158' title='bbox 1604 434 1724 464; x_wconf 85' lang='lat' dir='ltr'><strong>semper</strong></span> <span class='ocrx_word' id='word_1_159' title='bbox 1746 429 1776 456; x_wconf 93' lang='lat' dir='ltr'><strong>et</strong></span> <span class='ocrx_word' id='word_1_160' title='bbox 1789 433 1937 457; x_wconf 84' lang='lat' dir='ltr'><strong>conserva</strong></span> 
     </span>
    </p>
   </div>
   <div class='ocr_carea' id='block_1_25' title="bbox 1111 470 1935 508">
    <p class='ocr_par' dir='ltr' id='par_1_25' title="bbox 1111 470 1935 508">
     <span class='ocr_line' id='line_1_25' title="bbox 1111 470 1935 508; baseline 0.004 -10"><span class='ocrx_word' id='word_1_161' title='bbox 1111 470 1204 499; x_wconf 88' lang='lat' dir='ltr'><strong>vitam</strong></span> <span class='ocrx_word' id='word_1_162' title='bbox 1218 473 1354 499; x_wconf 86' lang='lat' dir='ltr'><strong>nostram</strong></span> <span class='ocrx_word' id='word_1_163' title='bbox 1381 471 1489 507; x_wconf 91' lang='lat' dir='ltr'><strong>pennis</strong></span> <span class='ocrx_word' id='word_1_164' title='bbox 1509 471 1567 499; x_wconf 87' lang='lat' dir='ltr'><strong>tuis</strong></span> <span class='ocrx_word' id='word_1_165' title='bbox 1581 471 1809 508; x_wconf 86' lang='lat' dir='ltr'><strong>archangelicis.</strong></span> <span class='ocrx_word' id='word_1_166' title='bbox 1825 474 1857 501; x_wconf 89' lang='lat' dir='ltr'><strong>et</strong></span> <span class='ocrx_word' id='word_1_167' title='bbox 1883 480 1935 501; x_wconf 85' lang='lat' dir='ltr'><strong>nos</strong></span> 
     </span>
    </p>
   </div>
   <div class='ocr_carea' id='block_1_26' title="bbox 1109 514 1934 546">
    <p class='ocr_par' dir='ltr' id='par_1_26' title="bbox 1109 514 1934 546">
     <span class='ocr_line' id='line_1_26' title="bbox 1109 514 1934 546; baseline 0.004 -3"><span class='ocrx_word' id='word_1_168' title='bbox 1109 514 1205 544; x_wconf 89' lang='lat' dir='ltr'><strong>libera</strong></span> <span class='ocrx_word' id='word_1_169' title='bbox 1216 515 1256 544; x_wconf 88' lang='lat' dir='ltr'><strong>ab</strong></span> <span class='ocrx_word' id='word_1_170' title='bbox 1264 515 1347 544; x_wconf 88' lang='lat' dir='ltr'><strong>omni</strong></span> <span class='ocrx_word' id='word_1_171' title='bbox 1356 517 1549 545; x_wconf 89' lang='lat' dir='ltr'><strong>nocumento.</strong></span> <span class='ocrx_word' id='word_1_172' title='bbox 1562 517 1639 546; x_wconf 88' lang='lat' dir='ltr'><strong>Cura</strong></span> <span class='ocrx_word' id='word_1_173' title='bbox 1648 516 1822 546; x_wconf 76' lang='lat' dir='ltr'><strong>attectiones</strong></span> <span class='ocrx_word' id='word_1_174' title='bbox 1833 523 1934 546; x_wconf 86' lang='lat' dir='ltr'><strong>eorum</strong></span> 
     </span>
    </p>
   </div>
   <div class='ocr_carea' id='block_1_27' title="bbox 1109 560 1933 598">
    <p class='ocr_par' dir='ltr' id='par_1_27' title="bbox 1109 560 1933 598">
     <span class='ocr_line' id='line_1_27' title="bbox 1109 560 1933 598; baseline 0.002 -9"><span class='ocrx_word' id='word_1_175' title='bbox 1109 560 1162 597; x_wconf 89' lang='lat' dir='ltr'><strong>qui</strong></span> <span class='ocrx_word' id='word_1_176' title='bbox 1180 563 1336 596; x_wconf 69' lang='lat' dir='ltr'><strong>aegrotant.</strong></span> <span class='ocrx_word' id='word_1_177' title='bbox 1355 561 1412 590; x_wconf 86' lang='lat' dir='ltr'><strong>Fac</strong></span> <span class='ocrx_word' id='word_1_178' title='bbox 1435 563 1468 590; x_wconf 88' lang='lat' dir='ltr'><strong>ut</strong></span> <span class='ocrx_word' id='word_1_179' title='bbox 1494 560 1526 590; x_wconf 92' lang='lat' dir='ltr'><strong>in</strong></span> <span class='ocrx_word' id='word_1_180' title='bbox 1554 569 1662 590; x_wconf 86' lang='lat' dir='ltr'><strong>auram</strong></span> <span class='ocrx_word' id='word_1_181' title='bbox 1689 563 1887 598; x_wconf 77' lang='lat' dir='ltr'><strong>evanescant,</strong></span> <span class='ocrx_word' id='word_1_182' title='bbox 1909 564 1933 592; x_wconf 89' lang='lat' dir='ltr'><strong>et</strong></span> 
     </span>
    </p>
   </div>
   <div class='ocr_carea' id='block_1_28' title="bbox 1109 605 1934 643">
    <p class='ocr_par' dir='ltr' id='par_1_28' title="bbox 1109 605 1934 643">
     <span class='ocr_line' id='line_1_28' title="bbox 1109 605 1934 643; baseline 0.004 -10"><span class='ocrx_word' id='word_1_183' title='bbox 1109 605 1314 634; x_wconf 86' lang='lat' dir='ltr'><strong>dissolvantur</strong></span> <span class='ocrx_word' id='word_1_184' title='bbox 1329 605 1449 643; x_wconf 88' lang='lat' dir='ltr'><strong>spiritus</strong></span> <span class='ocrx_word' id='word_1_185' title='bbox 1461 613 1566 635; x_wconf 85' lang='lat' dir='ltr'><strong>eorum</strong></span> <span class='ocrx_word' id='word_1_186' title='bbox 1584 606 1637 643; x_wconf 88' lang='lat' dir='ltr'><strong>qui</strong></span> <span class='ocrx_word' id='word_1_187' title='bbox 1651 605 1770 643; x_wconf 88' lang='lat' dir='ltr'><strong>probris</strong></span> <span class='ocrx_word' id='word_1_188' title='bbox 1792 607 1934 636; x_wconf 84' lang='lat' dir='ltr'><strong>insultant</strong></span> 
     </span>
    </p>
   </div>
   <div class='ocr_carea' id='block_1_29' title="bbox 1109 650 1933 689">
    <p class='ocr_par' dir='ltr' id='par_1_29' title="bbox 1109 650 1933 689">
     <span class='ocr_line' id='line_1_29' title="bbox 1109 650 1933 689; baseline 0.002 -10"><span class='ocrx_word' id='word_1_189' title='bbox 1109 652 1137 680; x_wconf 93' lang='lat' dir='ltr'><strong>et</strong></span> <span class='ocrx_word' id='word_1_190' title='bbox 1150 651 1275 687; x_wconf 87' lang='lat' dir='ltr'><strong>injuriis.</strong></span> <span class='ocrx_word' id='word_1_191' title='bbox 1291 650 1398 680; x_wconf 83' lang='lat' dir='ltr'><strong>Adhuc</strong></span> <span class='ocrx_word' id='word_1_192' title='bbox 1412 651 1510 687; x_wconf 88' lang='lat' dir='ltr'><strong>magis</strong></span> <span class='ocrx_word' id='word_1_193' title='bbox 1522 651 1658 689; x_wconf 87' lang='lat' dir='ltr'><strong>deprime</strong></span> <span class='ocrx_word' id='word_1_194' title='bbox 1672 654 1702 681; x_wconf 89' lang='lat' dir='ltr'><strong>et</strong></span> <span class='ocrx_word' id='word_1_195' title='bbox 1713 651 1809 688; x_wconf 88' lang='lat' dir='ltr'><strong>dejice</strong></span> <span class='ocrx_word' id='word_1_196' title='bbox 1824 652 1933 681; x_wconf 85' lang='lat' dir='ltr'><strong>elatum</strong></span> 
     </span>
    </p>
   </div>
   <div class='ocr_carea' id='block_1_30' title="bbox 1107 695 1933 734">
    <p class='ocr_par' dir='ltr' id='par_1_30' title="bbox 1107 695 1933 734">
     <span class='ocr_line' id='line_1_30' title="bbox 1107 695 1933 734; baseline 0.002 -10"><span class='ocrx_word' id='word_1_197' title='bbox 1107 698 1136 724; x_wconf 89' lang='lat' dir='ltr'><strong>et</strong></span> <span class='ocrx_word' id='word_1_198' title='bbox 1164 695 1328 732; x_wconf 89' lang='lat' dir='ltr'><strong>gloriosum</strong></span> <span class='ocrx_word' id='word_1_199' title='bbox 1369 696 1559 733; x_wconf 86' lang='lat' dir='ltr'><strong>supercilium</strong></span> <span class='ocrx_word' id='word_1_200' title='bbox 1585 698 1614 725; x_wconf 86' lang='lat' dir='ltr'><strong>et</strong></span> <span class='ocrx_word' id='word_1_201' title='bbox 1640 696 1933 734; x_wconf 76' lang='lat' dir='ltr'><strong>magniloquentiam</strong></span> 
     </span>
    </p>
   </div>
   <div class='ocr_carea' id='block_1_31' title="bbox 1105 740 1933 777">
    <p class='ocr_par' dir='ltr' id='par_1_31' title="bbox 1105 740 1933 777">
     <span class='ocr_line' id='line_1_31' title="bbox 1105 740 1933 777; baseline 0.001 -8"><span class='ocrx_word' id='word_1_202' title='bbox 1105 740 1238 777; x_wconf 86' lang='lat' dir='ltr'><strong>perversi</strong></span> <span class='ocrx_word' id='word_1_203' title='bbox 1261 742 1290 769; x_wconf 94' lang='lat' dir='ltr'><strong>et</strong></span> <span class='ocrx_word' id='word_1_204' title='bbox 1305 740 1355 769; x_wconf 88' lang='lat' dir='ltr'><strong>Dei</strong></span> <span class='ocrx_word' id='word_1_205' title='bbox 1377 740 1483 777; x_wconf 85' lang='lat' dir='ltr'><strong>hostis,</strong></span> <span class='ocrx_word' id='word_1_206' title='bbox 1500 743 1529 770; x_wconf 92' lang='lat' dir='ltr'><strong>et</strong></span> <span class='ocrx_word' id='word_1_207' title='bbox 1552 740 1728 770; x_wconf 86' lang='lat' dir='ltr'><strong>hominibus</strong></span> <span class='ocrx_word' id='word_1_208' title='bbox 1754 741 1858 770; x_wconf 81' lang='lat' dir='ltr'><strong>infesti</strong></span> <span class='ocrx_word' id='word_1_209' title='bbox 1884 741 1933 771; x_wconf 85' lang='lat' dir='ltr'><strong>Sa-</strong></span> 
     </span>
    </p>
   </div>
   <div class='ocr_carea' id='block_1_32' title="bbox 1104 785 1934 819">
    <p class='ocr_par' dir='ltr' id='par_1_32' title="bbox 1104 785 1934 819">
     <span class='ocr_line' id='line_1_32' title="bbox 1104 785 1934 819; baseline 0.004 -6"><span class='ocrx_word' id='word_1_210' title='bbox 1104 787 1193 819; x_wconf 66' lang='lat' dir='ltr'><strong>tanm,</strong></span> <span class='ocrx_word' id='word_1_211' title='bbox 1208 787 1237 814; x_wconf 88' lang='lat' dir='ltr'><strong>et</strong></span> <span class='ocrx_word' id='word_1_212' title='bbox 1250 785 1298 814; x_wconf 79' lang='lat' dir='ltr'><strong>fac</strong></span> <span class='ocrx_word' id='word_1_213' title='bbox 1322 787 1354 814; x_wconf 95' lang='lat' dir='ltr'><strong>ut</strong></span> <span class='ocrx_word' id='word_1_214' title='bbox 1379 787 1498 815; x_wconf 86' lang='lat' dir='ltr'><strong>cessent</strong></span> <span class='ocrx_word' id='word_1_215' title='bbox 1521 787 1551 814; x_wconf 91' lang='lat' dir='ltr'><strong>et</strong></span> <span class='ocrx_word' id='word_1_216' title='bbox 1573 785 1670 815; x_wconf 80' lang='lat' dir='ltr'><strong>otiose</strong></span> <span class='ocrx_word' id='word_1_217' title='bbox 1692 785 1864 815; x_wconf 85' lang='lat' dir='ltr'><strong>reddantur</strong></span> <span class='ocrx_word' id='word_1_218' title='bbox 1883 786 1934 816; x_wconf 82' lang='lat' dir='ltr'><strong>im-</strong></span> 
     </span>
    </p>
   </div>
   <div class='ocr_carea' id='block_1_33' title="bbox 228 830 1932 868">
    <p class='ocr_par' dir='ltr' id='par_1_33' title="bbox 228 830 1932 868">
     <span class='ocr_line' id='line_1_33' title="bbox 228 830 1932 868; baseline 0 -8"><span class='ocrx_word' id='word_1_219' title='bbox 228 834 257 860; x_wconf 91' lang='lat' dir='ltr'><strong>et</strong></span> <span class='ocrx_word' id='word_1_220' title='bbox 269 832 402 860; x_wconf 87' lang='lat' dir='ltr'><strong>miseria.</strong></span> <span class='ocrx_word' id='word_1_221' title='bbox 418 831 463 860; x_wconf 80' lang='lat' dir='ltr'><strong>Ad</strong></span> <span class='ocrx_word' id='word_1_222' title='bbox 477 839 547 860; x_wconf 91' lang='lat' dir='ltr'><strong>eum</strong></span> <span class='ocrx_word' id='word_1_223' title='bbox 567 838 639 866; x_wconf 82' lang='lat' dir='ltr'><strong>ergo</strong></span> <span class='ocrx_word' id='word_1_224' title='bbox 660 830 827 860; x_wconf 89' lang='lat' dir='ltr'><strong>clamemus</strong></span> <span class='ocrx_word' id='word_1_225' title='bbox 847 833 875 860; x_wconf 92' lang='lat' dir='ltr'><strong>et</strong></span> <span class='ocrx_word' id='word_1_226' title='bbox 888 831 1026 861; x_wconf 87' lang='lat' dir='ltr'><strong>dicamus</strong></span> <span class='ocrx_word' id='word_1_227' title='bbox 1042 840 1049 860; x_wconf 86' lang='lat'><strong>:</strong></span> <span class='ocrx_word' id='word_1_228' title='bbox 1066 839 1086 867; x_wconf 80' lang='grc' dir='ltr'><strong>Β</strong></span> <span class='ocrx_word' id='word_1_229' title='bbox 1103 830 1206 868; x_wconf 77' lang='lat' dir='ltr'><strong>probae</strong></span> <span class='ocrx_word' id='word_1_230' title='bbox 1230 830 1295 867; x_wconf 87' lang='lat' dir='ltr'><strong>ejus</strong></span> <span class='ocrx_word' id='word_1_231' title='bbox 1323 830 1574 860; x_wconf 78' lang='lat' dir='ltr'><strong>machinationes.</strong></span> <span class='ocrx_word' id='word_1_232' title='bbox 1606 830 1723 868; x_wconf 84' lang='lat' dir='ltr'><strong>Depelle</strong></span> <span class='ocrx_word' id='word_1_233' title='bbox 1756 831 1932 860; x_wconf 68' lang='lat' dir='ltr'><strong>demonum</strong></span> 
     </span>
    </p>
   </div>
   <div class='ocr_carea' id='block_1_34' title="bbox 227 876 1050 914">
    <p class='ocr_par' dir='ltr' id='par_1_34' title="bbox 227 876 1050 914">
     <span class='ocr_line' id='line_1_34' title="bbox 227 876 1050 914; baseline 0.001 -9"><span class='ocrx_word' id='word_1_234' title='bbox 227 876 358 913; x_wconf 80' lang='lat' dir='ltr'><strong>Benigne</strong></span> <span class='ocrx_word' id='word_1_235' title='bbox 372 876 507 905; x_wconf 88' lang='lat' dir='ltr'><strong>minister</strong></span> <span class='ocrx_word' id='word_1_236' title='bbox 519 876 643 912; x_wconf 82' lang='lat' dir='ltr'><strong>benigni</strong></span> <span class='ocrx_word' id='word_1_237' title='bbox 666 876 795 912; x_wconf 89' lang='lat' dir='ltr'><strong>Domini,</strong></span> <span class='ocrx_word' id='word_1_238' title='bbox 811 876 863 913; x_wconf 89' lang='lat' dir='ltr'><strong>qui</strong></span> <span class='ocrx_word' id='word_1_239' title='bbox 886 876 918 905; x_wconf 93' lang='lat' dir='ltr'><strong>in</strong></span> <span class='ocrx_word' id='word_1_240' title='bbox 941 879 1050 914; x_wconf 88' lang='lat' dir='ltr'><strong>myste-</strong></span> 
     </span>
    </p>
   </div>
   <div class='ocr_carea' id='block_1_35' title="bbox 225 920 1050 957">
    <p class='ocr_par' dir='ltr' id='par_1_35' title="bbox 225 920 1050 957">
     <span class='ocr_line' id='line_1_35' title="bbox 225 920 1050 957; baseline 0 -8"><span class='ocrx_word' id='word_1_241' title='bbox 225 921 278 949; x_wconf 88' lang='lat' dir='ltr'><strong>riis</strong></span> <span class='ocrx_word' id='word_1_242' title='bbox 303 920 413 955; x_wconf 83' lang='lat' dir='ltr'><strong>iuitias,</strong></span> <span class='ocrx_word' id='word_1_243' title='bbox 441 920 564 949; x_wconf 84' lang='lat' dir='ltr'><strong>Michael</strong></span> <span class='ocrx_word' id='word_1_244' title='bbox 591 920 732 957; x_wconf 88' lang='lat' dir='ltr'><strong>princeps</strong></span> <span class='ocrx_word' id='word_1_245' title='bbox 766 920 888 955; x_wconf 78' lang='lat' dir='ltr'><strong>militiae,</strong></span> <span class='ocrx_word' id='word_1_246' title='bbox 919 920 1050 949; x_wconf 85' lang='lat' dir='ltr'><strong>assiduis</strong></span> 
     </span>
    </p>
   </div>
   <div class='ocr_carea' id='block_1_36' title="bbox 225 964 1051 1002">
    <p class='ocr_par' dir='ltr' id='par_1_36' title="bbox 225 964 1051 1002">
     <span class='ocr_line' id='line_1_36' title="bbox 225 964 1051 1002; baseline 0 -8"><span class='ocrx_word' id='word_1_247' title='bbox 225 966 283 995; x_wconf 86' lang='lat' dir='ltr'><strong>tuis</strong></span> <span class='ocrx_word' id='word_1_248' title='bbox 298 965 381 1002; x_wconf 85' lang='lat' dir='ltr'><strong>apud</strong></span> <span class='ocrx_word' id='word_1_249' title='bbox 395 966 506 1001; x_wconf 81' lang='lat' dir='ltr'><strong>Regem</strong></span> <span class='ocrx_word' id='word_1_250' title='bbox 522 964 624 1001; x_wconf 79' lang='lat' dir='ltr'><strong>glorise</strong></span> <span class='ocrx_word' id='word_1_251' title='bbox 650 965 922 1001; x_wconf 87' lang='lat' dir='ltr'><strong>intercessionibus,</strong></span> <span class='ocrx_word' id='word_1_252' title='bbox 944 973 1051 995; x_wconf 90' lang='lat' dir='ltr'><strong>omnes</strong></span> 
     </span>
    </p>
   </div>
   <div class='ocr_carea' id='block_1_37' title="bbox 225 1009 1051 1048">
    <p class='ocr_par' dir='ltr' id='par_1_37' title="bbox 225 1009 1051 1048">
     <span class='ocr_line' id='line_1_37' title="bbox 225 1009 1051 1048; baseline 0 -8"><span class='ocrx_word' id='word_1_253' title='bbox 225 1012 292 1040; x_wconf 92' lang='lat' dir='ltr'><strong>tuos</strong></span> <span class='ocrx_word' id='word_1_254' title='bbox 306 1010 479 1040; x_wconf 87' lang='lat' dir='ltr'><strong>laudatores</strong></span> <span class='ocrx_word' id='word_1_255' title='bbox 493 1012 522 1039; x_wconf 90' lang='lat' dir='ltr'><strong>et</strong></span> <span class='ocrx_word' id='word_1_256' title='bbox 531 1009 636 1039; x_wconf 85' lang='lat' dir='ltr'><strong>ﬁdeles</strong></span> <span class='ocrx_word' id='word_1_257' title='bbox 652 1012 721 1039; x_wconf 90' lang='lat' dir='ltr'><strong>tuos</strong></span> <span class='ocrx_word' id='word_1_258' title='bbox 747 1010 887 1045; x_wconf 82' lang='lat' dir='ltr'><strong>famulos,</strong></span> <span class='ocrx_word' id='word_1_259' title='bbox 904 1019 973 1039; x_wconf 90' lang='lat' dir='ltr'><strong>cum</strong></span> <span class='ocrx_word' id='word_1_260' title='bbox 997 1019 1051 1048; x_wconf 94' lang='lat' dir='ltr'><strong>per</strong></span> 
     </span>
    </p>
   </div>
   <div class='ocr_carea' id='block_1_38' title="bbox 224 1055 1051 1093">
    <p class='ocr_par' dir='ltr' id='par_1_38' title="bbox 224 1055 1051 1093">
     <span class='ocr_line' id='line_1_38' title="bbox 224 1055 1051 1093; baseline 0 -9"><span class='ocrx_word' id='word_1_261' title='bbox 224 1055 442 1093; x_wconf 67' lang='lat' dir='ltr'><strong>paenitentiam,</strong></span> <span class='ocrx_word' id='word_1_262' title='bbox 455 1057 489 1084; x_wconf 90' lang='lat' dir='ltr'><strong>ut</strong></span> <span class='ocrx_word' id='word_1_263' title='bbox 511 1055 650 1084; x_wconf 81' lang='lat' dir='ltr'><strong>meliores</strong></span> <span class='ocrx_word' id='word_1_264' title='bbox 664 1055 804 1089; x_wconf 89' lang='lat' dir='ltr'><strong>evadant,</strong></span> <span class='ocrx_word' id='word_1_265' title='bbox 830 1055 1001 1091; x_wconf 82' lang='lat' dir='ltr'><strong>deduxeris,</strong></span> <span class='ocrx_word' id='word_1_266' title='bbox 1023 1059 1051 1085; x_wconf 91' lang='lat' dir='ltr'><strong>et</strong></span> 
     </span>
    </p>
   </div>
   <div class='ocr_carea' id='block_1_39' title="bbox 225 1099 1051 1135">
    <p class='ocr_par' dir='ltr' id='par_1_39' title="bbox 225 1099 1051 1135">
     <span class='ocr_line' id='line_1_39' title="bbox 225 1099 1051 1135; baseline 0.002 -7"><span class='ocrx_word' id='word_1_267' title='bbox 225 1102 259 1128; x_wconf 91' lang='lat' dir='ltr'><strong>ut</strong></span> <span class='ocrx_word' id='word_1_268' title='bbox 281 1102 403 1129; x_wconf 87' lang='lat' dir='ltr'><strong>sanctos</strong></span> <span class='ocrx_word' id='word_1_269' title='bbox 425 1099 511 1128; x_wconf 91' lang='lat' dir='ltr'><strong>decet</strong></span> <span class='ocrx_word' id='word_1_270' title='bbox 537 1100 648 1135; x_wconf 90' lang='lat' dir='ltr'><strong>vivant,</strong></span> <span class='ocrx_word' id='word_1_271' title='bbox 673 1099 828 1135; x_wconf 88' lang='lat' dir='ltr'><strong>erudieris,</strong></span> <span class='ocrx_word' id='word_1_272' title='bbox 852 1100 911 1128; x_wconf 89' lang='lat' dir='ltr'><strong>illic</strong></span> <span class='ocrx_word' id='word_1_273' title='bbox 936 1100 1051 1130; x_wconf 89' lang='lat' dir='ltr'><strong>colloca</strong></span> 
     </span>
    </p>
   </div>
   <div class='ocr_carea' id='block_1_40' title="bbox 225 1144 1051 1180">
    <p class='ocr_par' dir='ltr' id='par_1_40' title="bbox 225 1144 1051 1180">
     <span class='ocr_line' id='line_1_40' title="bbox 225 1144 1051 1180; baseline 0.002 -8"><span class='ocrx_word' id='word_1_274' title='bbox 225 1144 257 1173; x_wconf 88' lang='lat' dir='ltr'><strong>in</strong></span> <span class='ocrx_word' id='word_1_275' title='bbox 267 1145 394 1174; x_wconf 84' lang='lat' dir='ltr'><strong>statione</strong></span> <span class='ocrx_word' id='word_1_276' title='bbox 397 1145 560 1180; x_wconf 86' lang='lat' dir='ltr'><strong>justorum.</strong></span> <span class='ocrx_word' id='word_1_277' title='bbox 567 1145 604 1173; x_wconf 87' lang='lat' dir='ltr'><strong>Te</strong></span> <span class='ocrx_word' id='word_1_278' title='bbox 613 1144 693 1172; x_wconf 90' lang='lat' dir='ltr'><strong>enim</strong></span> <span class='ocrx_word' id='word_1_279' title='bbox 703 1144 802 1173; x_wconf 86' lang='lat' dir='ltr'><strong>omnis</strong></span> <span class='ocrx_word' id='word_1_280' title='bbox 812 1146 906 1173; x_wconf 77' lang='lat' dir='ltr'><strong>coetus</strong></span> <span class='ocrx_word' id='word_1_281' title='bbox 914 1145 1051 1174; x_wconf 87' lang='lat' dir='ltr'><strong>Christia-</strong></span> 
     </span>
    </p>
   </div>
   <div class='ocr_carea' id='block_1_41' title="bbox 225 1188 1048 1225">
    <p class='ocr_par' dir='ltr' id='par_1_41' title="bbox 225 1188 1048 1225">
     <span class='ocr_line' id='line_1_41' title="bbox 225 1188 1048 1225; baseline 0.002 -8"><span class='ocrx_word' id='word_1_282' title='bbox 225 1196 346 1222; x_wconf 84' lang='lat' dir='ltr'><strong>norum,</strong></span> <span class='ocrx_word' id='word_1_283' title='bbox 361 1190 432 1225; x_wconf 90' lang='lat' dir='ltr'><strong>post</strong></span> <span class='ocrx_word' id='word_1_284' title='bbox 446 1189 541 1217; x_wconf 88' lang='lat' dir='ltr'><strong>Deum</strong></span> <span class='ocrx_word' id='word_1_285' title='bbox 564 1190 593 1217; x_wconf 92' lang='lat' dir='ltr'><strong>et</strong></span> <span class='ocrx_word' id='word_1_286' title='bbox 606 1188 813 1218; x_wconf 87' lang='lat' dir='ltr'><strong>intemeratam</strong></span> <span class='ocrx_word' id='word_1_287' title='bbox 833 1189 898 1225; x_wconf 89' lang='lat' dir='ltr'><strong>ejus</strong></span> <span class='ocrx_word' id='word_1_288' title='bbox 918 1191 1048 1224; x_wconf 76' lang='lat' dir='ltr'><strong>Matrem,</strong></span> 
     </span>
    </p>
   </div>
   <div class='ocr_carea' id='block_1_42' title="bbox 225 1232 1050 1271">
    <p class='ocr_par' dir='ltr' id='par_1_42' title="bbox 225 1232 1050 1271">
     <span class='ocr_line' id='line_1_42' title="bbox 225 1232 1050 1271; baseline 0.001 -8"><span class='ocrx_word' id='word_1_289' title='bbox 225 1235 389 1271; x_wconf 87' lang='lat' dir='ltr'><strong>patronum</strong></span> <span class='ocrx_word' id='word_1_290' title='bbox 400 1232 550 1262; x_wconf 89' lang='lat' dir='ltr'><strong>habemus</strong></span> <span class='ocrx_word' id='word_1_291' title='bbox 562 1233 731 1262; x_wconf 82' lang='lat' dir='ltr'><strong>maximum</strong></span> <span class='ocrx_word' id='word_1_292' title='bbox 744 1235 772 1262; x_wconf 92' lang='lat' dir='ltr'><strong>et</strong></span> <span class='ocrx_word' id='word_1_293' title='bbox 798 1233 902 1263; x_wconf 85' lang='lat' dir='ltr'><strong>salutis</strong></span> <span class='ocrx_word' id='word_1_294' title='bbox 914 1233 1050 1264; x_wconf 81' lang='lat' dir='ltr'><strong>defenso-</strong></span> 
     </span>
    </p>
   </div>
   <div class='ocr_carea' id='block_1_43' title="bbox 224 1278 1051 1310">
    <p class='ocr_par' dir='ltr' id='par_1_43' title="bbox 224 1278 1051 1310">
     <span class='ocr_line' id='line_1_43' title="bbox 224 1278 1051 1310; baseline 0.002 -2"><span class='ocrx_word' id='word_1_295' title='bbox 224 1287 300 1308; x_wconf 87' lang='lat' dir='ltr'><strong>rem.</strong></span> <span class='ocrx_word' id='word_1_296' title='bbox 311 1280 350 1307; x_wconf 90' lang='lat' dir='ltr'><strong>Te</strong></span> <span class='ocrx_word' id='word_1_297' title='bbox 359 1278 453 1307; x_wconf 90' lang='lat' dir='ltr'><strong>nostri</strong></span> <span class='ocrx_word' id='word_1_298' title='bbox 466 1278 568 1308; x_wconf 84' lang='lat' dir='ltr'><strong>auxilii</strong></span> <span class='ocrx_word' id='word_1_299' title='bbox 590 1286 676 1307; x_wconf 84' lang='lat' dir='ltr'><strong>arma</strong></span> <span class='ocrx_word' id='word_1_300' title='bbox 690 1278 872 1308; x_wconf 88' lang='lat' dir='ltr'><strong>validissima</strong></span> <span class='ocrx_word' id='word_1_301' title='bbox 885 1282 912 1308; x_wconf 90' lang='lat' dir='ltr'><strong>et</strong></span> <span class='ocrx_word' id='word_1_302' title='bbox 940 1281 1051 1310; x_wconf 81' lang='lat' dir='ltr'><strong>maenia</strong></span> 
     </span>
    </p>
   </div>
   <div class='ocr_carea' id='block_1_44' title="bbox 227 1322 1050 1361">
    <p class='ocr_par' dir='ltr' id='par_1_44' title="bbox 227 1322 1050 1361">
     <span class='ocr_line' id='line_1_44' title="bbox 227 1322 1050 1361; baseline 0.002 -9"><span class='ocrx_word' id='word_1_303' title='bbox 227 1323 373 1352; x_wconf 85' lang='lat' dir='ltr'><strong>adversus</strong></span> <span class='ocrx_word' id='word_1_304' title='bbox 385 1331 491 1352; x_wconf 91' lang='lat' dir='ltr'><strong>omnes</strong></span> <span class='ocrx_word' id='word_1_305' title='bbox 502 1322 614 1358; x_wconf 82' lang='lat' dir='ltr'><strong>hostes,</strong></span> <span class='ocrx_word' id='word_1_306' title='bbox 630 1325 693 1352; x_wconf 89' lang='lat' dir='ltr'><strong>tam</strong></span> <span class='ocrx_word' id='word_1_307' title='bbox 713 1323 766 1360; x_wconf 89' lang='lat' dir='ltr'><strong>qui</strong></span> <span class='ocrx_word' id='word_1_308' title='bbox 778 1324 809 1352; x_wconf 85' lang='lat' dir='ltr'><strong>in</strong></span> <span class='ocrx_word' id='word_1_309' title='bbox 824 1324 1050 1361; x_wconf 81' lang='lat' dir='ltr'><strong>intelligentiam</strong></span> 
     </span>
    </p>
   </div>
   <div class='ocr_carea' id='block_1_45' title="bbox 227 1368 1050 1406">
    <p class='ocr_par' dir='ltr' id='par_1_45' title="bbox 227 1368 1050 1406">
     <span class='ocr_line' id='line_1_45' title="bbox 227 1368 1050 1406; baseline 0.002 -8"><span class='ocrx_word' id='word_1_310' title='bbox 227 1368 351 1405; x_wconf 82' lang='lat' dir='ltr'><strong>cadunt,</strong></span> <span class='ocrx_word' id='word_1_311' title='bbox 374 1376 468 1405; x_wconf 78' lang='lat' dir='ltr'><strong>quam</strong></span> <span class='ocrx_word' id='word_1_312' title='bbox 482 1368 536 1406; x_wconf 89' lang='lat' dir='ltr'><strong>qui</strong></span> <span class='ocrx_word' id='word_1_313' title='bbox 562 1368 620 1397; x_wconf 89' lang='lat' dir='ltr'><strong>sub</strong></span> <span class='ocrx_word' id='word_1_314' title='bbox 648 1376 782 1404; x_wconf 83' lang='lat' dir='ltr'><strong>sensum,</strong></span> <span class='ocrx_word' id='word_1_315' title='bbox 804 1370 996 1406; x_wconf 88' lang='lat' dir='ltr'><strong>opponimus.</strong></span> <span class='ocrx_word' id='word_1_316' title='bbox 1013 1372 1050 1400; x_wconf 89' lang='lat' dir='ltr'><strong>Te</strong></span> 
     </span>
    </p>
   </div>
   <div class='ocr_carea' id='block_1_46' title="bbox 226 1412 1051 1445">
    <p class='ocr_par' dir='ltr' id='par_1_46' title="bbox 226 1412 1051 1445">
     <span class='ocr_line' id='line_1_46' title="bbox 226 1412 1051 1445; baseline 0.004 -4"><span class='ocrx_word' id='word_1_317' title='bbox 226 1415 338 1442; x_wconf 79' lang='lat' dir='ltr'><strong>nostrae</strong></span> <span class='ocrx_word' id='word_1_318' title='bbox 360 1412 543 1442; x_wconf 80' lang='lat' dir='ltr'><strong>defensionis</strong></span> <span class='ocrx_word' id='word_1_319' title='bbox 572 1412 708 1442; x_wconf 86' lang='lat' dir='ltr'><strong>divinam</strong></span> <span class='ocrx_word' id='word_1_320' title='bbox 737 1415 766 1442; x_wconf 91' lang='lat' dir='ltr'><strong>et</strong></span> <span class='ocrx_word' id='word_1_321' title='bbox 793 1413 1051 1445; x_wconf 87' lang='lat' dir='ltr'><strong>evidentissimam</strong></span> 
     </span>
    </p>
   </div>
   <div class='ocr_carea' id='block_1_47' title="bbox 227 1457 1052 1498">
    <p class='ocr_par' dir='ltr' id='par_1_47' title="bbox 227 1457 1052 1498">
     <span class='ocr_line' id='line_1_47' title="bbox 227 1457 1052 1498; baseline 0.004 -11"><span class='ocrx_word' id='word_1_322' title='bbox 227 1457 466 1488; x_wconf 84' lang='lat' dir='ltr'><strong>circumferimus</strong></span> <span class='ocrx_word' id='word_1_323' title='bbox 488 1457 706 1496; x_wconf 86' lang='lat' dir='ltr'><strong>gloriationem.</strong></span> <span class='ocrx_word' id='word_1_324' title='bbox 722 1459 776 1488; x_wconf 87' lang='lat' dir='ltr'><strong>Per</strong></span> <span class='ocrx_word' id='word_1_325' title='bbox 796 1460 824 1489; x_wconf 83' lang='lat' dir='ltr'><strong>te</strong></span> <span class='ocrx_word' id='word_1_326' title='bbox 841 1459 946 1489; x_wconf 82' lang='lat' dir='ltr'><strong>ﬁdeles</strong></span> <span class='ocrx_word' id='word_1_327' title='bbox 966 1468 1052 1498; x_wconf 84' lang='lat' dir='ltr'><strong>reges</strong></span> 
     </span>
    </p>
   </div>
   <div class='ocr_carea' id='block_1_48' title="bbox 262 1534 468 1566">
    <p class='ocr_par' dir='ltr' id='par_1_48' title="bbox 262 1534 468 1566">
     <span class='ocr_line' id='line_1_48' title="bbox 262 1534 468 1566; baseline 0 -1"><span class='ocrx_word' id='word_1_328' title='bbox 262 1535 286 1555; x_wconf 63' lang='grc'><strong>’⁸</strong></span> <span class='ocrx_word' id='word_1_329' title='bbox 301 1534 468 1566; x_wconf 82' lang='lat' dir='ltr'><strong>Tob.1—xnr.</strong></span> 
     </span>
    </p>
   </div>
   <div class='ocr_carea' id='block_1_49' title="bbox 1103 875 1930 912">
    <p class='ocr_par' dir='ltr' id='par_1_49' title="bbox 1103 875 1930 912">
     <span class='ocr_line' id='line_1_49' title="bbox 1103 875 1930 912; baseline 0.002 -8"><span class='ocrx_word' id='word_1_330' title='bbox 1103 875 1240 909; x_wconf 83' lang='lat' dir='ltr'><strong>insidias,</strong></span> <span class='ocrx_word' id='word_1_331' title='bbox 1256 883 1323 912; x_wconf 75' lang='lat' dir='ltr'><strong>quas</strong></span> <span class='ocrx_word' id='word_1_332' title='bbox 1340 875 1486 904; x_wconf 87' lang='lat' dir='ltr'><strong>adversus</strong></span> <span class='ocrx_word' id='word_1_333' title='bbox 1506 883 1562 904; x_wconf 88' lang='lat' dir='ltr'><strong>nos</strong></span> <span class='ocrx_word' id='word_1_334' title='bbox 1577 877 1697 905; x_wconf 65' lang='lat' dir='ltr'><strong>structa</strong></span> <span class='ocrx_word' id='word_1_335' title='bbox 1718 878 1800 906; x_wconf 85' lang='lat' dir='ltr'><strong>sunt.</strong></span> <span class='ocrx_word' id='word_1_336' title='bbox 1826 875 1930 911; x_wconf 78' lang='lat' dir='ltr'><strong>Evelle,</strong></span> 
     </span>
    </p>
   </div>
   <div class='ocr_carea' id='block_1_50' title="bbox 1104 918 1930 956">
    <p class='ocr_par' dir='ltr' id='par_1_50' title="bbox 1104 918 1930 956">
     <span class='ocr_line' id='line_1_50' title="bbox 1104 918 1930 956; baseline 0.002 -8"><span class='ocrx_word' id='word_1_337' title='bbox 1104 927 1172 956; x_wconf 77' lang='lat' dir='ltr'><strong>quae</strong></span> <span class='ocrx_word' id='word_1_338' title='bbox 1187 919 1227 949; x_wconf 93' lang='lat' dir='ltr'><strong>ab</strong></span> <span class='ocrx_word' id='word_1_339' title='bbox 1237 919 1359 948; x_wconf 88' lang='lat' dir='ltr'><strong>inimico</strong></span> <span class='ocrx_word' id='word_1_340' title='bbox 1372 921 1437 949; x_wconf 87' lang='lat' dir='ltr'><strong>sata</strong></span> <span class='ocrx_word' id='word_1_341' title='bbox 1447 921 1516 949; x_wconf 88' lang='lat' dir='ltr'><strong>sunt</strong></span> <span class='ocrx_word' id='word_1_342' title='bbox 1526 919 1678 949; x_wconf 85' lang='lat' dir='ltr'><strong>zizaniain</strong></span> <span class='ocrx_word' id='word_1_343' title='bbox 1693 928 1767 956; x_wconf 83' lang='lat' dir='ltr'><strong>agro</strong></span> <span class='ocrx_word' id='word_1_344' title='bbox 1782 918 1930 950; x_wconf 67' lang='lat' dir='ltr'><strong>Ecclesia.</strong></span> 
     </span>
    </p>
   </div>
   <div class='ocr_carea' id='block_1_51' title="bbox 1104 963 1929 1000">
    <p class='ocr_par' dir='ltr' id='par_1_51' title="bbox 1104 963 1929 1000">
     <span class='ocr_line' id='line_1_51' title="bbox 1104 963 1929 1000; baseline 0.002 -8"><span class='ocrx_word' id='word_1_345' title='bbox 1104 963 1204 1000; x_wconf 87' lang='lat' dir='ltr'><strong>Purga</strong></span> <span class='ocrx_word' id='word_1_346' title='bbox 1219 964 1282 993; x_wconf 89' lang='lat' dir='ltr'><strong>veri</strong></span> <span class='ocrx_word' id='word_1_347' title='bbox 1297 964 1389 993; x_wconf 86' lang='lat' dir='ltr'><strong>Patris</strong></span> <span class='ocrx_word' id='word_1_348' title='bbox 1401 964 1530 993; x_wconf 83' lang='lat' dir='ltr'><strong>familias</strong></span> <span class='ocrx_word' id='word_1_349' title='bbox 1555 966 1585 993; x_wconf 87' lang='lat' dir='ltr'><strong>et</strong></span> <span class='ocrx_word' id='word_1_350' title='bbox 1608 965 1726 994; x_wconf 88' lang='lat' dir='ltr'><strong>Domini</strong></span> <span class='ocrx_word' id='word_1_351' title='bbox 1753 968 1929 994; x_wconf 86' lang='lat' dir='ltr'><strong>sementem.</strong></span> 
     </span>
    </p>
   </div>
   <div class='ocr_carea' id='block_1_52' title="bbox 1104 1008 1931 1046">
    <p class='ocr_par' dir='ltr' id='par_1_52' title="bbox 1104 1008 1931 1046">
     <span class='ocr_line' id='line_1_52' title="bbox 1104 1008 1931 1046; baseline 0.001 -8"><span class='ocrx_word' id='word_1_352' title='bbox 1104 1009 1264 1046; x_wconf 85' lang='lat' dir='ltr'><strong>Oppugna,</strong></span> <span class='ocrx_word' id='word_1_353' title='bbox 1279 1011 1308 1038; x_wconf 89' lang='lat' dir='ltr'><strong>et</strong></span> <span class='ocrx_word' id='word_1_354' title='bbox 1323 1008 1491 1045; x_wconf 84' lang='lat' dir='ltr'><strong>ignominia</strong></span> <span class='ocrx_word' id='word_1_355' title='bbox 1506 1008 1602 1044; x_wconf 71' lang='lat' dir='ltr'><strong>aﬁce,</strong></span> <span class='ocrx_word' id='word_1_356' title='bbox 1629 1012 1659 1039; x_wconf 89' lang='lat' dir='ltr'><strong>et</strong></span> <span class='ocrx_word' id='word_1_357' title='bbox 1677 1009 1808 1039; x_wconf 86' lang='lat' dir='ltr'><strong>dissolve</strong></span> <span class='ocrx_word' id='word_1_358' title='bbox 1840 1013 1931 1039; x_wconf 71' lang='lat' dir='ltr'><strong>catus</strong></span> 
     </span>
    </p>
   </div>
   <div class='ocr_carea' id='block_1_53' title="bbox 1104 1053 1932 1092">
    <p class='ocr_par' dir='ltr' id='par_1_53' title="bbox 1104 1053 1932 1092">
     <span class='ocr_line' id='line_1_53' title="bbox 1104 1053 1932 1092; baseline 0.002 -9"><span class='ocrx_word' id='word_1_359' title='bbox 1104 1061 1209 1083; x_wconf 89' lang='lat' dir='ltr'><strong>eorum</strong></span> <span class='ocrx_word' id='word_1_360' title='bbox 1219 1054 1272 1091; x_wconf 89' lang='lat' dir='ltr'><strong>qui</strong></span> <span class='ocrx_word' id='word_1_361' title='bbox 1285 1054 1363 1083; x_wconf 89' lang='lat' dir='ltr'><strong>male</strong></span> <span class='ocrx_word' id='word_1_362' title='bbox 1379 1053 1520 1088; x_wconf 86' lang='lat' dir='ltr'><strong>sentiunt,</strong></span> <span class='ocrx_word' id='word_1_363' title='bbox 1536 1057 1566 1083; x_wconf 90' lang='lat' dir='ltr'><strong>et</strong></span> <span class='ocrx_word' id='word_1_364' title='bbox 1577 1056 1647 1083; x_wconf 89' lang='lat' dir='ltr'><strong>sunt</strong></span> <span class='ocrx_word' id='word_1_365' title='bbox 1658 1055 1752 1092; x_wconf 87' lang='lat' dir='ltr'><strong>impii.</strong></span> <span class='ocrx_word' id='word_1_366' title='bbox 1780 1056 1844 1084; x_wconf 84' lang='lat' dir='ltr'><strong>Nos</strong></span> <span class='ocrx_word' id='word_1_367' title='bbox 1871 1063 1932 1092; x_wconf 88' lang='lat' dir='ltr'><strong>per-</strong></span> 
     </span>
    </p>
   </div>
   <div class='ocr_carea' id='block_1_54' title="bbox 1103 1098 1931 1136">
    <p class='ocr_par' dir='ltr' id='par_1_54' title="bbox 1103 1098 1931 1136">
     <span class='ocr_line' id='line_1_54' title="bbox 1103 1098 1931 1136; baseline 0.004 -9"><span class='ocrx_word' id='word_1_368' title='bbox 1103 1101 1194 1136; x_wconf 88' lang='lat' dir='ltr'><strong>petuo</strong></span> <span class='ocrx_word' id='word_1_369' title='bbox 1209 1098 1356 1128; x_wconf 85' lang='lat' dir='ltr'><strong>conﬁrma</strong></span> <span class='ocrx_word' id='word_1_370' title='bbox 1369 1101 1398 1128; x_wconf 94' lang='lat' dir='ltr'><strong>et</strong></span> <span class='ocrx_word' id='word_1_371' title='bbox 1412 1098 1576 1128; x_wconf 87' lang='lat' dir='ltr'><strong>corrobora</strong></span> <span class='ocrx_word' id='word_1_372' title='bbox 1598 1099 1854 1129; x_wconf 84' lang='lat' dir='ltr'><strong>intercessionum</strong></span> <span class='ocrx_word' id='word_1_373' title='bbox 1873 1103 1931 1130; x_wconf 81' lang='lat' dir='ltr'><strong>tua-</strong></span> 
     </span>
    </p>
   </div>
   <div class='ocr_carea' id='block_1_55' title="bbox 1102 1143 1930 1181">
    <p class='ocr_par' dir='ltr' id='par_1_55' title="bbox 1102 1143 1930 1181">
     <span class='ocr_line' id='line_1_55' title="bbox 1102 1143 1930 1181; baseline 0.002 -9"><span class='ocrx_word' id='word_1_374' title='bbox 1102 1151 1170 1172; x_wconf 91' lang='lat' dir='ltr'><strong>rum</strong></span> <span class='ocrx_word' id='word_1_375' title='bbox 1181 1143 1407 1173; x_wconf 85' lang='lat' dir='ltr'><strong>defensionibus</strong></span> <span class='ocrx_word' id='word_1_376' title='bbox 1421 1143 1461 1173; x_wconf 85' lang='lat' dir='ltr'><strong>ad</strong></span> <span class='ocrx_word' id='word_1_377' title='bbox 1472 1143 1540 1180; x_wconf 81' lang='lat' dir='ltr'><strong>hoc,</strong></span> <span class='ocrx_word' id='word_1_378' title='bbox 1552 1145 1584 1173; x_wconf 90' lang='lat' dir='ltr'><strong>ut</strong></span> <span class='ocrx_word' id='word_1_379' title='bbox 1596 1144 1670 1173; x_wconf 84' lang='lat' dir='ltr'><strong>citra</strong></span> <span class='ocrx_word' id='word_1_380' title='bbox 1679 1143 1930 1181; x_wconf 87' lang='lat' dir='ltr'><strong>impedimentum</strong></span> 
     </span>
    </p>
   </div>
   <div class='ocr_carea' id='block_1_56' title="bbox 1103 1187 1932 1218">
    <p class='ocr_par' dir='ltr' id='par_1_56' title="bbox 1103 1187 1932 1218">
     <span class='ocr_line' id='line_1_56' title="bbox 1103 1187 1932 1218; baseline 0.001 -1"><span class='ocrx_word' id='word_1_381' title='bbox 1103 1188 1250 1217; x_wconf 76' lang='lat' dir='ltr'><strong>faciamus</strong></span> <span class='ocrx_word' id='word_1_382' title='bbox 1266 1189 1451 1218; x_wconf 84' lang='lat' dir='ltr'><strong>Dominicam</strong></span> <span class='ocrx_word' id='word_1_383' title='bbox 1471 1190 1500 1217; x_wconf 88' lang='lat' dir='ltr'><strong>et</strong></span> <span class='ocrx_word' id='word_1_384' title='bbox 1521 1187 1657 1218; x_wconf 83' lang='lat' dir='ltr'><strong>divinam</strong></span> <span class='ocrx_word' id='word_1_385' title='bbox 1679 1188 1887 1218; x_wconf 83' lang='lat' dir='ltr'><strong>voluntatem:</strong></span> <span class='ocrx_word' id='word_1_386' title='bbox 1902 1191 1932 1218; x_wconf 87' lang='lat' dir='ltr'><strong>ut</strong></span> 
     </span>
    </p>
   </div>
   <div class='ocr_carea' id='block_1_57' title="bbox 1103 1233 1929 1270">
    <p class='ocr_par' dir='ltr' id='par_1_57' title="bbox 1103 1233 1929 1270">
     <span class='ocr_line' id='line_1_57' title="bbox 1103 1233 1929 1270; baseline 0.002 -9"><span class='ocrx_word' id='word_1_387' title='bbox 1103 1240 1157 1269; x_wconf 86' lang='lat' dir='ltr'><strong>per</strong></span> <span class='ocrx_word' id='word_1_388' title='bbox 1164 1235 1244 1261; x_wconf 90' lang='lat' dir='ltr'><strong>tuam</strong></span> <span class='ocrx_word' id='word_1_389' title='bbox 1254 1233 1474 1270; x_wconf 85' lang='lat' dir='ltr'><strong>providentiam</strong></span> <span class='ocrx_word' id='word_1_390' title='bbox 1484 1235 1512 1262; x_wconf 90' lang='lat' dir='ltr'><strong>et</strong></span> <span class='ocrx_word' id='word_1_391' title='bbox 1518 1233 1725 1262; x_wconf 81' lang='lat' dir='ltr'><strong>defensionem</strong></span> <span class='ocrx_word' id='word_1_392' title='bbox 1732 1233 1819 1269; x_wconf 85' lang='lat' dir='ltr'><strong>digni</strong></span> <span class='ocrx_word' id='word_1_393' title='bbox 1827 1234 1929 1268; x_wconf 84' lang='lat' dir='ltr'><strong>habiti,</strong></span> 
     </span>
    </p>
   </div>
   <div class='ocr_carea' id='block_1_58' title="bbox 1103 1277 1931 1316">
    <p class='ocr_par' dir='ltr' id='par_1_58' title="bbox 1103 1277 1931 1316">
     <span class='ocr_line' id='line_1_58' title="bbox 1103 1277 1931 1316; baseline 0.001 -10"><span class='ocrx_word' id='word_1_394' title='bbox 1103 1277 1260 1314; x_wconf 88' lang='lat' dir='ltr'><strong>quivitam</strong></span> <span class='ocrx_word' id='word_1_395' title='bbox 1274 1285 1404 1314; x_wconf 89' lang='lat' dir='ltr'><strong>agamus</strong></span> <span class='ocrx_word' id='word_1_396' title='bbox 1418 1277 1450 1307; x_wconf 93' lang='lat' dir='ltr'><strong>in</strong></span> <span class='ocrx_word' id='word_1_397' title='bbox 1469 1278 1591 1307; x_wconf 87' lang='lat' dir='ltr'><strong>veritate</strong></span> <span class='ocrx_word' id='word_1_398' title='bbox 1606 1280 1634 1307; x_wconf 93' lang='lat' dir='ltr'><strong>et</strong></span> <span class='ocrx_word' id='word_1_399' title='bbox 1647 1277 1772 1314; x_wconf 83' lang='lat' dir='ltr'><strong>justitia,</strong></span> <span class='ocrx_word' id='word_1_400' title='bbox 1788 1286 1931 1316; x_wconf 86' lang='lat' dir='ltr'><strong>assequa-</strong></span> 
     </span>
    </p>
   </div>
   <div class='ocr_carea' id='block_1_59' title="bbox 1103 1322 1930 1360">
    <p class='ocr_par' dir='ltr' id='par_1_59' title="bbox 1103 1322 1930 1360">
     <span class='ocr_line' id='line_1_59' title="bbox 1103 1322 1930 1360; baseline 0.002 -9"><span class='ocrx_word' id='word_1_401' title='bbox 1103 1329 1173 1351; x_wconf 88' lang='lat' dir='ltr'><strong>mur</strong></span> <span class='ocrx_word' id='word_1_402' title='bbox 1188 1325 1298 1352; x_wconf 74' lang='lat' dir='ltr'><strong>aeterna</strong></span> <span class='ocrx_word' id='word_1_403' title='bbox 1313 1322 1420 1352; x_wconf 87' lang='lat' dir='ltr'><strong>Christi</strong></span> <span class='ocrx_word' id='word_1_404' title='bbox 1434 1323 1517 1352; x_wconf 85' lang='lat' dir='ltr'><strong>bona</strong></span> <span class='ocrx_word' id='word_1_405' title='bbox 1526 1323 1558 1352; x_wconf 88' lang='lat' dir='ltr'><strong>in</strong></span> <span class='ocrx_word' id='word_1_406' title='bbox 1576 1330 1672 1359; x_wconf 88' lang='lat' dir='ltr'><strong>regno</strong></span> <span class='ocrx_word' id='word_1_407' title='bbox 1684 1322 1843 1360; x_wconf 80' lang='lat' dir='ltr'><strong>caelorum,</strong></span> <span class='ocrx_word' id='word_1_408' title='bbox 1860 1331 1930 1360; x_wconf 80' lang='lat' dir='ltr'><strong>gra-</strong></span> 
     </span>
    </p>
   </div>
   <div class='ocr_carea' id='block_1_60' title="bbox 1104 1366 1931 1403">
    <p class='ocr_par' dir='ltr' id='par_1_60' title="bbox 1104 1366 1931 1403">
     <span class='ocr_line' id='line_1_60' title="bbox 1104 1366 1931 1403; baseline 0.001 -8"><span class='ocrx_word' id='word_1_409' title='bbox 1104 1366 1145 1396; x_wconf 89' lang='lat' dir='ltr'><strong>tia</strong></span> <span class='ocrx_word' id='word_1_410' title='bbox 1158 1369 1188 1396; x_wconf 90' lang='lat' dir='ltr'><strong>et</strong></span> <span class='ocrx_word' id='word_1_411' title='bbox 1197 1367 1401 1396; x_wconf 87' lang='lat' dir='ltr'><strong>misericordia</strong></span> <span class='ocrx_word' id='word_1_412' title='bbox 1415 1367 1533 1397; x_wconf 90' lang='lat' dir='ltr'><strong>Domini</strong></span> <span class='ocrx_word' id='word_1_413' title='bbox 1547 1367 1640 1397; x_wconf 86' lang='lat' dir='ltr'><strong>nostri</strong></span> <span class='ocrx_word' id='word_1_414' title='bbox 1652 1367 1724 1396; x_wconf 85' lang='lat' dir='ltr'><strong>Jesu</strong></span> <span class='ocrx_word' id='word_1_415' title='bbox 1737 1367 1859 1403; x_wconf 83' lang='lat' dir='ltr'><strong>Christi,</strong></span> <span class='ocrx_word' id='word_1_416' title='bbox 1885 1367 1931 1397; x_wconf 87' lang='lat' dir='ltr'><strong>cui</strong></span> 
     </span>
    </p>
   </div>
   <div class='ocr_carea' id='block_1_61' title="bbox 1105 1410 1880 1449">
    <p class='ocr_par' dir='ltr' id='par_1_61' title="bbox 1105 1410 1880 1449">
     <span class='ocr_line' id='line_1_61' title="bbox 1105 1410 1880 1449; baseline 0.003 -9"><span class='ocrx_word' id='word_1_417' title='bbox 1105 1410 1200 1448; x_wconf 87' lang='lat' dir='ltr'><strong>gloria</strong></span> <span class='ocrx_word' id='word_1_418' title='bbox 1210 1414 1239 1441; x_wconf 89' lang='lat' dir='ltr'><strong>et</strong></span> <span class='ocrx_word' id='word_1_419' title='bbox 1253 1412 1388 1449; x_wconf 88' lang='lat' dir='ltr'><strong>potentia</strong></span> <span class='ocrx_word' id='word_1_420' title='bbox 1403 1412 1434 1441; x_wconf 87' lang='lat' dir='ltr'><strong>in</strong></span> <span class='ocrx_word' id='word_1_421' title='bbox 1445 1412 1556 1443; x_wconf 63' lang='lat' dir='ltr'><strong>secula</strong></span> <span class='ocrx_word' id='word_1_422' title='bbox 1565 1412 1756 1442; x_wconf 72' lang='lat' dir='ltr'><strong>saeculorum.</strong></span> <span class='ocrx_word' id='word_1_423' title='bbox 1769 1415 1880 1442; x_wconf 81' lang='lat' dir='ltr'><strong>Amen.</strong></span> 
     </span>
    </p>
   </div>
   <div class='ocr_carea' id='block_1_62' title="bbox 891 1723 1264 1754">
    <p class='ocr_par' dir='ltr' id='par_1_62' title="bbox 891 1723 1264 1754">
     <span class='ocr_line' id='line_1_62' title="bbox 891 1723 1264 1754; baseline 0 -2"><span class='ocrx_word' id='word_1_424' title='bbox 891 1723 987 1752; x_wconf 78' lang='lat' dir='ltr'><strong>ANNO</strong></span> <span class='ocrx_word' id='word_1_425' title='bbox 1007 1723 1131 1754; x_wconf 72' lang='lat' dir='ltr'><strong>DOMINI</strong></span> <span class='ocrx_word' id='word_1_426' title='bbox 1150 1723 1264 1754; x_wconf 78' lang='lat' dir='ltr'><strong><em>MCCXL</em></strong></span> 
     </span>
    </p>
   </div>
   <div class='ocr_carea' id='block_1_63' title="bbox 333 1834 1818 1924">
    <p class='ocr_par' dir='ltr' id='par_1_63' title="bbox 333 1834 1818 1924">
     <span class='ocr_line' id='line_1_63' title="bbox 333 1834 1818 1924; baseline 0.002 -3"><span class='ocrx_word' id='word_1_427' title='bbox 333 1834 930 1922; x_wconf 87' lang='lat' dir='ltr'><strong>MANUELIS</strong></span> <span class='ocrx_word' id='word_1_428' title='bbox 1041 1837 1818 1924; x_wconf 82' lang='lat' dir='ltr'><strong>CHARITOPULI</strong></span> 
     </span>
    </p>
   </div>
   <div class='ocr_carea' id='block_1_64' title="bbox 902 2000 1247 2035">
    <p class='ocr_par' dir='ltr' id='par_1_64' title="bbox 902 2000 1247 2035">
     <span class='ocr_line' id='line_1_64' title="bbox 902 2000 1247 2035; baseline 0 -2"><span class='ocrx_word' id='word_1_429' title='bbox 902 2001 960 2035; x_wconf 91' lang='lat' dir='ltr'><strong>CP.</strong></span> <span class='ocrx_word' id='word_1_430' title='bbox 983 2000 1247 2034; x_wconf 64' lang='lat' dir='ltr'><strong>PATRIARCH/E</strong></span> 
     </span>
    </p>
   </div>
   <div class='ocr_carea' id='block_1_65' title="bbox 664 2092 1473 2135">
    <p class='ocr_par' dir='ltr' id='par_1_65' title="bbox 664 2092 1473 2135">
     <span class='ocr_line' id='line_1_65' title="bbox 664 2092 1473 2135; baseline 0.005 -11"><span class='ocrx_word' id='word_1_431' title='bbox 664 2092 903 2126; x_wconf 87' lang='lat' dir='ltr'><strong>SOLUTIONES</strong></span> <span class='ocrx_word' id='word_1_432' title='bbox 924 2094 1173 2131; x_wconf 77' lang='lat' dir='ltr'><strong>QUARUMDAM</strong></span> <span class='ocrx_word' id='word_1_433' title='bbox 1194 2094 1473 2135; x_wconf 65' lang='lat' dir='ltr'><strong>QUIESTIONUM,</strong></span> 
     </span>
    </p>
   </div>
   <div class='ocr_carea' id='block_1_66' title="bbox 843 2187 1290 2221">
    <p class='ocr_par' dir='ltr' id='par_1_66' title="bbox 843 2187 1290 2221">
     <span class='ocr_line' id='line_1_66' title="bbox 843 2187 1290 2221; baseline 0.004 -2"><span class='ocrx_word' id='word_1_434' title='bbox 843 2187 893 2219; x_wconf 83' lang='lat' dir='ltr'><strong>DE</strong></span> <span class='ocrx_word' id='word_1_435' title='bbox 913 2188 1012 2220; x_wconf 83' lang='lat' dir='ltr'><strong>JURE</strong></span> <span class='ocrx_word' id='word_1_436' title='bbox 1033 2187 1290 2221; x_wconf 79' lang='lat' dir='ltr'><strong>PATRONATUS</strong></span> 
     </span>
    </p>
   </div>
   <div class='ocr_carea' id='block_1_67' title="bbox 727 2309 1400 2345">
    <p class='ocr_par' dir='ltr' id='par_1_67' title="bbox 727 2309 1400 2345">
     <span class='ocr_line' id='line_1_67' title="bbox 727 2309 1400 2345; baseline 0.007 -5"><span class='ocrx_word' id='word_1_437' title='bbox 727 2309 779 2340; x_wconf 92' lang='lat' dir='ltr'><strong>DE</strong></span> <span class='ocrx_word' id='word_1_438' title='bbox 799 2309 1094 2343; x_wconf 81' lang='lat' dir='ltr'><strong>TRANSLATIONE</strong></span> <span class='ocrx_word' id='word_1_439' title='bbox 1115 2309 1400 2345; x_wconf 81' lang='lat' dir='ltr'><strong>EPISCOPORUM.</strong></span> 
     </span>
    </p>
   </div>
   <div class='ocr_carea' id='block_1_68' title="bbox 791 2404 1328 2444">
    <p class='ocr_par' dir='ltr' id='par_1_68' title="bbox 791 2404 1328 2444">
     <span class='ocr_line' id='line_1_68' title="bbox 791 2404 1328 2444; baseline 0 -6"><span class='ocrx_word' id='word_1_440' title='bbox 791 2404 870 2438; x_wconf 78' lang='lat' dir='ltr'><strong>Vide</strong></span> <span class='ocrx_word' id='word_1_441' title='bbox 885 2407 963 2438; x_wconf 88' lang='lat' dir='ltr'><strong>tom.</strong></span> <span class='ocrx_word' id='word_1_442' title='bbox 979 2405 1084 2444; x_wconf 84' lang='lat' dir='ltr'><strong><em>CXIX.</em></strong></span> <span class='ocrx_word' id='word_1_443' title='bbox 1101 2406 1165 2439; x_wconf 84' lang='lat' dir='ltr'><strong>col.</strong></span> <span class='ocrx_word' id='word_1_444' title='bbox 1183 2406 1328 2439; x_wconf 69' lang='lat'><strong>807-815.</strong></span> 
     </span>
    </p>
   </div>
  </div>
