1944 3084
25 142 1724 163 m

675 213 771 242 ΛΝΝο
791 211 915 242 ΒΟΜΙΝῙ
933 212 1048 241 MCCXL

473 314 1108 400 GERMANUS
1190 315 1278 399 II

227 470 652 522 PATRIARCHA
702 471 1508 523 CONSTANTINOPOLITANUS

693 683 1041 747 NOTITIA

557 807 700 845 (Lequien
711 807 816 837 Oriens
829 807 1031 846 Christianus,
1045 809 1119 838 tom.
1136 809 1172 845 Ι.)

838 912 883 922 -ο

49 989 166 1020 lanueli
180 990 330 1020 successit
340 991 549 1027 Germanus",
561 991 804 1028 sapientissimus
818 990 1085 1029 sanctissimusque
1095 991 1151 1027 vir,
1163 991 1292 1028 Callisto,
1304 991 1366 1021 imo
1379 992 1408 1020 et
1418 991 1596 1028 Acropolitue
1608 994 1714 1029 εαρΑὲ

22 1033 131 1072 aliisque
139 1035 304 1072 Graecis,“
315 1036 432 1074 Anaplo
446 1036 635 1073 Proponditis
649 1036 806 1071 oriundus,
820 1036 989 1073 piscatoris,
1004 1039 1037 1065 ut
1049 1036 1208 1072 ferebatur,
1223 1036 1318 1072 ﬁlius;
1332 1036 1395 1073 qui,
1411 1044 1481 1065 cum
1494 1038 1607 1073 Magnae
1618 1037 1713 1066 Eccle-

24 1079 65 1108 Iim
77 1080 225 1110 diaconus
239 1083 328 1115 esset,
342 1081 603 1119 Constantinopoli
617 1083 801 1118 expugnata,
817 1080 846 1109 in
857 1081 1021 1117 Achyrenaa
1035 1081 1252 1110 monasterium
1266 1082 1294 1110 S.
1307 1081 1422 1117 Georgii
1435 1082 1654 1118 Paneumorphi
1667 1090 1712 1111 se-

23 1127 145 1154 minat.
164 1128 256 1155 Anno
271 1128 347 1160 1232,
359 1126 473 1155 mensis
487 1126 614 1162 Augusti
640 1126 689 1155 (lie
713 1129 815 1161 sexta,
830 1125 992 1154 indictione
1004 1133 1034 1161 ν,
1050 1127 1181 1163 acceptis
1192 1126 1296 1154 litteris
1323 1126 1464 1155 Manuelis
1476 1128 1573 1161 Ducas,
1591 1127 1669 1163 Epiri
1684 1134 1714 1160 et

23 1168 165 1199 Thessalia
180 1170 338 1208 principis,
354 1171 506 1207 synodum
519 1171 626 1200 habuit
639 1171 754 1208 aliquot
779 1170 1047 1208 metropolitarum,
1062 1170 1268 1208 Christophori
1291 1171 1402 1200 scilicet
1428 1173 1554 1208 Ancyra:
1578 1171 1710 1206 Galatiae,

23 1214 129 1243 Joannis
138 1215 334 1250 Nicomedia,
344 1215 457 1244 Nicolai
468 1215 655 1252 Amastridis,
673 1215 770 1244 Basilii
784 1216 950 1251 Serrarum,
966 1215 1092 1253 Agapeti
1101 1215 1225 1253 Lupadii
1240 1217 1269 1245 et
1282 1215 1465 1253 Melitopolis,
1482 1216 1587 1244 Leonis
1603 1217 1712 1245 Prusae.

23 1258 163 1296 Nicephori
174 1260 432 1295 Pontoheracleai,
444 1260 549 1289 Leonis
565 1260 796 1297 Pompeiopolis,
814 1260 912 1289 Basilii
924 1261 1121 1296 Prmeonnesi,
1135 1261 1252 1297 Georgii
1277 1260 1478 1297 Didymothici
1488 1270 1495 1295 ;
1507 1261 1593 1297 cujus
1602 1261 1712 1298 synodi

24 1304 305 1338 gestaindicantura
319 1305 481 1334 Lambecio
493 1312 530 1334 ex
542 1305 609 1334 cod.
626 1306 760 1334 Caesareo
775 1306 877 1334 Grieco
891 1307 955 1337 241,
974 1307 1064 1342 atque
1075 1305 1114 1334 ad
1138 1305 1304 1334 Manuelem
1319 1307 1433 1334 Ducam
1456 1305 1496 1334 ab
1511 1313 1546 1334 ea
1555 1305 1712 1342 delegatus

24 1346 112 1378 dicitur
122 1348 357 1386 Christophorus
370 1351 559 1387 Ancyranus.
571 1350 721 1379 Germano
730 1349 967 1387 patriarchatum
978 1352 1108 1386 gerente,
1124 1351 1238 1379 Joanne
1252 1350 1364 1378 Batatzi
1378 1350 1464 1387 imp.,
1478 1357 1559 1379 anno
1575 1352 1652 1384 1231,
1665 1350 1713 1379 die

25 1393 50 1420 te
60 1393 159 1431 Aprilis
169 1394 334 1424 concilium
344 1395 501 1432 Nymphasi
511 1395 541 1424 in
552 1395 692 1431 Bithynia
702 1394 840 1424 habitum
853 1396 908 1431 est,
919 1396 1043 1431 propter
1056 1394 1179 1423 nuntios
1192 1396 1324 1431 quatuor
1341 1395 1468 1423 Romani
1482 1403 1569 1432 papae
1582 1395 1714 1431 Gregorii

26 1435 59 1470 Π.
71 1438 120 1474 qni
134 1438 272 1468 Ecclesiae
286 1439 408 1468 unionis
416 1439 607 1468 restituenda!
616 1439 712 1475 gratia
722 1439 924 1474 advenerant;
940 1447 1071 1476 quorum
1086 1439 1148 1468 duo
1163 1447 1199 1467 ex
1213 1439 1318 1468 ordine
1328 1439 1571 1476 Prsedicatorum,
1588 1440 1649 1469 duo
1664 1440 1714 1469 alii

26 1488 54 1510 ax
63 1482 202 1512 linorum
219 1486 325 1513 erant:
341 1483 427 1521 cujus
440 1483 548 1520 synodi
563 1485 633 1513 acta
649 1485 751 1513 Graeca
765 1484 928 1521 Latinaque
957 1486 1083 1513 exstant.
1109 1483 1232 1512 Concilii
1246 1483 1347 1512 nullus
1361 1484 1412 1520 qui
1428 1484 1606 1521 sperabatur
1618 1485 1714 1513 exitus

26 1525 83 1555 fuit:
97 1528 234 1565 Gregorio
246 1531 348 1558 tamen
357 1537 446 1566 papae
454 1530 621 1558 Germanus
633 1528 804 1566 patriarcha
813 1528 972 1565 epistolam
986 1528 1264 1565 dedit.Nicephorus
1275 1527 1411 1557 Callistus
1422 1528 1514 1562 addit,
1530 1529 1714 1557 Germanum

26 1574 113 1601 contra
122 1573 246 1603 Latinos
261 1573 436 1611 scripsisse;
452 1574 579 1612 ejusque
594 1573 728 1610 profecto
742 1573 890 1611 opuscula
904 1573 1020 1611 aliquot
1033 1575 1163 1608 exstant,
1175 1573 1281 1610 jejuna
1293 1580 1418 1610 prorsus
1429 1572 1592 1606 etinficeta,
1608 1575 1638 1601 ut
1653 1573 1714 1602 fere

26 1615 123 1648 nullum
133 1617 215 1647 aliud
225 1617 397 1647 Graecorum
408 1618 540 1647 deterius
553 1618 706 1656 prodierit.
715 1618 796 1647 Morti
805 1618 960 1655 proximus
970 1618 1172 1647 monasticum
1184 1618 1353 1647 institutum
1361 1617 1533 1654 resumpsit,
1546 1618 1641 1646 accito
1657 1618 1714 1646 sibi

27 1659 130 1698 Georgii
134 1662 278 1692 monachi
287 1663 430 1699 nomine;
440 1671 572 1701 cumque
585 1663 721 1692 Ecclesia:
731 1671 793 1692 suae
802 1670 899 1692 annos
908 1663 1014 1692 decem
1024 1666 1053 1692 et
1062 1665 1129 1692 octo
1144 1663 1325 1700 praefuisset,
1334 1662 1426 1691 vitam
1437 1665 1533 1691 morte
1547 1664 1714 1692 commuta-

26 1704 65 1733 vit.
79 1707 249 1744 Onuphrius
262 1707 294 1736 in
309 1707 457 1737 Chronico
471 1716 524 1737 sex
539 1715 659 1737 menses
667 1708 760 1744 addit,
777 1715 908 1744 eumque
917 1707 1027 1737 obiisse
1042 1710 1144 1736 censet
1153 1714 1234 1736 anno
1250 1709 1326 1736 1240.
1341 1707 1536 1744 Ερὶιιιωωίυε,
1552 1715 1643 1744 quem
1657 1709 1714 1736 Leo

26 1749 130 1780 Allatius
138 1751 246 1782 laudat
253 1752 306 1781 lib.
315 1761 333 1781 ιι
344 1753 388 1782 De
395 1761 527 1782 comem.
539 1761 610 1790 cap.
625 1755 667 1786 14,
676 1753 708 1781 in
716 1761 771 1782 sua
780 1752 1020 1790 patriarcharum
1032 1752 1088 1781 CP.
1104 1752 1315 1789 Chronologia,
1329 1760 1424 1789 quam
1435 1752 1571 1781 versibus
1586 1752 1714 1789 politicis

27 1796 186 1844 composuit,
198 1796 283 1826 hunc
296 1797 373 1826 inter
385 1799 506 1827 sanctos
518 1797 675 1836 pontiﬁces
685 1798 850 1835 ascriptum
865 1796 1060 1834 tradit,quem
1076 1797 1205 1835 proinde
1218 1797 1249 1826 in
1263 1797 1359 1826 tribus
1373 1797 1517 1834 catalogis
1528 1797 1635 1826 abesse
1649 1805 1717 1835 per.

25 1845 117 1869 aurum
130 1843 184 1870 est.

468 1993 807 2052 GERMANI
843 1995 895 2050 II
934 1995 1254 2050 SCRIPTA.

437 2112 491 2149 (Ex
499 2111 627 2141 Fabricii
636 2111 820 2142 Bibliotheca
833 2112 935 2141 Graeca
948 2111 996 2141 ed.
1010 2110 1112 2141 Harles
1124 2112 1198 2141 tom.
1210 2111 1267 2148 XI.)

830 2216 871 2225 -η

727 2293 845 2330 Scripta
863 2293 988 2323 inedita.

56 2362 74 2390 1.
87 2362 123 2392 De
133 2366 315 2400 processione
329 2366 461 2401 Spiritus
479 2367 576 2396 sancti
589 2366 732 2395 adversus
748 2366 823 2394 Lati:

940 2366 1017 2403 :ipit:
1041 2366 1101 2393 Ἐὰν
1115 2365 1190 2403 ὑμεῖς
1208 2367 1300 2403 μένητε
1313 2364 1338 2392 ἐν
1355 2369 1391 2402 τῷ
1410 2365 1478 2402 λογῳ
1500 2369 1537 2402 τῷ
1556 2365 1621 2403 ἐμῷ,
1647 2366 1707 2396 ἀλη-

30 2404 69 2437 “is
79 2409 188 2443 μαθηταί
200 2412 251 2448 μού
265 2410 333 2439 εστι.
349 2411 471 2448 Collegit
498 2411 690 2440 auctoritates
716 2412 797 2440 Patru

940 2419 955 2439 [ι
979 2411 1160 2445 Latinorum,
1176 2411 1284 2439 Graecis
1308 2412 1409 2440 tamen
1423 2410 1521 2439 verbis
1540 2419 1707 2447 expressas,

30 2450 90 2479 teste
100 2453 202 2483 eodem
217 2455 323 2484 Allatio
337 2457 369 2492 ll,
384 2458 417 2485 14
428 2463 498 2494 pag.
513 2458 576 2484 712.
590 2455 678 2485 Libro
693 2463 702 2483 ι
718 2457 823 2484 contra
838 2455 970 2489 Latinos,
985 2455 1181 2492 responsione
1195 2456 1228 2484 10
1255 2456 1307 2492 (a),
1325 2455 1432 2484 citatur
1446 2463 1465 2484 a
1478 2455 1538 2484 Nic.
1555 2456 1708 2485 Comneno

30 2497 106 2530 p.356
119 2498 246 2529 Pramot.
261 2501 471 2537 mystagog.(b)
484 2502 524 2530 Ex
535 2501 658 2537 epistola
671 2502 712 2530 ad
718 2501 931 2536 patriarcham
943 2502 1033 2537 Cpot.
1048 2500 1187 2530 Latinum
1197 2500 1377 2537 (Nicolaum)
1392 2500 1514 2529 Allatius
1529 2508 1549 2537 p
1565 2503 1626 2535 300,
1643 2503 1707 2536 568,

58 2539 85 2568 11.
99 2542 133 2572 De
145 2546 254 2581 azymis
267 2545 308 2574 ad
325 2545 516 2574 Theodorum
545 2545 693 2575 Studitam
716 2545 879 2582 juniorem,
894 2545 1040 2582 scriptum
1064 2545 1220 2574 inﬁcetum
1245 2553 1371 2583 prorsus
1385 2547 1414 2574 et
1428 2546 1552 2575 inscitiae
1569 2545 1704 2582 plenum,

60 2630 95 2671 (ιι)
105 2631 131 2661 S-
141 2633 182 2663 De
190 2635 326 2672 Ecclesia
338 2635 501 2665 Orientalis
508 2639 535 2665 et
547 2636 747 2665 Occidentalis
760 2644 829 2665 con-
884 2636 1015 2672 Spiritus
1024 2636 1130 2670 sancti,
1140 2635 1254 2672 azymis
1268 2639 1296 2665 et
1311 2636 1488 2672 baptismate
1500 2645 1538 2666 ea:
1555 2636 1706 2665 Germani.

34 2669 152 2736 mi,
167 2671 251 2707 cujus
263 2671 364 2700 locum
381 2672 497 2709 repetiit
509 2673 647 2701 Lambec.
669 2672 714 2709 ili,
727 2679 760 2709 p.
779 2674 801 2701 3η

943 2672 1070 2702 riarchte
1078 2669 1245 2707 CPotitani,
1255 2669 1356 2702 Niceti
1364 2673 1518 2702 residentis
1523 2672 1710 2737 resgonsione

943 2708 1097 2738 epistolam
1111 2715 1196 2738 mna!
1210 2709 1348 2738 Gregorii
1378 2709 1427 2738 IX.
1445 2710 1476 2736 V.
1494 2710 1563 2737 Lam
1588 2716 1631 2737 ec.
1663 2710 1708 2738 ill.

38 2716 158 2764 ’Ψόιιλιξιη
278 2741 285 2748 ⁸
883 2716 924 2736 αα
939 2716 1097 2744 εριδιοιανη
1111 2716 1196 2772 ptgmy
1210 2716 1348 2744 Gregorii
1448 2716 1631 2750 v..LamDec.
1663 2716 1708 2742 ill,

38 2736 396 2794 .J..l.Y.'::‘i2£s:-.L':.°_a1;
406 2743 692 2794 ἐξὲξ...ἓὲιᾶ
710 2744 829 2794 ηὲῖιξξε
882 2745 1135 2794 uestigia-ne
1146 2744 1398 2794 stellati-£325.-
1414 2744 1628 2794 {231121-9212};
1641 2744 1709 2794 099.-

49 2777 432 2820 zgygsistestimoniorums.
442 2779 600 2820 scripturae
609 2781 638 2820 et
649 2779 696 2807 SS.
710 2780 828 2820 Patrum
884 2777 1133 2820 ΠΟᾯμΧνΙΙξιῇβ.
1146 2780 1227 2808 Conf.
1241 2779 1338 2809 Oudin
1352 2781 1394 2810 De
1414 2781 1508 2816 script
1520 2802 1526 2808 .
1538 2777 1650 2815 éccles.,
1663 2780 1712 2815 111⁷

39 2810 124 2838 contra
132 2811 296 2842 Latinorum
302 2813 433 2844 haereses
444 2817 473 2844 et
482 2810 639 2844 erroresde
647 2816 831 2852 processione
885 2823 914 2852 p.
934 2817 980 2843 56.
1002 2822 1070 2852 sqq.
1085 2815 1125 2843 ΗΑ
1131 2823 1176 2844 λι.
