1944 3084
203 176 254 204 595
765 171 954 201 GERMANUS
982 173 1007 200 II
1035 173 1085 200 (ΞΡ.
1116 170 1348 200 PATBIARCHA.
1855 175 1900 202 396

199 236 301 274 judice
317 236 468 273 Stephano
482 236 520 265 de
530 236 677 265 Altimura
691 236 857 265 Ponticensi
871 235 901 264 in
916 236 1062 273 Panoplia
1083 238 1187 264 contra
1207 234 1338 263 schisma
1353 234 1522 261 Graecorum
1536 241 1564 270 p.
1585 235 1645 262 358.
1660 235 1746 264 FABR.
1763 236 1861 264 Exstat
1875 236 1899 264 in

207 281 274 310 cod.
289 282 416 310 Vindol).
431 283 506 311 Cres.
522 282 614 310 modo
626 281 760 317 laudato,
779 283 807 309 et
821 281 911 317 Paris,
929 281 959 309 in
970 281 1043 309 bibl.
1056 280 1141 318 publ.
1158 280 1223 308 cod.
1239 279 1362 311 MCCXV,
1374 285 1405 306 n.
1421 280 1446 310 3,
1463 279 1549 306 HARL.

237 328 282 354 Ill.
296 327 339 355 De
351 328 540 362 purgatorz’o,
557 329 584 354 et
599 326 648 356 IV.
663 327 706 355 De
720 327 816 354 tribus
838 327 933 354 modis
952 325 1191 354 administrandi
1208 325 1364 359 baptisma.
1386 323 1514 351 Allatius
1530 323 1550 350 Ι.
1567 331 1592 350 c.
1609 331 1676 360 pag.
1693 327 1758 352 712.

237 373 270 400 V.
289 372 428 399 Humilia
437 372 537 408 plures
548 373 577 400 et
592 372 768 405 Calecheses,
795 379 863 399 cum
878 371 1001 406 epistola
1015 371 1056 399 ad
1066 369 1218 399 Nicolaum
1240 368 1482 405 grammaticum,
1502 370 1626 396 servata
1643 368 1674 396 in
1694 369 1800 398 codice
1809 370 1902 398 Coisli-

201 415 304 447 niano,
321 415 407 451 cujus
419 416 556 444 notitiam
569 424 605 444 ex
619 415 767 444 eruditiss.
779 415 979 444 Montfauconi
988 416 1124 450 catalogo
1138 422 1207 452 pag.
1223 417 1270 443 391
1290 414 1335 442 hic
1352 420 1502 450 apponere
1519 421 1579 441 non
1595 413 1756 448 gravabor.
1775 425 1785 439 ι
1812 415 1902 443 Codex

203 460 381 494 CCLXXVlll,
393 460 465 488 olim
476 461 630 496 CCCLXIII,
647 460 862 497 bombycinus,
877 469 925 488 xw
940 461 1054 489 circiter
1077 459 1189 494 steculi,
1205 459 1345 488 foliorum
1370 460 1431 486 236.
1460 458 1558 487 Sancti
1571 459 1711 487 Germani
1732 459 1901 496 patriarchae

205 505 259 534 ΟΡ.
274 505 431 533 Sermones
444 505 620 534 ethomiliaa.

241 561 250 574 ι
274 549 332 577 Fol.
349 551 374 577 4.
393 550 420 578 S.
439 550 579 578 Germani
611 549 743 586 archiep.
761 550 811 578 CP.
827 550 996 578 Sermones.
1025 549 1142 578 Primus
1155 550 1185 578 in
1215 549 1402 577 ordinatione
1417 547 1481 584 ejus
1491 548 1523 576 in
1538 548 1742 585 patriarcham
1756 549 1809 576 (ΣΡ.
1825 549 1899 577 init:

203 593 283 620 Πάλιν
311 594 350 620 ἔπ’
371 595 415 631 ὶμὲ
446 597 553 632 χρίσμα
576 597 621 621 καί
641 598 752 630 πνεῦμα.
770 594 856 622 FABR.
881 595 932 622 Hic
956 603 970 622 e

1153 595 1262 631 aliique
1287 601 1441 622 sermones
1462 595 1602 629 quatuor,
1625 601 1680 621 nec
1693 601 1758 621 non
1769 593 1853 629 epist.
1866 593 1898 621 ad

203 639 351 676 populum
367 639 449 676 Cpol.
461 641 624 676 postquam
641 639 802 676 episcopus
815 639 911 668 factus
923 642 1012 673 esset,
1029 642 1057 667 et
1072 639 1198 676 epistola
1211 639 1250 667 ad
1265 639 1423 667 Nicolaum
1437 638 1676 673 grammaticum,
1690 638 1745 675 qui
1760 638 1799 666 ad
1811 640 1899 674 partes

202 683 458 716 Musulmanqrum
471 685 638 719 transierat,
663 686 690 712 et
703 684 813 720 scripta
828 684 1030 719 ignominiosa
1041 687 1144 712 contra
1157 684 1353 712 orthodoxam
1366 683 1458 711 ﬁdem
1470 683 1655 719 vulgaverat,
1670 684 1778 720 postea
1787 691 1852 711 vero
1867 682 1900 711 ad

204 736 312 756 sanam
324 730 455 756 mentem
469 729 607 763 redierat,
620 729 714 757 Oxon.
730 729 760 756 in
775 729 843 756 cod.
858 731 976 757 Barocc.
992 730 1100 757 CXXXI.
1113 745 1147 749 —
1162 729 1301 757 Germani
1321 735 1430 762 sermo,
1447 727 1572 764 quando
1587 727 1832 763 archiepiscopus
1845 727 1900 764 ipse

204 775 397 801 consecratus
412 775 506 807 esset;
523 773 660 809 ejusdem
677 781 775 801 sermo
789 773 958 801 indictionis
969 773 1051 801 initio
1062 782 1069 807 ;
1081 773 1219 809 ejusdem
1231 772 1356 801 homilia
1370 774 1474 800 contra
1483 772 1606 800 clericos
1618 780 1728 800 avaros
1742 774 1769 799 et
1784 779 1900 808 paraene-

205 817 245 845 sis
261 817 300 845 ad
311 819 451 854 parentes
465 817 502 846 de
516 817 635 852 liberis;
652 818 775 846 homilia
790 818 826 846 de
842 825 928 846 sacra
941 818 1058 853 synaxi,
1076 821 1104 845 et
1118 818 1200 853 quod
1216 817 1315 845 adhuc
1331 817 1441 844 durant
1456 816 1612 850 miracula,
1622 817 1754 852 denique
1771 824 1862 844 sermo
1874 815 1899 843 in

204 862 468 890 Annuntiationem
485 864 514 890 Β.
544 863 682 897 Virginis,
696 863 727 890 in
740 863 861 891 Thomm
877 862 947 890 Gale
968 862 1034 890 cod.
1050 863 1137 895 XLVI,
1150 862 1169 890 f.
1187 864 1256 890 5880
1283 864 1339 890 cat.
1354 869 1436 891 mss-
1460 861 1545 896 Angl.
1560 862 1609 888 vol
1626 869 1659 889 Il.
1679 865 1768 889 ΒΑΜ.
1781 876 1813 881 —
1825 861 1850 895 ‘2)
1862 861 1899 890 Εις

207 907 294 942 ἀρχὴν
311 905 439 936 ινὸίκτου.
454 907 521 935 lnit.
532 909 641 944 Χαίρετε
669 909 693 933 ὲν
710 909 797 943 Κυρὶῳ
812 908 931 940 πάντοτε,
962 917 974 933 'r.

1132 922 1161 926 -—
1176 909 1202 942 3)
1218 909 1249 934 ln
1277 906 1491 934 Exaltationem
1509 905 1540 934 S.
1559 905 1668 933 Crucis.
1687 906 1753 937 Init,
1767 905 1842 932 Πάλιν
1856 907 1899 942 ἐορ-

208 954 255 981 τῆς
269 954 424 988 μυστήριον,
439 954 483 978 καί
501 952 630 979 πάλιν.-
644 952 765 988 4)Ερὶει.
779 954 849 988 post
856 951 974 980 ordinat

1132 959 1168 979 is.
1188 951 1252 979 lnit.
1270 950 1423 986 Ἀϐϐακοὺμ
1445 950 1526 976 πάλαι
1559 952 1651 976 ἐκεῖνον
1666 952 1710 976 τὸν
1723 952 1748 976 ἐν
1771 952 1899 988 προφήταις

209 995 288 1031 θαυμ.
307 1011 338 1016 -
350 995 378 1031 5)
388 995 433 1024 Ad
460 996 818 1032 Constantinopolitanos,
835 999 939 1024 contra
962 997 976 1023 Ε

1132 1014 1144 1023 ι.
1161 995 1235 1023 linit.
1261 996 1374 1031 Ἀνάγκη
1391 995 1471 1022 ἐλθεῖν
1486 996 1518 1021 τά
1530 993 1674 1021 σκάνδαλα.
1695 994 1791 1031 [Conf.
1811 992 1899 1021 Schro-

207 1039 293 1068 eckh.
309 1039 375 1067 libr.
387 1040 435 1069 cit.
449 1042 522 1069 tom.
539 1042 591 1076 XX,
606 1049 639 1077 p.
662 1043 723 1069 475.
741 1042 828 1068 ΗΑκι.
841 1041 851 1077 ]
864 1056 897 1060 -
914 1042 952 1074 6.)
969 1043 974 1065 ι

1131 1049 1154 1074 s,
1169 1039 1221 1076 qui
1245 1039 1471 1067 conveniuntin
1496 1038 1662 1066 ecclesiam.
1692 1039 1748 1067 lnit
1774 1037 1839 1067 Ἤδη
1863 1038 1898 1073 μὴ

209 1086 222 1110 ὁ
237 1088 285 1114 τῆς
303 1085 401 1121 ἡμὲρας
425 1085 553 1121 ὀφθαλμός
568 1085 647 1115 ἣλιος.
661 1101 696 1105 -
709 1085 736 1120 7)
754 1085 918 1113 Gratiarum
933 1088 976 1112 act

1133 1092 1246 1112 ncursu
1260 1084 1373 1121 populi,
1390 1086 1419 1112 et
1446 1086 1548 1112 contra
1567 1083 1733 1112 vanitatem
1756 1083 1829 1111 vitae.
1848 1081 1898 1110 lnit.

210 1129 360 1164 Εὐλογμτός
383 1131 478 1165 Κύριος
500 1132 513 1156 ὸ
528 1134 607 1156 ποιῶν
623 1131 768 1166 θαυμάσια.
793 1145 826 1149 -
840 1131 865 1165 8)
879 1129 977 1157 Gratia

1132 1137 1150 1157 ο
1165 1129 1203 1157 de
1219 1130 1395 1165 Sampsone,
1411 1129 1448 1156 de
1467 1128 1586 1162 Davide,
1611 1131 1639 1156 et
1652 1130 1758 1156 contra
1772 1127 1897 1155 moechos.

212 1173 276 1201 lnit.
298 1173 415 1210 ηὨσ-περ
432 1175 465 1200 τά
491 1176 514 1200 ὲν
534 1176 675 1212 αύχμηρίᾳ
706 1176 782 1211 φυτά,
812 1175 872 1200 ὅταν
898 1176 942 1210 μὲν
965 1176 979 1199 ά

1149 1175 1217 1210 Πρός
1250 1175 1310 1204 τοὺς
1343 1174 1504 1210 ιερωμὲνους,
1547 1175 1602 1200 etc.
1630 1173 1696 1200 Init.
1712 1193 1719 1200 .
1733 1193 1739 1200 ν
1750 1195 1755 1199 .
1767 1193 1774 1201 .
1787 1193 1792 1199 .
1807 1193 1828 1199 ..
1840 1193 1846 1199 .
1857 1192 1862 1198 ,
1872 1191 1878 1200 .
1891 1189 1896 1198 1

211 1219 247 1244 Τὸ
268 1221 314 1244 τοῦ
333 1221 475 1254 προσώπου
489 1219 712 1256 Eridanum—10)
728 1220 767 1246 De
793 1219 978 1247 misericordi

1133 1226 1151 1245 Ο
1162 1217 1284 1253 judicio.
1301 1217 1365 1245 Init.
1393 1217 1555 1253 Ἐϐουλόμην
1570 1220 1615 1243 καὶ
1635 1219 1664 1243 τὸ
1679 1219 1792 1253 σήμερον
1809 1216 1898 1252 καιριώ-

212 1271 282 1299 τερα.
294 1278 328 1282 -
345 1263 387 1297 Η)
404 1263 468 1295 Quo
482 1271 573 1299 scopo
587 1263 680 1292 homo
697 1263 883 1299 compositus
905 1264 979 1292 factu

1129 1284 1134 1290 .
1151 1263 1218 1291 lnit.
1244 1262 1413 1298 Ἀσπάζομαὶ
1431 1272 1469 1297 σε,
1485 1264 1684 1299 πρωτίστητῶν.
1698 1277 1732 1282 -
1745 1263 1790 1294 12)
1806 1262 1840 1288 De
1853 1259 1896 1287 b0-

213 1313 254 1334 no
273 1306 303 1334 in
329 1306 458 1335 Ecclesia
479 1307 595 1341 ordine,
618 1310 672 1335 etc.
695 1308 760 1335 luit.
783 1310 816 1334 Αί
836 1309 943 1345 auriga;
972 1307 980 1333 ε

1128 1307 1330 1337 αλακτίζειν.--
1352 1309 1394 1342 13)
1420 1309 1459 1335 De
1480 1307 1588 1334 eodem
1615 1308 1805 1342 argumento.
1843 1304 1895 1332 luit.

214 1348 406 1386 Ἀὃολεσχὴσω
436 1352 482 1378 καί
506 1351 592 1385 πάλιν,
626 1352 657 1378 ἶν’
686 1351 758 1388 ὑμεῖς
783 1352 944 1388 άσχολή.--
976 1355 981 1379 1

1127 1352 1338 1388 )reeparatione
1367 1352 1406 1379 ad
1443 1351 1589 1388 mysteria
1622 1351 1809 1388 accipienda.
1840 1348 1894 1377 luit.

214 1394 282 1421 ’AH'
306 1393 367 1421 οὐδὲ
390 1397 403 1422 ό
425 1396 533 1427 παλαιός
556 1398 660 1429 ὲκεῖνος,
687 1399 730 1422 καί
753 1400 784 1432 τῇ
813 1394 884 1433 arma.
898 1397 981 1431 —15)

1131 1396 1307 1425 erhumerali
1344 1397 1455 1424 summi
1479 1396 1636 1432 pontiﬁcis,
1668 1399 1726 1424 etc.
1751 1395 1812 1423 init.
1829 1394 1898 1429 Ὄμὶη

213 1440 318 1475 νομικὸς
342 1440 435 1472 ἐκεῖνος
459 1440 594 1479 ἰεράρχης,
620 1443 664 1468 καὶ
686 1443 846 1472 τυπικός.-
874 1443 916 1476 16)
940 1443 979 1470 C0

1131 1442 1192 1469 icos
1215 1441 1414 1476 inordinatos,
1444 1443 1500 1469 etc.
1527 1440 1590 1469 lnit.
1621 1442 1677 1469 Οὐκ
1706 1442 1785 1477 ἀφυής
1807 1439 1898 1479 ἐγὼτῄ

213 1492 348 1519 ποιμαντι.
364 1499 397 1504 —-
416 1485 456 1519 t7)
475 1474 519 1513 lJe'
539 1493 641 1513 amore
668 1485 717 1513 Dei
732 1492 804 1520 erga
818 1474 966 1519 homines,

1132 1505 1138 1512 .
1166 1487 1209 1516 Τίς
1238 1489 1252 1515 ἡ
1280 1496 1398 1523 τυραννίς
1418 1487 1448 1515 ἦν
1470 1487 1496 1511 ἐκ
1525 1489 1569 1516 τῆς
1583 1487 1647 1522 πρὸς
1662 1487 1783 1521 ὑμᾶς.-
1797 1484 1835 1518 18)
1849 1474 1898 1510 P05t

210 1527 339 1556 reditum
360 1536 397 1556 ex
412 1529 515 1565 Lydia,
541 1531 570 1558 et
593 1529 631 1558 de
646 1529 897 1558 condemnatione
912 1530 977 1557 hasr‘

1130 1531 1179 1558 itii.
1197 1531 1260 1558 init.
1280 1533 1343 1557 Λὺει
1370 1540 1419 1566 μου
1449 1532 1496 1559 τὴν
1524 1530 1646 1566 γλῶσσαν
1667 1531 1681 1559 ἡ
1697 1533 1816 1566 παροῦσα
1832 1527 1897 1554 πανήι

209 1581 291 1610 γορις.
303 1573 391 1608 --19)
408 1573 535 1602 Homilia
553 1577 743 1604 κατανυκτικὴ,
757 1574 820 1602 luit.
838 1574 868 1600 Ἦ
882 1576 927 1611 μὲν
959 1576 974 1600 α

1131 1579 1160 1606 ἧς
1187 1577 1248 1611 ἐμῆς
1274 1576 1339 1611 ὲμῆς
1376 1579 1484 1605 σιωπῆς.
1499 1590 1529 1595 -
1545 1577 1589 1606 20)
1609 1576 1647 1603 De
1661 1575 1807 1603 conventu
1819 1571 1846 1600 in
1857 1571 1894 1598 Ec-

209 1616 368 1651 clesia,etc.
382 1618 447 1646 Init.
458 1619 490 1646 Τί
501 1619 531 1645 ἄν
543 1619 690 1656 ἂνθορωπος
710 1620 788 1646 πὰθοι
804 1620 969 1647 ἐπιστασίαν.

1127 1620 1173 1647 iod
1191 1621 1268 1648 Deus
1285 1619 1411 1648 multum
1427 1622 1509 1647 curet
1532 1619 1568 1647 de
1583 1619 1768 1651 hominibus,
1783 1618 1832 1645 etc.
1846 1614 1894 1642 init.

208 1663 268 1699 Φέρε
296 1661 326 1689 δὲ
353 1665 399 1690 καὶ
424 1663 501 1689 πάλιν
524 1664 567 1690 ‘uri
593 1666 636 1690 τὸν
663 1666 843 1700 τεχνίτην.-
868 1665 914 1698 22)
933 1665 974 1691 Cu

1130 1672 1183 1692 eus
1216 1664 1257 1701 (α)
1282 1664 1445 1692 diaconum
1473 1664 1627 1700 percussit.
1656 1664 1721 1692 lnit'
1751 1663 1783 1689 Ὠ
1807 1656 1896 1697 γλυκεῖα

207 1706 277 1742 ὄψις,
305 1711 326 1733 ὦ
354 1708 432 1743 γάνος
446 1708 593 1744 ψυχῆς.-
617 1710 662 1742 23)
688 1710 728 1736 De
760 1708 867 1736 eodem
895 1708 974 1735 Canii

1126 1710 1142 1736 ἱ.
1172 1709 1251 1745 Οῖμοι
1283 1711 1343 1745 ἐγὼ,
1369 1718 1461 1746 μητερ,
1496 1711 1531 1739 ὼς
1552 1719 1608 1735 τινα
1636 1718 1667 1745 με
1699 1709 1790 1738 ἓτεκες.
1808 1721 1836 1726 -
1859 1704 1893 1735 24)

206 1750 253 1778 Ad
268 1751 427 1788 populum,
441 1752 524 1788 quod
537 1760 598 1781 non
614 1753 707 1780 semel
718 1761 772 1789 per
787 1753 1011 1780 hebdomadem
1029 1753 1068 1781 ad
1084 1754 1198 1789 vigilias
1224 1754 1254 1782 in
1279 1754 1437 1782 ecclesiam
1462 1756 1653 1782 concurrant.
1671 1753 1737 1781 Init.
1759 1753 1788 1780 Τί
1806 1759 1866 1781 ποτε,
1878 1747 1893 1771 ὦ

206 1797 336 1832 ταρόντες,
353 1796 445 1824 οἴεσθε.
459 1812 492 1817 -
507 1798 553 1833 25)
569 1797 653 1830 Quod
666 1799 801 1833 oporteat
815 1805 850 1825 os
865 1797 973 1833 psalmi

1124 1798 1255 1826 :titicare.
1272 1798 1326 1826 luit
1350 1800 1440 1835 Κύρίε,
1455 1799 1584 1834 ἠγάπησα
1604 1800 1754 1834 εὐπρέπεια)
1766 1796 1831 1823 οἶκον
1846 1803 1891 1835 acu,

206 1841 264 1867 κία.
275 1855 309 1860 -
324 1840 368 1876 26)
384 1842 416 1868 In
429 1840 610 1877 parabolam
623 1832 718 1869 coenae
734 1841 816 1877 apud
832 1832 954 1869 Lucam.

1124 1854 1127 1869 ι
1147 1844 1192 1879 μὲν
1206 1847 1253 1874 τῆς
1277 1843 1443 1879 εὐαγγελιχῆς
1470 1847 1612 1880 περικοπῆς
1630 1848 1678 1874 τῆς
1691 1845 1807 1879 σήμερον.
1820 1832 1891 1864 ~27)

208 1884 378 1912 Gratiarum
400 1885 486 1919 actio,
513 1886 596 1922 quod
608 1886 743 1914 inciderit
754 1886 784 1914 in
800 1886 941 1914 morbum
965 1887 994 1914 in
1019 1887 1197 1916 adornanda
1228 1888 1285 1916 hac
1300 1887 1434 1923 homilia,
1462 1890 1490 1915 et
1510 1888 1547 1915 de
1563 1888 1712 1924 mysteriis
1725 1885 1822 1914 sacris.
1841 1880 1892 1910 lnit.

207 1928 401 1966 Υπολαμεάνειν
416 1940 462 1966 μοι
477 1930 578 1965 ἔπεισα,
598 1942 617 1957 ω
631 1931 736 1969 φιλοχρ.
750 1947 783 1950 -
799 1931 843 1966 28)
859 1931 974 1960 ΙΙΟιἩίΙΙε

1122 1943 1142 1963 2;
1155 1933 1261 1962 Christi
1276 1932 1449 1960 nativitatis.
1468 1933 1531 1961 lnit.
1548 1934 1600 1964 Τῆς
1615 1942 1674 1969 περι
1685 1933 1768 1968 λόγοις
1781 1934 1889 1966 μεγίστης

191 1976 342 2011 ’πτωχείας
366 1985 479 2011 μου.-
504 1975 548 2011 29)
576 1977 661 2004 Hom.
697 1978 764 2012 post
788 1975 896 2004 festum
931 1977 958 2004 LI

1139 1977 1202 2005 luit.
1229 1977 1277 2006 ’ον
1305 1979 1399 2015 τρόπον
1431 1979 1558 2006 ἐπιποθεῖ,
1579 1993 1612 1997 -
1642 1977 1689 2013 30)
1722 1978 1766 2006 Εἰς
1794 1973 1823 1999 τά
1853 1970 1892 1996 ἀπὸ

206 2021 380 2056 κρεωφαγίας.
404 2019 467 2048 init.
480 2018 551 2054 οῖδα,
568 2023 602 2051 ὼς
616 2022 640 2047 ὲν
655 2022 768 2057 θαύματι
781 2023 896 2048 κείσεται
910 2023 964 2052 τοῖς

1124 2038 1128 2042 -
1143 2022 1189 2057 3t)
1205 2022 1330 2050 Homilia
1342 2022 1529 2058 apologatica
1543 2022 1580 2050 de
1590 2021 1773 2050 diuturniore
1787 2015 1891 2046 silentio.

206 2065 318 2100 Ἀγαθὸν
329 2075 385 2101 μοι,
397 2065 436 2091 ὅτι
450 2066 625 2097 ἓταπείνωσάς
639 2076 679 2102 με,
695 2067 772 2096 ὅπως.
784 2082 817 2086 —
833 2067 877 2100 3‘2)
891 2067 958 2094 Post

1124 2072 1157 2094 ‘m
1178 2066 1320 2094 Christiet
1335 2069 1403 2094 ante
1429 2066 1565 2095 Lumina.
1582 2067 1645 2094 init.
1678 2067 1740 2096 Χθὲς
1769 2063 1819 2093 τοῖς
1840 2060 1891 2095 λαμ-

207 2113 283 2147 προῖς
300 2110 436 2145 γενεθλίοις
451 2108 508 2137 τοῦ.
522 2125 560 2130 ---
576 2110 621 2145 33)
635 2112 665 2138 In
681 2110 810 2147 primam
828 2111 974 2138 Dominica

1126 2119 1223 2138 orum.
1246 2111 1312 2138 lnit.
1341 2111 1387 2141 Ὠς
1401 2111 1558 2147 ayss/Quaen
1593 2112 1625 2136 τά
1653 2110 1717 2147 ἔργα
1745 2119 1797 2139 σου,
1820 2106 1889 2149 Κύριῇ

209 2154 300 2189 -34)
322 2156 353 2182 ln
375 2154 609 2182 infanticidium.
643 2155 710 2183 lnit.
742 2157 786 2186 Τίς
813 2158 877 2186 Θεὸς
893 2155 958 2184 πλὴν

1124 2168 1125 2175 ι
1155 2158 1236 2191 ἡμῶν,
1262 2157 1274 2181 ό
1296 2158 1372 2186 Θεὸς.
1386 2171 1420 2175 -
1436 2158 1481 2187 35)
1503 2156 1541 2183 De
1557 2155 1664 2183 eodem
1688 2155 1769 2183 festo.
1793 2151 1849 2179 lnit.
1866 2147 1891 2174 Οἰ

212 2198 363 2235 μικρολόγοι
386 2203 436 2225 τῶν
464 2201 739 2236 ἐστιατόρων.-36)
755 2199 819 2227 Alia
852 2199 915 2227 sine
945 2200 977 2227 tit

1125 2202 1146 2228 ε.
1175 2200 1279 2236 Ὁρᾶτε,
1308 2202 1342 2235 μὴ
1377 2201 1593 2236 καταφρονήσητε
1626 2199 1690 2229 ἑνός.
1709 2214 1741 2219 ——
1773 2199 1814 2227 37)
1839 2191 1889 2220 Alia

211 2242 275 2271 sine
303 2242 399 2272 titulo.
435 2243 503 2271 Init.
535 2246 576 2272 Τῶ
609 2249 691 2282 καιρῶ
723 2247 877 2281 εισὴρχετο,
914 2260 949 2265 —

1125 2244 1255 2280 primam
1293 2244 1479 2272 Dominicam
1520 2243 1721 2279 Jejuniorum.
1758 2240 1819 2269 Init.
1857 2236 1890 2263 Ὠς

213 2287 337 2324 ὰγαπηγά
349 2289 380 2314 τά
395 2291 554 2325 ακηνὼματα
568 2290 615 2317 σά.
634 2305 668 2310 -
684 2291 728 2325 39)
745 2291 776 2316 ln
793 2288 957 2318 secundam

1122 2297 1171 2316 am
1194 2288 1392 2324 Jejuniorum.
1415 2288 1480 2315 lnit.
1514 2289 1638 2316 Ἠνυσται
1653 2290 1698 2324 μὲν
1719 2286 1774 2313 ίὸοὐ
1790 2286 1830 2310 σὺν
1847 2282 1889 2306 6εώ

214 2335 259 2359 καὶ
269 2334 299 2362 ἡ.
312 2348 346 2353 -
360 2334 404 2369 40)
420 2336 452 2361 In
467 2334 582 2362 tertiam
600 2334 786 2362 Dominicam
800 2333 981 2368 Jejnniormr

1125 2337 1133 2359 l
1146 2335 1189 2369 μὲν
1199 2338 1248 2359 τῶν
1262 2333 1424 2369 Εὐαγγελὶων
1436 2335 1554 2370 πανὶερος
1571 2332 1671 2369 βιϐλος.
1684 2348 1717 2353 ———
1727 2334 1769 2362 41)
1780 2329 1807 2356 in
1819 2330 1890 2373 quflr'

215 2379 277 2406 tam
301 2378 473 2406 tominicam
487 2378 744 2414 Quadragesimm.
762 2378 828 2405 lnit.
847 2379 887 2413 Τῷ
900 2383 982 2414 καιρῲ

1123 2379 1238 2414 νθρωπός
1258 2388 1308 2408 τις.
1323 2394 1357 2398 -
1372 2378 1459 2412 42)]ι]
1483 2378 1620 2414 quintam
1641 2371 1888 2406 Dominicamlejll'

216 2422 348 2451 niorum.
369 2423 434 2451 lnit.
456 2422 510 2449 Τὸν
534 2424 580 2458 μὲν
596 2422 629 2452 δὴ
646 2427 691 2453 τῆς
719 2424 980 2460 τεσσαρακονθημερθ

1125 2422 1184 2457 )Ι[ι
1219 2422 1402 2450 Dominicam
1435 2424 1503 2450 ante
1532 2422 1727 2455 nativitatem,
1756 2421 1781 2447 et
1803 2416 1889 2460 intres

218 2475 340 2504 pueros.
374 2466 483 2497 Ἐπειδὴ
515 2457 776 2505 πδλυανθρωπότερον
800 2457 911 2504 censorii:

1129 2482 1182 2495 .—
1211 2466 1256 2501 44)
1285 2466 1368 2499 Quod
1399 2474 1459 2494 non
1478 2466 1515 2494 sit
1529 2466 1733 2494 accedendum
1747 2462 1782 2491 ad
1797 2457 1889 2505 divinos

218 2515 247 2541 et
267 2513 514 2549 praestigiatores.
551 2513 607 2540 lnit
632 2504 737 2550 Χριστὲ
757 2512 821 2543 ἅναξ
850 2513 985 2548 uiroc-Jan

1128 2513 1287 2538 τὸνυκτε.-
1383 2513 1413 2539 ln
1444 2512 1527 2540 tertia
1557 2511 1710 2539 Dominica
1736 2504 1890 2550 Jejuﬂitiium

218 2559 247 2585 et
257 2546 288 2585 in
299 2546 434 2586 sanctam
449 2558 582 2585 Crucem.
603 2546 668 2585 init.
685 2556 754 2585 Ἰδοὺ
775 2560 789 2586 ἡ
806 2556 879 2586 κλίνη
898 2546 981 2592 may.

1123 2565 1164 2582 ita:
1184 2555 1304 2584 δυνατοί.
1320 2571 1354 2576 —
1370 2556 1416 2591 46)
1439 2555 1566 2584 Homilia
1581 2556 1645 2584 sine
1656 2554 1747 2584 titulo.
1761 2550 1816 2580 init.
1828 2546 1890 2573 Ὅταν

219 2600 508 2639 στρατοπεδευσάμινον
529 2600 640 2628 ἐνταῦθα
652 2599 762 2629 κατίδω.
778 2612 792 2626 ››

253 2743 295 2781 (a)
309 2745 340 2774 Ὀ
364 2744 523 2779 Κανίχλειος,
545 2745 592 2773 vel
607 2746 619 2771 ό
632 2743 839 2781 Κανίκληςι-ΥΘΙ
854 2746 866 2770 ὁ
882 2743 1020 2770 Rau-[Isim

1118 2743 1170 2781 ἶίω
1184 2743 1268 2781 illud,
1281 2743 1470 2781 cuniculum.
1488 2750 1506 2770 a
1517 2742 1665 2781 paniculis
1679 2737 1786 2781 fictitiis
1796 2732 1885 2781 ειξξίεξ·

216 2788 234 2808 a
247 2770 680 2817 [amanti—nis“scripiorihuswis
694 2770 863 2817 appellatur
882 2781 933 2816 qui
951 2780 1034 2808 cani-
1091 2770 1293 2807 taliaturNiiie
1310 2770 1446 2807 Vilioison
1461 2770 1493 2806 in
1502 2778 1659 2807 Anecdoti's
1671 2779 1720 2806 Gr.
1737 2778 1802 2803 tom.
1818 2770 1846 2796 li.
1861 2772 1884 2800 p-

216 2817 295 2850 culo,
315 2817 376 2845 sive
402 2816 569 2846 atramento
597 2816 785 2854 imperatoris
818 2819 953 2854 praeerat.
979 2818 1033 2844 Vas
1089 2817 1135 2843 72.
1156 2817 1257 2844 llAltL.
