1944 3084
214 168 266 196 599
804 162 959 192 GERMANI
978 163 1002 191 Π
1022 163 1072 191 GP.
1092 162 1334 193 PATRIARCHE.
1872 166 1917 193 600

213 239 291 260 τησις
314 229 379 265 πρὸς
400 228 447 256 τὴν
471 226 595 256 τοιαύτην
619 225 759 263 ὁμολογίαν
773 228 819 252 τοῦ
833 226 938 261 πάππα,
955 226 1000 252 καὶ
1013 226 1078 262 πρὸς
1091 226 1149 256 τοὺς
1163 225 1209 252 ὑπ’
1228 225 1323 252 ἐκείνου
1335 225 1474 260 σταλέντας
1485 229 1688 266 Φριμινονρίονς
1698 227 1738 264 (α)
1755 229 1804 254 καὶ
1818 226 1919 258 λοιποὺς

212 278 272 312 περὶ
286 277 334 304 τῆς
354 273 527 310 ἓκπορεύσεως
540 274 587 298 τοῦ
607 271 685 308 ἁγίου
701 272 858 307 Πνεύματος.
880 271 962 299 Hanc

1154 270 1233 306 gavit
1254 270 1349 299 Lucas
1372 271 1567 308 Waddingus
1581 272 1613 300 in
1626 271 1797 300 Annalibus
1812 271 1918 300 ordinis

213 320 369 349 minorum.
400 317 551 346 diversam
578 324 597 346 θ,
631 316 731 352 priore
759 315 899 345 Germani
933 314 1043 351 scripto
1075 314 1114 343 de
1141 316 1333 352 processione
1363 316 1490 353 Spiritus
1517 317 1614 346 sancti
1640 316 1723 354 quod
1752 323 1793 345 ex
1820 316 1919 345 Allatio

213 363 306 402 paulo
323 364 391 392 ante
411 361 589 396 memoravi,
614 361 756 398 illiusque
778 360 870 390 veluti
890 367 1012 388 summa
1033 367 1068 388 ac
1088 360 1314 397 compendium.
1338 361 1445 390 Confer
1468 361 1650 391 Altimuram
1672 369 1745 398 pag.
1771 362 1838 396 359,
1861 362 1917 391 360.

213 408 372 443 Panoplia:
391 409 498 436 contra
513 406 643 435 schisma
656 406 844 435 Grecorum.
860 405 948 433 ΕΔΜ.
964 404 1048 433 Edita
1062 406 1107 433 est
1121 405 1220 433 Graece
1235 412 1272 434 ex
1287 405 1356 434 cod.
1372 406 1508 435 Caesareo
1523 406 1693 435 Vindobon.
1708 414 1727 435 a
1742 406 1851 440 Franc.
1871 406 1917 434 Ca-

213 453 278 483 rolo
293 452 400 486 Altero,
418 451 458 480 ad
472 450 586 479 calcem
602 450 663 479 edit
674 450 761 478 libri:
784 451 917 488 Χρονυκόν
939 452 980 485 I‘sa;

1149 450 1218 484 ιτζῆ,
1241 452 1297 479 etc.
1312 450 1481 480 Vindobon.
1498 453 1595 480 Austr.
1612 451 1691 485 i796,
1708 450 1773 484 iol.,
1789 457 1862 487 pag.
1873 451 1916 478 139

215 506 278 536 seq.
293 496 424 532 Gregorii
434 497 533 526 ἓκθισις
546 511 580 516 —
596 495 690 524 missa
705 494 744 523 ad
761 495 952 523 Germanum.
968 494 978 522 Ι

1149 497 1254 533 ›γραφαὶ
1268 499 1316 522 τῶν
1336 495 1554 533 ἀποκρισιαρίων,
1569 496 1641 531 Pag.
1658 497 1707 524 MO
1722 502 1811 532 seqq.
1827 494 1916 532 sequi-

215 545 263 572 tur
274 540 412 571 Germani
426 543 454 569 et
466 540 575 577 synodi
590 547 660 568 cum
674 539 724 569 illo
734 539 902 576 responsio,
918 539 937 567 f.
956 539 1113 575 ἀπάντησις,
1129 542 1196 576 etc.,
1211 540 1242 568 in
1256 547 1318 577 qua
1332 540 1427 569 multa
1441 543 1470 569 et
1489 548 1646 569 sacrorum
1665 542 1693 569 et
1705 539 1915 569 ecclesiastico-

215 595 284 617 rum
299 587 478 623 scriptorum
488 585 558 615 loca
572 584 806 621 testimoniaque
821 584 994 613 afferuntur.
1007 585 1040 613 In
1054 584 1169 621 praefat.
1187 586 1289 614 autem
1305 592 1373 622 pag.
1392 593 1412 614 ιι
1433 593 1498 622 seq.
1512 585 1605 616 Alter.
1618 585 1681 621 agit
1691 584 1729 614 de
1743 583 1839 613 codd.
1856 583 1915 612 Vin-

216 631 384 661 dobonensi
400 632 491 667 atque
501 629 653 658 Vaticano.
667 630 755 658 Hann.

253 696 287 723 ll.
307 694 448 723 Homiliz
467 693 569 722 variae.
595 692 623 728 1)
650 692 687 721 In
708 692 841 728 infantes
862 692 1020 722 Betis/term

1147 696 1223 730 ιυροῦ
1242 696 1373 731 Γιρμανοῦ
1399 693 1434 725 εἰς
1458 695 1506 724 τὴν
1525 695 1629 731 σφαγὴν
1644 697 1693 721 τῶν
1708 694 1795 730 οἷγίων
1817 695 1914 729 νηπντιῐῶν1

218 742 263 767 καὶ
295 739 331 771 εἰς
366 740 414 768 τήν
448 737 534 776 ἀρχὴν
562 740 609 764 τοῦ
637 738 705 764 κατὰ
734 738 841 776 Μάρκον
875 738 1043 775 Εὑαγγελίου,
1078 737 1304 776 ἀναγινωσκομένη
1341 742 1459 775 κυριακῇ
1491 740 1541 777 πρὸ
1572 743 1622 765 τῶν
1655 741 1760 766 Φώτων.
1795 738 1915 774 Incipit:

217 787 263 816 Τίς
278 786 343 816 Θεὸς
357 783 422 813 πλὴν
438 786 484 810 τοῦ
498 786 566 810 Θεοῦ
580 783 663 820 ἡμῶν.
681 784 780 811 Grmce
792 790 829 811 ex
848 783 950 811 codice
964 785 984 811 Α

1154 783 1248 811 edidit
1266 783 1361 812 David
1376 783 1559 812 Hmschelius
1574 784 1651 812 inter
1660 782 1806 812 homilias
1823 790 1912 811 sacras

217 829 371 859 variorum
393 829 526 863 Patrum,
544 827 685 864 Augustae
700 827 811 856 Vindel.
827 828 906 861 1586,
922 835 991 864 pag.
1011 828 1135 856 154-181.
1149 827 1236 856 Fusa.
1249 828 1288 856 De
1301 828 1441 857 Germani
1454 828 1585 857 homiliis
1598 830 1626 857 et
1640 827 1730 857 codd.
1746 828 1780 856 in
1794 827 1911 856 bibloth.

218 874 331 909 Anglia;
345 873 515 908 asservatis,
530 872 561 901 in
576 872 687 909 quibus
698 871 756 900 illae
767 872 885 909 aliaque
895 872 1033 901 Germani
1043 872 1153 909 scripta
1163 874 1289 907 exstant,
1302 873 1422 910 copiose
1435 873 1496 909 agit
1506 873 1615 902 Oudin.
1632 872 1651 901 l.
1666 880 1692 901 c.
1705 874 1781 901 tom.
1798 873 1842 900 ill.
1854 879 1913 909 pag.

219 921 248 948 6l
262 927 328 956 seq.
348 933 380 939 —
395 920 426 946 In
440 917 506 946 cod.
521 918 688 953 Augustan.
704 917 789 945 Vind.
807 917 974 945 secundum
990 917 1100 946 Reiseri
1115 917 1244 945 indicem
1253 925 1324 946 mss.
1337 917 1410 946 bibl.
1423 919 1617 953 Augustanae,
1631 925 1701 954 pag.
1717 918 1746 952 8,
1764 925 1794 946 n.
1811 918 1915 951 20,5th

219 966 334 1001 septem
350 970 505 991 sermones
517 962 667 996 Germani,
683 962 814 999 archiep.
830 962 974 998 Cpolitani
985 971 992 990 :
1004 963 1028 997 1)
1042 962 1079 990 In
1095 962 1288 997 sepulturam
1300 962 1429 998 Christi,
1444 962 1542 991 dictus
1554 962 1603 991 die
1620 962 1723 998 magni
1740 961 1877 995 Sabbati;
1893 960 1913 997 2)

218 1009 255 1037 In
269 1008 485 1037 annuntianem
501 1007 614 1043 Marte;
630 1006 658 1043 3)
674 1007 710 1035 In
724 1007 854 1042 primam
862 1007 1050 1042 jejuniorum
1061 1007 1260 1042 Dominicam,
1275 1007 1373 1044 deque
1388 1007 1558 1043 imaginum
1571 1007 1759 1035 restitutione
1771 1014 1780 1040 ;
1793 1007 1822 1041 4)
1834 1006 1867 1033 In
1877 1013 1915 1034 υεσ

218 1054 403 1083 nerationem
416 1053 540 1088 vivi/ica
552 1052 660 1086 crucis,
675 1051 772 1079 dictus
787 1053 919 1089 tempore
932 1052 1036 1088 jejunii
1053 1052 1096 1086 ;5)
1111 1052 1153 1080 De
1163 1052 1343 1087 infantibus,
1354 1052 1390 1080 ab
1405 1052 1520 1081 Herode
1535 1052 1656 1086 occisis;
1673 1051 1700 1087 6)
1712 1051 1752 1080 In
1769 1050 1913 1080 exultatio-

219 1106 285 1127 nem
295 1099 409 1126 sanctw
419 1097 542 1132 Crucis;
554 1097 583 1132 '7)
598 1096 635 1124 In
650 1096 837 1124 Dominicam
852 1099 922 1124 ante
933 1096 1074 1126 Natalem
1090 1096 1214 1130 Christi,
1231 1097 1325 1134 deque
1338 1097 1435 1126 tribus
1448 1097 1550 1132 pueris
1564 1098 1595 1125 in
1602 1097 1762 1133 fornacem
1778 1096 1914 1124 missis.—

220 1144 262 1171 Ex
276 1141 416 1170 Germani
431 1140 623 1169 sermonibus
636 1139 792 1176 permultis
807 1140 895 1177 plura
907 1140 1025 1176 collegit
1039 1144 1179 1178 excerpta
1193 1142 1337 1170 Macarius
1359 1141 1620 1178 Chrysocephalus
1636 1141 1668 1169 in
1684 1148 1790 1178 opere,
1805 1138 1914 1167 Ῥοδωνιά

220 1186 374 1223 inscripto,
391 1185 474 1223 quod
489 1187 587 1213 exstat
598 1185 630 1213 in
644 1184 712 1214 cod.
728 1185 841 1214 Veneto
857 1185 991 1214 CCCCLII
1005 1185 1080 1216 bibl.
1091 1187 1177 1215 Marc.
1191 1186 1266 1215 Vide
1281 1186 1433 1222 \‘illoison,
1443 1186 1474 1214 in
1489 1186 1651 1215 Anecdotis
1663 1185 1788 1219 Gracia,
1805 1187 1871 1213 tom.
1885 1184 1911 1216 lii

220 1240 251 1270 p.
266 1233 311 1260 72.
328 1246 361 1251 —
378 1232 409 1259 In
424 1229 523 1259 indice
537 1229 577 1258 ad
587 1229 668 1258 hunc
681 1230 806 1266 tomum,
823 1237 888 1258 voc.
903 1230 1055 1266 Germani,
1071 1231 1178 1259 citatur
1192 1231 1396 1267 fragmentum
1412 1239 1449 1259 ex
1468 1230 1603 1268 quadam
1622 1230 1702 1258 illius
1725 1229 1870 1262 oratione,
1887 1228 1912 1256 in

219 1284 282 1314 qua
296 1275 454 1313 explicatio
465 1274 626 1310 allegorica
640 1273 755 1302 arboris
765 1274 856 1311 illius,
871 1275 903 1304 in
913 1275 1014 1304 medio
1027 1275 1167 1313 paradiso
1182 1275 1299 1312 positae.
1316 1276 1404 1304 ΗΑιιι.

255 1338 283 1375 2)
303 1337 339 1366 In
354 1336 570 1366 exultationem
594 1336 769 1366 veneranda
788 1337 896 1372 erucis,
914 1340 942 1366 et
960 1345 1022 1366 com

1144 1338 1265 1367 ramites.
1283 1338 1325 1369 Εἰς
1351 1337 1454 1374 ὖψωσιν
1474 1341 1521 1364 τοῦ
1542 1339 1631 1376 τιμίου
1656 1340 1785 1375 σταυροῦ,
1799 1336 1911 1363 καὶκατὰ

220 1382 378 1420 Βογομῦων.
393 1381 499 1419 incipit
510 1380 601 1409 εῐΙάλιν
616 1381 690 1418 ἰορτῆ
696 1392 707 1413 ς
718 1383 874 1419 μυστήριον,
889 1385 934 1409 καὶ
949 1383 987 1408 ποί

1144 1383 1203 1415 λαὸς
1217 1385 1342 1421 χοριντὴς
1355 1385 1491 1420 μυστικὸς.
1504 1383 1603 1412 Grmee
1617 1384 1646 1412 et
1661 1382 1765 1412 Latine
1777 1381 1866 1411 edidit
1873 1380 1911 1408 Ja-

220 1428 316 1458 cobus
332 1429 486 1456 Gretserus
502 1429 576 1456 tom.
593 1427 617 1455 ll
631 1427 675 1456 De
689 1434 785 1462 cruce,
802 1434 873 1464 pag.
889 1429 987 1457 156-17

561 1436 576 1455 ι.
593 1427 617 1455 ll
631 1427 675 1456 De
689 1434 785 1462 cruce,
802 1434 873 1464 pag.
889 1429 1017 1457 156-173.
1034 1428 1195 1464 Ingolstad.
1210 1429 1288 1462 1600,
1302 1429 1328 1456 4.

256 1473 283 1509 3)
304 1474 337 1501 In
365 1472 518 1501 viviﬁcam
544 1479 674 1506 crucem,
690 1472 776 1501 tertia
798 1472 985 1508 Jejuniorum
1002 1474 1022 1501 D

1142 1481 1165 1502 Β..
1195 1476 1232 1502 Τῆ
1259 1474 1334 1511 τρίτῃ
1363 1476 1480 1510 κυριακῇ
1506 1476 1556 1500 τῶν
1582 1473 1728 1506 Nnc-“retin,
1753 1474 1798 1498 καὶ
1822 1470 1856 1502 εἰς
1878 1470 1909 1496 τόν

221 1518 349 1549 ζωοποιὸν
365 1518 488 1554 σταυρὸν.
510 1516 633 1554 Incipit:
650 1514 720 1544 Ἰδού
735 1517 748 1546 ἡ
765 1516 838 1546 κλίνη
855 1516 980 1554 Σολομὼν.

1152 1517 1253 1546 Latine
1268 1517 1351 1554 apud
1365 1517 1507 1546 eumdem
1521 1518 1701 1552 Gretserum,
1711 1524 1784 1554 pag.
1801 1514 1909 1544 294-308.

255 1564 283 1598 4)
300 1562 337 1591 In
355 1562 564 1591 adorationem
585 1561 697 1596 Crucis,
715 1565 847 1597 tempore
864 1562 957 1591 medii
974 1563 1022 1599 Jej

1143 1563 1160 1594 ῖς
1182 1564 1229 1592 τὴν
1250 1563 1432 1599 προσκύνησιν
1446 1565 1492 1589 τοῦ
1506 1571 1593 1599 τιμιου
1610 1564 1655 1588 καὶ
1668 1562 1800 1593 {won-oui
1811 1561 1910 1596 σταυροῦ

220 1607 245 1634 ἰν
258 1612 294 1644 τῷ
310 1611 394 1646 καιρῷ
408 1611 445 1644 τῷ
460 1608 663 1644 Μεσονηστίμῳ.
681 1607 803 1644 Incipit:
831 1607 959 1641 Φωτίςου,

1142 1618 1167 1643 is.
1195 1608 1294 1636 Graece
1317 1609 1346 1635 et
1366 1607 1467 1636 Latine
1491 1607 1576 1644 apud
1590 1606 1732 1636 eumdem
1747 1607 1909 1636 Gretserum,

218 1660 249 1690 p.
267 1653 396 1682 308-311.

256 1700 283 1731 5)
303 1697 340 1726 In
352 1697 483 1734 primam
497 1696 685 1732 Jejuniorum
703 1696 902 1730 Dominicam,
920 1699 948 1725 et
969 1697 1000 1725 in
1016 1699 1192 1726 sanctarum
1210 1696 1377 1733 imaginum
1393 1697 1620 1726 restitutionem.
1637 1696 1678 1727 Εἰς
1692 1698 1740 1727 τὴν
1756 1697 1857 1734 πρώτην
1870 1696 1910 1720 Κν-

219 1743 314 1779 ριακήν
337 1745 387 1768 τῶν
411 1745 557 1775 Νηστιιῶν,
589 1743 634 1768 καὶ
659 1741 693 1772 εἰς
715 1743 763 1771 τὴν
785 1745 835 1768 τῶν
860 1741 940 1778 ἁγίων
962 1743 1007 1768 καὶ
1032 1745 1132 1768 σιπτῶν
1155 1741 1259 1768 εἰκόνων
1282 1740 1475 1771 ἁναστὴλωσιν.
1508 1741 1613 1778 Incipit
1633 1749 1640 1769 :
1667 1741 1711 1772 Ὠς
1739 1740 1862 1777 ἀγαπητοι
1884 1737 1909 1763 τὰ

221 1787 383 1823 σκηνώματά
408 1795 465 1820 σου,
491 1787 572 1822 Κύριε
593 1789 644 1812 τῶν
668 1784 813 1823 δυνάμεων.
839 1786 937 1815 Graece
960 1788 988 1814 et

1140 1786 1217 1822 ipud
1239 1785 1380 1815 eumdem
1395 1786 1577 1820 Gretserum,
1593 1793 1628 1823 pe
1635 1793 1663 1822 g.
1676 1787 1806 1816 559-565.
1822 1786 1851 1812 In
1861 1783 1907 1811 hac

219 1837 344 1868 quoque
365 1830 493 1860 homilia
518 1829 742 1867 Bogomilorum
764 1830 878 1859 mentio
897 1837 968 1867 pag.

1143 1832 1207 1860 τησέ
1227 1832 1260 1867 μέ
1282 1840 1320 1862 τις
1341 1834 1392 1858 τῶν
1414 1829 1666 1869 δαιμονοπροσὼπον
1689 1831 1789 1857 τούτων
1815 1828 1908 1865 Ito-[opl-

220 1875 279 1903 λων
309 1876 357 1902 Διὰ
381 1876 417 1910 τί,
447 1874 522 1912 φησί,
551 1877 721 1912 προσκυνεῖτε
745 1877 862 1912 τοίχους,
893 1877 938 1902 καὶ
966 1873 1077 1906 σανιδας
1104 1878 1149 1902 καὶ
1175 1874 1302 1903 ἄσϐεστον
1326 1877 1372 1903 καὶ
1396 1873 1511 1913 διάφορα
1534 1878 1685 1914 χρώματας
1708 1875 1813 1904 Latine
1826 1872 1908 1902 exstat

222 1920 312 1948 etiam
333 1927 371 1948 ex
392 1919 518 1948 Gretseri
534 1919 672 1948 versione
691 1919 723 1948 in
741 1919 952 1956 supplemento
977 1919 1048 1950 Bibl.
1065 1921 1186 1949 Patrum
1200 1919 1377 1950 Morelliano
1387 1920 1478 1949 Paris.
1494 1921 1574 1955 i639,
1587 1922 1660 1950 tom.
1674 1919 1696 1955 Ι,
1711 1927 1784 1957 pag.
1796 1920 1839 1954 '70,
1853 1915 1910 1946 etin

223 1964 298 1995 Bibl.
317 1964 442 1994 Patrum
457 1963 627 1994 Coloniensi
641 1971 670 1993 a.
688 1965 768 1999 1618,
784 1966 858 1993 tom.
874 1965 918 1998 ΙΧ,
936 1966 964 1993 et
978 1964 1010 1994 in
1026 1964 1218 2002 Lugdunensi
1236 1973 1265 1995 a.
1283 1967 1362 2000 1672,
1382 1967 1465 1994 tomo
1488 1966 1541 1995 XX.
1561 1965 1604 2002 [V.
1621 1967 1680 1995 cat.
1694 1964 1771 1994 bibl.
1791 1961 1909 1992 Leidens.

222 2016 296 2046 pag.
311 2009 368 2046 44].

258 2072 285 2108 6)
301 2072 338 2100 In
352 2070 504 2101 Dominici
518 2071 652 2107 corporis
662 2071 861 2107 sepulturam,
877 2075 906 2101 et
920 2073 952 2101 in
967 2080 1025 2110 mag

1142 2073 1300 2103 fabbatum.
1315 2074 1401 2110 Λόγος
1414 2073 1450 2105 εἰς
1464 2075 1512 2104 τὴν
1530 2074 1661 2111 θιόσωμον
1674 2074 1759 2110 τᾱφὴν
1770 2075 1815 2100 τοῦ
1827 2071 1909 2108 Κυρίου

223 2119 268 2144 καὶ
300 2121 420 2155 Σωτῆρος
452 2117 524 2153 ἡμῶν
558 2116 646 2146 Ἰησοῦ
679 2120 807 2154 Χριστου,
841 2117 932 2156 ῥηθεὶς
963 2117 987 2144 ἐν
1020 2122 1051 2155 τῇ
1086 2119 1172 2156 ἡμέρᾳ
1201 2122 1247 2146 τοῦ
1276 2117 1389 2155 μεγάλου
1410 2117 1554 2147 Σαϐϐἀτου.
1581 2118 1704 2156 Incipit:
1732 2117 1857 2146 Σάϐϐατον
1873 2115 1910 2151 μέν

224 2161 280 2188 ἔστι
303 2164 426 2199 σήμερον.
450 2160 549 2189 Graece
572 2163 600 2190 et
623 2161 724 2190 Latine
743 2161 874 2198 vulgavit
898 2162 991 2190 Gomb

1140 2163 1210 2191 »m.I
1236 2163 1361 2191 auctarii
1381 2164 1462 2198 novi,
1475 2171 1545 2200 pag.
1561 2165 1638 2198 1469,
1657 2165 1735 2192 1524.
1753 2161 1838 2192 Paris.
1855 2159 1907 2188 1618

223 2205 275 2234 fol.
293 2206 393 2234 Latine
407 2213 442 2234 ex
457 2205 628 2234 Combeﬁsii
641 2206 778 2235 versione
791 2206 821 2234 in
836 2209 907 2235 tom.
926 2208 968 2235 XX
984 2207 1056 2235 Bibl.
1073 2209 1193 2236 Patrum
1204 2207 1265 2236 edit
1281 2207 1375 2243 Lugd.
1392 2210 1420 2236 et
1432 2208 1463 2236 in
1477 2208 1660 2236 Bibliotheca
1675 2209 1795 2236 Patrum
1809 2203 1908 2234 concio-

223 2251 341 2280 natoria
363 2250 592 2280 Combeﬁsiana.
617 2252 699 2280 FABR.
715 2251 748 2279 In
761 2251 827 2279 cod.
853 2255 943 2280 antea
959 2252 1048 2280 citato
1066 2254 1241 2288 Augustano
1260 2251 1373 2280 Vindel.
1389 2266 1423 2272 ——
1436 2252 1531 2280 Oxon.
1546 2252 1577 2280 in
1593 2251 1659 2280 cod.
1681 2252 1799 2280 Barocc.
1814 2247 1906 2278 CCXLI.

223 2295 452 2325 —Vindobonaa
465 2295 495 2324 in
508 2295 575 2324 cod.
592 2297 699 2324 Caesar.
717 2296 805 2330 LXIV,
821 2303 851 2324 n.
866 2297 909 2325 20.
927 2297 958 2324 V.
971 2297 1109 2325 Lambec.
1126 2297 1173 2332 ΙΙΙ,
1185 2305 1214 2334 p.
1229 2297 1291 2331 299,
1306 2296 1416 2325 Kollar.
1431 2312 1465 2317 —-
1480 2296 1570 2333 Paris,
1587 2296 1619 2325 in
1633 2295 1710 2325 bibl.
1731 2295 1812 2334 publ.
1828 2290 1905 2322 codd.

226 2340 384 2376 DCCCLIV,
398 2348 429 2369 n.
448 2342 490 2374 14,
507 2342 535 2369 et
547 2340 730 2374 MCLXXXVI,
742 2348 774 2369 n.
790 2343 834 2370 22.
849 2342 936 2370 HAnL.

260 2385 303 2422 [ln
321 2385 538 2415 dedicationem
560 2385 664 2421 templi
686 2386 717 2414 Β.
734 2386 852 2419 Μανία»,
876 2388 930 2414 etc.
956 2386 1046 2419 Paris,
1067 2386 1098 2415 in
1122 2386 1194 2415 bibl.
1212 2386 1294 2423 pubi.
1307 2386 1398 2416 codd.
1416 2385 1580 2420 MCLXXVI,
1595 2393 1626 2414 n.
1641 2387 1676 2415 42
1688 2394 1697 2422 ;
1709 2382 1868 2415 MCLXXVII,
1882 2386 1904 2408 l1-

224 2431 268 2467 34,
280 2432 310 2459 et
323 2430 467 2466 MCXCIV,
481 2431 522 2458 ti.
535 2429 612 2458 Add.
631 2438 734 2467 supra,
751 2430 810 2459 vol.
822 2432 853 2464 Χ,
866 2438 936 2467 pag.
952 2433 1003 2459 285
1019 2431 1075 2460 bis.
1093 2432 1193 2468 Hann]

260 2475 292 2504 1n
302 2475 534 2504 decollationem
550 2474 648 2504 Sancti
662 2475 786 2504 Joannis
804 2475 941 2511 Baptistae
956 2475 1112 2504 homiliam
1128 2476 1266 2505 Germani
1287 2484 1306 2505 a
1320 2475 1502 2505 Combetisio
1518 2475 1631 2504 editam
1646 2475 1735 2504 tradit
1745 2468 1905 2512 praestantis-

224 2520 319 2550 simus
332 2522 457 2556 Caveus,
473 2519 579 2557 lapsus
593 2520 760 2548 memoria:
780 2520 906 2548 Andreae
926 2520 1006 2548 enim
1026 2521 1186 2554 Cretensis,
1203 2529 1265 2549 non
1285 2521 1426 2549 Germani
1445 2528 1618 2550 sermonem
1638 2528 1673 2549 eo
1693 2520 1731 2549 de
1750 2515 1905 2555 argumento

224 2565 423 2595 Combeﬁsius
433 2564 605 2602 publicavit.
622 2564 747 2593 Andreae
762 2564 851 2594 etiam
862 2567 916 2600 est,
931 2572 992 2593 non
1007 2565 1146 2595 Germani
1161 2565 1326 2594 ldiomelon
1339 2565 1369 2594 in
1386 2565 1632 2594 Annuntiationis
1647 2565 1756 2594 festum
1766 2563 1803 2592 ab
1816 2559 1904 2590 eodem

224 2611 322 2641 Caveo
333 2612 545 2640 memoratum.

259 2656 304 2684 Ill.
313 2656 456 2692 Epistolas
466 2655 533 2685 dua
543 2662 598 2684 suo
609 2656 637 2684 et
647 2654 755 2692 synodi
765 2654 888 2683 nomine
896 2654 998 2683 missae
1007 2655 1046 2684 ad
1059 2655 1198 2692 Cyprios,
1211 2662 1372 2692 eorumque
1383 2654 1640 2691 archiepiscopum
1648 2655 1838 2691 Neophytum,
1848 2653 1903 2677 cum

259 2778 299 2815 (a)
318 2779 362 2808 Al.
378 2782 588 2818 Φριμινουρίους,
610 2780 736 2809 Fratres
750 2779 865 2808 ordinis
884 2779 992 2808 Minor:

225 2818 447 2854 Φρεμηνοραῖος.].

1131 2779 1197 2815 lige.
1215 2780 1258 2816 [ν.
1281 2780 1325 2808 lo.
1347 2777 1462 2807 Meursii
1485 2777 1614 2807 Glossar.
1642 2779 1688 2807 Gr.
1713 2776 1826 2807 barbar.
1847 2776 1898 2799 voc.
