1944 3084
213 178 264 207 603

764 177 921 207 GERMANI
940 177 964 206 II
984 175 1037 205 ΟΡ.
1057 175 1289 205 PATRIARCHE

1849 170 1905 203 ϐοαί

213 241 307 270 maris
329 240 405 269 uber
419 240 510 269 bonis
524 241 695 275 abundans,
711 243 740 269 et
752 241 782 269 in
795 241 862 269 loco
876 240 965 269 sterili
978 240 1025 268 ho-

1095 239 1171 269 θηλὴν
1201 239 1335 269 θαλάσσης
1364 238 1509 276 βρίθουσαν
1537 237 1654 275 ἀγαθοῖς,
1681 239 1725 265 καὶ
1752 235 1780 264 ἐν
1819 236 1904 274 ἀτρυ-

216 288 291 318 tum,
306 286 468 321 salsuginis
483 286 582 314 solum
605 286 725 315 dulcem
749 294 873 314 succum
892 285 1033 319 fundens,

213 330 304 358 aliam
313 330 481 365 beatorum,
493 330 622 358 insulam
635 333 742 359 terram
753 331 828 359 lacte
839 333 1013 359 manantem
1026 337 1033 364 ;

189 383 191 385 ί
212 383 281 412 quae
296 382 356 402 non
369 374 461 403 modo
469 383 505 403 ex
516 375 615 411 seipsa
631 375 815 404 feracitatem
831 383 953 404 omnem
968 382 1034 411 pro-

213 419 330 452 fundat,
347 419 400 448 sed
410 419 499 448 etiam
515 420 639 448 externis
654 420 803 457 repleatur
825 419 924 454 bonis,
946 420 1035 456 quot-

207 467 288 504 ‘quot
298 464 438 492 nimirum
449 472 503 501 per
511 465 660 501 liquidum
673 465 704 493 in
713 473 780 494 eam
791 465 968 493 inferuntur.

250 511 278 537 2.
294 510 360 537 Haec
383 516 474 545 porro
498 509 565 546 ipsa
590 510 714 546 Cyprus,
739 512 829 538 antea
850 509 919 537 felix
944 511 1034 545 atque

216 553 384 589 splendida,
396 561 457 582 non
466 554 542 582 adeo
553 561 589 582 ex
597 556 711 583 natura
730 554 818 582 donis
827 553 1032 589 insigniserat,

214 598 474 634 quemadmobum
485 599 550 634 jam
561 607 659 627 sermo
674 598 907 635 repraesentavit,
937 605 1035 634 neque

214 650 282 671 eam
297 643 464 680 quidquam
480 651 495 671 e
509 643 620 672 caeteris
632 643 717 672 aliud
729 646 846 672 tantum
863 643 1035 676 decorabat.

212 690 359 723 quantum
382 687 445 723 ipse
475 688 591 724 pietatis
618 688 741 722 fructus,
767 690 856 724 atque
885 686 1036 722 Evangelii

213 739 309 767 seges,
323 732 363 760 ad
375 732 549 768 centuplum
559 733 646 761 bonis
669 733 759 769 spicis
785 732 854 765 feta,
887 734 1036 768 quantum

212 777 292 812 lerge
308 777 433 806 ﬂuentes
456 778 598 807 doctrina:
618 778 732 811 latices,
756 778 1036 814 Scripturarumque

212 821 353 849 ﬂoridum
363 824 493 857 pratum,
507 824 536 851 et
554 823 690 851 Ecclesiae
714 822 855 851 ﬁiliorum
878 821 1037 850 multitudo

213 866 305 894 instar
317 867 548 901 omnigenarum
556 867 718 895 herbarum
731 867 805 902 agri;
818 866 896 894 velut
905 865 1035 894 insulam

1088 286 1161 320 γὴτῳ
1194 282 1365 321 παράδεισον,
1387 285 1432 310 καὶ
1467 287 1514 314 τῆς
1540 283 1625 320 ἅλμης
1645 281 1724 310 πέδον
1749 283 1904 319 γλυκύχυ-

1088 339 1146 365 μον,
1180 331 1224 355 καὶ
1250 332 1329 358 νῆσον
1356 328 1434 358 ἀλλην
1469 330 1603 366 μακάρων,
1629 331 1672 355 καὶ
1702 327 1903 364 μιλιτόϐρυτον

1088 377 1146 409 γῆν
1176 373 1205 399 οὔ
1229 375 1305 410 μόνον
1342 372 1368 405 ἐξ
1393 373 1484 404 ἑαυτῆς
1517 375 1547 399 τὸ
1570 374 1704 410 πάμφορον
1739 372 1901 409 βλύσασαν,

1089 417 1152 444 ἀλλά
1193 420 1238 444 καὶ
1278 421 1332 449 τοῖς
1377 417 1466 449 ἔξωθεν
1511 417 1742 455 περιαντλουμένην
1793 418 1902 448 καλοῖς,

1089 462 1174 489 ὁπόσα
1187 464 1269 499 ταύτῃ
1285 463 1357 498 παρὰ
1369 466 1417 494 τῆς
1429 463 1511 500 ὑγρᾶς
1522 462 1743 489 ἐπεισϐάλλουσιν.

1125 505 1245 543 β’.Ἦδε
1276 507 1291 536 ἠ
1328 509 1429 544 Κύπρος
1461 507 1538 542 αὕτη,
1572 508 1586 536 ἡ
1618 509 1677 544 πρὶν
1697 505 1840 543 εὐδαίμων
1877 515 1904 531 τε

1089 554 1134 578 καὶ
1158 551 1275 589 λαμπρὰ,
1309 552 1339 578 οὒ
1366 554 1442 578 τόσον
1475 551 1503 578 ἐκ
1531 556 1581 578 τῶν
1624 555 1739 588 φυσικῶν
1772 553 1901 589 χαρίτων

1090 595 1218 632 ἐπίσημος
1244 595 1274 626 ἦν
1297 598 1329 627 ὡς
1357 597 1370 622 ό
1393 596 1468 633 λόγος
1491 595 1730 633 προδιεμόρφωσιν,
1748 594 1814 623 οὐδ’
1833 596 1901 622 οὕτω

1090 642 1187 670 ταύτην
1216 641 1277 667 ἄλλο
1306 651 1332 667 τι
1360 646 1408 668 τῶν
1436 641 1547 668 ἁπάντον
1577 641 1719 678 ἐσέμνυνεν,
1753 643 1791 672 ὡς
1825 642 1839 666 ό
1855 645 1902 672 τῆς

1091 685 1220 717 εὐσεϐείας
1251 685 1346 722 μᾶλλον
1378 687 1487 723 καρπὸς,
1519 689 1564 712 καὶ
1596 686 1609 712 ὀ
1642 689 1688 712 τοῦ
1730 685 1901 722 Εὑαγγελίοῦ

1092 732 1198 767 σπόρος,
1228 730 1402 757 ἐκατοστεύων
1428 731 1462 761 εἰς
1496 732 1641 767 εῢσταχυν,
1670 732 1703 757 τὰ
1718 740 1745 757 τε
1777 735 1830 762 τῆς
1862 728 1901 756 3t.-

1091 773 1235 805 δασκαλίοις
1261 775 1356 811 εὖρυτα
1380 776 1484 812 νάματα
1512 778 1556 802 καὶ
1583 776 1598 804 ἠ
1631 775 1780 806 πολυανθὴς
1802 774 1901 811 λειμω-

1090 822 1133 846 νία
1155 823 1204 845 τῶν
1233 823 1350 856 Γραφῶν,
1378 830 1423 847 και
1451 821 1466 849 ἠ
1500 824 1550 846 τῶν
1578 822 1671 846 τέκνων
1702 824 1747 850 τῆς
1785 819 1898 848 Ἐκκλη-

1093 866 1152 895 σίας
1180 864 1287 900 πληθὺς,
1314 866 1346 895 ὡς
1369 868 1415 891 τοῦ
1442 863 1524 902 ἀγροῦ
1548 866 1578 891 τὸ
1608 864 1787 901 παμϐότανον·
1811 866 1898 901 ὥσπερ

215 911 401 945 innovatam,
418 914 450 940 ut
461 920 529 940 cum
544 912 695 948 Scriptura
706 912 814 949 loquar
824 913 843 944 ¹,
861 914 890 939 et
904 910 1025 946 quotidit

1095 913 1171 938 νῆσον
1194 908 1414 946 ἐγκαινιζομένην,
1440 911 1469 936 τὸ
1499 914 1545 940 τῆς
1573 913 1687 946 Γραφῆς,
1721 913 1769 935 καὶ
1796 910 1900 945 ὁσημέ-

193 954 198 957 ’
214 955 244 982 in
256 955 361 983 melius
371 958 547 984 renovatam
558 964 592 984 ac
602 956 818 992 proﬁcientem.
830 955 912 984 Unde
923 955 1036 983 factum

213 1001 266 1031 est,
282 1002 314 1028 ut
324 999 354 1027 in
368 1007 460 1028 unam
470 1001 673 1028 maximarum
681 1000 905 1036 provinciarum
916 1007 1036 1036 promo-

212 1046 340 1078 veretur,
351 1047 380 1072 et
393 1045 433 1073 ad
447 1042 722 1082 archiepiscopatus
743 1045 917 1073 eveheretur
939 1043 1036 1080 digni-

212 1090 315 1124 tatem,
329 1097 393 1117 sors
405 1090 516 1118 eximia
528 1090 633 1118 Christi
656 1089 770 1123 effecta,
801 1092 891 1126 atque
913 1096 967 1125 per
993 1096 1037 1117 se-

212 1133 490 1169 metipsamdirecta
499 1135 717 1171 propriumque
724 1134 780 1162 sub
791 1133 964 1171 pastoribus
974 1133 1037 1161 suis

214 1177 358 1206 ordinans
374 1186 506 1214 gregem.
880 1210 888 1216 ,

251 1224 278 1251 3.
292 1222 403 1251 Verum
412 1231 473 1251 non
485 1225 548 1252 erat
558 1223 673 1252 scelesti
688 1223 816 1256 Satanae,
832 1223 911 1252 hanc
922 1223 1039 1259 absque

215 1266 328 1296 invidia
337 1267 455 1302 intueri,
469 1267 522 1304 qui
531 1270 642 1296 terram
651 1268 783 1296 minatur
801 1269 891 1304 atque
914 1275 997 1295 mare
1007 1275 1038 1295 se

216 1311 393 1340 deletorum.
406 1312 521 1341 Scilicet
535 1315 637 1340 armat
659 1320 770 1340 manus
796 1311 980 1344 barbaricas,
1010 1313 1039 1339 et

215 1359 336 1392 gentem
348 1356 502 1385 inimicam
514 1357 621 1386 excitat
631 1357 775 1385 adversus
789 1357 962 1390 Ecclesiam,
977 1357 1038 1384 imo

214 1401 382 1430 beneﬁcam
393 1411 401 1437 ,-
422 1404 552 1437 geutem,
579 1410 647 1439 quae
668 1402 730 1430 haec
755 1401 879 1438 quidem
897 1401 1038 1429 dentibus

214 1445 354 1478 comedit,
369 1445 418 1474 illa
428 1454 497 1474 vero
511 1446 663 1482 unguibus
679 1446 831 1478 dilacerat,
854 1446 914 1475 alia
936 1448 1036 1474 autem

214 1490 342 1527 pedibus
356 1490 521 1526 conculcat,
532 1498 714 1527 prorsusqus
731 1491 834 1519 omnia
846 1490 886 1519 ad
895 1490 1039 1526 disperdi-

215 1536 326 1564 tionem
337 1538 444 1569 vastat,
455 1536 542 1571 juxta
557 1536 684 1564 Danielis
704 1536 852 1565 visionem
876 1537 898 1564 '.
922 1535 1037 1564 Consti-

1092 963 1138 990 ραι
1164 955 1229 990 πρὸς
1252 956 1282 980 τὸ
1310 958 1425 991 κρεῖττον
1449 955 1634 990 άνανεουμένην
1658 964 1686 981 τε
1709 957 1756 981 καὶ
1785 953 1898 991 προϐαῖ-

1092 1007 1197 1026 νουσαν.
1227 998 1356 1025 Ἐντεῦθεν
1385 999 1419 1029 εἰς
1441 1001 1502 1035 μίαν
1526 1000 1652 1036 προήχθη
1685 1003 1733 1025 τῶν
1764 1001 1898 1035 μεγίστων

1092 1042 1235 1079 ἔπαρχιῶν,
1259 1045 1303 1070 καὶ
1330 1045 1394 1081 πρὸς
1419 1043 1632 1080 ἀρχιεπισκοπῆς
1647 1043 1760 1080 -ἐπηρθη
1781 1043 1896 1079 ἀξίωμα·

1091 1087 1175 1123 λάχος
1200 1089 1316 1125 ἔκκριτον
1341 1089 1521 1117 καθεστηκυῖα
1542 1092 1669 1126 Χριστοῦ,
1695 1091 1741 1115 καὶ
1763 1088 1825 1115 καθ’
1843 1088 1899 1114 ἐαυ-

1091 1134 1139 1161 τὴν
1169 1130 1340 1169 διεξαγομένη
1371 1133 1421 1168 (2),
1460 1133 1506 1160 καὶ
1533 1135 1562 1159 τὸ
1591 1133 1684 1160 οἰκεῖον
1711 1134 1764 1159 ὑπὸ
1790 1134 1896 1169 ποιμέσι

1093 1175 1110 1203 δ
1114 1178 1274 1204 ιατάττουσα
1286 1180 1415 1214 ποίμνιον.

1126 1221 1158 1257 γ’.
1183 1221 1252 1249 Ἀλλ’
1281 1223 1375 1249 οὔκουν
1399 1222 1458 1258 [An
1491 1222 1538 1249 οὐκ
1555 1221 1597 1258 ἦν]
1626 1222 1678 1260 ἄρα
1702 1226 1748 1249 τοῦ
1781 1221 1895 1258 τελχῖνος

1092 1267 1173 1292 Σατὰν
1196 1269 1231 1303 μὴ
1250 1269 1295 1293 καὶ
1312 1276 1394 1303 ταυτῃ
1417 1267 1551 1303 βάσκανον
1577 1268 1636 1303 [Αη
1654 1275 1713 1302 pro
1739 1266 1896 1303 βασκανως]

1091 1309 1193 1345 ἐνιδεῖν,
1221 1315 1267 1338 τοῦ
1295 1316 1344 1348 γῆν
1372 1311 1534 1343 ἀπειλοῦντος
1559 1312 1600 1349 (3)
1622 1311 1760 1348 ἐξαλείφειν
1782 1315 1829 1338 καὶ
1849 1312 1894 1337 θά-

1091 1355 1202 1383 λασσαν.
1237 1355 1338 1392 ’Δμέλει
1365 1358 1410 1382 καὶ
1442 1361 1537 1394 χεῖρας
1580 1356 1681 1387 ὁπλίζει
1713 1356 1893 1394 βαρϐαρικὰς,

1091 1403 1135 1427 καὶ
1166 1400 1285 1437 πολέμιον
1314 1401 1384 1433 ἔθνος
1408 1401 1529 1439 ἐπήγειρε
1556 1403 1624 1428 κατὰ
1651 1406 1699 1433 τῆς
1726 1401 1893 1433 Ἐκκλησίας,

1091 1448 1136 1471 καὶ
1161 1445 1256 1481 μᾶλλον
1286 1444 1481 1483 ὑποδρηστεῡον
1509 1446 1585 1483 αὐτῇ·
1615 1447 1696 1481 ἔθνος,
1719 1447 1754 1472 τὰ
1777 1448 1824 1482 μὲν
1845 1448 1896 1476 τοῖς

1091 1487 1199 1516 ὀδοῦσιν
1224 1490 1321 1524 ἐσθίον,
1345 1492 1378 1517 τὰ
1402 1489 1430 1517 δε
1456 1492 1605 1528 σπαράσσει
1631 1495 1685 1522 τοῖς
1707 1490 1806 1526 ὄνυξιν,
1836 1490 1896 1516 ἀλλὰ

1094 1533 1124 1561 δέ
1142 1545 1205 1561 ποσι
1232 1539 1396 1571 συμπατοῦν,
1419 1538 1463 1562 καὶ
1488 1535 1575 1566 ἁπλῶς
1601 1537 1634 1562 τὰ
1647 1537 1732 1562 πάντα
1760 1537 1826 1574 πρὸς
1839 1534 1897 1571 ἀφα-

213 1580 276 1616 pati
299 1581 379 1608 enim
402 1581 506 1614 Latini,
532 1581 621 1609 etiam
653 1581 778 1617 Cyprios
809 1581 907 1609 adorti
943 1582 1013 1608 sunt

1095 1580 1183 1615 νισμὸν
1208 1579 1342 1616 ἀχρειοῠν,
1375 1581 1444 1607 κατὰ
1468 1581 1512 1606 τόν
1532 1579 1627 1610 Δανιὴλ
1643 1581 1835 1617 θεαματισμόν.
1866 1578 1895 1605 Οἱ

213 1625 290 1653 alius
304 1624 429 1661 quidam
445 1628 555 1661 pontus
568 1626 735 1653 immensus
750 1627 778 1654 et
789 1625 881 1653 obvia
906 1632 1036 1661 qumque

212 1669 376 1702 inundans,
398 1670 562 1706 conspicuo
588 1670 639 1698 illo
666 1669 856 1706 insulamque
886 1669 1036 1697 ambiente

211 1714 424 1750 impetuosior;
439 1714 688 1750 quandoquidem
701 1714 883 1749 conspicuus
897 1721 957 1742 non
969 1721 1037 1741 eam

209 1758 352 1792 obtegere
367 1758 529 1791 contendit,
546 1758 598 1786 sed
614 1758 744 1795 propriis
760 1758 894 1786 terminis
910 1758 1036 1786 circum-

213 1802 360 1836 scribitur,
389 1802 418 1830 in
444 1803 606 1838 semetipso
632 1803 742 1831 ﬂuctus
777 1802 978 1838 confringens,
1009 1805 1038 1832 et

214 1846 359 1875 Creatoris
369 1847 564 1883 providentius
575 1847 665 1876 frenis
678 1846 889 1876 obsecundans
906 1848 927 1876 ³.

248 1937 275 1964 4.
289 1936 325 1964 At
336 1936 476 1964 Italorum
489 1936 618 1964 audacia
630 1936 766 1973 proprias
778 1936 903 1965 transilit
931 1937 1035 1965 statio-

212 1987 277 2012 nes,
291 1982 319 2008 et
330 1980 439 2008 ﬂuctus
453 1980 504 2008 ira:
527 1980 625 2014 volvit,
651 1983 735 2008 extra
761 1980 904 2010 terminos
933 1981 1034 2015 currit,

213 2027 303 2061 atque
315 2025 346 2052 in
361 2027 476 2053 exteros
487 2025 582 2053 irruit.
598 2025 751 2060 Ejusmodi
762 2028 847 2054 atrox
875 2028 1035 2062 tempestas

162 2066 165 2067 ⁷
213 2069 340 2098 excitata
355 2069 438 2098 estin
454 2068 724 2106 praeclaraCypro;
753 2078 824 2098 cuin
850 2078 912 2106 qua
937 2070 1036 2098 foedus

214 2117 313 2142 servat
328 2122 420 2147 mare.
432 2117 461 2143 et
475 2115 604 2142 cicurem
620 2123 650 2142 se
670 2114 767 2142 reddit
788 2115 878 2143 unda.
913 2115 946 2143 ld
964 2122 1036 2142 sane

212 2159 369 2193 diluvium,
393 2159 432 2188 ad
451 2159 574 2195 aliquod
601 2167 696 2196 usque
727 2162 845 2196 tempus
864 2159 1037 2188 venustiora

212 2211 341 2240 quaeque
354 2205 495 2240 corrupit,
510 2207 538 2232 et
551 2205 582 2232 in
599 2207 706 2233 terram
719 2205 877 2240 prostravit
894 2212 1036 2241 quaecun-

212 2256 272 2284 que
286 2249 468 2277 eminebant.
492 2251 557 2277 Mox
574 2257 644 2277 vero
669 2252 696 2277 et
724 2249 883 2277 hominum
909 2257 1037 2286 corpora

213 2293 317 2328 attigit.
334 2294 544 2322 Verumtamen
560 2293 720 2322 tolerabilis
736 2296 799 2322 erat
811 2293 977 2326 calamitas,
1004 2293 1036 2321 li-

212 2340 257 2366 cet
268 2341 346 2366 esset
354 2338 520 2371 admodum
529 2339 629 2374 gravis
641 2348 647 2373 ;
658 2338 805 2375 quoniam
812 2338 851 2366 ad
859 2346 1036 2374 corpoream

212 2383 368 2419 spectabat
380 2391 502 2418 noxam,
518 2387 546 2412 et
556 2391 716 2420 corporum
727 2383 902 2420 perniciem,
916 2391 984 2420 quae
997 2384 1037 2413 ad

250 2474 257 2491 ί
275 2475 330 2502 lsa.
347 2481 412 2507 xrv,
430 2475 473 2506 t6,

248 2563 287 2599 (2)
301 2561 371 2599 Καθ’
383 2561 476 2599 ἑαυτὴν
492 2559 671 2599 όξιεξαγομένη.
689 2563 755 2599 ῌοεν
778 2564 821 2590 est
849 2562 1034 2599 αὐτοκέφαλος.

212 2597 282 2631 01ιὰ
291 2598 328 2626 de
341 2605 371 2625 re
387 2597 456 2625 vide
468 2597 609 2625 Allatium
628 2598 671 2626 De
683 2598 823 2626 Ecclesiae
842 2597 1040 2626 Oecidentalz‘s

212 2633 591 2673 ςζλονξίεηίαιίδ-ρενρὺέιια
617 2635 817 2673 consensione,
841 2633 893 2661 lib.
919 2641 939 2667 ι,
966 2641 1036 2673 cap.

211 2671 257 2732 ἐξ,
269 2669 525 2733 ῗὶἦδᾱηοῐᾶιίοηθε
537 2669 750 2704 Beveregianas
763 2669 795 2696 in
807 2676 939 2697 canones
954 2676 983 2704 p.
996 2669 1040 2701 58,

214 2707 258 2738 59,
276 2707 334 2733 147.

248 2742 286 2775 (3)
306 2743 357 2766 Τοῦ
374 2745 423 2775 γῆν
439 2742 615 2776 ἁπειγοῠντος.
643 2740 751 2768 Habuit
778 2739 807 2767 in
839 2739 941 2767 animo
969 2739 1042 2767 illud

213 2777 268 2803 lsa.
291 2784 320 2808 ι,
357 2776 417 2803 14;
445 2779 494 2803 Καί
519 2779 598 2802 σείσω
625 2776 710 2812 πόλιις
747 2777 958 2812 κατοικουμένας,
999 2778 1045 2801 καί

213 2813 259 2840 τὴν
293 2814 444 2847 οἰκουμένην
473 2812 533 2848 ὅλην
563 2811 745 2847 καταλήψομοι
778 2815 808 2847 τῇ
820 2811 908 2848 χειρὶ
930 2814 962 2841 ὡς
986 2820 1046 2837 νοσ-

215 2856 285 2882 σιαν,
301 2850 346 2874 καὶ
361 2850 395 2878 ὡς
416 2847 635 2884 καταλελιιμμὶνα
660 2849 699 2874 ea
725 2848 781 2874 ὰσῶ
812 2847 850 2875 Ει
877 2848 1046 2877 concutiam

1091 1625 1141 1660 γὰρ
1165 1627 1274 1661 φρακτοὶ
1301 1627 1407 1651 Λατῖνοι
1434 1627 1477 1651 καὶ
1504 1626 1560 1656 τοῖς
1590 1627 1717 1662 Κυπρίοις
1746 1625 1893 1663 ἐπέϐρισαν,

1091 1670 1182 1698 πόντος
1208 1668 1283 1700 ἀλλος
1301 1679 1341 1700 τις
1356 1669 1459 1706 ἀχανής
1484 1672 1529 1696 καὶ
1548 1670 1717 1701 κατακλυζων
1733 1672 1764 1696 τὸ
1782 1678 1894 1707 προστυ-

1091 1715 1152 1748 χὸν,
1192 1718 1238 1739 τοῦ
1276 1718 1424 1752 προφανοῦς
1454 1717 1499 1741 καὶ
1532 1717 1577 1744 τὴν
1615 1719 1694 1744 νῆσον
1720 1716 1894 1751 ὑπανέχοντος

1092 1756 1250 1795 βιαιότερος,
1280 1758 1339 1795 παρ’
1365 1760 1426 1786 ὃσον
1455 1761 1498 1796 μὲν
1528 1761 1557 1786 ού
1573 1759 1689 1795 καλύψαι
1714 1761 1814 1788 ταύτην
1830 1758 1894 1794 φιλο-

1089 1806 1175 1834 νεικεῖ,
1204 1802 1267 1829 ἀλλὰ
1282 1805 1333 1834 τοῖς
1367 1804 1472 1836 οἰκείοις
1496 1804 1567 1842 ὅροις
1591 1806 1844 1841 συμπεριγράφεται,
1871 1803 1892 1828 'n

1088 1848 1171 1882 ἐαυτῷ
1194 1849 1344 1886 συνθραύων
1368 1850 1401 1876 τοί
1426 1851 1541 1886 κύματα,
1571 1852 1616 1876 καὶ
1638 1851 1761 1886 προνοὶας
1779 1848 1894 1886 χαλινοῖς

1089 1891 1211 1918 ὶὺπείκων
1224 1896 1398 1931 Δημιουργοῦ.

1126 1935 1160 1962 δ’·
1190 1939 1226 1964 Τὸ
1252 1936 1281 1964 δὲ
1306 1937 1399 1975 θράσος
1425 1943 1473 1964 τῶν
1488 1938 1590 1965 Ἰταλῶν
1605 1940 1662 1969 τοὺς
1685 1940 1794 1969 οἰκείους
1819 1938 1893 1973 ὓπερ-

1090 1982 1171 2008 ϐαἰνει
1193 1983 1335 2020 σταθμούς,
1363 1986 1407 2010 καὶ
1434 1985 1539 2020 κύματα
1566 1982 1682 2010 κυλίνδει
1715 1985 1811 2020 θυμοῦ,
1852 1983 1893 2007 καὶ

1090 2025 1215 2064 ὑπερόρια
1247 2030 1346 2065 τρέχει,
1374 2031 1418 2054 καὶ
1443 2032 1493 2054 τῶν
1516 2029 1619 2055 ὀθνείων
1651 2027 1819 2065 κατεμπηδᾷ.
1845 2030 1891 2054 Τη-

1091 2071 1160 2102 λίκος
1184 2072 1312 2110 ὶπερράγη
1341 2077 1372 2109 τῇ
1401 2073 1465 2110 κοιλῇ
1498 2075 1600 2110 Κύπρώι
1620 2072 1722 2100 κλύδων
1752 2073 1894 2101 ἀλλόκοτος.

1092 2119 1158 2153 πρός
1178 2116 1207 2146 ἣν
1237 2117 1251 2145 ἡ
1289 2117 1409 2143 θάλασσα
1435 2115 1585 2151 σπένδεται,
1623 2120 1667 2144 καὶ
1697 2118 1839 2155 ἡμεροῦται
1870 2116 1894 2140 τό

1091 2159 1191 2197 ρὸθιον.
1225 2161 1255 2187 Ὀ
1281 2159 1310 2188 6“:
1335 2166 1451 2192 τοιοῦτος
1475 2165 1659 2201 κατακλυσμὸς
1688 2165 1771 2199 μέχρι
1794 2163 1837 2198 μὲν
1860 2168 1894 2185 τι·

1092 2215 1132 2235 νος
1158 2206 1191 2231 τά
1210 2206 1294 2242 ὡραῖα
1322 2204 1462 2243 διέφθειρε,
1491 2216 1536 2233 και
1564 2210 1614 2233 πᾶν
1642 2205 1783 2243 ἀνάστημα
1811 2202 1894 2240 κατιῖό-

1093 2249 1154 2287 ῥιψε
1173 2255 1234 2286 γῆς.
1259 2249 1334 2280 Ἤδη
1370 2249 1399 2277 6“:
1430 2253 1474 2277 καὶ
1513 2252 1639 2288 σωμάτων
1668 2252 1808 2288 ἀνθρωπων
1835 2257 1892 2284 παρ-

1093 2294 1187 2330 ἠψατο.
1219 2294 1284 2322 Ἀλλ’
1310 2293 1339 2325 ἦν
1364 2295 1432 2331 ὅμως
1456 2297 1565 2333 φορητὸν
1596 2298 1624 2322 τό
1641 2294 1734 2332 δεινόν,
1761 2303 1848 2330 καίπερ
1868 2292 1890 2317 ὃν

1094 2339 1308 2376 βαρυσύμφορον·
1332 2342 1386 2367 ἐπεί
1415 2343 1460 2366 καὶ
1482 2350 1544 2377 προς
1582 2343 1733 2376 σωματικὴν
1777 2338 1890 2366 ἀπέϐλεπε

1093 2383 1176 2420 λύμην
1223 2386 1267 2411 καὶ
1309 2385 1485 2421 σκηνωμάτων
1533 2385 1672 2420 ἀπώλειαν,
1716 2385 1889 2420 συντιθεμένων

511 2473 522 2490 ³
539 2471 602 2501 Dan
615 2480 662 2506 vn,
675 2473 758 2507 7,19.
774 2472 850 2501 “Job
863 2481 984 2508 xxxviii,
999 2475 1041 2501 11.
1085 2498 1087 2501 .

1093 2562 1228 2602 civitates
1249 2563 1408 2597 habitatas,
1421 2564 1567 2602 _eto_rbem
1586 2566 1789 2602 lerrwrtotuni
1798 2565 1891 2602 αρῃνςς

1095 2598 1230 2636 Ιιεῃιίαηι
1239 2607 1331 2636 manu
1338 2600 1426 2634 quasi
1432 2599 1549 2634 nidum,
1560 2603 1587 2629 et
1597 2601 1686 2636 quasi
1695 2607 1751 2628 ova
1761 2597 1891 2636 derelz'ctgl

1096 2634 1213 2662 tollam.
1225 2635 1308 2672 Unde
1319 2633 1488 2671 Gregorius.
1499 2633 1652 2672 Nyssenus
1664 2638 1742 2672 orat.
1752 2638 1767 2664 5
1772 2636 1804 2672 in
1811 2633 1891 2672 Cant}-

1097 2677 1165 2708 cum
1192 2670 1388 2704 canticorum.
1411 2678 1440 2707 p.
1457 2673 1507 2700 551
1523 2670 1569 2698 'D:
1587 2671 1619 2699 0’
1636 2671 1841 2708 καταλαμϐάνων
1852 2670 1888 2708 ff.”

1098 2707 1250 2742 οἰκουμένην
1265 2709 1296 2737 ὡς
1321 2705 1438 2734 νοσσιὰν,
1455 2710 1499 2734 καὶ
1514 2709 1549 2738 ὼς
1567 2705 1787 2743 καταλελειμμένα
1800 2705 1834 2730 ὠά
1845 2705 1890 2737 αἱρ-

1098 2753 1131 2767 ων
1143 2744 1219 2772 αὐτὰ,
1231 2749 1284 2770 seu
1299 2742 1397 2779 potius
1414 2743 1504 2776 αὐτὰν,
1520 2750 1589 2771 cum
1605 2742 1771 2779 interprete.
1784 2744 1886 2779 acerni-

1100 2779 1169 2813 Beg.
1189 2779 1266 2811 1797,
1283 2772 1370 2814 A'pud
1385 2772 1548 2807 Caesarium
1563 2782 1661 2816 quaest
1682 2772 1749 2811 'l‘lt,
1765 2772 1887 2815 περιλήψο·

1099 2823 1159 2849 μαι.
