1944 3084
54 149 102 176 605

682 142 850 172 EPISTOLA
868 142 941 170 I'AD
962 142 1117 172 CYPRlOS.

1686 151 1737 178 606

52 211 93 236 ἐπὶ
124 208 220 246 βραχὺ
253 209 298 234 καὶ
322 206 450 245 λυομένων
474 206 529 244 μετ’
557 205 585 233 οὐ
612 205 687 233 πολύ.
716 207 755 232 Τὰ
769 208 813 231 νῦν
829 203 851 231 δῖ

936 212 1002 234 reve
1013 205 1156 242 temporis
1171 208 1300 244 spatium
1318 210 1560 246 compinguntur,
1576 212 1604 240 et
1619 211 1738 240 solvun-

53 254 118 280 ἀλλὰ
150 256 195 279 καὶ
223 253 321 289 ψυχῶν
350 254 378 279 τό
410 255 520 290 πρᾶγμα
551 252 784 287 κατεκαυχήσατο,
813 251 858 276 καὶ

53 301 95 325 τόν
122 298 200 335 ὀρθὸν
227 298 305 334 λόγον
331 301 379 329 τῆς
405 296 535 327 εὐσεϐείας
565 293 728 322 διασαλεύειν
753 295 858 331 ἐπιχει-

53 348 100 381 ρεῖ.
126 347 188 374 Τοῖς
213 343 266 380 γὰρ
296 342 464 379 πολεμισταίς
493 343 626 374 Λατίνοις,
658 342 703 366 καὶ
731 341 858 378 ἱερατικὸν

54 389 80 415 ix
103 392 149 415 τοῦ
173 390 263 424 γένους
291 388 338 414 οὐκ
361 387 447 424 ὀλίγον
470 391 501 424 τῇ
524 389 593 422 νήσῳ
617 385 789 424 προσέπιϐὰν,
812 385 857 415 τὰς

53 433 194 464 ἐκκλησίας
223 433 342 469 συνίχεε,
365 435 409 459 καὶ
434 433 500 470 πρὸς
528 431 604 458 ἐαυτό
630 432 716 457 πάντα
740 430 774 456 τὰ
803 430 858 455 θεῖα

53 478 192 514 έφελκύσαι
208 478 376 506 νεανιιύεται.

88 523 116 550 ε’.
145 523 236 550 Ἐνθεν
266 523 279 548 6
308 524 352 559 μὲν
380 523 488 558 γνήσιος
520 522 565 547 καὶ
594 520 728 551 χανονικὸς
759 526 858 557 πρωτο-

52 570 159 604 ποίμην,
207 569 220 594 ὁ
269 570 468 605 μακαριώτατος
487 566 697 604 ἁρχιεπίσκοπος
725 566 856 602 Κυπρίων,

51 613 151 651 ὀκῦρις
176 614 320 650 Νέοφυτος,
349 616 395 639 τοῦ
417 613 512 638 οἰκιίου
549 612 639 649 θρόνου
669 607 855 636 ιίιποιῗιιέικιτοιι⁸

50 659 207 695 παρένθετος
224 656 257 685 δί
283 669 323 689 τις
351 659 396 684 καὶ
426 657 560 694 ἁλλόθροος
589 657 724 693 ἅνθρωπος
750 655 777 681 ἐκ
804 656 857 680 Λα-

50 708 149 734 τινικῆς
178 703 263 740 φυλῆς
285 707 321 739 τῷ
354 703 464 739 τοιούτῳ
498 703 578 740 θρόνῳ
605 700 778 737 ἐγκαθεσθεὶς,
809 698 856 724 οὐκ

50 749 78 774 ἆν
109 748 196 779 ἄλλως
222 747 327 777 ἀνήσειν
354 749 414 779 τοὺς
438 748 576 784 ἡμετέρους
610 745 751 782 ἱερατικοὺς
778 743 857 780 ἰσχυ-

49 793 152 830 ρίζεται
180 792 339 823 ἐπισκόπους
365 802 392 819 τε
420 794 463 818 καὶ
497 791 603 822 λοιποὺς
637 792 680 816 τὸν
713 789 856 826 Ῥωμαϊκὸν

50 841 200 874 παιμαίνειν
216 840 262 864 καὶ
277 835 415 864 διδάσκειν
443 837 514 870 λαὸν,
543 836 566 862 εἰ
593 837 628 873 μὴ
656 837 779 872 πρότερον
809 836 871 863 τήνι

912 252 962 278 tur
975 251 1066 287 paulo
1082 253 1230 288 post.Jam
1246 262 1315 282 vero
1332 258 1359 283 et
1374 263 1420 283 res
1440 256 1601 284 adversum
1621 257 1738 285 animas

913 302 979 323 sese
995 290 1124 332 superbe
1136 298 1249 333 extulit,
1264 301 1449 336 conaturque
1477 303 1592 329 rectum
1618 301 1738 337 pietatis

913 348 1084 369 sermonem
1100 345 1267 371 concutere.
1284 343 1358 372 Nam
1375 353 1436 373 una
1455 353 1524 373 cum
1543 345 1738 374 bellatoribus

914 384 1022 412 Latinis
1035 393 1096 414 non
1113 387 1198 423 pauci
1214 388 1350 424 ejusdem
1366 390 1482 424 generis
1511 389 1680 418 sacerdotes
1707 390 1738 418 in

912 429 1042 458 insulam
1057 431 1192 466 ingressi,
1209 432 1355 461 Ecclesias
1371 435 1598 467 conturbarunt,
1613 436 1640 462 et
1655 435 1693 462 ad
1706 442 1737 463 se

912 476 1020 502 cuncta
1034 475 1136 504 divina
1149 477 1318 512 pertrahere
1331 478 1498 514 petulanter
1510 479 1656 508 nituntur.

948 521 973 547 5.
994 519 1066 548 Hinc
1077 520 1228 556 legitimus
1253 525 1280 550 et
1308 523 1471 552 canonicus
1493 526 1649 560 pastorum
1677 523 1738 560 pri-

912 571 991 599 mus,
1005 564 1196 594 beatissimus
1212 567 1388 604 Cypriorum
1405 569 1657 605 archiepiscopus,
1684 569 1735 597 do—

912 609 1012 636 minus
1024 610 1210 646 Neophytus,
1227 619 1245 639 a
1260 620 1314 640 sua
1330 613 1399 640 sede
1412 613 1517 648 pulsus
1544 615 1597 647 est,
1620 613 1738 641 adsciti-

911 653 969 681 tius
980 656 1081 682 autem
1096 655 1221 691 quidam
1233 658 1262 684 et
1281 657 1445 693 peregrinae
1461 658 1570 694 linguas
1589 658 1691 693 homo,
1719 666 1735 686 e

912 699 1083 727 Latinorum
1099 707 1216 736 genere,
1227 701 1257 729 in
1267 702 1374 729 eodem
1387 703 1494 731 throno
1508 703 1649 735 insidens,
1673 710 1735 730 non

911 743 969 771 alia
983 744 1097 773 ratione
1113 753 1144 773 se
1158 746 1375 782 permissurum
1395 750 1558 782 asseverat,
1585 749 1617 776 ut
1640 747 1735 775 nostri

911 789 1019 817 sacrati
1032 789 1179 822 homines,
1196 793 1260 819 tum
1276 792 1417 828 episcopi,
1436 794 1498 820 tum
1513 792 1621 826 caeteri,
1637 799 1735 828 popu-

909 833 972 862 lum
988 836 1158 863 Romanum
1172 844 1225 864 seu
1237 837 1372 864 Graecum
1394 839 1520 873 pascant
1544 839 1572 865 et
1595 837 1731 873 doceant,

43 878 85 909 νπα
99 882 124 920 ρ’
160 882 250 913 αὐτοῖς
277 883 411 919 ὑποταγὴν
439 881 622 916 ὑπεισέλθωσι,
651 882 696 906 καὶ
725 880 851 910 συνθήκας

936 879 966 907 isi
981 879 1063 915 prius
1079 880 1296 916 subjectionem
1311 881 1393 909 illam
1408 889 1513 909 eorum
1536 881 1690 916 subierint,
1706 882 1734 909 et

50 928 235 964 καταθυμίους
259 931 296 963 τῷ
320 929 367 964 νέῳ
391 927 510 964 ἀρχιερεῖ
530 928 576 952 καὶ
602 926 668 962 νόθῳ
687 924 854 962 παρέξουσιν·

49 972 62 1001 ἦ
88 973 141 1008 μὴν
164 975 211 998 καὶ
232 973 341 1002 τούτους
365 971 600 1009 ἐξοστρακισθῆναι
622 980 666 1001 της
689 972 771 999 νήσου
794 979 855 995 παν-

49 1018 174 1044 τάπασιν·
203 1018 238 1049 ὡς
262 1022 312 1044 τῶν
333 1018 458 1055 ποιμένων
477 1018 522 1043 καὶ
545 1014 714 1042 διδασκάλων
740 1013 855 1041 διασπα-

50 1065 144 1099 ρέντων
178 1060 339 1088 κινδυνεύειν
376 1063 423 1091 τὴν
457 1061 551 1098 ἀγέλην
584 1064 702 1098 Χριστοῦ
729 1060 764 1091 εἰς
792 1069 856 1097 κρη-

48 1109 126 1143 μνοὺς
148 1106 352 1134 ἀποπλανᾶσθαι
366 1109 410 1133 καὶ
423 1104 556 1144 βάραθρα.

86 1153 122 1184 ς’.
156 1151 206 1178 Ἠν
237 1153 283 1188 μὲν
311 1153 361 1187 πρὸ
389 1151 483 1177 πολλοῦ
507 1150 665 1188 θρυλούμενα
690 1154 781 1184 ταῦτα,
810 1152 855 1177 καὶ

50 1197 84 1227 εἰς
119 1196 203 1227 ἀκοὰς
235 1201 282 1227 τῆς
311 1197 434 1233 ἡμετέρᾶς
462 1195 592 1234 ὶρχόμενα
619 1197 796 1233 μετριότητος·
822 1196 856 1221 τὰ

49 1244 93 1267 νὺν
123 1239 154 1268 δὲ
180 1244 226 1268 καὶ
255 1242 268 1267 ὁ
296 1241 491 1277 θεοφιλέστατος
518 1245 566 1271 τῆς
589 1241 655 1267 κατὰ
678 1242 722 1270 τὴν
750 1241 853 1278 Κύπρον

49 1286 196 1322 ἀγιὼτατος
225 1280 370 1316 ἐπισκοπῆς
395 1285 496 1316 Σολείας
530 1287 658 1317 Λεόντιος,
696 1284 740 1311 καὶ
764 1285 776 1310 ὁ
812 1285 852 1311 εὑ-

48 1330 131 1362 λαεής
156 1331 350 1367 καθηγούμενος
375 1334 424 1362 τῆς
453 1334 502 1356 τῶν
533 1329 673 1365 Ἀψινθίων
706 1333 785 1366 μονῆς
819 1330 852 1356 ἱε-

48 1378 200 1412 ρομοναχος
234 1377 364 1409 Λεόντιος,
400 1375 465 1412 πρὸς
492 1377 539 1403 τήν
570 1375 641 1410 ἡμῶν
679 1373 852 1410 ἀναπεμφθέν-

48 1430 88 1451 τες
110 1422 272 1458 μετριότητα
299 1421 371 1456 παρά
398 1429 425 1446 τε
451 1423 497 1446 τοῦ
525 1419 621 1446 οἰκείου
650 1420 851 1456 μακαριωτάτου

48 1465 263 1502 ἀρχιεπισκόπου
289 1475 333 1491 και
357 1468 406 1491 τῶν
425 1465 519 1491 λοιπῶν
542 1466 700 1497 ἐπισκόπων,
727 1463 790 1491 ἀλλὰ
815 1462 848 1494 δὴ

48 1521 90 1536 χαι
123 1512 221 1541 παντὸς
253 1514 298 1536 τοῦ
333 1511 469 1547 ἱερωμένου
512 1510 686 1548 πληρώματος
727 1510 772 1536 καὶ
804 1513 887 1554 τοῦς⁴

49 1554 190 1591 ὀχλώδους
214 1555 288 1588 λαοῦ,
312 1555 359 1586 τὰς
380 1556 502 1586 τοιαύτας
527 1553 671 1585 συνοδικῶς
698 1554 850 1591 ἀνήγγειλαν

50 1601 187 1637 συμφορὰς
221 1599 327 1626 ἐνώπιον
353 1604 401 1631 τῆς
429 1601 502 1636 ἡμῶν
528 1601 692 1637 μετριόητὸς²
722 1603 767 1626 καὶ
800 1610 850 1626 πα-

49 1646 190 1680 ραστάντες
217 1646 264 1674 τὴν
291 1641 405 1681 ¹σήμερον
432 1644 474 1671 ἐπὶ
501 1649 546 1671 τοῦ
566 1646 658 1681 μέσον,
679 1642 850 1682 διεπρεσϐεύ-

51 1699 127 1716 σαντο
155 1691 242 1716 ὁπόσα
270 1689 329 1727 παρ’
356 1689 458 1716 ἐκείνων
486 1690 626 1726 ἀνενεγκεῖν
655 1688 849 1727 ἐπετράπησαν.

49 1734 182 1771 Ἐφασκον
192 1735 244 1771 γὰρ
256 1735 288 1764 ὡς
301 1737 336 1769 τῷ
352 1735 554 1771 ὰρχιεπισκόπῳ
563 1736 634 1772 κυρῷ
646 1735 768 1770 Νεοφύτῳ
779 1735 851 1771 παρὰ

49 1783 98 1806 τῶν
123 1782 244 1806 Λατίνων
267 1781 296 1805 οὺ
327 1781 531 1816 συγκεχώρηται
543 1783 574 1808 τῆ
591 1782 663 1815 νήσῳ
679 1777 850 1816 ὶνδιατρίϐειν

57 1826 86 1851 τὸ
116 1824 236 1851 σύνολον·
258 1825 302 1850 ait:
322 1827 368 1850 τοῦ
389 1828 458 1860 σφῶν
473 1827 518 1851 καὶ
531 1824 615 1861 ἑτέρου
637 1823 849 1861 ἀρχιεπισκόπου

49 1866 172 1906 μηᾶολως
205 1869 281 1896 ἀλλον
318 1868 420 1896 ἀκούειν
453 1869 660 1906 ἀρχιεπίοκοπον
702 1871 848 1905 στέγοντος.

58 1915 149 1949 Δμέλει
164 1916 212 1941 καὶ
224 1913 306 1941 τελεον
317 1910 472 1950 ἐκείνουςίῂ
498 1913 603 1951 ἐκεῖνον]
629 1913 776 1944 ἀπήλασαν.
800 1917 850 1941 Καὶ

47 1963 89 1985 νῦν
101 1961 125 1986 ἓν
136 1963 193 1990 τοῖς
204 1960 296 1996 μέρεσι
311 1963 358 1990 τῆς
374 1959 497 1989 ἀνατολῆς
510 1957 598 1995 διάγει
609 1959 768 1995 πλανώμενος

83 2003 118 2035 ζ’.
135 2004 238 2034 Αὐτοὺς
256 2002 286 2030 δέ
309 2013 339 2040 γε
359 2006 419 2035 τοὺς
443 2004 610 2038 ἐπισκόπους,
639 2006 711 2040 φασὶ,
728 2006 773 2030 καὶ
788 2006 849 2035 τοὺς

47 2048 152 2080 λοιποὺς
178 2048 335 2086 ίερατικοὺς,
365 2049 400 2080 εἰς
427 2049 559 2084 ὑποταγὴν
587 2048 736 2079 ἐκϐιάζεται
763 2049 776 2074 ό
800 2053 848 2075 τῶν
866 2080 873 2088 λ

49 2096 166 2120 Λατίνων
202 2092 351 2130 ἀρχιερεὺς,
379 2095 424 2120 καὶ
447 2094 528 2124 οὕτως
559 2093 643 2120 ἐάσειν
673 2090 781 2124 τούτους
805 2103 850 2120 καο

910 924 1135 961 astipulationes
1147 933 1226 953 novo
1239 926 1392 962 nothoque
1402 926 1534 962 pontiﬁci
1545 929 1646 961 gratas
1659 934 1733 962 prae-

910 970 1197 1007 stiterint;alioquin
1221 979 1273 999 eos
1300 971 1424 1000 omnino
1439 979 1476 1000 ex
1501 971 1599 1000 insula
1613 971 1732 1007 ejicien—

909 1014 965 1042 dos
975 1022 1054 1049 esse,
1071 1015 1147 1043 adeo
1162 1017 1193 1043 ut
1206 1015 1378 1052 pastoribus
1391 1019 1418 1044 et
1430 1016 1603 1044 doetoribus
1616 1015 1731 1051 disper-

909 1060 959 1095 sis,
974 1060 1140 1096 periculum
1153 1060 1188 1088 sit
1203 1068 1240 1089 ne
1254 1061 1359 1089 Christi
1374 1069 1445 1096 grex
1458 1061 1489 1088 in
1514 1059 1678 1097 praecipitia
1703 1061 1732 1088 et

909 1105 1052 1134 barathra
1066 1106 1233 1142 divagetur.
1416 1113 1422 1118 ί

946 1153 961 1178 6
982 1152 1078 1187 Atque
1089 1151 1153 1179 haec
1164 1152 1288 1187 quidem
1303 1152 1368 1187 jam
1382 1159 1400 1179 a
1412 1151 1501 1186 longo
1528 1152 1661 1187 tempore
1688 1150 1732 1178 di-

910 1195 1032 1230 vulgata
1044 1195 1171 1229 fuerant,
1187 1198 1216 1224 et
1229 1195 1269 1224 ad
1281 1202 1369 1224 aures
1385 1195 1596 1224 mediocritatis
1621 1196 1731 1223 nostras

908 1242 1117 1275 pervenerant.
1133 1242 1215 1269 Nunc
1222 1249 1292 1269 vero
1303 1240 1542 1276 religiosissimus
1551 1239 1731 1268 sanctissimi

907 1285 1098 1321 episcopatus
1113 1285 1206 1314 Soles:
1220 1287 1250 1314 in
1266 1287 1372 1322 Cypro,
1390 1285 1536 1319 Leontius,
1552 1287 1580 1313 et
1593 1292 1728 1313 reveren-

907 1328 964 1358 dus
978 1330 1151 1358 monasterii
1174 1330 1400 1367 Apsinthiorum
1427 1330 1617 1366 praepositus,
1643 1336 1729 1358 sacer

907 1375 1074 1402 monachus
1091 1375 1240 1411 Leontius,
1255 1375 1294 1403 ad
1307 1377 1443 1403 nostram
1450 1375 1533 1403 missi
1543 1374 1730 1403 mediocrita-

905 1421 976 1453 tem,
993 1421 1056 1447 tum
1069 1427 1087 1448 a
1100 1427 1154 1448 suo
1172 1419 1331 1448 batissimo
1356 1419 1591 1456 archiepiscopo,
1621 1421 1685 1447 tum
1713 1427 1731 1448 a.

905 1463 1026 1500 reliquis
1052 1464 1209 1501 episcopis,
1239 1471 1356 1492 nencon
1372 1464 1411 1491 ab
1424 1463 1505 1492 omni
1531 1471 1616 1491 sacro
1640 1465 1729 1496 coetu,

905 1509 1031 1546 ipsaque
1048 1508 1145 1545 plebe,
1161 1509 1250 1537 hasce
1266 1508 1409 1545 synodice
1431 1507 1614 1536 calamitates
1627 1515 1730 1536 coram

905 1556 1008 1581 nostra
1023 1553 1225 1582 mediocritate
1239 1553 1402 1581 retulerunt
1419 1552 1588 1588 ;hodieque
1615 1552 1645 1580 in
1671 1560 1730 1580 me-

905 1598 990 1626 dium
1002 1598 1174 1634 prodentes,
1190 1606 1225 1626 ex
1238 1597 1385 1633 legatione
1399 1605 1467 1633 qum
1483 1597 1522 1624 ab
1536 1596 1592 1624 illis
1606 1596 1730 1624 deman-

905 1643 976 1672 data
990 1643 1046 1671 sibi
1061 1642 1178 1671 fuerant
1195 1642 1339 1680 prolocuti
1357 1644 1435 1670 sunt.
1454 1643 1565 1677 Nempe
1580 1641 1728 1676 dixerunt,

905 1697 1100 1726 nequaquam
1120 1689 1251 1718 aLatinis
1265 1695 1515 1717 concessumesse
1524 1687 1648 1716 domino
1655 1689 1676 1716 N
1680 1695 1727 1716 eo-

905 1735 1000 1772 phyto
1011 1734 1237 1772 archiepiscopo
1251 1736 1283 1762 ut
1297 1734 1346 1762 illo
1362 1733 1453 1762 modo
1466 1733 1496 1761 in
1511 1733 1609 1761 insula
1627 1740 1729 1761 mane-

904 1781 958 1813 ret,
970 1787 1039 1808 cum
1053 1779 1125 1808 alter
1138 1779 1187 1808 ille
1202 1787 1306 1808 eorum
1332 1778 1577 1815 archiepiscopus
1604 1777 1731 1806 nullate-

904 1833 961 1852 nus
976 1825 1068 1853 alium
1083 1824 1239 1853 sustineret
1249 1823 1353 1852 audire
1366 1823 1635 1859 archiepiscopum.
1646 1822 1730 1851 Unde

905 1870 1022 1907 penitus
1051 1877 1121 1898 eum
1147 1869 1335 1906 expulerunt,
1365 1870 1397 1896 Et
1424 1876 1506 1897 nunc
1529 1875 1583 1904 per
1604 1867 1729 1896 Orientis

903 1915 1011 1952 plagas
1031 1915 1158 1943 oberrat.

939 2053 966 2078 7.
987 2047 1172 2077 Addiderunt
1186 2047 1286 2083 legati,
1300 2047 1393 2084 quod‘
1407 2046 1563 2083 episcopos
1578 2047 1661 2083 ipsos
1674 2055 1728 2075 caa-

905 2098 1044 2131 terosque
1075 2093 1151 2121 sacri
1176 2092 1289 2121 ordinis
1317 2092 1356 2120 ad
1369 2091 1597 2127 subjectionem,
1615 2091 1729 2120 Latino«

49 2135 238 2174 θνπισχνεῖται
265 2139 309 2168 τὰς
336 2138 431 2169 οἰκείας
454 2139 524 2174 ἔχειν
548 2137 690 2169 ἐπισκοπὰς
718 2141 762 2165 καὶ
786 2139 850 2176 ἱερα-

936 2147 972 2167 im
983 2137 1114 2175 pontifex
1126 2137 1214 2173 cogit,
1229 2139 1318 2172 atque
1330 2144 1366 2165 ea
1380 2136 1550 2165 conditione
1573 2135 1729 2173 pollicetur

48 2187 125 2213 τικὼς
169 2182 289 2219 ἐνεργεῖν.
337 2185 386 2209 Καὶ
427 2182 633 2219 παρεγκλὴτευον
664 2185 692 2209 τὸ
730 2186 849 2212 ποιητέον

49 2229 138 2263 μαθεῖν
164 2228 237 2264 παρά
263 2236 290 2253 τε
313 2231 361 2258 τῆς
385 2228 457 2264 ἡμῶν
484 2230 650 2265 μετριότητος
674 2231 718 2254 καὶ
742 2233 788 2260 τῆς
819 2230 850 2255 ἰε-

48 2276 94 2310 ρᾶς
120 2271 306 2308 ἀδελφὸτητος.
332 2273 379 2298 Διὰ
400 2273 450 2310 γὰρ
475 2276 521 2303 τῆς
545 2274 642 2299 τούτων
664 2273 786 2309 γλώσσης
805 2275 850 2304 τὰς

48 2322 96 2343 τὼν
139 2318 264 2353 Κυπρίων
305 2317 406 2342 πάντων
439 2316 522 2353 ἔλεγον
556 2319 716 2354 παρεστάναι
747 2317 847 2355 ψυχὰς,

47 2366 91 2388 καί
113 2364 162 2391 τήν
192 2362 265 2397 ἡμῶν
293 2361 468 2397 γουνάζεο-θαι
493 2364 650 2399 μετριότητα
678 2367 723 2393 τῆς
749 2362 848 2389 ἐκείνων

50 2408 183 2443 σωτηρίας
202 2405 433 2440 ἀντιποιήσασθαι,
456 2408 500 2433 καὶ
525 2409 560 2442 μὴ
584 2409 674 2444 χώραν
696 2407 762 2434 οὕτω
785 2407 848 2434 πλα-

48 2455 115 2478 τεῖαν
151 2453 199 2477 καὶ
237 2450 438 2487 πολυάνθρωπον
480 2451 628 2478 καταλιπεῖν
671 2451 847 2489 ἀπροστάτεν-

47 2506 97 2527 τον,
129 2498 164 2526 ὡς
186 2495 266 2531 λιμὸν
289 2495 401 2531 λιμῶξαι
429 2497 468 2531 (4)
500 2498 544 2522 καὶ
572 2494 653 2532 δίψαν
686 2495 787 2532 παθεῖν,
817 2497 847 2524 οὐ

47 2540 188 2577 βρώματος
218 2538 281 2566 οὐδὲ
314 2542 440 2576 πόματος,
471 2540 534 2567 άλλά
565 2545 609 2567 τοῦ
643 2541 743 2568 ἀκούειν
773 2542 847 2578 λόγον

46 2589 120 2613 Θεοῦ.

77 2639 89 2658 ι
98 2641 193 2667 Amos
207 2645 266 2672 vui,
281 2638 328 2666 11.

79 2693 114 2728 (4)
145 2693 232 2735 Λιμόν
263 2691 386 2735 tipatam.
422 2693 707 2735 Fames-spiritalis,
733 2694 770 2734 de
785 2702 847 2735 qua

46 2727 164 2764 eprno
172 2727 275 2765 locum
284 2728 447 2765 obscurum
457 2729 563 2757 Leonis
572 2727 761 2765 imperatoris
770 2727 845 2759 orat.

47 2766 61 2791 θ
80 2762 153 2792 λικε.
170 2762 307 2791 Combef.
329 2765 349 2794 1,
370 2772 396 2791 c.
424 2766 501 2796 1690,
524 2766 563 2792 D:
585 2762 633 2796 Δός
654 2770 772 2792 πεινῶντι
789 2776 846 2793 τοο-

906 2192 936 2211 se
947 2184 982 2211 iis
993 2183 1213 2219 permissurum
1238 2181 1350 2209 habere
1377 2181 1568 2217 episcopatus
1585 2189 1666 2214 suos,
1682 2189 1729 2210 sa-

905 2236 1014 2265 craque
1026 2227 1107 2255 obire
1136 2226 1250 2255 munia.
1279 2227 1352 2253 Tum
1381 2225 1624 2259 obsecraverunt,
1647 2226 1689 2254 uti
1711 2234 1729 2255 θ.

906 2273 993 2302 nobis
1008 2275 1036 2301 et
1052 2279 1138 2300 sacra
1161 2271 1342 2299 fraternitate
1364 2269 1513 2298 discerent
1537 2271 1610 2306 quid
1637 2279 1728 2306 agen-

904 2318 978 2346 dum
989 2321 1075 2346 esset.
1091 2317 1217 2345 Aiebant
1226 2316 1350 2353 quippe,
1366 2317 1541 2343 cunctorum
1551 2316 1728 2352 Cypriorum

904 2363 1021 2392 animas
1034 2371 1087 2399 per
1095 2370 1182 2390 suam
1194 2362 1328 2397 linguam
1338 2360 1454 2393 adesse,
1471 2361 1499 2388 et
1513 2360 1728 2390 mediocritatis

903 2410 1012 2436 nostra:
1029 2415 1128 2444 genua
1152 2406 1300 2443 amplecti,
1327 2405 1556 2444 suppliciterque
1585 2413 1670 2433 orare
1696 2407 1728 2434 ut

904 2453 1006 2481 salutis
1019 2461 1123 2481 eorum
1148 2461 1252 2481 curam
1276 2451 1488 2488 suscipiamus,
1504 2458 1559 2479 nec
1573 2450 1727 2485 regionem

902 2498 979 2526 adeo
992 2498 1126 2535 amplam
1141 2500 1169 2526 et
1182 2497 1361 2534 populosam
1375 2495 1539 2534 patrocinio
1553 2495 1726 2524 destitutam

901 2543 1117 2580 relinquamus,
1130 2543 1171 2571 ita
1186 2545 1217 2571 ut
1227 2543 1337 2571 esuriat
1352 2545 1379 2571 et
1394 2541 1472 2570 sitim
1498 2540 1637 2577 patiatur,
1664 2547 1726 2568 non

901 2587 1019 2616 defectu
1034 2587 1093 2616 cibi
1107 2590 1136 2616 et
1147 2590 1249 2624 potus,
1261 2587 1314 2616 sed
1328 2586 1472 2616 audiendi
1484 2585 1609 2614 verbum
1636 2584 1686 2614 Dei
1703 2585 1726 2613 ‘.

901 2695 975 2722 ϐάντι
994 2695 1065 2732 οἷρτῳ
1078 2697 1192 2732 τραφείς.
1231 2694 1260 2722 Id
1279 2696 1323 2722 est
1346 2703 1352 2722 :
1387 2695 1436 2732 pa
1461 2694 1557 2732 cilium
1578 2694 1728 2732 esurienti

901 2732 955 2768 qui
960 2730 1042 2766 fante
1048 2730 1273 2768 peivclilqris,et
1281 2738 1360 2766 pane
1370 2731 1422 2758 illo
1430 2731 1480 2766 qui
1487 2730 1523 2758 de
1531 2731 1602 2768 caelo
1610 2730 1727 2758 descen-

901 2766 945 2795 dit
957 2768 1094 2795 nutrz‘n's.
1110 2767 1156 2795 Sic
1169 2767 1248 2794 idem
1269 2769 1420 2801 Augustus
1433 2768 1507 2793 orat.
1529 2766 1580 2794 ult.
1592 2775 1618 2794 c.
1633 2769 1642 2794 1
1662 2768 1726 2796 743.

48 2802 104 2836 γῆν,
138 2800 151 2825 ὁ
175 2799 244 2835 λιμῷ
268 2797 434 2832 κινδυνεύων,
461 2803 505 2826 καὶ
531 2805 566 2837 τῷ
588 2800 614 2833 ἐξ
639 2801 748 2839 οὐρανοῦ
767 2796 845 2829 κατα-
887 2803 913 2834 Ᾱ
943 2802 980 2830 de
1017 2803 1116 2831 Maria.
1148 2806 1231 2840 Χαῖρε
1260 2805 1275 2831 ὴ
1308 2796 1351 2828 τόν
1372 2811 1388 2828 κ
1422 2806 1478 2832 ινῶς
1515 2805 1560 2829 καὶ
1590 2804 1726 2840 ὑπερφυῶς
