1944 3084
776 67 930 98 GERMANI
950 68 974 94 ll
993 66 1045 94 ΟΡ.
1066 60 1299 91 PATRIARCHIE

202 107 250 134 6M

201 129 359 170 hortamur
373 148 443 177 ergo
457 141 491 168 ut
509 135 661 175 synodicis
687 133 811 163 decretis
853 132 911 160 hoc
937 129 1027 157 etiam
1042 129 1065 156 A

202 195 341 224 expresse
351 174 553 218 inseratur,ne
567 181 646 210 ltalis
661 179 760 216 Cyprii
776 185 886 206 manus
899 174 1026 207 tradant;

201 223 268 260 licet
280 239 327 259 res
346 238 407 264 non
423 229 515 265 digna
529 228 595 255 visa
609 225 704 256 fuerit,
735 223 821 258 cujus
849 229 902 257 per
925 225 1028 247 sacros

202 283 335 304 canones
350 275 462 303 mentio
476 273 569 300 ﬁeret.
585 271 659 298 Nam
677 268 735 297 nisi
750 269 791 295 ita
809 266 871 300 ﬁat,
891 266 1028 300 apertum

202 319 367 357 periculum
393 321 447 353 est,
471 319 503 345 ut
526 323 598 344 mox
620 312 759 342 concidat
783 308 1030 347 quadrangulum

201 353 427 400 firmumqueac
442 358 699 398 irreprehensibile
718 355 894 394 pontiﬁcum
922 353 974 390 qui
1003 355 1030 380 te

204 398 419 446 praecesserunt
433 406 603 440 aediﬁcium,
617 403 701 441 quod
713 402 753 430 illi
767 399 922 438 permultis
939 398 1029 426 sudo-

204 444 289 483 ridus
302 453 460 489 longisque
474 457 600 487 operum
616 447 770 477 laboribus
790 444 1028 476 construxerunt,

205 498 338 536 quotidie
353 497 414 525 suis
426 504 481 524 nos
496 495 650 523 ﬁrmantes
662 492 792 527 monitis,
807 494 836 518 et
851 496 940 525 super
960 495 1031 523 apo-

206 534 352 572 stolorum
367 541 597 569 fundamentum
616 537 810 568 stabilientes,
836 541 911 561 neve
938 534 1030 560 tenta-

205 586 321 617 tfbnum
338 586 446 615 ﬂuvios
474 593 510 614 ac
538 585 643 612 ventos
668 582 842 610 timeremus
870 577 1028 607 adhortati.

242 670 368 702 14.0w:
379 675 449 695 cum
461 667 564 694 astans
578 664 714 701 piissima
728 661 824 698 plebs,
841 659 953 688 fervido
968 657 1031 686 zelo

206 715 437 750 prosequeretur
456 711 495 740 ad
510 712 644 738 nostram
658 705 894 735 mediocritatem
914 703 1031 740 synodo

206 746 621 795 prmsidentem,conspiciens
628 751 816 780 mediocritas
827 752 940 780 nostra,
949 746 1032 784 quod

207 790 255 832 hic
268 790 444 831 ceconomiee
457 790 532 828 ratio
545 799 664 834 juvaret
672 795 755 829 nihil,
767 794 820 822 sed
835 793 932 828 magis
948 792 1032 820 ﬁeret
1047 790 1067 818 Β

207 848 362 881 tumultus;
376 845 518 884 quodque
533 851 594 872 non
608 841 699 870 modo
714 848 775 869 non
797 841 878 867 recta
903 838 969 874 ipsa
993 836 1032 864 ad

208 882 606 927 sérvandam'percelebrem
622 888 752 923 Cyprum
766 885 830 920 jam
840 882 1032 916 naufragium

208 938 377 971 facientem,
403 934 545 966 tenderet,
573 933 647 960 dum
669 931 755 967 juxta
778 929 913 958 nauticas
940 927 1032 963 leges,

207 982 317 1019 pedem
345 980 443 1014 refert,
469 980 632 1013 velumque
656 975 813 1004 intinctum
853 973 942 1006 laxat;
979 971 1033 999 sed

208 1018 298 1055 etiam
309 1025 477 1063 periculum
490 1024 579 1056 esset,
594 1029 632 1049 ne
644 1019 772 1056 propriae
789 1018 876 1046 navis
898 1019 1032 1044 vectores

208 1062 444 1108 compelleretad
456 1067 675 1100 seditionem;et
688 1063 777 1100 quasi
792 1062 830 1091 ad
844 1062 1032 1090 vexationem

208 1124 270 1144 non
279 1105 449 1144 sufficerent
463 1111 576 1140 externi
591 1111 704 1147 piratae,
717 1110 817 1144 aperte
837 1105 1032 1134 metuendum

210 1163 297 1195 esset,
310 1168 347 1188 ne
360 1159 444 1195 ipsos
455 1157 529 1185 inter
552 1163 583 1183 se
608 1154 805 1182 committeret
833 1150 1032 1187 navigationis

210 1205 317 1240 socios;
333 1204 397 1231 haec
413 1201 452 1230 ad
470 1200 594 1237 Cyprios
616 1198 772 1236 prolocuta
798 1199 850 1225 est:
881 1195 973 1224 Chrisi
999 1203 1033 1223 os

209 1249 384 1285 Paulus,per
397 1255 430 1275 os
443 1254 545 1274 meum
555 1244 668 1281 profert
678 1241 867 1274 sententiam,
889 1243 978 1276 atque
994 1240 1032 1268 ad

208 1293 471 1329 interrogationem
486 1293 616 1319 vestram
630 1288 671 1316 ita
686 1286 855 1324 respondet:
871 1286 951 1320 Rogo
972 1292 1030 1320 vos,

210 1341 331 1376 fratres,
340 1341 372 1365 ut
383 1335 537 1364 observetis
549 1342 594 1362 eos
605 1334 656 1369 qui
663 1333 857 1360 dissensiones
866 1333 892 1359 et
908 1329 1032 1365 offendi-

212 1374 248 1412 cu
253 1385 293 1418 la,
297 1380 581 1418 praeterdocfrinam
588 1386 676 1414 quam
684 1385 733 1405 vos
739 1376 895 1408 didicistis,
901 1374 1032 1409 faciunt;

212 1432 239 1459 et
247 1428 393 1456 declinate
403 1425 440 1455 ab
448 1425 509 1453 illis
518 1423 689 1459 hujusmodi
696 1422 774 1450 enim
781 1421 900 1449 Christo
908 1419 1034 1447 Domino

1842 54 1906 82 612

1084 122 1209 161 καλοῦμεν
1238 121 1281 150 οὖν
1301 123 1431 151 ἐντεθῆναι
1459 121 1542 157 ῥητῶς
1569 122 1625 149 ταῖς
1653 117 1809 149 συνοδικαῖς
1838 116 1909 144 δια-

1083 173 1197 206 ⁹γνώσεσι
1214 171 1258 194 καὶ
1290 169 1319 194 τὸ
1353 164 1421 203 μηδὲ
1454 169 1548 201 χεῖρας
1579 162 1670 190 δοῦναι
1699 167 1751 194 τοῖς
1782 163 1910 192 Ιταλοῐς

1083 217 1141 245 τοὺς
1166 215 1315 250 Κυπρίους·
1346 211 1367 237 εἰ
1390 213 1434 236 καὶ
1459 213 1514 240 τοῖς
1541 210 1617 247 ἱεροῖς
1641 210 1747 234 κανόσιν
1763 207 1911 244 ἀμνημό-

1083 269 1169 286 νευτον
1194 258 1425 295 παρατεθεώρηται
1451 258 1535 281 τοῦτο.
1566 254 1596 280 Εἰ
1620 255 1671 290 γὰρ
1699 256 1735 289 μή
1761 253 1841 279 οὑτω
1860 261 1911 287 γε-

1083 306 1200 337 νὴσεται,
1238 300 1358 332 κίνδυνος
1394 302 1528 337 προφανὴς
1560 301 1606 328 τὴν
1644 299 1806 335 τετράγωνον
1855 299 1912 322 καὶ

1085 349 1188 386 στερεὰν
1217 349 1261 373 καὶ
1288 344 1357 382 δίχα
1386 344 1471 381 ψόγου
1496 347 1546 370 τῶν
1562 344 1611 381 πρὸ
1628 346 1674 369 σοῦ
1690 342 1847 379 ἀρχιερέων
1868 340 1912 366 οἰ-

1084 392 1198 429 κοδομὴν
1242 393 1304 428 ἄρτι
1352 393 1518 422 καταπεσεῖν,
1568 389 1598 417 ἣν
1649 387 1740 414 ἐκεῖνοι
1775 389 1910 423 συχνοῖς

1086 435 1183 474 ἱδρῶσι
1229 439 1273 462 καὶ
1318 435 1506 472 ἐργομοχθίαις
1550 436 1661 469 μακραῖς
1704 430 1909 467 ἀνεδείμαντο,

1085 480 1256 518 ἐπερείδοντες
1282 481 1447 508 καθεκάστην
1473 480 1544 515 ἡμᾶς
1569 481 1627 508 ταῖς
1659 478 1812 507 νουθεσίαις
1852 475 1909 501 αὐ-

1084 530 1146 561 τῶν,
1177 526 1222 552 καί
1250 529 1286 561 τῷ
1313 524 1419 561 θεμελίῳ
1452 528 1501 549 τῶν
1538 521 1688 549 ἀποστολων
1722 520 1908 557 ἐδράζοντες,

1084 574 1129 597 καὶ
1160 572 1196 607 μὴ
1226 568 1372 596 δεδοικέναι
1400 570 1459 599 τοὺς
1490 572 1539 594 τῶν
1573 571 1723 605 πειρασμῶν
1755 567 1909 602 ποταμοὺς

1085 613 1154 652 μηδὲ
1169 616 1226 645 τοὺς
1242 614 1350 650 ἀνέμους
1362 614 1550 649 ὑποτιθέμενοι.

1123 658 1166 687 ιδ’.
1192 663 1280 686 Ταῦτα
1302 663 1348 685 τοῦ
1373 660 1565 695 παρεστηκότος
1578 655 1814 693 φιλευσεϐεστάτου
1831 655 1906 681 λαοῦ

1088 705 1171 741 θερμῷ
1195 708 1231 740 τῷ
1259 703 1328 739 ζήλῳ
1355 705 1420 740 πρὸς
1443 704 1489 732 τὴν
1518 703 1590 738 ἡμῶν
1621 700 1824 736 ἀποτεινομένου
1848 709 1905 735 με-

1086 751 1212 785 τριότητα
1250 749 1449 785 προκαθημένην
1493 744 1646 781 συνοδικῶς,
1690 747 1705 775 ἡ
1752 747 1906 782 μετριότης

1087 794 1160 830 ἡμῶν
1176 790 1322 819 συνιδοῦσα
1337 794 1369 823 ὡς
1382 791 1492 818 ἐνταῦθα
1505 792 1518 817 ὁ
1533 795 1579 822 τῆς
1595 790 1741 827 οἰκονομίας
1756 789 1839 825 λόγος
1857 789 1903 815 οὗ·

1088 836 1130 864 δεν
1144 837 1241 874 ὠφελεῖ,
1259 836 1322 863 ἀλλὰ
1344 836 1438 873 μᾶλλον
1462 835 1569 873 θόρυϐος
1590 837 1690 872 γίνεται
1705 845 1712 851 ·
1738 837 1785 861 καὶ
1809 835 1846 864 ὡς
1869 833 1902 859 οὔ

1087 885 1162 919 μόνον
1187 882 1234 908 οὐκ
1261 881 1395 908 εὐθυπλοεῖ
1417 881 1482 910 αὕτη
1506 882 1570 918 πρὸς
1584 883 1630 909 τὴν
1645 882 1809 917 περιώνυμον
1842 879 1902 905 Κν-

1086 937 1151 965 προν
1161 931 1327 963 ναυαγοῦσαν
1337 925 1389 956 ἢδη
1403 924 1601 960 διασώσασθαι,
1609 923 1753 951 ἐνδιδοῦσα
1763 925 1809 950 τόν
1822 921 1904 949 πόδα

1087 982 1153 998 κατα
1174 975 1268 1008 νόμους
1295 971 1477 1007 ναυτηλικούς,
1502 973 1547 997 καὶ
1562 972 1590 996 τὸ
1607 971 1690 996 ἱστίον
1704 968 1810 1006 βάπτον
1827 967 1902 994 ἁπο-

1087 1020 1197 1043 κενοῦσα
1214 1027 1219 1033 ·
1244 1016 1308 1043 ἀλλά
1335 1026 1364 1052 γε
1389 1014 1423 1045 δὴ
1442 1018 1486 1042 καὶ
1509 1016 1567 1046 τοὺς
1581 1019 1627 1046 τῆς
1642 1014 1737 1044 οἰκείας
1753 1011 1902 1050 φροντίδος

1154 1059 1289 1098 φορτίδος]
1314 1059 1438 1090 ἐπιϐάτας
1464 1060 1629 1090 στασιαστὰς
1653 1058 1816 1096 ἐργάζεσθαι
1840 1068 1899 1083 κιν-

1088 1103 1189 1132 δυνεύει
1221 1107 1265 1131 καὶ
1296 1106 1395 1142 ὡς’μή
1437 1104 1581 1142 ἀρκούντων
1615 1104 1650 1135 εὶς
1683 1104 1802 1129 κάκωσιν
1846 1106 1900 1127 τῶν

1088 1149 1177 1181 ἔξωθεν
1203 1153 1340 1186 πειρατῶν,

1087 1193 1203 1230 λεμῶσαι
1242 1195 1301 1225 τοὺς

1380 1151 1425 1176 καὶ
1467 1149 1559 1179 αὐτοὺς
1589 1148 1647 1174 καθ’
1679 1147 1776 1174 ἑαυτῶν
1817 1145 1899 1172 ἐκπο-

1345 1193 1537 1231 συμπλωτῆρας
1579 1192 1656 1229 φόϐος
1691 1191 1737 1218 οὐκ
1770 1191 1899 1227 αξνμρα-

1087 1241 1133 1270 νής
1148 1250 1154 1256 '
1189 1241 1251 1277 πρὸς
1274 1241 1333 1270 τοὺς
1361 1241 1493 1276 Κυπρίους
1520 1242 1603 1264 ταῦτα
1618 1237 1700 1269 ἐξεῖπε
1717 1248 1722 1254 ·
1743 1236 1853 1267 Παῦλος
1868 1237 1897 1261 τὸ

1088 1283 1133 1310 τοῦ
1158 1287 1276 1320 Χριστοῦ
1301 1286 1395 1320 στόμα,
1424 1281 1471 1310 διὰ
1482 1287 1528 1309 τοῦ
1551 1282 1613 1319 ἐμοῦ
1635 1283 1765 1319 στόματος
1789 1290 1899 1317 γνωμο-

1089 1326 1169 1361 δοτεῖ,
1197 1330 1241 1354 καὶ
1266 1330 1332 1366 πρὸς
1359 1330 1405 1358 τὴν
1434 1328 1505 1364 ὑμῶν
1531 1327 1656 1366 ἐρώτησιν
1684 1328 1761 1353 ταυτὶ
1784 1325 1901 1362 ἀποκρί-

1088 1382 1156 1398 νεται
1174 1392 1179 1398 .
1217 1373 1363 1409 Παρακαλῶ
1410 1374 1486 1409 ὑμᾶς,
1529 1372 1644 1409 ἀδελφοὶ,
1684 1375 1789 1398 σκοπεῖν
1833 1372 1900 1401 τοὺς

1089 1416 1136 1447 τὰς
1165 1415 1346 1453 διχοστασίας
1371 1419 1416 1444 καὶ
1439 1419 1473 1444 τὰ
1497 1414 1633 1443 σκάνδαλα
1658 1417 1730 1454 παρὰ
1762 1417 1811 1444 τὴν
1856 1413 1900 1440 δι-

1410 1374 1486 1409 ὑμᾶς,
1529 1371 1644 1409 ἀδελφοὶ,

212 1481 273 1504 non
285 1472 426 1504 serviunt,
434 1470 484 1498 sed
491 1477 552 1497 suav
558 1468 706 1504 nequitiae;
713 1470 738 1495 et
748 1473 804 1501 ρει·
816 1465 916 1493 dulces
927 1471 1033 1492 sermo-

1098 1460 1181 1498 iuxﬁv
1222 1463 1252 1492 ἣν
1293 1464 1366 1499 ὑμεῖς
1404 1462 1510 1498 ἐμάθετε
1548 1466 1696 1495 ποιοῦντας,
1728 1462 1773 1486 καὶ
1809 1459 1899 1486 ἐκκλί-

211 1526 262 1546 nes
271 1519 298 1546 et
309 1516 518 1545 benedictiones
529 1514 674 1542 seducunt
684 1511 778 1540 corda
791 1510 991 1538 innocentium
1004 1509 1014 1525 ³
1029 1536 1035 1543 ,

212 1560 303 1591 Nobis
317 1561 441 1589 omnino
457 1558 565 1587 suﬂicit
579 1557 643 1585 haec
663 1556 806 1590 defensio,
823 1557 851 1583 et
865 1553 904 1582 ad
916 1553 1038 1581 interro-

211 1607 363 1643 gationem
378 1604 532 1642 aptissime
549 1611 579 1631 se
591 1601 690 1630 habet'
707 1600 889 1636 abundeque
899 1599 997 1635 potest
1006 1596 1037 1625 id

213 1652 296 1689 quod
311 1651 380 1679 utile
395 1650 529 1678 futurum
544 1650 588 1676 est
608 1647 742 1675 edocere.

1090 1516 1148 1533 νατε
1175 1506 1218 1534 ἀπ’
1253 1507 1346 1535 αὐτῶν.
1378 1509 1410 1534 Oi
1438 1508 1488 1544 γὰρ
1511 1510 1625 1533 τοιοῦτοι
1650 1509 1685 1541 τῷ
1716 1507 1806 1541 Κυρίῳ
1820 1505 1899 1541 ἡμῶν

1092 1552 1180 1581 Ἰησοῦ
1206 1556 1315 1588 Χριστῶ
1346 1552 1375 1578 οὐ
1414 1550 1592 1585 δουλεύουσιν,
1625 1550 1689 1577 ἀλλὰ
1722 1554 1752 1586 τῇ
1796 1549 1898 1575 ἑαυτῶν

1091 1598 1171 1632 κακίᾳ
1189 1608 1195 1613 ·
1228 1599 1272 1623 καὶ
1305 1595 1351 1624 διὰ
1383 1601 1430 1627 τῆς
1464 1596 1661 1634 χρηστολογίας
1694 1597 1739 1621 καὶ
1776 1594 1899 1630 εὐλογίας

1092 1640 1241 1673 ἐξαπατῶσι
1286 1643 1330 1673 τὰς
1370 1640 1483 1679 καρδίας
1520 1646 1569 1667 τῶν
1609 1640 1723 1667 ἀκάκων.
1760 1639 1898 1676 Ἀρκοΰσα

212 1703 313 1726 παντως
354 1697 416 1731 ἡμῖν
456 1695 471 1722 ἠ
512 1692 649 1728 ἀπολογία,
687 1693 732 1717 καὶ
768 1687 978 1728 ’ἁρμοδιῶτάτως
1016 1687 1080 1723 πρὸς
1112 1688 1159 1716 τὴν
1197 1686 1333 1725 ἐρώτησιν,
1368 1689 1413 1713 καὶ
1447 1687 1539 1717 ἱκανῶς
1573 1687 1675 1722 ἔχουσα
1705 1686 1734 1711 τὸ
1769 1685 1895 1711 συνοῖσον

213 1739 367 1772 ἀνδιδάξαι.

252 1786 284 1812 t5
298 1806 303 1812 .
316 1785 376 1812 Vos
389 1785 500 1816 autem,
517 1790 534 1809 ο
550 1781 654 1809 fratres
669 1780 700 1808 in
711 1778 825 1807 Christo
841 1776 950 1814 Cyprii,
970 1774 1036 1803 imi-

213 1831 323 1858 tatores
337 1828 400 1856 sitis
416 1825 749 1861 Constantinopolitanae
778 1822 923 1856 Ecclesiae;
948 1820 1037 1855 hujus

214 1876 349 1910 pastores
363 1871 515 1900 imitentur
529 1870 580 1906 qui
594 1869 683 1905 Cypri
711 1870 846 1904 pastores
873 1869 951 1899 sunt,
977 1871 1037 1892 ser-

214 1926 341 1947 monum
355 1915 456 1944 ﬁstula
467 1915 671 1944 indesinenter
693 1912 891 1946 insufflantes,
920 1913 948 1939 et
976 1910 1037 1939 alli-

1129 1775 1164 1802 ιε’.
1182 1776 1264 1812 ’Υμεῖς
1280 1775 1319 1810 δὲ,
1334 1775 1353 1802 ὦ
1368 1777 1436 1803 κατὰ
1448 1777 1562 1814 Χριστὸν
1577 1773 1683 1811 ἀδελφοὶ
1700 1775 1826 1812 Κύπριοι,
1849 1783 1895 1810 μι-

1091 1822 1286 1857 μηταὶ-γίνεσθε
1299 1825 1345 1853 τῆς
1370 1825 1420 1847 τῶν
1449 1819 1756 1848 Κωνσταντινουπολιτῶν
1784 1818 1895 1847 Ἐκκλη-

1093 1868 1175 1897 σίας¹
1203 1868 1261 1897 τοὺς
1285 1867 1364 1897 αὐτῆς
1385 1869 1506 1903 ποιμένας
1534 1867 1558 1893 οἱ
1586 1870 1633 1896 τῆς
1665 1866 1770 1902 Κύπρου
1800 1866 1895 1901 ποιμέ-

1092 1920 1129 1941 νες
1169 1912 1370 1948 μιμείσθωσαν·
1408 1914 1439 1947 τῇ
1480 1915 1529 1937 τῶν
1564 1910 1646 1947 λόγων
1680 1909 1823 1940 ἀπαύστως
1855 1908 1896 1945 ἐμ-

217 1963 328 1991 cientes
340 1960 462 1990 canticis
477 1957 688 1987 adhortatoriis
698 1959 726 1985 et
736 1956 927 1984 salutaribus.
940 1955 1033 1992 Cyprii

1098 1958 1206 1986 πνέοντες
1237 1957 1355 1994 σύριγγι,
1388 1958 1431 1982 καὶ
1463 1954 1633 1985 ἀνακλητικὸν
1669 1952 1808 1991 ἐπᾴδοντες
1851 1953 1897 1980 καὶ

216 2007 330 2044 greges‘
345 2002 643 2040 Constantinopoleos
656 2009 766 2038 pecora
781 2000 957 2029 aemulentur
972 2003 1038 2027 Haec

216 2052 328 2090 quippe
342 2051 433 2087 longo
445 2048 600 2077 intervallo
616 2055 633 2075 a
646 2046 817 2084 pastoribus
832 2046 946 2079 dissita,
969 2053 1039 2073 cum

215 2096 400 2126 immanibus
408 2094 488 2130 lupis
496 2099 690 2121 communem
697 2093 819 2128 pastum
828 2089 981 2124 habentia,
993 2097 1040 2117 ca-

215 2142 352 2179 pillatum
366 2139 467 2168 barbae
480 2140 691 2167 ornamentum
708 2136 843 2171 detonsa,
858 2137 886 2163 et
898 2134 1040 2163 carnibus

217 2187 348 2220 concisa,
359 2185 429 2213 ﬁdei
444 2183 573 2219 sigillum
584 2182 623 2211 ab
633 2182 746 2210 insidiis
758 2183 853 2210 tutum
871 2181 1037 2213 servarunt,

216 2232 365 2268 luposque
380 2229 489 2257 frustra
501 2228 616 2256 hiantes
629 2228 800 2262 arguerunt.
817 2226 902 2259 Quod
914 2225 938 2253 si
953 2233 988 2253 ex
1004 2224 1039 2251 iis

217 2275 364 2309 nonnulli,
381 2273 524 2311 perpauci
545 2279 679 2308 numero,
695 2270 821 2307 alicujus
842 2270 963 2303 scabiei,
993 2269 1038 2297 vel

218 2320 307 2348 etiam
321 2319 432 2348 rabiosi
446 2325 567 2346 morsus
579 2316 740 2353 participes
749 2315 868 2348 fuerint,
880 2322 985 2342 verum
1000 2313 1039 2342 ad

218 2366 348 2394 rEsinam
363 2365 394 2392 in
410 2363 529 2392 Galaad
544 2362 566 2380 ¹⁰
577 2364 605 2390 et
621 2361 661 2389 ad
676 2360 822 2397 spiritales
837 2359 962 2396 hujusce
982 2358 1040 2387 loci

218 2410 352 2439 medicos
368 2409 569 2441 accurrerunt;
582 2414 636 2443 per
655 2413 733 2442 quos
756 2407 784 2433 et
812 2405 852 2433 ad
883 2403 1041 2440 pristinam

217 2455 370 2485 redierunt
384 2455 550 2488 sanitatem,
560 2459 622 2480 non
634 2451 781 2479 minorem
792 2458 827 2478 ac
840 2449 924 2477 illaesi
946 2447 1042 2477 invul-

218 2501 373 2536 neratique
386 2499 507 2527 laudem
520 2497 578 2533 ipsi
593 2503 715 2532 quoque
730 2494 891 2527 consecuti,
917 2494 956 2522 ob
980 2501 1042 2522 suae

219 2543 400 2574 inﬁrmitatis
407 2543 600 2579 agnitionem,
612 2539 729 2576 etquod
739 2539 878 2568 velociter
892 2538 1042 2567 medelam

219 2588 399 2626 quaesierint.

1094 2003 1229 2038 σωτήριον.
1269 2001 1308 2027 Τὰ
1347 2001 1451 2038 Κύπρια
1484 2003 1593 2037 ποίμνια
1623 2002 1733 2036 ποίμνια
1762 2003 1813 2025 τῶν
1849 2003 1897 2028 τῆς

1095 2048 1290 2073 Κωνσταντίνου
1334 2045 1501 2076 ζηλοντωσαν
1545 2046 1704 2082 θρεμμάτων.
1744 2047 1797 2071 Καὶ
1843 2045 1896 2080 γάρ

1094 2094 1177 2117 ταῦτα
1189 2094 1245 2122 τοῖς
1266 2094 1375 2127 μακροῖς
1400 2090 1470 2126 ὅροις
1492 2094 1542 2115 τῶν
1571 2091 1697 2126 ποιμένων
1722 2086 1895 2121 διεστηκότα,

1094 2138 1138 2162 καὶ
1150 2135 1237 2166 λύκοις
1253 2133 1347 2166 δεινοῖς
1363 2134 1573 2171 συμϐοσκόμενα,
1587 2136 1632 2160 καὶ
1655 2135 1683 2160 τὸ
1703 2135 1894 2170 τετριχωμέλον

1093 2184 1140 2207 τοῦ
1154 2183 1277 2216 πώγωνος
1305 2181 1439 2217 κειρόμενοι
1464 2182 1600 2215 κόσμημα,
1616 2180 1660 2204 καὶ
1675 2179 1892 2216 κρεουργούμενα.

1095 2224 1307 2252 ἀνεπιϐούλευτον
1331 2225 1378 2254 τήν
1404 2222 1540 2262 σφραγῖδα
1558 2227 1606 2254 τῆς
1632 2226 1744 2253 πίστεως
1771 2219 1910 2259 διεφυλάέ

1095 2270 1178 2302 ξαντο,
1203 2271 1248 2296 καὶ
1275 2271 1336 2300 τοὺς
1359 2268 1454 2299 λύκους
1483 2270 1612 2304 χανόντας
1636 2268 1721 2304 μάτην
1737 2266 1893 2303 ἀπηλεγξαν.

1095 2313 1165 2341 Είδὶ
1179 2316 1224 2340 καί
1252 2323 1317 2345 τινες
1333 2313 1358 2345 ἐξ
1373 2314 1457 2340 αὐτῶν
1483 2311 1587 2350 σφόδρα
1614 2311 1695 2348 ὀλίγοι
1720 2311 1814 2350 ψωρας
1829 2313 1893 2341 τινὸς

1095 2361 1233 2396 μετέσχον,
1251 2356 1331 2384 εἶκαὶ
1347 2355 1506 2388 ’λνσσώδονς
1530 2361 1576 2383 τοῦ
1598 2355 1742 2393 δήγματος,
1766 2355 1832 2383 ἀλλὰ
1852 2367 1894 2382 ται

1095 2405 1165 2440 χὲως
1190 2405 1253 2440 πρὸς
1284 2405 1331 2432 τὴν
1359 2402 1383 2429 ἐν
1411 2400 1517 2429 Γαλαὰδ
1542 2404 1587 2429 καὶ
1617 2403 1677 2433 τοὺς
1704 2399 1813 2436 ἐντῷδε
1826 2404 1893 2436 τόπῳ

1095 2449 1284 2485 πνευματικοὺς
1307 2447 1450 2484 ἀκέστορας
1475 2446 1546 2482 [Am
1573 2446 1692 2483 ῥητίνην]
1720 2446 1894 2472 ὑπαινίττεται

1097 2494 1168 2530 [Αη.
1188 2492 1389 2527 ὑπανίστανται]
1403 2491 1463 2528 παρ’
1490 2495 1523 2517 ῶν
1545 2493 1590 2517 καὶ
1616 2492 1678 2527 πρὸς
1701 2493 1746 2519 τὴν
1772 2493 1894 2527 προτέραν

1098 2537 1239 2567 ἐπανῆλθον
1276 2538 1375 2573 ὑγίειαν
1392 2547 1398 2553 -

1100 2582 1318 2619 ἆτραυματίστων
1342 2583 1387 2607 καὶ
1414 2580 1485 2607 οὗτοι
1519 2579 1690 2612 ἐπαινεθέντες
1717 2578 1764 2606 διὰ
1786 2582 1832 2609 τὴν
1854 2583 1896 2609 τῆς

1433 2536 1480 2562 οὐκ
1508 2535 1610 2562 ἅλαττον
1637 2539 1687 2562 τῶν
1711 2534 1832 2564 ἀθλητῶν
1855 2536 1895 2561 καὶ

219 2634 316 2665 οἰκείας
331 2632 464 2664 ἀσθενείας
477 2631 626 2668 ἐπίγνωσιν,
643 2631 687 2656 καὶ
701 2631 730 2656 τὸ
744 2629 861 2660 ζητῆσαι
876 2630 979 2665 ταχέως
992 2630 1037 2659 τὴν
1053 2628 1137 2658 τισιν,

257 2724 269 2744 ο
283 2725 369 2753 Rom.
385 2731 425 2760 γι,
440 2723 485 2760 t7,
501 2722 546 2754 18.
559 2721 581 2741 ί⁰
594 2722 705 2751 Jerem.
721 2727 779 2756 vui,
794 2720 840 2749 22.
