1944 3084
39 53 80 80 613

67 113 104 146 ις’.
128 113 175 140 Καὶ
201 112 262 143 τοὺς
293 112 424 148 Κυπρίους
456 112 595 147 τοιγαροῦν
625 109 759 146 ποιμένας,
791 108 849 136 εἰΑ

40 158 185 194 magnast-at
215 159 268 186 τοῖς
294 155 382 186 λύκοις
417 155 653 191 συμπλεκομένους,
684 157 729 181 καὶ
763 158 812 180 τῶν

40 204 121 229 οἰκείων
152 203 364 238 ὑπερμαχοῦντας
397 202 532 236 ποιμνίων,
570 202 615 226 καὶ
646 203 693 230 τῆς
729 199 813 225 αὐτῶν

41 247 202 284 φροντίζοντας
225 249 365 283 σωτηρίας,
390 244 538 272 ὑποκλιέσαι
566 254 592 270 τι
614 246 660 270 καὶ
688 242 814 270 ὑπενδοῠ-

40 302 73 318 ναι
92 293 186 328 μικρὸν,
207 291 268 328 ὅπερ
294 289 381 325 ἀπείη,
407 289 605 326 παρακαλοῦμεν
629 290 664 325 μὴ
689 290 723 318 εὶς
747 287 813 313 ἀπὸ·

41 346 117 372 γνωσιν
142 336 213 366 τᾶθύς
243 335 371 372 ἕμπεσεῖν,
394 333 464 371 μηδὲ
492 333 633 360 ἆπελπίσαι
655 335 702 362 τὴν
725 342 814 361 σωτη-

42 385 94 418 ρίαν,
123 378 188 417 μηδὲ
217 379 325 416 ἀνομίαν
359 379 400 406 ἐπὶ
432 381 478 408 τὴν
512 378 619 415 ἀνομίαν
650 378 812 415 προσθεῖναι,

41 429 75 452 καὶ
90 428 131 454 τὴν
157 424 197 452 ἐπὶ
226 426 256 451 τὸ
279 429 369 461 χεῖρον
392 423 586 451 ἀσπάσσασθαι
604 425 749 460 προκοπὴν,
770 424 814 448 καὶ

41 475 129 506 μιγῆναι
155 473 205 500 τοῖς
233 470 327 503 ἔθνεσι,
348 471 392 496 καὶ
420 470 512 506 μαθεῖν
541 469 575 494 τὰ
607 469 670 505 ἔργα
698 467 782 494 αὐτῶν
807 477 813 483 ·

42 515 83 541 ἀλλ’
105 515 174 545 εὐθύς
200 514 340 541 ἀνανεῦσαι
367 517 414 540 τοῦ
439 516 589 550 πτώματος,
616 515 661 539 καὶ
689 513 751 549 πρὸς
770 513 813 538 τόν

43 561 110 596 ἰατρὸν
122 557 318 596 ἑπαναδραμεῖν.
335 558 409 586 Ἀλλό
423 562 507 585 ταῦτα
519 560 563 595 μὲν
579 557 670 588 οὕτως.

69 613 102 645 ιζ’,
121 614 157 639 Τὰ
174 615 261 650 μέντοι
279 614 354 650 ἔτερα
379 611 427 639 δύο
451 611 598 648 κεφάλαια·
621 613 650 637 τὸ
680 613 715 648 μὴ
744 609 814 646 δίχα

42 656 125 686 δηλαδὴ
150 662 195 688 τῆς
232 661 282 683 τῶν
312 659 431 684 Λατίνων
455 655 579 686 είδήσεως
607 659 638 692 τῇ
673 658 812 692 προσφόρῳ

44 700 180 738 πνενματικῇ
208 701 269 738 ἀξίᾳ
297 699 483 730 ὀποιονδὴτινα
516 701 734 737 ἱγκαθίστασθαι,
768 702 813 726 καὶ

42 749 62 772 τὸ
84 749 115 783 μὴ
144 747 288 773 κωλύεσθαι
317 748 378 778 τοὺς
407 746 563 782 Ῥωμαίους,
598 747 646 772 εἴτε
683 746 813 782 ἰερωμένοι

43 791 91 818 tiri»
115 793 159 818 εἴτε
185 791 280 825 λαῑκοὶ,
311 791 471 827 ἔγκλητεύειν
501 792 566 828 πρὸς
591 792 650 821 τοὺς
678 792 812 825 Λατίνους,
829 786 850 813 Β

42 835 60 861 ἐν
85 840 134 867 ταῖς
164 838 220 874 περὶ
249 835 404 873 βιαιοτέρων
442 837 604 872 πραγμάτων
637 835 814 871 φιλονιικιίαις

44 880 149 916 οἰομένους
174 882 246 918 παρὰ
273 884 323 906 τῶν
356 881 483 917 ὁμογενῶν
514 883 610 917 κριτῶν
637 877 788 906 ἀδικεῖσθαι
805 887 812 893 ⁸

42 923 150 961 ἀδιάοορα
174 923 246 952 δοκεῖ
269 929 301 962 τῇ
332 927 405 962 ἡμῶν
431 927 594 962 μετριότητι,
620 926 665 950 καὶ
693 922 740 950 διὰ
765 926 813 961 μό-

42 980 74 998 νην
95 973 198 1007 φανερῶς
225 968 447 1007 αἰσχροκέρδειαν
479 973 536 1001 τοῖς
568 972 687 1000 Λατίνοις
718 969 813 1000 ζητού-

42 1024 97 1050 una.
120 1014 154 1040 Ou’
176 1016 269 1052 μικρὸς
294 1015 345 1052 γὰρ
374 1014 486 1041 ἐντεῦθεν
513 1013 604 1045 αὐτοῖς
633 1015 646 1040 ὁ
677 1023 812 1052 χρηματι-

43 1061 91 1095 σμὸς
110 1059 277 1096 ἀναφαίνεται,
308 1062 359 1086 Καὶ
385 1060 398 1089 ἡ
430 1060 502 1096 ἡμῶν
527 1061 664 1096 μετριότης
694 1058 813 1095 συμϐου-

41 1103 90 1129 irin
107 1107 153 1134 τοῖς
176 1109 225 1130 τῶν
251 1106 374 1141 Κυπρίων
397 1106 530 1140 ποιμέσιν,
550 1103 574 1129 ἐν
603 1105 673 1134 ὅσοις
696 1103 813 1130 ἐνστατι-

42 1150 73 1174 κοί
85 1158 140 1180 τινες
161 1151 203 1175 καὶ
227 1148 367 1185 φιλόνεικοι
389 1150 524 1185 φαίνονται
550 1149 574 1175 οὶ
598 1151 704 1175 Λατῖνοι
730 1147 813 1184 ἆφίσει

42 1192 214 1230 ὶιμματισμῶν,
244 1191 380 1221 ἐνδιδόναι
406 1194 520 1227 τούτοις,
551 1196 596 1220 καὶ
626 1195 662 1230 μή
692 1192 812 1219 ἀνθίστα-

44 1238 97 1263 σθαι.
122 1238 261 1266 Ἐπαινετόν
294 1240 345 1276 γὰρ
379 1242 533 1275 σωματικῆς
565 1238 663 1275 ζημίας
695 1238 813 1274 ψυχικὸν

43 1280 184 1309 ἀλλάττεσθαι
211 1282 324 1320 κέρδος·
356 1284 472 1319 καθάπερ
497 1285 543 1309 καὶ
564 1284 593 1309 τὸ
614 1283 732 1319 χαλκέων
753 1282 813 1309 ἀντ-

44 1327 169 1361 αμείϐεσθαι
195 1329 311 1365 χρύσεα.
334 1327 411 1358 Ἴσως
436 1329 496 1365 γὰρ,
527 1327 713 1366 πλωρωσαντις
745 1337 816 1364 χρη·-

45 1371 111 1406 μάτων
140 1374 183 1404 τὰς
213 1377 320 1410 χεῖρας,
359 1372 524 1399 ἁπολύσουσι
556 1374 664 1404 τούτους
694 1375 740 1399 τοῦ
768 1377 814 1402 τῆς

45 1414 186 1451 χειροδοσίας
229 1420 382 1454 ζητήματος
403 1425 409 1432 ·
451 1417 575 1444 κάκείνων
621 1417 815 1444 κατασπασθει-

48 1464 85 1486 σῶν
106 1463 168 1488 κάτω
193 1467 227 1498 τῷ
258 1462 348 1501 βάρει,
375 1462 478 1494 ἑξέσθαι
507 1463 597 1494 αὐτοῖς
622 1463 697 1494 ὁσίας
723 1467 816 1500 χεῖρας
832 1464 852 1492 C

47 1503 136 1543 ἐπαίρειν
151 1508 213 1544 πρὸς
236 1510 281 1534 τὸν
310 1509 384 1541 Θεὸν,
407 1509 452 1533 καὶ
471 1505 543 1543 δίχα
566 1505 727 1544 σκινδαλμοῦ
751 1516 817 1537 τινος

47 1551 78 1576 καὶ
109 1554 287 1589 προκρίματος,
326 1553 360 1579 τὰ
399 1555 448 1583 τῆς
488 1552 670 1590 ἱεροτιλεοτίας
703 1551 819 1581 ἀποπλη-

46 1603 100 1630 ρονν.

76 1649 112 1678 ιη’.
123 1653 206 1677 Ταῦτα
214 1651 426 1688 παροκϐληοέντα
444 1651 495 1679 ὰπὸ
511 1655 561 1678 τῶν
573 1651 724 1690 ἠμερησίων
740 1653 819 1679 συνό-

50 1690 88 1718 δων
101 1694 160 1730 [Αη.
182 1695 337 1733 συνοδικῶν]
351 1699 603 1734 παρασημειὼσεων,
620 1699 665 1724 καὶ
685 1701 714 1727 τῆ
731 1701 817 1734 γραφῆ

50 1736 74 1773 [ﬂ
86 1740 220 1779 ὑπογραφῇ]
231 1745 279 1769 καὶ
300 1741 429 1779 σφραγῖδι
447 1747 494 1769 τοῦ
507 1743 665 1779 τιμιωτάτου
680 1744 820 1780 χαρτοφύ-

49 1781 107 1814 1θαῡς
120 1790 147 1815 τῆ
153 1796 163 1816 ς
171 1785 318 1822 ἁγιωτάτης
325 1790 371 1813 τοῦ
380 1790 447 1814 Θιου
459 1787 558 1824 μεγάλη
565 1798 575 1818 ς
590 1787 745 1818 Ἐκκλησίας
757 1791 821 1813 Θη-

52 1825 118 1864 δὼρου
131 1835 172 1857 τοῦ
186 1831 278 1861 Στιλεῆ
297 1830 482 1868 βεϐαιωθὰστα,
499 1830 610 1861 ἐπεδόθη
626 1835 690 1869 μηνὶ
704 1834 749 1858 καὶ
762 1831 820 1858 ἐπι-

51 1876 136 1908 νεμήσει
147 1879 190 1907 τῆς
201 1878 434 1914 προγεγραμμένης
500 1880 555 1908 τοῖς
573 1876 820 1914 προγεγραμμένοις]

52 1917 106 1948 ἔτους
118 1919 187 1955 ςψλοί
199 1921 324 1956 [Christi
340 1921 428 1956 l223].

91 1983 134 2007 Τοῦ
147 1982 222 2009 αὐτοῦ
238 1983 386 2019 ἁγιωτάτον
401 1987 482 2020 κυροῡ
498 1986 628 2020 Γερμανοῡ
643 1983 767 2013 ἐπιστολὴ

212 2026 322 2065 διυτὲρα
335 2030 401 2065 πρός
415 2030 477 2059 τοὺς
490 2031 630 2066 Κυπρίους.

80 2087 108 2113 α’.
133 2088 236 2127 Ἀνδρος
260 2090 495 2129 φιλοχριστότατοι
514 2094 558 2119 καὶ
581 2092 748 2129 φιλευσεϐεἷς,
765 2095 823 2120 ὅσοι

629 46 795 75 EPISTOLA
814 45 837 74 Il
855 45 903 85 ᾼῐ)
924 46 1070 76 CYPRIOS

1637 51 1689 79 614

902 110 943 136 l6.
959 109 1062 145 Itaque
1077 108 1120 137 sic
1133 108 1224 137 etiam
1239 109 1402 146 contigerit,
1421 113 1454 138 ut
1465 113 1602 147 pastores
1632 113 1689 149 Cy-

866 152 933 188 prii,
946 161 1016 180 cum
1031 153 1109 189 lupis
1122 154 1284 189 congressi,
1300 156 1327 182 et
1342 162 1396 190 pro
1422 155 1551 183 ovilibus
1563 157 1624 184 suis
1637 165 1691 192 pu-

868 200 1004 233 gnantes,
1020 206 1185 234 eorumque
1200 198 1302 226 salutis
1326 207 1429 226 curam
1457 203 1600 235 gerentes,
1615 209 1691 229 non-

867 241 941 270 nihil
955 241 1123 277 labascant,
1143 243 1329 279 paulumque
1355 243 1473 277 cedant,
1498 244 1582 280 quod
1602 245 1690 280 absit,

868 286 1026 314 hortamur
1047 294 1108 321 eos,
1125 295 1161 314 ne
1184 287 1285 315 statim
1300 288 1331 315 in
1359 287 1599 324 desperationem
1622 289 1693 317 inci-

868 331 951 366 dant,
966 339 1041 359 neve
1057 331 1162 360 salutis
1174 340 1260 368 spem
1273 332 1424 368 abjiciant,
1440 341 1538 370 neque
1552 333 1692 370 iniquita-

869 378 928 404 tem
943 376 1093 412 iniquitati
1107 376 1284 412 adjungant,
1301 379 1330 404 et
1344 377 1375 405 in
1401 373 1531 406 deterius
1554 386 1692 414 progres-

870 429 939 448 sum
965 420 1202 457 apprehendant,
1228 421 1409 449 misceantur
1446 430 1514 450 cum
1539 423 1691 458 gentibus,

869 472 1034 501 earumque
1048 464 1165 493 discant
1196 473 1307 502 opera;
1324 465 1379 494 sed
1399 466 1554 495 confestim
1570 475 1588 495 a
1601 467 1692 503 lapsu

868 510 984 544 erigant
998 517 1073 543 sese,
1087 512 1115 538 et
1130 509 1169 538 ad
1184 510 1337 539 medicum
1347 513 1510 540 recurrant.
1523 513 1618 548 Atque
1628 511 1691 540 haec

868 554 990 591 quidem
1008 554 1047 582 ad
1062 554 1142 582 hunc
1157 555 1293 583 modum.

904 610 947 636 17.
964 609 1109 636 Caeterum
1123 608 1206 644 quod
1226 611 1339 646 spectat
1363 610 1403 638 ad
1426 610 1488 638 duo
1512 611 1571 639 alia
1581 611 1691 647 capita,

867 653 1013 688 videlicet,
1029 661 1067 681 ne
1089 653 1162 682 citra
1186 654 1357 683 Latinorum
1375 654 1513 683 notitiam
1527 655 1691 692 quilibetin

867 706 1002 733 congrua
1016 698 1072 726 sibi
1085 698 1228 733 dignitate
1244 699 1370 736 spiritali
1393 700 1599 735 constituatur,
1614 703 1642 730 et
1653 709 1691 729 ne

867 744 994 772 Romani
1014 743 1075 772 sive
1090 743 1187 772 clerici
1202 744 1264 772 sive
1276 744 1344 772 laici
1358 745 1574 780 prohibeantur
1585 746 1625 774 ad
1641 747 1693 774 La-

869 788 946 816 tinos
955 787 1118 824 appellare,
1131 788 1162 816 in
1175 789 1418 817 contentionibus
1431 789 1691 819 vehementiorum

868 832 1069 867 negotiorum,
1081 832 1107 860 si
1117 833 1288 869 putaverint
1298 841 1354 862 sea
1363 834 1458 868 gentis
1469 842 1532 862 suae
1539 835 1692 870 judicibus

868 877 978 913 injuria
993 877 1090 911 attici;
1107 885 1144 905 ea
1156 879 1265 906 nostris
1280 878 1477 907 mediocritati
1496 879 1631 908 videntur
1646 879 1693 908 in-

868 921 1045 955 differentia,
1062 924 1224 958 aperteque
1239 923 1279 950 ob
1295 922 1390 951 solam
1416 923 1511 959 turpis
1525 923 1598 952 lucri
1613 932 1694 952 com-

868 967 1056 1002 parationem
1070 975 1088 995 ο,
1103 967 1210 995 Latinis
1229 967 1383 1004 requisita.
1399 969 1463 996 Non
1486 976 1596 1004 parvus
1610 969 1691 997 enim

867 1011 924 1040 illis
944 1011 1014 1040 inde
1040 1014 1174 1048 quaestus
1194 1012 1360 1040 exhibetur.
1387 1013 1484 1049 Atque
1502 1013 1693 1041 mediocritas

868 1058 971 1085 nostra
984 1056 1042 1084 hoc
1056 1057 1233 1093 Cypriorum
1257 1057 1429 1093 pastoribus
1456 1058 1616 1086 consilium
1628 1057 1689 1090 dat,

868 1101 945 1129 utin
960 1101 1193 1139 quibuscumque
1210 1102 1303 1130 Latini
1317 1102 1485 1138 pervicaces
1505 1102 1693 1130 contentiosi-

867 1154 927 1182 que
933 1146 1133 1182 apparebunt,
1143 1145 1302 1182 cupiditate
1308 1149 1438 1183 capturas
1444 1154 1480 1176 ac
1487 1146 1691 1182 emolumenti,

868 1191 899 1220 in
917 1191 953 1219 iis
972 1191 1092 1226 cedant,
1122 1199 1177 1220 nec
1207 1191 1280 1228 ipsis
1303 1191 1502 1220 obluctentur.
1520 1193 1569 1220 Est
1583 1191 1696 1228 quippe

868 1243 916 1263 res
945 1235 1034 1264 laude
1065 1235 1168 1270 digna,
1197 1235 1346 1272 corporali
1377 1235 1555 1264 detrimento
1578 1235 1696 1264 lucrum

869 1279 978 1307 animae
1005 1287 1181 1315 comparare
1205 1288 1211 1312 ;
1236 1279 1497 1316 quemadmodum
1523 1287 1592 1308 cum
1618 1279 1695 1308 areis

869 1331 1066 1360 compensare
1072 1331 1174 1353 aurea.
1186 1324 1320 1353 Forsitan
1329 1325 1409 1352 enim
1418 1327 1580 1361 postquam
1587 1318 1697 1353 manus

870 1368 1004 1405 pecuniis
1011 1367 1197 1404 repleverint,
1205 1376 1256 1396 eos
1263 1368 1420 1397 absolvent
1429 1377 1446 1396 a
1452 1370 1544 1405 petita
1550 1376 1697 1397 manuum

871 1413 1044 1446 traditione;
1053 1412 1233 1449 illorumque
1239 1413 1382 1441 manibus
1390 1414 1523 1449 pondere
1535 1413 1696 1450 depressis,

871 1457 952 1485 hisce
977 1456 1078 1485 licebit
1092 1459 1211 1485 sanctas
1225 1465 1335 1486 manus
1355 1457 1471 1486 elevare
1491 1458 1530 1486 ad
1553 1459 1657 1493 Deum,
1669 1461 1698 1486 et

873 1503 988 1538 absque
1017 1501 1077 1530 ullo
1097 1504 1163 1531 astu
1184 1504 1213 1530 et
1241 1501 1416 1538 praajudicio
1435 1510 1522 1531 sacra
1548 1502 1697 1531 celebrare

872 1546 1024 1584 mysteria.

911 1649 953 1677 18.
970 1649 1029 1677 ista
1042 1647 1205 1684 desumpta
1216 1655 1232 1676 e
1246 1646 1361 1676 diurnis
1370 1645 1557 1684 synodorum
1571 1646 1697 1676 adnota-

873 1693 1015 1727 tionibus,
1028 1695 1056 1721 et
1069 1701 1123 1730 per
1135 1693 1388 1729 subscriptionem
1411 1692 1603 1729 sigilluinque
1615 1700 1698 1720 reve-

873 1737 1045 1766 rendissimi
1060 1737 1257 1766 sanctissimas
1273 1737 1324 1766 Dei
1334 1745 1452 1773 magna
1467 1736 1602 1765 Ecclesiae
1615 1737 1698 1765 char-

874 1781 1042 1818 topliylacis
1068 1781 1215 1811 Theodori
1239 1781 1329 1810 Stilbe
1343 1781 1532 1816 conﬁrmata,
1547 1781 1618 1811 data
1629 1783 1701 1810 sunt

875 1834 978 1856 mense
993 1829 1022 1856 et
1033 1826 1194 1856 indictione
1210 1835 1304 1864 supra
1314 1826 1442 1863 scriptis,
1456 1833 1537 1856 anno
1547 1827 1627 1854 6781.

875 1983 1018 2020 Ejusdem
1032 1984 1214 2012 sanctissimi
1226 1984 1340 2012 domini
1354 1983 1497 2012 Germani
1515 1983 1642 2019 epistola
1660 1990 1701 2012 se-

1125 2029 1225 2057 cunda
1239 2029 1280 2057 ad
1293 2028 1434 2064 Cyprios.

913 2092 939 2120 1.
955 2090 1199 2120 Christianissimi
1211 2090 1266 2119 viri
1278 2093 1306 2119 et
1320 2091 1438 2128 pietatis
1451 2092 1597 2124 amantes,
1614 2091 1701 2127 quot-

54 2134 89 2160 τήν
108 2139 256 2173 περιώνυμον
281 2140 360 2166 νῆσον
389 2140 434 2166 τήν
464 2138 567 2176 Κύπρον
599 2137 704 2174 ἐλάχετε
732 2148 818 2165 κατοι‹

901 2138 952 2165 uot
974 2137 1106 2173 Cyprum
1128 2135 1330 2172 percelebrem
1365 2135 1496 2164 insulam
1518 2135 1701 2170 inhabitatis,

54 2180 102 2207 ιεῐν,
131 2179 246 2217 Ῥωμαῖοί
276 2191 304 2208 τι
336 2184 381 2208 καὶ
417 2183 510 2218 Σύροι,
541 2183 634 2214 πάντες
671 2180 824 2220 όρθοδοξίας

55 2219 150 2258 ἐρασταὶ,
189 2226 296 2262 φύλακες
339 2225 454 2263 ἀκριϐεῖς
498 2230 546 2257 τῆς
587 2219 822 2264 πατροπαραδότου

55 2265 111 2300 ἡμῶν
131 2271 246 2306 πίστεως,
264 2271 301 2308 ἐφ’
322 2272 352 2302 ἧς
375 2272 388 2297 ὀ
413 2270 610 2308 παντοδύναμος
633 2271 755 2310 βραχίων
778 2277 824 2299 τοῦ

56 2312 107 2337 θεοῦ
126 2316 166 2340 καὶ
188 2318 288 2353 Πατρός
312 2317 325 2342 ό
350 2319 465 2354 Χριστὸς
490 2319 535 2346 τὴν
564 2316 718 2346 Ἐκκλησίαν
746 2317 824 2344 αὐτου

55 2354 195 2394 ᾠκοδόμησε,
228 2363 272 2387 χαὶ
293 2360 373 2388 πύλαι
397 2359 464 2395 ᾅδου
488 2360 516 2387 ού
540 2363 753 2398 κατισχύσουσιν
777 2362 824 2388 αὖ·

54 2403 106 2430 τῆρ
132 2403 185 2430 ὅσον
207 2407 256 2443 γὰρ
277 2404 307 2431 ειν
323 2406 388 2435 αὑτὴ
409 2405 565 2442 πολεμῆται,
591 2410 714 2433 τοσοῦτον
729 2406 824 2443 μᾶλλον

55 2448 192 2482 κρατύνεται,
224 2449 464 2487 ἐγκαλλωπιζομένη
498 2454 529 2487 τῇ
561 2454 608 2477 τοῦ
640 2455 757 2488 Χριστου
785 2452 824 2478 ἐκ·

56 2492 155 2524 μιμήσει.
174 2493 255 2521 Αὶτοῡ
276 2495 327 2531 γάρ
359 2504 440 2530 εστιν,
457 2493 651 2530 ἀψευδέστατος
677 2495 752 2532 λόγος
782 2496 825 2522 ού-

56 2537 107 2560 τωσὶ
130 2538 236 2572 φάσκων.
261 2542 291 2566 Et
317 2539 360 2576 ἐμὲ
389 2538 509 2575 ἇδίωξοιν,
543 2542 587 2566 καὶ
616 2540 681 2577 ὑμᾶς
714 2539 824 2573 διώξου-

59 2585 106 2603 σιν·
133 2580 151 2607 εἰ
174 2585 214 2609 τόν
241 2583 316 2620 λόγον
349 2594 399 2621 μου
428 2585 570 2622 ἐτήρησαν,
605 2588 649 2612 καὶ
683 2587 726 2612 τόν
759 2587 824 2623 ύμέ-

86 2687 104 2705 ¹¹
121 2690 212 2722 latth.
223 2700 284 2729 xw,
294 2694 339 2723 18.
379 2694 402 2713 ¹²
415 2694 501 2728 toan,
516 2701 566 2731 xv,
581 2695 627 2724 20.

878 2180 1004 2209 Romani
1019 2183 1048 2208 et
1061 2179 1137 2216 Syri,
1153 2179 1252 2208 cuncti
1275 2179 1460 2208 orthodoxiae
1476 2183 1637 2215 amatores,
1653 2187 1702 2208 ac-

878 2226 973 2254 curati
985 2225 1055 2253 ﬁdei
1068 2225 1156 2253 nobis
1169 2233 1187 2253 a
1197 2224 1333 2253 Patribus
1346 2224 1460 2253 traditae
1489 2225 1639 2261 custodes,
1653 2233 1702 2253 su-

878 2278 932 2307 per
963 2278 1057 2307 quam
1094 2269 1285 2305 omnipotens
1306 2269 1356 2297 Dei
1378 2272 1406 2298 et
1428 2270 1522 2297 Patris
1544 2269 1703 2298 brachium

879 2315 1020 2351 Christus,
1035 2314 1193 2343 Ecclesiam
1206 2321 1294 2342 suam
1324 2313 1491 2348 aediﬁcavit,
1508 2316 1536 2342 et
1551 2317 1643 2350 portas
1658 2314 1702 2342 in-

879 2359 932 2388 feri
938 2367 1000 2388 non
1005 2367 1067 2396 prae
1071 2358 1212 2387 valebunt
1221 2358 1365 2387 adversus
1380 2366 1449 2386 eam
1460 2359 1490 2386 ¹¹.
1499 2359 1521 2391 Q
1527 2367 1585 2387 uan
1589 2361 1617 2387 to
1623 2359 1704 2386 enim

880 2404 977 2439 magis
987 2404 1053 2440 ipsa
1063 2405 1239 2440 oppugnata
1246 2402 1345 2438 fuerit,
1356 2410 1392 2431 eo
1401 2402 1470 2438 plus
1481 2403 1702 2436 corroboratur,

880 2457 933 2486 per
944 2449 1048 2477 Christi
1060 2448 1256 2476 imitationem
1268 2455 1333 2476 sese
1342 2447 1579 2483 etferenstsius
1591 2447 1703 2483 quippe

879 2494 1055 2522 verissimus
1067 2496 1112 2521 est
1126 2501 1234 2527 sermo,
1250 2501 1311 2529 quo
1324 2493 1364 2521 ita
1375 2492 1416 2520 ait
1429 2501 1436 2520 :
1452 2493 1487 2520 Si
1499 2500 1545 2520 me
1556 2493 1704 2526 persecuti

880 2542 961 2573 sunt,
973 2542 999 2567 et
1010 2546 1060 2566 υοε
1070 2541 1309 2574 persequentur;
1319 2538 1347 2565 εἰ
1359 2544 1523 2565 sermonem
1535 2544 1631 2564 meum
1645 2543 1704 2563 867‘—

880 2587 1044 2619 vaverunt;
1060 2586 1087 2612 et
1104 2586 1230 2612 vestrum
1245 2583 1407 2612 servabunt
1424 2583 1456 2608 ¹².
1471 2582 1572 2620 Igitur,
1587 2580 1704 2620 fratres,
