1944 3084
223 139 270 166 671
803 135 957 166 GERMANI
976 135 1000 163 li
1021 134 1029 160 t

1104 134 1329 166 PATRIARCH/E

1857 141 1931 167 672

221 207 290 237 quae
300 199 332 229 in
351 202 427 229 terra
441 201 482 236 ‘1;
500 211 514 226 »
529 200 612 230 illum
638 200 780 229 eumdem
792 199 918 236 jussisse
932 205 1029 235 prmpa

1105 202 1198 235 χρυσᾶ
1212 201 1332 238 τορευτὰ,
1347 202 1391 227 καὶ
1413 205 1512 232 στῆσαι
1537 205 1585 233 τῆς
1609 202 1678 239 ἰιρᾶς
1701 201 1814 228 κιϐωτοῦ
1845 202 1931 238 παρ’

222 244 281 273 rari
291 245 367 273 duos
381 252 488 273 aureos
499 245 653 274 tornatiles
661 245 852 278 cherubinos,
869 246 898 272 et
911 245 1050 279 utrinque

222 289 261 318 ad
270 297 387 318 sacram
396 297 497 318 arcam
513 290 652 318 collocari
667 291 680 318 *Ρ
693 290 784 318 Testis
801 288 898 317 verbis
913 287 988 316 meis
1003 294 1051 315 ac-

223 333 301 361 cedit
317 335 345 361 et
359 333 481 365 Paulus,
496 333 545 361 ille
559 333 590 362 in
605 333 687 362 caelis
716 333 856 369 gradiens
884 331 1050 368 apostolus,

222 377 302 405 facta
313 385 417 406 eorum
433 378 586 406 mentione
601 378 631 406 in
642 386 686 414 ea,
703 386 772 414 qua;
788 380 834 406 est
851 376 890 405 ad
910 376 1049 404 Hebraeos

223 421 364 458 Epistola,
385 422 436 450 ubi
454 423 496 450 sic
512 423 550 451 ad
570 423 695 451 verbum
725 422 834 450 scribit:
852 432 865 446 α
886 421 957 450 Post
970 420 1050 449 vela-

222 468 358 494 mentum
370 468 471 495 autem
480 467 658 501 secundum,
667 466 906 500 tabernaculum,
917 465 1000 502 quod
1008 465 1051 493 di-

223 510 299 539 citur
314 511 422 539 Sancta
437 514 620 540 sanctorum:
638 519 747 540 aurum
770 511 888 539 habens
915 509 1050 538 thuribu-

223 555 298 590 lum,
313 558 342 584 et
360 564 462 585 arcam
476 556 645 585 testamenti
659 556 883 585 circumtectam
905 563 942 583 ex
967 554 1050 582 omni

222 602 308 636 parte
323 608 407 634 auro,
422 600 453 628 in
467 609 529 638 qua
543 609 619 630 urna
632 609 723 629 aurea
737 600 853 628 habens
870 607 993 634 manna,
1023 601 1051 626 et

223 644 309 679 virga.
316 647 423 676 Aaron,
433 652 501 681 quae
509 645 692 676 fronduerat.
705 647 733 673 et
749 643 858 672 tabulae
869 643 1048 678 testamenti,

225 696 376 725 superque
388 697 455 717 eam
466 691 530 718 erat
540 689 695 717 cherubim
712 689 813 724 glorite
837 687 1051 717 obumbrantia

224 733 467 769 propitiatorium
476 734 499 752 θ’
511 743 518 766 ;
529 744 542 758 ››
553 741 643 769 super
657 733 768 770 quibus
783 732 955 761 cherubinis
970 739 1050 768 saepe

225 777 270 810 iis,
279 777 332 814 qui
339 778 421 812 digni
429 780 523 811 erant,
536 779 678 806 Dominus
687 777 862 815 apparebat.
873 778 913 805 Ea
922 776 1001 804 enim
1011 776 1048 804 de

226 829 319 850 causa
327 830 345 850 a
355 823 446 851 Paulo
455 822 610 851 cherubim
621 823 721 858 glorite
731 822 888 850 nominata
898 823 976 849 sunt.

260 867 357 901 Vides,
366 875 452 903 casce,
464 866 961 904 quomodo,utsupradicebamus,
983 873 1050 894 san-
1069 873 1088 901 Β

224 913 278 939 ctae
287 911 345 940 sint
352 912 559 940 similitudines
568 915 741 940 sanctorum
749 913 976 948 prototyporum
983 932 988 937 .
996 917 1049 938 seu

225 956 451 992 exemplarium.
461 957 497 985 At
512 965 582 985 vero
596 956 748 984 dmmones
762 954 936 983 exsecrandi
953 957 981 982 et
995 961 1049 990 pe-

222 999 303 1028 nitus
312 1000 567 1037 detestandisunt,
587 1008 752 1037 eorumque
762 999 842 1028 idola
865 998 1049 1027 exsecranda

223 1046 252 1072 et
266 1045 385 1080 penitus
398 1045 575 1073 detestanda
589 1047 668 1079 sunt;
678 1047 707 1073 et
715 1044 766 1080 qui
781 1043 884 1072 colunt
898 1043 973 1076 illos,
998 1050 1047 1071 eo-

224 1095 352 1124 rumque
375 1089 545 1124 simulacra,
559 1090 669 1126 pariter
683 1097 752 1117 cum
766 1088 839 1124 ipsis
853 1087 954 1122 ignem
967 1090 1049 1116 aeter-

225 1139 298 1159 num
307 1132 536 1163 hmreditabunt.
545 1134 624 1169 Ignis
630 1141 699 1161 vero
707 1131 908 1161 eslfuniculus
924 1132 1048 1160 haeredi-

226 1176 295 1203 tatis
306 1177 528 1211 Bogomilorum
541 1188 548 1212 ;
561 1186 628 1206 cum
657 1180 686 1205 et
711 1176 768 1204 illis
787 1179 937 1212 competat
955 1176 1047 1205 illud:

227 1230 241 1244 ι‹
258 1220 302 1248 Dii
317 1221 449 1255 gentium
465 1221 657 1250 dtemonia“.
677 1232 690 1246 n
706 1222 738 1248 Et
752 1220 888 1249 attendas
900 1220 989 1249 velim
1010 1221 1049 1249 ad

225 1264 369 1292 orationis
389 1266 505 1293 seriem.
524 1266 627 1295 Omnis
641 1266 734 1294 homo
751 1265 802 1301 qui
817 1265 931 1293 ratione
946 1267 975 1293 et
985 1273 1049 1293 ora-

225 1308 304 1336 tione
312 1309 431 1345 regitur,
444 1311 537 1338 Deum
545 1318 636 1347 quem
645 1309 722 1343 colit,
733 1309 874 1338 eumdem
893 1309 1050 1338 conﬁtetur

225 1353 410 1382 conditorem
421 1355 486 1383 cceli
496 1357 524 1383 et
535 1357 630 1391 terrae,
640 1358 669 1383 et
679 1355 814 1383 omnium
825 1362 892 1391 quae
910 1354 940 1382 in
962 1357 1048 1388 terra;

226 1400 254 1426 et
264 1399 315 1434 qui
324 1407 391 1427 vere
401 1400 510 1429 horum
521 1400 641 1429 effector
662 1402 716 1434 est,
732 1399 795 1435 ipse
806 1402 849 1427 est
865 1404 893 1427 et
912 1400 998 1427 Deus.
1014 1401 1049 1428 At

225 1450 296 1470 vero
304 1444 637 1478 Bogomilieﬂ‘ectionem
650 1442 882 1472 mundidiabolo
895 1443 1050 1478 assignant

227 1489 258 1514 ut
267 1488 391 1522 proinde
403 1489 427 1516 si
436 1489 491 1516 sibi
502 1491 640 1518 constare
655 1488 754 1522 velint,
765 1488 906 1516 eumdem
916 1490 944 1516 et
956 1489 1048 1516 Deum

1105 242 1214 280 ἑκάτερα
1238 248 1447 283 ;Συμμαρτυριῑ
1472 256 1518 283 μοι
1545 251 1581 282 τῷ
1603 246 1671 282 λόγῳ
1692 248 1737 272 καὶ
1766 245 1872 277 Παῦλος
1904 246 1928 271 ὁ

1105 288 1288 326 ούρανοϐάμων
1318 289 1473 324 ἀπόστολος,
1502 293 1668 327 μνημονιύων
1691 292 1789 317 τούτων
1819 290 1845 316 ἄν
1874 295 1923 326 τῇ

1104 334 1170 368 πρὸς
1196 333 1329 370 Ἐϐραίους
1354 335 1502 372 Ἐπιστολῇ,
1536 338 1581 362 καὶ
1606 335 1685 371 λέγων
1715 335 1785 362 οὕτω
1809 335 1925 372 parm;-

1105 388 1119 403 «
1136 379 1209 405 Μιτά
1223 377 1253 406 δὲ
1276 381 1305 406 τὸ
1320 378 1439 416 δεύτερον
1457 384 1648 417 καταπέτασμα
1675 383 1758 410 σκηνή
1789 381 1805 409 ἠ
1835 380 1923 416 λεγο-

1104 422 1167 458 μὶνη
1187 422 1265 458 Ἅγια
1289 422 1379 460 ἁγίων,
1412 425 1532 461 χρυσοῦν
1567 427 1670 461 ἔχουσα
1701 425 1921 461 Θυσιαοτήριον,

1105 468 1150 492 καὶ
1173 469 1220 496 τὴν
1249 467 1358 495 κιϐωτόν
1387 473 1437 500 τῆς
1478 467 1608 500 διαθήκης
1646 468 1921 506 πιριχεκαλυμμένην

1105 511 1228 537 πάντοθιν
1247 514 1365 549 χρυσίῳ,
1387 511 1411 538 ἓν
1481 514 1594 549 στάμνος
1622 516 1712 549 χρυσῆ
1747 514 1855 548 ἔχουσα
1879 514 1919 538 τὸ

1104 555 1198 590 μάννα,
1218 559 1262 582 καὶ
1279 557 1292 586 ὁ
1311 555 1409 594 ῥάϐδος
1429 557 1527 594 Ἀαρὼν
1549 559 1564 587 ἠ
1593 557 1780 594 βλαστήσασα,
1804 559 1853 583 καὶ
1884 558 1920 583 αἱ

1104 599 1199 631 πλάκες
1224 604 1272 631 τῆς
1295 599 1426 632 διαθήκης
1443 612 1450 619 ο
1467 602 1584 639 ὑπιράνω
1611 601 1641 628 δ”ς
1664 602 1745 632 αὐτῆς
1770 601 1920 638 Χερουϐὶμ.

1105 642 1186 676 δόξης
1208 646 1420 676 κατασκιάζοντα
1450 648 1477 673 τό
1512 647 1672 684 ἱλαστήριον,
1702 657 1716 671 »
1745 646 1783 682 ἀφ’
1806 647 1842 672 ὧν
1873 645 1915 676 δή

1105 689 1237 726 Χερουϐὶμ
1269 690 1392 727 πολλάκις
1420 691 1433 717 ὁ
1461 693 1526 722 Θεὸς
1553 696 1601 723 τῆς
1629 690 1710 723 δόξης
1742 690 1918 727 ἆνιφανίζι-το

1104 737 1159 765 τοῖς
1183 733 1274 766 ἀξίοις.
1309 725 1356 762 [ίιὰ
1383 737 1434 773 γὰρ
1467 740 1543 763 τοῦτο
1573 739 1618 763 καὶ
1647 735 1748 768 Παῦλος
1771 725 1917 774 Χερουϐὶμ

1105 775 1185 810 δόξης
1194 784 1277 806 ταῦτα
1286 782 1463 817 κατωνόμασε.

1141 863 1252 898 Βλιπιις,
1280 866 1368 901 τυφλὲ,
1403 868 1466 899 πῶς⁷
1499 866 1585 897 καθὼς
1618 864 1741 902 ἂνωτάρω
1773 864 1907 901 ἆλέγομεν,

1104 907 1166 944 ἅγιά
1178 909 1229 935 ιὶσι
1244 910 1276 936 τὰ
1293 910 1446 946 ὁμοιώματα
1472 914 1522 936 τῶν
1547 910 1628 946 ἁγίων
1651 911 1841 947 πρωτοτύπων.
1873 910 1910 935 Οἱ

1104 951 1133 979 δί
1158 951 1279 990 δαίμονες
1302 957 1392 991 μιαροὶ
1417 957 1462 980 καὶ
1489 957 1647 991 τιτιμμίαροι²
1673 957 1718 980 καὶ
1741 955 1775 980 τὰ
1802 955 1908 980 τούτων

1103 996 1197 1024 εἴδωλα
1223 999 1306 1036 μιαρὰ
1334 1001 1379 1024 καὶ
1408 1001 1560 1036 παμμίαρα,
1590 1001 1636 1025 καὶ
1663 1001 1687 1025 oi
1716 998 1832 1028 σέϐοντες
1859 998 1908 1024 αὔ-

1101 1045 1160 1073 τοὺς
1191 1045 1236 1069 καὶ
1264 1044 1297 1069 τὰ
1324 1044 1419 1070 τούτων
1444 1042 1539 1070 εἴδωλα
1558 1046 1606 1070 σὺν
1632 1043 1718 1074 αὐτοῖς
1739 1045 1769 1070 τό
1786 1047 1840 1080 πῦρ
1874 1044 1905 1068 τό

1103 1087 1458 1125 αἰώνιονηκληρονομήσουσι.
1482 1090 1517 1115 Τὸ
1533 1087 1562 1115 δί
1586 1092 1638 1126 πῦρ
1668 1090 1817 1124 σχοίνισμα
1841 1087 1906 1115 κλῃ-

1102 1134 1224 1169 ρονομίας
1253 1137 1302 1158 τῶν
1334 1132 1480 1168 Βογομίλων
1519 1132 1588 1159 ἐστίν

1104 1175 1231 1213 ἁρμόδιον
1245 1178 1287 1209 τὸ,
1301 1187 1315 1201 ι(
1338 1177 1371 1202 Oi
1398 1177 1450 1203 θεοὶ
1472 1181 1522 1203 τῶν
1547 1176 1624 1203 ὶθνῶν
1647 1175 1782 1213 δαιμόνια.
1811 1187 1825 1201 n
1853 1178 1908 1202 Καὶ

1103 1222 1238 1256 πρόσσχες
1250 1225 1280 1257 τῇ
1297 1224 1342 1248 τοῦ
1354 1221 1432 1257 λόγου
1449 1225 1542 1251 nevi.
1563 1224 1615 1251 Πᾶς
1630 1220 1765 1258 ἅνθρωπος
1789 1221 1829 1246 νοῖ
1858 1223 1908 1246 καὶ

1103 1263 1171 1300 λόγῳ
1189 1262 1376 1302 διοικούμενος,
1407 1267 1450 1291 τὸν
1472 1267 1536 1292 Θεὸν
1557 1266 1584 1291 ὃν
1607 1265 1719 1298 σὶϐιτοιι,
1750 1267 1794 1291 τὸν
1823 1264 1908 1290 αὐτὸν

1637 1132 1692 1159 ἐπεὶ
1730 1135 1775 1158 καὶ
1813 1131 1907 1162 αὐτοῖς

1104 1308 1223 1345 ὁμολογεῖ
1236 1311 1281 1335 καὶ
1296 1312 1405 1339 ποιητὴν
1426 1309 1547 1346 οὐρανοῦ,
1574 1312 1619 1336 καὶ
1638 1314 1699 1345 γῆς,
1728 1311 1774 1335 καὶ
1800 1310 1908 1335 πάντων

1103 1357 1153 1379 τῶν
1178 1352 1202 1379 ἐν
1218 1357 1248 1382 τῆ
1265 1358 1310 1389 γῆ·
1336 1352 1382 1380 δαὶ
1409 1354 1422 1379 ὁ
1446 1355 1477 1383 ἠν
1497 1353 1597 1380 ἁλεθιία
1618 1355 1716 1380 τούτων
1741 1352 1909 1390 δημιουργός

1103 1398 1179 1428 αᾶτός
1204 1397 1259 1424 ἐστι
1283 1400 1329 1424 καὶ
1351 1397 1423 1429 Θεός.
1451 1401 1483 1424 Οί
1508 1398 1644 1434 Βογόμιλοι
1657 1400 1703 1427 τὴν
1724 1397 1907 1433 δημιουργίαν

1103 1446 1149 1468 τοῦ
1164 1444 1266 1479 κὸσμου
1283 1447 1319 1478 τῷ
1335 1441 1450 1478 διαϐόλῳ
1470 1443 1692 1480 άποχαρίζονται,
1704 1443 1737 1473 ὡς
1759 1441 1906 1468 ἀκόλουθον

1104 1488 1168 1513 δῖναι
1192 1487 1291 1521 αὐτοῖς,
1311 1489 1355 1513 καὶ
1384 1489 1448 1514 Θιὸν
1467 1491 1557 1513 τοῦτον
1582 1487 1705 1522 ἡγεῖσθαι
1723 1496 1768 1512 χαι
1787 1496 1907 1523 προσκυ-

225 1532 393 1561 existimare
404 1536 432 1561 et
446 1535 571 1562 adorare
586 1534 725 1562 debeant:
741 1540 803 1569 quo
817 1532 851 1561 ﬁt
864 1535 896 1561 ut
915 1534 1024 1567 Bogom

1104 1535 1164 1563 νεῖν,
1194 1533 1239 1557 καί
1267 1534 1336 1558 ἐστιν
1370 1532 1382 1558 ὀ
1409 1534 1475 1562 Θεὸς
1502 1535 1551 1558 τῶν
1578 1531 1725 1568 Βογομίλων
1755 1529 1906 1567 δαιμονιον,

223 1574 321 1604 lorum
333 1578 407 1606 deus
419 1579 455 1606 sit
471 1578 602 1611 daemon,
616 1578 791 1613 idolumque
814 1577 923 1605 horum
938 1577 1050 1606 diemo-

224 1627 297 1648 num
308 1622 432 1658 quilibet
442 1631 478 1651 ex
491 1623 648 1658 Bogomilis
657 1621 850 1650 assimulatus
860 1621 900 1649 ad
917 1630 1049 1657 unguem

225 1671 280 1692 suo
291 1667 462 1702 prototypo.
481 1668 555 1694 Sunt
567 1667 646 1694 enim
667 1669 696 1694 et
709 1665 755 1693 isti
770 1665 946 1693 tenebricosi
960 1666 1048 1694 infor—

225 1716 299 1741 mes,
308 1712 346 1744 et,
360 1713 392 1738 ut
402 1718 462 1738 uno
470 1711 562 1738 verbo
570 1709 928 1745 dicam,dmmonisquasi
935 1710 1047 1738 vultum

224 1754 421 1788 etpersonam
436 1754 543 1782 induti.
569 1754 684 1782 Similes
703 1752 760 1781 illis
775 1752 858 1786 ﬁant,
873 1753 924 1789 qui
946 1755 1049 1783 colunt

225 1803 286 1831 eos,
297 1797 409 1833 quique
424 1806 527 1826 eorum
543 1798 747 1834 blasphemias
756 1797 914 1833 recipiunt,
949 1799 1049 1835 subja-

225 1844 371 1877 ceantque
381 1850 487 1870 omnes
497 1845 607 1870 aeterno
622 1843 816 1873 anathemati.

259 1885 463 1921 Suppetebant
472 1887 595 1923 quidem
604 1890 631 1915 et
640 1887 698 1915 alia
707 1896 774 1924 quze
791 1888 940 1925 praedictis
955 1887 1048 1916 adde-

225 1936 299 1962 rem,
312 1929 476 1959 refutandae
490 1932 711 1966 Bogomilorum
728 1933 867 1968 stultitiae,
884 1933 936 1961 sed
956 1932 1048 1960 modo

225 1976 313 2001 vocat
329 1982 385 2002 nos
398 1975 506 2003 divina:
521 1976 719 2012 mystagogize
733 1980 761 2005 et
775 1977 893 2005 sacriﬁii
904 1977 1048 2005 offerendi

226 2019 355 2054 tempus:
371 2020 453 2055 quod
469 2019 542 2048 dum
569 2021 774 2056 auspicamur,
790 2030 896 2050 omnes
918 2021 1049 2050 veritatis

226 2061 326 2090 hostes
337 2065 364 2090 et
377 2064 465 2091 amici
484 2064 644 2097 mendacii,
679 2065 718 2093 ab
741 2066 879 2094 omnium
894 2065 945 2102 qui
972 2065 1049 2094 Chri-

226 2106 324 2134 stiano
335 2107 456 2135 nomine
471 2111 638 2144 censentur,
646 2109 765 2144 linguis,
782 2110 966 2138 anathemati
979 2109 1050 2138 sub-

226 2150 343 2178 dentur.
357 2152 416 2186 Ego
432 2160 511 2185 vero,
539 2153 706 2182 charissimi
733 2154 796 2188 ﬁlii,
824 2155 848 2182 si
874 2154 1049 2191 perbrevem

226 2195 460 2224 cohortationem
467 2197 505 2225 ad
513 2198 668 2226 utilitatem
679 2199 847 2227 animarum
855 2190 1048 2234 adjecero,di-
1066 2190 1087 2217 Β

226 2239 312 2267 cendi
326 2240 416 2268 ﬁnem
432 2241 551 2270 faciam.
567 2243 682 2271 Memini
699 2251 746 2271 me
775 2246 804 2271 et
828 2243 902 2272 alias
927 2251 979 2272 vos
1007 2243 1048 2271 in-

227 2287 338 2312 struere
352 2287 380 2313 et
390 2294 511 2314 monere
523 2288 699 2324 utquinque
717 2288 917 2316 hebdomadis
943 2288 1049 2316 diebus

227 2329 319 2357 semel
327 2329 472 2359 duntaxat
481 2331 559 2360 circa
570 2333 675 2361 horam
686 2340 798 2361 nonam
806 2332 908 2361 cibum
925 2332 1049 2369 capiatis

227 2375 259 2401 Et
269 2381 348 2402 nunc
358 2374 458 2403 denuo
468 2376 505 2404 de
521 2377 626 2405 eodem
641 2380 770 2406 vestram
785 2377 958 2406 charitatem
970 2385 1049 2405 com-

261 2446 282 2463 ⁶¹
295 2446 385 2474 Exod.
406 2455 456 2481 xx,
468 2449 494 2476 4.
533 2449 556 2466 ⁵³
569 2448 655 2476 Hebr.
667 2451 741 2482 ix,5.
788 2449 812 2467 ⁶³
826 2448 902 2477 Psal.
930 2457 986 2477 xcx
1003 2451 1048 2483 ,5.

261 2518 300 2552 (8)
317 2519 420 2556 Graeci,
432 2527 493 2556 non
519 2520 610 2556 modo
637 2520 798 2556 Dominicis
815 2528 881 2556 non
898 2520 1047 2556 jejunant.

225 2556 257 2581 ut
265 2561 331 2581 mas
344 2554 479 2582 Ecclesia:
492 2555 591 2588 habet,
607 2555 660 2583 sed
679 2563 733 2583 nec
753 2554 905 2584 Sabbatis.’
927 2554 991 2589 Quo
1016 2556 1049 2584 iit

225 2592 257 2616 ut
270 2589 404 2626 quinque
421 2593 536 2618 tantum
547 2590 610 2618 dies
623 2591 823 2619 hebdomadis
835 2591 950 2626 jejunio
979 2599 1049 2619 con-

225 2624 344 2662 cedant.
355 2624 455 2661 Carpit
470 2629 570 2654 autem
585 2626 675 2661 paulo
688 2629 755 2662 post
775 2624 893 2654 Latinos
931 2628 1049 2662 Graecus

225 2659 446 2694 schismaticus,
472 2663 500 2689 et
528 2659 620 2689 hosiis
650 2659 741 2689 Latini
766 2662 908 2689 nominis.
935 2661 1049 2690 Habent

226 2695 317 2733 (graeci
330 2695 406 2723 duas
428 2696 680 2732 Quadragesimas
697 2706 703 2730 ;
719 2697 844 2725 alteram
869 2705 992 2733 quoque
1007 2698 1048 2726 ita

225 2729 346 2769 dictam,
363 2739 454 2759 verno
473 2729 616 2768 tempbre,
634 2735 702 2760 ante
718 2733 840 2764 Pascha.
857 2729 894 2760 de
908 2729 969 2769 quo
991 2733 1049 2761 hoc

225 2765 292 2793 loco
320 2768 498 2804 Germanus.
515 2765 635 2804 Constat
657 2770 770 2804 septem
800 2765 991 2804 septimanis;
1017 2771 1048 2797 ut

225 2809 368 2830 numerus
381 2803 811 2842 Quadragesimsecompleatur
820 2803 893 2841 quia
910 2804 1048 2833 Sabbatis

1105 1579 1149 1602 καί
1171 1574 1268 1602 εἴδωλα
1290 1578 1388 1603 τούτων
1415 1579 1522 1607 ἔκαστος
1544 1580 1593 1602 τῶν
1616 1575 1762 1612 Βογομίλων
1787 1585 1907 1612 παρομο-

1106 1622 1222 1657 ἱούμενος
1239 1623 1302 1659 πρὸς
1325 1623 1353 1647 τὸ
1371 1624 1539 1658 πρωτότυπον
1563 1621 1696 1658 ἄντικρυς·
1721 1622 1906 1658 Σκοτιινόμορ-

1103 1674 1146 1701 φοι
1171 1667 1221 1702 γὰρ
1245 1667 1290 1691 καί
1313 1663 1385 1692 οὗτοι
1399 1668 1444 1691 καί
1466 1663 1610 1697 δυσειδιῐς,
1628 1668 1674 1691 καί
1698 1664 1788 1695 ἁπλῶς
1814 1667 1905 1697 sinsi»,

1103 1708 1361 1746 δαιμονοπρόσωποι.
1379 1710 1485 1746 Ὀμοιοι
1499 1711 1585 1740 αὐτοῖς
1599 1712 1713 1745 γένοιντο
1734 1709 1760 1736 οἱ
1778 1713 1905 1746 τιμῶντες

1103 1754 1206 1787 αὐτοὺς,
1235 1757 1279 1780 καί
1309 1755 1356 1785 τὰς
1380 1753 1552 1791 βλασφημίας
1590 1755 1688 1780 τούτων
1714 1752 1902 1791 παραδεχόμε-

1102 1808 1151 1832 νοι,
1166 1801 1209 1824 καὶ
1223 1800 1340 1825 ἔστωσαν
1354 1800 1378 1825 οἱ
1396 1803 1509 1825 τοιοῦτοι
1535 1800 1629 1830 πάντ-ις
1662 1799 1712 1825 ὑπὸ
1738 1801 1768 1824 τό
1799 1799 1901 1826 αἰώνιον

1104 1842 1219 1879 ἀνάθεμα

1138 1886 1218 1924 Εἶχον
1232 1889 1277 1924 μὲν
1301 1886 1344 1914 οὖν
1374 1890 1419 1914 καὶ
1443 1888 1516 1924 ἕτερα
1545 1888 1712 1925 προστιθέναι
1737 1886 1790 1918 τοῖς
1819 1898 1905 1926 προκι-

1103 1934 1221 1969 ρημιίνοις
1245 1932 1281 1963 εἰς
1312 1932 1417 1968 ἔλεγχον
1443 1936 1492 1963 τῆς
1517 1936 1565 1958 τῶν
1593 1932 1739 1968 Βογομίλων
1769 1942 1905 1970 παραφρο-

1105 1977 1195 2011 σύνης,
1212 1976 1265 2003 ἀλλ’
1288 1977 1303 2006 ἡ
1330 1981 1377 2008 τῆς
1407 1977 1475 2008 θείας
1502 1979 1689 2012 μυσταγωγίας
1712 1978 1831 2013 πανίιρος
1855 1986 1900 2003 τε-

1103 2020 1174 2057 λετὴ,
1217 2022 1277 2058 ἄρτι
1315 2020 1502 2059 προσκαλεῖται
1534 2021 1604 2057 ἡμᾶς
1643 2020 1772 2047 τελεῖσθαι
1817 2020 1902 2057 ἀπαρ-

1105 2068 1231 2102 χομένης,
1259 2067 1350 2097 πάντες
1372 2067 1397 2092 οἱ
1424 2070 1472 2097 τῆς
1494 2065 1612 2096 ἀληθείας
1640 2065 1732 2102 ἐχθροὶ
1760 2068 1807 2092 καὶ
1832 2066 1899 2102 φίλοι

1104 2115 1150 2137 τοῦ
1174 2109 1286 2146 ψεύδους
1313 2111 1362 2137 ὑπὸ
1389 2114 1447 2142 ταῖς
1472 2110 1591 2137 ἁπάντων
1622 2114 1673 2136 τῶν
1707 2112 1900 2147 Χριστωνὺμων

1104 2155 1237 2191 γλώσσαις
1253 2156 1443 2182 ὑποπεσοῡνται
1471 2159 1506 2190 τῷ
1531 2154 1681 2191 ἁναθέματι.
1706 2155 1774 2190 Ἐγὼ
1802 2153 1832 2181 δί
1857 2165 1900 2192 μι-

1104 2201 1168 2237 κρὰν
1182 2202 1333 2236 παραίνεσιν
1357 2201 1422 2237 πρός
1449 2202 1493 2229 τὴν
1517 2201 1641 2237 ὑμετεραν
1672 2199 1787 2236 ἀγάπην,
1821 2200 1842 2225 ὦ
1862 2202 1900 2227 τὲ-

1103 2255 1152 2271 κνα
1179 2245 1336 2282 τριπόθητα,
1372 2244 1575 2282 προϐαλλόμενος
1616 2244 1650 2275 si;
1689 2244 1810 2280 ὠφέλειαν
1851 2249 1899 2270 τῶν

1102 2289 1199 2326 ψυχῶν
1216 2291 1377 2316 καταπαύσω
1399 2291 1441 2316 τὸν
1460 2288 1546 2325 λόγον,
1575 2291 1715 2325 Μέμνημαι
1740 2291 1786 2315 καί
1813 2289 1899 2316 ἄλλοτέ

1103 2344 1164 2361 ποτε
1190 2336 1372 2370 κατηχηκὶναι
1391 2335 1550 2370 παραινέσας
1575 2334 1635 2369 ὑμῖν
1659 2333 1683 2360 ἐν
1705 2333 1798 2365 αὑταῖς
1827 2335 1898 2360 πέντε

1103 2383 1151 2410 τῆς
1166 2377 1314 2415 ἑϐδομάδος
1328 2379 1493 2416 ἡμέραιςτῆς
1519 2378 1598 2414 ἁγίας
1623 2380 1745 2408 νηστείας
1762 2379 1800 2414 (8)
1823 2388 1896 2415 μονο‹

1103 2519 1236 2548 similiter
1247 2519 1393 2548 utdiebus
1403 2519 1564 2547 Dominicis
1574 2526 1635 2547 non
1649 2519 1688 2554 jej
1694 2521 1789 2547 unant
1799 2520 1894 2548 Graeci.

1103 2555 1429 2588 luchoaturdieslunee;
1443 2555 1596 2583 Dominica
1622 2554 1758 2590 proxime
1774 2562 1896 2590 sequens

1102 2591 1416 2626 estprimabominica
1432 2590 1687 2626 Quadragesimze,
1712 2590 1895 2618 Orthodoxise

1102 2625 1213 2654 nomen
1223 2625 1340 2662 adepta.
1357 2626 1452 2654 Tertia
1460 2628 1504 2654 est
1520 2625 1568 2662 τῆς
1597 2629 1894 2662 στανροπροσκυνήσιως

1103 2660 1294 2690 Αάοναιὶοηίἐ
1302 2662 1411 2694 crucis,-
1420 2665 1514 2693 sexta,
1524 2660 1705 2689 Palmaruin:
1717 2660 1813 2697 pridie
1824 2662 1894 2689 cele-

1101 2697 1205 2725 bratur
1213 2697 1399 2725 resuscitatio
1410 2697 1519 2725 Lazari.
1533 2696 1893 2725 Dominicam’Palmarum

1102 2733 1236 2769 sequitur
1245 2740 1357 2768 magna
1365 2732 1544 2765 hebdomas,
1553 2740 1621 2769 quae
1633 2732 1816 2769 estseptima
1826 2734 1893 2766 Qua-

1101 2767 1289 2803 dragesimm;
1297 2767 1426 2804 primam
1433 2767 1593 2804 septimam
1600 2767 1841 2804 Quadragesime
1847 2775 1892 2796 an-

1101 2804 1210 2833 tecedit
1225 2803 1341 2841 Κυριάκὴ
1358 2803 1529 2841 τυρινήίεθιι
1544 2807 1592 2835 τῆς
1610 2804 1770 2842 τυροφάγου,
1786 2803 1824 2833 ab
1844 2811 1890 2832 esu
