1944 3084
201 89 253 115 707

237 147 324 181 Quod
336 155 408 176 vero
436 145 678 176 benedicendum
703 146 732 174 et
747 145 936 174 adorandum
951 145 1028 174 inter
1040 146 1065 174 Α

202 201 308 221 omnes
323 195 423 228 gentes
438 192 474 220 sit
492 198 604 219 nomen
621 190 736 225 Christi,
750 192 855 218 auctor
870 189 957 218 nobis
982 192 1026 218 est

200 238 345 266 altisonus
361 237 466 268 Isaias,
481 245 532 264 seu
549 235 596 264 ille
610 235 721 272 potius,
736 235 789 271 qui
804 235 884 262 Isaiae
898 234 1025 271 prophe-

201 284 259 311 tica
269 282 425 318 inspiravit
439 280 571 313 oracula,
587 280 628 307 sic
643 279 766 308 omnino
783 281 883 315 aperte
893 286 1024 314 pronun-

201 328 278 356 tians
291 337 296 353 :
316 327 468 354 Vocabitur
479 327 570 353 servis
586 325 655 352 meis
666 332 772 352 nomen
783 331 904 353 novum.
918 325 970 359 qui
980 325 1024 352 be-

200 371 390 400 nedicatur-in
397 369 661 405 terra;laudabunt
668 370 745 396 enim
753 369 845 396 Deum
852 367 1021 403 verum(35).

199 416 329 452 Populus
341 415 420 442 enim
434 414 483 442 Dei
496 422 555 442 non
573 412 702 449 amplius
717 412 809 441 Jacob
823 412 1021 448 (appellatur),

199 469 260 488 non
272 459 402 496 amplius
419 459 533 494 Joseph
545 461 598 486 aut
612 457 762 493 Ephraim;
782 459 882 484 vetera
912 456 962 484 illa
995 459 1024 484 et

198 505 334 534 obsoleta
340 503 539 532 suntnomina
552 503 603 530 sed
611 510 691 530 novo
698 505 820 530 vocatur
826 501 1021 536 nomine(36),

198 550 342 586 quoniam
359 552 388 576 et
416 550 626 576 testamentum
651 554 757 574 novum
788 550 843 579 est,
870 548 898 573 et
925 554 1022 573 novus

198 594 339 631 populus.
356 593 516 626 Quodnam
531 599 602 619 vero
618 591 696 618 istud
710 591 723 617 Ὺ
739 590 932 624 Christianus,
949 592 977 617 et
1004 598 1022 617 a

197 640 313 668 Christo
327 639 384 667 hoc
397 637 519 666 nomine
545 636 783 671 cognominatus,
808 643 877 662 vere
909 642 1020 662 nomen

197 692 286 712 suum
302 683 384 718 gerit.
400 682 577 717 Quicunque
595 682 694 708 autem
710 679 859 707 benedicit
872 687 952 712 eum,
968 679 1020 714 qui

197 736 264 756 vere
278 728 399 756 nomine
413 734 467 754 suo
483 726 524 753 sic
551 724 727 761 appellatur.
754 724 801 759 (eo
825 724 901 759 ipso)
926 725 1020 751 Deum

195 781 300 801 verum
311 771 469 803 benedicit,
486 769 597 798 scilicet
605 769 762 801 Christum,
780 776 799 796 a
810 776 872 804 quo
882 768 1019 796 Christia-

195 825 253 846 nus
268 824 379 845 nomen
385 816 514 843 sortitur.

230 866 291 897 Age
304 863 416 897 itaque,
431 862 460 887 et
477 858 583 887 exinde
600 859 646 886 sta
665 865 794 891 mecum,
823 860 912 893 atque
927 857 1019 885 ambo

195 907 284 935 simul
303 907 451 934 Christum
468 912 572 931 verum
599 904 692 931 Deum
720 902 898 934 adoremus;
925 905 953 929 et
972 902 1019 930 fac

194 951 353 979 nobiscum
369 949 496 982 signeris
511 948 568 983 (57)
583 947 696 975 lumine
709 946 809 974 vultus
819 946 896 973 illius
906 947 1018 974 acnovi

193 995 540 1029 Testamentisanguine,
557 993 659 1028 sicque
675 991 780 1019 mortis
809 993 959 1018 auctorem
990 993 1019 1018 et

192 1041 385 1069 tenebrarum
400 1038 565 1075 principem
582 1036 716 1070 effugias.

229 1086 327 1113 XXVII.
341 1086 377 1111 At
394 1083 538 1118 scriptum
557 1083 612 1115 est,
628 1080 733 1116 inquit,
749 1079 833 1115 quod
854 1079 974 1107 Orietur
985 1079 1017 1107 in

193 1131 294 1158 diebus
302 1130 365 1163 ejus
366 1128 487 1163 justitia
493 1130 519 1154 et
531 1129 557 1154 et
566 1125 752 1153 abundantia
760 1125 912 1158 pacisl38).
921 1124 1017 1151 Ethoc

192 1173 347 1202 oraculum
362 1172 495 1208 profecto
510 1170 650 1198 Salomon
663 1168 804 1204 operibus
816 1167 959 1204 implevit,
973 1171 1016 1196 ut-

192 1221 260 1255 pote
275 1218 327 1253 qui
340 1215 526 1252 sapientibus
537 1213 684 1249 rectisque
693 1213 813 1248 judiciis
829 1213 893 1240 lites
908 1212 1016 1240 direm-

191 1263 291 1300 pserit,
306 1265 334 1290 et
344 1262 487 1289 irruentes
499 1259 599 1287 hostes
613 1266 666 1294 per
681 1258 837 1285 circuitum
859 1258 917 1286 sibi
943 1258 1014 1285 sub-

188 1307 301 1344 jecerit.

227 1354 262 1380 At
275 1359 355 1385 vero,
384 1348 549 1386 quomodo,
571 1356 589 1375 ο
615 1346 756 1382 sacrilege
789 1347 906 1375 tacuisti
931 1347 1015 1383 quod

190 1397 323 1433 sequitur
339 1396 353 1423 ‘?
368 1393 536 1428 Quomodo,
556 1391 597 1419 ﬁli
612 1391 778 1424 ministerii,
798 1391 880 1427 quod
908 1392 1013 1420 merito

190 1441 270 1469 nocti
283 1442 482 1476 comparatur,
500 1439 603 1465 lunam
618 1436 802 1463 abscondisti
824 1438 856 1463 ut
892 1435 1012 1464 thesau-

188 1494 256 1514 rum
271 1484 404 1513 veritatis
419 1482 557 1510 suffurari
573 1488 677 1517 posses
691 1480 868 1513 ?Quodnam
877 1488 948 1508 vero
956 1481 1012 1508 hoc

188 1531 299 1559 furtum
309 1530 389 1557 ‘iﬂoc
400 1535 523 1563 nempe:
539 1526 632 1554 donec
644 1525 805 1560 auferatur
811 1526 894 1552 luna.
905 1527 1011 1552 Verum

187 1585 257 1605 cum
288 1575 402 1603 lumine
435 1571 567 1600 veritatis
604 1570 841 1598 dubitationibus
869 1569 927 1598 tuis
965 1578 1012 1597 oc-

185 1628 316 1649 curram.

222 1665 370 1700 Scriptum
382 1665 427 1690 est
439 1664 520 1698 (nam
546 1663 574 1688 et
599 1667 655 1695 ego
672 1658 841 1686 consimilia
866 1658 1008 1694 quaedam

184 1710 236 1738 tibi
250 1708 390 1741 narrabo)
401 1706 482 1742 quod
495 1705 655 1732 Suscitavit
667 1704 811 1731 Dominus
825 1706 910 1730 satan
921 1703 1009 1731 Sala-

185 1754 264 1781 moni
277 1753 359 1779 Ader
373 1751 548 1782 Idumaeam,
570 1751 597 1776 et
612 1749 716 1775 Esrom
732 1751 758 1775 et
775 1748 964 1780 llarameeth,
981 1751 1009 1775 et

185 1798 360 1826 Andraezer
371 1803 381 1829 ;
396 1797 423 1822 et
436 1795 638 1822 convenerunt
651 1792 795 1820 adversus
809 1799 874 1819 eum
885 1802 896 1824 ;
906 1796 932 1820 et
943 1796 1009 1820 erat

185 1843 249 1870 dum
263 1841 393 1876 agminis
407 1842 434 1866 et
447 1837 604 1872 occupavit
614 1837 774 1864 Damasec:
787 1839 909 1872 eratque
922 1840 1007 1864 satan

187 1887 293 1915 Israeli
305 1885 419 1912 cunctis
434 1883 536 1911 diebus
550 1881 716 1909 Salomonis
728 1882 793 1916 (39).
812 1882 901 1909 Satan
919 1889 1008 1917 porro

183 1932 254 1959 dicit
265 1931 314 1958 hic
327 1929 443 1957 hostem
458 1930 486 1954 et
500 1927 750 1962 oppugnatorem.

220 2021 276 2049 Sed
289 2020 390 2047 dicam
406 2017 458 2046 tibi
469 2016 557 2044 etiam
573 2015 734 2050 dejustitia
747 2015 926 2049 Salomonis,
954 2025 1007 2044 seu

182 2067 282 2103 potius
297 2072 359 2092 non
370 2070 436 2098 ego,
453 2061 506 2089 sed
521 2062 691 2095 Regnorum
704 2059 779 2087 liber
793 2059 850 2088 ista
863 2063 982 2088 enarrat
998 2070 1005 2088 :

182 2113 220 2140 El
235 2112 351 2139 locutus
364 2111 405 2136 est
417 2105 590 2143 populusad
600 2112 696 2140 regem
704 2105 843 2138 Roboam,
860 2105 1005 2134 dicentes:

181 2158 271 2184 Pater
285 2158 353 2182 tuus
360 2152 550 2180 durissimum
555 2152 664 2186 jugum
674 2150 903 2184 imposuitnobis
911 2151 1007 2186 (pater

181 2203 283 2229 autem
300 2198 436 2226 Roboam
446 2196 501 2223 fuit
516 2195 679 2229 Salomon).
695 2195 736 2221 Tu
753 2196 854 2230 itaque
864 2203 942 2222 nunc
952 2196 1004 2223 im-
1023 2191 1043 2218 Β

180 2247 281 2274 minue
294 2242 453 2278 paululum
468 2240 504 2268 de
516 2239 793 2274 imperiopatristui
803 2239 961 2267 durissimo
976 2243 1003 2268 et

180 2288 446 2326 gravissimojugo,
466 2285 545 2321 quod
554 2285 615 2318 ipse
625 2284 764 2319 imposuit
771 2283 855 2311 nobis
861 2284 930 2319 (40).
942 2286 1002 2311 Au-

178 2335 264 2363 disne
279 2332 442 2368 gratiarum
448 2330 590 2360 actiones,
597 2336 673 2364 quas
680 2327 821 2356 Salomon
836 2327 941 2363 recipit
948 2335 1002 2364 pro

180 2388 234 2408 sua
248 2386 319 2414 erga
335 2375 476 2413 populum
487 2373 601 2410 justitia
613 2373 626 2400 ?
640 2372 722 2400 Adeo
736 2374 768 2401 ut
779 2372 847 2408 ipsa
879 2381 1001 2409 quoque

178 2423 282 2462 populi
294 2421 420 2451 defectio
430 2419 470 2448 ad
496 2417 673 2450 Samariam,
707 2420 735 2445 et
745 2416 785 2444 ad
810 2416 918 2444 vitulos
946 2417 1001 2453 (42)

213 2505 267 2540 (35)
284 2505 340 2540 Isa.
356 2509 418 2540 arx,
437 2501 539 2540 15sec.
555 2498 637 2528 LXX:
660 2504 732 2524 nam
745 2496 894 2540 ‘V‘ulgatus
926 2498 1001 2540 Lati-

175 2533 234 2569 nus
249 2533 341 2576 paulo
354 2537 438 2576 aliter
446 2536 580 2576 _:'S_ervosl
588 2540 656 2560 suos
666 2533 781 2576 vocabit
794 2534 1002 2576 nominealio;

175 2578 207 2605 in
222 2569 280 2611 quo
293 2575 345 2610 qui
360 2571 528 2600 benedictus
539 2571 804 2603 estsuperterram,
813 2569 1002 2597 benedicetur

175 2621 207 2640 in
225 2613 296 2644 Deo,
311 2617 409 2638 amen.

209 2648 267 2683 (36)
279 2645 388 2674 Referri
402 2644 462 2672 huc
476 2642 604 2677 possunt
619 2648 687 2676 quin
700 2639 841 2675 leguntur
863 2641 918 2668 Isa.
934 2648 999 2675 LXII,

172 2685 199 2720 2,
216 2686 259 2712 t2.

210 2719 265 2754 (37)
281 2715 406 2754 Psal.1v,
419 2717 447 2742 7.

210 2751 268 2792 (38)
282 2751 359 2782 Psal.
373 2758 448 2785 Lm,
463 2752 491 2777 7.

755 76 912 112 cunmm
926 79 950 111 ιι
969 80 1020 112 cr.
1039 79 1281 114 ΡΑτΒωιεΗΑρ.
1825 81 1874 115 ἥοὲ

1114 145 1173 173 Ὀτι
1190 145 1219 173 δὲ
1234 148 1262 174 τό
1274 150 1319 174 τοῦ
1333 151 1452 185 Χριστοῦ
1469 149 1550 184 ὄνομα
1577 147 1721 184 σῦλογήτὰν
1746 147 1805 174 ἔστι
1831 150 1876 175 καὶ

1079 194 1258 228 προοκυνητόν
1297 191 1321 218 ἂν
1368 195 1434 219 πᾶσι
1475 196 1529 223 τοῖς
1569 193 1677 226 ῖθνισιν,
1707 194 1802 229 ἕχομιν
1831 195 1875 220 τὸν

1077 235 1186 262 Ἡσαῖαν
1212 240 1356 273 συνήγορον
1382 237 1634 273 μεγαλοφωνότατον,
1657 237 1752 273 μᾶλλον
1776 236 1808 263 δὲ
1831 240 1876 264 τόν

1077 280 1147 315 αὐτῷ
1172 282 1205 306 τά
1235 285 1282 312 τῆς
1308 284 1466 317 προφητείας
1496 281 1684 318 ἐμπνεύσαντα,
1710 284 1754 308 καὶ
1778 283 1875 308 οὑτωσὶ

1077 323 1226 362 διαρῥήδην
1265 325 1460 362 ἀποφηνάμενον
1489 337 1496 343 ·
1528 329 1589 357 Τοῖς
1627 325 1782 352 δουλιύουσί
1830 337 1875 362 μοι

1075 369 1235 398 κληθήσεται
1274 372 1353 406 ὄνομα
1393 372 1491 404 καινόν,
1535 370 1547 396 ὂ
1588 370 1790 406 εὐλογηθήσιται
1833 371 1875 397 ἐπὶ

1076 417 1122 444 τῆς
1146 418 1217 449 ’γῆς-
1251 414 1425 450 ιῦλογὴσονσι
1455 416 1507 452 γὰρ
1535 417 1578 441 τὸν
1612 417 1676 442 Θεὸν
1708 417 1752 441 τὸν
1785 415 1875 444 ἀληθι-

1075 460 1129 486 νόν.
1157 459 1211 484 Οὐκ
1237 460 1275 485 ἔτι
1301 461 1351 495 γὰρ
1377 463 1424 485 τοῦ
1450 463 1516 486 Θεοῦ
1543 459 1601 490 λαὸς
1631 459 1735 493 Ἰακὼϐ,
1764 460 1812 485 οὐκ
1837 461 1875 485 ἔτι

1076 503 1172 539 Ἰωσὴφ
1188 505 1232 529 καὶ
1249 504 1368 540 Ἐφραὶμ,
1387 504 1419 530 τὰ
1432 503 1532 530 παλαιά
1555 507 1639 530 ταῦτα
1663 506 1708 530 καὶ
1738 506 1875 532 σεσηπότα

1076 547 1190 583 ὀνόματα
1208 559 1214 564 ·
1232 547 1296 574 ἀλλὰ
1312 550 1400 574 καινόν
1411 550 1500 584 ὄνομα,
1519 547 1572 574 imi
1589 551 1634 574 καὶ
1648 551 1724 577 καινὴ
1754 549 1874 577 Διαθὴχη

1075 594 1119 618 καὶ
1136 594 1224 622 καινός
1243 592 1315 623 λαός.
1355 595 1405 619 Καὶ
1423 596 1497 618 ποῖον
1522 597 1618 626 retire;
1645 595 1679 619 Τό
1703 595 1873 630 Χριστιανός,

1075 639 1119 662 καὶ
1134 637 1211 662 ὀάπό
1241 640 1360 674 Χριστοῦ
1388 639 1621 673 παρωνομασμένος
1650 637 1757 674 ὀνόματι
1790 640 1875 673 τούτῳ

1074 684 1270 717 φερωνυμεῖται.
1304 684 1354 707 Καὶ
1381 681 1394 707 ὁ
1418 683 1462 707 τὸν
1488 681 1555 707 οὕτω
1584 683 1812 718 φερωνυμούμινον
1838 682 1875 708 εὔ-

1072 724 1155 761 λογῶν
1184 725 1283 761 ιύλογιί
1309 727 1352 751 τόν
1382 728 1446 752 Θεὸν
1473 728 1516 752 τὸν
1544 725 1674 760 ἀληθινὸν,
1702 726 1775 752 τοῦτ’
1818 727 1874 752 Em

1073 772 1199 807 Χριστὸν,
1216 769 1258 806 ἀφ’
1276 771 1306 796 οὗ
1321 772 1334 796 ὁ
1354 773 1510 807 Χριστιανὸς
1526 773 1742 808 παρωνόμασται.

1108 859 1180 896 Δεῦρ¹
1193 861 1241 893 ἴθι,
1259 862 1304 885 καὶ
1320 861 1399 889 στῆθι
1423 859 1512 886 λοιπὸν
1538 860 1594 896 μετ’
1611 859 1684 896 ἐμοῦ,
1717 863 1764 886 καὶ
1793 869 1873 898 ηροσ-

1071 906 1224 940 κυνήσωμεν
1252 905 1329 940 ἄμφω
1357 906 1472 941 Χριστὸν
1501 906 1544 930 τὸν
1562 904 1682 934 ἀληθινὸν
1710 906 1775 931 Θιόν
1791 916 1798 921 -
1828 908 1872 931 καὶ

1073 950 1236 984 σημειώθητι
1250 948 1306 982 μεθ’
1334 950 1407 985 ἡμῶν
1432 953 1469 984 τῷ
1496 952 1559 985 φωτὶ
1575 953 1621 975 τοῦ
1650 952 1795 986 προσώπου
1825 951 1871 976 αὑ-

1071 997 1127 1026 τοῦ,
1143 997 1188 1020 και
1201 997 1236 1028 τῷ
1251 994 1343 1029 αἵματι
1360 997 1407 1024 τῆς
1420 996 1478 1024 νέας
1506 994 1646 1027 Διαθὴκης,
1676 997 1722 1020 καὶ
1739 992 1871 1030 dictum)”;

1071 1039 1114 1064 τὸν
1132 1037 1298 1074 ὀλεθρεύοντα
1312 1041 1356 1064 καί
1371 1042 1415 1064 τοῦ
1430 1040 1540 1069 σκότους
1554 1040 1598 1064 τὸν
1617 1039 1744 1074 ἄρχοντα.

1108 1082 1165 1109 ΚΖ.
1194 1082 1271 1108 Ἀλλὰ
1296 1085 1450 1120 γέγραπται,
1489 1085 1578 1118 φησιν,
1624 1084 1656 1113 ὡς
1692 1082 1810 1109 ἀνατελεί
1847 1083 1870 1109 ἐι

1070 1131 1126 1158 ταῖς
1154 1128 1261 1163 ἡμέραις
1300 1127 1380 1153 αὑτοῦ
1417 1125 1573 1156 δικαιοσύνη
1601 1130 1646 1154 καὶ
1674 1127 1770 1158 πλῆθος
1802 1128 1870 1165 εἰρή-

1070 1180 1126 1202 νης.
1143 1174 1193 1198 Καί
1216 1171 1257 1197 ἐπί
1272 1175 1322 1197 τῶν
1348 1173 1427 1208 ’ἰργων
1456 1173 1469 1197 ὁ
1499 1171 1615 1208 Σολομὼν
1641 1174 1686 1198 τόν
1711 1172 1787 1207 λόγον
1813 1172 1871 1198 ἐκύ-

1069 1225 1147 1252 ρωσε,
1166 1220 1258 1252 σοφαῖς
1284 1214 1449 1247 εὐθυδικίαις
1488 1217 1535 1247 τὰς
1562 1214 1707 1246 ἁντιδικίας
1741 1215 1870 1247 διαλύσας

1068 1262 1114 1286 καί
1148 1263 1197 1286 τῶν
1245 1259 1331 1295 κύκλῳ
1391 1261 1620 1296 συνιπιτιθεμένων
1659 1262 1870 1298 κατακυριεύσας

1068 1304 1181 1340 ἐχθρῶν.

1104 1349 1181 1374 Ἀλλὰ
1203 1353 1267 1382 πῶς,
1287 1349 1412 1386 ἱερόσυλε,
1427 1351 1457 1375 τό
1479 1349 1538 1380 ἑξῆς
1563 1350 1769 1387 ὑπαράτησαςς
1798 1353 1867 1383 Πῶς,

1067 1392 1088 1419 ὦ
1107 1395 1146 1420 ui'c
1171 1397 1216 1424 τῆς
1243 1396 1318 1419 νυκτὶ
1347 1396 1567 1430 παρωμοιωμιένης
1594 1394 1723 1430 λατρείας,
1752 1397 1801 1423 τήν
1829 1404 1869 1421 σε-

1067 1437 1145 1467 λήνην
1179 1437 1342 1474 ὑπέκρυψας,
1382 1439 1422 1463 ἱνα
1452 1438 1601 1475 ὑποκλέψῃς
1626 1440 1656 1464 τό
1699 1443 1798 1476 χρῆμα
1823 1443 1870 1470 τῆς

1067 1481 1206 1515 ἀληθείας;
1234 1485 1284 1509 Καὶ
1311 1485 1338 1508 τί
1368 1484 1397 1508 τό
1436 1482 1537 1519 κλέμμα
1562 1484 1632 1516 ;”Γό,
1665 1484 1712 1512 ἕως
1742 1484 1774 1509 οὗ
1806 1483 1870 1510 ἄντ-

1066 1528 1187 1563 αναιρεθῇ
1215 1528 1230 1555 ἡ
1264 1527 1369 1556 σελήνη.
1384 1526 1474 1563 Ὀμως
1492 1526 1630 1556 ἀπανιήσω
1659 1537 1707 1553 σου
1730 1529 1796 1564 μετὰ
1821 1533 1868 1554 τοῦ

1065 1576 1112 1601 τῆς
1125 1571 1246 1602 ἀληθείας
1257 1573 1339 1608 φωτός
1354 1575 1408 1602 τοῖς
1417 1571 1597 1609 προϐλήμασι.

1100 1663 1257 1698 Γέγραπται,
1274 1660 1346 1696 κάγὼ
1366 1662 1416 1698 γὰρ
1432 1670 1474 1686 σοι
1495 1662 1528 1686 τὰ
1543 1663 1590 1687 ἴσα
1605 1661 1662 1698 ἐρῶ,
1691 1662 1731 1687 ὅτι
1759 1661 1866 1698 Ἦονειρς

1065 1707 1159 1743 Κύριος
1185 1707 1266 1731 σατὰν
1301 1709 1337 1741 τῷ
1368 1705 1488 1741 Σαλομὼν
1517 1707 1561 1731 τὸν
1597 1704 1677 1743 Ἄδερ
1711 1708 1755 1732 τὸν
1781 1705 1865 1733 Ἰδου-

1063 1754 1148 1786 μαῖον,
1166 1752 1267 1776 καίτὸν
1294 1750 1408 1787 Ἑσρώμ,
1425 1752 1469 1776 καὶ
1498 1752 1541 1776 τὸν
1569 1751 1712 1788 Βαραμιὲθ,
1743 1753 1790 1777 καί
1820 1753 1864 1777 τόν

1064 1793 1218 1831 Ἀνδραέζερ
1253 1805 1259 1811 ·
1288 1797 1333 1820 καί
1365 1795 1592 1831 συνηθροίσθησαν
1620 1794 1657 1820 ἐπ’
1697 1795 1769 1830 αὐτῷ
1794 1807 1800 1812 -
1820 1798 1866 1822 καί

1063 1838 1093 1874 ᾖν
1143 1840 1234 1876 ἄρχων
1295 1842 1502 1875 συστρέμματος,
1557 1842 1603 1865 καί
1658 1839 1865 1876 προκατσλὰεετο

1062 1886 1109 1913 τὴν
1136 1885 1257 1919 Δαμασέκ
1281 1904 1288 1912 ,
1314 1887 1360 1910 καί
1393 1882 1423 1913 ἦν
1470 1886 1551 1910 σατὰν
1580 1888 1616 1919 τῷ
1642 1884 1750 1920 Ἰσραὴλ
1775 1886 1865 1916 πάσας

1061 1930 1105 1959 τὰς
1141 1930 1238 1965 ἡμέρας
1275 1928 1406 1965 Σαλομών.
1435 1930 1517 1955 suav
1549 1928 1580 1955 δὲ
1603 1931 1646 1955 τὸν
1690 1929 1864 1963 ἀντι-κείμενόν

1062 1984 1094 2009 φη
1100 1984 1127 1999 σι
1139 1976 1184 1999 καί
1196 1973 1327 2009 πολέμιον.

1098 2018 1163 2055 Ἐρώ
1182 2016 1211 2044 δὲ
1230 2028 1272 2044 σοι
1286 2021 1332 2044 καί
1353 2021 1413 2055 περί
1442 2023 1487 2048 τῆς
1516 2012 1684 2049 δικαιοσύνης
1711 2023 1758 2045 τοῦ
1788 2019 1864 2046 Σαλο-

1061 2065 1114 2099 μὼν
1144 2073 1150 2079 ·
1179 2062 1274 2098 μᾶλλον
1302 2061 1332 2089 δὲ
1356 2063 1403 2089 οὐκ
1434 2063 1494 2098 ἐγὼ,
1521 2062 1576 2089 ἀλλ’
1604 2064 1619 2092 ἡ
1649 2073 1698 2089 των
1720 2064 1862 2090 Βασιλιιών

1062 2107 1153 2143 βίϐλος
1183 2117 1188 2123 ”
1215 2110 1266 2133 Καί
1289 2107 1411 2136 ἐλάλησεν
1440 2108 1452 2133 ὁ
1481 2107 1542 2138 λαός
1582 2110 1648 2144 πρὸς
1676 2110 1718 2134 τὸν
1748 2107 1862 2144 βασιλέα

1060 2151 1182 2188 Ῥοϐοὰμ,
1224 2151 1338 2187 λέγοντες
1365 2161 1372 2167 ·
1400 2151 1430 2177 Ὀ
1463 2155 1550 2188 πατήρ
1593 2162 1639 2178 σου
1680 2152 1788 2190 ἐϐάρυνε
1818 2155 1860 2179 τόν

1059 2196 1144 2222 κλοιὸν
1159 2197 1231 2232 ἡμῶν
1248 2203 1255 2211 ⁸
1272 2199 1358 2233 πατὴρ
1389 2194 1418 2223 δὲ
1448 2199 1493 2222 τοῦ
1517 2196 1627 2233 Ῥοϐοάμ
1651 2197 1779 2233 Σολομὼν.
1810 2199 1860 2224 Καὶ

1060 2243 1092 2267 σὺ
1117 2245 1161 2266 νῦν
1194 2242 1317 2277 xeo?on
1347 2240 1397 2267 ἀπὸ
1429 2245 1477 2272 τῆς
1518 2240 1638 2273 δουλείας
1672 2246 1718 2268 τοῦ
1758 2245 1859 2280 πατρὸς

1059 2295 1107 2312 σου
1141 2289 1189 2316 τῆς
1214 2285 1339 2322 σκληρᾶς,
1364 2288 1410 2311 καί
1437 2284 1489 2312 ἀπὸ
1517 2289 1564 2312 τοῦ
1592 2286 1679 2312 κλοιοῦ
1706 2286 1789 2313 αὐτοῦ
1813 2292 1858 2313 τοῦ

1058 2328 1161 2365 βαρέος,
1204 2329 1233 2355 οὗ
1269 2328 1363 2355 ἔδωκεν
1402 2330 1475 2365 ἡμῖν,
1514 2329 1632 2360 Ἀκούεις
1666 2333 1714 2361 τῆς
1750 2331 1859 2369 εὐχαρι-

1057 2376 1132 2404 στίας
1146 2373 1214 2410 (Li),
1236 2373 1266 2403 ἧς
1278 2374 1478 2410 εὐχαριστείται
1496 2373 1509 2399 ὁ
1535 2374 1652 2410 Σολομὼν
1679 2374 1797 2412 περὶτῆς
1824 2376 1858 2407 εἰς

1056 2419 1099 2444 τὸν
1111 2418 1171 2444 λαόν
1187 2417 1267 2444 αὐτοῦ
1282 2416 1455 2450 δικαιοσύνης
1471 2421 1501 2452 ;”
1514 2422 1584 2445 (la-rs
1603 2421 1648 2445 καὶ
1662 2420 1678 2447 ἡ
1705 2418 1859 2447 ἀποστασία

1090 2499 1143 2561 iii
1150 2499 1552 2561 ἐί¹ἑςξιῖῗὲἒὶηέξυῖἓὲῗέῗέξέ³ιξξ
1568 2499 1858 2561 ﬁgitﬁgit?“

1090 2555 1094 2561 .
1458 2555 1466 2561 Α
1558 2557 1564 2561 .
1828 2546 1855 2561 ll.

1055 2533 1143 2562 valde
1150 2534 1198 2562 hic
1205 2533 1435 2572 diﬁertYUlgata
1448 2536 1552 2572 Latina
1558 2536 1645 2572 ,adeo
1656 2538 1689 2564 ut
1697 2533 1856 2572 nonnulla,

1078 2578 1124 2607 um
1137 2570 1219 2607 apud
1234 2571 1298 2597 LXX
1307 2570 1415 2598 hoc'ilt
1439 2571 1586 2600 versiculo
1609 2574 1814 2607 continentur,
1827 2570 1857 2601 in

1081 2605 1180 2639 ulgata
1193 2605 1331 2640 legantur
1345 2614 1390 2633 vv.
1407 2608 1440 2634 23
1456 2609 1485 2634 et
1496 2608 1540 2635 25.

1091 2642 1148 2676 (40)
1160 2642 1195 2668 lll
1207 2642 1280 2676 Reg.
1299 2649 1347 2675 xu,
1360 2642 1406 2669 3-4
1417 2649 1473 2670 sec.
1491 2643 1567 2670 LXX.

1090 2676 1147 2711 (41)
1165 2676 1236 2714 god
1245 2676 1440 2714 ιύχαριστιὶας.

1089 2713 1149 2747 (42)
1164 2711 1277 2740 Vitulos
1293 2711 1402 2741 aureos
1414 2715 1519 2741 auctor
1531 2713 1631 2742 innuit
1651 2722 1672 2743 ι
1693 2715 1854 2745 Jeroboam

1054 2750 1179 2776 erectos.
1194 2747 1264 2776 Vide
1278 2748 1317 2777 III
1328 2750 1399 2784 Reg.
1414 2756 1461 2783 xu,
1475 2750 1567 2777 28~32.
