1944 3084
243 57 289 84 “Ill

813 55 970 85 cannam
990 55 1013 85 ιι
1035 56 1086 86 cr.
1111 47 1352 87 mmmam.

1869 52 1915 87 iii

242 118 446 154 gratissimum
460 118 520 147 Deo
539 116 730 153 sacriﬁcium,
752 117 836 155 quod
859 118 890 146 in
915 118 1023 154 unigen

1102 123 1161 147 ινιῖ
1191 123 1237 146 τοῦ
1258 119 1377 157 ’Λϐραὰμ
1405 119 1568 156 ἐμιμήσαντο
1593 120 1619 146 οὶ
1651 123 1736 151 κακῶς
1767 122 1812 147 καὶ
1834 124 1915 157 φῦντεε

241 163 370 192 Abrahae
385 162 550 200 perfectum
564 162 668 198 fuerat,
684 162 790 190 imitati
801 165 871 191 sunt
885 163 931 191 isti
964 171 1069 200 perpe-

241 216 306 238 ram
319 217 357 237 ex
371 208 499 236 Abrahae
511 207 623 236 lumbis
638 209 666 235 et
678 207 826 244 progeniti
842 209 871 236 et
891 209 1042 244 progressi
1059 207 1066 236 ἔ

240 254 381 290 Infensus
388 254 484 289 igitur
491 253 552 288 fuit
565 253 643 281 Deus
657 253 846 288 generationi
859 252 925 281 huic
938 256 967 281 et
976 253 1065 282 dixit:

238 298 361 334 Semper
375 299 408 326 hi
420 301 523 327 errant
538 297 626 326 corde
638 297 705 332 (47).
721 298 867 326 Caeterum
879 297 1066 326 ethnicorum

237 343 388 380 permistis
402 341 600 371 multitudinis
614 341 698 371 nulla
710 344 779 370 tunc
792 342 868 371 ratio
882 342 986 371 habita
1004 341 1065 371 fue-

236 390 293 417 rat.
307 389 340 416 Et
348 395 420 416 vero
430 395 499 415 cum
510 387 586 415 idem
599 387 677 415 Deus
689 389 763 415 esset
771 387 945 416 Juda’orum
958 388 984 416 et
996 394 1066 423 gen-

237 433 311 461 tium
326 433 394 468 (48),
410 434 513 468 utpote
528 431 698 460 communis
726 434 922 468 utrorumque
948 433 1064 460 creator

235 480 264 506 et
274 477 420 511 conditor,
435 479 463 505 et
473 484 578 505 omnes
588 483 681 513 opera
692 483 840 505 manuum
853 476 919 512 ejus
944 478 1061 509 essent;

235 524 266 551 at
276 522 416 557 gentibus
424 529 522 558 neque
531 521 630 557 legem
640 520 803 558 (scriptam)
814 520 948 555 dederat,
963 528 1062 558 neque

234 567 396 604 prophetas
412 566 451 595 ad
466 574 517 594 eos
530 566 664 600 miserat,
682 573 780 602 neque
794 566 822 594 vi
846 565 1060 594 miraculorum

235 611 276 640 ad
290 619 322 639 se
338 611 485 640 attrahere
497 610 563 639 illos
577 610 681 639 voluit.
712 612 841 648 Aiquum
872 610 962 646 igitur
982 612 1060 639 Deus

233 656 357 690 censuit,
377 655 433 684 hos
446 663 568 692 quoque
587 657 677 692 atque
691 662 795 683 eorum
811 662 858 683 res
870 655 1059 692 providentia

233 709 288 730 sua
301 701 429 735 visitare,
445 703 474 729 et
485 700 668 737 experientia
682 700 820 737 probare,
832 707 872 729 an
895 703 998 736 gentes
1016 701 1058 729 di-

231 745 306 774 vinis
321 746 473 774 mandatis
489 745 689 782 obsequentes
705 753 737 774 se
751 745 928 782 prteberent.
944 746 977 774 Et
994 753 1056 774 rur-

1123 167 1168 190 καὶ
1194 163 1379 202 ἁνατραφέντες
1395 164 1422 196 ἔξ
1446 164 1540 201 ὀσφύος
1567 164 1699 201 Ἀϐραάμ.
1731 167 1915 203 Προσώχθισεν

1123 207 1167 235 οὖν
1182 209 1195 235 ό
1215 211 1278 240 Θεὸς
1303 213 1334 246 τῇ
1369 212 1443 245 γενεᾴ
1466 209 1559 246 ἐκείνῃ,
1590 212 1636 236 καὶ
1653 209 1720 236 εἶπεν
1744 220 1751 227 ο
1779 211 1831 236 Ἀεὶ
1857 211 1915 237 πλα-

1121 257 1215 280 νῶνται
1243 258 1273 291 τῇ
1314 253 1426 292 καρδίᾳ,
1466 258 1520 286 Τῆς
1555 252 1580 281 δ’
1607 254 1707 286 ἑθνικῆς
1739 258 1916 292 πανσπερμίας

1120 300 1178 325 τότε
1192 298 1267 335 λόγος
1293 298 1389 330 οὐδεὶς.
1417 302 1466 327 Καὶ
1480 302 1531 336 μὴν
1546 301 1657 331 κοινόςὸ
1686 301 1751 332 Θεὸς
1778 303 1823 327 καὶ
1852 301 1915 327 ’1ου-

1121 341 1202 370 δαίων
1230 346 1275 370 καὶ
1298 344 1386 379 ἐθνῶν,
1415 345 1451 376 ὡς
1470 344 1587 376 πλάστης
1601 347 1646 372 καὶ
1678 343 1855 383 δημιουργὸς,
1873 348 1914 372 καὶ

1119 389 1208 419 πάντες
1234 390 1296 425 ἔργα
1330 393 1426 427 χιιρῶν
1468 389 1557 423 αὐτοῦ,
1589 392 1634 416 καὶ
1662 391 1720 416 οὔτε
1750 393 1830 426 νόμον
1867 394 1914 420 τοῖς

1119 434 1216 460 ἰθνεσιν
1241 432 1346 468 ἔδωκεν,
1373 435 1431 461 οὔτε
1453 437 1587 471 προφήτας
1613 434 1788 466 ὶξαπέστειλεν
1813 434 1848 465 ιίς
1871 435 1913 461 αν-

1117 479 1177 510 τοὺς
1209 480 1268 505 οὔτε
1303 482 1334 515 τῇ
1362 483 1412 505 τῶν
1442 479 1580 515 θαυμάτων
1609 478 1706 516 ἀνάγκη
1732 479 1859 508 ὴθιλησιν
1879 479 1912 515 ἐᾷ

1117 523 1206 550 ἑαυτὸν
1226 524 1435 551 ἐπισπάσασθαι.
1462 522 1634 551 Ἐδικαίωσσν
1665 522 1709 550 οὖν
1745 528 1832 560 σκοπῇ
1865 523 1914 550 ἔπι-

1676 571 1720 596 καὶ
1757 573 1855 605 γνῶναι
1882 573 1910 605 τῇ

1117 568 1267 604 σκέψασθαι
1295 571 1338 595 καὶ
1366 569 1400 595 τὰ
1435 569 1493 596 κατ’
1531 569 1633 604 αὐτοὺς,

1789 615 1823 640 τὰ
1860 615 1911 640 Otia

1114 615 1201 651 πείρᾳ,
1224 613 1246 639 si
1277 614 1413 644 πειθηνίως
1445 615 1502 649 ἕχει
1528 615 1562 640 τὰ
1589 614 1648 643 ἔθνη
1681 615 1747 651 πρὸς

1114 657 1286 694 κιλεὺσματα.
1335 657 1406 687 Πλὴν
1440 661 1486 684 καὶ
1525 658 1602 684 πάλιν
1654 659 1823 695 μνημονιύων
1867 663 1911 689 τῆς

1112 704 1176 740 πρὸς
1201 704 1259 733 τοὺς
1284 704 1452 740 πατριάρχας
1483 702 1646 739 ἐπαγγελίας,
1686 706 1731 729 καὶ
1760 707 1808 730 τοῦ
1838 706 1910 740 σπέρ-

1111 756 1194 783 ματος
1227 746 1348 784 Ἀϐραὰμ
1375 747 1585 784 ἐπιλαμϐάνεται,
1615 749 1660 774 καὶ
1689 751 1745 778 τοῖς
1771 746 1909 779 Ἰουδαίοις

230 799 282 819 sus
296 793 396 819 tamen
409 798 526 818 memor
540 790 785 827 promissionum,
798 790 910 826 quibus
925 798 957 818 se
985 798 1023 825 eri

1110 790 1240 827 ἐπιφοιτᾷ,
1274 794 1318 818 καὶ
1349 792 1422 818 ταῦτ’
1447 790 1534 826 εἰδὼς,
1570 793 1602 822 ὡς
1640 792 1670 818 οὗ
1707 790 1906 829 παραδέξονταί.

228 836 412 872 patriarchas
421 835 632 869 obstrinxerat,
645 836 674 863 et
687 842 783 864 semen
796 835 928 864 Abrahw
940 839 1055 871 (appre-

229 881 342 916 hendit)
358 881 424 916 (49),
444 882 473 908 et
492 880 568 908 inter
603 879 722 908 Iudaeos
749 881 885 908 versatus
907 883 959 916 est,
985 880 1054 910 licet

227 927 341 957 nosset,
353 933 384 953 se
399 924 437 953 ab
453 925 509 953 illis
523 924 606 953 haud
619 926 771 960 receptum
795 924 840 952 iri.
869 925 980 954 Factus
1008 927 1051 953 est

224 970 317 999 homo
330 979 337 998 :
349 970 597 1006 conspiciendum
610 977 641 998 se
649 969 787 1006 praebuit:
799 978 865 998 cum
882 970 1050 999 hominibus

224 1018 416 1044 conversatus
431 1018 473 1044 est
488 1015 546 1051 (50)
562 1024 570 1048 ;
584 1014 730 1042 beneﬁcia
745 1022 801 1042 sua
824 1014 920 1042 instar
946 1015 1050 1044 liuenti

223 1060 327 1088 effudit
341 1060 371 1088 in
389 1059 499 1088 Iudaeae
513 1059 604 1088 totius
613 1061 786 1095 conspectu.
802 1061 854 1086 Ast
882 1059 933 1093 illi,
962 1061 1049 1096 quasi

222 1106 434 1141 gravissimam
445 1105 587 1141 injuriam
597 1104 689 1140 passi,
705 1103 796 1132 livore
809 1104 840 1131 in
850 1111 920 1132 eum
931 1112 1049 1133 exarse-

219 1153 299 1184 runt,
313 1152 341 1178 et
355 1158 416 1178 non
432 1157 519 1177 secus
530 1157 565 1178 ac
575 1148 718 1184 fragranti
727 1151 880 1183 unguento
903 1149 1047 1177 scarabaei

220 1196 326 1232 solent,
343 1194 524 1223 salutaribus
540 1194 627 1230 aquis
651 1193 787 1222 exstincti
811 1195 889 1221 sunt.
911 1194 1047 1222 Tradide-

218 1243 297 1274 runt,
309 1239 528 1272 cruciﬁxerunt,
540 1238 626 1266 morti
639 1237 819 1266 addixerunt
829 1238 1045 1267 benefactorem

218 1293 320 1312 suum.
345 1284 413 1312 Haec
435 1282 671 1318 longanimitatis
695 1282 814 1310 fuerunt
849 1291 855 1310 :
885 1291 952 1319 quas
973 1291 1045 1312 vero

217 1329 381 1365 potestatis,
397 1336 413 1356 e
425 1327 551 1356 mortuis
565 1327 695 1362 resurgit
710 1336 716 1355 :
731 1335 783 1363 per
798 1327 952 1363 apostolos
974 1336 1043 1356 suos

216 1373 256 1402 ad
271 1376 372 1408 gentes
388 1372 602 1407 transmigrat:
623 1371 785 1400 effunditur
812 1372 843 1400 in
868 1372 1042 1401 universam

217 1420 326 1446 terram
337 1425 417 1454 aqua
429 1417 540 1446 saliens
554 1425 585 1444 ιη
610 1418 702 1445 vitam
728 1419 869 1444 aeternam
893 1417 949 1452 (51)
980 1426 986 1450 ;
1014 1420 1042 1446 et

1109 835 1320 874 Ἐνηνθρώπησεν
1353 847 1359 854 ·
1401 836 1478 873 ἇφάνη
1508 847 1514 854 ·
1551 836 1696 873 ἀνθρώποις
1736 839 1907 875 συναναστρα-

1108 891 1142 918 φη
1157 891 1163 898 ·
1180 879 1335 918 ποταμηδόν
1349 883 1396 913 τὰς
1428 881 1575 918 εὐεργεσίας
1595 882 1675 908 αὐτοῦ
1703 881 1745 908 ἰπὶ
1769 884 1906 919 πρόσωπον

1106 931 1153 957 τῆς
1168 924 1301 957 Ἰουδαίας
1316 926 1426 963 ἐξέχεεν.
1456 927 1488 953 Οἱ
1501 925 1540 960 δί,
1567 928 1600 958 ὡς
1620 927 1654 953 τὰ
1672 929 1785 963 μέγιστα
1815 925 1907 956 ἠδικη-

1105 974 1187 1008 μένοι,
1214 977 1250 1008 τῷ
1277 973 1360 1008 φθόνῳ
1388 971 1568 1009 ενιπνρίζοντο
1592 983 1598 989 ·
1623 975 1668 998 καὶ
1694 976 1730 1007 τῷ
1754 970 1848 1005 ὕδατι,
1875 975 1906 1003 ὡς

1105 1018 1178 1053 μύρῳ
1198 1017 1222 1042 οἱ
1241 1018 1375 1054 κάνθαροι,
1405 1016 1585 1053 ἀπεπνίγοντο.
1614 1015 1787 1055 Ιίροῦδωκαν,
1809 1017 1903 1044 ἐσταύ-

1103 1070 1201 1097 ρωσαν,
1230 1061 1395 1088 ἐθανατώσαν
1414 1063 1457 1088 τὸν
1485 1060 1554 1088 ἴδιον
1580 1062 1723 1099 εὐεργέτην.
1750 1066 1843 1089 Ταῦτα
1874 1064 1903 1088 τὰ

1103 1109 1149 1136 τῆς
1165 1107 1364 1142 μακροθυμίας·
1385 1108 1417 1133 τὰ
1432 1105 1461 1133 δὲ
1484 1111 1532 1137 τῆς
1557 1106 1686 1139 ἐξουσίας,
1718 1106 1857 1134 ἀνίσταται
1877 1107 1903 1133 ἐκ

1101 1155 1195 1187 νεκρῶν
1212 1160 1218 1167 -
1239 1151 1388 1187 μεταϐαίνει
1404 1149 1451 1178 διὰ
1465 1155 1514 1178 τῶν
1528 1151 1678 1178 ἀποστόλων
1693 1151 1736 1178 ἐπὶ
1751 1153 1785 1178 τὰ
1817 1153 1876 1181 ἔθνη
1893 1163 1899 1168 ·

1101 1199 1217 1221 κενοῡται
1247 1197 1309 1233 πρὸς
1346 1199 1432 1222 πᾶσαν
1460 1198 1508 1225 τὴν
1533 1196 1684 1232 οἰκουμένην
1712 1198 1741 1222 τὸ
1772 1197 1809 1227 εἰς
1833 1197 1902 1227 ζωὴν

1100 1239 1201 1265 αἰώνιον
1236 1240 1374 1276 ἀλλομονον
1402 1239 1474 1277 ὕδωρ
1496 1251 1502 1257 ·
1530 1242 1562 1267 τὰ
1582 1239 1612 1267 δὲ
1641 1242 1668 1267 ὃν
1693 1243 1789 1277 τρόπον
1813 1241 1900 1268 ἐπιπο-

1100 1285 1167 1313 θεῖὴ
1197 1283 1288 1321 ῦαφος
1303 1285 1345 1311 ἐπὶ
1372 1286 1416 1316 τὰς
1436 1287 1524 1322 πηγὰς
1550 1290 1600 1312 τῶν
1629 1283 1743 1320 ὑδάτων,
1772 1288 1839 1322 πρὸς
1870 1288 1899 1312 τὸ

1098 1327 1170 1365 ὕδωρ
1193 1333 1238 1355 τοῦ
1254 1329 1356 1365 Σιλωὰμ
1371 1331 1399 1356 τὸ
1426 1331 1518 1366 ἡσυχῆ
1535 1331 1591 1367 ῥίον
1614 1328 1824 1368 διψητικώτερον
1844 1331 1899 1358 ἑπε-

1097 1373 1217 1402 πόθησαν
1234 1383 1240 1390 ·
1268 1376 1313 1400 καὶ
1338 1373 1454 1404 ἐπλήσθη
1481 1377 1495 1403 ἡ
1523 1376 1652 1411 σύμπασα
1672 1378 1705 1410 γῆ
1726 1379 1773 1401 τοῦ
1803 1380 1897 1411 γνῶναι

1097 1419 1140 1443 τὸν
1168 1419 1272 1455 Κύριον.
1297 1422 1379 1445 Τοῦτο
1420 1420 1436 1448 ἡ
1471 1417 1627 1449 δικαιοσύνη
1657 1423 1733 1447 Θεοῦ.
1765 1420 1837 1446 Ἐπεὶ
1869 1424 1898 1447 τό

215 1462 460 1498 quemadmodum
479 1462 629 1490 desiderat
652 1468 740 1489 cerva
765 1461 804 1488 ad
826 1462 925 1496 fontes
948 1470 1023 1497 aqua

1102 1462 1180 1499 ἕτερον
1195 1468 1244 1489 τῶν
1264 1463 1321 1490 λίαν
1341 1462 1509 1490 ἀδικωτάτων
1536 1463 1614 1500 ἐστὶν,
1642 1466 1671 1491 τὸ
1697 1464 1798 1491 πολλῶν
1819 1468 1897 1492 ὄντων

213 1515 281 1535 rum
297 1508 363 1542 (5'2),
379 1507 417 1535 ad
433 1505 530 1534 undas
548 1506 624 1534 Siloe
638 1506 742 1534 leniter
764 1505 890 1533 ﬂuentes
914 1506 1039 1534 avidiori

213 1552 258 1579 siti
270 1553 394 1588 (gentes)
406 1551 659 1579 desideraverunt:
674 1553 702 1578 et
715 1550 830 1585 repleta
842 1553 884 1578 est
898 1551 1038 1579 universa

211 1599 294 1625 terra
307 1597 431 1625 scientia
445 1597 566 1624 Domini
578 1597 643 1631 (53).
658 1596 715 1623 Hoc
740 1594 887 1630 disposuit
915 1595 965 1622 Dei
988 1595 1037 1631 ju-

210 1641 296 1669 stitia.
312 1643 386 1670 Nam
399 1641 488 1676 longe
503 1640 560 1669 alia
571 1640 729 1668 hominum
742 1646 889 1675 perquam
912 1639 1036 1675 iniquis-

210 1685 355 1713 simorum
377 1685 524 1713 sententia
549 1687 603 1712 est.
628 1685 794 1711 Decernunt
817 1683 848 1710 hi
877 1683 996 1715 scilicet,
1018 1691 1034 1712 e

209 1731 312 1758 multis
323 1729 463 1758 fratribus
478 1737 548 1757 eum
563 1728 660 1756 solum
680 1727 806 1762 dignum
815 1735 891 1762 esse,
907 1730 969 1756 uta
980 1728 1034 1757 Pa-

207 1777 250 1803 tre
262 1775 429 1803 honoribus
444 1773 621 1807 cumnletur,
634 1773 686 1809 qui
697 1775 725 1800 et
749 1775 921 1805 contumax,
937 1775 965 1801 et
979 1773 1032 1801 du-

207 1827 248 1847 ra:
258 1819 390 1853 cervicis,
407 1821 436 1847 et
449 1818 596 1854 parricida
614 1817 690 1850 fuit;
725 1816 857 1853 reliquos
877 1825 957 1852 vero,
980 1819 1033 1854 qui

205 1864 316 1892 nullius
338 1863 503 1899 iniquitatis
536 1862 578 1890 rei
603 1861 877 1898 deprehenduntur,
903 1862 965 1890 imo
993 1863 1032 1891 ad

204 1912 333 1937 mortem
349 1915 444 1944 usque
459 1907 538 1935 Patri
550 1906 781 1942 obsequiparati
793 1910 872 1941 sunt,
884 1907 923 1935 ab
938 1907 1031 1935 luere-

203 1953 294 1982 ditate
306 1955 432 1990 paterna
440 1951 642 1979 excludendos
661 1958 736 1979 esse.
752 1952 840 1979 Porro
864 1951 888 1979 si
910 1952 967 1979 hoc
989 1955 1033 1980 est

1095 1505 1209 1543 ἀδελφῶν
1225 1510 1268 1534 τον
1296 1508 1528 1546 σκληροτροὶχηλον
1547 1512 1624 1543 μόνον
1656 1512 1701 1536 καὶ
1733 1510 1895 1547 πατραλοίαν

1092 1553 1137 1577 καὶ
1153 1551 1244 1582 ἀπειθῆ
1264 1552 1350 1584 ἀξιοῦν
1364 1555 1493 1589 τιμᾶσθαι
1522 1556 1593 1591 παρὰ
1621 1558 1666 1581 τοῦ
1679 1558 1778 1592 πατρὸς
1805 1565 1812 1572 ι
1836 1558 1894 1586 τοὺς

1092 1593 1122 1621 δί
1145 1594 1227 1632 μηδὲν
1255 1595 1427 1632 ἠδικηκότας,
1453 1598 1507 1625 ἀλλ’
1535 1599 1643 1635 ετοίμως
1671 1601 1783 1636 ἔχοντας
1809 1603 1893 1637 μέχρι

1092 1640 1202 1667 θανάτου
1231 1643 1364 1668 πείθεσθαι
1387 1647 1424 1678 τῷ
1456 1646 1546 1680 πατρὶ,
1571 1647 1619 1674 τῆς
1650 1643 1823 1681 κληρονομίας
1850 1646 1891 1672 ἐκ-

1089 1683 1237 1713 ϐάλλεσθαι.
1252 1686 1281 1713 Εἰ
1300 1691 1375 1713 τοῦτο
1394 1686 1496 1723 οἰὸικον,
1520 1689 1605 1725 ὥσπερ
1627 1687 1670 1715 οὖν
1685 1692 1730 1716 καὶ
1759 1691 1827 1724 ἔστι,
1859 1693 1889 1717 τὸ

1087 1731 1170 1765 τούτῴ
1186 1730 1356 1767 ἀντικείμενον
1372 1730 1484 1766 δίκαιον,
1505 1735 1551 1759 καὶ
1578 1734 1686 1770 μείζονα
1712 1736 1811 1765 ταύτης
1842 1740 1890 1766 τῆς

1088 1772 1258 1805 δικαιοσύνης
1272 1774 1357 1806 οὐδεὶς
1370 1775 1399 1802 ἆν
1427 1778 1531 1814 εὑρήσει
1557 1779 1629 1805 ποτὶ.
1644 1780 1759 1808 Τοιαύτη
1782 1778 1807 1805 ἓν
1831 1784 1889 1811 ταῖς

1087 1819 1197 1855 ἡμέραις
1211 1824 1258 1850 τῆς
1277 1822 1344 1846 κατὰ
1362 1825 1411 1856 γῆν
1435 1819 1574 1858 διατριϐῆς
1598 1827 1643 1848 τοῦ
1669 1822 1731 1859 ἐμοῦ
1754 1824 1888 1861 Σολομὼν-

1086 1872 1130 1893 τος
1161 1861 1315 1894 δικαιοσύνη
1343 1865 1464 1892 ἀνέτειλεν
1497 1876 1504 1883 ·
1535 1867 1610 1897 οὗτος
1634 1870 1679 1894 καὶ
1713 1866 1888 1900 δικαιοσύνης

1087 1907 1156 1938 ἣλιος
1178 1908 1220 1944 ὑφ’
1247 1908 1333 1947 ἑτερου
1357 1913 1491 1947 προφήτου
1521 1913 1701 1949 προηγορεύθη
1736 1918 1783 1944 τῆς
1808 1915 1890 1945 αὐτῆς

1087 1952 1159 1978 ἕνεκα
1172 1951 1297 1985 διανοίας.

203 1997 351 2034 iniquum,
363 1997 404 2025 uti
418 1996 550 2032 profecto
565 1995 787 2032 iniquissimum
806 1998 859 2030 est,
887 1996 975 2031 igitur
1000 1996 1083 2033 quod
1098 1997 1124 2025 ei
1147 1999 1319 2034 opponitur,
1331 1999 1446 2035 justum
1462 2003 1515 2034 est,
1527 2000 1589 2029 imo
1603 2002 1677 2030 nihil
1696 2003 1754 2031 hoc
1769 2003 1890 2040 aequius

199 2042 327 2071 inveniri
354 2049 490 2078 unquam
511 2040 617 2077 poterit
645 2040 804 2076 ejusmodi,
831 2041 954 2077 quidem
981 2041 1035 2069 fuit
1051 2042 1174 2077 justitia,
1193 2051 1261 2079 quae
1283 2051 1336 2080 per
1347 2045 1467 2073 eosdies
1482 2048 1549 2074 orta
1567 2049 1612 2074 est
1626 2048 1691 2083 (54),
1709 2050 1839 2084 quando
1856 2052 1886 2079 in

200 2087 284 2132 terris
297 2086 477 2132 versabatur
498 2085 643 2132 rSalomon
663 2093 748 2113 meus
765 2094 772 2120 ;
799 2088 890 2122 atque
917 2085 1023 2114 eadem
1039 2086 1076 2114 de
1084 2095 1177 2116 causa
1186 2088 1251 2123 jam
1262 2091 1351 2118 antea
1365 2089 1404 2118 ab
1413 2090 1470 2118 alio
1481 2091 1630 2128 propheta
1641 2093 1696 2128 (55)
1710 2093 1759 2122 hic
1775 2096 1887 2132 appel-

199 2131 276 2159 latus
289 2133 335 2159 est
349 2131 536 2166 sotjustitiw.

235 2177 308 2204 ΧΧΧ.
325 2175 401 2208 Quid
420 2175 518 2203 adhuc
531 2174 687 2211 (postulas)
703 2175 717 2203 τ
740 2174 892 2204 Salomoni
908 2174 1026 2212 (inquit)
1044 2177 1066 2204 D

199 2220 341 2249 divinitus
357 2220 464 2248 collata
479 2220 627 2256 sapientia
641 2220 704 2248 fuit.

235 2267 300 2294 Esto
316 2275 323 2300 ;
338 2265 391 2294 sed
402 2268 429 2294 et
443 2265 586 2294 terrestris
600 2265 760 2302 paradisus
779 2273 797 2294 a
826 2266 883 2294 Deo
910 2265 1023 2302 planta-

197 2313 244 2339 tus
258 2310 322 2346 fuit,
344 2313 373 2339 et
399 2310 532 2347 paradisi
556 2309 695 2338 divinitus
723 2309 849 2347 plantati
874 2310 1024 2338 habitator

194 2356 291 2385 Adam
306 2356 371 2393 ipse
384 2364 506 2393 quoque
522 2364 540 2384 a
555 2357 614 2384 Deo
630 2355 768 2384 conditus
783 2357 828 2384 est
844 2355 926 2392 :ipse
948 2363 1022 2392 quo-

193 2409 253 2439 que
267 2401 409 2430 divinitus
419 2400 568 2437 sapientia
586 2399 700 2429 ditatus
710 2400 773 2436 fuit,
787 2400 879 2436 idque
912 2403 1021 2428 testan-

193 2449 239 2476 tur
254 2446 417 2483 aplissimae
428 2445 662 2482 signiﬁcationes
676 2446 845 2481 nominum,
865 2453 933 2482 quae
948 2453 1020 2473 sane

228 2546 370 2582 (47)Psal.
387 2554 463 2580 xcw,
480 2547 521 2580 l9,
538 2553 597 2574 sec.
612 2544 688 2573 LXX.

225 2585 281 2618 (48)
299 2584 382 2611 Rom.
400 2590 439 2613 ιιι,
457 2584 501 2609 29.

224 2620 278 2654 (49)
290 2618 406 2651 Hel).u,
423 2620 464 2646 t6.
531 2649 538 2654 λ
626 2651 633 2654 _
654 2652 659 2654 Α
676 2652 681 2654 _
700 2648 703 2649 ,

222 2649 278 2688 (50)
296 2655 358 2681 llar.
377 2649 416 2688 ni,
429 2655 473 2689 38,
488 2649 541 2681 sed
553 2651 636 2688 apud
653 2652 727 2687 LXX,
742 2660 771 2681 ν.
783 2654 826 2680 37.

221 2692 279 2724 (51)
296 2689 435 2724 Joan.1v,
450 2691 477 2717 4.

219 2727 278 2764 (52)
291 2725 369 2754 Psal.
381 2733 446 2761 xui,
463 2727 471 2754 Ι
479 2745 487 2760 ,
501 2732 560 2754 sec.
575 2725 650 2753 LXX.

1135 2177 1176 2205 A’.
1194 2179 1225 2204 Τί
1240 2178 1275 2204 ἔτι
1286 2185 1292 2212 ;
1305 2177 1452 2211 eaea-dore;
1469 2180 1482 2210 ὁ
1496 2183 1574 2218 σοφία
1593 2185 1639 2208 τοῦ
1655 2181 1830 2220 Σολομῶντος.

1118 2264 1194 2293 Ἀλλὰ
1217 2270 1262 2294 καὶ
1281 2268 1294 2293 ὁ
1308 2267 1480 2305 παράδεισος,
1503 2271 1669 2307 θεοφὺτευτος
1689 2275 1733 2299 καὶ
1757 2279 1804 2301 τοῦ
1831 2275 1883 2304 θεοί

1079 2313 1205 2346 φυτεύτου
1227 2313 1320 2339 τούτου
1343 2311 1509 2346 admirari;
1532 2316 1588 2352 (ὅθ)
1600 2317 1613 2342 ὁ
1629 2315 1726 2354 Ἀδὰμ,
1744 2322 1790 2345 καὶ
1809 2321 1883 2351 οὗτος

1080 2356 1247 2388 θεόκτιστος·
1266 2360 1311 2383 καὶ
1335 2356 1411 2389 οὗτος
1431 2360 1564 2396 θιόσοφος,
1588 2364 1632 2388 καὶ
1658 2368 1840 2400 μαρτυροῦσιν
1856 2366 1883 2391 αἱ

1077 2401 1233 2429 κατάλληλοι
1273 2406 1404 2439 σημασίαι
1431 2408 1481 2430 τῶν
1513 2404 1638 2440 κλήσεων,
1677 2407 1761 2445 οἷσπερ
1797 2409 1882 2436 ἅπασι

1075 2449 1129 2476 τοῖς
1143 2446 1220 2477 ζώοις
1239 2446 1263 2472 ἐν
1287 2445 1442 2485 παραδείσῳ
1467 2453 1663 2488 προσήρμοσεν.
1686 2451 1754 2478 Ἀλλ’
1787 2453 1810 2480 εἰ
1837 2458 1882 2480 καὶ

1111 2545 1164 2580 (53)
1176 2544 1233 2573 lsa.
1249 2553 1289 2579 χι,
1301 2548 1326 2574 9.

1121 2582 1165 2615 54)
1178 2581 1235 2609 lsa.
1247 2589 1283 2609 XL
1297 2590 1322 2617 ν,
1339 2583 1364 2610 8.

1120 2617 1162 2651 35)
1177 2617 1298 2645 Malach.
1313 2621 1406 2656 ιιι-,1)
1422 2618 1461 2647 Et
1471 2619 1586 2648 orietur
1601 2622 1690 2656 vobis,
1706 2623 1878 2654 timentibus

1071 2659 1176 2680 nomen
1192 2660 1308 2688 meum,
1319 2654 1364 2682 sol
1374 2655 1509 2688 justitiam

1105 2688 1162 2724 (56)
1180 2688 1251 2718 Cod.
1270 2687 1470 2723 ἑνδιατηῖτητήςς
