1963 3084
22 111 83 138 729

66 173 125 199 Καὶ
159 169 275 207 δύναμις
294 171 340 196 τοῦ
371 168 499 205 Ὑψίστου
537 167 688 195 ὶπισνιιάσει
704 177 746 194 σοι
763 178 769 185 ·

31 212 109 245 ἐστὶν
127 216 143 242 ὁ
158 215 344 250 τοῡὙψίστου
360 215 430 245 Υἱός·
447 211 532 241 Δαυὶδ
549 224 555 230 ·
570 215 616 250 μὶν
632 211 676 240 οὖν
690 213 702 239 ὀ
729 212 855 249 βασιλεὺς

33 259 199 295 Ἰουδαίων,
224 263 289 292 Ποῦ,
332 261 407 296 φησὶ,
431 259 549 296 πορευθῶ
575 257 626 284 ἀπὸ
659 255 705 284 τοῦ
739 259 854 294 Πνιύμα-

35 308 82 337 τὸς
112 315 180 338 σου,
215 306 260 330 καὶ
286 303 337 331 ἀπὸ
366 307 412 330 τοῦ
440 306 581 341 προσώπου
608 312 655 329 σου
684 305 734 329 ποῦ
757 303 854 338 φύγω;

40 352 107 387 πρὸς
139 351 186 376 τὸν
224 351 326 386 Πατέρα
355 350 399 375 τὸν
427 347 503 384 λόγον
526 348 688 384 ποιούμενος,
722 346 752 373 οὗ
775 349 857 384 πράσα

43 404 116 421 ωπον
143 395 158 420 ὀ
185 395 258 429 Υἱὸς,
280 395 325 420 καὶ
348 392 545 431 ἀπαράλλακτος
571 394 712 429 χαρακτήρ
738 402 744 410 ·
767 393 780 418 ὁ
804 393 855 430 γὰρ

45 440 175 476 ἑωρακὼς
190 439 234 464 τὸν
253 439 313 465 Υἰόν
328 437 424 475 ἑώρακε
445 438 489 464 τὸν
515 439 620 474 Πατέρα
643 447 650 454 ·
680 438 725 463 καὶ
756 437 857 467 τούτοις

43 488 99 514 τοῖς
136 483 230 519 λόγοις
255 485 285 509 τὸ
311 486 358 513 τῆς
394 480 507 519 Τριάδος
552 480 664 517 ἐκφαίνει
699 484 855 519 μυστήριον.

44 529 209 565 Ἀνθρωπος
248 526 278 554 δὶ
310 527 354 562 ὢν,
385 529 430 553 καὶ
466 529 588 564 στραφεὶς
617 527 653 557 εἰς
679 526 856 564 ταλαιπωρίαν

44 573 71 600 ἐν
110 577 151 608 τῷ
182 573 333 609 ἐμπαγῆναι
373 573 457 607 τούτῳ
486 575 531 602 τῆς
558 571 685 608 ἁμαρτίας
709 574 756 601 τὴν
779 572 856 598 ἄκαν-

46 619 106 651 θαν,
140 617 300 654 φοϐούμενος
331 619 378 645 τὴν
403 618 561 646 Δεσποτικὴν
596 615 764 650 ὶπεξέλευσιν,
791 615 856 654 δρα-

45 663 115 699 σμὸν
131 662 228 699 μελετᾷ
244 672 251 680 '
271 664 316 688 καὶ
330 661 488 692 ὑποσκάζων
507 662 544 687 ἔτι
558 661 601 687 τὸν
619 659 691 687 πόδα
713 665 744 698 τῇ
767 661 853 698 πληγῇ

42 711 93 738 τῆς
120 706 250 741 ἀκάνθης,
283 705 384 743 ἀπορεῖ,
410 709 461 732 ποῦ
489 705 547 732 ποτ’
579 705 609 732 ὃς)
632 708 677 732 καὶ
708 704 856 742 ἁποδράσοι

43 753 95 777 καὶ
107 753 153 777 τὸν
183 751 311 780 ὰλάθητον
341 750 451 779 λήσεται
477 749 619 786 ὀφθαλμόν.
645 749 675 776 Ὀ
697 751 742 786 μὲν
774 747 857 776 Δαυΐὸ

46 800 137 822 ταῦτα
171 806 178 813 ’
205 797 221 825 ἠ
253 793 279 822 δ’
307 795 334 822 ἐκ
357 793 441 822 Δαυΐδ
468 795 598 831 Παρθένος
621 798 857 831 μυσταγωγοῦντος

632 105 667 133 ΙΝ
686 101 999 133 ANNUNTIATIONEM
1017 103 1048 133 B.
1065 104 1196 135 MANE.

1689 109 1742 137 730

798 169 854 198 ἣτις
871 169 895 196 Α
945 168 985 196 Ει
1000 169 1095 197 virtus
1108 169 1254 198 Altissimi
1267 169 1459 200 obumbrabit
1473 170 1527 200 tibi
1537 179 1549 200 .·
1563 177 1631 208 quae
1643 171 1740 200 virtus

911 212 1000 249 plane
1017 213 1104 241 Filius
1115 215 1160 242 est
1174 214 1325 243 Altissimi.
1343 217 1376 243 Et
1400 223 1473 244 sane
1496 216 1667 244 Judaaorum
1686 224 1739 244 rex

911 257 1016 292 David,
1024 258 1273 295 Quo,inquit(45),
1284 260 1332 288 ibo
1339 261 1473 295 aspirilu
1481 263 1530 288 luo
1539 263 1566 289 et
1573 268 1631 296 quo
1638 268 1655 288 α
1661 261 1741 295 facie

912 304 964 330 tua
978 302 1112 338 fugiam?
1136 304 1251 332 Patrem
1259 304 1369 333 scilicet
1376 304 1546 341 alloquitur,
1555 305 1641 340 cujus
1651 304 1741 332 facies

911 348 940 375 et
949 354 1002 383 per
1015 347 1118 376 omnia
1132 348 1236 376 similis
1249 348 1350 384 imago
1364 351 1408 377 est
1423 349 1509 378 Filius
1521 357 1528 382 ;
1542 349 1594 386 qui
1609 349 1689 377 enim
1699 349 1741 377 vi-

911 390 942 419 di
959 391 1153 426 Filium,vidit
1163 393 1279 421 Patrem
1293 393 1361 429 (46);
1377 396 1405 422 et
1419 394 1461 422 sic
1475 393 1623 422 Trinitatis
1631 395 1741 430 myste-

911 434 990 463 rium
1006 435 1036 464 in
1046 435 1103 464 illis
1117 436 1216 464 verbis
1230 437 1368 466 ostendit.
1386 439 1461 466 Cum
1470 445 1562 474 porro
1576 437 1741 472 homo(hic)

911 482 1001 515 esset,
1011 482 1039 508 et
1054 488 1215 509 conversus
1228 483 1259 510 in
1272 483 1498 518 (erumna,dum
1510 483 1671 518 conﬁgitur
1685 481 1742 519 ipsi

911 525 1025 562 peccati
1036 526 1125 561 spina
1136 526 1205 562 (48),
1217 526 1326 555 timens
1336 527 1479 555 ultionem
1493 527 1620 560 Domini,
1637 526 1741 562 fugam

910 569 1089 604 meditatur;
1107 572 1134 600 et
1146 578 1162 598 e
1176 570 1271 607 spina:
1290 571 1411 599 vulnere
1427 571 1527 600 adhuc
1541 572 1618 608 pede
1631 571 1741 600 claudi-

911 622 995 648 cans,
1010 615 1102 643 hieret
1115 615 1257 649 incertus,
1269 624 1331 652 quo
1346 616 1468 644 tandem
1482 617 1652 653 etaufugiat
1663 618 1692 645 et
1700 616 1741 645 la-

911 660 971 687 teat
985 659 1119 695 oculum,
1135 667 1227 696 quem
1241 660 1315 688 nihil
1328 661 1406 690 latet.
1425 663 1467 690 ita
1479 662 1603 698 quidem
1627 661 1739 690 David:

912 706 942 732 at
970 703 1058 738 Virgo
1074 711 1089 731 e
1120 704 1233 733 Davide
1257 708 1360 734 exorta.
1386 706 1568 742 archangelo
1602 705 1742 734 sublimia

911 748 1063 784 edocente,
1077 749 1286 785 supercmleste
1300 751 1388 779 unius
1403 751 1434 779 in
1452 752 1591 780 Trinitate
1620 751 1740 779 Deitatis

912 794 1088 830 mysterium
1100 794 1139 827 (et
1160 795 1241 831 ipsa)
1268 795 1366 831 discit,
1378 804 1487 833 nempe
1509 796 1651 833 Spiritum
1670 803 1742 824 san-

44 845 97 867 τοῡ
121 840 303 878 ἀρχαγγέλου,
332 841 361 866 τὸ
390 840 573 876 ὑπερουράνιον
594 840 706 876 μάθημα
731 839 857 876 ἰκμανθά-

949 847 1004 873 1m,
1020 841 1048 867 et
1063 839 1204 868 Virtutem
1219 839 1370 874 Altissimi,
1385 849 1402 870 ο
1429 849 1492 878 quo
1506 841 1658 870 Altissimo
1680 842 1742 869 Vir-

46 896 89 912 νςι
103 889 150 916 τῆς
175 889 238 922 μιᾶς
258 887 282 911 εν
300 882 398 922 Τριάδι
423 885 552 919 θεότητος,
583 887 687 921 Πνεῦμα
711 884 784 920 ἅγιον
812 886 857 911 καὶ

48 929 168 966 δύναμιν
182 933 230 956 τοῦ
243 929 380 965 Ὑψίστου,
408 929 436 960 ἔξ
463 927 562 960 οὗτινος
586 928 711 965 Ὑψίστου
738 930 753 958 ἡ
780 927 857 955 δύνα-

46 985 98 1011 μις
110 977 157 1000 καὶ
171 976 201 1000 τὸ
220 977 325 1010 Πνεῦμα
347 975 376 1000 τὸ
409 973 483 1009 ἅγιον
509 976 671 1010 προαιωνίως
693 975 855 1003 ὑπέστησαν.

50 1019 125 1048 Πλὴν
150 1019 216 1054 οὐχὶ
242 1017 362 1055 δρασμὸν
390 1016 534 1044 διανοεῖται
555 1021 600 1044 χαὶ
629 1019 692 1047 αὕτη
707 1029 712 1035 ·
736 1017 799 1044 ἀλλὰ
830 1020 856 1044 τί

49 1074 119 1101 φησι
146 1066 213 1102 πρὸς
242 1065 286 1089 τὸν
316 1065 450 1100 aurarii»;
482 1061 551 1090 Ἰδοὺ
581 1064 597 1092 ἠ
632 1061 712 1093 δούλη
747 1067 855 1102 Κυριου,

46 1111 150 1145 γένοιτό
191 1118 238 1145 μοι
271 1109 338 1135 κατὰ
352 1110 381 1134 τὸ
395 1109 468 1145 ῥῆμά
489 1117 546 1136 σου.
575 1108 630 1136 Οὔκ
660 1108 754 1144 ἀγνοῶ,
779 1111 854 1144 φησὶ,

47 1156 100 1183 τὸν
137 1153 218 1180 πάλαι
247 1154 447 1190 προωρισμὲνην
485 1152 527 1179 ἰπὶ
552 1157 600 1188 γῆς
635 1152 781 1180 κατάϐασιν
811 1156 856 1179 τοῦ

49 1202 131 1226 Θεοῦ,
146 1199 179 1224 Οἱ
193 1199 244 1235 γὰρ
269 1202 413 1235 προφῆται,
438 1197 527 1233 χεῖλος
551 1198 638 1235 ὥσπερ
666 1197 690 1224 ἓν
713 1200 856 1234 γεγονότες,

47 1246 97 1270 τὸν
122 1245 207 1278 Λόγον
226 1247 272 1268 τοῦ
306 1246 372 1269 Θεοῦ
395 1241 493 1278 μελλειν
522 1241 549 1268 ἔκ
574 1245 698 1279 γυναικὸς
722 1247 859 1280 σεο-αρκῶ-

52 1290 119 1316 σθαι
142 1287 310 1325 πολυτρόπως
325 1287 452 1325 ἐκήρυξαν
468 1298 474 1305 ·
490 1290 535 1314 καὶ
563 1290 652 1326 χαίρω
678 1293 709 1324 τῇ
741 1291 858 1325 σωτηρίᾳ

51 1338 104 1360 τῶν
120 1334 260 1369 ὁμογενῶν,
281 1335 325 1362 καὶ
349 1336 489 1368 προσκυνῶ
516 1334 558 1358 τὸν
587 1333 724 1368 Ὕψιστον,
750 1335 794 1360 τὸν
811 1331 858 1360 διὰ

54 1383 106 1409 τῆς
131 1377 193 1414 ἐμῆς
220 1380 398 1407 ταπεινώσεως
428 1375 610 1406 ε’ὶδοκήσαντα
644 1380 690 1407 τὴν
722 1379 857 1414 φθονηθεῖ-

57 1433 108 1449 σαν
123 1424 201 1459 φύσιν
218 1421 329 1458 ἀφθόνου
355 1431 467 1459 χαριτος
492 1422 662 1458 καταξιῶσαι,
684 1424 729 1449 καὶ
755 1425 857 1459 μεσῖτὶν

56 1477 90 1504 με
107 1465 191 1498 δεῖξαι
209 1471 257 1498 τῆς
268 1470 314 1493 τοῦ
326 1468 426 1503 κόσμου
441 1469 571 1504 σωτηρίας
585 1468 629 1493 καί
646 1468 768 1498 θεώσεως.

93 1565 160 1598 Μ’ς’,
182 1565 250 1601 Ἐγὼ
279 1563 304 1591 δ’
329 1563 382 1591 ἀλλ’
398 1564 508 1591 ἐνταῦθα
539 1568 584 1591 τοῦ
612 1565 689 1602 λύγου
715 1567 857 1602 γενόμενος,

55 1614 105 1637 καὶ
133 1609 177 1636 ὑπ’
216 1609 358 1641 ἐκπλήξεως
381 1610 469 1640 ἔνθους
495 1612 662 1646 γεγενημένος
700 1609 858 1647 διαπρύσιον

55 1655 198 1692 ἀνῃράζω
228 1665 234 1671 ·
253 1654 295 1685 Ὠς
326 1653 483 1690 ἂμεγαλύνθη
517 1656 550 1680 τὰ
579 1656 642 1691 ἔργα
671 1665 733 1688 σου,
759 1657 857 1692 Κύριε-

55 1699 163 1737 σφοδρα
198 1699 377 1728 ἑϐαὒύνθησαν
428 1699 452 1725 οἱ
493 1697 664 1735 διαλογισμοί
699 1709 757 1726 σου.
781 1699 858 1738 Ἀνὴρ

54 1746 154 1782 ἄφρων,
176 1742 315 1779 Ἰουδαῖος,
350 1744 379 1770 οὐ
409 1746 548 1780 γνώσεται,
575 1746 619 1770 καὶ
652 1743 781 1778 ἀσύνετος,
811 1748 860 1771 Νι-

55 1792 169 1827 στὸριος,
212 1788 243 1814 οὗ
281 1790 389 1817 συνήσει
435 1791 528 1815 ταῦτα.
565 1791 613 1815 Καὶ
642 1790 720 1820 eam;
757 1791 786 1815 τὸ
815 1793 860 1819 τῆς

55 1834 275 1870 ἒνανθρωπήσεως
293 1837 337 1859 τοῦ
357 1837 423 1859 Θεοῦ
444 1835 530 1869 Λόγου
548 1836 692 1871 μυστήριον
725 1835 775 1871 προ
813 1838 860 1864 τῆς

55 1878 203 1909 καταϐολῆς
234 1882 280 1904 τοῦ
300 1880 401 1914 κοσμου
421 1882 585 1915 προώρισται
613 1888 619 1895 ·
641 1880 694 1913 καὶ,
717 1879 751 1908 ὡς
771 1877 794 1904 ἐν
814 1880 860 1904 πί-

56 1934 115 1949 νακι
136 1922 216 1959 ἀθλῳ,
236 1926 272 1958 τῷ
294 1923 354 1958 θείῳ
384 1922 594 1960 ἀρχιστρατήγῳ
614 1920 661 1948 διὰ
680 1926 725 1948 τοῦ
746 1924 861 1959 Πνεύμοι-

56 1978 97 1998 τος
111 1967 359 2005 προεςωγράφηται,
388 1969 422 1993 Τὸ
451 1968 502 2004 γὰρ
532 1966 647 2004 Γαϐριὴλ
673 1966 700 1997 ἐξ
724 1965 860 2004 Ἐϐραίδος

58 2013 91 2043 εἰς
135 2009 250 2038 Ἐλλάδα
289 2014 490 2048 μεταφερόμενον
543 2011 659 2047 γλῶτταν
702 2010 861 2048 θεανδρικὼς

59 2056 264 2094 διερμηνεύεται,
313 2056 382 2083 τοῦτ’
429 2058 499 2083 ἔστιν
546 2056 652 2092 ἅγγελος
697 2055 858 2094 θξανὸριχος.

59 2103 110 2127 Λιά
139 2104 215 2127 τοῦτο
242 2103 286 2126 καὶ
309 2100 422 2138 πρέσϐυς
451 2101 508 2136 (Eii)
542 2105 587 2131 τῆς
611 2102 676 2138 πρὸς
709 2100 860 2136 ἀνθρώπους

56 2145 221 2181 καταλλαγῆς
240 2149 284 2171 τοῦ
301 2149 367 2172 Θεοῦ
386 2146 399 2171 ό
426 2145 540 2182 Γαϐριὴλ
572 2147 787 2182 χιχενροτόνηται
816 2145 860 2172 ἀπ’

57 2191 138 2221 αὗτῆς
156 2195 202 2220 τῆς
232 2190 355 2221 κλήσεως,
383 2191 469 2227 ὥσπερ
497 2189 547 2216 ὰπὸ
573 2193 686 2227 σημείων
715 2190 860 2227 βασιλικῶν
878 2205 899 2232 D

57 2238 99 2262 τὸν
116 2237 215 2262 σκοπὸν
234 2236 401 2273 παριστάνων
424 2232 469 2262 τοῦ
494 2235 696 2272 ἀμοστείλαντος
718 2235 858 2272 βασιλέως,

58 2282 130 2312 ὃντις
142 2282 170 2307 τέ
182 2280 249 2315 ἔστι,
263 2290 307 2307 και
323 2281 336 2307 ὅ
355 2290 381 2306 τι
401 2280 536 2317 βούλεται.

92 2371 215 2396 Βονλεται
231 2367 260 2396 δὲ
288 2369 415 2396 συνελθεῖν
444 2373 496 2400 τοῖς
526 2369 668 2406 ἀνθρώποις
694 2369 729 2401 εὶς
744 2370 834 2396 ἕνωσιν
851 2380 857 2387 ·

60 2415 119 2450 οὐχ,
137 2417 172 2446 ὡς
183 2415 214 2440 οἶν
229 2424 270 2446 τις
286 2416 344 2451 εἴπῃ
361 2415 500 2451 αἱρετικὸς,
532 2415 635 2451 φιλικὴν
661 2425 689 2441 τε
716 2417 761 2441 καὶ
791 2424 860 2451 σχε-

59 2463 130 2490 τικὴν
154 2462 200 2486 καὶ
223 2461 290 2486 κατὰ
313 2461 394 2496 μόνης
422 2459 606 2486 ταυτοϐουλίαν
641 2462 831 2498 συνερχόμενος
851 2471 857 2478 ·

91 2566 148 2601 (45)
166 2565 240 2594 Psal.
254 2574 374 2594 cxxxvu.
391 2569 417 2594 7.

95 2603 151 2635 (46)
163 2602 248 2629 Joan.
259 2610 316 2634 xiv,
333 2604 356 2629 9.
378 2602 436 2636 Qui
448 2601 589 2636 videlme,
603 2602 681 2630 videt
695 2603 858 2632 ctPatrem.

94 2637 151 2673 (47)
168 2637 245 2675 Psal.
256 2645 330 2675 xxiii,
346 2639 363 2665 4
378 2645 436 2666 sec.
453 2637 543 2675 LXXV:
574 2638 721 2675 Ἐστράφην
748 2637 783 2669 εἰς
811 2648 858 2664 τας

62 2671 277 2710 λαιπωρίαν-ὶντῷ
292 2672 439 2709 ἐμπαγῆναι
449 2674 574 2710 ἄκανθαν.

95 2708 149 2746 (is)
163 2708 260 2737 Habes
275 2708 321 2746 hic
329 2708 545 2746 mancamﬁdei
557 2709 858 2746 confessionemque

66 2743 185 2781 Spiritus
198 2745 302 2781 sancti,
312 2752 397 2781 seque
403 2753 438 2773 ac
444 2745 517 2781 Filii,
525 2746 672 2780 originem
678 2754 696 2774 a
703 2746 767 2774 solo
774 2743 858 2774 Patre

64 2779 172 2815 repetit.
189 2779 232 2808 Nil
245 2779 358 2810 mirum'
368 2789 438 2810 cum
458 2779 632 2810 noverimus
654 2781 712 2810 hoc
735 2789 857 2818 quoque

911 884 959 911 tus
979 883 1079 918 (Filius
1103 885 1131 912 et
1157 885 1281 920 Spiritus
1312 888 1432 914 sanctus
1460 886 1515 922 (48)
1541 889 1610 914 ante
1638 886 1742 914 omnia

911 927 1019 955 saecula
1035 927 1260 956 subsistentiam
1271 929 1451 958 habuerunt.
1467 931 1678 958 Verumtamen
1692 937 1740 957 ne-

911 979 1066 1008 quaquam
1084 974 1113 1000 et
1124 973 1191 1008 ipsa
1215 973 1320 1008 fugam
1344 974 1463 1009 cogitat,
1481 974 1533 1002 sed
1547 974 1621 1010 quid
1635 974 1740 1002 nuntio

909 1015 1051 1052 reponit?
1065 1017 1143 1045 Ecce
1155 1017 1271 1046 ancilla
1286 1019 1416 1051 Domini,
1426 1019 1486 1054 fiat
1498 1018 1740 1046 mihisecundum

911 1061 1031 1089 verbum
1048 1063 1133 1089 tuum
1146 1062 1214 1097 (47).
1231 1063 1294 1090 Non
1304 1063 1421 1098 ignoro,
1437 1063 1543 1099 inquit,
1554 1063 1616 1098 jam
1630 1062 1741 1099 praesti-

911 1107 1007 1134 tutum
1019 1105 1058 1134 ab
1074 1106 1198 1143 antiquo
1211 1107 1314 1140 fuisse,
1330 1109 1361 1136 ut
1372 1107 1486 1136 Deusin
1499 1110 1607 1136 terram
1618 1107 1741 1135 descen-

911 1149 1003 1178 deret.
1017 1151 1170 1187 Prophetm
1180 1151 1260 1179 enim
1271 1151 1361 1180 veluti
1378 1159 1439 1180 uno
1464 1151 1545 1180 labio
1573 1151 1738 1188 loquentes,

912 1195 962 1224 Dei
977 1195 1107 1224 Verbum
1123 1204 1244 1225 carnem
1258 1204 1273 1225 e
1287 1197 1410 1225 muliere
1423 1198 1650 1234 assumpturum
1665 1196 1742 1225 mul-

912 1239 1040 1268 tifariam
1052 1241 1327 1276 prmnuntiaverunt
1344 1250 1350 1275 ;
1366 1242 1449 1270 laetor
1466 1244 1566 1270 autem
1583 1241 1621 1269 de
1636 1249 1742 1270 eorum

913 1284 1019 1319 salute,
1033 1285 1086 1320 qui
1099 1292 1294 1313 communem
1308 1294 1428 1314 mecum
1455 1285 1566 1314 habent
1588 1287 1739 1320 naturam,

914 1328 1157 1365 Altissimumque
1167 1329 1272 1366 adoro,
1286 1330 1333 1357 cui
1347 1338 1401 1366 per
1421 1330 1622 1359 humilitatem
1640 1338 1740 1358 meam

912 1373 1103 1409 complacuit,
1117 1377 1268 1407 naturam,
1283 1375 1395 1403 invidia
1414 1375 1574 1411 perditam,
1589 1375 1741 1403 uberrima

913 1418 1009 1453 gratia
1023 1418 1148 1453 dignam
1164 1418 1290 1452 efﬁcere,
1307 1427 1415 1456 meque
1432 1419 1545 1455 salutis,
1563 1420 1624 1447 imo
1637 1422 1666 1448 et
1678 1419 1742 1448 dei-

912 1462 1060 1491 ﬁcationis
1073 1463 1188 1491 mundo
1199 1463 1394 1492 conciliandae
1412 1464 1617 1493 mediatricem
1633 1463 1741 1493 consti-

912 1510 995 1536 tuere
1001 1530 1008 1536 .

949 1561 1036 1589 XLVI.
1057 1563 1118 1596 Ego
1144 1569 1215 1590 vero
1242 1562 1375 1591 oratione
1403 1570 1471 1591 mea
1501 1563 1561 1592 huc
1586 1563 1740 1599 appellens

913 1608 1002 1643 atque
1008 1607 1118 1635 exstasi
1124 1607 1257 1643 quadam
1266 1607 1434 1644 divinapraa
1442 1609 1562 1644 stupore
1575 1609 1739 1643 correptus,

914 1651 953 1679 ad
968 1652 1158 1680 vehementer
1167 1652 1400 1681 exclamandum
1416 1653 1493 1680 feror
1505 1661 1511 1680 :
1522 1653 1616 1687 Quam
1623 1653 1741 1688 magni-

912 1697 1005 1731 ﬁcala
1019 1699 1088 1724 sunt
1103 1698 1411 1731 operama,Domine!
1427 1698 1687 1733 Νίνηίεφονοίιιηιὶάι³
1695 1698 1741 1732 fa-

914 1744 969 1771 ctae
983 1744 1055 1769 sunt
1085 1742 1279 1777 cogitationes
1295 1746 1353 1770 tuae
1370 1743 1377 1770 t
1396 1743 1443 1771 Vir
1452 1743 1608 1777 insipiens,
1619 1742 1742 1770 Judzeus

914 1794 974 1814 non
989 1789 1153 1821 cognoscet,
1168 1789 1195 1814 et
1209 1787 1331 1820 stultus,
1345 1787 1503 1820 Nestorius,
1518 1795 1579 1815 non
1595 1787 1742 1822 intelliget

915 1831 977 1859 hac
989 1831 1061 1867 (50).
1071 1832 1103 1858 Et
1111 1839 1175 1859 vere
1185 1831 1398 1860 incarnationis
1407 1831 1496 1860 Verbi
1504 1832 1554 1860 Dei
1565 1832 1742 1868 mysterium

915 1878 983 1904 ante
1001 1875 1104 1904 mundi
1132 1877 1373 1904 constitutionem
1396 1877 1643 1913 praedestinatum
1668 1877 1741 1911 fuit;

914 1923 1004 1956 atque
1014 1920 1046 1948 in
1060 1919 1164 1948 divino
1174 1920 1224 1949 illo
1239 1921 1386 1950 exercitus
1398 1921 1485 1954 duce,
1501 1921 1582 1949 velut
1596 1921 1625 1948 in
1638 1921 1742 1949 tabula

914 1965 1049 2001 quadam
1064 1964 1251 2001 incorporea,
1267 1968 1357 1994 antea
1364 1973 1418 2002 per
1433 1965 1573 2002 Spiritum
1584 1965 1624 1994 ad
1638 1966 1741 1994 vivum

915 2010 969 2038 fuit
981 2016 1168 2046 expressum.
1184 2011 1245 2038 Vox
1258 2010 1338 2038 enim
1349 2010 1476 2045 Gabriel,
1502 2018 1538 2038 ex
1568 2010 1693 2038 Hebraea
1710 2011 1741 2038 in

915 2056 1047 2082 Graecam
1063 2052 1197 2088 linguam
1205 2054 1565 2082 conversalheandricum
1572 2054 1645 2090 quid
1655 2057 1742 2082 sonat

915 2098 945 2128 id
960 2100 1004 2126 est
1017 2101 1141 2136 angelus
1156 2099 1361 2127 ilieandricus.
1374 2099 1488 2127 Idcirco
1504 2098 1619 2127 Gabriel
1642 2098 1690 2126 vel
1704 2107 1741 2126 ex

915 2146 981 2182 ipso
996 2145 1118 2174 nomine
1124 2144 1297 2179 designatus
1307 2143 1685 2180 apparetreconciliationis
1692 2143 1742 2171 Dei

915 2199 985 2219 cum
997 2189 1171 2218 hominibus
1183 2188 1394 2222 internuntius,
1409 2195 1471 2216 non
1485 2196 1570 2216 secus
1585 2196 1620 2216 ac
1634 2187 1660 2215 si
1674 2187 1742 2224 quis

914 2236 1002 2270 regis,
1019 2235 1072 2271 qui
1085 2242 1154 2262 eum
1170 2233 1292 2267 miserit,
1317 2232 1477 2261 consilium
1502 2233 1531 2260 in
1556 2233 1645 2268 regiis
1673 2232 1743 2261 insi~

915 2280 1023 2315 gnibus
1036 2278 1182 2317 praeferat,
1198 2280 1226 2306 et
1239 2278 1382 2314 quisnam
1412 2285 1522 2314 nempe
1550 2278 1596 2314 sit,
1619 2280 1647 2305 et
1668 2277 1742 2314 quid

913 2325 992 2353 velit.

949 2369 1018 2398 Vult
1030 2376 1121 2406 porro
1138 2369 1330 2404 (rex)arctam
1343 2375 1413 2396 cum
1429 2366 1604 2395 hominibus
1617 2367 1742 2403 conjun-

913 2414 1043 2442 ctionem
1058 2413 1141 2449 inire,
1155 2420 1218 2440 non
1233 2412 1366 2449 quidem,
1377 2414 1410 2440 ut
1422 2411 1577 2440 haereticus
1588 2412 1740 2448 quispiam

914 2459 987 2488 forte
1001 2459 1121 2493 diceret,
1138 2460 1166 2486 et
1180 2457 1311 2486 amicitia
1325 2457 1423 2486 solum
1447 2459 1475 2486 et
1499 2457 1614 2491 habitu,
1640 2459 1668 2485 et
1690 2465 1741 2485 vo-

913 2567 1055 2604 doctrinm
1072 2565 1306 2604 caputincausa
1316 2565 1418 2604 fuisse,
1433 2563 1516 2600 quod
1525 2563 1658 2604 legatisa
1674 2563 1741 2591 Gre-

913 2603 998 2638 gorio
1014 2604 1045 2631 IX
1061 2598 1159 2630 missis
1174 2602 1212 2629 ad
1228 2604 1359 2630 extorres
1387 2598 1504 2629 Graecos
1530 2598 1669 2627 Ecclesiae
1694 2606 1740 2639 re-

913 2638 1117 2665 conciliandos
1131 2639 1295 2665 Germanus
1310 2644 1379 2664 cum
1401 2635 1462 2664 suis
1489 2634 1644 2664 obstiterit.
1674 2634 1739 2662 Vid.

913 2638 1117 2667 conciliandos
1131 2639 1295 2666 Germanus
1310 2644 1379 2664 cum
1401 2638 1462 2664 suis
1489 2638 1644 2664 obstiterit.
1675 2638 1739 2662 Vict.

912 2674 1050 2710 Raynald
1075 2673 1113 2702 ad
1128 2681 1177 2701 an.
1196 2674 1260 2701 1233
1276 2675 1326 2700 n.6
1336 2674 1364 2701 et
1378 2673 1419 2700 13.

949 2711 1008 2744 (49)
1022 2711 1090 2738 Luc.
1105 2717 1124 2742 l,
1139 2711 1183 2737 38.

959 2746 1004 2782 50)
1020 2745 1097 2782 Psal.
1111 2753 1165 2776 xei,
1182 2746 1251 2782 55,7.

959 2780 1004 2818 5i)
1019 2780 1090 2810 Cod.
1108 2780 1226 2818 πράσεις,
