  <div class='ocr_page' id='page_1' title='image "/cluster/home/n/w/nwhite01/storage/ocr_20150623/140/njp.32101010942850/401.png"; bbox 0 0 1963 3084; ppageno 0'>
   <div class='ocr_carea' id='block_1_1' title="bbox 247 109 299 137">
    <p class='ocr_par' dir='ltr' id='par_1_1' title="bbox 247 109 299 137">
     <span class='ocr_line' id='line_1_1' title="bbox 247 109 299 137; baseline 0 -1"><span class='ocrx_word' id='word_1_1' title='bbox 247 109 299 137; x_wconf 70' lang='grc'><strong>735</strong></span> 
     </span>
    </p>
   </div>
   <div class='ocr_carea' id='block_1_2' title="bbox 833 102 1320 136">
    <p class='ocr_par' dir='ltr' id='par_1_2' title="bbox 833 102 1320 136">
     <span class='ocr_line' id='line_1_2' title="bbox 833 102 1320 136; baseline 0.002 -4"><span class='ocrx_word' id='word_1_2' title='bbox 833 102 989 134; x_wconf 80' lang='lat' dir='ltr'><strong>CERMANI</strong></span> <span class='ocrx_word' id='word_1_3' title='bbox 1004 105 1028 134; x_wconf 85' lang='lat' dir='ltr'><strong>Il</strong></span> <span class='ocrx_word' id='word_1_4' title='bbox 1043 105 1094 134; x_wconf 73' lang='grc' dir='ltr'><strong>(ΖΡ.</strong></span> <span class='ocrx_word' id='word_1_5' title='bbox 1107 104 1320 136; x_wconf 69' lang='grc' dir='ltr'><strong>ΡΑΤΗῘᾹΟΗΛΕ</strong></span> 
     </span>
    </p>
   </div>
   <div class='ocr_carea' id='block_1_3' title="bbox 1894 108 1944 136">
    <p class='ocr_par' dir='ltr' id='par_1_3' title="bbox 1894 108 1944 136">
     <span class='ocr_line' id='line_1_3' title="bbox 1894 108 1944 136; baseline 0.02 -1"><span class='ocrx_word' id='word_1_6' title='bbox 1894 108 1944 136; x_wconf 80' lang='grc' dir='ltr'><strong>’ἶ36</strong></span> 
     </span>
    </p>
   </div>
   <div class='ocr_carea' id='block_1_4' title="bbox 245 167 1945 207">
    <p class='ocr_par' dir='ltr' id='par_1_4' title="bbox 245 167 1945 207">
     <span class='ocr_line' id='line_1_4' title="bbox 245 167 1945 207; baseline 0.001 -9"><span class='ocrx_word' id='word_1_7' title='bbox 245 177 357 207; x_wconf 81' lang='lat' dir='ltr'><strong>nempe</strong></span> <span class='ocrx_word' id='word_1_8' title='bbox 378 170 502 207; x_wconf 79' lang='lat' dir='ltr'><strong>sanguis</strong></span> <span class='ocrx_word' id='word_1_9' title='bbox 533 169 675 199; x_wconf 89' lang='lat' dir='ltr'><strong>divinitus</strong></span> <span class='ocrx_word' id='word_1_10' title='bbox 697 167 805 201; x_wconf 84' lang='lat' dir='ltr'><strong>fluens,</strong></span> <span class='ocrx_word' id='word_1_11' title='bbox 834 168 886 205; x_wconf 85' lang='lat' dir='ltr'><strong>qui</strong></span> <span class='ocrx_word' id='word_1_12' title='bbox 924 168 1258 198; x_wconf 89' lang='lat' dir='ltr'><strong>vulnerumnostrorum</strong></span> <span class='ocrx_word' id='word_1_13' title='bbox 1284 170 1325 199; x_wconf 87' lang='lat' dir='ltr'><strong>ita</strong></span> <span class='ocrx_word' id='word_1_14' title='bbox 1364 169 1582 206; x_wconf 86' lang='lat' dir='ltr'><strong>malignitatem</strong></span> <span class='ocrx_word' id='word_1_15' title='bbox 1617 170 1762 206; x_wconf 78' lang='lat' dir='ltr'><strong>absumit,</strong></span> <span class='ocrx_word' id='word_1_16' title='bbox 1796 171 1835 200; x_wconf 88' lang='lat' dir='ltr'><strong>ut</strong></span> <span class='ocrx_word' id='word_1_17' title='bbox 1871 171 1945 207; x_wconf 79' lang='lat' dir='ltr'><strong>ipsis</strong></span> 
     </span>
    </p>
   </div>
   <div class='ocr_carea' id='block_1_5' title="bbox 245 212 1444 252">
    <p class='ocr_par' dir='ltr' id='par_1_5' title="bbox 245 212 1444 252">
     <span class='ocr_line' id='line_1_5' title="bbox 245 212 1444 252; baseline 0 -10"><span class='ocrx_word' id='word_1_18' title='bbox 245 222 368 252; x_wconf 86' lang='lat' dir='ltr'><strong>quoque</strong></span> <span class='ocrx_word' id='word_1_19' title='bbox 375 215 525 244; x_wconf 78' lang='lat' dir='ltr'><strong>cicatrices</strong></span> <span class='ocrx_word' id='word_1_20' title='bbox 532 215 734 249; x_wconf 85' lang='lat' dir='ltr'><strong>abstergeatet</strong></span> <span class='ocrx_word' id='word_1_21' title='bbox 746 213 777 241; x_wconf 91' lang='lat' dir='ltr'><strong>in</strong></span> <span class='ocrx_word' id='word_1_22' title='bbox 791 212 949 249; x_wconf 81' lang='lat' dir='ltr'><strong>pristinam</strong></span> <span class='ocrx_word' id='word_1_23' title='bbox 963 214 1120 242; x_wconf 83' lang='lat' dir='ltr'><strong>sanitatem</strong></span> <span class='ocrx_word' id='word_1_24' title='bbox 1135 214 1284 250; x_wconf 80' lang='lat' dir='ltr'><strong>integram</strong></span> <span class='ocrx_word' id='word_1_25' title='bbox 1298 214 1444 244; x_wconf 80' lang='lat' dir='ltr'><strong>restituat.</strong></span> 
     </span>
    </p>
   </div>
   <div class='ocr_carea' id='block_1_6' title="bbox 281 257 1071 300">
    <p class='ocr_par' dir='ltr' id='par_1_6' title="bbox 281 257 1071 296">
     <span class='ocr_line' id='line_1_6' title="bbox 281 257 1071 296; baseline 0 -10"><span class='ocrx_word' id='word_1_26' title='bbox 281 259 327 287; x_wconf 91' lang='lat' dir='ltr'><strong>LI.</strong></span> <span class='ocrx_word' id='word_1_27' title='bbox 339 259 391 288; x_wconf 90' lang='lat' dir='ltr'><strong>Tui</strong></span> <span class='ocrx_word' id='word_1_28' title='bbox 405 259 505 296; x_wconf 80' lang='lat' dir='ltr'><strong>itaque</strong></span> <span class='ocrx_word' id='word_1_29' title='bbox 518 260 549 295; x_wconf 91' lang='grc' dir='ltr'><strong>(ο</strong></span> <span class='ocrx_word' id='word_1_30' title='bbox 570 258 716 295; x_wconf 84' lang='lat' dir='ltr'><strong>Deipara).</strong></span> <span class='ocrx_word' id='word_1_31' title='bbox 733 265 817 286; x_wconf 87' lang='lat' dir='ltr'><strong>sume</strong></span> <span class='ocrx_word' id='word_1_32' title='bbox 827 257 1071 294; x_wconf 86' lang='lat' dir='ltr'><strong>chirographum.</strong></span> 
     </span>
    </p>
   </div>
   <div class='ocr_carea' id='block_1_7' title="bbox 1130 257 1944 300">
    <p class='ocr_par' dir='ltr' id='par_1_7' title="bbox 1162 258 1944 300">
     <span class='ocr_line' id='line_1_7' title="bbox 1162 258 1944 300; baseline 0.004 -14"><span class='ocrx_word' id='word_1_33' title='bbox 1162 258 1228 287; x_wconf 67' lang='lat' dir='ltr'><strong>NA&#39;.</strong></span> <span class='ocrx_word' id='word_1_34' title='bbox 1252 259 1328 286; x_wconf 84' lang='grc' dir='ltr'>Ὀθεν</span> <span class='ocrx_word' id='word_1_35' title='bbox 1359 259 1478 286; x_wconf 79' lang='grc' dir='ltr'>λαϐοῦσα</span> <span class='ocrx_word' id='word_1_36' title='bbox 1505 261 1535 286; x_wconf 87' lang='grc' dir='ltr'>τὸ</span> <span class='ocrx_word' id='word_1_37' title='bbox 1566 259 1730 296; x_wconf 82' lang='grc' dir='ltr'>πολύστιχον</span> <span class='ocrx_word' id='word_1_38' title='bbox 1754 264 1944 300; x_wconf 62' lang='grc' dir='ltr'>χειρόγραφον</span> 
     </span>
    </p>
   </div>
   <div class='ocr_carea' id='block_1_8' title="bbox 246 301 1074 341">
    <p class='ocr_par' dir='ltr' id='par_1_8' title="bbox 246 301 1074 341">
     <span class='ocr_line' id='line_1_8' title="bbox 246 301 1074 341; baseline -0.004 -8"><span class='ocrx_word' id='word_1_39' title='bbox 246 311 308 341; x_wconf 88' lang='lat' dir='ltr'><strong>quo</strong></span> <span class='ocrx_word' id='word_1_40' title='bbox 318 306 380 333; x_wconf 88' lang='lat' dir='ltr'><strong>tam</strong></span> <span class='ocrx_word' id='word_1_41' title='bbox 394 304 488 333; x_wconf 89' lang='lat' dir='ltr'><strong>multa</strong></span> <span class='ocrx_word' id='word_1_42' title='bbox 502 303 602 332; x_wconf 83' lang='lat' dir='ltr'><strong>debita</strong></span> <span class='ocrx_word' id='word_1_43' title='bbox 618 305 721 332; x_wconf 87' lang='lat' dir='ltr'><strong>nostra</strong></span> <span class='ocrx_word' id='word_1_44' title='bbox 744 301 942 336; x_wconf 76' lang='lat' dir='ltr'><strong>continentur,</strong></span> <span class='ocrx_word' id='word_1_45' title='bbox 958 305 987 331; x_wconf 90' lang='lat' dir='ltr'><strong>et</strong></span> <span class='ocrx_word' id='word_1_46' title='bbox 1001 302 1074 331; x_wconf 89' lang='lat' dir='ltr'><strong>illud</strong></span> 
     </span>
    </p>
   </div>
   <div class='ocr_carea' id='block_1_9' title="bbox 246 346 1075 384">
    <p class='ocr_par' dir='ltr' id='par_1_9' title="bbox 246 346 1075 384">
     <span class='ocr_line' id='line_1_9' title="bbox 246 346 1075 384; baseline -0.002 -7"><span class='ocrx_word' id='word_1_47' title='bbox 246 349 377 377; x_wconf 78' lang='lat' dir='ltr'><strong>dilacera</strong></span> <span class='ocrx_word' id='word_1_48' title='bbox 389 348 591 378; x_wconf 85' lang='lat' dir='ltr'><strong>immaculalis</strong></span> <span class='ocrx_word' id='word_1_49' title='bbox 604 347 661 377; x_wconf 87' lang='lat' dir='ltr'><strong>illis</strong></span> <span class='ocrx_word' id='word_1_50' title='bbox 671 347 730 376; x_wconf 86' lang='lat' dir='ltr'><strong>tuis</strong></span> <span class='ocrx_word' id='word_1_51' title='bbox 745 346 898 383; x_wconf 87' lang='lat' dir='ltr'><strong>manibus,</strong></span> <span class='ocrx_word' id='word_1_52' title='bbox 911 347 1022 384; x_wconf 85' lang='lat' dir='ltr'><strong>quibus</strong></span> <span class='ocrx_word' id='word_1_53' title='bbox 1033 347 1075 376; x_wconf 91' lang='lat' dir='ltr'><strong>uti</strong></span> 
     </span>
    </p>
   </div>
   <div class='ocr_carea' id='block_1_10' title="bbox 247 392 1073 431">
    <p class='ocr_par' dir='ltr' id='par_1_10' title="bbox 247 392 1073 431">
     <span class='ocr_line' id='line_1_10' title="bbox 247 392 1073 431; baseline -0.002 -9"><span class='ocrx_word' id='word_1_54' title='bbox 247 396 343 422; x_wconf 81' lang='lat' dir='ltr'><strong>mater</strong></span> <span class='ocrx_word' id='word_1_55' title='bbox 356 401 436 428; x_wconf 90' lang='lat' dir='ltr'><strong>eum,</strong></span> <span class='ocrx_word' id='word_1_56' title='bbox 461 393 514 431; x_wconf 86' lang='lat' dir='ltr'><strong>qui</strong></span> <span class='ocrx_word' id='word_1_57' title='bbox 529 394 629 430; x_wconf 85' lang='lat' dir='ltr'><strong>portat</strong></span> <span class='ocrx_word' id='word_1_58' title='bbox 642 392 674 421; x_wconf 87' lang='lat' dir='ltr'><strong>in</strong></span> <span class='ocrx_word' id='word_1_59' title='bbox 702 399 797 420; x_wconf 91' lang='lat' dir='ltr'><strong>manu</strong></span> <span class='ocrx_word' id='word_1_60' title='bbox 823 399 879 420; x_wconf 87' lang='lat' dir='ltr'><strong>sua</strong></span> <span class='ocrx_word' id='word_1_61' title='bbox 900 392 1073 420; x_wconf 89' lang='lat' dir='ltr'><strong>universum</strong></span> 
     </span>
    </p>
   </div>
   <div class='ocr_carea' id='block_1_11' title="bbox 246 436 1074 474">
    <p class='ocr_par' dir='ltr' id='par_1_11' title="bbox 246 436 1074 474">
     <span class='ocr_line' id='line_1_11' title="bbox 246 436 1074 474; baseline -0.002 -7"><span class='ocrx_word' id='word_1_62' title='bbox 246 438 404 474; x_wconf 89' lang='lat' dir='ltr'><strong>mundum,</strong></span> <span class='ocrx_word' id='word_1_63' title='bbox 435 438 543 474; x_wconf 83' lang='lat' dir='ltr'><strong>gestati</strong></span> <span class='ocrx_word' id='word_1_64' title='bbox 566 446 574 472; x_wconf 83' lang='lat'><strong>;</strong></span> <span class='ocrx_word' id='word_1_65' title='bbox 600 438 658 466; x_wconf 84' lang='lat' dir='ltr'><strong>hac</strong></span> <span class='ocrx_word' id='word_1_66' title='bbox 703 437 785 466; x_wconf 90' lang='lat' dir='ltr'><strong>enim</strong></span> <span class='ocrx_word' id='word_1_67' title='bbox 813 436 851 465; x_wconf 88' lang='lat' dir='ltr'><strong>de</strong></span> <span class='ocrx_word' id='word_1_68' title='bbox 890 444 983 465; x_wconf 86' lang='lat' dir='ltr'><strong>causa</strong></span> <span class='ocrx_word' id='word_1_69' title='bbox 1004 445 1074 466; x_wconf 87' lang='lat' dir='ltr'><strong>eum</strong></span> 
     </span>
    </p>
   </div>
   <div class='ocr_carea' id='block_1_12' title="bbox 246 481 1073 520">
    <p class='ocr_par' dir='ltr' id='par_1_12' title="bbox 246 481 1073 520">
     <span class='ocr_line' id='line_1_12' title="bbox 246 481 1073 520; baseline -0.004 -8"><span class='ocrx_word' id='word_1_70' title='bbox 246 483 377 520; x_wconf 76' lang='lat' dir='ltr'><strong>gestasti,</strong></span> <span class='ocrx_word' id='word_1_71' title='bbox 389 491 452 520; x_wconf 88' lang='lat' dir='ltr'><strong>quo</strong></span> <span class='ocrx_word' id='word_1_72' title='bbox 466 483 567 511; x_wconf 86' lang='lat' dir='ltr'><strong>sicicet</strong></span> <span class='ocrx_word' id='word_1_73' title='bbox 578 483 714 511; x_wconf 90' lang='lat' dir='ltr'><strong>humano</strong></span> <span class='ocrx_word' id='word_1_74' title='bbox 739 481 842 517; x_wconf 78' lang='lat' dir='ltr'><strong>generi</strong></span> <span class='ocrx_word' id='word_1_75' title='bbox 864 481 968 510; x_wconf 87' lang='lat' dir='ltr'><strong>debita</strong></span> <span class='ocrx_word' id='word_1_76' title='bbox 981 481 1073 510; x_wconf 89' lang='lat' dir='ltr'><strong>solve-</strong></span> 
     </span>
    </p>
   </div>
   <div class='ocr_carea' id='block_1_13' title="bbox 244 527 1074 563">
    <p class='ocr_par' dir='ltr' id='par_1_13' title="bbox 244 527 1074 563">
     <span class='ocr_line' id='line_1_13' title="bbox 244 527 1074 563; baseline -0.002 -7"><span class='ocrx_word' id='word_1_77' title='bbox 244 530 355 557; x_wconf 84' lang='lat' dir='ltr'><strong>rentur.</strong></span> <span class='ocrx_word' id='word_1_78' title='bbox 372 528 465 556; x_wconf 85' lang='lat' dir='ltr'><strong>Etiam</strong></span> <span class='ocrx_word' id='word_1_79' title='bbox 480 527 569 556; x_wconf 87' lang='lat' dir='ltr'><strong>nobis</strong></span> <span class='ocrx_word' id='word_1_80' title='bbox 582 527 671 563; x_wconf 80' lang='lat' dir='ltr'><strong>igitur</strong></span> <span class='ocrx_word' id='word_1_81' title='bbox 694 527 788 555; x_wconf 86' lang='lat' dir='ltr'><strong>Deum</strong></span> <span class='ocrx_word' id='word_1_82' title='bbox 805 533 842 554; x_wconf 83' lang='lat' dir='ltr'><strong>ex</strong></span> <span class='ocrx_word' id='word_1_83' title='bbox 852 527 879 554; x_wconf 87' lang='lat' dir='ltr'><strong>te</strong></span> <span class='ocrx_word' id='word_1_84' title='bbox 889 528 996 555; x_wconf 90' lang='lat' dir='ltr'><strong>natum</strong></span> <span class='ocrx_word' id='word_1_85' title='bbox 1008 534 1074 563; x_wconf 86' lang='lat' dir='ltr'><strong>pro-</strong></span> 
     </span>
    </p>
   </div>
   <div class='ocr_carea' id='block_1_14' title="bbox 244 571 1074 610">
    <p class='ocr_par' dir='ltr' id='par_1_14' title="bbox 244 571 1074 610">
     <span class='ocr_line' id='line_1_14' title="bbox 244 571 1074 610; baseline -0.002 -9"><span class='ocrx_word' id='word_1_86' title='bbox 244 573 352 610; x_wconf 85' lang='lat' dir='ltr'><strong>pitium</strong></span> <span class='ocrx_word' id='word_1_87' title='bbox 364 572 466 605; x_wconf 80' lang='lat' dir='ltr'><strong>redde,</strong></span> <span class='ocrx_word' id='word_1_88' title='bbox 476 573 639 609; x_wconf 88' lang='lat' dir='ltr'><strong>ipsumque</strong></span> <span class='ocrx_word' id='word_1_89' title='bbox 655 579 674 600; x_wconf 85' lang='lat' dir='ltr'><strong>a</strong></span> <span class='ocrx_word' id='word_1_90' title='bbox 687 571 778 600; x_wconf 87' lang='lat' dir='ltr'><strong>veteri</strong></span> <span class='ocrx_word' id='word_1_91' title='bbox 801 573 873 608; x_wconf 90' lang='lat' dir='ltr'><strong>(quo</strong></span> <span class='ocrx_word' id='word_1_92' title='bbox 894 571 947 599; x_wconf 84' lang='lat' dir='ltr'><strong>tibi</strong></span> <span class='ocrx_word' id='word_1_93' title='bbox 971 571 1074 599; x_wconf 90' lang='lat' dir='ltr'><strong>obstri-</strong></span> 
     </span>
    </p>
   </div>
   <div class='ocr_carea' id='block_1_15' title="bbox 246 615 1076 652">
    <p class='ocr_par' dir='ltr' id='par_1_15' title="bbox 246 615 1076 652">
     <span class='ocr_line' id='line_1_15' title="bbox 246 615 1076 652; baseline -0.002 -6"><span class='ocrx_word' id='word_1_94' title='bbox 246 620 311 646; x_wconf 89' lang='lat' dir='ltr'><strong>ctus</strong></span> <span class='ocrx_word' id='word_1_95' title='bbox 322 618 447 652; x_wconf 84' lang='lat' dir='ltr'><strong>tenetur)</strong></span> <span class='ocrx_word' id='word_1_96' title='bbox 471 617 574 645; x_wconf 86' lang='lat' dir='ltr'><strong>debito</strong></span> <span class='ocrx_word' id='word_1_97' title='bbox 603 617 707 645; x_wconf 90' lang='lat' dir='ltr'><strong>libera.</strong></span> <span class='ocrx_word' id='word_1_98' title='bbox 730 617 851 644; x_wconf 88' lang='lat' dir='ltr'><strong>Fenoris</strong></span> <span class='ocrx_word' id='word_1_99' title='bbox 875 616 967 651; x_wconf 89' lang='lat' dir='ltr'><strong>enim,</strong></span> <span class='ocrx_word' id='word_1_100' title='bbox 991 615 1076 652; x_wconf 91' lang='lat' dir='ltr'><strong>quod</strong></span> 
     </span>
    </p>
   </div>
   <div class='ocr_carea' id='block_1_16' title="bbox 244 660 1075 699">
    <p class='ocr_par' dir='ltr' id='par_1_16' title="bbox 244 660 1075 699">
     <span class='ocr_line' id='line_1_16' title="bbox 244 660 1075 699; baseline -0.002 -9"><span class='ocrx_word' id='word_1_101' title='bbox 244 662 313 699; x_wconf 88' lang='lat' dir='ltr'><strong>ipsa</strong></span> <span class='ocrx_word' id='word_1_102' title='bbox 323 662 530 690; x_wconf 85' lang='lat' dir='ltr'><strong>universorum</strong></span> <span class='ocrx_word' id='word_1_103' title='bbox 541 661 668 690; x_wconf 88' lang='lat' dir='ltr'><strong>Domino</strong></span> <span class='ocrx_word' id='word_1_104' title='bbox 679 660 883 690; x_wconf 81' lang='lat' dir='ltr'><strong>commodasti</strong></span> <span class='ocrx_word' id='word_1_105' title='bbox 896 661 964 696; x_wconf 83' lang='lat'><strong>(69),</strong></span> <span class='ocrx_word' id='word_1_106' title='bbox 976 660 1075 689; x_wconf 86' lang='lat' dir='ltr'><strong>carnis</strong></span> 
     </span>
    </p>
   </div>
   <div class='ocr_carea' id='block_1_17' title="bbox 247 706 1075 743">
    <p class='ocr_par' dir='ltr' id='par_1_17' title="bbox 247 706 1075 743">
     <span class='ocr_line' id='line_1_17' title="bbox 247 706 1075 743; baseline -0.001 -8"><span class='ocrx_word' id='word_1_107' title='bbox 247 707 357 735; x_wconf 82' lang='lat' dir='ltr'><strong>scilicet</strong></span> <span class='ocrx_word' id='word_1_108' title='bbox 377 706 565 743; x_wconf 85' lang='lat' dir='ltr'><strong>hypostatice</strong></span> <span class='ocrx_word' id='word_1_109' title='bbox 588 714 607 735; x_wconf 85' lang='lat' dir='ltr'><strong>a</strong></span> <span class='ocrx_word' id='word_1_110' title='bbox 642 707 702 734; x_wconf 90' lang='lat' dir='ltr'><strong>Deo</strong></span> <span class='ocrx_word' id='word_1_111' title='bbox 726 707 901 742; x_wconf 58' lang='lat' dir='ltr'><strong>assumpta,</strong></span> <span class='ocrx_word' id='word_1_112' title='bbox 926 706 1075 734; x_wconf 86' lang='lat' dir='ltr'><strong>rationem</strong></span> 
     </span>
    </p>
   </div>
   <div class='ocr_carea' id='block_1_18' title="bbox 245 750 1074 789">
    <p class='ocr_par' dir='ltr' id='par_1_18' title="bbox 245 750 1074 789">
     <span class='ocr_line' id='line_1_18' title="bbox 245 750 1074 789; baseline -0.002 -9"><span class='ocrx_word' id='word_1_113' title='bbox 245 752 309 789; x_wconf 87' lang='lat' dir='ltr'><strong>ipse</strong></span> <span class='ocrx_word' id='word_1_114' title='bbox 318 751 419 786; x_wconf 88' lang='lat' dir='ltr'><strong>habet,</strong></span> <span class='ocrx_word' id='word_1_115' title='bbox 435 754 463 780; x_wconf 91' lang='lat' dir='ltr'><strong>et</strong></span> <span class='ocrx_word' id='word_1_116' title='bbox 473 752 600 788; x_wconf 85' lang='lat' dir='ltr'><strong>gratiam</strong></span> <span class='ocrx_word' id='word_1_117' title='bbox 615 751 669 779; x_wconf 85' lang='lat' dir='ltr'><strong>tibi</strong></span> <span class='ocrx_word' id='word_1_118' title='bbox 695 750 797 785; x_wconf 87' lang='lat' dir='ltr'><strong>gratiis</strong></span> <span class='ocrx_word' id='word_1_119' title='bbox 819 750 961 779; x_wconf 87' lang='lat' dir='ltr'><strong>omnibus</strong></span> <span class='ocrx_word' id='word_1_120' title='bbox 981 751 1074 787; x_wconf 90' lang='lat' dir='ltr'><strong>potio-</strong></span> 
     </span>
    </p>
   </div>
   <div class='ocr_carea' id='block_1_19' title="bbox 245 795 1075 833">
    <p class='ocr_par' dir='ltr' id='par_1_19' title="bbox 245 795 1075 833">
     <span class='ocr_line' id='line_1_19' title="bbox 245 795 1075 833; baseline -0.002 -8"><span class='ocrx_word' id='word_1_121' title='bbox 245 804 310 825; x_wconf 85' lang='lat' dir='ltr'><strong>rem</strong></span> <span class='ocrx_word' id='word_1_122' title='bbox 322 796 419 832; x_wconf 87' lang='lat' dir='ltr'><strong>debet,</strong></span> <span class='ocrx_word' id='word_1_123' title='bbox 432 796 515 833; x_wconf 89' lang='lat' dir='ltr'><strong>quod</strong></span> <span class='ocrx_word' id='word_1_124' title='bbox 529 796 586 824; x_wconf 92' lang='lat' dir='ltr'><strong>hoc</strong></span> <span class='ocrx_word' id='word_1_125' title='bbox 598 795 678 824; x_wconf 90' lang='lat' dir='ltr'><strong>idem</strong></span> <span class='ocrx_word' id='word_1_126' title='bbox 698 795 795 830; x_wconf 82' lang='lat' dir='ltr'><strong>fenus,</strong></span> <span class='ocrx_word' id='word_1_127' title='bbox 820 803 931 831; x_wconf 90' lang='lat' dir='ltr'><strong>purum</strong></span> <span class='ocrx_word' id='word_1_128' title='bbox 952 803 1075 832; x_wconf 83' lang='lat' dir='ltr'><strong>prorsus</strong></span> 
     </span>
    </p>
   </div>
   <div class='ocr_carea' id='block_1_20' title="bbox 246 839 1075 879">
    <p class='ocr_par' dir='ltr' id='par_1_20' title="bbox 246 839 1075 879">
     <span class='ocr_line' id='line_1_20' title="bbox 246 839 1075 879; baseline -0.004 -9"><span class='ocrx_word' id='word_1_129' title='bbox 246 849 339 879; x_wconf 82' lang='lat' dir='ltr'><strong>supra</strong></span> <span class='ocrx_word' id='word_1_130' title='bbox 353 849 446 877; x_wconf 87' lang='lat' dir='ltr'><strong>quam</strong></span> <span class='ocrx_word' id='word_1_131' title='bbox 461 841 520 869; x_wconf 90' lang='lat' dir='ltr'><strong>dici</strong></span> <span class='ocrx_word' id='word_1_132' title='bbox 532 841 636 877; x_wconf 84' lang='lat' dir='ltr'><strong>possit,</strong></span> <span class='ocrx_word' id='word_1_133' title='bbox 650 842 679 868; x_wconf 89' lang='lat' dir='ltr'><strong>et</strong></span> <span class='ocrx_word' id='word_1_134' title='bbox 693 839 776 868; x_wconf 88' lang='lat' dir='ltr'><strong>omni</strong></span> <span class='ocrx_word' id='word_1_135' title='bbox 790 847 864 868; x_wconf 89' lang='lat' dir='ltr'><strong>auro</strong></span> <span class='ocrx_word' id='word_1_136' title='bbox 886 839 1075 876; x_wconf 85' lang='lat' dir='ltr'><strong>splendidius</strong></span> 
     </span>
    </p>
   </div>
   <div class='ocr_carea' id='block_1_21' title="bbox 246 884 1075 921">
    <p class='ocr_par' dir='ltr' id='par_1_21' title="bbox 246 884 1075 921">
     <span class='ocr_line' id='line_1_21' title="bbox 246 884 1075 921; baseline -0.004 -6"><span class='ocrx_word' id='word_1_137' title='bbox 246 894 280 915; x_wconf 89' lang='lat' dir='ltr'><strong>ac</strong></span> <span class='ocrx_word' id='word_1_138' title='bbox 293 886 436 914; x_wconf 86' lang='lat' dir='ltr'><strong>sincerius</strong></span> <span class='ocrx_word' id='word_1_139' title='bbox 446 893 568 919; x_wconf 85' lang='lat' dir='ltr'><strong>sonans,</strong></span> <span class='ocrx_word' id='word_1_140' title='bbox 581 887 610 913; x_wconf 91' lang='lat' dir='ltr'><strong>et</strong></span> <span class='ocrx_word' id='word_1_141' title='bbox 621 885 760 920; x_wconf 88' lang='lat' dir='ltr'><strong>dignum,</strong></span> <span class='ocrx_word' id='word_1_142' title='bbox 776 892 840 921; x_wconf 89' lang='lat' dir='ltr'><strong>quo</strong></span> <span class='ocrx_word' id='word_1_143' title='bbox 856 884 921 921; x_wconf 90' lang='lat' dir='ltr'><strong>ipse</strong></span> <span class='ocrx_word' id='word_1_144' title='bbox 934 886 1075 919; x_wconf 87' lang='lat' dir='ltr'><strong>uteretur,</strong></span> 
     </span>
    </p>
   </div>
   <div class='ocr_carea' id='block_1_22' title="bbox 245 928 1112 974">
    <p class='ocr_par' dir='ltr' id='par_1_22' title="bbox 245 928 1112 974">
     <span class='ocr_line' id='line_1_22' title="bbox 245 928 1112 974; baseline -0.003 -15"><span class='ocrx_word' id='word_1_145' title='bbox 245 931 272 960; x_wconf 89' lang='lat' dir='ltr'><strong>ei</strong></span> <span class='ocrx_word' id='word_1_146' title='bbox 285 930 459 959; x_wconf 80' lang='lat' dir='ltr'><strong>servaveris.</strong></span> <span class='ocrx_word' id='word_1_147' title='bbox 471 929 556 963; x_wconf 87' lang='lat' dir='ltr'><strong>Quod</strong></span> <span class='ocrx_word' id='word_1_148' title='bbox 571 929 693 966; x_wconf 86' lang='lat' dir='ltr'><strong>quidem</strong></span> <span class='ocrx_word' id='word_1_149' title='bbox 708 937 764 957; x_wconf 85' lang='lat' dir='ltr'><strong>nos</strong></span> <span class='ocrx_word' id='word_1_150' title='bbox 790 930 974 957; x_wconf 84' lang='lat' dir='ltr'><strong>contrectare</strong></span> <span class='ocrx_word' id='word_1_151' title='bbox 994 928 1078 964; x_wconf 82' lang='lat' dir='ltr'><strong>digni</strong></span> <span class='ocrx_word' id='word_1_152' title='bbox 1092 946 1112 974; x_wconf 68' lang='grc' dir='ltr'><strong><em>Β</em></strong></span> 
     </span>
    </p>
   </div>
   <div class='ocr_carea' id='block_1_23' title="bbox 245 973 1078 1011">
    <p class='ocr_par' dir='ltr' id='par_1_23' title="bbox 245 973 1078 1011">
     <span class='ocr_line' id='line_1_23' title="bbox 245 973 1078 1011; baseline -0.004 -7"><span class='ocrx_word' id='word_1_153' title='bbox 245 976 313 1004; x_wconf 86' lang='lat' dir='ltr'><strong>facti</strong></span> <span class='ocrx_word' id='word_1_154' title='bbox 325 983 430 1004; x_wconf 89' lang='lat' dir='ltr'><strong>sumus</strong></span> <span class='ocrx_word' id='word_1_155' title='bbox 444 975 519 1004; x_wconf 92' lang='lat' dir='ltr'><strong>inter</strong></span> <span class='ocrx_word' id='word_1_156' title='bbox 532 983 619 1004; x_wconf 84' lang='lat' dir='ltr'><strong>sacra</strong></span> <span class='ocrx_word' id='word_1_157' title='bbox 639 975 795 1011; x_wconf 86' lang='lat' dir='ltr'><strong>mysteria,</strong></span> <span class='ocrx_word' id='word_1_158' title='bbox 817 982 852 1002; x_wconf 85' lang='lat' dir='ltr'><strong>ac</strong></span> <span class='ocrx_word' id='word_1_159' title='bbox 868 974 959 1002; x_wconf 88' lang='lat' dir='ltr'><strong>veluti</strong></span> <span class='ocrx_word' id='word_1_160' title='bbox 985 973 1078 1010; x_wconf 86' lang='lat' dir='ltr'><strong>colly-</strong></span> 
     </span>
    </p>
   </div>
   <div class='ocr_carea' id='block_1_24' title="bbox 244 1018 1079 1056">
    <p class='ocr_par' dir='ltr' id='par_1_24' title="bbox 244 1018 1079 1056">
     <span class='ocr_line' id='line_1_24' title="bbox 244 1018 1079 1056; baseline -0.004 -7"><span class='ocrx_word' id='word_1_161' title='bbox 244 1020 330 1050; x_wconf 73' lang='lat' dir='ltr'><strong>bistas</strong></span> <span class='ocrx_word' id='word_1_162' title='bbox 354 1020 488 1056; x_wconf 75' lang='lat' dir='ltr'><strong>mysticae</strong></span> <span class='ocrx_word' id='word_1_163' title='bbox 503 1027 538 1048; x_wconf 85' lang='lat' dir='ltr'><strong>ac</strong></span> <span class='ocrx_word' id='word_1_164' title='bbox 548 1021 659 1048; x_wconf 73' lang='lat' dir='ltr'><strong>sanctm</strong></span> <span class='ocrx_word' id='word_1_165' title='bbox 670 1027 782 1047; x_wconf 65' lang='lat' dir='ltr'><strong>mensa:</strong></span> <span class='ocrx_word' id='word_1_166' title='bbox 795 1018 928 1047; x_wconf 88' lang='lat' dir='ltr'><strong>minutas</strong></span> <span class='ocrx_word' id='word_1_167' title='bbox 940 1018 971 1046; x_wconf 91' lang='lat' dir='ltr'><strong>in</strong></span> <span class='ocrx_word' id='word_1_168' title='bbox 979 1020 1079 1054; x_wconf 82' lang='lat' dir='ltr'><strong>partes</strong></span> 
     </span>
    </p>
   </div>
   <div class='ocr_carea' id='block_1_25' title="bbox 245 1062 1077 1101">
    <p class='ocr_par' dir='ltr' id='par_1_25' title="bbox 245 1062 1077 1101">
     <span class='ocr_line' id='line_1_25' title="bbox 245 1062 1077 1101; baseline -0.005 -7"><span class='ocrx_word' id='word_1_169' title='bbox 245 1065 414 1100; x_wconf 83' lang='lat' dir='ltr'><strong>tribuimus,</strong></span> <span class='ocrx_word' id='word_1_170' title='bbox 422 1067 509 1101; x_wconf 87' lang='lat' dir='ltr'><strong>etper</strong></span> <span class='ocrx_word' id='word_1_171' title='bbox 519 1064 647 1100; x_wconf 78' lang='lat' dir='ltr'><strong>gratiam</strong></span> <span class='ocrx_word' id='word_1_172' title='bbox 659 1064 754 1100; x_wconf 85' lang='lat' dir='ltr'><strong>ipsius</strong></span> <span class='ocrx_word' id='word_1_173' title='bbox 762 1071 912 1099; x_wconf 88' lang='lat' dir='ltr'><strong>pauperes</strong></span> <span class='ocrx_word' id='word_1_174' title='bbox 925 1063 1030 1099; x_wconf 87' lang='lat' dir='ltr'><strong>spiritu</strong></span> <span class='ocrx_word' id='word_1_175' title='bbox 1038 1062 1077 1090; x_wconf 88' lang='lat' dir='ltr'><strong>ab</strong></span> 
     </span>
    </p>
   </div>
   <div class='ocr_carea' id='block_1_26' title="bbox 243 1107 1076 1146">
    <p class='ocr_par' dir='ltr' id='par_1_26' title="bbox 243 1107 1076 1146">
     <span class='ocr_line' id='line_1_26' title="bbox 243 1107 1076 1146; baseline -0.002 -7"><span class='ocrx_word' id='word_1_176' title='bbox 243 1110 376 1146; x_wconf 82' lang='lat' dir='ltr'><strong>antiquis</strong></span> <span class='ocrx_word' id='word_1_177' title='bbox 390 1109 507 1142; x_wconf 89' lang='lat' dir='ltr'><strong>debitis,</strong></span> <span class='ocrx_word' id='word_1_178' title='bbox 518 1110 561 1138; x_wconf 89' lang='lat' dir='ltr'><strong>uti</strong></span> <span class='ocrx_word' id='word_1_179' title='bbox 574 1109 735 1141; x_wconf 88' lang='lat' dir='ltr'><strong>credimus,</strong></span> <span class='ocrx_word' id='word_1_180' title='bbox 750 1108 861 1136; x_wconf 86' lang='lat' dir='ltr'><strong>liberos</strong></span> <span class='ocrx_word' id='word_1_181' title='bbox 885 1107 1076 1137; x_wconf 80' lang='lat' dir='ltr'><strong>dimittimus.</strong></span> 
     </span>
    </p>
   </div>
   <div class='ocr_carea' id='block_1_27' title="bbox 279 1152 1076 1187">
    <p class='ocr_par' dir='ltr' id='par_1_27' title="bbox 279 1152 1076 1187">
     <span class='ocr_line' id='line_1_27' title="bbox 279 1152 1076 1187; baseline -0.003 -5"><span class='ocrx_word' id='word_1_182' title='bbox 279 1154 428 1187; x_wconf 82' lang='lat' dir='ltr'><strong>Introduc,</strong></span> <span class='ocrx_word' id='word_1_183' title='bbox 458 1162 476 1182; x_wconf 96' lang='lat' dir='ltr'><strong>o</strong></span> <span class='ocrx_word' id='word_1_184' title='bbox 504 1153 632 1182; x_wconf 90' lang='lat' dir='ltr'><strong>Domina</strong></span> <span class='ocrx_word' id='word_1_185' title='bbox 658 1153 880 1186; x_wconf 88' lang='lat' dir='ltr'><strong>universorum,</strong></span> <span class='ocrx_word' id='word_1_186' title='bbox 896 1152 928 1181; x_wconf 89' lang='lat' dir='ltr'><strong>in</strong></span> <span class='ocrx_word' id='word_1_187' title='bbox 959 1152 1076 1180; x_wconf 82' lang='lat' dir='ltr'><strong>caeleste</strong></span> 
     </span>
    </p>
   </div>
   <div class='ocr_carea' id='block_1_28' title="bbox 243 1197 1076 1235">
    <p class='ocr_par' dir='ltr' id='par_1_28' title="bbox 243 1197 1076 1235">
     <span class='ocr_line' id='line_1_28' title="bbox 243 1197 1076 1235; baseline -0.002 -8"><span class='ocrx_word' id='word_1_188' title='bbox 243 1206 350 1233; x_wconf 84' lang='lat' dir='ltr'><strong>regum</strong></span> <span class='ocrx_word' id='word_1_189' title='bbox 361 1206 466 1227; x_wconf 85' lang='lat' dir='ltr'><strong>omnes</strong></span> <span class='ocrx_word' id='word_1_190' title='bbox 478 1198 531 1235; x_wconf 87' lang='lat' dir='ltr'><strong>qui</strong></span> <span class='ocrx_word' id='word_1_191' title='bbox 546 1197 598 1226; x_wconf 89' lang='lat' dir='ltr'><strong>tibi</strong></span> <span class='ocrx_word' id='word_1_192' title='bbox 610 1206 642 1225; x_wconf 89' lang='lat' dir='ltr'><strong>se</strong></span> <span class='ocrx_word' id='word_1_193' title='bbox 673 1197 798 1231; x_wconf 87' lang='lat' dir='ltr'><strong>dedunt,</strong></span> <span class='ocrx_word' id='word_1_194' title='bbox 827 1199 914 1234; x_wconf 91' lang='lat' dir='ltr'><strong>teque</strong></span> <span class='ocrx_word' id='word_1_195' title='bbox 945 1205 1013 1226; x_wconf 90' lang='lat' dir='ltr'><strong>vere</strong></span> <span class='ocrx_word' id='word_1_196' title='bbox 1041 1205 1076 1226; x_wconf 88' lang='lat' dir='ltr'><strong>ac</strong></span> 
     </span>
    </p>
   </div>
   <div class='ocr_carea' id='block_1_29' title="bbox 244 1241 1075 1280">
    <p class='ocr_par' dir='ltr' id='par_1_29' title="bbox 244 1241 1075 1280">
     <span class='ocr_line' id='line_1_29' title="bbox 244 1241 1075 1280; baseline -0.001 -9"><span class='ocrx_word' id='word_1_197' title='bbox 244 1243 366 1280; x_wconf 87' lang='lat' dir='ltr'><strong>proprie</strong></span> <span class='ocrx_word' id='word_1_198' title='bbox 378 1243 428 1271; x_wconf 92' lang='lat' dir='ltr'><strong>Dei</strong></span> <span class='ocrx_word' id='word_1_199' title='bbox 443 1242 619 1271; x_wconf 86' lang='lat' dir='ltr'><strong>Genitricem</strong></span> <span class='ocrx_word' id='word_1_200' title='bbox 633 1242 768 1278; x_wconf 88' lang='lat' dir='ltr'><strong>credunt,</strong></span> <span class='ocrx_word' id='word_1_201' title='bbox 789 1244 819 1270; x_wconf 91' lang='lat' dir='ltr'><strong>et</strong></span> <span class='ocrx_word' id='word_1_202' title='bbox 833 1242 928 1270; x_wconf 90' lang='lat' dir='ltr'><strong>corda</strong></span> <span class='ocrx_word' id='word_1_203' title='bbox 943 1242 1000 1271; x_wconf 86' lang='lat' dir='ltr'><strong>liac</strong></span> <span class='ocrx_word' id='word_1_204' title='bbox 1016 1241 1075 1270; x_wconf 88' lang='lat' dir='ltr'><strong>ﬁde</strong></span> 
     </span>
    </p>
   </div>
   <div class='ocr_carea' id='block_1_30' title="bbox 243 1286 1075 1324">
    <p class='ocr_par' dir='ltr' id='par_1_30' title="bbox 243 1286 1075 1324">
     <span class='ocr_line' id='line_1_30' title="bbox 243 1286 1075 1324; baseline -0.001 -8"><span class='ocrx_word' id='word_1_205' title='bbox 243 1288 441 1324; x_wconf 82' lang='lat' dir='ltr'><strong>sanctiﬁcant,</strong></span> <span class='ocrx_word' id='word_1_206' title='bbox 451 1291 479 1316; x_wconf 91' lang='lat' dir='ltr'><strong>et</strong></span> <span class='ocrx_word' id='word_1_207' title='bbox 488 1287 623 1323; x_wconf 85' lang='lat' dir='ltr'><strong>linguam</strong></span> <span class='ocrx_word' id='word_1_208' title='bbox 632 1287 689 1316; x_wconf 87' lang='lat' dir='ltr'><strong>hac</strong></span> <span class='ocrx_word' id='word_1_209' title='bbox 700 1295 773 1316; x_wconf 92' lang='lat' dir='ltr'><strong>voce</strong></span> <span class='ocrx_word' id='word_1_210' title='bbox 783 1286 954 1323; x_wconf 85' lang='lat' dir='ltr'><strong>puriﬁcant,</strong></span> <span class='ocrx_word' id='word_1_211' title='bbox 961 1287 1075 1323; x_wconf 89' lang='lat' dir='ltr'><strong>quique</strong></span> 
     </span>
    </p>
   </div>
   <div class='ocr_carea' id='block_1_31' title="bbox 244 1332 1074 1368">
    <p class='ocr_par' dir='ltr' id='par_1_31' title="bbox 244 1332 1074 1368">
     <span class='ocr_line' id='line_1_31' title="bbox 244 1332 1074 1368; baseline -0.002 -7"><span class='ocrx_word' id='word_1_212' title='bbox 244 1332 354 1362; x_wconf 84' lang='lat' dir='ltr'><strong>auxilio</strong></span> <span class='ocrx_word' id='word_1_213' title='bbox 369 1335 418 1361; x_wconf 84' lang='lat' dir='ltr'><strong>tuo</strong></span> <span class='ocrx_word' id='word_1_214' title='bbox 431 1332 596 1367; x_wconf 87' lang='lat' dir='ltr'><strong>gloriantur</strong></span> <span class='ocrx_word' id='word_1_215' title='bbox 608 1340 643 1360; x_wconf 89' lang='lat' dir='ltr'><strong>ac</strong></span> <span class='ocrx_word' id='word_1_216' title='bbox 658 1332 721 1368; x_wconf 88' lang='lat' dir='ltr'><strong>spei</strong></span> <span class='ocrx_word' id='word_1_217' title='bbox 737 1332 904 1360; x_wconf 86' lang='lat' dir='ltr'><strong>anchoram</strong></span> <span class='ocrx_word' id='word_1_218' title='bbox 929 1333 986 1360; x_wconf 71' lang='lat' dir='ltr'><strong>tum</strong></span> <span class='ocrx_word' id='word_1_219' title='bbox 1013 1339 1074 1360; x_wconf 89' lang='lat' dir='ltr'><strong>me-</strong></span> 
     </span>
    </p>
   </div>
   <div class='ocr_carea' id='block_1_32' title="bbox 243 1376 1075 1413">
    <p class='ocr_par' dir='ltr' id='par_1_32' title="bbox 243 1376 1075 1413">
     <span class='ocr_line' id='line_1_32' title="bbox 243 1376 1075 1413; baseline -0.001 -7"><span class='ocrx_word' id='word_1_220' title='bbox 243 1378 378 1406; x_wconf 87' lang='lat' dir='ltr'><strong>dilationi</strong></span> <span class='ocrx_word' id='word_1_221' title='bbox 388 1377 551 1406; x_wconf 86' lang='lat' dir='ltr'><strong>adnectunt</strong></span> <span class='ocrx_word' id='word_1_222' title='bbox 575 1379 645 1413; x_wconf 89' lang='lat' dir='ltr'><strong>post.</strong></span> <span class='ocrx_word' id='word_1_223' title='bbox 660 1378 762 1412; x_wconf 89' lang='lat' dir='ltr'><strong>Deum,</strong></span> <span class='ocrx_word' id='word_1_224' title='bbox 787 1384 880 1413; x_wconf 87' lang='lat' dir='ltr'><strong>quem</strong></span> <span class='ocrx_word' id='word_1_225' title='bbox 894 1376 926 1404; x_wconf 93' lang='lat' dir='ltr'><strong>iu</strong></span> <span class='ocrx_word' id='word_1_226' title='bbox 938 1378 1023 1405; x_wconf 88' lang='lat' dir='ltr'><strong>Patre</strong></span> <span class='ocrx_word' id='word_1_227' title='bbox 1046 1379 1075 1405; x_wconf 87' lang='lat' dir='ltr'><strong>et</strong></span> 
     </span>
    </p>
   </div>
   <div class='ocr_carea' id='block_1_33' title="bbox 244 1421 1072 1458">
    <p class='ocr_par' dir='ltr' id='par_1_33' title="bbox 244 1421 1072 1458">
     <span class='ocr_line' id='line_1_33' title="bbox 244 1421 1072 1458; baseline -0.001 -8"><span class='ocrx_word' id='word_1_228' title='bbox 244 1422 316 1450; x_wconf 83' lang='lat' dir='ltr'><strong>Filio</strong></span> <span class='ocrx_word' id='word_1_229' title='bbox 331 1425 359 1450; x_wconf 89' lang='lat' dir='ltr'><strong>et</strong></span> <span class='ocrx_word' id='word_1_230' title='bbox 370 1424 474 1451; x_wconf 87' lang='lat' dir='ltr'><strong>sancto</strong></span> <span class='ocrx_word' id='word_1_231' title='bbox 491 1422 599 1458; x_wconf 88' lang='lat' dir='ltr'><strong>Spiritu</strong></span> <span class='ocrx_word' id='word_1_232' title='bbox 614 1421 779 1450; x_wconf 88' lang='lat' dir='ltr'><strong>adoramus</strong></span> <span class='ocrx_word' id='word_1_233' title='bbox 803 1423 832 1449; x_wconf 84' lang='lat' dir='ltr'><strong>et.</strong></span> <span class='ocrx_word' id='word_1_234' title='bbox 858 1421 1072 1456; x_wconf 86' lang='lat' dir='ltr'><strong>gloriﬁcamus;</strong></span> 
     </span>
    </p>
   </div>
   <div class='ocr_carea' id='block_1_34' title="bbox 243 1465 1073 1502">
    <p class='ocr_par' dir='ltr' id='par_1_34' title="bbox 243 1465 1073 1502">
     <span class='ocr_line' id='line_1_34' title="bbox 243 1465 1073 1502; baseline -0.001 -7"><span class='ocrx_word' id='word_1_235' title='bbox 243 1467 290 1495; x_wconf 92' lang='lat' dir='ltr'><strong>cui</strong></span> <span class='ocrx_word' id='word_1_236' title='bbox 301 1466 356 1495; x_wconf 88' lang='lat' dir='ltr'><strong>soli</strong></span> <span class='ocrx_word' id='word_1_237' title='bbox 369 1467 463 1495; x_wconf 67' lang='lat' dir='ltr'><strong>latriie</strong></span> <span class='ocrx_word' id='word_1_238' title='bbox 478 1466 592 1495; x_wconf 88' lang='lat' dir='ltr'><strong>cultum</strong></span> <span class='ocrx_word' id='word_1_239' title='bbox 619 1465 792 1499; x_wconf 77' lang='lat' dir='ltr'><strong>deferimus,</strong></span> <span class='ocrx_word' id='word_1_240' title='bbox 806 1468 835 1494; x_wconf 93' lang='lat' dir='ltr'><strong>et</strong></span> <span class='ocrx_word' id='word_1_241' title='bbox 849 1473 942 1502; x_wconf 87' lang='lat' dir='ltr'><strong>quem</strong></span> <span class='ocrx_word' id='word_1_242' title='bbox 971 1466 1073 1494; x_wconf 90' lang='lat' dir='ltr'><strong>solum</strong></span> 
     </span>
    </p>
   </div>
   <div class='ocr_carea' id='block_1_35' title="bbox 243 1510 1072 1548">
    <p class='ocr_par' dir='ltr' id='par_1_35' title="bbox 243 1510 1072 1548">
     <span class='ocr_line' id='line_1_35' title="bbox 243 1510 1072 1548; baseline -0.001 -8"><span class='ocrx_word' id='word_1_243' title='bbox 243 1512 379 1541; x_wconf 92' lang='lat' dir='ltr'><strong>omnium</strong></span> <span class='ocrx_word' id='word_1_244' title='bbox 393 1514 532 1540; x_wconf 87' lang='lat' dir='ltr'><strong>nostrum</strong></span> <span class='ocrx_word' id='word_1_245' title='bbox 547 1511 734 1540; x_wconf 87' lang='lat' dir='ltr'><strong>conditorem</strong></span> <span class='ocrx_word' id='word_1_246' title='bbox 749 1510 899 1546; x_wconf 86' lang='lat' dir='ltr'><strong>novimus,</strong></span> <span class='ocrx_word' id='word_1_247' title='bbox 920 1513 948 1539; x_wconf 89' lang='lat' dir='ltr'><strong>et</strong></span> <span class='ocrx_word' id='word_1_248' title='bbox 963 1519 982 1539; x_wconf 91' lang='lat' dir='ltr'><strong>a</strong></span> <span class='ocrx_word' id='word_1_249' title='bbox 1011 1519 1072 1548; x_wconf 88' lang='lat' dir='ltr'><strong>quo</strong></span> 
     </span>
    </p>
   </div>
   <div class='ocr_carea' id='block_1_36' title="bbox 243 1559 1073 1596">
    <p class='ocr_par' dir='ltr' id='par_1_36' title="bbox 243 1559 1073 1596">
     <span class='ocr_line' id='line_1_36' title="bbox 243 1559 1073 1596; baseline -0.002 -7"><span class='ocrx_word' id='word_1_250' title='bbox 243 1563 341 1589; x_wconf 86' lang='lat' dir='ltr'><strong>creata</strong></span> <span class='ocrx_word' id='word_1_251' title='bbox 355 1561 459 1589; x_wconf 86' lang='lat' dir='ltr'><strong>omnia</strong></span> <span class='ocrx_word' id='word_1_252' title='bbox 472 1560 613 1596; x_wconf 86' lang='lat' dir='ltr'><strong>pendent,</strong></span> <span class='ocrx_word' id='word_1_253' title='bbox 630 1562 663 1588; x_wconf 92' lang='lat' dir='ltr'><strong>ut</strong></span> <span class='ocrx_word' id='word_1_254' title='bbox 677 1559 843 1588; x_wconf 86' lang='lat' dir='ltr'><strong>consistant</strong></span> <span class='ocrx_word' id='word_1_255' title='bbox 852 1561 881 1587; x_wconf 84' lang='lat' dir='ltr'><strong>et</strong></span> <span class='ocrx_word' id='word_1_256' title='bbox 893 1566 1073 1587; x_wconf 87' lang='lat' dir='ltr'><strong>conserven—</strong></span> 
     </span>
    </p>
   </div>
   <div class='ocr_carea' id='block_1_37' title="bbox 242 1603 1072 1640">
    <p class='ocr_par' dir='ltr' id='par_1_37' title="bbox 242 1603 1072 1640">
     <span class='ocr_line' id='line_1_37' title="bbox 242 1603 1072 1640; baseline -0.002 -7"><span class='ocrx_word' id='word_1_257' title='bbox 242 1607 290 1633; x_wconf 90' lang='lat' dir='ltr'><strong>tur</strong></span> <span class='ocrx_word' id='word_1_258' title='bbox 304 1613 310 1638; x_wconf 87' lang='lat'><strong>;</strong></span> <span class='ocrx_word' id='word_1_259' title='bbox 325 1605 380 1633; x_wconf 87' lang='lat' dir='ltr'><strong>soli</strong></span> <span class='ocrx_word' id='word_1_260' title='bbox 393 1605 532 1634; x_wconf 82' lang='lat' dir='ltr'><strong>increatae</strong></span> <span class='ocrx_word' id='word_1_261' title='bbox 549 1613 583 1633; x_wconf 91' lang='lat' dir='ltr'><strong>ac</strong></span> <span class='ocrx_word' id='word_1_262' title='bbox 601 1604 791 1640; x_wconf 82' lang='lat' dir='ltr'><strong>sempiternae</strong></span> <span class='ocrx_word' id='word_1_263' title='bbox 820 1606 946 1637; x_wconf 86' lang='lat' dir='ltr'><strong>naturae,</strong></span> <span class='ocrx_word' id='word_1_264' title='bbox 967 1603 1015 1632; x_wconf 92' lang='lat' dir='ltr'><strong>cui</strong></span> <span class='ocrx_word' id='word_1_265' title='bbox 1023 1604 1072 1632; x_wconf 88' lang='lat' dir='ltr'><strong>de-</strong></span> 
     </span>
    </p>
   </div>
   <div class='ocr_carea' id='block_1_38' title="bbox 242 1648 1072 1685">
    <p class='ocr_par' dir='ltr' id='par_1_38' title="bbox 242 1648 1072 1685">
     <span class='ocr_line' id='line_1_38' title="bbox 242 1648 1072 1685; baseline -0.001 -7"><span class='ocrx_word' id='word_1_266' title='bbox 242 1652 289 1678; x_wconf 85' lang='lat' dir='ltr'><strong>cet</strong></span> <span class='ocrx_word' id='word_1_267' title='bbox 298 1650 397 1678; x_wconf 82' lang='lat' dir='ltr'><strong>omnis</strong></span> <span class='ocrx_word' id='word_1_268' title='bbox 412 1649 517 1685; x_wconf 82' lang='lat' dir='ltr'><strong>gloria,</strong></span> <span class='ocrx_word' id='word_1_269' title='bbox 532 1650 630 1678; x_wconf 86' lang='lat' dir='ltr'><strong>honor</strong></span> <span class='ocrx_word' id='word_1_270' title='bbox 660 1650 689 1677; x_wconf 93' lang='lat' dir='ltr'><strong>ct</strong></span> <span class='ocrx_word' id='word_1_271' title='bbox 703 1648 850 1682; x_wconf 86' lang='lat' dir='ltr'><strong>adoratio,</strong></span> <span class='ocrx_word' id='word_1_272' title='bbox 867 1648 1021 1684; x_wconf 86' lang='lat' dir='ltr'><strong>decusque</strong></span> <span class='ocrx_word' id='word_1_273' title='bbox 1038 1656 1072 1677; x_wconf 88' lang='lat' dir='ltr'><strong>ac</strong></span> 
     </span>
    </p>
   </div>
   <div class='ocr_carea' id='block_1_39' title="bbox 241 1692 1070 1730">
    <p class='ocr_par' dir='ltr' id='par_1_39' title="bbox 241 1692 1070 1730">
     <span class='ocr_line' id='line_1_39' title="bbox 241 1692 1070 1730; baseline 0.001 -9"><span class='ocrx_word' id='word_1_274' title='bbox 241 1694 466 1730; x_wconf 82' lang='lat' dir='ltr'><strong>magniﬁcentia</strong></span> <span class='ocrx_word' id='word_1_275' title='bbox 472 1701 554 1722; x_wconf 85' lang='lat' dir='ltr'><strong>nunc</strong></span> <span class='ocrx_word' id='word_1_276' title='bbox 561 1696 589 1722; x_wconf 90' lang='lat' dir='ltr'><strong>et</strong></span> <span class='ocrx_word' id='word_1_277' title='bbox 596 1694 628 1722; x_wconf 88' lang='lat' dir='ltr'><strong>in</strong></span> <span class='ocrx_word' id='word_1_278' title='bbox 638 1693 755 1722; x_wconf 83' lang='lat' dir='ltr'><strong>inﬁnita</strong></span> <span class='ocrx_word' id='word_1_279' title='bbox 762 1692 873 1721; x_wconf 81' lang='lat' dir='ltr'><strong>saecula</strong></span> <span class='ocrx_word' id='word_1_280' title='bbox 879 1692 1070 1728; x_wconf 60' lang='lat' dir='ltr'><strong>saeculorum,</strong></span> 
     </span>
    </p>
   </div>
   <div class='ocr_carea' id='block_1_40' title="bbox 242 1741 347 1767">
    <p class='ocr_par' dir='ltr' id='par_1_40' title="bbox 242 1741 347 1767">
     <span class='ocr_line' id='line_1_40' title="bbox 242 1741 347 1767; baseline 0 -1"><span class='ocrx_word' id='word_1_281' title='bbox 242 1741 347 1767; x_wconf 79' lang='lat' dir='ltr'><strong>Amen.</strong></span> 
     </span>
    </p>
   </div>
   <div class='ocr_carea' id='block_1_41' title="bbox 619 1826 679 1854">
    <p class='ocr_par' dir='ltr' id='par_1_41' title="bbox 619 1826 679 1854">
     <span class='ocr_line' id='line_1_41' title="bbox 619 1826 679 1854; baseline 0.033 -2"><span class='ocrx_word' id='word_1_282' title='bbox 619 1826 679 1854; x_wconf 85' lang='lat' dir='ltr'><strong>Vll.</strong></span> 
     </span>
    </p>
   </div>
   <div class='ocr_carea' id='block_1_42' title="bbox 243 1887 1070 1924">
    <p class='ocr_par' dir='ltr' id='par_1_42' title="bbox 243 1887 1070 1924">
     <span class='ocr_line' id='line_1_42' title="bbox 243 1887 1070 1924; baseline -0.001 -7"><span class='ocrx_word' id='word_1_283' title='bbox 243 1889 278 1917; x_wconf 84' lang='lat' dir='ltr'><strong>In</strong></span> <span class='ocrx_word' id='word_1_284' title='bbox 284 1891 456 1918; x_wconf 68' lang='lat' dir='ltr'><strong>sanctorum</strong></span> <span class='ocrx_word' id='word_1_285' title='bbox 465 1888 673 1917; x_wconf 82' lang='lat' dir='ltr'><strong>Innocentium</strong></span> <span class='ocrx_word' id='word_1_286' title='bbox 681 1887 865 1924; x_wconf 76' lang='lat' dir='ltr'><strong>occisionem,</strong></span> <span class='ocrx_word' id='word_1_287' title='bbox 876 1888 939 1917; x_wconf 80' lang='lat' dir='ltr'><strong>etin</strong></span> <span class='ocrx_word' id='word_1_288' title='bbox 949 1888 1070 1918; x_wconf 77' lang='lat' dir='ltr'><strong>initium</strong></span> 
     </span>
    </p>
   </div>
   <div class='ocr_carea' id='block_1_43' title="bbox 277 1924 1070 1960">
    <p class='ocr_par' dir='ltr' id='par_1_43' title="bbox 277 1924 1070 1960">
     <span class='ocr_line' id='line_1_43' title="bbox 277 1924 1070 1960; baseline 0.003 -8"><span class='ocrx_word' id='word_1_289' title='bbox 277 1926 375 1953; x_wconf 71' lang='lat' dir='ltr'><strong>sancti</strong></span> <span class='ocrx_word' id='word_1_290' title='bbox 379 1925 539 1960; x_wconf 77' lang='lat' dir='ltr'><strong>Evangelii</strong></span> <span class='ocrx_word' id='word_1_291' title='bbox 542 1925 713 1953; x_wconf 77' lang='lat' dir='ltr'><strong>secumdum</strong></span> <span class='ocrx_word' id='word_1_292' title='bbox 720 1924 868 1953; x_wconf 76' lang='lat' dir='ltr'><strong>Marcum.</strong></span> <span class='ocrx_word' id='word_1_293' title='bbox 875 1925 963 1953; x_wconf 78' lang='lat' dir='ltr'><strong>Lecta</strong></span> <span class='ocrx_word' id='word_1_294' title='bbox 971 1926 1070 1954; x_wconf 76' lang='lat' dir='ltr'><strong>Domi-</strong></span> 
     </span>
    </p>
   </div>
   <div class='ocr_carea' id='block_1_44' title="bbox 278 1961 585 1989">
    <p class='ocr_par' dir='ltr' id='par_1_44' title="bbox 278 1961 585 1989">
     <span class='ocr_line' id='line_1_44' title="bbox 278 1961 585 1989; baseline 0.003 -1"><span class='ocrx_word' id='word_1_295' title='bbox 278 1962 348 1988; x_wconf 87' lang='lat' dir='ltr'><strong>m&#39;ca</strong></span> <span class='ocrx_word' id='word_1_296' title='bbox 362 1964 432 1989; x_wconf 82' lang='lat' dir='ltr'><strong>ante</strong></span> <span class='ocrx_word' id='word_1_297' title='bbox 448 1961 585 1989; x_wconf 76' lang='lat' dir='ltr'><strong>Lumina.</strong></span> 
     </span>
    </p>
   </div>
   <div class='ocr_carea' id='block_1_45' title="bbox 1128 303 1943 345">
    <p class='ocr_par' dir='ltr' id='par_1_45' title="bbox 1128 303 1943 345">
     <span class='ocr_line' id='line_1_45' title="bbox 1128 303 1943 345; baseline 0.004 -16"><span class='ocrx_word' id='word_1_298' title='bbox 1128 307 1177 330; x_wconf 79' lang='grc' dir='ltr'>τῶν</span> <span class='ocrx_word' id='word_1_299' title='bbox 1202 305 1331 342; x_wconf 73' lang='grc' dir='ltr'><strong>ἡμετέρων</strong></span> <span class='ocrx_word' id='word_1_300' title='bbox 1350 308 1447 342; x_wconf 82' lang='grc' dir='ltr'>χρεῶν,</span> <span class='ocrx_word' id='word_1_301' title='bbox 1469 303 1612 342; x_wconf 73' lang='grc' dir='ltr'>διάρρηξον</span> <span class='ocrx_word' id='word_1_302' title='bbox 1630 308 1689 337; x_wconf 85' lang='grc' dir='ltr'>ταῖς</span> <span class='ocrx_word' id='word_1_303' title='bbox 1716 310 1776 336; x_wconf 84' lang='grc' dir='ltr'><strong>σαῖς</strong></span> <span class='ocrx_word' id='word_1_304' title='bbox 1794 309 1943 345; x_wconf 67' lang='grc' dir='ltr'>πανάγνοις</span> 
     </span>
    </p>
   </div>
   <div class='ocr_carea' id='block_1_46' title="bbox 1127 349 1943 389">
    <p class='ocr_par' dir='ltr' id='par_1_46' title="bbox 1127 349 1943 389">
     <span class='ocr_line' id='line_1_46' title="bbox 1127 349 1943 389; baseline 0.006 -15"><span class='ocrx_word' id='word_1_305' title='bbox 1127 350 1232 386; x_wconf 80' lang='grc' dir='ltr'>χερσὶν,</span> <span class='ocrx_word' id='word_1_306' title='bbox 1249 349 1288 379; x_wconf 80' lang='grc' dir='ltr'><strong>αῖς</strong></span> <span class='ocrx_word' id='word_1_307' title='bbox 1313 350 1357 375; x_wconf 73' lang='grc' dir='ltr'>τὸν</span> <span class='ocrx_word' id='word_1_308' title='bbox 1400 349 1424 376; x_wconf 77' lang='grc' dir='ltr'>ἐν</span> <span class='ocrx_word' id='word_1_309' title='bbox 1441 351 1514 386; x_wconf 82' lang='grc' dir='ltr'>χειρὶ</span> <span class='ocrx_word' id='word_1_310' title='bbox 1533 349 1614 376; x_wconf 73' lang='grc' dir='ltr'>αὐτοῦ</span> <span class='ocrx_word' id='word_1_311' title='bbox 1649 352 1693 376; x_wconf 80' lang='grc' dir='ltr'>τὸν</span> <span class='ocrx_word' id='word_1_312' title='bbox 1706 353 1809 387; x_wconf 78' lang='grc' dir='ltr'><strong>κόσμον</strong></span> <span class='ocrx_word' id='word_1_313' title='bbox 1833 352 1943 389; x_wconf 69' lang='grc' dir='ltr'>βαστά-</span> 
     </span>
    </p>
   </div>
   <div class='ocr_carea' id='block_1_47' title="bbox 1130 393 1941 430">
    <p class='ocr_par' dir='ltr' id='par_1_47' title="bbox 1130 393 1941 430">
     <span class='ocr_line' id='line_1_47' title="bbox 1130 393 1941 430; baseline 0.007 -12"><span class='ocrx_word' id='word_1_314' title='bbox 1130 395 1207 425; x_wconf 80' lang='grc' dir='ltr'>ζοντα</span> <span class='ocrx_word' id='word_1_315' title='bbox 1222 395 1256 424; x_wconf 86' lang='grc' dir='ltr'>ὡς</span> <span class='ocrx_word' id='word_1_316' title='bbox 1270 396 1356 430; x_wconf 81' lang='grc' dir='ltr'>μήτηρ</span> <span class='ocrx_word' id='word_1_317' title='bbox 1378 393 1525 424; x_wconf 75' lang='grc' dir='ltr'>ἄϐάστασας</span> <span class='ocrx_word' id='word_1_318' title='bbox 1553 404 1560 411; x_wconf 88' lang='grc'>·</span> <span class='ocrx_word' id='word_1_319' title='bbox 1583 393 1734 426; x_wconf 75' lang='grc' dir='ltr'>ἐϐάστασας</span> <span class='ocrx_word' id='word_1_320' title='bbox 1763 394 1795 423; x_wconf 69' lang='grc' dir='ltr'><strong>δὲ</strong></span> <span class='ocrx_word' id='word_1_321' title='bbox 1824 395 1877 424; x_wconf 77' lang='grc' dir='ltr'><strong>διὰ</strong></span> <span class='ocrx_word' id='word_1_322' title='bbox 1899 402 1941 428; x_wconf 69' lang='grc' dir='ltr'>τὴν</span> 
     </span>
    </p>
   </div>
   <div class='ocr_carea' id='block_1_48' title="bbox 1128 437 1942 477">
    <p class='ocr_par' dir='ltr' id='par_1_48' title="bbox 1128 437 1942 477">
     <span class='ocr_line' id='line_1_48' title="bbox 1128 437 1942 477; baseline 0.009 -14"><span class='ocrx_word' id='word_1_323' title='bbox 1128 437 1214 464; x_wconf 80' lang='grc' dir='ltr'><strong>αἰτίαν</strong></span> <span class='ocrx_word' id='word_1_324' title='bbox 1233 439 1331 468; x_wconf 73' lang='grc' dir='ltr'>ταύτην</span> <span class='ocrx_word' id='word_1_325' title='bbox 1343 442 1391 470; x_wconf 83' lang='grc' dir='ltr'>τῆς</span> <span class='ocrx_word' id='word_1_326' title='bbox 1409 443 1458 465; x_wconf 79' lang='grc' dir='ltr'>τῶν</span> <span class='ocrx_word' id='word_1_327' title='bbox 1486 438 1626 476; x_wconf 75' lang='grc' dir='ltr'>ἀνθρώπων</span> <span class='ocrx_word' id='word_1_328' title='bbox 1650 440 1836 477; x_wconf 84' lang='grc' dir='ltr'>χρεωλυσίας.</span> <span class='ocrx_word' id='word_1_329' title='bbox 1864 442 1942 470; x_wconf 62' lang='grc' dir='ltr'><strong>Ἰλέως</strong></span> 
     </span>
    </p>
   </div>
   <div class='ocr_carea' id='block_1_49' title="bbox 1131 480 1942 521">
    <p class='ocr_par' dir='ltr' id='par_1_49' title="bbox 1131 480 1942 521">
     <span class='ocr_line' id='line_1_49' title="bbox 1131 480 1942 521; baseline 0.007 -13"><span class='ocrx_word' id='word_1_330' title='bbox 1131 491 1175 509; x_wconf 78' lang='grc' dir='ltr'><strong>σον</strong></span> <span class='ocrx_word' id='word_1_331' title='bbox 1190 480 1234 508; x_wconf 79' lang='grc' dir='ltr'>οὖν</span> <span class='ocrx_word' id='word_1_332' title='bbox 1248 484 1293 509; x_wconf 84' lang='grc' dir='ltr'>καὶ</span> <span class='ocrx_word' id='word_1_333' title='bbox 1304 483 1366 519; x_wconf 80' lang='grc' dir='ltr'>ἡμῖν</span> <span class='ocrx_word' id='word_1_334' title='bbox 1376 485 1420 509; x_wconf 82' lang='grc' dir='ltr'>τὸν</span> <span class='ocrx_word' id='word_1_335' title='bbox 1433 482 1461 508; x_wconf 72' lang='grc' dir='ltr'>ἔκ</span> <span class='ocrx_word' id='word_1_336' title='bbox 1495 487 1543 509; x_wconf 82' lang='grc' dir='ltr'>σοῦ</span> <span class='ocrx_word' id='word_1_337' title='bbox 1565 484 1693 521; x_wconf 65' lang='grc' dir='ltr'>τεχθέντα</span> <span class='ocrx_word' id='word_1_338' title='bbox 1713 486 1791 520; x_wconf 76' lang='grc' dir='ltr'>Θεὸν,</span> <span class='ocrx_word' id='word_1_339' title='bbox 1825 489 1876 513; x_wconf 79' lang='grc' dir='ltr'>καὶ</span> <span class='ocrx_word' id='word_1_340' title='bbox 1899 492 1942 518; x_wconf 73' lang='grc' dir='ltr'>τῆς</span> 
     </span>
    </p>
   </div>
   <div class='ocr_carea' id='block_1_50' title="bbox 1129 526 1940 569">
    <p class='ocr_par' dir='ltr' id='par_1_50' title="bbox 1129 526 1940 569">
     <span class='ocr_line' id='line_1_50' title="bbox 1129 526 1940 569; baseline 0.007 -16"><span class='ocrx_word' id='word_1_341' title='bbox 1129 526 1304 564; x_wconf 74' lang='grc' dir='ltr'><strong>πολυχρονίου</strong></span> <span class='ocrx_word' id='word_1_342' title='bbox 1340 526 1484 559; x_wconf 74' lang='grc' dir='ltr'>ἀπάλλαξον</span> <span class='ocrx_word' id='word_1_343' title='bbox 1516 527 1627 564; x_wconf 76' lang='grc' dir='ltr'>ὄφειλῆς,</span> <span class='ocrx_word' id='word_1_344' title='bbox 1659 527 1780 556; x_wconf 73' lang='grc' dir='ltr'>Αἱδεῖται</span> <span class='ocrx_word' id='word_1_345' title='bbox 1819 533 1876 569; x_wconf 68' lang='grc' dir='ltr'>γὰρ</span> <span class='ocrx_word' id='word_1_346' title='bbox 1916 535 1940 559; x_wconf 82' lang='grc' dir='ltr'>τό</span> 
     </span>
    </p>
   </div>
   <div class='ocr_carea' id='block_1_51' title="bbox 1128 571 1940 612">
    <p class='ocr_par' dir='ltr' id='par_1_51' title="bbox 1128 571 1940 612">
     <span class='ocr_line' id='line_1_51' title="bbox 1128 571 1940 612; baseline 0.007 -14"><span class='ocrx_word' id='word_1_347' title='bbox 1128 573 1215 608; x_wconf 79' lang='grc' dir='ltr'>χρέος,</span> <span class='ocrx_word' id='word_1_348' title='bbox 1237 573 1297 609; x_wconf 83' lang='grc' dir='ltr'>ὅπερ</span> <span class='ocrx_word' id='word_1_349' title='bbox 1324 571 1389 601; x_wconf 70' lang='grc' dir='ltr'>αὖτή</span> <span class='ocrx_word' id='word_1_350' title='bbox 1410 576 1446 608; x_wconf 85' lang='grc' dir='ltr'>τῷ</span> <span class='ocrx_word' id='word_1_351' title='bbox 1471 575 1517 599; x_wconf 80' lang='grc' dir='ltr'>τοῦ</span> <span class='ocrx_word' id='word_1_352' title='bbox 1541 574 1638 604; x_wconf 80' lang='grc' dir='ltr'>παντὸς</span> <span class='ocrx_word' id='word_1_353' title='bbox 1657 576 1780 612; x_wconf 71' lang='grc' dir='ltr'>Λεσπότῃ</span> <span class='ocrx_word' id='word_1_354' title='bbox 1819 574 1940 604; x_wconf 72' lang='grc' dir='ltr'>δεδάνει-</span> 
     </span>
    </p>
   </div>
   <div class='ocr_carea' id='block_1_52' title="bbox 1129 616 1939 659">
    <p class='ocr_par' dir='ltr' id='par_1_52' title="bbox 1129 616 1939 659">
     <span class='ocr_line' id='line_1_52' title="bbox 1129 616 1939 659; baseline 0.007 -17"><span class='ocrx_word' id='word_1_355' title='bbox 1129 625 1187 650; x_wconf 86' lang='grc' dir='ltr'>κας,</span> <span class='ocrx_word' id='word_1_356' title='bbox 1203 618 1250 646; x_wconf 83' lang='grc' dir='ltr'>τὴν</span> <span class='ocrx_word' id='word_1_357' title='bbox 1271 617 1357 654; x_wconf 73' lang='grc' dir='ltr'>σάρκα</span> <span class='ocrx_word' id='word_1_358' title='bbox 1382 616 1448 653; x_wconf 62' lang='grc' dir='ltr'><strong>λέγω</strong></span> <span class='ocrx_word' id='word_1_359' title='bbox 1473 619 1520 647; x_wconf 76' lang='grc' dir='ltr'>τὴν</span> <span class='ocrx_word' id='word_1_360' title='bbox 1548 618 1737 645; x_wconf 74' lang='grc' dir='ltr'>θεοῡπὸστατον</span> <span class='ocrx_word' id='word_1_361' title='bbox 1756 629 1763 636; x_wconf 89' lang='grc'>·</span> <span class='ocrx_word' id='word_1_362' title='bbox 1785 623 1836 647; x_wconf 86' lang='grc' dir='ltr'>καὶ</span> <span class='ocrx_word' id='word_1_363' title='bbox 1859 623 1939 659; x_wconf 73' lang='grc' dir='ltr'>χάρη</span> 
     </span>
    </p>
   </div>
   <div class='ocr_carea' id='block_1_53' title="bbox 1131 661 1940 698">
    <p class='ocr_par' dir='ltr' id='par_1_53' title="bbox 1131 661 1940 698">
     <span class='ocr_line' id='line_1_53' title="bbox 1131 661 1940 698; baseline 0.007 -11"><span class='ocrx_word' id='word_1_364' title='bbox 1131 670 1172 687; x_wconf 92' lang='grc' dir='ltr'><strong>σοι</strong></span> <span class='ocrx_word' id='word_1_365' title='bbox 1188 661 1280 698; x_wconf 68' lang='grc' dir='ltr'>ὀφείλει</span> <span class='ocrx_word' id='word_1_366' title='bbox 1299 665 1390 688; x_wconf 83' lang='grc' dir='ltr'><strong>πασῶν</strong></span> <span class='ocrx_word' id='word_1_367' title='bbox 1409 664 1527 698; x_wconf 82' lang='grc' dir='ltr'><strong>χαρίτων</strong></span> <span class='ocrx_word' id='word_1_368' title='bbox 1549 664 1596 691; x_wconf 82' lang='grc' dir='ltr'>τὴν</span> <span class='ocrx_word' id='word_1_369' title='bbox 1621 662 1738 698; x_wconf 75' lang='grc' dir='ltr'>μείζονα.</span> <span class='ocrx_word' id='word_1_370' title='bbox 1763 665 1807 691; x_wconf 87' lang='grc' dir='ltr'>ὅτι</span> <span class='ocrx_word' id='word_1_371' title='bbox 1829 667 1862 692; x_wconf 82' lang='grc' dir='ltr'>τὸ</span> <span class='ocrx_word' id='word_1_372' title='bbox 1899 665 1940 693; x_wconf 74' lang='lat' dir='ltr'><strong>a‘ai-</strong></span> 
     </span>
    </p>
   </div>
   <div class='ocr_carea' id='block_1_54' title="bbox 1129 705 1938 748">
    <p class='ocr_par' dir='ltr' id='par_1_54' title="bbox 1129 705 1938 748">
     <span class='ocr_line' id='line_1_54' title="bbox 1129 705 1938 748; baseline 0.005 -17"><span class='ocrx_word' id='word_1_373' title='bbox 1129 715 1193 733; x_wconf 83' lang='grc' dir='ltr'>νειον</span> <span class='ocrx_word' id='word_1_374' title='bbox 1217 709 1292 732; x_wconf 85' lang='grc' dir='ltr'>τοῦτο</span> <span class='ocrx_word' id='word_1_375' title='bbox 1326 707 1558 743; x_wconf 81' lang='grc' dir='ltr'>πανυπερκάθαρον</span> <span class='ocrx_word' id='word_1_376' title='bbox 1579 705 1750 744; x_wconf 76' lang='grc' dir='ltr'>διετήρησας,</span> <span class='ocrx_word' id='word_1_377' title='bbox 1784 711 1835 736; x_wconf 82' lang='grc' dir='ltr'>καὶ</span> <span class='ocrx_word' id='word_1_378' title='bbox 1872 721 1938 748; x_wconf 68' lang='grc' dir='ltr'>χρυ.</span> 
     </span>
    </p>
   </div>
   <div class='ocr_carea' id='block_1_55' title="bbox 1131 748 1937 792">
    <p class='ocr_par' dir='ltr' id='par_1_55' title="bbox 1131 748 1937 792">
     <span class='ocr_line' id='line_1_55' title="bbox 1131 748 1937 792; baseline 0.006 -16"><span class='ocrx_word' id='word_1_379' title='bbox 1131 752 1189 777; x_wconf 85' lang='grc' dir='ltr'>σίου</span> <span class='ocrx_word' id='word_1_380' title='bbox 1214 752 1309 781; x_wconf 76' lang='grc' dir='ltr'>παντὸς</span> <span class='ocrx_word' id='word_1_381' title='bbox 1335 748 1539 788; x_wconf 75' lang='grc' dir='ltr'>ἠλιοειδέστερόν</span> <span class='ocrx_word' id='word_1_382' title='bbox 1567 761 1594 778; x_wconf 81' lang='grc' dir='ltr'><strong>τε</strong></span> <span class='ocrx_word' id='word_1_383' title='bbox 1617 754 1662 778; x_wconf 85' lang='grc' dir='ltr'><strong>καὶ</strong></span> <span class='ocrx_word' id='word_1_384' title='bbox 1686 752 1866 792; x_wconf 76' lang='grc' dir='ltr'>ὀϐρυζότιρον</span> <span class='ocrx_word' id='word_1_385' title='bbox 1897 759 1937 781; x_wconf 82' lang='grc' dir='ltr'>καὶ</span> 
     </span>
    </p>
   </div>
   <div class='ocr_carea' id='block_1_56' title="bbox 1130 794 1937 835">
    <p class='ocr_par' dir='ltr' id='par_1_56' title="bbox 1130 794 1937 835">
     <span class='ocr_line' id='line_1_56' title="bbox 1130 794 1937 835; baseline 0.007 -15"><span class='ocrx_word' id='word_1_386' title='bbox 1130 794 1201 827; x_wconf 81' lang='grc' dir='ltr'>ἄξιον</span> <span class='ocrx_word' id='word_1_387' title='bbox 1224 798 1270 825; x_wconf 78' lang='grc' dir='ltr'>τῆς</span> <span class='ocrx_word' id='word_1_388' title='bbox 1299 794 1379 821; x_wconf 65' lang='grc' dir='ltr'>αὐτοῦ</span> <span class='ocrx_word' id='word_1_389' title='bbox 1406 797 1542 831; x_wconf 84' lang='grc' dir='ltr'>χρήσεως.</span> <span class='ocrx_word' id='word_1_390' title='bbox 1584 794 1664 833; x_wconf 84' lang='grc' dir='ltr'>Ὅπερ</span> <span class='ocrx_word' id='word_1_391' title='bbox 1697 801 1937 835; x_wconf 68' lang='grc' dir='ltr'><strong>μεταχειρίζεσθαι</strong></span> 
     </span>
    </p>
   </div>
   <div class='ocr_carea' id='block_1_57' title="bbox 1131 838 1936 880">
    <p class='ocr_par' dir='ltr' id='par_1_57' title="bbox 1131 838 1936 880">
     <span class='ocr_line' id='line_1_57' title="bbox 1131 838 1936 880; baseline 0.006 -15"><span class='ocrx_word' id='word_1_392' title='bbox 1131 838 1280 871; x_wconf 70' lang='grc' dir='ltr'><strong>ἀξιωθέντες</strong></span> <span class='ocrx_word' id='word_1_393' title='bbox 1325 840 1399 876; x_wconf 79' lang='grc' dir='ltr'>ἡμεῖς</span> <span class='ocrx_word' id='word_1_394' title='bbox 1446 841 1622 877; x_wconf 70' lang='grc' dir='ltr'>ἱερουργικῶς,</span> <span class='ocrx_word' id='word_1_395' title='bbox 1674 844 1936 880; x_wconf 68' lang='grc' dir='ltr'>κατακερματίζομῖν</span> 
     </span>
    </p>
   </div>
   <div class='ocr_carea' id='block_1_58' title="bbox 1131 885 1934 926">
    <p class='ocr_par' dir='ltr' id='par_1_58' title="bbox 1131 885 1934 926">
     <span class='ocr_line' id='line_1_58' title="bbox 1131 885 1934 926; baseline 0.005 -15"><span class='ocrx_word' id='word_1_396' title='bbox 1131 886 1156 911; x_wconf 80' lang='grc' dir='ltr'>οἱ</span> <span class='ocrx_word' id='word_1_397' title='bbox 1191 885 1346 922; x_wconf 72' lang='grc' dir='ltr'>τραπεζῖται</span> <span class='ocrx_word' id='word_1_398' title='bbox 1375 889 1424 917; x_wconf 88' lang='grc' dir='ltr'>τῆς</span> <span class='ocrx_word' id='word_1_399' title='bbox 1452 890 1584 922; x_wconf 75' lang='grc' dir='ltr'>μυστικῆς</span> <span class='ocrx_word' id='word_1_400' title='bbox 1609 889 1654 913; x_wconf 85' lang='grc' dir='ltr'>καὶ</span> <span class='ocrx_word' id='word_1_401' title='bbox 1683 887 1759 923; x_wconf 82' lang='grc' dir='ltr'>ἁγίας</span> <span class='ocrx_word' id='word_1_402' title='bbox 1789 890 1934 926; x_wconf 58' lang='grc' dir='ltr'>τραπέζης,</span> 
     </span>
    </p>
   </div>
   <div class='ocr_carea' id='block_1_59' title="bbox 1131 931 1936 972">
    <p class='ocr_par' dir='ltr' id='par_1_59' title="bbox 1131 931 1936 972">
     <span class='ocr_line' id='line_1_59' title="bbox 1131 931 1936 972; baseline 0.006 -16"><span class='ocrx_word' id='word_1_403' title='bbox 1131 932 1176 956; x_wconf 85' lang='grc' dir='ltr'><strong>καὶ</strong></span> <span class='ocrx_word' id='word_1_404' title='bbox 1190 932 1248 961; x_wconf 80' lang='grc' dir='ltr'>τοὺς</span> <span class='ocrx_word' id='word_1_405' title='bbox 1270 932 1395 966; x_wconf 82' lang='grc' dir='ltr'>πτωχοὺς</span> <span class='ocrx_word' id='word_1_406' title='bbox 1413 934 1450 966; x_wconf 84' lang='grc' dir='ltr'>τῷ</span> <span class='ocrx_word' id='word_1_407' title='bbox 1466 932 1594 968; x_wconf 83' lang='grc' dir='ltr'>πνεύματι</span> <span class='ocrx_word' id='word_1_408' title='bbox 1613 931 1795 970; x_wconf 87' lang='grc' dir='ltr'>πολυχρονίων</span> <span class='ocrx_word' id='word_1_409' title='bbox 1827 934 1936 972; x_wconf 72' lang='grc' dir='ltr'>λυτρού-</span> 
     </span>
    </p>
   </div>
   <div class='ocr_carea' id='block_1_60' title="bbox 1131 973 1934 1014">
    <p class='ocr_par' dir='ltr' id='par_1_60' title="bbox 1131 973 1934 1014">
     <span class='ocr_line' id='line_1_60' title="bbox 1131 973 1934 1014; baseline 0.007 -14"><span class='ocrx_word' id='word_1_410' title='bbox 1131 975 1197 1011; x_wconf 80' lang='grc' dir='ltr'>μεθα</span> <span class='ocrx_word' id='word_1_411' title='bbox 1223 979 1272 1001; x_wconf 81' lang='grc' dir='ltr'>τῶν</span> <span class='ocrx_word' id='word_1_412' title='bbox 1299 975 1405 1012; x_wconf 71' lang='grc' dir='ltr'>ὁφειλῶν</span> <span class='ocrx_word' id='word_1_413' title='bbox 1435 973 1483 1002; x_wconf 78' lang='grc' dir='ltr'><strong>διὰ</strong></span> <span class='ocrx_word' id='word_1_414' title='bbox 1502 979 1548 1007; x_wconf 86' lang='grc' dir='ltr'>τῆς</span> <span class='ocrx_word' id='word_1_415' title='bbox 1569 976 1650 1003; x_wconf 76' lang='grc' dir='ltr'>αὑτοῦ</span> <span class='ocrx_word' id='word_1_416' title='bbox 1669 978 1793 1014; x_wconf 78' lang='grc' dir='ltr'>χάριτος,</span> <span class='ocrx_word' id='word_1_417' title='bbox 1822 980 1860 1010; x_wconf 82' lang='grc' dir='ltr'>ὡς</span> <span class='ocrx_word' id='word_1_418' title='bbox 1895 989 1934 1006; x_wconf 78' lang='grc' dir='ltr'>πι-</span> 
     </span>
    </p>
   </div>
   <div class='ocr_carea' id='block_1_61' title="bbox 1134 1020 1265 1056">
    <p class='ocr_par' dir='ltr' id='par_1_61' title="bbox 1134 1020 1265 1056">
     <span class='ocr_line' id='line_1_61' title="bbox 1134 1020 1265 1056; baseline -0.008 -10"><span class='ocrx_word' id='word_1_419' title='bbox 1134 1020 1265 1056; x_wconf 79' lang='grc' dir='ltr'>στεύομεν.</span> 
     </span>
    </p>
   </div>
   <div class='ocr_carea' id='block_1_62' title="bbox 1168 1154 1936 1193">
    <p class='ocr_par' dir='ltr' id='par_1_62' title="bbox 1168 1154 1936 1193">
     <span class='ocr_line' id='line_1_62' title="bbox 1168 1154 1936 1193; baseline 0.005 -13"><span class='ocrx_word' id='word_1_420' title='bbox 1168 1154 1267 1184; x_wconf 78' lang='grc' dir='ltr'>Πάντας</span> <span class='ocrx_word' id='word_1_421' title='bbox 1290 1154 1416 1190; x_wconf 68' lang='grc' dir='ltr'>εἰσάγαγε</span> <span class='ocrx_word' id='word_1_422' title='bbox 1450 1154 1516 1190; x_wconf 90' lang='grc' dir='ltr'>πρὸς</span> <span class='ocrx_word' id='word_1_423' title='bbox 1549 1155 1595 1183; x_wconf 76' lang='grc' dir='ltr'>τὴν</span> <span class='ocrx_word' id='word_1_424' title='bbox 1632 1154 1748 1192; x_wconf 71' lang='grc' dir='ltr'>οὐράνιον</span> <span class='ocrx_word' id='word_1_425' title='bbox 1789 1155 1936 1193; x_wconf 73' lang='grc' dir='ltr'>βασιλείαν,</span> 
     </span>
    </p>
   </div>
   <div class='ocr_carea' id='block_1_63' title="bbox 1130 1198 1936 1236">
    <p class='ocr_par' dir='ltr' id='par_1_63' title="bbox 1130 1198 1936 1236">
     <span class='ocr_line' id='line_1_63' title="bbox 1130 1198 1936 1236; baseline 0.006 -12"><span class='ocrx_word' id='word_1_426' title='bbox 1130 1199 1145 1227; x_wconf 90' lang='grc' dir='ltr'><strong>ἠ</strong></span> <span class='ocrx_word' id='word_1_427' title='bbox 1159 1200 1285 1225; x_wconf 76' lang='grc' dir='ltr'>Δέσποινα</span> <span class='ocrx_word' id='word_1_428' title='bbox 1296 1202 1347 1225; x_wconf 88' lang='grc' dir='ltr'>τῶν</span> <span class='ocrx_word' id='word_1_429' title='bbox 1375 1198 1503 1234; x_wconf 77' lang='grc' dir='ltr'>ἁπάντων,</span> <span class='ocrx_word' id='word_1_430' title='bbox 1537 1201 1597 1230; x_wconf 85' lang='grc' dir='ltr'>τοὺς</span> <span class='ocrx_word' id='word_1_431' title='bbox 1619 1199 1811 1236; x_wconf 66' lang='grc' dir='ltr'>ὁμολογοῦντάς</span> <span class='ocrx_word' id='word_1_432' title='bbox 1838 1212 1868 1229; x_wconf 85' lang='grc' dir='ltr'><strong>σε</strong></span> <span class='ocrx_word' id='word_1_433' title='bbox 1895 1205 1936 1228; x_wconf 80' lang='grc' dir='ltr'>καὶ</span> 
     </span>
    </p>
   </div>
   <div class='ocr_carea' id='block_1_64' title="bbox 1131 1243 1937 1284">
    <p class='ocr_par' dir='ltr' id='par_1_64' title="bbox 1131 1243 1937 1284">
     <span class='ocr_line' id='line_1_64' title="bbox 1131 1243 1937 1284; baseline 0.005 -16"><span class='ocrx_word' id='word_1_434' title='bbox 1131 1246 1283 1280; x_wconf 78' lang='grc' dir='ltr'>φρονοῦντας</span> <span class='ocrx_word' id='word_1_435' title='bbox 1306 1245 1402 1281; x_wconf 79' lang='grc' dir='ltr'>κυρίως</span> <span class='ocrx_word' id='word_1_436' title='bbox 1429 1245 1474 1270; x_wconf 81' lang='grc' dir='ltr'>καὶ</span> <span class='ocrx_word' id='word_1_437' title='bbox 1499 1243 1601 1275; x_wconf 81' lang='grc' dir='ltr'>ἀληθῶς</span> <span class='ocrx_word' id='word_1_438' title='bbox 1630 1247 1767 1278; x_wconf 81' lang='grc' dir='ltr'>Θεοτόκον,</span> <span class='ocrx_word' id='word_1_439' title='bbox 1796 1248 1845 1272; x_wconf 85' lang='grc' dir='ltr'>καὶ</span> <span class='ocrx_word' id='word_1_440' title='bbox 1872 1256 1937 1284; x_wconf 81' lang='grc' dir='ltr'>καρ-</span> 
     </span>
    </p>
   </div>
   <div class='ocr_carea' id='block_1_65' title="bbox 1130 1285 1935 1326">
    <p class='ocr_par' dir='ltr' id='par_1_65' title="bbox 1130 1285 1935 1326">
     <span class='ocr_line' id='line_1_65' title="bbox 1130 1285 1935 1326; baseline 0.005 -13"><span class='ocrx_word' id='word_1_441' title='bbox 1130 1285 1190 1313; x_wconf 83' lang='grc' dir='ltr'>δίαν</span> <span class='ocrx_word' id='word_1_442' title='bbox 1227 1287 1383 1323; x_wconf 70' lang='grc' dir='ltr'>ἁγιάζοντας</span> <span class='ocrx_word' id='word_1_443' title='bbox 1406 1292 1442 1323; x_wconf 85' lang='grc' dir='ltr'>τῷ</span> <span class='ocrx_word' id='word_1_444' title='bbox 1470 1290 1626 1325; x_wconf 77' lang='grc' dir='ltr'>φρονήματι,</span> <span class='ocrx_word' id='word_1_445' title='bbox 1652 1291 1697 1315; x_wconf 86' lang='grc' dir='ltr'>καὶ</span> <span class='ocrx_word' id='word_1_446' title='bbox 1720 1289 1847 1325; x_wconf 69' lang='grc' dir='ltr'>γλῶσσαν</span> <span class='ocrx_word' id='word_1_447' title='bbox 1864 1290 1935 1326; x_wconf 76' lang='grc' dir='ltr'>ἁγνί-</span> 
     </span>
    </p>
   </div>
   <div class='ocr_carea' id='block_1_66' title="bbox 1130 1332 1933 1372">
    <p class='ocr_par' dir='ltr' id='par_1_66' title="bbox 1130 1332 1933 1372">
     <span class='ocr_line' id='line_1_66' title="bbox 1130 1332 1933 1372; baseline 0.005 -14"><span class='ocrx_word' id='word_1_448' title='bbox 1130 1332 1220 1363; x_wconf 77' lang='grc' dir='ltr'>ζοντας</span> <span class='ocrx_word' id='word_1_449' title='bbox 1244 1336 1280 1367; x_wconf 76' lang='grc' dir='ltr'>τῷ</span> <span class='ocrx_word' id='word_1_450' title='bbox 1314 1335 1459 1369; x_wconf 77' lang='grc' dir='ltr'>φωνήματι,</span> <span class='ocrx_word' id='word_1_451' title='bbox 1499 1332 1564 1360; x_wconf 79' lang='grc' dir='ltr'>κάπὶ</span> <span class='ocrx_word' id='word_1_452' title='bbox 1584 1337 1642 1363; x_wconf 84' lang='grc' dir='ltr'>ταῖς</span> <span class='ocrx_word' id='word_1_453' title='bbox 1677 1337 1737 1366; x_wconf 86' lang='grc' dir='ltr'>σαῖς</span> <span class='ocrx_word' id='word_1_454' title='bbox 1780 1334 1933 1372; x_wconf 67' lang='grc' dir='ltr'>ἁντιλήψεσι</span> 
     </span>
    </p>
   </div>
   <div class='ocr_carea' id='block_1_67' title="bbox 1128 1376 1949 1420">
    <p class='ocr_par' dir='ltr' id='par_1_67' title="bbox 1128 1376 1949 1420">
     <span class='ocr_line' id='line_1_67' title="bbox 1128 1376 1949 1420; baseline 0.004 -17"><span class='ocrx_word' id='word_1_455' title='bbox 1128 1378 1324 1413; x_wconf 79' lang='grc' dir='ltr'>καυχωμένους,</span> <span class='ocrx_word' id='word_1_456' title='bbox 1338 1380 1383 1404; x_wconf 84' lang='grc' dir='ltr'>καὶ</span> <span class='ocrx_word' id='word_1_457' title='bbox 1397 1379 1444 1406; x_wconf 81' lang='grc' dir='ltr'>τὴν</span> <span class='ocrx_word' id='word_1_458' title='bbox 1469 1376 1585 1415; x_wconf 70' lang='grc' dir='ltr'>ἄγκυραν</span> <span class='ocrx_word' id='word_1_459' title='bbox 1609 1382 1655 1409; x_wconf 61' lang='grc' dir='ltr'><strong>⁴τῆς</strong></span> <span class='ocrx_word' id='word_1_460' title='bbox 1679 1377 1783 1410; x_wconf 70' lang='grc' dir='ltr'>ἐλπίδος</span> <span class='ocrx_word' id='word_1_461' title='bbox 1807 1384 1858 1411; x_wconf 79' lang='grc' dir='ltr'>τῆς</span> <span class='ocrx_word' id='word_1_462' title='bbox 1884 1384 1949 1420; x_wconf 50' lang='grc' dir='ltr'><strong>σῆς.</strong></span> 
     </span>
    </p>
   </div>
   <div class='ocr_carea' id='block_1_68' title="bbox 1128 1421 1929 1462">
    <p class='ocr_par' dir='ltr' id='par_1_68' title="bbox 1128 1421 1929 1462">
     <span class='ocr_line' id='line_1_68' title="bbox 1128 1421 1929 1462; baseline 0.006 -15"><span class='ocrx_word' id='word_1_463' title='bbox 1128 1421 1272 1457; x_wconf 73' lang='grc' dir='ltr'>ἐξάψαντας</span> <span class='ocrx_word' id='word_1_464' title='bbox 1299 1424 1440 1458; x_wconf 82' lang='grc' dir='ltr'>μεσιτείας,</span> <span class='ocrx_word' id='word_1_465' title='bbox 1464 1423 1530 1459; x_wconf 82' lang='grc' dir='ltr'>μετὰ</span> <span class='ocrx_word' id='word_1_466' title='bbox 1561 1425 1626 1450; x_wconf 84' lang='grc' dir='ltr'>Θεὸν</span> <span class='ocrx_word' id='word_1_467' title='bbox 1651 1425 1695 1450; x_wconf 84' lang='grc' dir='ltr'>τὸν</span> <span class='ocrx_word' id='word_1_468' title='bbox 1720 1423 1744 1450; x_wconf 63' lang='lat' dir='ltr'><strong>iv</strong></span> <span class='ocrx_word' id='word_1_469' title='bbox 1769 1427 1855 1462; x_wconf 77' lang='grc' dir='ltr'>Πατρί</span> <span class='ocrx_word' id='word_1_470' title='bbox 1888 1428 1929 1452; x_wconf 72' lang='grc' dir='ltr'>καὶ</span> 
     </span>
    </p>
   </div>
   <div class='ocr_carea' id='block_1_69' title="bbox 1128 1466 1929 1505">
    <p class='ocr_par' dir='ltr' id='par_1_69' title="bbox 1128 1466 1929 1505">
     <span class='ocr_line' id='line_1_69' title="bbox 1128 1466 1929 1505; baseline 0.005 -13"><span class='ocrx_word' id='word_1_471' title='bbox 1128 1467 1179 1502; x_wconf 84' lang='grc' dir='ltr'><strong>Υἱῷ</strong></span> <span class='ocrx_word' id='word_1_472' title='bbox 1194 1469 1239 1493; x_wconf 84' lang='grc' dir='ltr'>καὶ</span> <span class='ocrx_word' id='word_1_473' title='bbox 1263 1466 1328 1503; x_wconf 77' lang='grc' dir='ltr'>ἁγίῳ</span> <span class='ocrx_word' id='word_1_474' title='bbox 1355 1468 1485 1503; x_wconf 83' lang='grc' dir='ltr'>Πνεύματι</span> <span class='ocrx_word' id='word_1_475' title='bbox 1512 1469 1736 1505; x_wconf 74' lang='grc' dir='ltr'>προσκυνούμενον</span> <span class='ocrx_word' id='word_1_476' title='bbox 1762 1479 1791 1496; x_wconf 78' lang='grc' dir='ltr'><strong>τε</strong></span> <span class='ocrx_word' id='word_1_477' title='bbox 1814 1472 1860 1496; x_wconf 80' lang='grc' dir='ltr'>καὶ</span> <span class='ocrx_word' id='word_1_478' title='bbox 1887 1469 1929 1496; x_wconf 79' lang='grc' dir='ltr'><strong>δο-</strong></span> 
     </span>
    </p>
   </div>
   <div class='ocr_carea' id='block_1_70' title="bbox 1128 1511 1929 1551">
    <p class='ocr_par' dir='ltr' id='par_1_70' title="bbox 1128 1511 1929 1551">
     <span class='ocr_line' id='line_1_70' title="bbox 1128 1511 1929 1551; baseline 0.005 -14"><span class='ocrx_word' id='word_1_479' title='bbox 1128 1511 1266 1546; x_wconf 76' lang='grc' dir='ltr'>ξαζόμενον</span> <span class='ocrx_word' id='word_1_480' title='bbox 1290 1522 1296 1528; x_wconf 73' lang='grc' dir='ltr'><strong>ι</strong></span> <span class='ocrx_word' id='word_1_481' title='bbox 1328 1511 1347 1547; x_wconf 80' lang='grc' dir='ltr'><em>ᾧ</em></span> <span class='ocrx_word' id='word_1_482' title='bbox 1373 1513 1443 1548; x_wconf 83' lang='grc' dir='ltr'>μόνῳ</span> <span class='ocrx_word' id='word_1_483' title='bbox 1465 1511 1631 1550; x_wconf 74' lang='grc' dir='ltr'>λατρεύομεν,</span> <span class='ocrx_word' id='word_1_484' title='bbox 1659 1516 1704 1540; x_wconf 84' lang='grc' dir='ltr'>καὶ</span> <span class='ocrx_word' id='word_1_485' title='bbox 1727 1514 1754 1540; x_wconf 85' lang='grc' dir='ltr'>ὃν</span> <span class='ocrx_word' id='word_1_486' title='bbox 1777 1515 1856 1551; x_wconf 85' lang='grc' dir='ltr'>μόνον</span> <span class='ocrx_word' id='word_1_487' title='bbox 1881 1513 1929 1544; x_wconf 73' lang='grc' dir='ltr'><strong>δη-</strong></span> 
     </span>
    </p>
   </div>
   <div class='ocr_carea' id='block_1_71' title="bbox 1127 1555 1928 1596">
    <p class='ocr_par' dir='ltr' id='par_1_71' title="bbox 1127 1555 1928 1596">
     <span class='ocr_line' id='line_1_71' title="bbox 1127 1555 1928 1596; baseline 0.006 -15"><span class='ocrx_word' id='word_1_488' title='bbox 1127 1557 1252 1593; x_wconf 83' lang='grc' dir='ltr'>μιουργὸν</span> <span class='ocrx_word' id='word_1_489' title='bbox 1279 1557 1350 1592; x_wconf 87' lang='grc' dir='ltr'>ἡμῶν</span> <span class='ocrx_word' id='word_1_490' title='bbox 1381 1555 1553 1593; x_wconf 80' lang='grc' dir='ltr'>ἰπιστάμεθα,</span> <span class='ocrx_word' id='word_1_491' title='bbox 1586 1560 1631 1584; x_wconf 80' lang='grc' dir='ltr'>καὶ</span> <span class='ocrx_word' id='word_1_492' title='bbox 1673 1558 1703 1584; x_wconf 82' lang='grc' dir='ltr'>οὗ</span> <span class='ocrx_word' id='word_1_493' title='bbox 1723 1560 1756 1585; x_wconf 78' lang='grc' dir='ltr'><strong>τὰ</strong></span> <span class='ocrx_word' id='word_1_494' title='bbox 1796 1562 1928 1596; x_wconf 79' lang='grc' dir='ltr'>κτίσματα</span> 
     </span>
    </p>
   </div>
   <div class='ocr_carea' id='block_1_72' title="bbox 1127 1600 1925 1641">
    <p class='ocr_par' dir='ltr' id='par_1_72' title="bbox 1127 1600 1925 1641">
     <span class='ocr_line' id='line_1_72' title="bbox 1127 1600 1925 1641; baseline 0.004 -14"><span class='ocrx_word' id='word_1_495' title='bbox 1127 1602 1213 1627; x_wconf 82' lang='grc' dir='ltr'>πάντα</span> <span class='ocrx_word' id='word_1_496' title='bbox 1231 1600 1348 1637; x_wconf 77' lang='grc' dir='ltr'>ἆξίχεται</span> <span class='ocrx_word' id='word_1_497' title='bbox 1371 1602 1436 1639; x_wconf 82' lang='grc' dir='ltr'>πρὸς</span> <span class='ocrx_word' id='word_1_498' title='bbox 1456 1605 1574 1638; x_wconf 75' lang='grc' dir='ltr'>συνοχὴν</span> <span class='ocrx_word' id='word_1_499' title='bbox 1599 1612 1627 1629; x_wconf 89' lang='grc' dir='ltr'><strong>τε</strong></span> <span class='ocrx_word' id='word_1_500' title='bbox 1652 1605 1697 1629; x_wconf 85' lang='grc' dir='ltr'><strong>καὶ</strong></span> <span class='ocrx_word' id='word_1_501' title='bbox 1726 1604 1865 1638; x_wconf 71' lang='grc' dir='ltr'>σύστασιν,</span> <span class='ocrx_word' id='word_1_502' title='bbox 1897 1609 1925 1641; x_wconf 69' lang='grc' dir='ltr'>τῇ</span> 
     </span>
    </p>
   </div>
   <div class='ocr_carea' id='block_1_73' title="bbox 1127 1646 1928 1686">
    <p class='ocr_par' dir='ltr' id='par_1_73' title="bbox 1127 1646 1928 1686">
     <span class='ocr_line' id='line_1_73' title="bbox 1127 1646 1928 1686; baseline 0.006 -15"><span class='ocrx_word' id='word_1_503' title='bbox 1127 1648 1192 1682; x_wconf 77' lang='grc' dir='ltr'>μόνῃ</span> <span class='ocrx_word' id='word_1_504' title='bbox 1209 1646 1324 1681; x_wconf 63' lang='grc' dir='ltr'>ἀλγίστῳ</span> <span class='ocrx_word' id='word_1_505' title='bbox 1343 1647 1418 1682; x_wconf 79' lang='grc' dir='ltr'><strong>φύσει</strong></span> <span class='ocrx_word' id='word_1_506' title='bbox 1433 1649 1477 1672; x_wconf 83' lang='grc' dir='ltr'><strong>καὶ</strong></span> <span class='ocrx_word' id='word_1_507' title='bbox 1499 1648 1669 1684; x_wconf 80' lang='grc' dir='ltr'>προανάρχῳ,</span> <span class='ocrx_word' id='word_1_508' title='bbox 1735 1650 1826 1686; x_wconf 74' lang='grc' dir='ltr'>πρέπει</span> <span class='ocrx_word' id='word_1_509' title='bbox 1856 1651 1928 1676; x_wconf 77' lang='grc' dir='ltr'>πᾶσα</span> 
     </span>
    </p>
   </div>
   <div class='ocr_carea' id='block_1_74' title="bbox 1128 1688 1926 1728">
    <p class='ocr_par' dir='ltr' id='par_1_74' title="bbox 1128 1688 1926 1728">
     <span class='ocr_line' id='line_1_74' title="bbox 1128 1688 1926 1728; baseline 0.004 -12"><span class='ocrx_word' id='word_1_510' title='bbox 1128 1688 1204 1723; x_wconf 77' lang='grc' dir='ltr'><strong>δόξα,</strong></span> <span class='ocrx_word' id='word_1_511' title='bbox 1229 1693 1305 1727; x_wconf 81' lang='grc' dir='ltr'>τιμὴ,</span> <span class='ocrx_word' id='word_1_512' title='bbox 1336 1693 1381 1717; x_wconf 85' lang='grc' dir='ltr'>καὶ</span> <span class='ocrx_word' id='word_1_513' title='bbox 1416 1692 1606 1728; x_wconf 76' lang='grc' dir='ltr'>προσκύνησις,</span> <span class='ocrx_word' id='word_1_514' title='bbox 1632 1691 1801 1728; x_wconf 67' lang='grc' dir='ltr'>μεγαλωσύνη</span> <span class='ocrx_word' id='word_1_515' title='bbox 1831 1702 1858 1720; x_wconf 77' lang='grc' dir='ltr'><strong>τε</strong></span> <span class='ocrx_word' id='word_1_516' title='bbox 1884 1696 1926 1719; x_wconf 81' lang='grc' dir='ltr'>καὶ</span> 
     </span>
    </p>
   </div>
   <div class='ocr_carea' id='block_1_75' title="bbox 1126 1735 1926 1773">
    <p class='ocr_par' dir='ltr' id='par_1_75' title="bbox 1126 1735 1926 1773">
     <span class='ocr_line' id='line_1_75' title="bbox 1126 1735 1926 1773; baseline 0.004 -12"><span class='ocrx_word' id='word_1_517' title='bbox 1126 1735 1342 1773; x_wconf 66' lang='grc' dir='ltr'>μεγαλοπρέπεια,</span> <span class='ocrx_word' id='word_1_518' title='bbox 1369 1739 1413 1762; x_wconf 83' lang='grc' dir='ltr'>νῦν</span> <span class='ocrx_word' id='word_1_519' title='bbox 1438 1738 1483 1762; x_wconf 81' lang='grc' dir='ltr'>καὶ</span> <span class='ocrx_word' id='word_1_520' title='bbox 1501 1735 1536 1768; x_wconf 82' lang='grc' dir='ltr'>εἰς</span> <span class='ocrx_word' id='word_1_521' title='bbox 1569 1738 1630 1768; x_wconf 84' lang='grc' dir='ltr'>τοὺς</span> <span class='ocrx_word' id='word_1_522' title='bbox 1657 1736 1842 1770; x_wconf 74' lang='grc' dir='ltr'>ἀτελευτήτους</span> <span class='ocrx_word' id='word_1_523' title='bbox 1864 1739 1926 1764; x_wconf 72' lang='grc' dir='ltr'><strong>αἰῶ-</strong></span> 
     </span>
    </p>
   </div>
   <div class='ocr_carea' id='block_1_76' title="bbox 1126 1779 1456 1817">
    <p class='ocr_par' dir='ltr' id='par_1_76' title="bbox 1126 1779 1456 1817">
     <span class='ocr_line' id='line_1_76' title="bbox 1126 1779 1456 1817; baseline 0 -11"><span class='ocrx_word' id='word_1_524' title='bbox 1126 1789 1170 1812; x_wconf 89' lang='grc' dir='ltr'><strong>νας</strong></span> <span class='ocrx_word' id='word_1_525' title='bbox 1183 1784 1231 1807; x_wconf 83' lang='grc' dir='ltr'>τῶν</span> <span class='ocrx_word' id='word_1_526' title='bbox 1242 1780 1349 1809; x_wconf 81' lang='grc' dir='ltr'>αἰώνων,</span> <span class='ocrx_word' id='word_1_527' title='bbox 1363 1779 1456 1817; x_wconf 80' lang='grc' dir='ltr'>Ἀμήν.</span> 
     </span>
    </p>
   </div>
   <div class='ocr_carea' id='block_1_77' title="bbox 1515 1825 1551 1854">
    <p class='ocr_par' dir='ltr' id='par_1_77' title="bbox 1515 1825 1551 1854">
     <span class='ocr_line' id='line_1_77' title="bbox 1515 1825 1551 1854; baseline 0.056 -2"><span class='ocrx_word' id='word_1_528' title='bbox 1515 1825 1551 1854; x_wconf 87' lang='grc' dir='ltr'><strong>Ζ’.</strong></span> 
     </span>
    </p>
   </div>
   <div class='ocr_carea' id='block_1_78' title="bbox 1125 1888 1923 1931">
    <p class='ocr_par' dir='ltr' id='par_1_78' title="bbox 1125 1888 1923 1931">
     <span class='ocr_line' id='line_1_78' title="bbox 1125 1888 1923 1931; baseline 0.001 -15"><span class='ocrx_word' id='word_1_529' title='bbox 1125 1889 1172 1931; x_wconf 62' lang='grc' dir='ltr'><strong>Εἰς</strong></span> <span class='ocrx_word' id='word_1_530' title='bbox 1193 1890 1239 1918; x_wconf 72' lang='grc' dir='ltr'>τὴν</span> <span class='ocrx_word' id='word_1_531' title='bbox 1265 1889 1367 1930; x_wconf 57' lang='grc' dir='ltr'>σφαγὴν</span> <span class='ocrx_word' id='word_1_532' title='bbox 1392 1892 1442 1915; x_wconf 83' lang='grc' dir='ltr'><strong>τῶν</strong></span> <span class='ocrx_word' id='word_1_533' title='bbox 1467 1888 1548 1924; x_wconf 75' lang='grc' dir='ltr'>ἁγίων</span> <span class='ocrx_word' id='word_1_534' title='bbox 1588 1890 1697 1931; x_wconf 72' lang='grc' dir='ltr'>νηπίῶν,</span> <span class='ocrx_word' id='word_1_535' title='bbox 1726 1891 1771 1916; x_wconf 87' lang='grc' dir='ltr'>καὶ</span> <span class='ocrx_word' id='word_1_536' title='bbox 1808 1891 1842 1921; x_wconf 77' lang='grc' dir='ltr'>εἰς</span> <span class='ocrx_word' id='word_1_537' title='bbox 1879 1893 1923 1921; x_wconf 72' lang='grc' dir='ltr'>τὴν</span> 
     </span>
    </p>
   </div>
   <div class='ocr_carea' id='block_1_79' title="bbox 1161 1925 1921 1963">
    <p class='ocr_par' dir='ltr' id='par_1_79' title="bbox 1161 1925 1921 1963">
     <span class='ocr_line' id='line_1_79' title="bbox 1161 1925 1921 1963; baseline 0.005 -13"><span class='ocrx_word' id='word_1_538' title='bbox 1161 1925 1248 1963; x_wconf 69' lang='grc' dir='ltr'>ᾀρχήν</span> <span class='ocrx_word' id='word_1_539' title='bbox 1286 1925 1332 1951; x_wconf 79' lang='grc' dir='ltr'>τοῦ</span> <span class='ocrx_word' id='word_1_540' title='bbox 1366 1926 1440 1963; x_wconf 77' lang='grc' dir='ltr'>κατὰ</span> <span class='ocrx_word' id='word_1_541' title='bbox 1478 1927 1594 1963; x_wconf 75' lang='grc' dir='ltr'>Μάρκον</span> <span class='ocrx_word' id='word_1_542' title='bbox 1628 1925 1704 1961; x_wconf 83' lang='grc' dir='ltr'>ἁγίου</span> <span class='ocrx_word' id='word_1_543' title='bbox 1758 1926 1921 1963; x_wconf 75' lang='grc' dir='ltr'>Εὖαγγελίον.</span> 
     </span>
    </p>
   </div>
   <div class='ocr_carea' id='block_1_80' title="bbox 1161 1961 1785 1998">
    <p class='ocr_par' dir='ltr' id='par_1_80' title="bbox 1161 1961 1785 1998">
     <span class='ocr_line' id='line_1_80' title="bbox 1161 1961 1785 1998; baseline 0.005 -12"><span class='ocrx_word' id='word_1_544' title='bbox 1161 1961 1399 1997; x_wconf 72' lang='grc' dir='ltr'>’Ᾱναγινωσκομένη</span> <span class='ocrx_word' id='word_1_545' title='bbox 1417 1961 1533 1997; x_wconf 83' lang='grc' dir='ltr'>Κυριακῇ</span> <span class='ocrx_word' id='word_1_546' title='bbox 1550 1962 1599 1998; x_wconf 87' lang='grc' dir='ltr'>πρὸ</span> <span class='ocrx_word' id='word_1_547' title='bbox 1618 1966 1668 1988; x_wconf 79' lang='grc' dir='ltr'>τῶν</span> <span class='ocrx_word' id='word_1_548' title='bbox 1682 1964 1785 1990; x_wconf 76' lang='grc' dir='ltr'>Φώτων.</span> 
     </span>
    </p>
   </div>
   <div class='ocr_carea' id='block_1_81' title="bbox 444 2004 1762 2042">
    <p class='ocr_par' dir='ltr' id='par_1_81' title="bbox 444 2004 1762 2042">
     <span class='ocr_line' id='line_1_81' title="bbox 444 2004 1762 2042; baseline 0.002 -10"><span class='ocrx_word' id='word_1_549' title='bbox 444 2006 533 2040; x_wconf 87' lang='lat' dir='ltr'><strong>(Inter</strong></span> <span class='ocrx_word' id='word_1_550' title='bbox 549 2004 691 2033; x_wconf 86' lang='lat' dir='ltr'><strong>Homilias</strong></span> <span class='ocrx_word' id='word_1_551' title='bbox 707 2004 857 2033; x_wconf 86' lang='lat' dir='ltr'><strong>variorum</strong></span> <span class='ocrx_word' id='word_1_552' title='bbox 871 2005 990 2033; x_wconf 87' lang='lat' dir='ltr'><strong>Patrum</strong></span> <span class='ocrx_word' id='word_1_553' title='bbox 1003 2005 1050 2034; x_wconf 92' lang='lat' dir='ltr'><strong>ed.</strong></span> <span class='ocrx_word' id='word_1_554' title='bbox 1067 2005 1264 2035; x_wconf 79' lang='lat' dir='ltr'><strong>Hoeschelius.</strong></span> <span class='ocrx_word' id='word_1_555' title='bbox 1285 2006 1427 2041; x_wconf 64' lang='lat' dir='ltr'><strong>Augustae</strong></span> <span class='ocrx_word' id='word_1_556' title='bbox 1441 2005 1586 2034; x_wconf 87' lang='lat' dir='ltr'><strong>Vindelic.</strong></span> <span class='ocrx_word' id='word_1_557' title='bbox 1613 2007 1692 2040; x_wconf 70' lang='lat'><strong>1586,</strong></span> <span class='ocrx_word' id='word_1_558' title='bbox 1708 2007 1762 2042; x_wconf 72' lang='lat'><strong>11°.)</strong></span> 
     </span>
    </p>
   </div>
   <div class='ocr_carea' id='block_1_82' title="bbox 278 2050 1067 2086">
    <p class='ocr_par' dir='ltr' id='par_1_82' title="bbox 278 2050 1067 2086">
     <span class='ocr_line' id='line_1_82' title="bbox 278 2050 1067 2086; baseline 0.003 -9"><span class='ocrx_word' id='word_1_559' title='bbox 278 2050 297 2077; x_wconf 80' lang='grc' dir='ltr'><strong>Ι.</strong></span> <span class='ocrx_word' id='word_1_560' title='bbox 311 2061 325 2075; x_wconf 75' lang='grc' dir='ltr'><strong>ι(</strong></span> <span class='ocrx_word' id='word_1_561' title='bbox 336 2050 406 2083; x_wconf 90' lang='lat' dir='ltr'><strong>Quis</strong></span> <span class='ocrx_word' id='word_1_562' title='bbox 422 2051 499 2078; x_wconf 91' lang='lat' dir='ltr'><strong>Deus</strong></span> <span class='ocrx_word' id='word_1_563' title='bbox 512 2053 618 2086; x_wconf 77' lang='lat' dir='ltr'><strong>praeter</strong></span> <span class='ocrx_word' id='word_1_564' title='bbox 642 2051 735 2078; x_wconf 90' lang='lat' dir='ltr'><strong>Deum</strong></span> <span class='ocrx_word' id='word_1_565' title='bbox 758 2051 906 2084; x_wconf 86' lang='lat' dir='ltr'><strong>nostrum,</strong></span> <span class='ocrx_word' id='word_1_566' title='bbox 928 2051 1004 2078; x_wconf 87' lang='lat' dir='ltr'><strong>Deus</strong></span> <span class='ocrx_word' id='word_1_567' title='bbox 1019 2051 1067 2080; x_wconf 87' lang='lat' dir='ltr'><strong>ille</strong></span> 
     </span>
    </p>
   </div>
   <div class='ocr_carea' id='block_1_83' title="bbox 241 2094 1070 2131">
    <p class='ocr_par' dir='ltr' id='par_1_83' title="bbox 241 2094 1070 2131">
     <span class='ocr_line' id='line_1_83' title="bbox 241 2094 1070 2131; baseline 0.004 -9"><span class='ocrx_word' id='word_1_568' title='bbox 241 2095 293 2130; x_wconf 90' lang='lat' dir='ltr'><strong>qui</strong></span> <span class='ocrx_word' id='word_1_569' title='bbox 308 2095 463 2131; x_wconf 64' lang='lat' dir='ltr'><strong>praecingit</strong></span> <span class='ocrx_word' id='word_1_570' title='bbox 490 2102 537 2122; x_wconf 88' lang='lat' dir='ltr'><strong>me</strong></span> <span class='ocrx_word' id='word_1_571' title='bbox 552 2095 659 2122; x_wconf 89' lang='lat' dir='ltr'><strong>virtute</strong></span> <span class='ocrx_word' id='word_1_572' title='bbox 672 2097 700 2123; x_wconf 90' lang='lat' dir='ltr'><strong>et</strong></span> <span class='ocrx_word' id='word_1_573' title='bbox 726 2094 846 2122; x_wconf 82' lang='lat' dir='ltr'><strong>instruit</strong></span> <span class='ocrx_word' id='word_1_574' title='bbox 866 2094 958 2131; x_wconf 89' lang='lat' dir='ltr'><strong>pedes</strong></span> <span class='ocrx_word' id='word_1_575' title='bbox 985 2104 1070 2125; x_wconf 87' lang='lat' dir='ltr'><strong>meos</strong></span> 
     </span>
    </p>
   </div>
   <div class='ocr_carea' id='block_1_84' title="bbox 241 2138 1067 2175">
    <p class='ocr_par' dir='ltr' id='par_1_84' title="bbox 241 2138 1067 2175">
     <span class='ocr_line' id='line_1_84' title="bbox 241 2138 1067 2175; baseline -0.001 -8"><span class='ocrx_word' id='word_1_576' title='bbox 241 2142 388 2175; x_wconf 86' lang='lat' dir='ltr'><strong>tanquam</strong></span> <span class='ocrx_word' id='word_1_577' title='bbox 401 2147 569 2172; x_wconf 88' lang='lat' dir='ltr'><strong>cervorum,</strong></span> <span class='ocrx_word' id='word_1_578' title='bbox 585 2141 613 2167; x_wconf 88' lang='lat' dir='ltr'><strong>et</strong></span> <span class='ocrx_word' id='word_1_579' title='bbox 626 2139 656 2167; x_wconf 87' lang='lat' dir='ltr'><strong>in</strong></span> <span class='ocrx_word' id='word_1_580' title='bbox 671 2138 789 2167; x_wconf 83' lang='lat' dir='ltr'><strong>excelsa</strong></span> <span class='ocrx_word' id='word_1_581' title='bbox 803 2141 936 2167; x_wconf 85' lang='lat' dir='ltr'><strong>statuens</strong></span> <span class='ocrx_word' id='word_1_582' title='bbox 950 2142 1015 2168; x_wconf 76' lang='lat' dir='ltr'><strong>me‘</strong></span> <span class='ocrx_word' id='word_1_583' title='bbox 1029 2142 1042 2170; x_wconf 91' lang='lat'><strong>?</strong></span> <span class='ocrx_word' id='word_1_584' title='bbox 1054 2152 1067 2167; x_wconf 85' lang='lat'><strong>»</strong></span> 
     </span>
    </p>
   </div>
   <div class='ocr_carea' id='block_1_85' title="bbox 241 2184 1070 2220">
    <p class='ocr_par' dir='ltr' id='par_1_85' title="bbox 241 2184 1070 2220">
     <span class='ocr_line' id='line_1_85' title="bbox 241 2184 1070 2220; baseline 0.002 -9"><span class='ocrx_word' id='word_1_585' title='bbox 241 2185 369 2211; x_wconf 84' lang='lat' dir='ltr'><strong>Rursum</strong></span> <span class='ocrx_word' id='word_1_586' title='bbox 386 2184 480 2212; x_wconf 85' lang='lat' dir='ltr'><strong>David</strong></span> <span class='ocrx_word' id='word_1_587' title='bbox 492 2184 620 2212; x_wconf 89' lang='lat' dir='ltr'><strong>orationi</strong></span> <span class='ocrx_word' id='word_1_588' title='bbox 639 2186 803 2220; x_wconf 79' lang='lat' dir='ltr'><strong>praecurrat</strong></span> <span class='ocrx_word' id='word_1_589' title='bbox 820 2191 890 2212; x_wconf 90' lang='lat' dir='ltr'><strong>cum</strong></span> <span class='ocrx_word' id='word_1_590' title='bbox 905 2184 991 2213; x_wconf 90' lang='lat' dir='ltr'><strong>solito</strong></span> <span class='ocrx_word' id='word_1_591' title='bbox 1020 2185 1070 2213; x_wconf 90' lang='lat' dir='ltr'><strong>de-</strong></span> 
     </span>
    </p>
   </div>
   <div class='ocr_carea' id='block_1_86' title="bbox 241 2227 1069 2264">
    <p class='ocr_par' dir='ltr' id='par_1_86' title="bbox 241 2227 1069 2264">
     <span class='ocr_line' id='line_1_86' title="bbox 241 2227 1069 2264; baseline 0.005 -9"><span class='ocrx_word' id='word_1_592' title='bbox 241 2227 514 2264; x_wconf 65' lang='lat' dir='ltr'><strong>cachordojetsuavi</strong></span> <span class='ocrx_word' id='word_1_593' title='bbox 524 2228 794 2257; x_wconf 86' lang='lat' dir='ltr'><strong>melodiaauimam</strong></span> <span class='ocrx_word' id='word_1_594' title='bbox 806 2235 906 2256; x_wconf 85' lang='lat' dir='ltr'><strong>meam</strong></span> <span class='ocrx_word' id='word_1_595' title='bbox 911 2230 1069 2259; x_wconf 85' lang='lat' dir='ltr'><strong>remissam</strong></span> 
     </span>
    </p>
   </div>
   <div class='ocr_carea' id='block_1_87' title="bbox 240 2272 1070 2310">
    <p class='ocr_par' dir='ltr' id='par_1_87' title="bbox 240 2272 1070 2310">
     <span class='ocr_line' id='line_1_87' title="bbox 240 2272 1070 2310; baseline 0.005 -10"><span class='ocrx_word' id='word_1_596' title='bbox 240 2274 268 2300; x_wconf 89' lang='lat' dir='ltr'><strong>et</strong></span> <span class='ocrx_word' id='word_1_597' title='bbox 280 2272 478 2301; x_wconf 88' lang='lat' dir='ltr'><strong>dormientem</strong></span> <span class='ocrx_word' id='word_1_598' title='bbox 493 2273 581 2310; x_wconf 89' lang='lat' dir='ltr'><strong>quasi</strong></span> <span class='ocrx_word' id='word_1_599' title='bbox 611 2273 760 2308; x_wconf 81' lang='lat' dir='ltr'><strong>inungens</strong></span> <span class='ocrx_word' id='word_1_600' title='bbox 788 2273 826 2301; x_wconf 89' lang='lat' dir='ltr'><strong>ad</strong></span> <span class='ocrx_word' id='word_1_601' title='bbox 854 2272 996 2302; x_wconf 77' lang='lat' dir='ltr'><strong>doctrinae</strong></span> <span class='ocrx_word' id='word_1_602' title='bbox 1013 2277 1070 2304; x_wconf 82' lang='lat' dir='ltr'><strong>sta-</strong></span> 
     </span>
    </p>
   </div>
   <div class='ocr_carea' id='block_1_88' title="bbox 240 2316 1070 2354">
    <p class='ocr_par' dir='ltr' id='par_1_88' title="bbox 240 2316 1070 2354">
     <span class='ocr_line' id='line_1_88' title="bbox 240 2316 1070 2354; baseline 0.004 -10"><span class='ocrx_word' id='word_1_603' title='bbox 240 2316 324 2345; x_wconf 88' lang='lat' dir='ltr'><strong>dium</strong></span> <span class='ocrx_word' id='word_1_604' title='bbox 339 2324 466 2354; x_wconf 86' lang='lat' dir='ltr'><strong>eamque</strong></span> <span class='ocrx_word' id='word_1_605' title='bbox 482 2317 521 2346; x_wconf 86' lang='lat' dir='ltr'><strong>ad</strong></span> <span class='ocrx_word' id='word_1_606' title='bbox 535 2319 584 2346; x_wconf 94' lang='lat' dir='ltr'><strong>Dei</strong></span> <span class='ocrx_word' id='word_1_607' title='bbox 599 2318 705 2346; x_wconf 84' lang='lat' dir='ltr'><strong>laudes</strong></span> <span class='ocrx_word' id='word_1_608' title='bbox 719 2317 864 2351; x_wconf 82' lang='lat' dir='ltr'><strong>excitans,</strong></span> <span class='ocrx_word' id='word_1_609' title='bbox 879 2317 932 2353; x_wconf 92' lang='lat' dir='ltr'><strong>qui</strong></span> <span class='ocrx_word' id='word_1_610' title='bbox 944 2326 993 2346; x_wconf 89' lang='lat' dir='ltr'><strong>me</strong></span> <span class='ocrx_word' id='word_1_611' title='bbox 1014 2319 1070 2348; x_wconf 86' lang='lat' dir='ltr'><strong>vir-</strong></span> 
     </span>
    </p>
   </div>
   <div class='ocr_carea' id='block_1_89' title="bbox 240 2362 1070 2398">
    <p class='ocr_par' dir='ltr' id='par_1_89' title="bbox 240 2362 1070 2398">
     <span class='ocr_line' id='line_1_89' title="bbox 240 2362 1070 2398; baseline 0.005 -9"><span class='ocrx_word' id='word_1_612' title='bbox 240 2363 300 2389; x_wconf 90' lang='lat' dir='ltr'><strong>tute</strong></span> <span class='ocrx_word' id='word_1_613' title='bbox 313 2362 466 2398; x_wconf 66' lang='lat' dir='ltr'><strong>prmeingit</strong></span> <span class='ocrx_word' id='word_1_614' title='bbox 480 2363 620 2397; x_wconf 76' lang='lat' dir='ltr'><strong>scientiae,</strong></span> <span class='ocrx_word' id='word_1_615' title='bbox 646 2362 836 2398; x_wconf 87' lang='lat' dir='ltr'><strong>sterilemque</strong></span> <span class='ocrx_word' id='word_1_616' title='bbox 866 2369 965 2390; x_wconf 86' lang='lat' dir='ltr'><strong>meam</strong></span> <span class='ocrx_word' id='word_1_617' title='bbox 989 2372 1070 2393; x_wconf 87' lang='lat' dir='ltr'><strong>men-</strong></span> 
     </span>
    </p>
   </div>
   <div class='ocr_carea' id='block_1_90' title="bbox 239 2406 1069 2440">
    <p class='ocr_par' dir='ltr' id='par_1_90' title="bbox 239 2406 1069 2440">
     <span class='ocr_line' id='line_1_90' title="bbox 239 2406 1069 2440; baseline 0.006 -7"><span class='ocrx_word' id='word_1_618' title='bbox 239 2408 298 2434; x_wconf 89' lang='lat' dir='ltr'><strong>tem</strong></span> <span class='ocrx_word' id='word_1_619' title='bbox 313 2406 479 2436; x_wconf 88' lang='lat' dir='ltr'><strong>inhabitare</strong></span> <span class='ocrx_word' id='word_1_620' title='bbox 495 2408 564 2436; x_wconf 84' lang='lat' dir='ltr'><strong>facit</strong></span> <span class='ocrx_word' id='word_1_621' title='bbox 577 2408 607 2436; x_wconf 87' lang='lat' dir='ltr'><strong>in</strong></span> <span class='ocrx_word' id='word_1_622' title='bbox 623 2415 710 2436; x_wconf 86' lang='lat' dir='ltr'><strong>sacra</strong></span> <span class='ocrx_word' id='word_1_623' title='bbox 732 2407 790 2435; x_wconf 88' lang='lat' dir='ltr'><strong>hac</strong></span> <span class='ocrx_word' id='word_1_624' title='bbox 819 2406 922 2440; x_wconf 90' lang='lat' dir='ltr'><strong>domo,</strong></span> <span class='ocrx_word' id='word_1_625' title='bbox 943 2410 1069 2438; x_wconf 83' lang='lat' dir='ltr'><strong>matrem</strong></span> 
     </span>
    </p>
   </div>
   <div class='ocr_carea' id='block_1_91' title="bbox 237 2450 1069 2489">
    <p class='ocr_par' dir='ltr' id='par_1_91' title="bbox 237 2450 1069 2489">
     <span class='ocr_line' id='line_1_91' title="bbox 237 2450 1069 2489; baseline 0.006 -11"><span class='ocrx_word' id='word_1_626' title='bbox 237 2450 367 2480; x_wconf 80' lang='lat' dir='ltr'><strong>filiorum</strong></span> <span class='ocrx_word' id='word_1_627' title='bbox 381 2451 541 2488; x_wconf 56' lang='lat' dir='ltr'><strong>laetantem;</strong></span> <span class='ocrx_word' id='word_1_628' title='bbox 558 2452 631 2489; x_wconf 87' lang='lat' dir='ltr'><strong>ipsis</strong></span> <span class='ocrx_word' id='word_1_629' title='bbox 643 2452 713 2480; x_wconf 91' lang='lat' dir='ltr'><strong>inde</strong></span> <span class='ocrx_word' id='word_1_630' title='bbox 727 2451 833 2487; x_wconf 80' lang='lat' dir='ltr'><strong>genitis</strong></span> <span class='ocrx_word' id='word_1_631' title='bbox 849 2450 993 2480; x_wconf 61' lang='lat' dir='ltr'><strong>doctrina)</strong></span> <span class='ocrx_word' id='word_1_632' title='bbox 1011 2462 1069 2483; x_wconf 90' lang='lat' dir='ltr'><strong>ser-</strong></span> 
     </span>
    </p>
   </div>
   <div class='ocr_carea' id='block_1_92' title="bbox 238 2495 1068 2532">
    <p class='ocr_par' dir='ltr' id='par_1_92' title="bbox 238 2495 1068 2532">
     <span class='ocr_line' id='line_1_92' title="bbox 238 2495 1068 2532; baseline 0.004 -8"><span class='ocrx_word' id='word_1_633' title='bbox 238 2496 390 2525; x_wconf 86' lang='lat' dir='ltr'><strong>monibus.</strong></span> <span class='ocrx_word' id='word_1_634' title='bbox 401 2497 465 2525; x_wconf 90' lang='lat' dir='ltr'><strong>Non</strong></span> <span class='ocrx_word' id='word_1_635' title='bbox 480 2497 561 2524; x_wconf 90' lang='lat' dir='ltr'><strong>enim</strong></span> <span class='ocrx_word' id='word_1_636' title='bbox 573 2504 658 2525; x_wconf 89' lang='lat' dir='ltr'><strong>meus</strong></span> <span class='ocrx_word' id='word_1_637' title='bbox 669 2498 714 2525; x_wconf 92' lang='lat' dir='ltr'><strong>est</strong></span> <span class='ocrx_word' id='word_1_638' title='bbox 724 2495 772 2524; x_wconf 87' lang='lat' dir='ltr'><strong>ille</strong></span> <span class='ocrx_word' id='word_1_639' title='bbox 786 2496 908 2532; x_wconf 85' lang='lat' dir='ltr'><strong>fructus,</strong></span> <span class='ocrx_word' id='word_1_640' title='bbox 925 2497 979 2525; x_wconf 89' lang='lat' dir='ltr'><strong>sed</strong></span> <span class='ocrx_word' id='word_1_641' title='bbox 989 2499 1068 2527; x_wconf 90' lang='lat' dir='ltr'><strong>totus</strong></span> 
     </span>
    </p>
   </div>
   <div class='ocr_carea' id='block_1_93' title="bbox 238 2541 1068 2578">
    <p class='ocr_par' dir='ltr' id='par_1_93' title="bbox 238 2541 1068 2578">
     <span class='ocr_line' id='line_1_93' title="bbox 238 2541 1068 2578; baseline 0.005 -10"><span class='ocrx_word' id='word_1_642' title='bbox 238 2548 256 2569; x_wconf 72' lang='grc' dir='ltr'>τι</span> <span class='ocrx_word' id='word_1_643' title='bbox 270 2541 366 2576; x_wconf 82' lang='lat' dir='ltr'><strong>gratia</strong></span> <span class='ocrx_word' id='word_1_644' title='bbox 381 2541 432 2569; x_wconf 90' lang='lat' dir='ltr'><strong>Dei</strong></span> <span class='ocrx_word' id='word_1_645' title='bbox 460 2541 594 2577; x_wconf 85' lang='lat' dir='ltr'><strong>procedit</strong></span> <span class='ocrx_word' id='word_1_646' title='bbox 620 2551 626 2575; x_wconf 89' lang='lat'><strong>;</strong></span> <span class='ocrx_word' id='word_1_647' title='bbox 643 2549 703 2570; x_wconf 91' lang='lat' dir='ltr'><strong>non</strong></span> <span class='ocrx_word' id='word_1_648' title='bbox 718 2542 801 2578; x_wconf 88' lang='lat' dir='ltr'><strong>quod</strong></span> <span class='ocrx_word' id='word_1_649' title='bbox 816 2544 874 2572; x_wconf 88' lang='lat' dir='ltr'><strong>sim</strong></span> <span class='ocrx_word' id='word_1_650' title='bbox 889 2550 946 2578; x_wconf 88' lang='lat' dir='ltr'><strong>ego</strong></span> <span class='ocrx_word' id='word_1_651' title='bbox 962 2542 1012 2572; x_wconf 85' lang='lat' dir='ltr'><strong>illa</strong></span> <span class='ocrx_word' id='word_1_652' title='bbox 1026 2544 1068 2572; x_wconf 93' lang='lat' dir='ltr'><strong>di-</strong></span> 
     </span>
    </p>
   </div>
   <div class='ocr_carea' id='block_1_94' title="bbox 238 2585 1070 2625">
    <p class='ocr_par' dir='ltr' id='par_1_94' title="bbox 238 2585 1070 2625">
     <span class='ocr_line' id='line_1_94' title="bbox 238 2585 1070 2625; baseline 0.006 -13"><span class='ocrx_word' id='word_1_653' title='bbox 238 2593 325 2620; x_wconf 85' lang='lat' dir='ltr'><strong>gnus,</strong></span> <span class='ocrx_word' id='word_1_654' title='bbox 342 2585 395 2613; x_wconf 90' lang='lat' dir='ltr'><strong>sed</strong></span> <span class='ocrx_word' id='word_1_655' title='bbox 410 2585 492 2622; x_wconf 90' lang='lat' dir='ltr'><strong>quod</strong></span> <span class='ocrx_word' id='word_1_656' title='bbox 508 2585 634 2613; x_wconf 90' lang='lat' dir='ltr'><strong>dilectus</strong></span> <span class='ocrx_word' id='word_1_657' title='bbox 650 2588 694 2615; x_wconf 91' lang='lat' dir='ltr'><strong>est</strong></span> <span class='ocrx_word' id='word_1_658' title='bbox 707 2588 767 2615; x_wconf 90' lang='lat' dir='ltr'><strong>Deo</strong></span> <span class='ocrx_word' id='word_1_659' title='bbox 779 2588 910 2625; x_wconf 87' lang='lat' dir='ltr'><strong>populus</strong></span> <span class='ocrx_word' id='word_1_660' title='bbox 924 2596 1010 2617; x_wconf 89' lang='lat' dir='ltr'><strong>meus</strong></span> <span class='ocrx_word' id='word_1_661' title='bbox 1023 2597 1030 2616; x_wconf 86' lang='lat'><strong>:</strong></span> <span class='ocrx_word' id='word_1_662' title='bbox 1042 2590 1070 2617; x_wconf 88' lang='lat' dir='ltr'><strong>et</strong></span> 
     </span>
    </p>
   </div>
   <div class='ocr_carea' id='block_1_95' title="bbox 237 2629 1069 2670">
    <p class='ocr_par' dir='ltr' id='par_1_95' title="bbox 237 2629 1069 2670">
     <span class='ocr_line' id='line_1_95' title="bbox 237 2629 1069 2670; baseline 0.006 -13"><span class='ocrx_word' id='word_1_663' title='bbox 237 2633 358 2666; x_wconf 84' lang='lat' dir='ltr'><strong>propter</strong></span> <span class='ocrx_word' id='word_1_664' title='bbox 370 2637 426 2658; x_wconf 91' lang='lat' dir='ltr'><strong>nos</strong></span> <span class='ocrx_word' id='word_1_665' title='bbox 438 2637 485 2658; x_wconf 87' lang='lat' dir='ltr'><strong>me</strong></span> <span class='ocrx_word' id='word_1_666' title='bbox 495 2629 618 2658; x_wconf 86' lang='lat' dir='ltr'><strong>roborat</strong></span> <span class='ocrx_word' id='word_1_667' title='bbox 628 2632 656 2659; x_wconf 90' lang='lat' dir='ltr'><strong>et</strong></span> <span class='ocrx_word' id='word_1_668' title='bbox 670 2631 722 2660; x_wconf 86' lang='lat' dir='ltr'><strong>dat</strong></span> <span class='ocrx_word' id='word_1_669' title='bbox 731 2631 856 2661; x_wconf 91' lang='lat' dir='ltr'><strong>verbum</strong></span> <span class='ocrx_word' id='word_1_670' title='bbox 871 2633 902 2662; x_wconf 91' lang='lat' dir='ltr'><strong>in</strong></span> <span class='ocrx_word' id='word_1_671' title='bbox 917 2633 1069 2670; x_wconf 89' lang='lat' dir='ltr'><strong>apertione</strong></span> 
     </span>
    </p>
   </div>
   <div class='ocr_carea' id='block_1_96' title="bbox 276 2701 575 2735">
    <p class='ocr_par' dir='ltr' id='par_1_96' title="bbox 276 2701 575 2735">
     <span class='ocr_line' id='line_1_96' title="bbox 276 2701 575 2735; baseline 0.007 -7"><span class='ocrx_word' id='word_1_672' title='bbox 276 2701 283 2718; x_wconf 82' lang='lat'>&#39;</span> <span class='ocrx_word' id='word_1_673' title='bbox 298 2701 374 2730; x_wconf 84' lang='lat' dir='ltr'><strong>Psal.</strong></span> <span class='ocrx_word' id='word_1_674' title='bbox 388 2709 458 2735; x_wconf 81' lang='lat' dir='ltr'><strong>xvn,</strong></span> <span class='ocrx_word' id='word_1_675' title='bbox 484 2703 575 2732; x_wconf 70' lang='lat'><strong>32-34.</strong></span> 
     </span>
    </p>
   </div>
   <div class='ocr_carea' id='block_1_97' title="bbox 273 2771 633 2811">
    <p class='ocr_par' dir='ltr' id='par_1_97' title="bbox 273 2771 633 2811">
     <span class='ocr_line' id='line_1_97' title="bbox 273 2771 633 2811; baseline 0.008 -11"><span class='ocrx_word' id='word_1_676' title='bbox 273 2771 332 2808; x_wconf 86' lang='lat'><strong>(69)</strong></span> <span class='ocrx_word' id='word_1_677' title='bbox 342 2772 446 2802; x_wconf 87' lang='lat' dir='ltr'><strong>Conf.l</strong></span> <span class='ocrx_word' id='word_1_678' title='bbox 462 2775 534 2810; x_wconf 84' lang='lat' dir='ltr'><strong>Reg.</strong></span> <span class='ocrx_word' id='word_1_679' title='bbox 547 2782 575 2811; x_wconf 84' lang='grc' dir='ltr'>ιι,</span> <span class='ocrx_word' id='word_1_680' title='bbox 588 2774 633 2803; x_wconf 78' lang='lat'><strong>20.</strong></span> 
     </span>
    </p>
   </div>
   <div class='ocr_carea' id='block_1_98' title="bbox 1161 2050 1921 2090">
    <p class='ocr_par' dir='ltr' id='par_1_98' title="bbox 1161 2050 1921 2090">
     <span class='ocr_line' id='line_1_98' title="bbox 1161 2050 1921 2090; baseline 0.004 -14"><span class='ocrx_word' id='word_1_681' title='bbox 1161 2051 1198 2079; x_wconf 80' lang='lat' dir='ltr'><strong>A&#39;.</strong></span> <span class='ocrx_word' id='word_1_682' title='bbox 1225 2061 1239 2076; x_wconf 76' lang='grc' dir='ltr'>ί(</span> <span class='ocrx_word' id='word_1_683' title='bbox 1263 2052 1307 2081; x_wconf 82' lang='grc' dir='ltr'>Τίς</span> <span class='ocrx_word' id='word_1_684' title='bbox 1334 2051 1400 2082; x_wconf 79' lang='grc' dir='ltr'>Θεὸς</span> <span class='ocrx_word' id='word_1_685' title='bbox 1415 2050 1480 2080; x_wconf 83' lang='grc' dir='ltr'>πλὴν</span> <span class='ocrx_word' id='word_1_686' title='bbox 1495 2054 1540 2077; x_wconf 82' lang='grc' dir='ltr'>τοῦ</span> <span class='ocrx_word' id='word_1_687' title='bbox 1555 2052 1638 2088; x_wconf 80' lang='grc' dir='ltr'>ἡμῶν,</span> <span class='ocrx_word' id='word_1_688' title='bbox 1658 2052 1671 2077; x_wconf 85' lang='grc' dir='ltr'><strong><em>ὁ</em></strong></span> <span class='ocrx_word' id='word_1_689' title='bbox 1685 2054 1748 2082; x_wconf 80' lang='grc' dir='ltr'>Θεὸς</span> <span class='ocrx_word' id='word_1_690' title='bbox 1768 2052 1782 2078; x_wconf 86' lang='grc' dir='ltr'>ὁ</span> <span class='ocrx_word' id='word_1_691' title='bbox 1801 2053 1921 2090; x_wconf 80' lang='grc' dir='ltr'>περιζων-</span> 
     </span>
    </p>
   </div>
   <div class='ocr_carea' id='block_1_99' title="bbox 1123 2094 1918 2134">
    <p class='ocr_par' dir='ltr' id='par_1_99' title="bbox 1123 2094 1918 2134">
     <span class='ocr_line' id='line_1_99' title="bbox 1123 2094 1918 2134; baseline 0.003 -12"><span class='ocrx_word' id='word_1_692' title='bbox 1123 2097 1188 2123; x_wconf 86' lang='grc' dir='ltr'>νύων</span> <span class='ocrx_word' id='word_1_693' title='bbox 1203 2105 1235 2132; x_wconf 86' lang='grc' dir='ltr'><strong>με</strong></span> <span class='ocrx_word' id='word_1_694' title='bbox 1261 2094 1385 2131; x_wconf 61' lang='grc' dir='ltr'>δύναμιν,</span> <span class='ocrx_word' id='word_1_695' title='bbox 1410 2096 1424 2122; x_wconf 88' lang='grc' dir='ltr'><strong>ὀ</strong></span> <span class='ocrx_word' id='word_1_696' title='bbox 1445 2096 1662 2132; x_wconf 79' lang='grc' dir='ltr'>καταρτιζόμενος</span> <span class='ocrx_word' id='word_1_697' title='bbox 1690 2098 1751 2128; x_wconf 84' lang='grc' dir='ltr'>τοὺς</span> <span class='ocrx_word' id='word_1_698' title='bbox 1764 2095 1849 2127; x_wconf 81' lang='grc' dir='ltr'>πόδας</span> <span class='ocrx_word' id='word_1_699' title='bbox 1872 2107 1918 2134; x_wconf 77' lang='grc' dir='ltr'>μου</span> 
     </span>
    </p>
   </div>
   <div class='ocr_carea' id='block_1_100' title="bbox 1125 2139 1920 2177">
    <p class='ocr_par' dir='ltr' id='par_1_100' title="bbox 1125 2139 1920 2177">
     <span class='ocr_line' id='line_1_100' title="bbox 1125 2139 1920 2177; baseline 0.003 -11"><span class='ocrx_word' id='word_1_700' title='bbox 1125 2141 1186 2166; x_wconf 81' lang='grc' dir='ltr'>ὡσεὶ</span> <span class='ocrx_word' id='word_1_701' title='bbox 1201 2139 1306 2176; x_wconf 76' lang='grc' dir='ltr'>ἐλάφου,</span> <span class='ocrx_word' id='word_1_702' title='bbox 1321 2142 1366 2166; x_wconf 88' lang='grc' dir='ltr'><strong>καὶ</strong></span> <span class='ocrx_word' id='word_1_703' title='bbox 1382 2139 1422 2166; x_wconf 76' lang='grc' dir='ltr'><strong>ἐπὶ</strong></span> <span class='ocrx_word' id='word_1_704' title='bbox 1438 2141 1470 2166; x_wconf 80' lang='grc' dir='ltr'>τὰ</span> <span class='ocrx_word' id='word_1_705' title='bbox 1485 2139 1574 2176; x_wconf 78' lang='grc' dir='ltr'><strong>ὑψηλὰ</strong></span> <span class='ocrx_word' id='word_1_706' title='bbox 1596 2142 1675 2167; x_wconf 85' lang='grc' dir='ltr'>ἱστῶν</span> <span class='ocrx_word' id='word_1_707' title='bbox 1691 2150 1722 2177; x_wconf 77' lang='grc' dir='ltr'><strong>με</strong></span> <span class='ocrx_word' id='word_1_708' title='bbox 1738 2150 1745 2174; x_wconf 90' lang='grc'><strong>;</strong></span> <span class='ocrx_word' id='word_1_709' title='bbox 1771 2153 1782 2167; x_wconf 80' lang='grc' dir='ltr'><strong>ι</strong></span> <span class='ocrx_word' id='word_1_710' title='bbox 1800 2142 1878 2168; x_wconf 76' lang='grc' dir='ltr'>Πάλιν</span> <span class='ocrx_word' id='word_1_711' title='bbox 1908 2143 1920 2168; x_wconf 85' lang='grc' dir='ltr'><strong>ό</strong></span> 
     </span>
    </p>
   </div>
   <div class='ocr_carea' id='block_1_101' title="bbox 1125 2183 1919 2222">
    <p class='ocr_par' dir='ltr' id='par_1_101' title="bbox 1125 2183 1919 2222">
     <span class='ocr_line' id='line_1_101' title="bbox 1125 2183 1919 2222; baseline 0.003 -11"><span class='ocrx_word' id='word_1_712' title='bbox 1125 2183 1215 2212; x_wconf 72' lang='grc' dir='ltr'><strong>Λαυῖδ</strong></span> <span class='ocrx_word' id='word_1_713' title='bbox 1233 2186 1400 2222; x_wconf 73' lang='grc' dir='ltr'>προτρεχὲτω</span> <span class='ocrx_word' id='word_1_714' title='bbox 1427 2188 1472 2211; x_wconf 85' lang='grc' dir='ltr'>τοῦ</span> <span class='ocrx_word' id='word_1_715' title='bbox 1501 2184 1578 2221; x_wconf 76' lang='grc' dir='ltr'>λόγου</span> <span class='ocrx_word' id='word_1_716' title='bbox 1598 2187 1662 2222; x_wconf 78' lang='grc' dir='ltr'>μετὰ</span> <span class='ocrx_word' id='word_1_717' title='bbox 1676 2190 1723 2217; x_wconf 71' lang='grc' dir='ltr'>τῆς</span> <span class='ocrx_word' id='word_1_718' title='bbox 1745 2187 1868 2217; x_wconf 72' lang='grc' dir='ltr'>συνήθους</span> <span class='ocrx_word' id='word_1_719' title='bbox 1882 2197 1919 2213; x_wconf 84' lang='grc' dir='ltr'>κι-</span> 
     </span>
    </p>
   </div>
   <div class='ocr_carea' id='block_1_102' title="bbox 1124 2227 1918 2268">
    <p class='ocr_par' dir='ltr' id='par_1_102' title="bbox 1124 2227 1918 2268">
     <span class='ocr_line' id='line_1_102' title="bbox 1124 2227 1918 2268; baseline 0.005 -14"><span class='ocrx_word' id='word_1_720' title='bbox 1124 2230 1200 2265; x_wconf 81' lang='grc' dir='ltr'>νύρας</span> <span class='ocrx_word' id='word_1_721' title='bbox 1229 2231 1273 2255; x_wconf 85' lang='grc' dir='ltr'><strong>καὶ</strong></span> <span class='ocrx_word' id='word_1_722' title='bbox 1297 2233 1346 2255; x_wconf 81' lang='grc' dir='ltr'>τῶν</span> <span class='ocrx_word' id='word_1_723' title='bbox 1382 2227 1558 2266; x_wconf 70' lang='grc' dir='ltr'><strong>ἠδυφθὸγγων</strong></span> <span class='ocrx_word' id='word_1_724' title='bbox 1590 2229 1750 2268; x_wconf 73' lang='grc' dir='ltr'>μελουργιῶν</span> <span class='ocrx_word' id='word_1_725' title='bbox 1785 2231 1918 2267; x_wconf 69' lang='grc' dir='ltr'>ἐπαλείφων</span> 
     </span>
    </p>
   </div>
   <div class='ocr_carea' id='block_1_103' title="bbox 1125 2273 1918 2313">
    <p class='ocr_par' dir='ltr' id='par_1_103' title="bbox 1125 2273 1918 2313">
     <span class='ocr_line' id='line_1_103' title="bbox 1125 2273 1918 2313; baseline 0.004 -14"><span class='ocrx_word' id='word_1_726' title='bbox 1125 2274 1211 2311; x_wconf 81' lang='grc' dir='ltr'>ὥσπερ</span> <span class='ocrx_word' id='word_1_727' title='bbox 1239 2275 1268 2299; x_wconf 88' lang='grc' dir='ltr'>τὸ</span> <span class='ocrx_word' id='word_1_728' title='bbox 1296 2277 1344 2304; x_wconf 87' lang='grc' dir='ltr'>τῆς</span> <span class='ocrx_word' id='word_1_729' title='bbox 1373 2273 1465 2309; x_wconf 78' lang='grc' dir='ltr'>ψυχῆς</span> <span class='ocrx_word' id='word_1_730' title='bbox 1493 2273 1621 2310; x_wconf 79' lang='grc' dir='ltr'>ἀνειμένον</span> <span class='ocrx_word' id='word_1_731' title='bbox 1654 2275 1832 2307; x_wconf 80' lang='grc' dir='ltr'>καθυπτιάζον</span> <span class='ocrx_word' id='word_1_732' title='bbox 1860 2278 1918 2313; x_wconf 78' lang='grc' dir='ltr'>πρὸς</span> 
     </span>
    </p>
   </div>
   <div class='ocr_carea' id='block_1_104' title="bbox 1124 2316 1916 2358">
    <p class='ocr_par' dir='ltr' id='par_1_104' title="bbox 1124 2316 1916 2358">
     <span class='ocr_line' id='line_1_104' title="bbox 1124 2316 1916 2358; baseline 0.003 -14"><span class='ocrx_word' id='word_1_733' title='bbox 1124 2319 1153 2344; x_wconf 87' lang='grc' dir='ltr'>τὸ</span> <span class='ocrx_word' id='word_1_734' title='bbox 1171 2316 1280 2344; x_wconf 81' lang='grc' dir='ltr'>στάδιον</span> <span class='ocrx_word' id='word_1_735' title='bbox 1294 2321 1340 2349; x_wconf 69' lang='grc' dir='ltr'>τῆς</span> <span class='ocrx_word' id='word_1_736' title='bbox 1356 2316 1535 2349; x_wconf 75' lang='grc' dir='ltr'>διδασκαλίας</span> <span class='ocrx_word' id='word_1_737' title='bbox 1548 2321 1593 2345; x_wconf 82' lang='grc' dir='ltr'><strong>καὶ</strong></span> <span class='ocrx_word' id='word_1_738' title='bbox 1603 2320 1667 2356; x_wconf 88' lang='grc' dir='ltr'>πρὸς</span> <span class='ocrx_word' id='word_1_739' title='bbox 1681 2317 1832 2356; x_wconf 74' lang='grc' dir='ltr'>δοξολογίαν</span> <span class='ocrx_word' id='word_1_740' title='bbox 1842 2318 1916 2358; x_wconf 78' lang='grc' dir='ltr'>διερε-</span> 
     </span>
    </p>
   </div>
   <div class='ocr_carea' id='block_1_105' title="bbox 1126 2362 1913 2400">
    <p class='ocr_par' dir='ltr' id='par_1_105' title="bbox 1126 2362 1913 2400">
     <span class='ocr_line' id='line_1_105' title="bbox 1126 2362 1913 2400; baseline 0.003 -12"><span class='ocrx_word' id='word_1_741' title='bbox 1126 2362 1198 2393; x_wconf 75' lang='grc' dir='ltr'>θίζον</span> <span class='ocrx_word' id='word_1_742' title='bbox 1212 2365 1289 2396; x_wconf 81' lang='grc' dir='ltr'>Θεοῦ,</span> <span class='ocrx_word' id='word_1_743' title='bbox 1310 2366 1355 2389; x_wconf 81' lang='grc' dir='ltr'>τοῦ</span> <span class='ocrx_word' id='word_1_744' title='bbox 1380 2363 1579 2400; x_wconf 77' lang='grc' dir='ltr'>περιζωννύντος</span> <span class='ocrx_word' id='word_1_745' title='bbox 1593 2373 1625 2399; x_wconf 77' lang='grc' dir='ltr'><strong>με</strong></span> <span class='ocrx_word' id='word_1_746' title='bbox 1651 2362 1761 2400; x_wconf 79' lang='grc' dir='ltr'>δύναμιν</span> <span class='ocrx_word' id='word_1_747' title='bbox 1792 2367 1913 2400; x_wconf 68' lang='grc' dir='ltr'>γνώσεως,</span> 
     </span>
    </p>
   </div>
   <div class='ocr_carea' id='block_1_106' title="bbox 1124 2406 1915 2445">
    <p class='ocr_par' dir='ltr' id='par_1_106' title="bbox 1124 2406 1915 2445">
     <span class='ocr_line' id='line_1_106' title="bbox 1124 2406 1915 2445; baseline 0.003 -12"><span class='ocrx_word' id='word_1_748' title='bbox 1124 2409 1319 2439; x_wconf 80' lang='grc' dir='ltr'>κατοικίζοντος</span> <span class='ocrx_word' id='word_1_749' title='bbox 1350 2410 1398 2436; x_wconf 83' lang='grc' dir='ltr'>τὴν</span> <span class='ocrx_word' id='word_1_750' title='bbox 1434 2409 1536 2445; x_wconf 76' lang='grc' dir='ltr'>στείραν</span> <span class='ocrx_word' id='word_1_751' title='bbox 1569 2417 1620 2445; x_wconf 88' lang='grc' dir='ltr'><strong>μου</strong></span> <span class='ocrx_word' id='word_1_752' title='bbox 1651 2406 1768 2435; x_wconf 77' lang='grc' dir='ltr'>διάνοιαν</span> <span class='ocrx_word' id='word_1_753' title='bbox 1802 2408 1825 2435; x_wconf 72' lang='grc' dir='ltr'>ἓν</span> <span class='ocrx_word' id='word_1_754' title='bbox 1859 2412 1915 2445; x_wconf 76' lang='grc' dir='ltr'>οἴκῳ</span> 
     </span>
    </p>
   </div>
   <div class='ocr_carea' id='block_1_107' title="bbox 1124 2452 1915 2491">
    <p class='ocr_par' dir='ltr' id='par_1_107' title="bbox 1124 2452 1915 2491">
     <span class='ocr_line' id='line_1_107' title="bbox 1124 2452 1915 2491; baseline 0.003 -13"><span class='ocrx_word' id='word_1_755' title='bbox 1124 2453 1207 2487; x_wconf 80' lang='grc' dir='ltr'>τούτῳ</span> <span class='ocrx_word' id='word_1_756' title='bbox 1229 2452 1297 2489; x_wconf 79' lang='grc' dir='ltr'>ἱερῷ,</span> <span class='ocrx_word' id='word_1_757' title='bbox 1327 2454 1427 2490; x_wconf 73' lang='grc' dir='ltr'>μητέρα</span> <span class='ocrx_word' id='word_1_758' title='bbox 1444 2452 1485 2479; x_wconf 76' lang='grc' dir='ltr'><strong>ἰπὶ</strong></span> <span class='ocrx_word' id='word_1_759' title='bbox 1507 2454 1606 2484; x_wconf 77' lang='grc' dir='ltr'>τέκνοις</span> <span class='ocrx_word' id='word_1_760' title='bbox 1633 2453 1842 2491; x_wconf 57' lang='grc' dir='ltr'>εὐφραινομένων,</span> <span class='ocrx_word' id='word_1_761' title='bbox 1867 2458 1915 2484; x_wconf 82' lang='grc' dir='ltr'>τοῖς</span> 
     </span>
    </p>
   </div>
   <div class='ocr_carea' id='block_1_108' title="bbox 1125 2495 1913 2536">
    <p class='ocr_par' dir='ltr' id='par_1_108' title="bbox 1125 2495 1913 2536">
     <span class='ocr_line' id='line_1_108' title="bbox 1125 2495 1913 2536; baseline 0.003 -13"><span class='ocrx_word' id='word_1_762' title='bbox 1125 2496 1230 2523; x_wconf 75' lang='grc' dir='ltr'>αὐτόθεν</span> <span class='ocrx_word' id='word_1_763' title='bbox 1256 2498 1466 2533; x_wconf 78' lang='grc' dir='ltr'>ὰποτικτομένοις</span> <span class='ocrx_word' id='word_1_764' title='bbox 1490 2497 1578 2533; x_wconf 71' lang='grc' dir='ltr'>λόγοις</span> <span class='ocrx_word' id='word_1_765' title='bbox 1607 2495 1783 2529; x_wconf 75' lang='grc' dir='ltr'>διδακτικοίς.</span> <span class='ocrx_word' id='word_1_766' title='bbox 1809 2499 1845 2525; x_wconf 69' lang='grc' dir='ltr'><strong>Οὔ</strong></span> <span class='ocrx_word' id='word_1_767' title='bbox 1869 2501 1913 2536; x_wconf 74' lang='grc' dir='ltr'>γὰρ</span> 
     </span>
    </p>
   </div>
   <div class='ocr_carea' id='block_1_109' title="bbox 1124 2540 1913 2580">
    <p class='ocr_par' dir='ltr' id='par_1_109' title="bbox 1124 2540 1913 2580">
     <span class='ocr_line' id='line_1_109' title="bbox 1124 2540 1913 2580; baseline 0.003 -13"><span class='ocrx_word' id='word_1_768' title='bbox 1124 2541 1185 2578; x_wconf 73' lang='grc' dir='ltr'>ἐμὸν</span> <span class='ocrx_word' id='word_1_769' title='bbox 1213 2545 1288 2567; x_wconf 82' lang='grc' dir='ltr'>τοῦτο</span> <span class='ocrx_word' id='word_1_770' title='bbox 1318 2542 1484 2579; x_wconf 69' lang='grc' dir='ltr'>κατόρθωμα,</span> <span class='ocrx_word' id='word_1_771' title='bbox 1511 2540 1564 2567; x_wconf 80' lang='grc' dir='ltr'>ἀλλ’</span> <span class='ocrx_word' id='word_1_772' title='bbox 1591 2542 1647 2568; x_wconf 82' lang='grc' dir='ltr'>ὅλον</span> <span class='ocrx_word' id='word_1_773' title='bbox 1673 2546 1720 2574; x_wconf 80' lang='grc' dir='ltr'>τῆς</span> <span class='ocrx_word' id='word_1_774' title='bbox 1741 2543 1848 2580; x_wconf 80' lang='grc' dir='ltr'>χάρίτος</span> <span class='ocrx_word' id='word_1_775' title='bbox 1874 2547 1913 2569; x_wconf 74' lang='grc' dir='ltr'>τοῦ</span> 
     </span>
    </p>
   </div>
   <div class='ocr_carea' id='block_1_110' title="bbox 1125 2585 1913 2623">
    <p class='ocr_par' dir='ltr' id='par_1_110' title="bbox 1125 2585 1913 2623">
     <span class='ocr_line' id='line_1_110' title="bbox 1125 2585 1913 2623; baseline 0.003 -11"><span class='ocrx_word' id='word_1_776' title='bbox 1125 2589 1192 2612; x_wconf 76' lang='grc' dir='ltr'>θεοῦ</span> <span class='ocrx_word' id='word_1_777' title='bbox 1205 2596 1211 2602; x_wconf 73' lang='lat'><strong>~</strong></span> <span class='ocrx_word' id='word_1_778' title='bbox 1229 2586 1280 2621; x_wconf 66' lang='grc' dir='ltr'>οὐχ</span> <span class='ocrx_word' id='word_1_779' title='bbox 1295 2587 1335 2612; x_wconf 82' lang='grc' dir='ltr'>ὅτι</span> <span class='ocrx_word' id='word_1_780' title='bbox 1350 2586 1420 2618; x_wconf 76' lang='grc' dir='ltr'>ἄξιος</span> <span class='ocrx_word' id='word_1_781' title='bbox 1435 2587 1530 2617; x_wconf 80' lang='grc' dir='ltr'>ταύτης</span> <span class='ocrx_word' id='word_1_782' title='bbox 1555 2585 1615 2623; x_wconf 74' lang='grc' dir='ltr'><strong>ἐγὼ,</strong></span> <span class='ocrx_word' id='word_1_783' title='bbox 1640 2586 1694 2612; x_wconf 79' lang='grc' dir='ltr'>ἀλλ’</span> <span class='ocrx_word' id='word_1_784' title='bbox 1721 2587 1761 2613; x_wconf 85' lang='grc' dir='ltr'>ὃτι</span> <span class='ocrx_word' id='word_1_785' title='bbox 1790 2587 1913 2623; x_wconf 68' lang='grc' dir='ltr'>ἀγαπητός</span> 
     </span>
    </p>
   </div>
   <div class='ocr_carea' id='block_1_111' title="bbox 1124 2629 1910 2668">
    <p class='ocr_par' dir='ltr' id='par_1_111' title="bbox 1124 2629 1910 2668">
     <span class='ocr_line' id='line_1_111' title="bbox 1124 2629 1910 2668; baseline 0.003 -12"><span class='ocrx_word' id='word_1_786' title='bbox 1124 2631 1137 2657; x_wconf 85' lang='grc' dir='ltr'><strong>ό</strong></span> <span class='ocrx_word' id='word_1_787' title='bbox 1150 2630 1211 2667; x_wconf 86' lang='grc' dir='ltr'>ἐμὸς</span> <span class='ocrx_word' id='word_1_788' title='bbox 1224 2630 1285 2662; x_wconf 83' lang='grc' dir='ltr'>λαὸς</span> <span class='ocrx_word' id='word_1_789' title='bbox 1298 2634 1335 2666; x_wconf 86' lang='grc' dir='ltr'>τῷ</span> <span class='ocrx_word' id='word_1_790' title='bbox 1350 2634 1418 2667; x_wconf 77' lang='grc' dir='ltr'><strong>Θιῷ,</strong></span> <span class='ocrx_word' id='word_1_791' title='bbox 1443 2633 1488 2657; x_wconf 83' lang='grc' dir='ltr'>καὶ</span> <span class='ocrx_word' id='word_1_792' title='bbox 1517 2629 1555 2658; x_wconf 82' lang='grc' dir='ltr'><strong>δι’</strong></span> <span class='ocrx_word' id='word_1_793' title='bbox 1582 2632 1651 2668; x_wconf 76' lang='grc' dir='ltr'>ἡμᾶς</span> <span class='ocrx_word' id='word_1_794' title='bbox 1675 2630 1718 2668; x_wconf 66' lang='grc' dir='ltr'>ἔμε</span> <span class='ocrx_word' id='word_1_795' title='bbox 1740 2629 1860 2668; x_wconf 79' lang='grc' dir='ltr'>δυναμοί,</span> <span class='ocrx_word' id='word_1_796' title='bbox 1873 2635 1910 2658; x_wconf 67' lang='grc' dir='ltr'>καὶ</span> 
     </span>
    </p>
   </div>
  </div>
